,last,ask1,asize1,bid1,bsize1,oi,volume
2021-01-05 09:25:00.080,,0.037,1.0,0.0346,1.0,11017.0,
2021-01-05 09:30:00.451,,0.0371,1.0,0.0346,1.0,11017.0,
2021-01-05 09:30:00.991,0.0371,0.0394,1.0,0.0371,1.0,11017.0,1.0
2021-01-05 09:30:01.481,0.0371,0.0394,1.0,0.037,1.0,11017.0,1.0
2021-01-05 09:30:02.011,0.0371,0.0394,21.0,0.037,21.0,11017.0,1.0
2021-01-05 09:30:02.440,0.0371,0.0394,20.0,0.037,21.0,11017.0,1.0
2021-01-05 09:30:03.010,0.0371,0.0399,20.0,0.037,21.0,11017.0,1.0
2021-01-05 09:30:03.471,0.0371,0.0398,20.0,0.037,21.0,11017.0,1.0
2021-01-05 09:30:03.980,0.0371,0.0395,20.0,0.037,1.0,11017.0,1.0
2021-01-05 09:30:04.430,0.0371,0.0396,20.0,0.037,21.0,11017.0,1.0
2021-01-05 09:30:05.010,0.0371,0.0398,20.0,0.037,21.0,11017.0,1.0
2021-01-05 09:30:05.990,0.0371,0.045,1.0,0.037,1.0,11017.0,1.0
2021-01-05 09:30:06.480,0.0371,0.0402,20.0,0.037,21.0,11017.0,1.0
2021-01-05 09:30:06.971,0.0371,0.0405,20.0,0.037,21.0,11017.0,1.0
2021-01-05 09:30:13.000,0.0371,0.0403,20.0,0.037,21.0,11017.0,1.0
2021-01-05 09:30:13.501,0.0371,0.0402,20.0,0.037,21.0,11017.0,1.0
2021-01-05 09:30:14.521,0.0371,0.0403,20.0,0.037,21.0,11017.0,1.0
2021-01-05 09:30:15.520,0.0371,0.0402,20.0,0.037,21.0,11017.0,1.0
2021-01-05 09:30:15.991,0.0371,0.0403,20.0,0.037,21.0,11017.0,1.0
2021-01-05 09:30:17.021,0.0371,0.0401,20.0,0.037,21.0,11017.0,1.0
2021-01-05 09:30:18.231,0.0371,0.0401,20.0,0.037,1.0,11017.0,1.0
2021-01-05 09:30:18.750,0.0371,0.0399,20.0,0.037,21.0,11017.0,1.0
2021-01-05 09:30:19.251,0.0371,0.0398,20.0,0.037,21.0,11017.0,1.0
2021-01-05 09:30:20.740,0.0371,0.04,20.0,0.037,21.0,11017.0,1.0
2021-01-05 09:30:21.241,0.0371,0.04,20.0,0.037,21.0,11017.0,1.0
2021-01-05 09:30:22.240,0.0371,0.0402,20.0,0.037,21.0,11017.0,1.0
2021-01-05 09:30:22.671,0.0371,0.0401,20.0,0.037,21.0,11017.0,1.0
2021-01-05 09:30:23.670,0.0371,0.0402,20.0,0.037,21.0,11017.0,1.0
2021-01-05 09:30:24.161,0.0371,0.0371,1.0,0.037,21.0,11017.0,1.0
2021-01-05 09:30:24.661,0.0371,0.0392,20.0,0.037,21.0,11016.0,2.0
2021-01-05 09:30:25.160,0.0371,0.0404,20.0,0.037,21.0,11016.0,2.0
2021-01-05 09:30:26.670,0.0371,0.0403,20.0,0.037,21.0,11016.0,2.0
2021-01-05 09:30:30.620,0.0371,0.0402,20.0,0.037,21.0,11016.0,2.0
2021-01-05 09:30:31.661,0.0371,0.0401,20.0,0.037,21.0,11016.0,2.0
2021-01-05 09:30:32.631,0.0371,0.04,20.0,0.037,21.0,11016.0,2.0
2021-01-05 09:30:33.171,0.0371,0.04,20.0,0.037,21.0,11016.0,2.0
2021-01-05 09:30:33.671,0.0371,0.04,20.0,0.037,21.0,11016.0,2.0
2021-01-05 09:30:36.170,0.0371,0.0401,20.0,0.037,21.0,11016.0,2.0
2021-01-05 09:30:36.691,0.0371,0.04,20.0,0.037,21.0,11016.0,2.0
2021-01-05 09:30:39.680,0.0371,0.0401,20.0,0.037,21.0,11016.0,2.0
2021-01-05 09:30:40.690,0.0371,0.04,20.0,0.037,21.0,11016.0,2.0
2021-01-05 09:30:42.671,0.0371,0.0399,20.0,0.037,21.0,11016.0,2.0
2021-01-05 09:30:43.520,0.0371,0.0399,30.0,0.037,31.0,11016.0,2.0
2021-01-05 09:30:44.181,0.0371,0.0398,20.0,0.037,31.0,11016.0,2.0
2021-01-05 09:30:46.200,0.0371,0.0397,20.0,0.037,31.0,11016.0,2.0
2021-01-05 09:30:47.691,0.0371,0.0396,20.0,0.037,31.0,11016.0,2.0
2021-01-05 09:30:48.711,0.037,0.0397,20.0,0.037,26.0,11017.0,7.0
2021-01-05 09:30:49.210,0.037,0.0397,20.0,0.037,30.0,11017.0,7.0
2021-01-05 09:30:49.700,0.037,0.0396,20.0,0.037,30.0,11017.0,7.0
2021-01-05 09:30:50.720,0.037,0.0397,20.0,0.037,30.0,11017.0,7.0
2021-01-05 09:30:51.181,0.037,0.0396,20.0,0.037,30.0,11017.0,7.0
2021-01-05 09:30:51.721,0.037,0.0397,20.0,0.037,30.0,11017.0,7.0
2021-01-05 09:30:52.221,0.037,0.0397,20.0,0.0396,1.0,11017.0,7.0
2021-01-05 09:30:52.651,0.0381,0.0397,30.0,0.038,10.0,11019.0,9.0
2021-01-05 09:30:53.120,0.0381,0.0397,30.0,0.0377,10.0,11019.0,9.0
2021-01-05 09:30:55.081,0.0381,0.0395,20.0,0.0377,10.0,11019.0,9.0
2021-01-05 09:30:55.671,0.0381,0.0395,30.0,0.0377,10.0,11019.0,9.0
2021-01-05 09:31:00.161,0.0381,0.0388,10.0,0.0374,10.0,11019.0,9.0
2021-01-05 09:31:00.681,0.0381,0.0388,40.0,0.0375,1.0,11019.0,9.0
2021-01-05 09:31:01.140,0.0381,0.0388,40.0,0.0375,1.0,11019.0,9.0
2021-01-05 09:31:02.170,0.0381,0.0388,20.0,0.0375,11.0,11019.0,9.0
2021-01-05 09:31:02.681,0.0381,0.0388,40.0,0.0375,1.0,11019.0,9.0
2021-01-05 09:31:03.680,0.0381,0.0388,40.0,0.0372,1.0,11019.0,9.0
2021-01-05 09:31:04.671,0.0381,0.0388,40.0,0.0372,1.0,11019.0,9.0
2021-01-05 09:31:05.670,0.0381,0.0388,40.0,0.037,1.0,11019.0,9.0
2021-01-05 09:31:06.160,0.0381,0.0388,40.0,0.037,1.0,11019.0,9.0
2021-01-05 09:31:06.681,0.0381,0.0388,40.0,0.037,1.0,11019.0,9.0
2021-01-05 09:31:07.190,0.0381,0.0388,40.0,0.037,1.0,11019.0,9.0
2021-01-05 09:31:08.650,0.0381,0.0388,40.0,0.037,1.0,11019.0,9.0
2021-01-05 09:31:10.200,0.0381,0.0387,1.0,0.037,1.0,11019.0,9.0
2021-01-05 09:31:11.701,0.0381,0.0387,1.0,0.037,21.0,11019.0,9.0
2021-01-05 09:31:14.200,0.0381,0.0387,1.0,0.0371,1.0,11019.0,9.0
2021-01-05 09:31:14.690,0.0381,0.0387,11.0,0.0371,11.0,11019.0,9.0
2021-01-05 09:31:16.180,0.0381,0.0387,11.0,0.0372,1.0,11019.0,9.0
2021-01-05 09:31:17.201,0.0381,0.0387,11.0,0.0372,1.0,11019.0,9.0
2021-01-05 09:31:19.150,0.0381,0.0387,11.0,0.0372,1.0,11019.0,9.0
2021-01-05 09:31:19.721,0.0381,0.0387,31.0,0.0372,1.0,11019.0,9.0
2021-01-05 09:31:20.171,0.0381,0.0387,31.0,0.037,1.0,11019.0,9.0
2021-01-05 09:31:20.701,0.0381,0.0381,1.0,0.037,1.0,11019.0,9.0
2021-01-05 09:31:21.221,0.0381,0.0381,11.0,0.037,1.0,11019.0,9.0
2021-01-05 09:31:21.671,0.0381,0.0381,31.0,0.037,1.0,11019.0,9.0
2021-01-05 09:31:22.211,0.0381,0.0381,30.0,0.037,1.0,11018.0,11.0
2021-01-05 09:31:22.620,0.0381,0.0381,30.0,0.0368,1.0,11018.0,11.0
2021-01-05 09:31:23.171,0.0381,0.0381,40.0,0.0368,1.0,11018.0,11.0
2021-01-05 09:31:24.161,0.0381,0.0381,40.0,0.0368,1.0,11018.0,11.0
2021-01-05 09:31:24.660,0.0381,0.038,10.0,0.0368,1.0,11018.0,11.0
2021-01-05 09:31:25.640,0.0381,0.038,10.0,0.0368,1.0,11018.0,11.0
2021-01-05 09:31:26.101,0.0381,0.038,10.0,0.0368,1.0,11018.0,11.0
2021-01-05 09:31:27.171,0.0381,0.038,20.0,0.0368,1.0,11018.0,11.0
2021-01-05 09:31:27.601,0.0381,0.038,20.0,0.0368,1.0,11018.0,11.0
2021-01-05 09:31:28.610,0.0381,0.038,20.0,0.0368,1.0,11018.0,11.0
2021-01-05 09:31:29.171,0.0381,0.038,20.0,0.0368,1.0,11018.0,11.0
2021-01-05 09:31:30.671,0.0381,0.038,20.0,0.0368,1.0,11018.0,11.0
2021-01-05 09:31:31.150,0.0381,0.038,20.0,0.0368,1.0,11018.0,11.0
2021-01-05 09:31:32.191,0.0381,0.038,20.0,0.0368,1.0,11018.0,11.0
2021-01-05 09:31:34.681,0.0381,0.038,10.0,0.0368,1.0,11018.0,11.0
2021-01-05 09:31:35.190,0.0381,0.038,10.0,0.0368,1.0,11018.0,11.0
2021-01-05 09:31:35.651,0.0381,0.038,10.0,0.0368,1.0,11018.0,11.0
2021-01-05 09:31:36.181,0.0381,0.0379,3.0,0.0368,1.0,11018.0,11.0
2021-01-05 09:31:36.690,0.0381,0.0379,23.0,0.0368,1.0,11018.0,11.0
2021-01-05 09:31:37.191,0.0381,0.0379,23.0,0.0368,1.0,11018.0,11.0
2021-01-05 09:31:38.190,0.0381,0.0379,23.0,0.0368,1.0,11018.0,11.0
2021-01-05 09:31:38.690,0.0381,0.0379,23.0,0.0368,1.0,11018.0,11.0
2021-01-05 09:31:39.210,0.0381,0.0379,23.0,0.0368,1.0,11018.0,11.0
2021-01-05 09:31:39.710,0.0381,0.0379,23.0,0.0368,1.0,11018.0,11.0
2021-01-05 09:31:39.921,0.0381,0.0379,23.0,0.0368,1.0,11018.0,11.0
2021-01-05 09:31:40.711,0.0381,0.0379,23.0,0.0368,1.0,11018.0,11.0
2021-01-05 09:31:41.191,0.0381,0.0379,3.0,0.0368,1.0,11018.0,11.0
2021-01-05 09:31:41.691,0.0381,0.0376,10.0,0.0368,1.0,11018.0,11.0
2021-01-05 09:31:42.211,0.0381,0.0375,3.0,0.0368,1.0,11018.0,11.0
2021-01-05 09:31:42.711,0.0381,0.0375,33.0,0.0368,1.0,11018.0,11.0
2021-01-05 09:31:43.191,0.0381,0.0375,33.0,0.0368,1.0,11018.0,11.0
2021-01-05 09:31:44.691,0.0381,0.0375,13.0,0.0368,1.0,11018.0,11.0
2021-01-05 09:31:45.170,0.0381,0.0375,13.0,0.0368,11.0,11018.0,11.0
2021-01-05 09:31:45.700,0.0381,0.0375,13.0,0.0368,1.0,11018.0,11.0
2021-01-05 09:31:46.011,0.0381,0.0375,33.0,0.0368,1.0,11018.0,11.0
2021-01-05 09:31:46.701,0.0381,0.0375,33.0,0.0368,1.0,11018.0,11.0
2021-01-05 09:31:47.191,0.0381,0.0375,33.0,0.0368,1.0,11018.0,11.0
2021-01-05 09:31:47.690,0.0381,0.0375,33.0,0.0368,1.0,11018.0,11.0
2021-01-05 09:31:48.211,0.0381,0.0375,33.0,0.0368,1.0,11018.0,11.0
2021-01-05 09:31:48.691,0.0381,0.0375,33.0,0.0367,1.0,11018.0,11.0
2021-01-05 09:31:49.711,0.0381,0.0375,33.0,0.0367,1.0,11018.0,11.0
2021-01-05 09:31:50.191,0.0381,0.0375,33.0,0.0367,1.0,11018.0,11.0
2021-01-05 09:31:50.710,0.0381,0.0375,33.0,0.0366,1.0,11018.0,11.0
2021-01-05 09:31:51.210,0.0381,0.0375,33.0,0.0366,1.0,11018.0,11.0
2021-01-05 09:31:51.701,0.0381,0.0375,33.0,0.0366,1.0,11018.0,11.0
2021-01-05 09:31:52.220,0.0381,0.0374,3.0,0.0366,1.0,11018.0,11.0
2021-01-05 09:31:52.621,0.0381,0.0374,33.0,0.0366,11.0,11018.0,11.0
2021-01-05 09:31:52.960,0.0381,0.0374,33.0,0.0366,11.0,11018.0,11.0
2021-01-05 09:31:53.640,0.0381,0.0374,33.0,0.0366,11.0,11018.0,11.0
2021-01-05 09:31:54.151,0.0381,0.0372,10.0,0.0366,1.0,11018.0,11.0
2021-01-05 09:31:54.641,0.0381,0.0371,3.0,0.0366,1.0,11018.0,11.0
2021-01-05 09:31:55.090,0.0381,0.0371,23.0,0.0366,1.0,11018.0,11.0
2021-01-05 09:31:55.670,0.0381,0.0371,23.0,0.0366,1.0,11018.0,11.0
2021-01-05 09:31:56.681,0.0381,0.0371,23.0,0.0366,1.0,11018.0,11.0
2021-01-05 09:31:57.171,0.0381,0.0371,23.0,0.0365,1.0,11018.0,11.0
2021-01-05 09:31:58.171,0.0381,0.0371,23.0,0.0365,1.0,11018.0,11.0
2021-01-05 09:31:58.640,0.0381,0.0371,23.0,0.0365,1.0,11018.0,11.0
2021-01-05 09:31:59.660,0.0381,0.0371,23.0,0.0364,1.0,11018.0,11.0
2021-01-05 09:32:00.150,0.0381,0.0371,23.0,0.0364,1.0,11018.0,11.0
2021-01-05 09:32:00.650,0.0381,0.0371,23.0,0.0364,1.0,11018.0,11.0
2021-01-05 09:32:01.170,0.0381,0.0371,23.0,0.0364,1.0,11018.0,11.0
2021-01-05 09:32:01.670,0.0381,0.0371,23.0,0.0364,1.0,11018.0,11.0
2021-01-05 09:32:02.171,0.0381,0.0371,23.0,0.0364,1.0,11018.0,11.0
2021-01-05 09:32:02.671,0.0381,0.0371,23.0,0.0364,1.0,11018.0,11.0
2021-01-05 09:32:03.180,0.0381,0.0371,13.0,0.0364,1.0,11018.0,11.0
2021-01-05 09:32:03.641,0.0381,0.0371,13.0,0.0363,1.0,11018.0,11.0
2021-01-05 09:32:04.090,0.0381,0.0371,13.0,0.0365,10.0,11018.0,11.0
2021-01-05 09:32:04.661,0.0381,0.037,3.0,0.0363,1.0,11018.0,11.0
2021-01-05 09:32:05.141,0.0381,0.037,13.0,0.0363,1.0,11018.0,11.0
2021-01-05 09:32:05.660,0.0381,0.037,13.0,0.0363,1.0,11018.0,11.0
2021-01-05 09:32:06.161,0.0381,0.037,13.0,0.0363,1.0,11018.0,11.0
2021-01-05 09:32:06.680,0.0381,0.037,13.0,0.0363,1.0,11018.0,11.0
2021-01-05 09:32:07.070,0.0381,0.037,13.0,0.0363,1.0,11018.0,11.0
2021-01-05 09:32:07.671,0.0381,0.037,13.0,0.0363,1.0,11018.0,11.0
2021-01-05 09:32:08.100,0.0381,0.037,13.0,0.0363,1.0,11018.0,11.0
2021-01-05 09:32:08.670,0.0381,0.037,13.0,0.0363,1.0,11018.0,11.0
2021-01-05 09:32:09.141,0.0381,0.037,13.0,0.0363,1.0,11018.0,11.0
2021-01-05 09:32:09.681,0.0381,0.037,13.0,0.0363,1.0,11018.0,11.0
2021-01-05 09:32:10.630,0.0381,0.037,13.0,0.0363,1.0,11018.0,11.0
2021-01-05 09:32:11.170,0.0381,0.037,13.0,0.0363,1.0,11018.0,11.0
2021-01-05 09:32:11.650,0.0381,0.037,13.0,0.0363,1.0,11018.0,11.0
2021-01-05 09:32:12.161,0.0381,0.037,13.0,0.0363,1.0,11018.0,11.0
2021-01-05 09:32:12.670,0.0381,0.037,13.0,0.0363,1.0,11018.0,11.0
2021-01-05 09:32:13.171,0.0381,0.037,13.0,0.0363,11.0,11018.0,11.0
2021-01-05 09:32:13.680,0.0381,0.037,13.0,0.0363,1.0,11018.0,11.0
2021-01-05 09:32:14.180,0.0381,0.037,13.0,0.0363,11.0,11018.0,11.0
2021-01-05 09:32:14.660,0.0381,0.037,13.0,0.0363,11.0,11018.0,11.0
2021-01-05 09:32:15.171,0.0381,0.037,13.0,0.0363,11.0,11018.0,11.0
2021-01-05 09:32:15.671,0.0381,0.037,13.0,0.0363,11.0,11018.0,11.0
2021-01-05 09:32:16.151,0.0381,0.037,13.0,0.0364,1.0,11018.0,11.0
2021-01-05 09:32:16.551,0.0381,0.037,13.0,0.0364,1.0,11018.0,11.0
2021-01-05 09:32:17.161,0.0381,0.037,13.0,0.0364,1.0,11018.0,11.0
2021-01-05 09:32:17.651,0.0381,0.037,33.0,0.0364,1.0,11018.0,11.0
2021-01-05 09:32:18.130,0.0381,0.037,33.0,0.0364,1.0,11018.0,11.0
2021-01-05 09:32:18.660,0.0381,0.037,33.0,0.0364,1.0,11018.0,11.0
2021-01-05 09:32:20.671,0.0381,0.037,13.0,0.0363,1.0,11018.0,11.0
2021-01-05 09:32:21.680,0.0381,0.037,3.0,0.0363,1.0,11018.0,11.0
2021-01-05 09:32:22.181,0.0381,0.037,13.0,0.0363,1.0,11018.0,11.0
2021-01-05 09:32:22.660,0.0381,0.037,13.0,0.0366,10.0,11018.0,11.0
2021-01-05 09:32:23.180,0.0381,0.037,3.0,0.0366,10.0,11018.0,11.0
2021-01-05 09:32:24.160,0.0381,0.037,3.0,0.0366,10.0,11018.0,11.0
2021-01-05 09:32:25.170,0.0381,0.037,3.0,0.0367,1.0,11018.0,11.0
2021-01-05 09:32:25.670,0.0381,0.037,3.0,0.0367,1.0,11018.0,11.0
2021-01-05 09:32:26.171,0.0381,0.037,3.0,0.0367,1.0,11018.0,11.0
2021-01-05 09:32:26.650,0.0381,0.037,3.0,0.0367,1.0,11018.0,11.0
2021-01-05 09:32:27.151,0.0381,0.037,3.0,0.0365,1.0,11018.0,11.0
2021-01-05 09:32:27.641,0.0381,0.037,23.0,0.0365,1.0,11018.0,11.0
2021-01-05 09:32:28.171,0.0381,0.037,23.0,0.0365,1.0,11018.0,11.0
2021-01-05 09:32:28.630,0.0381,0.037,23.0,0.0365,1.0,11018.0,11.0
2021-01-05 09:32:29.180,0.0381,0.037,13.0,0.0363,11.0,11018.0,11.0
2021-01-05 09:32:29.650,0.0381,0.037,13.0,0.0363,11.0,11018.0,11.0
2021-01-05 09:32:30.671,0.0381,0.037,13.0,0.0363,11.0,11018.0,11.0
2021-01-05 09:32:31.151,0.0381,0.037,13.0,0.0364,1.0,11018.0,11.0
2021-01-05 09:32:31.691,0.0381,0.0369,3.0,0.0364,1.0,11018.0,11.0
2021-01-05 09:32:32.121,0.0381,0.0369,3.0,0.0364,1.0,11018.0,11.0
2021-01-05 09:32:33.671,0.0381,0.0369,3.0,0.0363,1.0,11018.0,11.0
2021-01-05 09:32:34.171,0.0381,0.0369,13.0,0.0363,1.0,11018.0,11.0
2021-01-05 09:32:34.691,0.0381,0.0369,13.0,0.0363,1.0,11018.0,11.0
2021-01-05 09:32:35.671,0.0381,0.0369,13.0,0.0362,1.0,11018.0,11.0
2021-01-05 09:32:36.190,0.0381,0.0369,13.0,0.0362,1.0,11018.0,11.0
2021-01-05 09:32:36.691,0.0381,0.0369,13.0,0.0362,1.0,11018.0,11.0
2021-01-05 09:32:38.190,0.0381,0.0369,13.0,0.0362,1.0,11018.0,11.0
2021-01-05 09:32:39.630,0.0381,0.0369,13.0,0.0362,1.0,11018.0,11.0
2021-01-05 09:32:41.640,0.0381,0.0364,1.0,0.0362,1.0,11018.0,11.0
2021-01-05 09:32:42.151,0.0364,0.0367,10.0,0.0362,1.0,11019.0,12.0
2021-01-05 09:32:42.201,0.0364,0.0368,13.0,0.0362,1.0,11019.0,12.0
2021-01-05 09:32:43.121,0.0364,0.0368,13.0,0.0362,1.0,11019.0,12.0
2021-01-05 09:32:43.321,0.0364,0.0368,13.0,0.0362,1.0,11019.0,12.0
2021-01-05 09:32:44.151,0.0364,0.0368,13.0,0.0361,1.0,11019.0,12.0
2021-01-05 09:32:44.700,0.0364,0.0368,13.0,0.0361,1.0,11019.0,12.0
2021-01-05 09:32:45.580,0.0364,0.0368,13.0,0.0361,21.0,11019.0,12.0
2021-01-05 09:32:46.160,0.0364,0.0368,13.0,0.0362,1.0,11019.0,12.0
2021-01-05 09:32:46.610,0.0364,0.0368,13.0,0.0362,1.0,11019.0,12.0
2021-01-05 09:32:47.201,0.0364,0.0368,13.0,0.0362,1.0,11019.0,12.0
2021-01-05 09:32:47.701,0.0364,0.0368,13.0,0.0362,1.0,11019.0,12.0
2021-01-05 09:32:48.181,0.0364,0.0368,13.0,0.0361,1.0,11019.0,12.0
2021-01-05 09:32:48.690,0.0364,0.0368,13.0,0.0361,1.0,11019.0,12.0
2021-01-05 09:32:49.190,0.0364,0.0368,13.0,0.0361,1.0,11019.0,12.0
2021-01-05 09:32:49.670,0.0364,0.0368,13.0,0.0361,1.0,11019.0,12.0
2021-01-05 09:32:50.171,0.0364,0.0368,33.0,0.0359,10.0,11019.0,12.0
2021-01-05 09:32:50.650,0.0364,0.0368,13.0,0.0361,1.0,11019.0,12.0
2021-01-05 09:32:51.170,0.0364,0.0368,3.0,0.0361,11.0,11019.0,12.0
2021-01-05 09:32:51.701,0.0364,0.0367,3.0,0.0361,11.0,11019.0,12.0
2021-01-05 09:32:52.191,0.0364,0.0367,3.0,0.0361,11.0,11019.0,12.0
2021-01-05 09:32:52.521,0.0364,0.0367,3.0,0.0362,1.0,11019.0,12.0
2021-01-05 09:32:53.161,0.0364,0.0367,3.0,0.0362,1.0,11019.0,12.0
2021-01-05 09:32:53.641,0.0364,0.0367,3.0,0.0362,1.0,11019.0,12.0
2021-01-05 09:32:54.181,0.0364,0.0367,3.0,0.0362,1.0,11019.0,12.0
2021-01-05 09:32:54.651,0.0364,0.0367,3.0,0.0362,1.0,11019.0,12.0
2021-01-05 09:32:55.670,0.0364,0.0367,3.0,0.0362,1.0,11019.0,12.0
2021-01-05 09:32:56.021,0.0364,0.0367,3.0,0.0362,1.0,11019.0,12.0
2021-01-05 09:32:56.611,0.0364,0.0367,3.0,0.0362,1.0,11019.0,12.0
2021-01-05 09:32:57.151,0.0364,0.0367,3.0,0.0362,1.0,11019.0,12.0
2021-01-05 09:32:57.600,0.0364,0.0367,3.0,0.0362,1.0,11019.0,12.0
2021-01-05 09:32:58.171,0.0364,0.0367,3.0,0.0362,1.0,11019.0,12.0
2021-01-05 09:32:59.621,0.0364,0.0367,3.0,0.0362,1.0,11019.0,12.0
2021-01-05 09:33:00.180,0.0364,0.0367,3.0,0.0362,11.0,11019.0,12.0
2021-01-05 09:33:00.651,0.0364,0.0367,3.0,0.0363,1.0,11019.0,12.0
2021-01-05 09:33:01.081,0.0364,0.0367,3.0,0.0363,1.0,11019.0,12.0
2021-01-05 09:33:01.661,0.0364,0.0367,3.0,0.0363,1.0,11019.0,12.0
2021-01-05 09:33:02.130,0.0364,0.0367,3.0,0.0363,1.0,11019.0,12.0
2021-01-05 09:33:02.651,0.0364,0.0367,3.0,0.0363,1.0,11019.0,12.0
2021-01-05 09:33:03.091,0.0369,0.0369,9.0,0.0363,10.0,11019.0,13.0
2021-01-05 09:33:03.681,0.0369,0.037,3.0,0.0363,20.0,11019.0,13.0
2021-01-05 09:33:04.140,0.0369,0.037,3.0,0.0363,10.0,11019.0,13.0
2021-01-05 09:33:04.190,0.0369,0.037,13.0,0.0363,10.0,11019.0,13.0
2021-01-05 09:33:05.181,0.037,0.037,12.0,0.0364,1.0,11019.0,14.0
2021-01-05 09:33:05.690,0.037,0.0371,10.0,0.0364,1.0,11019.0,15.0
2021-01-05 09:33:06.170,0.037,0.0371,10.0,0.0364,21.0,11019.0,15.0
2021-01-05 09:33:07.171,0.037,0.0372,10.0,0.0365,1.0,11019.0,15.0
2021-01-05 09:33:07.601,0.037,0.0372,10.0,0.0365,1.0,11019.0,15.0
2021-01-05 09:33:08.191,0.037,0.0372,3.0,0.0365,1.0,11019.0,15.0
2021-01-05 09:33:08.681,0.037,0.0372,3.0,0.0365,1.0,11019.0,15.0
2021-01-05 09:33:09.181,0.037,0.0372,33.0,0.0364,11.0,11019.0,15.0
2021-01-05 09:33:09.630,0.037,0.0372,13.0,0.0364,11.0,11019.0,15.0
2021-01-05 09:33:10.180,0.037,0.0372,13.0,0.0364,1.0,11019.0,15.0
2021-01-05 09:33:10.681,0.0364,0.0372,10.0,0.0364,20.0,11020.0,16.0
2021-01-05 09:33:11.180,0.0364,0.0372,10.0,0.0364,10.0,11020.0,16.0
2021-01-05 09:33:11.670,0.0364,0.0372,10.0,0.0363,30.0,11020.0,16.0
2021-01-05 09:33:12.181,0.0364,0.0372,10.0,0.0363,30.0,11020.0,16.0
2021-01-05 09:33:12.650,0.0364,0.0372,10.0,0.0363,30.0,11020.0,16.0
2021-01-05 09:33:13.100,0.0364,0.0372,30.0,0.0363,10.0,11020.0,16.0
2021-01-05 09:33:13.691,0.0364,0.0372,10.0,0.0363,30.0,11020.0,16.0
2021-01-05 09:33:14.160,0.0364,0.0372,10.0,0.0363,10.0,11020.0,16.0
2021-01-05 09:33:14.650,0.0364,0.0372,10.0,0.0366,10.0,11020.0,16.0
2021-01-05 09:33:15.140,0.0364,0.0372,10.0,0.0366,10.0,11020.0,16.0
2021-01-05 09:33:15.651,0.0364,0.0372,10.0,0.0366,10.0,11020.0,16.0
2021-01-05 09:33:16.181,0.0364,0.0372,10.0,0.0368,10.0,11020.0,16.0
2021-01-05 09:33:16.671,0.0364,0.0373,10.0,0.0368,10.0,11020.0,16.0
2021-01-05 09:33:17.190,0.0364,0.0373,10.0,0.0368,10.0,11020.0,16.0
2021-01-05 09:33:18.160,0.0364,0.0376,30.0,0.0368,10.0,11020.0,16.0
2021-01-05 09:33:18.680,0.0364,0.0376,40.0,0.0368,10.0,11020.0,16.0
2021-01-05 09:33:19.191,0.0364,0.0376,40.0,0.0368,20.0,11020.0,16.0
2021-01-05 09:33:19.591,0.0364,0.0376,40.0,0.0368,10.0,11020.0,16.0
2021-01-05 09:33:19.950,0.0364,0.0376,40.0,0.0368,20.0,11020.0,16.0
2021-01-05 09:33:20.680,0.0364,0.0376,40.0,0.0368,10.0,11020.0,16.0
2021-01-05 09:33:21.160,0.0364,0.0376,40.0,0.0368,20.0,11020.0,16.0
2021-01-05 09:33:21.681,0.0364,0.0376,40.0,0.0368,10.0,11020.0,16.0
2021-01-05 09:33:22.150,0.0364,0.0376,40.0,0.0368,10.0,11020.0,16.0
2021-01-05 09:33:22.670,0.0364,0.0376,20.0,0.0368,10.0,11020.0,16.0
2021-01-05 09:33:23.151,0.0364,0.0376,20.0,0.0368,20.0,11020.0,16.0
2021-01-05 09:33:23.660,0.0364,0.0376,20.0,0.0368,20.0,11020.0,16.0
2021-01-05 09:33:24.171,0.0364,0.0376,40.0,0.0368,20.0,11020.0,16.0
2021-01-05 09:33:24.661,0.0364,0.0376,20.0,0.0368,20.0,11020.0,16.0
2021-01-05 09:33:25.151,0.0364,0.0376,40.0,0.0368,20.0,11020.0,16.0
2021-01-05 09:33:25.671,0.0364,0.0376,40.0,0.0368,10.0,11020.0,16.0
2021-01-05 09:33:26.161,0.0364,0.0376,40.0,0.0368,10.0,11020.0,16.0
2021-01-05 09:33:26.651,0.0364,0.0376,57.0,0.0368,10.0,11020.0,16.0
2021-01-05 09:33:27.171,0.0364,0.0376,23.0,0.0368,10.0,11020.0,16.0
2021-01-05 09:33:27.681,0.0364,0.0376,23.0,0.0368,10.0,11020.0,16.0
2021-01-05 09:33:28.180,0.0364,0.0376,37.0,0.0368,10.0,11020.0,16.0
2021-01-05 09:33:28.670,0.0364,0.0376,23.0,0.0368,10.0,11020.0,16.0
2021-01-05 09:33:29.171,0.0364,0.0376,23.0,0.0368,10.0,11020.0,16.0
2021-01-05 09:33:30.180,0.0364,0.0376,37.0,0.0368,10.0,11020.0,16.0
2021-01-05 09:33:30.670,0.0364,0.0376,37.0,0.0368,10.0,11020.0,16.0
2021-01-05 09:33:31.680,0.0364,0.0376,37.0,0.0368,10.0,11020.0,16.0
2021-01-05 09:33:35.181,0.0376,0.0376,35.0,0.0368,10.0,11022.0,18.0
2021-01-05 09:33:35.690,0.0376,0.0376,35.0,0.0368,10.0,11022.0,18.0
2021-01-05 09:33:36.101,0.0376,0.0376,35.0,0.0368,10.0,11022.0,18.0
2021-01-05 09:33:36.681,0.0376,0.0376,35.0,0.0368,10.0,11022.0,18.0
2021-01-05 09:33:37.190,0.0376,0.0375,3.0,0.0368,10.0,11022.0,18.0
2021-01-05 09:33:37.640,0.0376,0.0375,13.0,0.0368,10.0,11022.0,18.0
2021-01-05 09:33:38.120,0.0376,0.0375,13.0,0.0368,10.0,11022.0,18.0
2021-01-05 09:33:39.641,0.0376,0.0375,33.0,0.0368,10.0,11022.0,18.0
2021-01-05 09:33:40.160,0.0376,0.0375,33.0,0.0368,10.0,11022.0,18.0
2021-01-05 09:33:40.690,0.0376,0.0375,33.0,0.0368,10.0,11022.0,18.0
2021-01-05 09:33:41.161,0.0376,0.0375,47.0,0.0368,10.0,11022.0,18.0
2021-01-05 09:33:41.691,0.0376,0.0375,33.0,0.0368,10.0,11022.0,18.0
2021-01-05 09:33:42.160,0.0376,0.0375,47.0,0.0368,10.0,11022.0,18.0
2021-01-05 09:33:42.640,0.0376,0.0375,33.0,0.0368,10.0,11022.0,18.0
2021-01-05 09:33:43.180,0.0376,0.0374,14.0,0.0368,10.0,11022.0,18.0
2021-01-05 09:33:43.681,0.0376,0.0374,37.0,0.0365,20.0,11022.0,18.0
2021-01-05 09:33:44.110,0.0376,0.0374,47.0,0.0365,10.0,11022.0,18.0
2021-01-05 09:33:44.671,0.0376,0.0374,47.0,0.0365,30.0,11022.0,18.0
2021-01-05 09:33:45.180,0.0376,0.0374,47.0,0.0365,10.0,11022.0,18.0
2021-01-05 09:33:45.660,0.0376,0.0374,47.0,0.0365,10.0,11022.0,18.0
2021-01-05 09:33:46.161,0.0376,0.0374,47.0,0.0365,10.0,11022.0,18.0
2021-01-05 09:33:47.191,0.0376,0.0374,47.0,0.0364,1.0,11022.0,18.0
2021-01-05 09:33:47.681,0.0376,0.0374,47.0,0.0364,1.0,11022.0,18.0
2021-01-05 09:33:48.171,0.0376,0.0374,47.0,0.0364,1.0,11022.0,18.0
2021-01-05 09:33:48.680,0.0376,0.0374,47.0,0.0364,1.0,11022.0,18.0
2021-01-05 09:33:49.120,0.0376,0.0374,47.0,0.0364,11.0,11022.0,18.0
2021-01-05 09:33:50.180,0.0376,0.0374,47.0,0.0364,11.0,11022.0,18.0
2021-01-05 09:33:50.670,0.0376,0.0374,47.0,0.0364,11.0,11022.0,18.0
2021-01-05 09:33:51.141,0.0376,0.0374,47.0,0.0364,1.0,11022.0,18.0
2021-01-05 09:33:51.581,0.0376,0.0374,47.0,0.0364,1.0,11022.0,18.0
2021-01-05 09:33:52.661,0.0376,0.0372,10.0,0.0364,11.0,11022.0,18.0
2021-01-05 09:33:53.171,0.0376,0.0371,3.0,0.0364,11.0,11022.0,18.0
2021-01-05 09:33:53.650,0.0376,0.0371,27.0,0.0364,11.0,11022.0,18.0
2021-01-05 09:33:54.180,0.0376,0.0371,47.0,0.0364,11.0,11022.0,18.0
2021-01-05 09:33:55.181,0.0376,0.0371,47.0,0.0364,11.0,11022.0,18.0
2021-01-05 09:33:55.650,0.0376,0.0371,47.0,0.0364,11.0,11022.0,18.0
2021-01-05 09:33:56.120,0.0376,0.0371,47.0,0.0364,1.0,11022.0,18.0
2021-01-05 09:33:57.171,0.0376,0.0371,47.0,0.0364,1.0,11022.0,18.0
2021-01-05 09:33:57.671,0.0376,0.0371,45.0,0.0364,1.0,11022.0,18.0
2021-01-05 09:33:58.170,0.0376,0.037,14.0,0.0364,1.0,11022.0,18.0
2021-01-05 09:33:58.670,0.0376,0.0369,3.0,0.0364,1.0,11022.0,18.0
2021-01-05 09:33:59.140,0.0364,0.0369,45.0,0.0361,10.0,11023.0,19.0
2021-01-05 09:33:59.690,0.0364,0.0368,14.0,0.036,10.0,11023.0,19.0
2021-01-05 09:34:00.191,0.0364,0.0367,3.0,0.0359,10.0,11023.0,19.0
2021-01-05 09:34:00.671,0.0364,0.0367,3.0,0.0357,20.0,11023.0,19.0
2021-01-05 09:34:01.081,0.0364,0.0367,37.0,0.0357,20.0,11023.0,19.0
2021-01-05 09:34:01.661,0.0364,0.0367,23.0,0.0358,10.0,11023.0,19.0
2021-01-05 09:34:03.171,0.0364,0.0367,23.0,0.0357,20.0,11023.0,19.0
2021-01-05 09:34:08.171,0.0364,0.0365,10.0,0.0357,20.0,11023.0,19.0
2021-01-05 09:34:08.690,0.0364,0.0364,3.0,0.0357,20.0,11023.0,19.0
2021-01-05 09:34:09.170,0.0364,0.0364,33.0,0.0356,20.0,11023.0,19.0
2021-01-05 09:34:09.670,0.0364,0.0364,33.0,0.0358,10.0,11023.0,19.0
2021-01-05 09:34:10.140,0.0364,0.0364,33.0,0.0357,10.0,11023.0,19.0
2021-01-05 09:34:10.690,0.0364,0.0364,33.0,0.0358,10.0,11023.0,19.0
2021-01-05 09:34:11.151,0.0364,0.0364,33.0,0.0358,10.0,11023.0,19.0
2021-01-05 09:34:11.681,0.0364,0.0364,33.0,0.0357,10.0,11023.0,19.0
2021-01-05 09:34:12.121,0.0364,0.0364,33.0,0.0356,20.0,11023.0,19.0
2021-01-05 09:34:12.640,0.0364,0.0364,43.0,0.0357,10.0,11023.0,19.0
2021-01-05 09:34:13.191,0.0364,0.0363,3.0,0.0357,20.0,11023.0,29.0
2021-01-05 09:34:13.681,0.0364,0.0363,3.0,0.0357,10.0,11023.0,29.0
2021-01-05 09:34:14.181,0.0364,0.0363,3.0,0.0357,10.0,11023.0,29.0
2021-01-05 09:34:14.691,0.0364,0.0363,3.0,0.0359,10.0,11023.0,29.0
2021-01-05 09:34:15.181,0.0364,0.0363,3.0,0.0359,10.0,11023.0,29.0
2021-01-05 09:34:15.681,0.0364,0.0363,3.0,0.0359,20.0,11023.0,29.0
2021-01-05 09:34:16.190,0.0364,0.0363,13.0,0.0359,10.0,11023.0,29.0
2021-01-05 09:34:16.620,0.0364,0.0363,33.0,0.0359,10.0,11023.0,29.0
2021-01-05 09:34:17.181,0.0364,0.0363,23.0,0.0359,20.0,11023.0,29.0
2021-01-05 09:34:18.201,0.0364,0.0363,23.0,0.0359,10.0,11023.0,29.0
2021-01-05 09:34:18.620,0.0364,0.0363,23.0,0.0359,20.0,11023.0,29.0
2021-01-05 09:34:19.041,0.0364,0.0363,23.0,0.0359,10.0,11023.0,29.0
2021-01-05 09:34:19.700,0.0364,0.0363,23.0,0.0359,10.0,11023.0,29.0
2021-01-05 09:34:21.490,0.0364,0.0363,23.0,0.0359,10.0,11023.0,29.0
2021-01-05 09:34:22.151,0.0364,0.0363,23.0,0.0357,10.0,11023.0,29.0
2021-01-05 09:34:22.651,0.0364,0.0363,33.0,0.0357,20.0,11023.0,29.0
2021-01-05 09:34:23.661,0.0364,0.0363,23.0,0.0357,20.0,11023.0,29.0
2021-01-05 09:34:24.600,0.0364,0.0363,33.0,0.0357,10.0,11023.0,29.0
2021-01-05 09:34:25.171,0.0364,0.0363,33.0,0.0356,20.0,11023.0,29.0
2021-01-05 09:34:25.671,0.0364,0.0362,3.0,0.0356,20.0,11023.0,29.0
2021-01-05 09:34:26.170,0.0364,0.0362,23.0,0.0356,20.0,11023.0,29.0
2021-01-05 09:34:26.641,0.0364,0.036,12.0,0.0356,22.0,11023.0,29.0
2021-01-05 09:34:27.150,0.0364,0.036,22.0,0.0356,12.0,11023.0,29.0
2021-01-05 09:34:27.690,0.0364,0.036,12.0,0.0356,22.0,11023.0,29.0
2021-01-05 09:34:28.120,0.0364,0.0359,12.0,0.0356,10.0,11023.0,29.0
2021-01-05 09:34:28.621,0.0364,0.0359,12.0,0.0356,10.0,11023.0,29.0
2021-01-05 09:34:29.090,0.0364,0.0359,12.0,0.0356,10.0,11023.0,29.0
2021-01-05 09:34:29.601,0.0364,0.0358,12.0,0.0356,10.0,11023.0,29.0
2021-01-05 09:34:30.170,0.0364,0.0358,12.0,0.0356,10.0,11023.0,29.0
2021-01-05 09:34:30.681,0.0364,0.0358,12.0,0.0356,10.0,11023.0,29.0
2021-01-05 09:34:31.190,0.0364,0.0358,12.0,0.0356,10.0,11023.0,29.0
2021-01-05 09:34:31.280,0.0364,0.0358,12.0,0.0356,10.0,11023.0,29.0
2021-01-05 09:34:32.690,0.0364,0.0358,12.0,0.0356,10.0,11023.0,29.0
2021-01-05 09:34:33.090,0.0364,0.0358,12.0,0.0356,10.0,11023.0,29.0
2021-01-05 09:34:33.691,0.0364,0.0357,12.0,0.0356,10.0,11023.0,29.0
2021-01-05 09:34:34.171,0.0364,0.0357,12.0,0.0356,10.0,11023.0,29.0
2021-01-05 09:34:34.640,0.0364,0.0357,12.0,0.0356,10.0,11023.0,29.0
2021-01-05 09:34:34.961,0.0364,0.0357,12.0,0.0354,10.0,11023.0,29.0
2021-01-05 09:34:35.670,0.0364,0.0357,12.0,0.0354,10.0,11023.0,29.0
2021-01-05 09:34:36.171,0.0364,0.0357,12.0,0.0354,20.0,11023.0,29.0
2021-01-05 09:34:36.680,0.0364,0.0357,22.0,0.0354,10.0,11023.0,29.0
2021-01-05 09:34:37.161,0.0364,0.0357,12.0,0.0354,10.0,11023.0,29.0
2021-01-05 09:34:37.700,0.0364,0.0356,12.0,0.0354,10.0,11023.0,29.0
2021-01-05 09:34:38.171,0.0364,0.0356,22.0,0.0354,10.0,11023.0,29.0
2021-01-05 09:34:38.690,0.0364,0.0356,22.0,0.0354,10.0,11023.0,29.0
2021-01-05 09:34:39.091,0.0364,0.0356,22.0,0.0354,10.0,11023.0,29.0
2021-01-05 09:34:40.171,0.0364,0.0355,12.0,0.0354,10.0,11023.0,29.0
2021-01-05 09:34:40.651,0.0364,0.0356,12.0,0.0354,10.0,11023.0,29.0
2021-01-05 09:34:41.201,0.0364,0.0355,12.0,0.0354,10.0,11023.0,29.0
2021-01-05 09:34:41.700,0.0364,0.0355,12.0,0.0354,10.0,11023.0,29.0
2021-01-05 09:34:42.171,0.0364,0.0356,20.0,0.0354,10.0,11023.0,29.0
2021-01-05 09:34:42.680,0.0364,0.0357,42.0,0.0354,10.0,11023.0,29.0
2021-01-05 09:34:43.191,0.0364,0.0357,30.0,0.0354,10.0,11023.0,29.0
2021-01-05 09:34:43.671,0.0364,0.0357,30.0,0.0354,22.0,11023.0,29.0
2021-01-05 09:34:44.701,0.0364,0.0357,20.0,0.0354,22.0,11023.0,29.0
2021-01-05 09:34:45.200,0.0364,0.0357,32.0,0.0354,10.0,11023.0,29.0
2021-01-05 09:34:45.421,0.0364,0.0358,42.0,0.0354,22.0,11023.0,29.0
2021-01-05 09:34:46.201,0.0364,0.0357,12.0,0.0354,10.0,11023.0,29.0
2021-01-05 09:34:46.660,0.0364,0.0358,42.0,0.0354,22.0,11023.0,29.0
2021-01-05 09:34:47.181,0.0364,0.0358,42.0,0.0354,22.0,11023.0,29.0
2021-01-05 09:34:47.701,0.0364,0.0357,12.0,0.0354,10.0,11023.0,29.0
2021-01-05 09:34:48.141,0.0364,0.0357,32.0,0.0354,10.0,11023.0,29.0
2021-01-05 09:34:49.701,0.0364,0.0357,32.0,0.0354,10.0,11023.0,29.0
2021-01-05 09:34:50.220,0.0364,0.0357,20.0,0.0354,22.0,11023.0,29.0
2021-01-05 09:34:51.200,0.0364,0.0358,42.0,0.0354,22.0,11023.0,29.0
2021-01-05 09:34:51.701,0.0364,0.0358,30.0,0.0355,12.0,11023.0,29.0
2021-01-05 09:34:52.151,0.0355,0.0358,32.0,0.0354,12.0,11035.0,41.0
2021-01-05 09:34:52.650,0.0355,0.0357,12.0,0.0353,12.0,11035.0,41.0
2021-01-05 09:34:53.180,0.0355,0.0356,12.0,0.0352,10.0,11035.0,41.0
2021-01-05 09:34:53.651,0.0355,0.0355,12.0,0.035,20.0,11035.0,41.0
2021-01-05 09:34:54.170,0.0355,0.0354,12.0,0.035,10.0,11035.0,41.0
2021-01-05 09:34:54.631,0.0354,0.0355,20.0,0.035,10.0,11035.0,51.0
2021-01-05 09:34:55.161,0.0354,0.0353,12.0,0.0349,22.0,11035.0,51.0
2021-01-05 09:34:55.680,0.0354,0.0354,22.0,0.035,12.0,11035.0,51.0
2021-01-05 09:34:56.141,0.0354,0.0352,12.0,0.0349,10.0,11035.0,51.0
2021-01-05 09:34:56.681,0.0354,0.0353,12.0,0.0349,12.0,11035.0,51.0
2021-01-05 09:34:57.130,0.0354,0.0352,12.0,0.0348,10.0,11035.0,51.0
2021-01-05 09:34:57.670,0.0354,0.0352,10.0,0.0349,12.0,11035.0,51.0
2021-01-05 09:34:58.160,0.0354,0.0352,10.0,0.0349,12.0,11035.0,51.0
2021-01-05 09:34:58.640,0.0354,0.0352,10.0,0.0349,12.0,11035.0,51.0
2021-01-05 09:34:59.151,0.0354,0.0351,12.0,0.0348,10.0,11035.0,51.0
2021-01-05 09:35:00.160,0.0354,0.0351,10.0,0.0349,12.0,11035.0,51.0
2021-01-05 09:35:00.630,0.0354,0.0352,10.0,0.0349,12.0,11035.0,51.0
2021-01-05 09:35:01.070,0.0354,0.0353,42.0,0.0349,12.0,11035.0,51.0
2021-01-05 09:35:01.620,0.0354,0.0353,34.0,0.035,12.0,11035.0,51.0
2021-01-05 09:35:02.160,0.0354,0.0353,46.0,0.0349,22.0,11035.0,51.0
2021-01-05 09:35:02.680,0.0354,0.0353,32.0,0.0349,22.0,11035.0,51.0
2021-01-05 09:35:03.180,0.0354,0.0353,32.0,0.0349,22.0,11035.0,51.0
2021-01-05 09:35:03.660,0.0354,0.0353,10.0,0.0351,12.0,11035.0,51.0
2021-01-05 09:35:04.061,0.0354,0.0352,10.0,0.0351,12.0,11035.0,51.0
2021-01-05 09:35:04.621,0.0354,0.0353,20.0,0.035,12.0,11035.0,51.0
2021-01-05 09:35:05.671,0.0354,0.0352,10.0,0.035,12.0,11035.0,51.0
2021-01-05 09:35:06.180,0.0354,0.0353,10.0,0.035,22.0,11035.0,51.0
2021-01-05 09:35:06.680,0.0354,0.0353,20.0,0.0351,12.0,11035.0,51.0
2021-01-05 09:35:07.131,0.0351,0.0354,40.0,0.0351,12.0,11047.0,63.0
2021-01-05 09:35:07.650,0.0351,0.0354,33.0,0.0349,10.0,11047.0,63.0
2021-01-05 09:35:08.171,0.0351,0.0354,43.0,0.0349,10.0,11047.0,63.0
2021-01-05 09:35:09.191,0.0349,0.0352,12.0,0.0346,10.0,11047.0,73.0
2021-01-05 09:35:09.700,0.0349,0.0351,12.0,0.0345,20.0,11047.0,73.0
2021-01-05 09:35:10.180,0.0349,0.035,12.0,0.0346,12.0,11047.0,73.0
2021-01-05 09:35:10.691,0.0349,0.035,12.0,0.0346,26.0,11047.0,73.0
2021-01-05 09:35:11.160,0.0349,0.035,12.0,0.0346,26.0,11047.0,73.0
2021-01-05 09:35:11.680,0.0349,0.0349,12.0,0.0346,10.0,11047.0,73.0
2021-01-05 09:35:12.691,0.0349,0.035,10.0,0.0347,12.0,11047.0,73.0
2021-01-05 09:35:13.160,0.0349,0.0351,10.0,0.0347,12.0,11047.0,73.0
2021-01-05 09:35:13.640,0.0351,0.0352,10.0,0.0347,12.0,11047.0,74.0
2021-01-05 09:35:14.191,0.0351,0.0352,10.0,0.0349,10.0,11047.0,74.0
2021-01-05 09:35:14.700,0.0351,0.0353,10.0,0.0351,12.0,11047.0,74.0
2021-01-05 09:35:15.171,0.0351,0.0353,12.0,0.035,10.0,11047.0,74.0
2021-01-05 09:35:15.451,0.0351,0.0353,22.0,0.0349,22.0,11047.0,74.0
2021-01-05 09:35:16.201,0.0351,0.0351,12.0,0.0349,10.0,11047.0,74.0
2021-01-05 09:35:16.681,0.0351,0.0351,12.0,0.0349,10.0,11047.0,74.0
2021-01-05 09:35:17.190,0.0351,0.0351,12.0,0.0349,10.0,11047.0,74.0
2021-01-05 09:35:17.680,0.0351,0.035,12.0,0.0349,10.0,11047.0,74.0
2021-01-05 09:35:18.151,0.035,0.0351,12.0,0.0349,10.0,11049.0,76.0
2021-01-05 09:35:18.681,0.035,0.0352,12.0,0.0349,10.0,11049.0,76.0
2021-01-05 09:35:19.180,0.035,0.0352,12.0,0.0349,10.0,11049.0,76.0
2021-01-05 09:35:19.641,0.035,0.0353,25.0,0.0349,22.0,11049.0,76.0
2021-01-05 09:35:20.170,0.035,0.0351,12.0,0.0349,10.0,11049.0,76.0
2021-01-05 09:35:20.681,0.035,0.0351,12.0,0.0349,10.0,11049.0,76.0
2021-01-05 09:35:21.180,0.035,0.0352,10.0,0.0349,10.0,11049.0,76.0
2021-01-05 09:35:21.620,0.035,0.035,12.0,0.0349,10.0,11049.0,76.0
2021-01-05 09:35:22.171,0.035,0.0352,10.0,0.0349,10.0,11049.0,76.0
2021-01-05 09:35:22.650,0.035,0.0352,12.0,0.0349,10.0,11049.0,76.0
2021-01-05 09:35:23.151,0.035,0.0351,12.0,0.0349,10.0,11049.0,76.0
2021-01-05 09:35:23.680,0.035,0.0351,22.0,0.0349,10.0,11049.0,76.0
2021-01-05 09:35:24.171,0.035,0.0351,10.0,0.0349,10.0,11049.0,76.0
2021-01-05 09:35:24.671,0.035,0.035,12.0,0.0349,10.0,11049.0,76.0
2021-01-05 09:35:25.170,0.035,0.035,12.0,0.0349,10.0,11049.0,76.0
2021-01-05 09:35:26.160,0.035,0.0351,22.0,0.0349,10.0,11049.0,76.0
2021-01-05 09:35:26.651,0.0349,0.035,12.0,0.0349,5.0,11049.0,81.0
2021-01-05 09:35:27.641,0.0349,0.0351,10.0,0.0349,10.0,11049.0,81.0
2021-01-05 09:35:30.121,0.0349,0.0351,22.0,0.0349,10.0,11049.0,81.0
2021-01-05 09:35:30.690,0.0349,0.0351,22.0,0.0349,10.0,11049.0,81.0
2021-01-05 09:35:31.700,0.0349,0.0352,22.0,0.0349,10.0,11049.0,81.0
2021-01-05 09:35:32.150,0.0349,0.0351,12.0,0.0349,10.0,11049.0,81.0
2021-01-05 09:35:32.630,0.0349,0.035,12.0,0.0349,10.0,11049.0,81.0
2021-01-05 09:35:33.160,0.0349,0.035,12.0,0.0349,10.0,11049.0,81.0
2021-01-05 09:35:33.640,0.0349,0.0349,12.0,0.0348,20.0,11049.0,81.0
2021-01-05 09:35:34.180,0.0349,0.0349,12.0,0.0348,20.0,11049.0,81.0
2021-01-05 09:35:34.691,0.0349,0.0349,12.0,0.0348,20.0,11049.0,81.0
2021-01-05 09:35:35.200,0.0349,0.035,10.0,0.0348,20.0,11049.0,81.0
2021-01-05 09:35:35.600,0.0349,0.0351,32.0,0.0347,22.0,11049.0,81.0
2021-01-05 09:35:36.161,0.0349,0.0351,52.0,0.0347,22.0,11049.0,81.0
2021-01-05 09:35:36.601,0.0349,0.0351,66.0,0.0347,12.0,11049.0,81.0
2021-01-05 09:35:37.171,0.0349,0.0351,56.0,0.0347,12.0,11049.0,81.0
2021-01-05 09:35:37.581,0.0349,0.0351,20.0,0.0348,12.0,11049.0,81.0
2021-01-05 09:35:38.190,0.0349,0.0352,52.0,0.0348,12.0,11049.0,81.0
2021-01-05 09:35:38.651,0.0349,0.0352,56.0,0.0348,12.0,11049.0,81.0
2021-01-05 09:35:39.140,0.0349,0.0352,44.0,0.0349,12.0,11049.0,81.0
2021-01-05 09:35:39.690,0.0349,0.0352,46.0,0.0348,12.0,11049.0,81.0
2021-01-05 09:35:40.191,0.0349,0.0351,12.0,0.0349,10.0,11049.0,81.0
2021-01-05 09:35:40.691,0.0349,0.0351,12.0,0.0349,10.0,11049.0,81.0
2021-01-05 09:35:41.680,0.0349,0.0349,20.0,0.0347,12.0,11049.0,91.0
2021-01-05 09:35:42.160,0.0349,0.0349,18.0,0.0347,12.0,11051.0,93.0
2021-01-05 09:35:42.581,0.0349,0.0349,18.0,0.0346,12.0,11051.0,93.0
2021-01-05 09:35:43.190,0.0349,0.0349,30.0,0.0345,22.0,11051.0,93.0
2021-01-05 09:35:43.661,0.0349,0.0349,18.0,0.0345,10.0,11051.0,93.0
2021-01-05 09:35:44.041,0.0349,0.0349,18.0,0.0345,10.0,11051.0,93.0
2021-01-05 09:35:44.600,0.0349,0.0349,30.0,0.0345,22.0,11051.0,93.0
2021-01-05 09:35:45.071,0.0349,0.0349,28.0,0.0346,12.0,11051.0,93.0
2021-01-05 09:35:45.670,0.0349,0.0349,28.0,0.0346,12.0,11051.0,93.0
2021-01-05 09:35:46.170,0.0349,0.0349,40.0,0.0345,32.0,11051.0,93.0
2021-01-05 09:35:46.700,0.0349,0.0349,50.0,0.0345,22.0,11051.0,93.0
2021-01-05 09:35:47.691,0.0349,0.0348,22.0,0.0346,10.0,11051.0,93.0
2021-01-05 09:35:48.181,0.0349,0.0348,22.0,0.0345,20.0,11051.0,93.0
2021-01-05 09:35:48.650,0.0349,0.0348,20.0,0.0346,10.0,11051.0,93.0
2021-01-05 09:35:49.001,0.0349,0.0348,22.0,0.0346,10.0,11051.0,93.0
2021-01-05 09:35:49.701,0.0349,0.0348,22.0,0.0346,10.0,11051.0,93.0
2021-01-05 09:35:50.150,0.0349,0.0348,22.0,0.0345,20.0,11051.0,93.0
2021-01-05 09:35:50.680,0.0349,0.0348,10.0,0.0346,10.0,11051.0,93.0
2021-01-05 09:35:51.180,0.0349,0.0348,10.0,0.0346,10.0,11051.0,93.0
2021-01-05 09:35:51.710,0.0349,0.0348,10.0,0.0347,10.0,11051.0,93.0
2021-01-05 09:35:52.190,0.0349,0.0348,10.0,0.0346,22.0,11051.0,93.0
2021-01-05 09:35:52.661,0.0349,0.0348,10.0,0.0346,10.0,11051.0,93.0
2021-01-05 09:35:53.111,0.0349,0.0349,50.0,0.0347,10.0,11051.0,93.0
2021-01-05 09:35:53.631,0.0349,0.0349,40.0,0.0347,10.0,11051.0,93.0
2021-01-05 09:35:54.161,0.0349,0.0349,28.0,0.0347,10.0,11051.0,93.0
2021-01-05 09:35:55.141,0.0349,0.0349,18.0,0.0348,22.0,11051.0,93.0
2021-01-05 09:35:55.691,0.0349,0.0349,17.0,0.0348,22.0,11052.0,94.0
2021-01-05 09:35:56.140,0.0349,0.0349,17.0,0.0348,22.0,11052.0,94.0
2021-01-05 09:35:56.690,0.0348,0.0349,17.0,0.0348,19.0,11051.0,95.0
2021-01-05 09:35:57.141,0.0348,0.0349,17.0,0.0348,31.0,11051.0,95.0
2021-01-05 09:35:57.681,0.0348,0.0349,17.0,0.0348,31.0,11051.0,95.0
2021-01-05 09:35:58.150,0.0348,0.0349,17.0,0.0348,31.0,11051.0,95.0
2021-01-05 09:35:58.701,0.0348,0.0349,17.0,0.0348,31.0,11051.0,95.0
2021-01-05 09:35:59.581,0.0348,0.0351,23.0,0.0348,31.0,11051.0,95.0
2021-01-05 09:36:00.201,0.0348,0.035,10.0,0.0348,12.0,11051.0,95.0
2021-01-05 09:36:00.680,0.0348,0.035,10.0,0.0348,22.0,11051.0,95.0
2021-01-05 09:36:02.170,0.0348,0.035,10.0,0.0348,10.0,11051.0,95.0
2021-01-05 09:36:02.630,0.0348,0.0351,23.0,0.0348,22.0,11051.0,95.0
2021-01-05 09:36:03.150,0.0348,0.0351,10.0,0.0348,22.0,11051.0,95.0
2021-01-05 09:36:04.670,0.0348,0.0351,10.0,0.0348,22.0,11050.0,96.0
2021-01-05 09:36:05.150,0.0348,0.0351,10.0,0.0348,12.0,11050.0,96.0
2021-01-05 09:36:05.690,0.0348,0.0351,10.0,0.0348,12.0,11050.0,96.0
2021-01-05 09:36:06.180,0.0348,0.0351,20.0,0.0349,12.0,11050.0,96.0
2021-01-05 09:36:06.700,0.0348,0.0351,10.0,0.0349,12.0,11050.0,96.0
2021-01-05 09:36:07.181,0.0348,0.0351,20.0,0.0349,12.0,11050.0,96.0
2021-01-05 09:36:09.161,0.0348,0.0351,20.0,0.0349,12.0,11050.0,96.0
2021-01-05 09:36:10.160,0.0348,0.0352,20.0,0.035,12.0,11050.0,96.0
2021-01-05 09:36:10.671,0.0348,0.0352,20.0,0.035,12.0,11050.0,96.0
2021-01-05 09:36:11.111,0.0348,0.0352,22.0,0.0349,10.0,11050.0,96.0
2021-01-05 09:36:11.651,0.0348,0.035,12.0,0.0348,10.0,11050.0,96.0
2021-01-05 09:36:12.181,0.0348,0.0351,12.0,0.0348,10.0,11050.0,96.0
2021-01-05 09:36:12.690,0.0348,0.035,12.0,0.0348,10.0,11050.0,96.0
2021-01-05 09:36:13.190,0.0348,0.0351,22.0,0.0348,10.0,11050.0,96.0
2021-01-05 09:36:13.680,0.0348,0.0351,12.0,0.0348,10.0,11050.0,96.0
2021-01-05 09:36:15.170,0.0348,0.0352,32.0,0.0348,22.0,11050.0,96.0
2021-01-05 09:36:15.660,0.0348,0.0352,22.0,0.0348,22.0,11050.0,96.0
2021-01-05 09:36:16.150,0.0348,0.0352,22.0,0.0348,22.0,11050.0,96.0
2021-01-05 09:36:16.650,0.0348,0.0352,22.0,0.0348,22.0,11050.0,96.0
2021-01-05 09:36:18.181,0.0348,0.0352,22.0,0.0348,22.0,11050.0,96.0
2021-01-05 09:36:18.680,0.0348,0.0352,10.0,0.0349,12.0,11050.0,96.0
2021-01-05 09:36:19.151,0.0348,0.0351,12.0,0.0348,20.0,11050.0,96.0
2021-01-05 09:36:19.691,0.0348,0.0352,32.0,0.0348,32.0,11050.0,96.0
2021-01-05 09:36:20.161,0.0348,0.0352,32.0,0.0348,32.0,11050.0,96.0
2021-01-05 09:36:20.690,0.0348,0.0352,22.0,0.0348,32.0,11050.0,96.0
2021-01-05 09:36:21.120,0.0348,0.0353,32.0,0.0349,12.0,11050.0,96.0
2021-01-05 09:36:21.691,0.0348,0.0352,12.0,0.0348,42.0,11050.0,96.0
2021-01-05 09:36:22.171,0.0348,0.0351,12.0,0.035,10.0,11050.0,96.0
2021-01-05 09:36:22.680,0.0348,0.0352,12.0,0.0349,10.0,11050.0,96.0
2021-01-05 09:36:23.191,0.0348,0.0352,12.0,0.035,10.0,11050.0,96.0
2021-01-05 09:36:23.681,0.0348,0.0351,22.0,0.0349,10.0,11050.0,96.0
2021-01-05 09:36:24.171,0.0348,0.0351,22.0,0.0348,20.0,11050.0,96.0
2021-01-05 09:36:25.690,0.0348,0.0351,10.0,0.0349,10.0,11050.0,96.0
2021-01-05 09:36:26.171,0.0348,0.0351,22.0,0.0349,10.0,11050.0,96.0
2021-01-05 09:36:26.651,0.0348,0.0351,22.0,0.0349,10.0,11050.0,96.0
2021-01-05 09:36:27.160,0.0348,0.0351,22.0,0.0349,10.0,11050.0,96.0
2021-01-05 09:36:27.690,0.0348,0.0351,22.0,0.0349,10.0,11050.0,96.0
2021-01-05 09:36:28.190,0.0348,0.0351,22.0,0.0348,10.0,11050.0,96.0
2021-01-05 09:36:28.681,0.0348,0.035,10.0,0.0349,16.0,11050.0,96.0
2021-01-05 09:36:29.171,0.0348,0.035,22.0,0.0349,16.0,11050.0,96.0
2021-01-05 09:36:29.661,0.0348,0.035,10.0,0.0349,16.0,11050.0,96.0
2021-01-05 09:36:30.161,0.0348,0.035,10.0,0.0349,16.0,11050.0,96.0
2021-01-05 09:36:30.700,0.0348,0.035,10.0,0.0349,16.0,11050.0,96.0
2021-01-05 09:36:31.181,0.0348,0.035,22.0,0.0349,16.0,11050.0,96.0
2021-01-05 09:36:31.690,0.0348,0.035,22.0,0.0349,16.0,11050.0,96.0
2021-01-05 09:36:32.130,0.0349,0.035,10.0,0.0349,4.0,11062.0,108.0
2021-01-05 09:36:32.660,0.0349,0.035,22.0,0.0348,10.0,11066.0,112.0
2021-01-05 09:36:33.200,0.0349,0.035,10.0,0.0348,22.0,11066.0,112.0
2021-01-05 09:36:33.670,0.035,0.0352,10.0,0.035,12.0,11066.0,122.0
2021-01-05 09:36:34.091,0.035,0.0351,22.0,0.0348,10.0,11066.0,122.0
2021-01-05 09:36:34.671,0.035,0.0351,10.0,0.0348,12.0,11066.0,122.0
2021-01-05 09:36:34.971,0.035,0.0351,10.0,0.0349,10.0,11066.0,122.0
2021-01-05 09:36:35.701,0.035,0.0351,22.0,0.0348,20.0,11066.0,122.0
2021-01-05 09:36:36.191,0.035,0.0351,22.0,0.0348,10.0,11066.0,122.0
2021-01-05 09:36:36.700,0.035,0.0351,25.0,0.0347,32.0,11066.0,122.0
2021-01-05 09:36:38.640,0.035,0.035,10.0,0.0347,32.0,11066.0,122.0
2021-01-05 09:36:40.191,0.035,0.0351,15.0,0.0347,32.0,11066.0,122.0
2021-01-05 09:36:40.700,0.035,0.0349,12.0,0.0347,20.0,11066.0,122.0
2021-01-05 09:36:41.201,0.035,0.035,10.0,0.0347,10.0,11066.0,122.0
2021-01-05 09:36:41.641,0.035,0.035,12.0,0.0347,10.0,11066.0,122.0
2021-01-05 09:36:42.690,0.035,0.0351,13.0,0.0347,20.0,11066.0,122.0
2021-01-05 09:36:43.180,0.035,0.0349,12.0,0.0347,20.0,11066.0,122.0
2021-01-05 09:36:43.700,0.035,0.0349,12.0,0.0347,10.0,11066.0,122.0
2021-01-05 09:36:44.200,0.035,0.0349,12.0,0.0347,20.0,11066.0,122.0
2021-01-05 09:36:44.680,0.035,0.0349,12.0,0.0347,20.0,11066.0,122.0
2021-01-05 09:36:45.191,0.035,0.0349,12.0,0.0347,10.0,11066.0,122.0
2021-01-05 09:36:45.631,0.035,0.0348,12.0,0.0347,10.0,11066.0,122.0
2021-01-05 09:36:46.190,0.035,0.0348,12.0,0.0347,10.0,11066.0,122.0
2021-01-05 09:36:46.651,0.035,0.0348,12.0,0.0346,10.0,11066.0,122.0
2021-01-05 09:36:47.130,0.035,0.0347,12.0,0.0346,10.0,11066.0,122.0
2021-01-05 09:36:47.660,0.035,0.0347,12.0,0.0345,10.0,11066.0,122.0
2021-01-05 09:36:48.130,0.035,0.0347,12.0,0.0345,10.0,11066.0,122.0
2021-01-05 09:36:48.630,0.035,0.0348,10.0,0.0345,20.0,11066.0,122.0
2021-01-05 09:36:49.181,0.035,0.0348,10.0,0.0345,22.0,11066.0,122.0
2021-01-05 09:36:50.201,0.035,0.0348,32.0,0.0345,10.0,11066.0,122.0
2021-01-05 09:36:50.670,0.035,0.0348,32.0,0.0344,42.0,11066.0,122.0
2021-01-05 09:36:51.171,0.035,0.0348,32.0,0.0344,42.0,11066.0,122.0
2021-01-05 09:36:51.671,0.035,0.0348,22.0,0.0344,32.0,11066.0,122.0
2021-01-05 09:36:52.180,0.035,0.0348,22.0,0.0344,32.0,11066.0,122.0
2021-01-05 09:36:52.691,0.035,0.0348,22.0,0.0344,32.0,11066.0,122.0
2021-01-05 09:36:53.191,0.035,0.0348,32.0,0.0344,22.0,11066.0,122.0
2021-01-05 09:36:54.180,0.035,0.0348,10.0,0.0345,12.0,11066.0,122.0
2021-01-05 09:36:54.631,0.035,0.0348,10.0,0.0345,12.0,11066.0,122.0
2021-01-05 09:36:55.171,0.035,0.0347,12.0,0.0344,40.0,11066.0,122.0
2021-01-05 09:36:55.651,0.035,0.0348,22.0,0.0344,42.0,11066.0,122.0
2021-01-05 09:36:56.141,0.035,0.0348,22.0,0.0345,10.0,11066.0,122.0
2021-01-05 09:36:56.691,0.035,0.0348,22.0,0.0344,52.0,11066.0,122.0
2021-01-05 09:36:57.630,0.035,0.0348,10.0,0.0345,12.0,11066.0,122.0
2021-01-05 09:36:58.610,0.035,0.0348,10.0,0.0346,12.0,11066.0,122.0
2021-01-05 09:36:59.181,0.035,0.0348,10.0,0.0345,22.0,11066.0,122.0
2021-01-05 09:36:59.690,0.035,0.0348,20.0,0.0345,12.0,11066.0,122.0
2021-01-05 09:37:00.151,0.035,0.0348,20.0,0.0345,12.0,11066.0,122.0
2021-01-05 09:37:00.700,0.035,0.0348,20.0,0.0346,12.0,11066.0,122.0
2021-01-05 09:37:01.640,0.035,0.0348,10.0,0.0346,12.0,11066.0,122.0
2021-01-05 09:37:02.191,0.035,0.0348,10.0,0.0346,12.0,11066.0,122.0
2021-01-05 09:37:02.610,0.035,0.0349,10.0,0.0347,12.0,11066.0,122.0
2021-01-05 09:37:03.151,0.035,0.0349,20.0,0.0346,22.0,11066.0,122.0
2021-01-05 09:37:03.630,0.035,0.0349,10.0,0.0347,12.0,11066.0,122.0
2021-01-05 09:37:04.200,0.035,0.035,13.0,0.0347,12.0,11066.0,122.0
2021-01-05 09:37:04.690,0.035,0.035,10.0,0.0347,12.0,11066.0,122.0
2021-01-05 09:37:05.140,0.035,0.035,22.0,0.0346,22.0,11066.0,122.0
2021-01-05 09:37:05.701,0.035,0.0351,42.0,0.0347,12.0,11066.0,122.0
2021-01-05 09:37:06.171,0.035,0.0351,30.0,0.0346,20.0,11066.0,122.0
2021-01-05 09:37:06.171,0.035,0.035,12.0,0.0346,22.0,11066.0,122.0
2021-01-05 09:37:07.180,0.035,0.035,12.0,0.0346,22.0,11066.0,122.0
2021-01-05 09:37:07.681,0.035,0.0349,12.0,0.0346,10.0,11066.0,122.0
2021-01-05 09:37:08.200,0.035,0.0349,12.0,0.0346,10.0,11066.0,122.0
2021-01-05 09:37:08.630,0.035,0.0349,22.0,0.0345,22.0,11066.0,122.0
2021-01-05 09:37:09.170,0.035,0.0348,10.0,0.0345,12.0,11066.0,122.0
2021-01-05 09:37:09.660,0.035,0.0348,12.0,0.0344,42.0,11066.0,122.0
2021-01-05 09:37:10.140,0.035,0.0349,30.0,0.0346,12.0,11066.0,122.0
2021-01-05 09:37:10.701,0.035,0.0349,10.0,0.0345,32.0,11066.0,122.0
2021-01-05 09:37:11.201,0.035,0.0349,22.0,0.0345,32.0,11066.0,122.0
2021-01-05 09:37:11.700,0.035,0.0348,12.0,0.0345,20.0,11066.0,122.0
2021-01-05 09:37:12.131,0.035,0.0348,12.0,0.0345,20.0,11066.0,122.0
2021-01-05 09:37:12.620,0.035,0.0348,12.0,0.0345,20.0,11066.0,122.0
2021-01-05 09:37:13.181,0.035,0.0348,12.0,0.0347,10.0,11066.0,122.0
2021-01-05 09:37:13.681,0.035,0.0348,12.0,0.0347,10.0,11066.0,122.0
2021-01-05 09:37:14.130,0.035,0.0349,32.0,0.0347,10.0,11066.0,122.0
2021-01-05 09:37:14.651,0.035,0.0349,46.0,0.0347,10.0,11066.0,122.0
2021-01-05 09:37:15.091,0.0347,0.0348,12.0,0.0347,9.0,11066.0,123.0
2021-01-05 09:37:15.671,0.0347,0.0348,10.0,0.0347,9.0,11066.0,123.0
2021-01-05 09:37:16.201,0.0347,0.0348,10.0,0.0347,9.0,11066.0,123.0
2021-01-05 09:37:16.501,0.0347,0.0349,10.0,0.0347,9.0,11066.0,123.0
2021-01-05 09:37:17.200,0.0347,0.0349,10.0,0.0347,9.0,11066.0,123.0
2021-01-05 09:37:17.671,0.0347,0.0348,12.0,0.0345,30.0,11066.0,123.0
2021-01-05 09:37:18.061,0.0347,0.0348,12.0,0.0345,20.0,11066.0,123.0
2021-01-05 09:37:18.710,0.0347,0.0348,12.0,0.0345,20.0,11066.0,123.0
2021-01-05 09:37:19.131,0.0347,0.0348,22.0,0.0345,10.0,11066.0,123.0
2021-01-05 09:37:19.711,0.0347,0.0348,22.0,0.0345,10.0,11066.0,123.0
2021-01-05 09:37:20.691,0.0347,0.0348,10.0,0.0345,22.0,11066.0,123.0
2021-01-05 09:37:21.200,0.0347,0.0349,32.0,0.0345,32.0,11066.0,123.0
2021-01-05 09:37:21.701,0.0347,0.0349,22.0,0.0345,32.0,11066.0,123.0
2021-01-05 09:37:22.030,0.0347,0.0348,12.0,0.0345,20.0,11066.0,123.0
2021-01-05 09:37:22.620,0.0347,0.0348,12.0,0.0345,20.0,11066.0,123.0
2021-01-05 09:37:23.150,0.0347,0.0349,12.0,0.0345,32.0,11066.0,123.0
2021-01-05 09:37:23.701,0.0347,0.0349,22.0,0.0345,32.0,11066.0,123.0
2021-01-05 09:37:24.080,0.0347,0.0348,12.0,0.0345,10.0,11066.0,123.0
2021-01-05 09:37:24.631,0.0347,0.0349,22.0,0.0345,32.0,11066.0,123.0
2021-01-05 09:37:25.200,0.0347,0.0348,22.0,0.0345,10.0,11066.0,123.0
2021-01-05 09:37:25.670,0.0347,0.0349,22.0,0.0345,22.0,11066.0,123.0
2021-01-05 09:37:27.130,0.0347,0.0349,22.0,0.0345,32.0,11066.0,123.0
2021-01-05 09:37:28.151,0.0347,0.0349,12.0,0.0345,32.0,11066.0,123.0
2021-01-05 09:37:29.130,0.0347,0.0348,12.0,0.0345,10.0,11066.0,123.0
2021-01-05 09:37:30.191,0.0347,0.035,42.0,0.0346,12.0,11066.0,123.0
2021-01-05 09:37:30.650,0.0347,0.0348,12.0,0.0345,20.0,11066.0,123.0
2021-01-05 09:37:31.190,0.0347,0.035,42.0,0.0346,12.0,11066.0,123.0
2021-01-05 09:37:31.691,0.0347,0.035,32.0,0.0346,12.0,11066.0,123.0
2021-01-05 09:37:32.181,0.0347,0.0349,24.0,0.0346,12.0,11066.0,123.0
2021-01-05 09:37:32.651,0.0347,0.0349,34.0,0.0346,12.0,11066.0,123.0
2021-01-05 09:37:33.180,0.0347,0.0348,10.0,0.0345,12.0,11066.0,123.0
2021-01-05 09:37:33.701,0.0347,0.0349,20.0,0.0346,12.0,11066.0,123.0
2021-01-05 09:37:34.200,0.0347,0.0349,34.0,0.0346,12.0,11066.0,123.0
2021-01-05 09:37:35.170,0.0347,0.0349,34.0,0.0346,12.0,11066.0,123.0
2021-01-05 09:37:35.650,0.0347,0.0349,24.0,0.0346,12.0,11066.0,123.0
2021-01-05 09:37:36.200,0.0347,0.0349,34.0,0.0346,12.0,11066.0,123.0
2021-01-05 09:37:36.671,0.0347,0.0349,10.0,0.0346,12.0,11066.0,123.0
2021-01-05 09:37:37.180,0.0347,0.0349,22.0,0.0345,32.0,11066.0,123.0
2021-01-05 09:37:37.691,0.0347,0.0349,10.0,0.0346,12.0,11066.0,123.0
2021-01-05 09:37:38.161,0.0347,0.0349,10.0,0.0346,12.0,11066.0,123.0
2021-01-05 09:37:39.170,0.0347,0.035,42.0,0.0346,32.0,11066.0,123.0
2021-01-05 09:37:39.700,0.0347,0.035,44.0,0.0347,12.0,11066.0,123.0
2021-01-05 09:37:40.161,0.0347,0.035,30.0,0.0347,12.0,11066.0,123.0
2021-01-05 09:37:40.701,0.0347,0.035,54.0,0.0347,12.0,11066.0,123.0
2021-01-05 09:37:42.130,0.0347,0.035,40.0,0.0347,12.0,11066.0,123.0
2021-01-05 09:37:42.691,0.0347,0.035,40.0,0.0348,12.0,11066.0,123.0
2021-01-05 09:37:43.181,0.0347,0.035,40.0,0.0348,12.0,11066.0,123.0
2021-01-05 09:37:43.640,0.0347,0.035,30.0,0.0348,22.0,11066.0,123.0
2021-01-05 09:37:44.651,0.0347,0.035,30.0,0.0348,22.0,11066.0,123.0
2021-01-05 09:37:45.191,0.0347,0.035,30.0,0.0348,22.0,11066.0,123.0
2021-01-05 09:37:45.650,0.0347,0.035,30.0,0.0348,22.0,11066.0,123.0
2021-01-05 09:37:46.601,0.0347,0.035,30.0,0.0348,22.0,11066.0,123.0
2021-01-05 09:37:47.661,0.0347,0.035,40.0,0.0348,22.0,11066.0,123.0
2021-01-05 09:37:48.201,0.0347,0.035,40.0,0.0348,22.0,11066.0,123.0
2021-01-05 09:37:48.700,0.0347,0.035,30.0,0.0349,12.0,11066.0,123.0
2021-01-05 09:37:49.190,0.0347,0.035,40.0,0.0348,22.0,11066.0,123.0
2021-01-05 09:37:49.670,0.0347,0.035,30.0,0.0349,12.0,11066.0,123.0
2021-01-05 09:37:50.220,0.0347,0.035,30.0,0.0348,22.0,11066.0,123.0
2021-01-05 09:37:50.721,0.0347,0.035,30.0,0.0348,22.0,11066.0,123.0
2021-01-05 09:37:51.691,0.0347,0.035,30.0,0.0347,12.0,11066.0,123.0
2021-01-05 09:37:52.191,0.0347,0.035,30.0,0.0347,22.0,11066.0,123.0
2021-01-05 09:37:52.660,0.0347,0.035,30.0,0.0347,22.0,11066.0,123.0
2021-01-05 09:37:53.680,0.0347,0.035,42.0,0.0346,42.0,11066.0,123.0
2021-01-05 09:37:54.170,0.0347,0.035,30.0,0.0347,32.0,11066.0,123.0
2021-01-05 09:37:57.170,0.0347,0.035,30.0,0.0347,32.0,11066.0,123.0
2021-01-05 09:37:57.601,0.0347,0.035,30.0,0.0348,20.0,11066.0,123.0
2021-01-05 09:37:58.141,0.0347,0.035,30.0,0.0348,20.0,11066.0,123.0
2021-01-05 09:37:58.640,0.0347,0.035,30.0,0.0348,20.0,11066.0,123.0
2021-01-05 09:37:59.161,0.0347,0.035,30.0,0.0348,20.0,11066.0,123.0
2021-01-05 09:38:00.680,0.0347,0.035,30.0,0.0347,36.0,11066.0,123.0
2021-01-05 09:38:01.180,0.0347,0.035,30.0,0.0347,46.0,11066.0,123.0
2021-01-05 09:38:02.190,0.0347,0.035,30.0,0.0347,46.0,11066.0,123.0
2021-01-05 09:38:02.680,0.0347,0.035,42.0,0.0347,34.0,11066.0,123.0
2021-01-05 09:38:03.191,0.0347,0.035,42.0,0.0347,10.0,11066.0,123.0
2021-01-05 09:38:04.090,0.0347,0.0349,12.0,0.0346,30.0,11066.0,123.0
2021-01-05 09:38:04.680,0.0347,0.035,62.0,0.0346,46.0,11066.0,123.0
2021-01-05 09:38:05.181,0.0347,0.035,62.0,0.0346,36.0,11066.0,123.0
2021-01-05 09:38:05.681,0.0347,0.035,62.0,0.0346,46.0,11066.0,123.0
2021-01-05 09:38:06.691,0.0347,0.0349,12.0,0.0346,24.0,11066.0,123.0
2021-01-05 09:38:07.200,0.0347,0.0348,12.0,0.0345,10.0,11066.0,123.0
2021-01-05 09:38:07.590,0.0347,0.0348,12.0,0.0345,14.0,11066.0,123.0
2021-01-05 09:38:08.151,0.0347,0.0348,12.0,0.0345,24.0,11066.0,123.0
2021-01-05 09:38:09.160,0.0347,0.0348,12.0,0.0344,42.0,11066.0,123.0
2021-01-05 09:38:09.611,0.0347,0.0347,12.0,0.0344,20.0,11066.0,123.0
2021-01-05 09:38:10.180,0.0347,0.0347,12.0,0.0344,24.0,11066.0,123.0
2021-01-05 09:38:10.670,0.0347,0.0347,12.0,0.0344,24.0,11066.0,123.0
2021-01-05 09:38:11.141,0.0347,0.0348,22.0,0.0344,36.0,11066.0,123.0
2021-01-05 09:38:11.701,0.0347,0.0348,22.0,0.0344,36.0,11066.0,123.0
2021-01-05 09:38:12.191,0.0347,0.0348,10.0,0.0345,22.0,11066.0,123.0
2021-01-05 09:38:12.531,0.0347,0.0348,32.0,0.0344,32.0,11066.0,123.0
2021-01-05 09:38:13.110,0.0347,0.0348,32.0,0.0344,36.0,11066.0,123.0
2021-01-05 09:38:13.690,0.0347,0.0348,32.0,0.0344,26.0,11066.0,123.0
2021-01-05 09:38:14.141,0.0347,0.0348,32.0,0.0344,26.0,11066.0,123.0
2021-01-05 09:38:14.691,0.0347,0.0347,10.0,0.0344,12.0,11066.0,123.0
2021-01-05 09:38:15.150,0.0347,0.0347,22.0,0.0343,32.0,11066.0,123.0
2021-01-05 09:38:15.730,0.0347,0.0347,32.0,0.0343,36.0,11066.0,123.0
2021-01-05 09:38:16.210,0.0347,0.0347,10.0,0.0344,12.0,11066.0,123.0
2021-01-05 09:38:16.731,0.0347,0.0347,10.0,0.0344,12.0,11066.0,123.0
2021-01-05 09:38:17.190,0.0347,0.0347,32.0,0.0343,46.0,11066.0,123.0
2021-01-05 09:38:18.231,0.0347,0.0347,22.0,0.0343,46.0,11066.0,123.0
2021-01-05 09:38:18.660,0.0347,0.0347,32.0,0.0343,46.0,11066.0,123.0
2021-01-05 09:38:19.230,0.0347,0.0347,32.0,0.0343,26.0,11066.0,123.0
2021-01-05 09:38:20.231,0.0347,0.0347,32.0,0.0343,36.0,11066.0,123.0
2021-01-05 09:38:20.671,0.0347,0.0347,32.0,0.0343,22.0,11066.0,123.0
2021-01-05 09:38:21.670,0.0347,0.0346,10.0,0.0343,12.0,11066.0,123.0
2021-01-05 09:38:22.210,0.0347,0.0346,10.0,0.0342,10.0,11066.0,123.0
2021-01-05 09:38:22.531,0.0347,0.0346,32.0,0.0342,36.0,11066.0,123.0
2021-01-05 09:38:23.201,0.0347,0.0345,12.0,0.0342,14.0,11066.0,123.0
2021-01-05 09:38:23.681,0.0347,0.0345,12.0,0.0342,14.0,11066.0,123.0
2021-01-05 09:38:24.141,0.0347,0.0345,12.0,0.0341,32.0,11066.0,123.0
2021-01-05 09:38:24.671,0.0347,0.0344,12.0,0.0341,14.0,11066.0,123.0
2021-01-05 09:38:25.101,0.0347,0.0345,20.0,0.0343,12.0,11066.0,123.0
2021-01-05 09:38:25.700,0.0347,0.0345,10.0,0.0343,12.0,11066.0,123.0
2021-01-05 09:38:26.100,0.0347,0.0345,10.0,0.0343,12.0,11066.0,123.0
2021-01-05 09:38:26.701,0.0347,0.0345,10.0,0.0343,12.0,11066.0,123.0
2021-01-05 09:38:27.201,0.0347,0.0345,10.0,0.0343,12.0,11066.0,123.0
2021-01-05 09:38:27.691,0.0347,0.0345,10.0,0.0343,12.0,11066.0,123.0
2021-01-05 09:38:28.171,0.0347,0.0345,10.0,0.0342,12.0,11066.0,123.0
2021-01-05 09:38:28.680,0.0347,0.0345,10.0,0.0342,26.0,11066.0,123.0
2021-01-05 09:38:29.641,0.0347,0.0345,22.0,0.0342,14.0,11066.0,123.0
2021-01-05 09:38:30.670,0.0347,0.0345,10.0,0.0342,36.0,11066.0,123.0
2021-01-05 09:38:31.181,0.0347,0.0345,22.0,0.0341,32.0,11066.0,123.0
2021-01-05 09:38:31.700,0.0347,0.0345,22.0,0.0342,14.0,11066.0,123.0
2021-01-05 09:38:32.090,0.0347,0.0344,10.0,0.0341,32.0,11066.0,123.0
2021-01-05 09:38:32.701,0.0347,0.0344,10.0,0.0341,56.0,11066.0,123.0
2021-01-05 09:38:33.191,0.0347,0.0344,10.0,0.0341,36.0,11066.0,123.0
2021-01-05 09:38:33.700,0.0347,0.0344,42.0,0.034,32.0,11066.0,123.0
2021-01-05 09:38:34.201,0.0347,0.0344,60.0,0.034,14.0,11066.0,123.0
2021-01-05 09:38:35.200,0.0347,0.0344,40.0,0.0341,12.0,11066.0,123.0
2021-01-05 09:38:35.700,0.0347,0.0343,10.0,0.034,22.0,11066.0,123.0
2021-01-05 09:38:36.180,0.0347,0.0343,10.0,0.0341,12.0,11066.0,123.0
2021-01-05 09:38:36.691,0.0347,0.0343,10.0,0.0341,12.0,11066.0,123.0
2021-01-05 09:38:37.160,0.0347,0.0343,20.0,0.034,12.0,11066.0,123.0
2021-01-05 09:38:37.680,0.0347,0.0343,40.0,0.034,12.0,11066.0,123.0
2021-01-05 09:38:38.161,0.0347,0.0343,50.0,0.034,12.0,11066.0,123.0
2021-01-05 09:38:38.660,0.0347,0.0343,40.0,0.034,12.0,11066.0,123.0
2021-01-05 09:38:39.161,0.0347,0.0342,10.0,0.0339,22.0,11066.0,123.0
2021-01-05 09:38:39.661,0.0347,0.034,10.0,0.0339,10.0,11066.0,123.0
2021-01-05 09:38:40.141,0.0347,0.034,10.0,0.0337,28.0,11066.0,123.0
2021-01-05 09:38:40.591,0.0347,0.034,10.0,0.0337,22.0,11066.0,123.0
2021-01-05 09:38:41.190,0.0347,0.034,10.0,0.0338,12.0,11066.0,123.0
2021-01-05 09:38:41.670,0.0347,0.034,10.0,0.0337,36.0,11066.0,123.0
2021-01-05 09:38:42.191,0.0347,0.034,10.0,0.0338,12.0,11066.0,123.0
2021-01-05 09:38:43.701,0.0347,0.034,10.0,0.0338,12.0,11066.0,123.0
2021-01-05 09:38:44.200,0.0347,0.034,10.0,0.0338,12.0,11066.0,123.0
2021-01-05 09:38:44.621,0.0347,0.034,10.0,0.0339,12.0,11066.0,123.0
2021-01-05 09:38:45.201,0.0347,0.034,10.0,0.0339,12.0,11066.0,123.0
2021-01-05 09:38:45.580,0.0347,0.034,10.0,0.0339,12.0,11066.0,123.0
2021-01-05 09:38:46.200,0.0347,0.034,10.0,0.0339,12.0,11066.0,123.0
2021-01-05 09:38:46.631,0.0347,0.034,10.0,0.0339,12.0,11066.0,123.0
2021-01-05 09:38:47.140,0.0347,0.034,10.0,0.0339,12.0,11066.0,123.0
2021-01-05 09:38:47.691,0.0347,0.034,10.0,0.0338,22.0,11066.0,123.0
2021-01-05 09:38:48.200,0.0347,0.034,10.0,0.0339,12.0,11066.0,123.0
2021-01-05 09:38:48.650,0.0347,0.034,10.0,0.0339,14.0,11066.0,123.0
2021-01-05 09:38:49.130,0.0347,0.034,10.0,0.0339,14.0,11066.0,123.0
2021-01-05 09:38:49.691,0.0347,0.0342,10.0,0.0339,36.0,11066.0,123.0
2021-01-05 09:38:50.110,0.0347,0.0343,52.0,0.0339,26.0,11066.0,123.0
2021-01-05 09:38:50.651,0.0347,0.0343,52.0,0.0339,26.0,11066.0,123.0
2021-01-05 09:38:51.170,0.0347,0.0342,10.0,0.0339,26.0,11066.0,123.0
2021-01-05 09:38:51.691,0.0347,0.0342,22.0,0.0338,32.0,11066.0,123.0
2021-01-05 09:38:52.140,0.0347,0.0341,10.0,0.0338,26.0,11066.0,123.0
2021-01-05 09:38:52.630,0.0347,0.0341,32.0,0.0337,42.0,11066.0,123.0
2021-01-05 09:38:53.191,0.0347,0.0341,30.0,0.0338,12.0,11066.0,123.0
2021-01-05 09:38:53.620,0.0347,0.0341,10.0,0.0338,12.0,11066.0,123.0
2021-01-05 09:38:54.690,0.0347,0.0339,10.0,0.0338,12.0,11066.0,123.0
2021-01-05 09:38:55.700,0.0347,0.0339,10.0,0.0337,36.0,11066.0,123.0
2021-01-05 09:38:56.190,0.0347,0.0339,10.0,0.0337,12.0,11066.0,123.0
2021-01-05 09:38:56.661,0.0347,0.0339,10.0,0.0336,32.0,11066.0,123.0
2021-01-05 09:38:57.200,0.0347,0.0339,10.0,0.0338,22.0,11066.0,123.0
2021-01-05 09:38:57.640,0.0347,0.0339,10.0,0.0337,10.0,11066.0,123.0
2021-01-05 09:38:58.161,0.0347,0.0339,10.0,0.0337,24.0,11066.0,123.0
2021-01-05 09:38:58.670,0.0347,0.0339,10.0,0.0337,22.0,11066.0,123.0
2021-01-05 09:38:59.060,0.0347,0.0339,10.0,0.0338,14.0,11066.0,123.0
2021-01-05 09:39:00.140,0.0347,0.0339,10.0,0.0338,14.0,11066.0,123.0
2021-01-05 09:39:00.660,0.0347,0.0339,10.0,0.0338,10.0,11066.0,123.0
2021-01-05 09:39:01.160,0.0347,0.0339,10.0,0.0337,20.0,11066.0,123.0
2021-01-05 09:39:01.700,0.0347,0.0339,10.0,0.0337,46.0,11066.0,123.0
2021-01-05 09:39:02.201,0.0347,0.0339,10.0,0.0338,12.0,11066.0,123.0
2021-01-05 09:39:02.660,0.0347,0.0339,10.0,0.0337,26.0,11066.0,123.0
2021-01-05 09:39:03.150,0.0347,0.0339,10.0,0.0338,12.0,11066.0,123.0
2021-01-05 09:39:03.680,0.0347,0.0339,10.0,0.0337,36.0,11066.0,123.0
2021-01-05 09:39:04.161,0.0347,0.0341,20.0,0.0338,12.0,11066.0,123.0
2021-01-05 09:39:04.610,0.0347,0.0341,10.0,0.0338,12.0,11066.0,123.0
2021-01-05 09:39:05.211,0.0347,0.0341,10.0,0.0338,12.0,11066.0,123.0
2021-01-05 09:39:07.200,0.0347,0.0341,10.0,0.0338,12.0,11066.0,123.0
2021-01-05 09:39:07.680,0.0347,0.0341,10.0,0.0338,22.0,11066.0,123.0
2021-01-05 09:39:08.690,0.0347,0.0341,10.0,0.0338,12.0,11066.0,123.0
2021-01-05 09:39:09.161,0.0347,0.0341,10.0,0.0338,12.0,11066.0,123.0
2021-01-05 09:39:09.601,0.0347,0.0341,32.0,0.0337,46.0,11066.0,123.0
2021-01-05 09:39:10.191,0.0347,0.0341,20.0,0.0338,12.0,11066.0,123.0
2021-01-05 09:39:10.681,0.0347,0.0341,32.0,0.0337,36.0,11066.0,123.0
2021-01-05 09:39:11.201,0.0347,0.034,10.0,0.0337,12.0,11066.0,123.0
2021-01-05 09:39:11.701,0.0347,0.034,10.0,0.0337,12.0,11066.0,123.0
2021-01-05 09:39:12.220,0.0347,0.034,10.0,0.0338,12.0,11066.0,123.0
2021-01-05 09:39:12.690,0.0347,0.034,10.0,0.0337,12.0,11066.0,123.0
2021-01-05 09:39:13.720,0.0347,0.034,10.0,0.0338,12.0,11066.0,123.0
2021-01-05 09:39:14.160,0.0347,0.034,10.0,0.0336,30.0,11066.0,123.0
2021-01-05 09:39:15.220,0.0347,0.034,20.0,0.0336,34.0,11066.0,123.0
2021-01-05 09:39:15.720,0.0347,0.034,22.0,0.0336,46.0,11066.0,123.0
2021-01-05 09:39:16.721,0.0347,0.0339,12.0,0.0336,34.0,11066.0,123.0
2021-01-05 09:39:17.191,0.0347,0.0339,12.0,0.0336,34.0,11066.0,123.0
2021-01-05 09:39:17.650,0.0347,0.034,22.0,0.0336,46.0,11066.0,123.0
2021-01-05 09:39:18.221,0.0347,0.034,22.0,0.0336,46.0,11066.0,123.0
2021-01-05 09:39:18.671,0.0347,0.034,10.0,0.0337,12.0,11066.0,123.0
2021-01-05 09:39:19.710,0.0347,0.034,22.0,0.0336,46.0,11066.0,123.0
2021-01-05 09:39:20.741,0.0347,0.0339,12.0,0.0336,20.0,11066.0,123.0
2021-01-05 09:39:21.231,0.0347,0.034,22.0,0.0336,32.0,11066.0,123.0
2021-01-05 09:39:21.671,0.0347,0.0339,12.0,0.0336,20.0,11066.0,123.0
2021-01-05 09:39:22.651,0.0347,0.0339,12.0,0.0336,10.0,11066.0,123.0
2021-01-05 09:39:23.200,0.0347,0.034,32.0,0.0336,22.0,11066.0,123.0
2021-01-05 09:39:23.700,0.0347,0.034,32.0,0.0336,46.0,11066.0,123.0
2021-01-05 09:39:24.151,0.0347,0.034,22.0,0.0336,32.0,11066.0,123.0
2021-01-05 09:39:25.210,0.0347,0.034,22.0,0.0336,42.0,11066.0,123.0
2021-01-05 09:39:26.130,0.0347,0.0339,12.0,0.0336,30.0,11066.0,123.0
2021-01-05 09:39:26.681,0.0347,0.034,32.0,0.0336,32.0,11066.0,123.0
2021-01-05 09:39:27.210,0.0347,0.034,22.0,0.0336,32.0,11066.0,123.0
2021-01-05 09:39:29.721,0.0347,0.034,10.0,0.0337,12.0,11066.0,123.0
2021-01-05 09:39:30.220,0.0347,0.0341,12.0,0.0337,12.0,11066.0,123.0
2021-01-05 09:39:30.721,0.0347,0.034,12.0,0.0337,34.0,11066.0,123.0
2021-01-05 09:39:31.121,0.0347,0.0341,22.0,0.0337,46.0,11066.0,123.0
2021-01-05 09:39:31.701,0.0347,0.0341,22.0,0.0337,46.0,11066.0,123.0
2021-01-05 09:39:32.141,0.0347,0.0341,22.0,0.0337,56.0,11066.0,123.0
2021-01-05 09:39:32.700,0.0347,0.034,12.0,0.0337,30.0,11066.0,123.0
2021-01-05 09:39:33.180,0.0347,0.0341,10.0,0.0337,20.0,11066.0,123.0
2021-01-05 09:39:33.530,0.0347,0.0341,22.0,0.0337,42.0,11066.0,123.0
2021-01-05 09:39:34.681,0.0347,0.0341,10.0,0.0338,12.0,11066.0,123.0
2021-01-05 09:39:35.701,0.0347,0.0342,22.0,0.0338,22.0,11066.0,123.0
2021-01-05 09:39:36.660,0.0347,0.0342,10.0,0.0339,12.0,11066.0,123.0
2021-01-05 09:39:37.221,0.0347,0.0342,10.0,0.0339,12.0,11066.0,123.0
2021-01-05 09:39:37.730,0.0347,0.0343,32.0,0.0339,22.0,11066.0,123.0
2021-01-05 09:39:38.221,0.0347,0.0343,46.0,0.0339,22.0,11066.0,123.0
2021-01-05 09:39:39.241,0.0347,0.0342,12.0,0.0339,20.0,11066.0,123.0
2021-01-05 09:39:39.751,0.0347,0.0343,52.0,0.0339,22.0,11066.0,123.0
2021-01-05 09:39:40.200,0.0347,0.0343,66.0,0.0339,32.0,11066.0,123.0
2021-01-05 09:39:41.220,0.0347,0.0343,10.0,0.034,12.0,11066.0,123.0
2021-01-05 09:39:41.750,0.0347,0.0342,12.0,0.0339,20.0,11066.0,123.0
2021-01-05 09:39:42.210,0.0347,0.0343,10.0,0.034,22.0,11066.0,123.0
2021-01-05 09:39:42.740,0.0347,0.0345,30.0,0.034,10.0,11066.0,123.0
2021-01-05 09:39:43.170,0.0347,0.0344,14.0,0.034,20.0,11066.0,123.0
2021-01-05 09:39:43.570,0.0347,0.0344,12.0,0.034,22.0,11066.0,123.0
2021-01-05 09:39:44.231,0.0347,0.0343,12.0,0.034,20.0,11066.0,123.0
2021-01-05 09:39:44.640,0.0347,0.0343,12.0,0.034,20.0,11066.0,123.0
2021-01-05 09:39:45.251,0.0347,0.0345,30.0,0.034,30.0,11066.0,123.0
2021-01-05 09:39:45.750,0.0347,0.0344,22.0,0.034,42.0,11066.0,123.0
2021-01-05 09:39:46.040,0.0347,0.0343,12.0,0.034,20.0,11066.0,123.0
2021-01-05 09:39:46.691,0.0347,0.0343,36.0,0.034,10.0,11066.0,123.0
2021-01-05 09:39:47.250,0.0347,0.0343,24.0,0.034,22.0,11066.0,123.0
2021-01-05 09:39:47.731,0.0347,0.0343,36.0,0.034,20.0,11066.0,123.0
2021-01-05 09:39:48.221,0.0347,0.0343,36.0,0.034,20.0,11066.0,123.0
2021-01-05 09:39:48.720,0.0347,0.0343,36.0,0.034,10.0,11066.0,123.0
2021-01-05 09:39:50.180,0.0347,0.0343,36.0,0.034,10.0,11066.0,123.0
2021-01-05 09:39:50.710,0.0347,0.0342,12.0,0.0339,20.0,11066.0,123.0
2021-01-05 09:39:51.241,0.0347,0.0342,22.0,0.0339,20.0,11066.0,123.0
2021-01-05 09:39:51.730,0.0347,0.0342,22.0,0.0338,22.0,11066.0,123.0
2021-01-05 09:39:52.180,0.0347,0.0342,36.0,0.0338,12.0,11066.0,123.0
2021-01-05 09:39:52.601,0.0347,0.0342,30.0,0.034,10.0,11066.0,123.0
2021-01-05 09:39:52.991,0.0347,0.0342,10.0,0.034,10.0,11066.0,123.0
2021-01-05 09:39:53.630,0.0347,0.0344,30.0,0.034,10.0,11066.0,123.0
2021-01-05 09:39:54.091,0.0347,0.0344,30.0,0.034,20.0,11066.0,123.0
2021-01-05 09:39:54.691,0.0347,0.0344,42.0,0.034,32.0,11066.0,123.0
2021-01-05 09:39:55.181,0.0347,0.0343,24.0,0.034,10.0,11066.0,123.0
2021-01-05 09:39:55.461,0.0347,0.0343,24.0,0.034,10.0,11066.0,123.0
2021-01-05 09:39:56.120,0.0347,0.0343,54.0,0.0341,12.0,11066.0,123.0
2021-01-05 09:39:56.691,0.0341,0.0343,44.0,0.0341,22.0,11068.0,125.0
2021-01-05 09:39:57.181,0.0341,0.0343,24.0,0.0341,10.0,11068.0,125.0
2021-01-05 09:39:57.580,0.0341,0.0343,24.0,0.0341,10.0,11068.0,125.0
2021-01-05 09:39:58.170,0.0341,0.0343,10.0,0.0341,10.0,11068.0,125.0
2021-01-05 09:39:58.600,0.0341,0.0343,10.0,0.0341,10.0,11068.0,125.0
2021-01-05 09:39:58.940,0.0341,0.0343,10.0,0.034,32.0,11068.0,125.0
2021-01-05 09:40:01.201,0.0341,0.0344,20.0,0.0341,12.0,11068.0,125.0
2021-01-05 09:40:01.551,0.0341,0.0344,34.0,0.0341,22.0,11068.0,125.0
2021-01-05 09:40:02.200,0.0341,0.0344,34.0,0.0341,22.0,11068.0,125.0
2021-01-05 09:40:02.671,0.0341,0.0344,10.0,0.0342,10.0,11068.0,125.0
2021-01-05 09:40:03.171,0.0341,0.0344,10.0,0.0341,32.0,11068.0,125.0
2021-01-05 09:40:03.691,0.0341,0.0344,10.0,0.0342,10.0,11068.0,125.0
2021-01-05 09:40:04.160,0.0341,0.0344,10.0,0.0341,32.0,11068.0,125.0
2021-01-05 09:40:04.700,0.0341,0.0344,24.0,0.0342,10.0,11068.0,125.0
2021-01-05 09:40:05.170,0.0341,0.0344,10.0,0.0342,10.0,11068.0,125.0
2021-01-05 09:40:05.701,0.0341,0.0344,10.0,0.0341,22.0,11068.0,125.0
2021-01-05 09:40:06.200,0.0341,0.0344,10.0,0.0341,22.0,11068.0,125.0
2021-01-05 09:40:06.701,0.0341,0.0344,10.0,0.0341,22.0,11068.0,125.0
2021-01-05 09:40:08.200,0.0341,0.0344,10.0,0.0342,10.0,11068.0,125.0
2021-01-05 09:40:08.690,0.0341,0.0344,10.0,0.0342,10.0,11068.0,125.0
2021-01-05 09:40:09.191,0.0341,0.0344,10.0,0.0342,12.0,11068.0,125.0
2021-01-05 09:40:09.691,0.0341,0.0344,10.0,0.0342,12.0,11068.0,125.0
2021-01-05 09:40:10.150,0.0341,0.0344,22.0,0.0341,30.0,11068.0,125.0
2021-01-05 09:40:10.680,0.0341,0.0344,10.0,0.0341,42.0,11068.0,125.0
2021-01-05 09:40:11.170,0.0341,0.0344,10.0,0.0341,42.0,11068.0,125.0
2021-01-05 09:40:11.671,0.0341,0.0344,10.0,0.0342,10.0,11068.0,125.0
2021-01-05 09:40:12.190,0.0341,0.0344,10.0,0.0342,22.0,11068.0,125.0
2021-01-05 09:40:12.680,0.0341,0.0344,10.0,0.0342,32.0,11068.0,125.0
2021-01-05 09:40:13.170,0.0341,0.0344,10.0,0.0342,42.0,11068.0,125.0
2021-01-05 09:40:13.700,0.0341,0.0344,10.0,0.0343,12.0,11068.0,125.0
2021-01-05 09:40:14.150,0.0341,0.0346,22.0,0.0342,42.0,11068.0,125.0
2021-01-05 09:40:14.701,0.0341,0.0346,36.0,0.0344,10.0,11068.0,125.0
2021-01-05 09:40:15.120,0.0341,0.0346,36.0,0.0344,10.0,11068.0,125.0
2021-01-05 09:40:15.690,0.0341,0.0346,36.0,0.0343,20.0,11068.0,125.0
2021-01-05 09:40:16.610,0.0341,0.0346,36.0,0.0343,20.0,11068.0,125.0
2021-01-05 09:40:17.191,0.0341,0.0346,10.0,0.0343,32.0,11068.0,125.0
2021-01-05 09:40:17.661,0.0341,0.0346,10.0,0.0344,10.0,11068.0,125.0
2021-01-05 09:40:18.161,0.0341,0.0346,10.0,0.0343,42.0,11068.0,125.0
2021-01-05 09:40:19.711,0.0341,0.0346,10.0,0.0343,42.0,11068.0,125.0
2021-01-05 09:40:20.191,0.0341,0.0346,36.0,0.0343,10.0,11068.0,125.0
2021-01-05 09:40:20.691,0.0341,0.0346,46.0,0.0343,10.0,11068.0,125.0
2021-01-05 09:40:21.200,0.0341,0.0346,66.0,0.0343,10.0,11068.0,125.0
2021-01-05 09:40:22.591,0.0341,0.0345,12.0,0.0343,10.0,11068.0,125.0
2021-01-05 09:40:23.200,0.0341,0.0345,12.0,0.0342,20.0,11068.0,125.0
2021-01-05 09:40:23.701,0.0341,0.0345,32.0,0.0342,20.0,11068.0,125.0
2021-01-05 09:40:24.160,0.0341,0.0345,12.0,0.0342,20.0,11068.0,125.0
2021-01-05 09:40:24.681,0.0341,0.0345,32.0,0.0342,20.0,11068.0,125.0
2021-01-05 09:40:25.121,0.0341,0.0346,52.0,0.0342,32.0,11068.0,125.0
2021-01-05 09:40:25.570,0.0341,0.0345,32.0,0.0342,10.0,11068.0,125.0
2021-01-05 09:40:26.181,0.0341,0.0346,52.0,0.0342,32.0,11068.0,125.0
2021-01-05 09:40:26.650,0.0341,0.0345,32.0,0.0342,20.0,11068.0,125.0
2021-01-05 09:40:27.140,0.0341,0.0344,12.0,0.0342,10.0,11068.0,125.0
2021-01-05 09:40:27.701,0.0341,0.0344,12.0,0.0341,31.0,11068.0,125.0
2021-01-05 09:40:28.200,0.0341,0.0344,12.0,0.0341,31.0,11068.0,125.0
2021-01-05 09:40:28.690,0.0341,0.0342,10.0,0.0341,21.0,11068.0,125.0
2021-01-05 09:40:29.170,0.0341,0.0342,10.0,0.0341,21.0,11068.0,125.0
2021-01-05 09:40:30.160,0.0341,0.0342,10.0,0.0341,11.0,11068.0,125.0
2021-01-05 09:40:31.631,0.0341,0.0342,10.0,0.0341,9.0,11069.0,127.0
2021-01-05 09:40:32.611,0.0341,0.0342,10.0,0.0341,19.0,11069.0,127.0
2021-01-05 09:40:33.191,0.0341,0.0342,10.0,0.0341,19.0,11069.0,127.0
2021-01-05 09:40:33.681,0.0341,0.0342,10.0,0.0341,29.0,11069.0,127.0
2021-01-05 09:40:34.171,0.0341,0.0344,10.0,0.0341,41.0,11069.0,127.0
2021-01-05 09:40:34.601,0.0341,0.0344,10.0,0.0341,41.0,11069.0,127.0
2021-01-05 09:40:35.201,0.0341,0.0344,10.0,0.0341,29.0,11069.0,127.0
2021-01-05 09:40:35.681,0.0341,0.0344,10.0,0.0341,41.0,11069.0,127.0
2021-01-05 09:40:36.161,0.0341,0.0344,10.0,0.0341,41.0,11069.0,127.0
2021-01-05 09:40:36.620,0.0341,0.0344,10.0,0.0341,31.0,11069.0,127.0
2021-01-05 09:40:38.130,0.0341,0.0344,10.0,0.0342,12.0,11069.0,127.0
2021-01-05 09:40:38.651,0.0341,0.0344,10.0,0.0341,29.0,11069.0,127.0
2021-01-05 09:40:39.041,0.0341,0.0344,10.0,0.0341,20.0,11069.0,127.0
2021-01-05 09:40:39.681,0.0341,0.0343,12.0,0.0341,20.0,11069.0,127.0
2021-01-05 09:40:40.151,0.0341,0.0344,22.0,0.0341,20.0,11069.0,127.0
2021-01-05 09:40:40.670,0.0341,0.0343,12.0,0.0341,30.0,11069.0,127.0
2021-01-05 09:40:41.191,0.0341,0.0344,10.0,0.0341,42.0,11069.0,127.0
2021-01-05 09:40:41.640,0.0341,0.0344,10.0,0.0342,10.0,11069.0,127.0
2021-01-05 09:40:42.180,0.0341,0.0344,10.0,0.0342,10.0,11069.0,127.0
2021-01-05 09:40:43.621,0.0341,0.0344,10.0,0.0342,22.0,11069.0,127.0
2021-01-05 09:40:48.160,0.0341,0.0344,10.0,0.0342,22.0,11069.0,127.0
2021-01-05 09:40:48.700,0.0341,0.0344,10.0,0.0342,32.0,11069.0,127.0
2021-01-05 09:40:49.111,0.0341,0.0344,10.0,0.0342,10.0,11069.0,127.0
2021-01-05 09:40:51.601,0.0341,0.0344,10.0,0.0342,32.0,11069.0,127.0
2021-01-05 09:40:52.661,0.0341,0.0344,10.0,0.0342,42.0,11069.0,127.0
2021-01-05 09:40:54.141,0.0341,0.0344,10.0,0.0342,32.0,11069.0,127.0
2021-01-05 09:40:54.661,0.0341,0.0344,10.0,0.0343,12.0,11069.0,127.0
2021-01-05 09:40:55.111,0.0341,0.0344,10.0,0.0342,20.0,11069.0,127.0
2021-01-05 09:40:55.240,0.0341,0.0344,10.0,0.0343,12.0,11069.0,127.0
2021-01-05 09:40:56.121,0.0341,0.0346,41.0,0.0343,12.0,11069.0,127.0
2021-01-05 09:40:56.711,0.0341,0.0345,24.0,0.0342,22.0,11069.0,127.0
2021-01-05 09:40:57.180,0.0341,0.0345,34.0,0.0341,21.0,11069.0,127.0
2021-01-05 09:40:57.710,0.0341,0.0345,24.0,0.0343,12.0,11069.0,127.0
2021-01-05 09:40:58.200,0.0341,0.0345,10.0,0.0342,22.0,11069.0,127.0
2021-01-05 09:40:58.721,0.0341,0.0345,10.0,0.0342,22.0,11069.0,127.0
2021-01-05 09:41:00.980,0.0341,0.0345,20.0,0.0342,22.0,11069.0,127.0
2021-01-05 09:41:01.650,0.0341,0.0345,10.0,0.0342,32.0,11069.0,127.0
2021-01-05 09:41:02.190,0.0341,0.0345,10.0,0.0342,22.0,11069.0,127.0
2021-01-05 09:41:02.661,0.0345,0.0346,43.0,0.0345,10.0,11079.0,137.0
2021-01-05 09:41:03.110,0.0345,0.0345,22.0,0.0343,10.0,11089.0,147.0
2021-01-05 09:41:03.721,0.0345,0.0345,10.0,0.0342,22.0,11089.0,147.0
2021-01-05 09:41:04.180,0.0345,0.0345,10.0,0.0342,22.0,11089.0,147.0
2021-01-05 09:41:04.680,0.0345,0.0345,24.0,0.0342,22.0,11089.0,147.0
2021-01-05 09:41:05.220,0.0345,0.0345,10.0,0.0342,22.0,11089.0,147.0
2021-01-05 09:41:05.660,0.0345,0.0345,24.0,0.0342,22.0,11089.0,147.0
2021-01-05 09:41:06.221,0.0345,0.0345,24.0,0.0342,22.0,11089.0,147.0
2021-01-05 09:41:06.620,0.0345,0.0345,64.0,0.0342,22.0,11089.0,147.0
2021-01-05 09:41:07.100,0.0345,0.0345,64.0,0.0341,21.0,11089.0,147.0
2021-01-05 09:41:07.631,0.0345,0.0345,76.0,0.0341,33.0,11089.0,147.0
2021-01-05 09:41:08.130,0.0345,0.0345,76.0,0.0341,33.0,11089.0,147.0
2021-01-05 09:41:08.701,0.0345,0.0345,76.0,0.0341,43.0,11089.0,147.0
2021-01-05 09:41:09.210,0.0345,0.0345,76.0,0.0341,33.0,11089.0,147.0
2021-01-05 09:41:09.661,0.0345,0.0344,12.0,0.0341,11.0,11089.0,147.0
2021-01-05 09:41:10.220,0.0345,0.0345,62.0,0.0341,33.0,11089.0,147.0
2021-01-05 09:41:10.710,0.0345,0.0344,46.0,0.0341,11.0,11089.0,147.0
2021-01-05 09:41:11.140,0.0345,0.0344,26.0,0.0341,1.0,11089.0,147.0
2021-01-05 09:41:11.711,0.0345,0.0344,14.0,0.0341,23.0,11089.0,147.0
2021-01-05 09:41:12.151,0.0345,0.0344,46.0,0.0341,11.0,11089.0,147.0
2021-01-05 09:41:12.710,0.0345,0.0343,12.0,0.0341,11.0,11089.0,147.0
2021-01-05 09:41:13.161,0.0345,0.0344,12.0,0.0341,11.0,11089.0,147.0
2021-01-05 09:41:13.701,0.0345,0.0344,26.0,0.0341,31.0,11089.0,147.0
2021-01-05 09:41:14.160,0.0345,0.0343,12.0,0.0341,1.0,11089.0,147.0
2021-01-05 09:41:15.180,0.0345,0.0344,14.0,0.0341,31.0,11089.0,147.0
2021-01-05 09:41:15.651,0.0345,0.0344,24.0,0.0341,33.0,11089.0,147.0
2021-01-05 09:41:16.210,0.0345,0.0344,24.0,0.0341,33.0,11089.0,147.0
2021-01-05 09:41:16.500,0.0345,0.0344,36.0,0.0341,21.0,11089.0,147.0
2021-01-05 09:41:17.211,0.0345,0.0344,36.0,0.0341,31.0,11089.0,147.0
2021-01-05 09:41:17.670,0.0345,0.0344,24.0,0.0341,43.0,11089.0,147.0
2021-01-05 09:41:18.200,0.0345,0.0344,34.0,0.0341,43.0,11089.0,147.0
2021-01-05 09:41:18.600,0.0345,0.0344,34.0,0.0341,13.0,11089.0,147.0
2021-01-05 09:41:19.161,0.0345,0.0344,44.0,0.0341,13.0,11089.0,147.0
2021-01-05 09:41:19.601,0.0345,0.0344,34.0,0.0341,23.0,11089.0,147.0
2021-01-05 09:41:20.070,0.0345,0.0344,34.0,0.0342,12.0,11089.0,147.0
2021-01-05 09:41:21.190,0.0345,0.0344,34.0,0.0341,11.0,11089.0,147.0
2021-01-05 09:41:21.551,0.0345,0.0344,34.0,0.0341,23.0,11089.0,147.0
2021-01-05 09:41:22.190,0.0345,0.0344,34.0,0.0341,13.0,11089.0,147.0
2021-01-05 09:41:22.700,0.0345,0.0344,46.0,0.0341,1.0,11089.0,147.0
2021-01-05 09:41:23.061,0.0345,0.0344,44.0,0.0341,13.0,11089.0,147.0
2021-01-05 09:41:24.171,0.0345,0.0344,34.0,0.0341,23.0,11089.0,147.0
2021-01-05 09:41:24.651,0.0345,0.0344,46.0,0.0341,1.0,11089.0,147.0
2021-01-05 09:41:25.120,0.0345,0.0343,12.0,0.0341,11.0,11089.0,147.0
2021-01-05 09:41:25.641,0.0345,0.0344,52.0,0.0341,1.0,11089.0,147.0
2021-01-05 09:41:26.190,0.0345,0.0344,66.0,0.0341,1.0,11089.0,147.0
2021-01-05 09:41:27.131,0.0345,0.0344,66.0,0.0341,11.0,11089.0,147.0
2021-01-05 09:41:27.710,0.0345,0.0343,12.0,0.0341,1.0,11089.0,147.0
2021-01-05 09:41:28.171,0.0345,0.0343,12.0,0.0341,1.0,11089.0,147.0
2021-01-05 09:41:28.540,0.0345,0.0343,12.0,0.0341,11.0,11089.0,147.0
2021-01-05 09:41:30.670,0.0345,0.0343,12.0,0.0341,11.0,11089.0,147.0
2021-01-05 09:41:31.181,0.0345,0.0344,20.0,0.0341,11.0,11089.0,147.0
2021-01-05 09:41:31.700,0.0345,0.0344,66.0,0.0341,1.0,11089.0,147.0
2021-01-05 09:41:32.670,0.0345,0.0344,46.0,0.0341,11.0,11089.0,147.0
2021-01-05 09:41:33.171,0.0345,0.0343,12.0,0.0341,1.0,11089.0,147.0
2021-01-05 09:41:33.680,0.0345,0.0344,20.0,0.0341,23.0,11089.0,147.0
2021-01-05 09:41:34.120,0.0345,0.0344,34.0,0.0341,23.0,11089.0,147.0
2021-01-05 09:41:34.720,0.0345,0.0344,46.0,0.0341,11.0,11089.0,147.0
2021-01-05 09:41:35.221,0.0345,0.0344,46.0,0.0341,1.0,11089.0,147.0
2021-01-05 09:41:35.721,0.0345,0.0344,52.0,0.0341,1.0,11089.0,147.0
2021-01-05 09:41:36.070,0.0345,0.0343,24.0,0.0341,1.0,11089.0,147.0
2021-01-05 09:41:36.720,0.0345,0.0343,56.0,0.0341,1.0,11089.0,147.0
2021-01-05 09:41:37.210,0.0345,0.0343,44.0,0.0341,1.0,11089.0,147.0
2021-01-05 09:41:37.500,0.0341,0.0342,10.0,0.034,10.0,11090.0,148.0
2021-01-05 09:41:38.220,0.0341,0.0342,20.0,0.0339,32.0,11090.0,148.0
2021-01-05 09:41:38.650,0.0341,0.0342,20.0,0.034,12.0,11090.0,148.0
2021-01-05 09:41:39.221,0.0341,0.0342,30.0,0.0339,20.0,11090.0,148.0
2021-01-05 09:41:39.521,0.0341,0.0342,30.0,0.0339,22.0,11090.0,148.0
2021-01-05 09:41:40.721,0.0341,0.0342,30.0,0.0339,32.0,11090.0,148.0
2021-01-05 09:41:41.130,0.0341,0.0342,20.0,0.0339,32.0,11090.0,148.0
2021-01-05 09:41:42.201,0.0341,0.0342,20.0,0.0339,30.0,11090.0,148.0
2021-01-05 09:41:42.700,0.0341,0.0342,20.0,0.034,12.0,11090.0,148.0
2021-01-05 09:41:43.080,0.0341,0.0342,20.0,0.034,12.0,11090.0,148.0
2021-01-05 09:41:44.671,0.0341,0.0342,20.0,0.034,22.0,11090.0,148.0
2021-01-05 09:41:45.190,0.0341,0.0342,20.0,0.034,22.0,11090.0,148.0
2021-01-05 09:41:45.701,0.0341,0.0342,20.0,0.0341,12.0,11090.0,148.0
2021-01-05 09:41:46.241,0.0341,0.0342,20.0,0.0341,12.0,11090.0,148.0
2021-01-05 09:41:47.170,0.0341,0.0342,10.0,0.034,22.0,11090.0,148.0
2021-01-05 09:41:47.741,0.0341,0.0343,10.0,0.034,15.0,11090.0,148.0
2021-01-05 09:41:48.181,0.0341,0.0343,24.0,0.034,5.0,11090.0,148.0
2021-01-05 09:41:48.740,0.0341,0.0343,30.0,0.0341,12.0,11090.0,148.0
2021-01-05 09:41:49.191,0.0341,0.0343,24.0,0.0342,12.0,11090.0,148.0
2021-01-05 09:41:49.451,0.0341,0.0343,44.0,0.034,17.0,11090.0,148.0
2021-01-05 09:41:50.231,0.0341,0.0342,10.0,0.034,17.0,11090.0,148.0
2021-01-05 09:41:50.751,0.0341,0.0342,24.0,0.034,5.0,11090.0,148.0
2021-01-05 09:41:51.251,0.0341,0.0342,10.0,0.034,27.0,11090.0,148.0
2021-01-05 09:41:51.760,0.0341,0.0342,20.0,0.034,15.0,11090.0,148.0
2021-01-05 09:41:52.261,0.0341,0.0342,36.0,0.034,5.0,11090.0,148.0
2021-01-05 09:41:52.690,0.0341,0.0341,12.0,0.034,5.0,11090.0,148.0
2021-01-05 09:41:53.151,0.0341,0.0341,12.0,0.034,5.0,11090.0,148.0
2021-01-05 09:41:54.161,0.0341,0.0342,46.0,0.034,5.0,11090.0,148.0
2021-01-05 09:41:54.591,0.0341,0.0342,34.0,0.034,5.0,11090.0,148.0
2021-01-05 09:41:55.160,0.0341,0.0342,46.0,0.034,5.0,11090.0,148.0
2021-01-05 09:41:55.671,0.0341,0.0342,34.0,0.034,5.0,11090.0,148.0
2021-01-05 09:41:56.151,0.0341,0.0341,10.0,0.034,5.0,11090.0,148.0
2021-01-05 09:41:56.670,0.0341,0.0341,10.0,0.034,5.0,11090.0,148.0
2021-01-05 09:41:57.110,0.0341,0.0341,20.0,0.034,5.0,11090.0,148.0
2021-01-05 09:41:57.640,0.0341,0.0341,20.0,0.034,5.0,11090.0,148.0
2021-01-05 09:41:58.140,0.0341,0.0341,20.0,0.034,5.0,11090.0,148.0
2021-01-05 09:41:58.660,0.0341,0.0341,20.0,0.034,5.0,11090.0,148.0
2021-01-05 09:41:59.700,0.0341,0.0341,20.0,0.034,5.0,11090.0,148.0
2021-01-05 09:42:00.151,0.0341,0.0341,20.0,0.034,5.0,11090.0,148.0
2021-01-05 09:42:00.701,0.0341,0.0341,32.0,0.034,5.0,11090.0,148.0
2021-01-05 09:42:01.190,0.0341,0.0341,20.0,0.034,5.0,11090.0,148.0
2021-01-05 09:42:01.651,0.0341,0.0341,20.0,0.034,5.0,11090.0,148.0
2021-01-05 09:42:02.201,0.0341,0.0341,20.0,0.034,5.0,11090.0,148.0
2021-01-05 09:42:02.710,0.0341,0.0341,34.0,0.034,5.0,11090.0,148.0
2021-01-05 09:42:03.161,0.0341,0.0341,34.0,0.034,5.0,11090.0,148.0
2021-01-05 09:42:03.690,0.0341,0.0341,20.0,0.034,5.0,11090.0,148.0
2021-01-05 09:42:04.641,0.0341,0.0341,20.0,0.034,5.0,11090.0,148.0
2021-01-05 09:42:05.211,0.0341,0.0341,32.0,0.034,5.0,11090.0,148.0
2021-01-05 09:42:05.711,0.0341,0.0341,46.0,0.034,5.0,11090.0,148.0
2021-01-05 09:42:06.690,0.0341,0.0341,20.0,0.034,5.0,11090.0,148.0
2021-01-05 09:42:07.230,0.0341,0.0341,32.0,0.034,5.0,11090.0,148.0
2021-01-05 09:42:07.691,0.0341,0.0341,46.0,0.034,5.0,11090.0,148.0
2021-01-05 09:42:09.230,0.0341,0.0341,46.0,0.034,5.0,11090.0,148.0
2021-01-05 09:42:09.551,0.0341,0.0341,46.0,0.034,5.0,11090.0,148.0
2021-01-05 09:42:10.220,0.0341,0.0341,46.0,0.034,5.0,11090.0,148.0
2021-01-05 09:42:10.681,0.0341,0.0341,46.0,0.034,5.0,11090.0,148.0
2021-01-05 09:42:11.211,0.034,0.0341,46.0,0.0337,22.0,11095.0,153.0
2021-01-05 09:42:11.651,0.034,0.034,10.0,0.0337,22.0,11095.0,153.0
2021-01-05 09:42:12.210,0.034,0.034,24.0,0.0337,22.0,11095.0,153.0
2021-01-05 09:42:12.721,0.034,0.034,24.0,0.0337,22.0,11095.0,153.0
2021-01-05 09:42:13.211,0.034,0.034,20.0,0.0337,22.0,11095.0,153.0
2021-01-05 09:42:13.731,0.034,0.034,20.0,0.0337,22.0,11095.0,153.0
2021-01-05 09:42:14.671,0.034,0.034,20.0,0.0337,22.0,11095.0,153.0
2021-01-05 09:42:15.151,0.034,0.034,10.0,0.0337,32.0,11095.0,153.0
2021-01-05 09:42:15.650,0.034,0.0341,32.0,0.0337,32.0,11095.0,153.0
2021-01-05 09:42:16.181,0.034,0.0341,56.0,0.0337,32.0,11095.0,153.0
2021-01-05 09:42:16.701,0.034,0.0341,46.0,0.0337,32.0,11095.0,153.0
2021-01-05 09:42:17.241,0.034,0.0341,34.0,0.0338,12.0,11095.0,153.0
2021-01-05 09:42:18.701,0.034,0.0341,20.0,0.0339,12.0,11095.0,153.0
2021-01-05 09:42:19.721,0.034,0.0341,20.0,0.0338,12.0,11095.0,153.0
2021-01-05 09:42:20.150,0.034,0.0341,20.0,0.0338,22.0,11095.0,153.0
2021-01-05 09:42:21.231,0.034,0.0341,20.0,0.0338,10.0,11095.0,153.0
2021-01-05 09:42:21.621,0.034,0.0341,34.0,0.0339,22.0,11095.0,153.0
2021-01-05 09:42:22.221,0.034,0.0341,44.0,0.0338,10.0,11095.0,153.0
2021-01-05 09:42:22.370,0.034,0.0341,44.0,0.0338,10.0,11095.0,153.0
2021-01-05 09:42:22.981,0.034,0.0341,44.0,0.0339,12.0,11095.0,153.0
2021-01-05 09:42:23.631,0.034,0.0341,44.0,0.0338,22.0,11095.0,153.0
2021-01-05 09:42:24.151,0.034,0.0341,44.0,0.0338,22.0,11095.0,153.0
2021-01-05 09:42:26.130,0.034,0.0341,44.0,0.0338,12.0,11095.0,153.0
2021-01-05 09:42:26.701,0.034,0.0341,34.0,0.0338,12.0,11095.0,153.0
2021-01-05 09:42:27.171,0.034,0.0341,34.0,0.0339,12.0,11095.0,153.0
2021-01-05 09:42:27.651,0.034,0.0341,34.0,0.0339,12.0,11095.0,153.0
2021-01-05 09:42:29.720,0.034,0.0341,34.0,0.0338,10.0,11095.0,153.0
2021-01-05 09:42:30.220,0.034,0.0341,34.0,0.0338,22.0,11095.0,153.0
2021-01-05 09:42:30.710,0.034,0.0341,20.0,0.0339,22.0,11095.0,153.0
2021-01-05 09:42:31.200,0.034,0.0341,20.0,0.0338,22.0,11095.0,153.0
2021-01-05 09:42:31.720,0.034,0.0341,20.0,0.0339,12.0,11095.0,153.0
2021-01-05 09:42:33.121,0.034,0.0341,30.0,0.0339,12.0,11095.0,153.0
2021-01-05 09:42:33.720,0.034,0.0341,30.0,0.0338,32.0,11095.0,153.0
2021-01-05 09:42:34.210,0.034,0.0341,30.0,0.0339,12.0,11095.0,153.0
2021-01-05 09:42:34.731,0.034,0.0341,30.0,0.0339,12.0,11095.0,153.0
2021-01-05 09:42:35.701,0.034,0.0341,30.0,0.0339,10.0,11095.0,153.0
2021-01-05 09:42:36.650,0.034,0.0341,30.0,0.0339,22.0,11095.0,153.0
2021-01-05 09:42:37.251,0.034,0.0341,30.0,0.0338,32.0,11095.0,153.0
2021-01-05 09:42:37.751,0.034,0.0341,30.0,0.0338,22.0,11095.0,153.0
2021-01-05 09:42:38.200,0.034,0.0341,30.0,0.0338,22.0,11095.0,153.0
2021-01-05 09:42:39.220,0.034,0.0341,30.0,0.0339,12.0,11095.0,153.0
2021-01-05 09:42:40.221,0.034,0.0341,30.0,0.0338,22.0,11095.0,153.0
2021-01-05 09:42:40.721,0.034,0.0341,30.0,0.0339,12.0,11095.0,153.0
2021-01-05 09:42:41.201,0.034,0.0341,30.0,0.0339,12.0,11095.0,153.0
2021-01-05 09:42:41.731,0.034,0.0341,50.0,0.0339,12.0,11095.0,153.0
2021-01-05 09:42:42.250,0.034,0.0341,50.0,0.0338,22.0,11095.0,153.0
2021-01-05 09:42:42.640,0.034,0.0341,30.0,0.0339,12.0,11095.0,153.0
2021-01-05 09:42:43.251,0.034,0.0341,30.0,0.0338,10.0,11095.0,153.0
2021-01-05 09:42:43.741,0.034,0.0341,42.0,0.0339,10.0,11095.0,153.0
2021-01-05 09:42:44.211,0.034,0.0341,42.0,0.0339,10.0,11095.0,153.0
2021-01-05 09:42:44.751,0.034,0.034,12.0,0.0338,10.0,11095.0,153.0
2021-01-05 09:42:45.191,0.034,0.0341,40.0,0.0339,10.0,11095.0,153.0
2021-01-05 09:42:45.650,0.034,0.0341,62.0,0.0339,10.0,11095.0,153.0
2021-01-05 09:42:46.240,0.034,0.0341,62.0,0.0338,10.0,11095.0,153.0
2021-01-05 09:42:46.741,0.034,0.0341,52.0,0.0338,10.0,11095.0,153.0
2021-01-05 09:42:47.231,0.034,0.0341,32.0,0.0338,10.0,11095.0,153.0
2021-01-05 09:42:48.171,0.034,0.0341,32.0,0.0338,10.0,11095.0,153.0
2021-01-05 09:42:48.720,0.034,0.0341,20.0,0.0338,22.0,11095.0,153.0
2021-01-05 09:42:49.750,0.034,0.0341,20.0,0.0339,10.0,11095.0,153.0
2021-01-05 09:42:50.261,0.034,0.0341,50.0,0.0339,10.0,11095.0,153.0
2021-01-05 09:42:50.720,0.034,0.0341,50.0,0.0339,10.0,11095.0,153.0
2021-01-05 09:42:51.060,0.034,0.0341,50.0,0.0338,22.0,11095.0,153.0
2021-01-05 09:42:51.761,0.034,0.0341,50.0,0.0338,22.0,11095.0,153.0
2021-01-05 09:42:52.601,0.034,0.0341,50.0,0.0338,22.0,11095.0,153.0
2021-01-05 09:42:53.640,0.034,0.0341,62.0,0.0338,10.0,11095.0,153.0
2021-01-05 09:42:54.191,0.034,0.0341,50.0,0.0338,22.0,11095.0,153.0
2021-01-05 09:42:55.190,0.034,0.0341,50.0,0.0338,22.0,11095.0,153.0
2021-01-05 09:42:55.701,0.034,0.0341,62.0,0.0338,10.0,11095.0,153.0
2021-01-05 09:42:56.191,0.034,0.0341,62.0,0.0338,10.0,11095.0,153.0
2021-01-05 09:42:56.631,0.034,0.0341,62.0,0.0338,10.0,11095.0,153.0
2021-01-05 09:42:58.220,0.034,0.0341,72.0,0.0338,10.0,11095.0,153.0
2021-01-05 09:42:58.731,0.034,0.0341,62.0,0.0338,10.0,11095.0,153.0
2021-01-05 09:42:59.230,0.034,0.0341,50.0,0.0339,12.0,11095.0,153.0
2021-01-05 09:42:59.730,0.034,0.0341,50.0,0.0338,10.0,11095.0,153.0
2021-01-05 09:42:59.951,0.034,0.0341,62.0,0.0338,10.0,11095.0,153.0
2021-01-05 09:43:00.721,0.034,0.0341,50.0,0.0338,22.0,11095.0,153.0
2021-01-05 09:43:02.681,0.034,0.0341,82.0,0.0338,10.0,11095.0,153.0
2021-01-05 09:43:03.241,0.034,0.0341,84.0,0.0338,22.0,11095.0,153.0
2021-01-05 09:43:04.231,0.034,0.0341,64.0,0.0338,22.0,11095.0,153.0
2021-01-05 09:43:04.740,0.034,0.034,5.0,0.0338,22.0,11095.0,153.0
2021-01-05 09:43:05.251,0.034,0.034,5.0,0.0338,22.0,11095.0,153.0
2021-01-05 09:43:05.681,0.034,0.034,5.0,0.0338,22.0,11095.0,153.0
2021-01-05 09:43:06.171,0.034,0.034,5.0,0.0338,32.0,11095.0,153.0
2021-01-05 09:43:07.231,0.034,0.034,5.0,0.0339,12.0,11095.0,153.0
2021-01-05 09:43:07.710,0.034,0.034,5.0,0.0339,12.0,11095.0,153.0
2021-01-05 09:43:08.200,0.034,0.0341,40.0,0.034,7.0,11095.0,158.0
2021-01-05 09:43:08.701,0.034,0.0341,40.0,0.0338,20.0,11095.0,158.0
2021-01-05 09:43:09.231,0.034,0.0341,40.0,0.0339,12.0,11095.0,158.0
2021-01-05 09:43:09.740,0.034,0.0341,40.0,0.0339,12.0,11095.0,158.0
2021-01-05 09:43:10.150,0.034,0.0341,40.0,0.0338,22.0,11095.0,158.0
2021-01-05 09:43:10.150,0.034,0.0341,40.0,0.0338,22.0,11095.0,158.0
2021-01-05 09:43:11.250,0.034,0.0341,40.0,0.0338,22.0,11095.0,158.0
2021-01-05 09:43:12.171,0.034,0.0341,40.0,0.0338,22.0,11095.0,158.0
2021-01-05 09:43:12.730,0.034,0.0341,40.0,0.0338,22.0,11095.0,158.0
2021-01-05 09:43:13.210,0.034,0.0341,40.0,0.0339,12.0,11095.0,158.0
2021-01-05 09:43:13.740,0.034,0.0341,40.0,0.0339,12.0,11095.0,158.0
2021-01-05 09:43:14.270,0.034,0.0341,40.0,0.034,12.0,11095.0,158.0
2021-01-05 09:43:14.770,0.034,0.0341,40.0,0.034,12.0,11095.0,158.0
2021-01-05 09:43:15.711,0.034,0.0341,40.0,0.034,22.0,11095.0,158.0
2021-01-05 09:43:16.270,0.034,0.0341,40.0,0.034,12.0,11095.0,158.0
2021-01-05 09:43:16.720,0.034,0.0341,40.0,0.0339,32.0,11095.0,158.0
2021-01-05 09:43:17.271,0.034,0.0341,40.0,0.034,22.0,11095.0,158.0
2021-01-05 09:43:17.771,0.034,0.0341,40.0,0.034,12.0,11095.0,158.0
2021-01-05 09:43:18.270,0.0341,0.0341,28.0,0.0339,20.0,11095.0,170.0
2021-01-05 09:43:18.270,0.0341,0.0341,28.0,0.034,22.0,11095.0,170.0
2021-01-05 09:43:19.261,0.0341,0.0341,38.0,0.034,10.0,11095.0,170.0
2021-01-05 09:43:19.761,0.0341,0.0341,38.0,0.034,10.0,11095.0,170.0
2021-01-05 09:43:20.731,0.0341,0.0341,38.0,0.034,10.0,11095.0,170.0
2021-01-05 09:43:21.271,0.0341,0.0341,50.0,0.034,10.0,11095.0,170.0
2021-01-05 09:43:21.701,0.0341,0.0341,50.0,0.034,10.0,11095.0,170.0
2021-01-05 09:43:22.281,0.0341,0.0341,50.0,0.034,10.0,11095.0,170.0
2021-01-05 09:43:22.671,0.0341,0.0341,38.0,0.034,10.0,11095.0,170.0
2021-01-05 09:43:23.190,0.0341,0.0341,50.0,0.034,10.0,11095.0,170.0
2021-01-05 09:43:24.120,0.0341,0.0341,50.0,0.034,10.0,11095.0,170.0
2021-01-05 09:43:25.201,0.0341,0.0341,50.0,0.034,10.0,11095.0,170.0
2021-01-05 09:43:25.701,0.034,0.034,2.0,0.0338,20.0,11095.0,180.0
2021-01-05 09:43:26.181,0.034,0.034,12.0,0.0338,10.0,11095.0,180.0
2021-01-05 09:43:26.621,0.034,0.0341,50.0,0.0338,10.0,11095.0,180.0
2021-01-05 09:43:27.190,0.034,0.0341,50.0,0.0337,42.0,11095.0,180.0
2021-01-05 09:43:27.591,0.034,0.0341,38.0,0.0338,12.0,11095.0,180.0
2021-01-05 09:43:28.091,0.034,0.0341,50.0,0.0337,56.0,11095.0,180.0
2021-01-05 09:43:29.080,0.034,0.0341,50.0,0.0337,46.0,11095.0,180.0
2021-01-05 09:43:29.660,0.034,0.0341,50.0,0.0338,10.0,11095.0,180.0
2021-01-05 09:43:31.111,0.034,0.0341,60.0,0.0337,56.0,11095.0,180.0
2021-01-05 09:43:31.720,0.034,0.0341,60.0,0.0337,46.0,11095.0,180.0
2021-01-05 09:43:32.181,0.034,0.0341,48.0,0.0337,44.0,11095.0,180.0
2021-01-05 09:43:32.680,0.034,0.0341,58.0,0.0338,12.0,11095.0,180.0
2021-01-05 09:43:33.141,0.034,0.0341,48.0,0.0338,12.0,11095.0,180.0
2021-01-05 09:43:33.600,0.034,0.0341,48.0,0.0338,12.0,11095.0,180.0
2021-01-05 09:43:34.221,0.034,0.0341,48.0,0.0337,44.0,11095.0,180.0
2021-01-05 09:43:34.230,0.034,0.0341,48.0,0.0338,12.0,11095.0,180.0
2021-01-05 09:43:35.160,0.034,0.0341,48.0,0.0338,12.0,11095.0,180.0
2021-01-05 09:43:35.681,0.034,0.0341,48.0,0.0338,12.0,11095.0,180.0
2021-01-05 09:43:36.221,0.034,0.0341,48.0,0.0338,12.0,11095.0,180.0
2021-01-05 09:43:36.661,0.034,0.0341,38.0,0.0338,32.0,11095.0,180.0
2021-01-05 09:43:37.181,0.034,0.0341,38.0,0.0338,46.0,11095.0,180.0
2021-01-05 09:43:37.631,0.034,0.0341,38.0,0.0338,46.0,11095.0,180.0
2021-01-05 09:43:38.221,0.034,0.0341,38.0,0.0338,22.0,11095.0,180.0
2021-01-05 09:43:38.680,0.034,0.0341,38.0,0.034,12.0,11095.0,180.0
2021-01-05 09:43:39.241,0.034,0.0341,38.0,0.034,12.0,11095.0,180.0
2021-01-05 09:43:40.230,0.034,0.0341,38.0,0.034,12.0,11095.0,180.0
2021-01-05 09:43:40.361,0.034,0.0341,38.0,0.034,12.0,11095.0,180.0
2021-01-05 09:43:41.671,0.034,0.0341,38.0,0.034,12.0,11095.0,180.0
2021-01-05 09:43:42.191,0.034,0.0341,38.0,0.034,12.0,11095.0,180.0
2021-01-05 09:43:42.741,0.034,0.0341,38.0,0.034,12.0,11095.0,180.0
2021-01-05 09:43:43.231,0.034,0.0341,38.0,0.034,12.0,11095.0,180.0
2021-01-05 09:43:43.711,0.0341,0.0341,26.0,0.0339,10.0,11107.0,192.0
2021-01-05 09:43:43.990,0.0341,0.0341,38.0,0.0338,30.0,11107.0,192.0
2021-01-05 09:43:44.670,0.0341,0.0341,38.0,0.0339,10.0,11107.0,192.0
2021-01-05 09:43:44.760,0.0341,0.0341,26.0,0.0339,12.0,11107.0,192.0
2021-01-05 09:43:45.630,0.0341,0.0341,26.0,0.0338,56.0,11107.0,192.0
2021-01-05 09:43:46.151,0.0341,0.0341,26.0,0.0338,32.0,11107.0,192.0
2021-01-05 09:43:47.250,0.0341,0.0341,38.0,0.0338,20.0,11107.0,192.0
2021-01-05 09:43:47.661,0.0341,0.0341,38.0,0.0338,20.0,11107.0,192.0
2021-01-05 09:43:48.220,0.0341,0.0341,26.0,0.0339,10.0,11107.0,192.0
2021-01-05 09:43:48.721,0.0341,0.0341,26.0,0.0339,10.0,11107.0,192.0
2021-01-05 09:43:49.601,0.0341,0.0341,26.0,0.0339,10.0,11107.0,192.0
2021-01-05 09:43:50.110,0.0341,0.0341,26.0,0.0339,10.0,11107.0,192.0
2021-01-05 09:43:50.721,0.0341,0.0341,26.0,0.0339,20.0,11107.0,192.0
2021-01-05 09:43:51.660,0.0341,0.0341,26.0,0.0339,20.0,11107.0,192.0
2021-01-05 09:43:52.200,0.0341,0.0341,26.0,0.0339,10.0,11107.0,192.0
2021-01-05 09:43:52.681,0.0341,0.0341,26.0,0.0339,20.0,11107.0,192.0
2021-01-05 09:43:53.201,0.0341,0.0341,26.0,0.0339,10.0,11107.0,192.0
2021-01-05 09:43:53.610,0.0341,0.0341,26.0,0.0339,20.0,11107.0,192.0
2021-01-05 09:43:54.680,0.0341,0.0341,26.0,0.0339,20.0,11107.0,192.0
2021-01-05 09:43:55.660,0.0341,0.0341,26.0,0.0339,10.0,11107.0,192.0
2021-01-05 09:43:56.200,0.0341,0.0341,26.0,0.0339,10.0,11107.0,192.0
2021-01-05 09:43:56.721,0.0341,0.0341,26.0,0.0339,10.0,11107.0,192.0
2021-01-05 09:43:57.230,0.0341,0.0341,26.0,0.0339,10.0,11107.0,192.0
2021-01-05 09:43:57.650,0.0341,0.0341,26.0,0.0338,42.0,11107.0,192.0
2021-01-05 09:43:58.181,0.0341,0.0341,26.0,0.0338,32.0,11107.0,192.0
2021-01-05 09:43:59.170,0.0341,0.0341,26.0,0.0338,32.0,11107.0,192.0
2021-01-05 09:44:00.131,0.0341,0.0341,26.0,0.0338,32.0,11107.0,192.0
2021-01-05 09:44:00.561,0.0341,0.0341,26.0,0.0338,32.0,11107.0,192.0
2021-01-05 09:44:01.160,0.0341,0.0341,26.0,0.0338,32.0,11107.0,192.0
2021-01-05 09:44:01.621,0.0341,0.0341,26.0,0.0338,32.0,11107.0,192.0
2021-01-05 09:44:02.031,0.0341,0.0341,26.0,0.0338,32.0,11107.0,192.0
2021-01-05 09:44:02.711,0.0341,0.0341,26.0,0.0338,32.0,11107.0,192.0
2021-01-05 09:44:03.241,0.0341,0.0341,26.0,0.0338,32.0,11107.0,192.0
2021-01-05 09:44:03.731,0.0341,0.0341,26.0,0.0339,10.0,11107.0,192.0
2021-01-05 09:44:04.230,0.0341,0.0341,26.0,0.0339,10.0,11107.0,192.0
2021-01-05 09:44:04.751,0.0341,0.0341,26.0,0.0339,22.0,11107.0,192.0
2021-01-05 09:44:05.260,0.0341,0.0341,26.0,0.0339,22.0,11107.0,192.0
2021-01-05 09:44:05.750,0.0341,0.0341,26.0,0.0339,10.0,11107.0,192.0
2021-01-05 09:44:06.261,0.0341,0.0341,26.0,0.0339,22.0,11107.0,192.0
2021-01-05 09:44:06.770,0.0341,0.0341,26.0,0.0339,10.0,11107.0,192.0
2021-01-05 09:44:07.281,0.0341,0.0341,26.0,0.0339,22.0,11107.0,192.0
2021-01-05 09:44:07.750,0.0341,0.0341,26.0,0.0339,22.0,11107.0,192.0
2021-01-05 09:44:08.261,0.0341,0.0341,26.0,0.0339,22.0,11107.0,192.0
2021-01-05 09:44:09.150,0.0341,0.0341,26.0,0.0339,22.0,11107.0,192.0
2021-01-05 09:44:09.780,0.0341,0.0341,26.0,0.0339,42.0,11107.0,192.0
2021-01-05 09:44:10.280,0.0341,0.0341,36.0,0.0339,22.0,11107.0,192.0
2021-01-05 09:44:10.781,0.0341,0.0341,36.0,0.0339,22.0,11107.0,192.0
2021-01-05 09:44:11.271,0.0341,0.0341,36.0,0.0339,22.0,11107.0,192.0
2021-01-05 09:44:11.780,0.0341,0.0341,26.0,0.0339,22.0,11107.0,192.0
2021-01-05 09:44:12.270,0.0341,0.0341,26.0,0.0339,22.0,11107.0,192.0
2021-01-05 09:44:14.260,0.0341,0.0341,26.0,0.0339,32.0,11107.0,192.0
2021-01-05 09:44:15.280,0.0341,0.0341,26.0,0.0339,22.0,11107.0,192.0
2021-01-05 09:44:16.281,0.0341,0.0341,26.0,0.0339,32.0,11107.0,192.0
2021-01-05 09:44:17.770,0.0341,0.0341,26.0,0.0338,42.0,11107.0,192.0
2021-01-05 09:44:18.231,0.0341,0.0341,26.0,0.0338,32.0,11107.0,192.0
2021-01-05 09:44:18.780,0.0341,0.0341,26.0,0.0338,22.0,11107.0,192.0
2021-01-05 09:44:19.261,0.0341,0.0341,38.0,0.0338,10.0,11107.0,192.0
2021-01-05 09:44:19.801,0.0341,0.0341,26.0,0.0338,32.0,11107.0,192.0
2021-01-05 09:44:20.300,0.0341,0.0341,38.0,0.0338,20.0,11107.0,192.0
2021-01-05 09:44:21.791,0.0341,0.0341,38.0,0.0338,20.0,11107.0,192.0
2021-01-05 09:44:22.250,0.0341,0.0341,16.0,0.0338,32.0,11107.0,192.0
2021-01-05 09:44:25.660,0.0341,0.0341,16.0,0.0338,32.0,11107.0,192.0
2021-01-05 09:44:26.201,0.0341,0.0341,16.0,0.0338,32.0,11107.0,192.0
2021-01-05 09:44:26.701,0.0341,0.0341,16.0,0.0339,12.0,11107.0,192.0
2021-01-05 09:44:27.201,0.0341,0.0341,16.0,0.0338,42.0,11107.0,192.0
2021-01-05 09:44:27.710,0.0341,0.0341,16.0,0.0338,32.0,11107.0,192.0
2021-01-05 09:44:28.221,0.0341,0.0341,16.0,0.0338,32.0,11107.0,192.0
2021-01-05 09:44:28.680,0.0341,0.0341,16.0,0.0338,46.0,11107.0,192.0
2021-01-05 09:44:29.200,0.0341,0.0341,16.0,0.0339,12.0,11107.0,192.0
2021-01-05 09:44:29.640,0.0341,0.0341,16.0,0.0339,12.0,11107.0,192.0
2021-01-05 09:44:30.201,0.0341,0.0341,16.0,0.0339,12.0,11107.0,192.0
2021-01-05 09:44:30.720,0.0341,0.0341,16.0,0.0339,12.0,11107.0,192.0
2021-01-05 09:44:31.231,0.0341,0.0341,16.0,0.0339,12.0,11107.0,192.0
2021-01-05 09:44:31.730,0.0341,0.0341,16.0,0.0339,12.0,11107.0,192.0
2021-01-05 09:44:32.220,0.0341,0.0341,16.0,0.0339,12.0,11107.0,192.0
2021-01-05 09:44:32.691,0.0341,0.0341,16.0,0.0339,12.0,11107.0,192.0
2021-01-05 09:44:33.240,0.0341,0.0341,16.0,0.0339,22.0,11107.0,192.0
2021-01-05 09:44:33.730,0.0341,0.0341,16.0,0.034,12.0,11107.0,192.0
2021-01-05 09:44:34.520,0.0341,0.0341,16.0,0.034,12.0,11107.0,192.0
2021-01-05 09:44:35.740,0.0341,0.0341,16.0,0.0339,22.0,11107.0,192.0
2021-01-05 09:44:36.220,0.0341,0.0341,16.0,0.034,12.0,11107.0,192.0
2021-01-05 09:44:36.741,0.0341,0.0341,16.0,0.034,12.0,11107.0,192.0
2021-01-05 09:44:37.751,0.0341,0.0341,4.0,0.0339,30.0,11119.0,204.0
2021-01-05 09:44:38.201,0.0341,0.0341,4.0,0.0339,20.0,11119.0,204.0
2021-01-05 09:44:39.240,0.0341,0.0341,4.0,0.0339,52.0,11119.0,204.0
2021-01-05 09:44:39.661,0.0341,0.0341,4.0,0.0339,62.0,11119.0,204.0
2021-01-05 09:44:40.250,0.0341,0.0341,4.0,0.034,10.0,11119.0,204.0
2021-01-05 09:44:40.740,0.0341,0.0341,4.0,0.034,10.0,11119.0,204.0
2021-01-05 09:44:41.251,0.0341,0.0341,4.0,0.0339,62.0,11119.0,204.0
2021-01-05 09:44:41.730,0.0341,0.0341,4.0,0.0339,52.0,11119.0,204.0
2021-01-05 09:44:42.250,0.0341,0.0341,4.0,0.0339,52.0,11119.0,204.0
2021-01-05 09:44:42.731,0.0341,0.0341,4.0,0.0339,62.0,11119.0,204.0
2021-01-05 09:44:43.760,0.0341,0.0341,4.0,0.0339,20.0,11119.0,204.0
2021-01-05 09:44:44.260,0.0341,0.0341,4.0,0.0339,10.0,11119.0,204.0
2021-01-05 09:44:44.761,0.0341,0.0343,10.0,0.0341,8.0,11123.0,208.0
2021-01-05 09:44:45.261,0.0341,0.0343,34.0,0.0339,10.0,11123.0,208.0
2021-01-05 09:44:45.760,0.0341,0.0342,20.0,0.034,12.0,11123.0,208.0
2021-01-05 09:44:46.271,0.0341,0.0342,10.0,0.034,12.0,11123.0,208.0
2021-01-05 09:44:46.771,0.0341,0.0342,10.0,0.034,12.0,11123.0,208.0
2021-01-05 09:44:47.251,0.0341,0.0342,10.0,0.0339,10.0,11123.0,208.0
2021-01-05 09:44:47.770,0.0341,0.0342,10.0,0.0339,22.0,11123.0,208.0
2021-01-05 09:44:47.770,0.0341,0.0342,10.0,0.0339,12.0,11123.0,208.0
2021-01-05 09:44:48.780,0.0341,0.0342,22.0,0.0339,10.0,11123.0,208.0
2021-01-05 09:44:49.270,0.0341,0.0342,22.0,0.0339,10.0,11123.0,208.0
2021-01-05 09:44:49.800,0.0341,0.0342,22.0,0.0338,32.0,11123.0,208.0
2021-01-05 09:44:50.300,0.0341,0.0342,22.0,0.0338,32.0,11123.0,208.0
2021-01-05 09:44:50.811,0.0341,0.0341,12.0,0.0338,20.0,11123.0,208.0
2021-01-05 09:44:51.270,0.0341,0.0342,10.0,0.0338,20.0,11123.0,208.0
2021-01-05 09:44:51.650,0.0341,0.0342,22.0,0.0338,32.0,11123.0,208.0
2021-01-05 09:44:52.311,0.0341,0.0342,22.0,0.0338,32.0,11123.0,208.0
2021-01-05 09:44:52.711,0.0341,0.0342,22.0,0.0338,32.0,11123.0,208.0
2021-01-05 09:44:53.201,0.0341,0.0342,22.0,0.0338,66.0,11123.0,208.0
2021-01-05 09:44:53.710,0.0341,0.0341,12.0,0.0338,34.0,11123.0,208.0
2021-01-05 09:44:54.201,0.0341,0.0342,32.0,0.0338,46.0,11123.0,208.0
2021-01-05 09:44:54.970,0.0341,0.0342,22.0,0.0338,66.0,11123.0,208.0
2021-01-05 09:44:55.700,0.0341,0.0342,22.0,0.0338,46.0,11123.0,208.0
2021-01-05 09:44:56.220,0.0341,0.0341,12.0,0.0338,34.0,11123.0,208.0
2021-01-05 09:44:56.720,0.0341,0.0342,10.0,0.0339,12.0,11123.0,208.0
2021-01-05 09:44:57.160,0.0341,0.0342,10.0,0.0339,12.0,11123.0,208.0
2021-01-05 09:44:57.431,0.0341,0.0342,10.0,0.0339,12.0,11123.0,208.0
2021-01-05 09:44:58.120,0.0341,0.0343,42.0,0.0339,22.0,11123.0,208.0
2021-01-05 09:44:58.720,0.0341,0.0343,20.0,0.034,12.0,11123.0,208.0
2021-01-05 09:44:59.190,0.0341,0.0343,20.0,0.034,12.0,11123.0,208.0
2021-01-05 09:44:59.711,0.0341,0.0343,10.0,0.034,12.0,11123.0,208.0
2021-01-05 09:45:00.061,0.0341,0.0344,32.0,0.034,12.0,11123.0,208.0
2021-01-05 09:45:00.591,0.0341,0.0344,46.0,0.034,12.0,11123.0,208.0
2021-01-05 09:45:01.680,0.0341,0.0344,10.0,0.0341,12.0,11123.0,208.0
2021-01-05 09:45:02.061,0.0341,0.0344,22.0,0.034,62.0,11123.0,208.0
2021-01-05 09:45:02.621,0.0341,0.0344,22.0,0.034,52.0,11123.0,208.0
2021-01-05 09:45:03.190,0.0341,0.0344,22.0,0.034,76.0,11123.0,208.0
2021-01-05 09:45:03.680,0.0341,0.0344,32.0,0.034,52.0,11123.0,208.0
2021-01-05 09:45:04.191,0.0341,0.0345,20.0,0.0342,12.0,11123.0,208.0
2021-01-05 09:45:04.700,0.0341,0.0345,24.0,0.0342,12.0,11123.0,208.0
2021-01-05 09:45:05.221,0.0341,0.0345,10.0,0.0342,12.0,11123.0,208.0
2021-01-05 09:45:05.720,0.0341,0.0346,32.0,0.0343,12.0,11123.0,208.0
2021-01-05 09:45:06.220,0.0341,0.0346,36.0,0.0343,12.0,11123.0,208.0
2021-01-05 09:45:06.721,0.0341,0.0346,26.0,0.0343,12.0,11123.0,208.0
2021-01-05 09:45:07.130,0.0341,0.0346,48.0,0.0342,12.0,11123.0,208.0
2021-01-05 09:45:07.720,0.0341,0.0346,44.0,0.0342,12.0,11123.0,208.0
2021-01-05 09:45:08.181,0.0341,0.0345,24.0,0.0342,12.0,11123.0,208.0
2021-01-05 09:45:08.700,0.0341,0.0346,22.0,0.0341,30.0,11123.0,208.0
2021-01-05 09:45:09.111,0.0341,0.0346,32.0,0.0343,12.0,11123.0,208.0
2021-01-05 09:45:09.720,0.0341,0.0346,48.0,0.0342,12.0,11123.0,208.0
2021-01-05 09:45:10.200,0.0341,0.0346,58.0,0.0342,12.0,11123.0,208.0
2021-01-05 09:45:10.700,0.0341,0.0346,44.0,0.0342,12.0,11123.0,208.0
2021-01-05 09:45:11.051,0.0341,0.0345,24.0,0.0342,12.0,11123.0,208.0
2021-01-05 09:45:11.720,0.0341,0.0345,10.0,0.0342,22.0,11123.0,208.0
2021-01-05 09:45:12.150,0.0341,0.0345,10.0,0.0342,22.0,11123.0,208.0
2021-01-05 09:45:13.220,0.0341,0.0346,34.0,0.0342,12.0,11123.0,208.0
2021-01-05 09:45:13.681,0.0341,0.0346,48.0,0.0342,12.0,11123.0,208.0
2021-01-05 09:45:14.701,0.0341,0.0346,38.0,0.0342,22.0,11123.0,208.0
2021-01-05 09:45:15.230,0.0341,0.0346,48.0,0.0342,22.0,11123.0,208.0
2021-01-05 09:45:15.721,0.0341,0.0346,36.0,0.0343,12.0,11123.0,208.0
2021-01-05 09:45:16.230,0.0341,0.0346,36.0,0.0343,12.0,11123.0,208.0
2021-01-05 09:45:16.741,0.0341,0.0346,36.0,0.0342,20.0,11123.0,208.0
2021-01-05 09:45:17.220,0.0341,0.0344,12.0,0.0342,20.0,11123.0,208.0
2021-01-05 09:45:17.731,0.0341,0.0344,12.0,0.0342,20.0,11123.0,208.0
2021-01-05 09:45:18.230,0.0341,0.0344,12.0,0.0342,20.0,11123.0,208.0
2021-01-05 09:45:18.691,0.0341,0.0343,12.0,0.0342,40.0,11123.0,208.0
2021-01-05 09:45:19.191,0.0341,0.0345,22.0,0.0342,20.0,11123.0,208.0
2021-01-05 09:45:19.731,0.0341,0.0345,12.0,0.0342,20.0,11123.0,208.0
2021-01-05 09:45:20.221,0.0341,0.0346,44.0,0.0342,32.0,11123.0,208.0
