,last,ask1,asize1,bid1,bsize1,oi,volume
2021-01-05 09:25:00.080,,0.9089,1.0,0.8867,1.0,393.0,
2021-01-05 09:30:00.451,0.9089,0.9438,20.0,0.9412,1.0,392.0,1.0
2021-01-05 09:30:00.991,0.9089,1.028,1.0,0.9366,20.0,392.0,1.0
2021-01-05 09:30:01.481,0.9089,1.028,1.0,0.9366,20.0,392.0,1.0
2021-01-05 09:30:01.990,0.9089,0.9514,20.0,0.9399,20.0,392.0,1.0
2021-01-05 09:30:02.501,0.9089,0.9524,20.0,0.941,20.0,392.0,1.0
2021-01-05 09:30:03.471,0.9089,0.9501,20.0,0.9387,20.0,392.0,1.0
2021-01-05 09:30:04.430,0.9089,0.951,20.0,0.9396,20.0,392.0,1.0
2021-01-05 09:30:05.010,0.9089,1.028,1.0,0.9396,20.0,392.0,1.0
2021-01-05 09:30:05.481,0.9089,0.9525,20.0,0.9411,20.0,392.0,1.0
2021-01-05 09:30:05.990,0.9089,1.028,1.0,0.9411,20.0,392.0,1.0
2021-01-05 09:30:06.480,0.9089,0.954,20.0,0.9426,20.0,392.0,1.0
2021-01-05 09:30:06.971,0.9089,0.9561,20.0,0.9447,20.0,392.0,1.0
2021-01-05 09:30:11.521,0.9089,0.9571,20.0,0.9457,20.0,392.0,1.0
2021-01-05 09:30:13.000,0.9089,0.9556,20.0,0.9447,20.0,392.0,1.0
2021-01-05 09:30:13.501,0.9089,0.9556,20.0,0.9436,20.0,392.0,1.0
2021-01-05 09:30:15.520,0.9089,0.9547,20.0,0.9436,20.0,392.0,1.0
2021-01-05 09:30:17.021,0.9089,0.9547,20.0,0.9425,20.0,392.0,1.0
2021-01-05 09:30:17.641,0.9089,0.9539,20.0,0.9425,20.0,392.0,1.0
2021-01-05 09:30:18.231,0.9089,0.9526,20.0,0.9425,20.0,392.0,1.0
2021-01-05 09:30:18.750,0.9089,0.9526,20.0,0.9425,20.0,392.0,1.0
2021-01-05 09:30:19.251,0.9089,0.9526,20.0,0.9412,20.0,392.0,1.0
2021-01-05 09:30:19.751,0.9089,0.9518,20.0,0.9404,20.0,392.0,1.0
2021-01-05 09:30:20.740,0.9089,0.9526,20.0,0.9412,20.0,392.0,1.0
2021-01-05 09:30:21.241,0.9089,0.9526,20.0,0.9412,20.0,392.0,1.0
2021-01-05 09:30:22.240,0.9089,0.9536,20.0,0.9422,20.0,392.0,1.0
2021-01-05 09:30:24.161,0.9089,0.9546,20.0,0.9432,20.0,392.0,1.0
2021-01-05 09:30:24.661,0.9089,0.9546,20.0,0.9432,20.0,392.0,1.0
2021-01-05 09:30:25.160,0.9089,0.9546,20.0,0.9432,20.0,392.0,1.0
2021-01-05 09:30:25.671,0.9089,0.9556,20.0,0.9441,20.0,392.0,1.0
2021-01-05 09:30:27.671,0.9089,0.9556,20.0,0.9432,20.0,392.0,1.0
2021-01-05 09:30:28.161,0.9089,0.9556,20.0,0.9432,20.0,392.0,1.0
2021-01-05 09:30:30.151,0.9089,0.9556,20.0,0.9432,20.0,392.0,1.0
2021-01-05 09:30:30.620,0.9089,0.9544,20.0,0.9432,20.0,392.0,1.0
2021-01-05 09:30:31.121,0.9089,0.9544,20.0,0.9432,20.0,392.0,1.0
2021-01-05 09:30:31.631,0.9089,0.9544,20.0,0.9432,20.0,392.0,1.0
2021-01-05 09:30:32.140,0.9089,0.9544,20.0,0.9424,20.0,392.0,1.0
2021-01-05 09:30:32.631,0.9089,0.9531,20.0,0.9424,20.0,392.0,1.0
2021-01-05 09:30:33.171,0.9089,0.9531,20.0,0.9424,20.0,392.0,1.0
2021-01-05 09:30:33.671,0.9089,0.9531,20.0,0.9424,20.0,392.0,1.0
2021-01-05 09:30:34.141,0.9089,0.9531,20.0,0.9416,20.0,392.0,1.0
2021-01-05 09:30:34.670,0.9089,0.9531,20.0,0.9416,20.0,392.0,1.0
2021-01-05 09:30:35.121,0.9089,0.9531,20.0,0.9416,20.0,392.0,1.0
2021-01-05 09:30:35.680,0.9089,0.9531,20.0,0.9416,20.0,392.0,1.0
2021-01-05 09:30:36.170,0.9089,0.9544,20.0,0.9424,20.0,392.0,1.0
2021-01-05 09:30:36.691,0.9089,0.9544,20.0,0.9424,20.0,392.0,1.0
2021-01-05 09:30:37.171,0.9089,0.9534,20.0,0.9424,20.0,392.0,1.0
2021-01-05 09:30:38.141,0.9089,0.9534,20.0,0.9424,20.0,392.0,1.0
2021-01-05 09:30:38.700,0.9089,0.9534,20.0,0.9416,20.0,392.0,1.0
2021-01-05 09:30:39.201,0.9089,0.9534,20.0,0.9416,20.0,392.0,1.0
2021-01-05 09:30:39.680,0.9089,0.9534,20.0,0.9416,20.0,392.0,1.0
2021-01-05 09:30:43.180,0.9089,0.9534,20.0,0.9416,20.0,392.0,1.0
2021-01-05 09:30:44.181,0.9089,0.9522,20.0,0.9416,20.0,392.0,1.0
2021-01-05 09:30:44.650,0.9089,0.9522,20.0,0.9416,20.0,392.0,1.0
2021-01-05 09:30:45.161,0.9089,0.9522,20.0,0.9416,20.0,392.0,1.0
2021-01-05 09:30:47.691,0.9089,0.951,20.0,0.9416,20.0,392.0,1.0
2021-01-05 09:30:48.200,0.9089,0.951,20.0,0.9416,20.0,392.0,1.0
2021-01-05 09:30:48.711,0.9089,0.951,20.0,0.9416,20.0,392.0,1.0
2021-01-05 09:30:50.171,0.9089,0.951,20.0,0.9416,20.0,392.0,1.0
2021-01-05 09:30:52.651,0.9089,0.951,20.0,0.9416,20.0,392.0,1.0
2021-01-05 09:30:55.081,0.9089,0.95,20.0,0.9416,20.0,392.0,1.0
2021-01-05 09:30:55.671,0.9089,0.95,20.0,0.9416,20.0,392.0,1.0
2021-01-05 09:30:56.170,0.9089,0.95,20.0,0.9416,20.0,392.0,1.0
2021-01-05 09:30:58.140,0.9089,0.951,20.0,0.9416,20.0,392.0,1.0
2021-01-05 09:30:59.171,0.9089,0.951,20.0,0.9416,20.0,392.0,1.0
2021-01-05 09:31:00.161,0.9089,0.951,20.0,0.9416,20.0,392.0,1.0
2021-01-05 09:31:00.681,0.9089,0.951,20.0,0.9416,20.0,392.0,1.0
2021-01-05 09:31:01.140,0.9089,0.9519,20.0,0.9416,20.0,392.0,1.0
2021-01-05 09:31:01.680,0.9089,0.9519,20.0,0.9416,20.0,392.0,1.0
2021-01-05 09:31:02.170,0.9089,0.9535,20.0,0.9416,20.0,392.0,1.0
2021-01-05 09:31:02.681,0.9089,0.9523,20.0,0.9416,20.0,392.0,1.0
2021-01-05 09:31:03.131,0.9089,0.9523,20.0,0.9416,20.0,392.0,1.0
2021-01-05 09:31:03.680,0.9089,0.9523,20.0,0.9416,20.0,392.0,1.0
2021-01-05 09:31:04.181,0.9089,0.9535,20.0,0.9416,20.0,392.0,1.0
2021-01-05 09:31:04.671,0.9089,0.9535,20.0,0.9416,20.0,392.0,1.0
2021-01-05 09:31:05.190,0.9089,0.9535,20.0,0.9416,20.0,392.0,1.0
2021-01-05 09:31:05.670,0.9089,0.9535,20.0,0.942,16.0,392.0,1.0
2021-01-05 09:31:06.160,0.9089,0.9526,20.0,0.942,16.0,392.0,1.0
2021-01-05 09:31:06.681,0.9089,0.9526,20.0,0.942,16.0,392.0,1.0
2021-01-05 09:31:07.190,0.9089,0.9518,20.0,0.942,16.0,392.0,1.0
2021-01-05 09:31:07.670,0.9089,0.9518,20.0,0.942,16.0,392.0,1.0
2021-01-05 09:31:08.200,0.9089,0.9518,20.0,0.942,16.0,392.0,1.0
2021-01-05 09:31:08.650,0.9089,0.9505,20.0,0.942,16.0,392.0,1.0
2021-01-05 09:31:09.051,0.9089,0.9518,20.0,0.942,16.0,392.0,1.0
2021-01-05 09:31:09.701,0.9089,0.9518,20.0,0.942,16.0,392.0,1.0
2021-01-05 09:31:10.690,0.9089,0.951,20.0,0.942,16.0,392.0,1.0
2021-01-05 09:31:11.170,0.9089,0.951,20.0,0.942,16.0,392.0,1.0
2021-01-05 09:31:11.701,0.9089,0.951,20.0,0.942,16.0,392.0,1.0
2021-01-05 09:31:12.621,0.9089,0.9518,20.0,0.942,16.0,392.0,1.0
2021-01-05 09:31:13.170,0.9089,0.9518,20.0,0.942,16.0,392.0,1.0
2021-01-05 09:31:18.201,0.9089,0.9509,20.0,0.942,16.0,392.0,1.0
2021-01-05 09:31:18.720,0.9089,0.9509,20.0,0.942,16.0,392.0,1.0
2021-01-05 09:31:19.150,0.9089,0.9509,20.0,0.942,16.0,392.0,1.0
2021-01-05 09:31:19.721,0.9089,0.9509,20.0,0.942,16.0,392.0,1.0
2021-01-05 09:31:20.171,0.9089,0.9509,20.0,0.942,20.0,392.0,1.0
2021-01-05 09:31:20.701,0.9089,0.9496,20.0,0.9412,30.0,392.0,1.0
2021-01-05 09:31:21.221,0.9089,0.9509,20.0,0.9412,30.0,392.0,1.0
2021-01-05 09:31:21.671,0.9089,0.9509,20.0,0.9412,30.0,392.0,1.0
2021-01-05 09:31:22.211,0.9089,0.9509,20.0,0.9412,30.0,392.0,1.0
2021-01-05 09:31:23.171,0.9089,0.9509,20.0,0.9424,10.0,392.0,1.0
2021-01-05 09:31:23.640,0.9089,0.9509,20.0,0.9424,20.0,392.0,1.0
2021-01-05 09:31:24.660,0.9089,0.9509,20.0,0.9438,10.0,392.0,1.0
2021-01-05 09:31:25.150,0.9089,0.9509,20.0,0.9438,10.0,392.0,1.0
2021-01-05 09:31:25.630,0.9089,0.9509,20.0,0.9438,10.0,392.0,1.0
2021-01-05 09:31:26.101,0.9089,0.9509,20.0,0.9438,10.0,392.0,1.0
2021-01-05 09:31:26.681,0.9089,0.9509,20.0,0.9438,10.0,392.0,1.0
2021-01-05 09:31:27.171,0.9089,0.9509,20.0,0.9438,10.0,392.0,1.0
2021-01-05 09:31:27.601,0.9089,0.9509,20.0,0.9438,10.0,392.0,1.0
2021-01-05 09:31:28.091,0.9089,0.9509,20.0,0.9438,10.0,392.0,1.0
2021-01-05 09:31:28.610,0.9089,0.9509,20.0,0.9438,10.0,392.0,1.0
2021-01-05 09:31:29.171,0.9089,0.9509,20.0,0.9438,10.0,392.0,1.0
2021-01-05 09:31:30.170,0.9089,0.9509,20.0,0.9438,10.0,392.0,1.0
2021-01-05 09:31:30.671,0.9089,0.9509,20.0,0.9438,10.0,392.0,1.0
2021-01-05 09:31:31.150,0.9089,0.9509,20.0,0.9438,10.0,392.0,1.0
2021-01-05 09:31:31.661,0.9089,0.9509,20.0,0.9438,10.0,392.0,1.0
2021-01-05 09:31:32.191,0.9089,0.9509,20.0,0.9438,10.0,392.0,1.0
2021-01-05 09:31:32.671,0.9089,0.9509,20.0,0.9438,10.0,392.0,1.0
2021-01-05 09:31:33.190,0.9089,0.9509,20.0,0.9438,10.0,392.0,1.0
2021-01-05 09:31:34.181,0.9089,0.9509,20.0,0.9438,10.0,392.0,1.0
2021-01-05 09:31:34.681,0.9089,0.9509,20.0,0.9438,10.0,392.0,1.0
2021-01-05 09:31:35.190,0.9089,0.9509,20.0,0.9438,10.0,392.0,1.0
2021-01-05 09:31:35.670,0.9089,0.9509,20.0,0.9438,10.0,392.0,1.0
2021-01-05 09:31:36.181,0.9089,0.9509,20.0,0.9439,2.0,392.0,1.0
2021-01-05 09:31:36.690,0.9089,0.9509,20.0,0.9439,2.0,392.0,1.0
2021-01-05 09:31:37.191,0.9089,0.9516,10.0,0.9439,2.0,392.0,1.0
2021-01-05 09:31:38.190,0.9089,0.9502,20.0,0.9438,10.0,392.0,1.0
2021-01-05 09:31:38.690,0.9089,0.9502,20.0,0.9438,12.0,392.0,1.0
2021-01-05 09:31:39.210,0.9089,0.9502,20.0,0.9438,10.0,392.0,1.0
2021-01-05 09:31:39.710,0.9089,0.9502,20.0,0.9438,10.0,392.0,1.0
2021-01-05 09:31:40.200,0.9089,0.9502,20.0,0.9438,10.0,392.0,1.0
2021-01-05 09:31:40.711,0.9089,0.95,10.0,0.9438,10.0,392.0,1.0
2021-01-05 09:31:41.191,0.9089,0.95,10.0,0.9438,10.0,392.0,1.0
2021-01-05 09:31:41.691,0.9089,0.9494,20.0,0.9414,20.0,392.0,1.0
2021-01-05 09:31:42.211,0.9089,0.9494,20.0,0.9414,20.0,392.0,1.0
2021-01-05 09:31:42.711,0.9089,0.9494,20.0,0.9406,30.0,392.0,1.0
2021-01-05 09:31:43.191,0.9089,0.9494,20.0,0.9406,30.0,392.0,1.0
2021-01-05 09:31:43.710,0.9089,0.9494,20.0,0.9406,30.0,392.0,1.0
2021-01-05 09:31:44.190,0.9089,0.9502,20.0,0.9407,2.0,392.0,1.0
2021-01-05 09:31:44.691,0.9089,0.9502,20.0,0.9411,10.0,392.0,1.0
2021-01-05 09:31:45.170,0.9089,0.9502,20.0,0.9406,30.0,392.0,1.0
2021-01-05 09:31:45.621,0.9089,0.9502,20.0,0.9407,2.0,392.0,1.0
2021-01-05 09:31:46.171,0.9089,0.9495,10.0,0.9406,30.0,392.0,1.0
2021-01-05 09:31:46.701,0.9089,0.9493,20.0,0.9406,30.0,392.0,1.0
2021-01-05 09:31:47.191,0.9089,0.9493,20.0,0.9406,30.0,392.0,1.0
2021-01-05 09:31:47.690,0.9089,0.9492,10.0,0.9406,30.0,392.0,1.0
2021-01-05 09:31:49.711,0.9089,0.9489,10.0,0.9406,30.0,392.0,1.0
2021-01-05 09:31:50.191,0.9089,0.9483,10.0,0.9406,30.0,392.0,1.0
2021-01-05 09:31:50.710,0.9089,0.9482,20.0,0.9406,30.0,392.0,1.0
2021-01-05 09:31:51.210,0.9089,0.9482,20.0,0.9406,30.0,392.0,1.0
2021-01-05 09:31:52.621,0.9089,0.9479,10.0,0.9406,20.0,392.0,1.0
2021-01-05 09:31:53.171,0.9089,0.9478,10.0,0.9397,30.0,392.0,1.0
2021-01-05 09:31:53.530,0.9089,0.9479,10.0,0.9397,30.0,392.0,1.0
2021-01-05 09:31:54.151,0.9089,0.9467,10.0,0.9397,30.0,392.0,1.0
2021-01-05 09:31:54.681,0.9089,0.9471,30.0,0.9397,30.0,392.0,1.0
2021-01-05 09:31:55.150,0.9089,0.9468,10.0,0.9397,30.0,392.0,1.0
2021-01-05 09:31:55.670,0.9089,0.9464,10.0,0.9397,30.0,392.0,1.0
2021-01-05 09:31:56.110,0.9089,0.9464,10.0,0.9397,30.0,392.0,1.0
2021-01-05 09:31:58.171,0.9089,0.9468,10.0,0.9397,30.0,392.0,1.0
2021-01-05 09:31:59.180,0.9089,0.9465,10.0,0.9397,30.0,392.0,1.0
2021-01-05 09:31:59.660,0.9089,0.9467,10.0,0.9397,30.0,392.0,1.0
2021-01-05 09:32:00.150,0.9089,0.9467,10.0,0.9397,30.0,392.0,1.0
2021-01-05 09:32:00.650,0.9089,0.9461,10.0,0.9397,30.0,392.0,1.0
2021-01-05 09:32:01.170,0.9089,0.9461,20.0,0.9397,30.0,392.0,1.0
2021-01-05 09:32:01.670,0.9089,0.9461,20.0,0.9397,30.0,392.0,1.0
2021-01-05 09:32:02.171,0.9089,0.947,10.0,0.9397,30.0,392.0,1.0
2021-01-05 09:32:02.671,0.9089,0.947,20.0,0.9397,30.0,392.0,1.0
2021-01-05 09:32:03.180,0.9089,0.9475,10.0,0.9397,30.0,392.0,1.0
2021-01-05 09:32:04.161,0.9089,0.9475,10.0,0.9397,30.0,392.0,1.0
2021-01-05 09:32:04.661,0.9089,0.9468,10.0,0.9397,30.0,392.0,1.0
2021-01-05 09:32:05.141,0.9089,0.9464,10.0,0.9397,30.0,392.0,1.0
2021-01-05 09:32:05.660,0.9089,0.9468,20.0,0.9397,30.0,392.0,1.0
2021-01-05 09:32:06.161,0.9089,0.9456,10.0,0.9397,20.0,392.0,1.0
2021-01-05 09:32:06.680,0.9089,0.9456,20.0,0.9371,36.0,392.0,1.0
2021-01-05 09:32:07.070,0.9089,0.9456,20.0,0.9372,2.0,392.0,1.0
2021-01-05 09:32:07.671,0.9089,0.9456,20.0,0.9372,2.0,392.0,1.0
2021-01-05 09:32:08.171,0.9089,0.9464,10.0,0.9372,2.0,392.0,1.0
2021-01-05 09:32:08.670,0.9089,0.946,10.0,0.9372,2.0,392.0,1.0
2021-01-05 09:32:09.141,0.9089,0.9454,10.0,0.9371,36.0,392.0,1.0
2021-01-05 09:32:09.681,0.9089,0.9456,10.0,0.9371,36.0,392.0,1.0
2021-01-05 09:32:10.161,0.9089,0.946,20.0,0.9371,36.0,392.0,1.0
2021-01-05 09:32:10.601,0.9089,0.9455,10.0,0.9371,36.0,392.0,1.0
2021-01-05 09:32:11.170,0.9089,0.9458,10.0,0.9371,36.0,392.0,1.0
2021-01-05 09:32:11.650,0.9089,0.946,20.0,0.9372,2.0,392.0,1.0
2021-01-05 09:32:12.161,0.9089,0.946,20.0,0.9372,2.0,392.0,1.0
2021-01-05 09:32:12.670,0.9089,0.9466,10.0,0.9372,2.0,392.0,1.0
2021-01-05 09:32:14.660,0.9089,0.9461,10.0,0.9372,2.0,392.0,1.0
2021-01-05 09:32:15.171,0.9089,0.9468,20.0,0.9372,2.0,392.0,1.0
2021-01-05 09:32:15.671,0.9089,0.9456,10.0,0.9372,2.0,392.0,1.0
2021-01-05 09:32:16.151,0.9089,0.9456,20.0,0.9372,2.0,392.0,1.0
2021-01-05 09:32:17.161,0.9089,0.9456,20.0,0.9372,2.0,392.0,1.0
2021-01-05 09:32:17.651,0.9089,0.9456,20.0,0.9372,2.0,392.0,1.0
2021-01-05 09:32:18.130,0.9089,0.9458,10.0,0.9372,2.0,392.0,1.0
2021-01-05 09:32:18.670,0.9089,0.9454,10.0,0.9372,2.0,392.0,1.0
2021-01-05 09:32:19.150,0.9089,0.9454,30.0,0.9372,2.0,392.0,1.0
2021-01-05 09:32:19.670,0.9089,0.9454,20.0,0.9372,2.0,392.0,1.0
2021-01-05 09:32:20.671,0.9089,0.9454,20.0,0.9372,2.0,392.0,1.0
2021-01-05 09:32:21.171,0.9089,0.9454,20.0,0.9372,2.0,392.0,1.0
2021-01-05 09:32:21.680,0.9089,0.9463,20.0,0.9373,2.0,392.0,1.0
2021-01-05 09:32:22.181,0.9089,0.9463,20.0,0.9373,2.0,392.0,1.0
2021-01-05 09:32:22.650,0.9089,0.9463,20.0,0.9373,2.0,392.0,1.0
2021-01-05 09:32:24.160,0.9089,0.9462,10.0,0.9373,2.0,392.0,1.0
2021-01-05 09:32:24.640,0.9089,0.9461,10.0,0.9373,2.0,392.0,1.0
2021-01-05 09:32:25.170,0.9089,0.9463,20.0,0.9373,2.0,392.0,1.0
2021-01-05 09:32:25.670,0.9089,0.9459,10.0,0.9373,2.0,392.0,1.0
2021-01-05 09:32:26.171,0.9089,0.9451,10.0,0.9371,36.0,392.0,1.0
2021-01-05 09:32:26.650,0.9089,0.9451,30.0,0.9371,36.0,392.0,1.0
2021-01-05 09:32:27.151,0.9089,0.9451,30.0,0.9371,36.0,392.0,1.0
2021-01-05 09:32:27.670,0.9089,0.9451,30.0,0.9371,36.0,392.0,1.0
2021-01-05 09:32:28.630,0.9089,0.9448,10.0,0.9371,20.0,392.0,1.0
2021-01-05 09:32:29.650,0.9089,0.9448,10.0,0.9371,20.0,392.0,1.0
2021-01-05 09:32:30.171,0.9089,0.9451,20.0,0.9371,22.0,392.0,1.0
2021-01-05 09:32:31.151,0.9089,0.9451,20.0,0.9371,20.0,392.0,1.0
2021-01-05 09:32:31.621,0.9089,0.9474,36.0,0.9371,20.0,392.0,1.0
2021-01-05 09:32:32.121,0.9089,0.9451,10.0,0.9371,20.0,392.0,1.0
2021-01-05 09:32:32.570,0.9089,0.9451,30.0,0.9371,20.0,392.0,1.0
2021-01-05 09:32:33.141,0.9089,0.945,10.0,0.9371,20.0,392.0,1.0
2021-01-05 09:32:33.671,0.9089,0.9449,10.0,0.9371,20.0,392.0,1.0
2021-01-05 09:32:34.171,0.9089,0.9451,30.0,0.9371,20.0,392.0,1.0
2021-01-05 09:32:34.691,0.9089,0.9451,20.0,0.9371,20.0,392.0,1.0
2021-01-05 09:32:35.170,0.9089,0.9451,20.0,0.9371,20.0,392.0,1.0
2021-01-05 09:32:35.671,0.9089,0.9451,20.0,0.9372,2.0,392.0,1.0
2021-01-05 09:32:38.670,0.9089,0.9451,20.0,0.9372,2.0,392.0,1.0
2021-01-05 09:32:39.200,0.9089,0.9451,20.0,0.9372,2.0,392.0,1.0
2021-01-05 09:32:39.630,0.9089,0.9451,30.0,0.9372,2.0,392.0,1.0
2021-01-05 09:32:40.151,0.9089,0.9451,30.0,0.9372,2.0,392.0,1.0
2021-01-05 09:32:41.690,0.9089,0.9448,10.0,0.9371,20.0,392.0,1.0
2021-01-05 09:32:42.201,0.9089,0.9451,20.0,0.9373,2.0,392.0,1.0
2021-01-05 09:32:42.700,0.9089,0.9449,10.0,0.9371,20.0,392.0,1.0
2021-01-05 09:32:43.121,0.9089,0.9449,10.0,0.9371,20.0,392.0,1.0
2021-01-05 09:32:43.580,0.9089,0.9449,10.0,0.9371,20.0,392.0,1.0
2021-01-05 09:32:44.151,0.9089,0.9451,20.0,0.9372,2.0,392.0,1.0
2021-01-05 09:32:44.700,0.9089,0.9451,20.0,0.9372,2.0,392.0,1.0
2021-01-05 09:32:45.580,0.9089,0.945,10.0,0.9372,2.0,392.0,1.0
2021-01-05 09:32:46.160,0.9089,0.9451,20.0,0.9372,2.0,392.0,1.0
2021-01-05 09:32:46.621,0.9089,0.945,10.0,0.9372,2.0,392.0,1.0
2021-01-05 09:32:47.701,0.9089,0.9448,10.0,0.9372,2.0,392.0,1.0
2021-01-05 09:32:48.181,0.9089,0.9446,10.0,0.9371,20.0,392.0,1.0
2021-01-05 09:32:48.690,0.9089,0.9451,20.0,0.9371,20.0,392.0,1.0
2021-01-05 09:32:49.190,0.9089,0.9442,10.0,0.9371,20.0,392.0,1.0
2021-01-05 09:32:49.670,0.9089,0.9435,10.0,0.9369,10.0,392.0,1.0
2021-01-05 09:32:50.171,0.9089,0.9421,10.0,0.9339,10.0,392.0,1.0
2021-01-05 09:32:50.700,0.9089,0.9435,20.0,0.9369,20.0,392.0,1.0
2021-01-05 09:32:51.170,0.9089,0.9421,20.0,0.934,2.0,392.0,1.0
2021-01-05 09:32:51.701,0.9089,0.9417,10.0,0.936,20.0,392.0,1.0
2021-01-05 09:32:52.191,0.9089,0.9417,20.0,0.934,2.0,392.0,1.0
2021-01-05 09:32:52.191,0.9089,0.9427,30.0,0.934,2.0,392.0,1.0
2021-01-05 09:32:53.161,0.9089,0.9427,20.0,0.934,2.0,392.0,1.0
2021-01-05 09:32:53.641,0.9089,0.9435,20.0,0.934,2.0,392.0,1.0
2021-01-05 09:32:54.181,0.9089,0.9435,20.0,0.9342,10.0,392.0,1.0
2021-01-05 09:32:54.651,0.9089,0.9442,10.0,0.9348,20.0,392.0,1.0
2021-01-05 09:32:55.170,0.9089,0.944,10.0,0.9348,20.0,392.0,1.0
2021-01-05 09:32:55.650,0.9089,0.9444,30.0,0.9348,20.0,392.0,1.0
2021-01-05 09:32:56.021,0.9089,0.9433,10.0,0.9348,20.0,392.0,1.0
2021-01-05 09:32:56.611,0.9089,0.9433,20.0,0.9343,2.0,392.0,1.0
2021-01-05 09:32:57.151,0.9089,0.9429,10.0,0.9343,2.0,392.0,1.0
2021-01-05 09:32:57.600,0.9089,0.9429,20.0,0.9374,10.0,392.0,1.0
2021-01-05 09:32:58.171,0.9089,0.9429,20.0,0.9374,10.0,392.0,1.0
2021-01-05 09:32:58.651,0.9089,0.9429,30.0,0.9374,10.0,392.0,1.0
2021-01-05 09:32:59.170,0.9089,0.9429,30.0,0.9374,10.0,392.0,1.0
2021-01-05 09:32:59.621,0.9089,0.9428,10.0,0.9374,10.0,392.0,1.0
2021-01-05 09:33:00.651,0.9089,0.9428,10.0,0.9374,10.0,392.0,1.0
2021-01-05 09:33:01.081,0.9089,0.9444,20.0,0.9374,10.0,392.0,1.0
2021-01-05 09:33:01.661,0.9089,0.9438,10.0,0.9374,30.0,392.0,1.0
2021-01-05 09:33:02.130,0.9089,0.9438,10.0,0.9374,30.0,392.0,1.0
2021-01-05 09:33:02.651,0.9089,0.944,10.0,0.9374,30.0,392.0,1.0
2021-01-05 09:33:03.171,0.9089,0.944,20.0,0.9374,30.0,392.0,1.0
2021-01-05 09:33:03.681,0.9089,0.944,20.0,0.9374,20.0,392.0,1.0
2021-01-05 09:33:04.140,0.9089,0.944,20.0,0.9374,20.0,392.0,1.0
2021-01-05 09:33:04.651,0.9089,0.944,20.0,0.9374,20.0,392.0,1.0
2021-01-05 09:33:05.181,0.9089,0.9451,30.0,0.9374,20.0,392.0,1.0
2021-01-05 09:33:05.690,0.9089,0.9451,20.0,0.9374,20.0,392.0,1.0
2021-01-05 09:33:06.170,0.9089,0.9458,10.0,0.9383,20.0,392.0,1.0
2021-01-05 09:33:06.651,0.9089,0.9458,30.0,0.9383,20.0,392.0,1.0
2021-01-05 09:33:07.171,0.9089,0.9458,20.0,0.9383,20.0,392.0,1.0
2021-01-05 09:33:07.601,0.9089,0.9456,10.0,0.9383,20.0,392.0,1.0
2021-01-05 09:33:08.191,0.9089,0.9453,10.0,0.9374,20.0,392.0,1.0
2021-01-05 09:33:08.681,0.9089,0.9453,10.0,0.9375,2.0,392.0,1.0
2021-01-05 09:33:09.181,0.9089,0.9451,10.0,0.9374,20.0,392.0,1.0
2021-01-05 09:33:09.651,0.9089,0.9448,10.0,0.9374,20.0,392.0,1.0
2021-01-05 09:33:10.180,0.9089,0.9448,20.0,0.9374,20.0,392.0,1.0
2021-01-05 09:33:10.681,0.9089,0.9448,20.0,0.9374,20.0,392.0,1.0
2021-01-05 09:33:11.180,0.9089,0.9456,20.0,0.9374,20.0,392.0,1.0
2021-01-05 09:33:11.670,0.9089,0.9456,20.0,0.9406,10.0,392.0,1.0
2021-01-05 09:33:12.181,0.9089,0.9454,10.0,0.9406,10.0,392.0,1.0
2021-01-05 09:33:12.650,0.9089,0.9452,10.0,0.9406,30.0,392.0,1.0
2021-01-05 09:33:13.100,0.9089,0.9456,20.0,0.9406,30.0,392.0,1.0
2021-01-05 09:33:14.070,0.9089,0.9453,10.0,0.9406,30.0,392.0,1.0
2021-01-05 09:33:14.650,0.9089,0.9453,10.0,0.9406,30.0,392.0,1.0
2021-01-05 09:33:15.140,0.9089,0.9453,30.0,0.9406,30.0,392.0,1.0
2021-01-05 09:33:15.651,0.9089,0.946,10.0,0.9406,30.0,392.0,1.0
2021-01-05 09:33:16.181,0.9089,0.9456,20.0,0.9406,30.0,392.0,1.0
2021-01-05 09:33:16.671,0.9089,0.9456,20.0,0.9406,30.0,392.0,1.0
2021-01-05 09:33:17.190,0.9089,0.9456,20.0,0.9406,30.0,392.0,1.0
2021-01-05 09:33:17.691,0.9089,0.9468,10.0,0.9406,30.0,392.0,1.0
2021-01-05 09:33:18.160,0.9089,0.9468,10.0,0.9407,2.0,392.0,1.0
2021-01-05 09:33:18.680,0.9089,0.9466,10.0,0.9407,2.0,392.0,1.0
2021-01-05 09:33:18.921,0.9089,0.9469,10.0,0.9407,2.0,392.0,1.0
2021-01-05 09:33:19.591,0.9089,0.9473,10.0,0.9429,10.0,392.0,1.0
2021-01-05 09:33:20.171,0.9089,0.9473,10.0,0.9429,30.0,392.0,1.0
2021-01-05 09:33:20.680,0.9089,0.9469,10.0,0.9429,30.0,392.0,1.0
2021-01-05 09:33:21.160,0.9089,0.9473,10.0,0.9429,30.0,392.0,1.0
2021-01-05 09:33:21.681,0.9089,0.947,10.0,0.9429,30.0,392.0,1.0
2021-01-05 09:33:22.150,0.9089,0.9474,30.0,0.9429,30.0,392.0,1.0
2021-01-05 09:33:22.670,0.9089,0.9474,30.0,0.9429,30.0,392.0,1.0
2021-01-05 09:33:23.151,0.9089,0.9474,20.0,0.9429,30.0,392.0,1.0
2021-01-05 09:33:23.660,0.9089,0.9474,20.0,0.9429,30.0,392.0,1.0
2021-01-05 09:33:24.171,0.9089,0.9474,20.0,0.9429,30.0,392.0,1.0
2021-01-05 09:33:24.661,0.9089,0.9474,30.0,0.9429,30.0,392.0,1.0
2021-01-05 09:33:25.671,0.9089,0.9471,10.0,0.9429,30.0,392.0,1.0
2021-01-05 09:33:26.161,0.9089,0.947,10.0,0.9429,30.0,392.0,1.0
2021-01-05 09:33:27.171,0.9089,0.9474,20.0,0.9429,30.0,392.0,1.0
2021-01-05 09:33:27.681,0.9089,0.9469,10.0,0.9429,10.0,392.0,1.0
2021-01-05 09:33:28.180,0.9089,0.9474,20.0,0.9429,10.0,392.0,1.0
2021-01-05 09:33:28.670,0.9089,0.9474,20.0,0.9429,30.0,392.0,1.0
2021-01-05 09:33:29.171,0.9089,0.9474,20.0,0.9429,30.0,392.0,1.0
2021-01-05 09:33:30.180,0.9089,0.9474,30.0,0.9429,10.0,392.0,1.0
2021-01-05 09:33:31.680,0.9089,0.9474,20.0,0.9429,10.0,392.0,1.0
2021-01-05 09:33:32.170,0.9089,0.9474,20.0,0.9429,10.0,392.0,1.0
2021-01-05 09:33:32.620,0.9089,0.9474,20.0,0.9429,10.0,392.0,1.0
2021-01-05 09:33:33.680,0.9089,0.9474,20.0,0.9429,10.0,392.0,1.0
2021-01-05 09:33:36.681,0.9089,0.9474,20.0,0.9429,10.0,392.0,1.0
2021-01-05 09:33:37.190,0.9089,0.9474,20.0,0.9429,30.0,392.0,1.0
2021-01-05 09:33:37.640,0.9089,0.9474,20.0,0.9429,30.0,392.0,1.0
2021-01-05 09:33:39.201,0.9089,0.9474,20.0,0.9429,30.0,392.0,1.0
2021-01-05 09:33:39.641,0.9089,0.9474,20.0,0.9429,30.0,392.0,1.0
2021-01-05 09:33:40.160,0.9089,0.9474,20.0,0.9429,30.0,392.0,1.0
2021-01-05 09:33:40.690,0.9089,0.9474,20.0,0.9429,20.0,392.0,1.0
2021-01-05 09:33:41.171,0.9089,0.9474,20.0,0.9429,20.0,392.0,1.0
2021-01-05 09:33:41.691,0.9089,0.9474,20.0,0.9407,32.0,392.0,1.0
2021-01-05 09:33:42.160,0.9089,0.9473,10.0,0.9407,32.0,392.0,1.0
2021-01-05 09:33:42.640,0.9089,0.9473,10.0,0.9408,2.0,392.0,1.0
2021-01-05 09:33:43.180,0.9089,0.947,10.0,0.9407,30.0,392.0,1.0
2021-01-05 09:33:44.110,0.9089,0.9474,20.0,0.9407,30.0,392.0,1.0
2021-01-05 09:33:44.671,0.9089,0.9474,20.0,0.9407,30.0,392.0,1.0
2021-01-05 09:33:45.180,0.9089,0.9473,10.0,0.9407,30.0,392.0,1.0
2021-01-05 09:33:45.660,0.9089,0.9473,10.0,0.9407,30.0,392.0,1.0
2021-01-05 09:33:46.161,0.9089,0.9469,10.0,0.9407,30.0,392.0,1.0
2021-01-05 09:33:46.680,0.9089,0.9465,10.0,0.9407,30.0,392.0,1.0
2021-01-05 09:33:47.191,0.9089,0.9463,10.0,0.9407,30.0,392.0,1.0
2021-01-05 09:33:48.171,0.9089,0.9465,30.0,0.9407,30.0,392.0,1.0
2021-01-05 09:33:48.680,0.9089,0.9465,30.0,0.9407,30.0,392.0,1.0
2021-01-05 09:33:49.120,0.9089,0.9464,10.0,0.9407,30.0,392.0,1.0
2021-01-05 09:33:50.130,0.9089,0.9462,10.0,0.9407,20.0,392.0,1.0
2021-01-05 09:33:50.670,0.9089,0.9462,10.0,0.9396,36.0,392.0,1.0
2021-01-05 09:33:51.141,0.9089,0.9464,10.0,0.9397,2.0,392.0,1.0
2021-01-05 09:33:51.531,0.9089,0.9464,10.0,0.9397,2.0,392.0,1.0
2021-01-05 09:33:52.190,0.9089,0.9465,20.0,0.9397,2.0,392.0,1.0
2021-01-05 09:33:52.661,0.9089,0.9465,20.0,0.9397,2.0,392.0,1.0
2021-01-05 09:33:52.960,0.9089,0.9463,10.0,0.9397,2.0,392.0,1.0
2021-01-05 09:33:53.650,0.9089,0.9468,10.0,0.9397,2.0,392.0,1.0
2021-01-05 09:33:54.180,0.9089,0.9463,20.0,0.9397,2.0,392.0,1.0
2021-01-05 09:33:54.610,0.9089,0.9463,20.0,0.9397,2.0,392.0,1.0
2021-01-05 09:33:55.181,0.9089,0.9463,20.0,0.9397,2.0,392.0,1.0
2021-01-05 09:33:55.650,0.9089,0.9463,20.0,0.9397,2.0,392.0,1.0
2021-01-05 09:33:56.120,0.9089,0.9463,20.0,0.9397,2.0,392.0,1.0
2021-01-05 09:33:57.171,0.9089,0.9463,30.0,0.9397,2.0,392.0,1.0
2021-01-05 09:33:57.671,0.9089,0.946,10.0,0.9396,20.0,392.0,1.0
2021-01-05 09:33:58.170,0.9089,0.9457,10.0,0.9396,20.0,392.0,1.0
2021-01-05 09:33:58.670,0.9089,0.9456,10.0,0.9396,20.0,392.0,1.0
2021-01-05 09:33:59.140,0.9089,0.9463,20.0,0.9396,20.0,392.0,1.0
2021-01-05 09:33:59.690,0.9089,0.9452,10.0,0.9388,20.0,392.0,1.0
2021-01-05 09:34:00.191,0.9089,0.945,10.0,0.9388,20.0,392.0,1.0
2021-01-05 09:34:00.671,0.9089,0.9447,10.0,0.9388,20.0,392.0,1.0
2021-01-05 09:34:01.661,0.9089,0.9452,20.0,0.9388,20.0,392.0,1.0
2021-01-05 09:34:02.170,0.9089,0.9452,20.0,0.9388,20.0,392.0,1.0
2021-01-05 09:34:02.671,0.9089,0.9452,20.0,0.9388,20.0,392.0,1.0
2021-01-05 09:34:03.171,0.9089,0.945,10.0,0.9388,20.0,392.0,1.0
2021-01-05 09:34:03.670,0.9089,0.9452,30.0,0.9388,20.0,392.0,1.0
2021-01-05 09:34:04.120,0.9089,0.945,10.0,0.9388,20.0,392.0,1.0
2021-01-05 09:34:05.121,0.9089,0.9447,10.0,0.9388,20.0,392.0,1.0
2021-01-05 09:34:06.671,0.9089,0.944,10.0,0.9388,20.0,392.0,1.0
2021-01-05 09:34:07.130,0.9089,0.944,30.0,0.9376,30.0,392.0,1.0
2021-01-05 09:34:08.171,0.9089,0.9436,10.0,0.9376,30.0,392.0,1.0
2021-01-05 09:34:08.690,0.9089,0.9435,10.0,0.9376,30.0,392.0,1.0
2021-01-05 09:34:09.170,0.9089,0.9439,10.0,0.9376,30.0,392.0,1.0
2021-01-05 09:34:09.670,0.9089,0.944,30.0,0.9376,30.0,392.0,1.0
2021-01-05 09:34:10.140,0.9089,0.944,30.0,0.9376,30.0,392.0,1.0
2021-01-05 09:34:10.281,0.9089,0.944,30.0,0.9376,30.0,392.0,1.0
2021-01-05 09:34:11.681,0.9089,0.944,30.0,0.9376,30.0,392.0,1.0
2021-01-05 09:34:12.121,0.9089,0.944,30.0,0.9376,30.0,392.0,1.0
2021-01-05 09:34:12.640,0.9089,0.944,40.0,0.9376,30.0,392.0,1.0
2021-01-05 09:34:13.191,0.9089,0.944,30.0,0.9376,30.0,392.0,1.0
2021-01-05 09:34:13.681,0.9089,0.944,30.0,0.9376,30.0,392.0,1.0
2021-01-05 09:34:14.181,0.9089,0.944,30.0,0.9376,30.0,392.0,1.0
2021-01-05 09:34:14.691,0.9089,0.944,10.0,0.9376,10.0,392.0,1.0
2021-01-05 09:34:15.181,0.9089,0.944,20.0,0.9404,10.0,392.0,1.0
2021-01-05 09:34:15.681,0.9089,0.9448,16.0,0.9404,10.0,392.0,1.0
2021-01-05 09:34:16.190,0.9089,0.9447,10.0,0.9404,10.0,392.0,1.0
2021-01-05 09:34:16.630,0.9089,0.9448,16.0,0.9404,10.0,392.0,1.0
2021-01-05 09:34:16.970,0.9089,0.944,10.0,0.9404,10.0,392.0,1.0
2021-01-05 09:34:17.690,0.9089,0.9439,10.0,0.9391,20.0,392.0,1.0
2021-01-05 09:34:18.201,0.9089,0.9434,10.0,0.9391,20.0,392.0,1.0
2021-01-05 09:34:18.620,0.9089,0.9438,10.0,0.9391,20.0,392.0,1.0
2021-01-05 09:34:19.041,0.9089,0.9435,10.0,0.9384,10.0,392.0,1.0
2021-01-05 09:34:19.700,0.9089,0.944,20.0,0.9384,30.0,392.0,1.0
2021-01-05 09:34:19.961,0.9089,0.9437,10.0,0.9384,30.0,392.0,1.0
2021-01-05 09:34:20.651,0.9089,0.9438,10.0,0.9384,30.0,392.0,1.0
2021-01-05 09:34:21.200,0.9089,0.9436,10.0,0.9384,30.0,392.0,1.0
2021-01-05 09:34:21.690,0.9089,0.9434,10.0,0.9384,10.0,392.0,1.0
2021-01-05 09:34:22.151,0.9089,0.9434,10.0,0.9376,20.0,392.0,1.0
2021-01-05 09:34:22.191,0.9089,0.9434,10.0,0.9365,36.0,392.0,1.0
2021-01-05 09:34:25.171,0.9089,0.9432,10.0,0.9365,36.0,392.0,1.0
2021-01-05 09:34:25.671,0.9089,0.9435,10.0,0.9365,36.0,392.0,1.0
2021-01-05 09:34:26.641,0.9089,0.943,10.0,0.9365,36.0,392.0,1.0
2021-01-05 09:34:27.150,0.9089,0.9432,10.0,0.9365,36.0,392.0,1.0
2021-01-05 09:34:27.690,0.9089,0.943,20.0,0.9365,36.0,392.0,1.0
2021-01-05 09:34:28.120,0.9089,0.943,20.0,0.9366,2.0,392.0,1.0
2021-01-05 09:34:28.621,0.9089,0.943,20.0,0.9365,36.0,392.0,1.0
2021-01-05 09:34:29.171,0.9089,0.943,20.0,0.9365,36.0,392.0,1.0
2021-01-05 09:34:29.601,0.9089,0.943,20.0,0.9365,36.0,392.0,1.0
2021-01-05 09:34:30.170,0.9089,0.943,20.0,0.9365,36.0,392.0,1.0
2021-01-05 09:34:30.681,0.9089,0.943,20.0,0.9365,36.0,392.0,1.0
2021-01-05 09:34:31.190,0.9089,0.944,30.0,0.9365,36.0,392.0,1.0
2021-01-05 09:34:31.691,0.9089,0.943,10.0,0.9365,36.0,392.0,1.0
2021-01-05 09:34:32.150,0.9089,0.943,30.0,0.9365,36.0,392.0,1.0
2021-01-05 09:34:32.690,0.9089,0.943,30.0,0.9365,38.0,392.0,1.0
2021-01-05 09:34:33.090,0.9089,0.9428,10.0,0.9365,36.0,392.0,1.0
2021-01-05 09:34:33.691,0.9089,0.9425,10.0,0.9365,20.0,392.0,1.0
2021-01-05 09:34:34.640,0.9089,0.9425,10.0,0.9365,20.0,392.0,1.0
2021-01-05 09:34:35.130,0.9089,0.9422,10.0,0.9365,20.0,392.0,1.0
2021-01-05 09:34:35.691,0.9089,0.942,10.0,0.9365,20.0,392.0,1.0
2021-01-05 09:34:36.171,0.9089,0.942,10.0,0.9365,20.0,392.0,1.0
2021-01-05 09:34:36.680,0.9089,0.9419,10.0,0.9365,20.0,392.0,1.0
2021-01-05 09:34:37.700,0.9089,0.9416,10.0,0.9365,20.0,392.0,1.0
2021-01-05 09:34:37.940,0.9089,0.9414,10.0,0.9365,20.0,392.0,1.0
2021-01-05 09:34:38.690,0.9089,0.9412,10.0,0.9365,20.0,392.0,1.0
2021-01-05 09:34:39.070,0.9089,0.9411,10.0,0.9365,20.0,392.0,1.0
2021-01-05 09:34:39.470,0.9089,0.9411,10.0,0.9351,30.0,392.0,1.0
2021-01-05 09:34:40.171,0.9089,0.9405,10.0,0.9351,20.0,392.0,1.0
2021-01-05 09:34:40.271,0.9089,0.9405,20.0,0.9332,36.0,392.0,1.0
2021-01-05 09:34:41.201,0.9089,0.9413,10.0,0.9333,2.0,392.0,1.0
2021-01-05 09:34:42.171,0.9089,0.9406,10.0,0.9333,2.0,392.0,1.0
2021-01-05 09:34:42.680,0.9089,0.9404,10.0,0.9333,2.0,392.0,1.0
2021-01-05 09:34:43.191,0.9089,0.9404,30.0,0.9333,2.0,392.0,1.0
2021-01-05 09:34:45.200,0.9089,0.9403,10.0,0.9332,36.0,392.0,1.0
2021-01-05 09:34:45.721,0.9089,0.9404,20.0,0.9332,36.0,392.0,1.0
2021-01-05 09:34:46.201,0.9089,0.94,10.0,0.9332,36.0,392.0,1.0
2021-01-05 09:34:46.660,0.9089,0.9403,10.0,0.9332,36.0,392.0,1.0
2021-01-05 09:34:47.181,0.9089,0.9402,10.0,0.9332,36.0,392.0,1.0
2021-01-05 09:34:47.701,0.9089,0.9399,10.0,0.9332,36.0,392.0,1.0
2021-01-05 09:34:49.210,0.9089,0.94,10.0,0.9332,36.0,392.0,1.0
2021-01-05 09:34:50.220,0.9089,0.9404,20.0,0.9332,36.0,392.0,1.0
2021-01-05 09:34:50.700,0.9089,0.9404,20.0,0.9333,2.0,392.0,1.0
2021-01-05 09:34:51.200,0.9089,0.9401,10.0,0.9333,2.0,392.0,1.0
2021-01-05 09:34:51.701,0.9089,0.9404,20.0,0.9333,2.0,392.0,1.0
2021-01-05 09:34:52.220,0.9089,0.9401,10.0,0.9332,36.0,392.0,1.0
2021-01-05 09:34:52.650,0.9089,0.9401,10.0,0.9332,36.0,392.0,1.0
2021-01-05 09:34:53.180,0.9089,0.9401,10.0,0.9332,36.0,392.0,1.0
2021-01-05 09:34:53.651,0.9089,0.9396,10.0,0.9332,36.0,392.0,1.0
2021-01-05 09:34:54.170,0.9089,0.9393,10.0,0.9332,36.0,392.0,1.0
2021-01-05 09:34:54.631,0.9089,0.9388,10.0,0.9332,20.0,392.0,1.0
2021-01-05 09:34:55.161,0.9089,0.9388,20.0,0.9332,20.0,392.0,1.0
2021-01-05 09:34:55.680,0.9089,0.9381,10.0,0.9332,20.0,392.0,1.0
2021-01-05 09:34:56.051,0.9089,0.9377,10.0,0.9332,20.0,392.0,1.0
2021-01-05 09:34:56.600,0.9089,0.9372,10.0,0.9332,20.0,392.0,1.0
2021-01-05 09:34:57.171,0.9089,0.9372,10.0,0.9326,10.0,392.0,1.0
2021-01-05 09:34:57.651,0.9089,0.9372,30.0,0.9326,10.0,392.0,1.0
2021-01-05 09:34:58.160,0.9089,0.9372,20.0,0.9326,10.0,392.0,1.0
2021-01-05 09:34:58.640,0.9089,0.9369,10.0,0.9326,10.0,392.0,1.0
2021-01-05 09:34:59.151,0.9089,0.9368,10.0,0.9326,10.0,392.0,1.0
2021-01-05 09:34:59.610,0.9089,0.9368,10.0,0.9326,10.0,392.0,1.0
2021-01-05 09:35:00.640,0.9089,0.9366,10.0,0.932,20.0,392.0,1.0
2021-01-05 09:35:01.170,0.9089,0.9368,10.0,0.9308,30.0,392.0,1.0
2021-01-05 09:35:01.610,0.9089,0.9372,30.0,0.9308,30.0,392.0,1.0
2021-01-05 09:35:02.181,0.9089,0.9372,30.0,0.9308,30.0,392.0,1.0
2021-01-05 09:35:02.680,0.9089,0.9372,20.0,0.9308,30.0,392.0,1.0
2021-01-05 09:35:03.180,0.9089,0.9372,20.0,0.9309,2.0,392.0,1.0
2021-01-05 09:35:03.660,0.9089,0.9381,20.0,0.9331,10.0,392.0,1.0
2021-01-05 09:35:04.181,0.9089,0.9371,10.0,0.9331,20.0,392.0,1.0
2021-01-05 09:35:05.180,0.9089,0.9381,20.0,0.9308,20.0,392.0,1.0
2021-01-05 09:35:05.671,0.9089,0.9372,10.0,0.9308,20.0,392.0,1.0
2021-01-05 09:35:06.180,0.9089,0.9372,20.0,0.9308,20.0,392.0,1.0
2021-01-05 09:35:06.421,0.9089,0.9371,10.0,0.9308,20.0,392.0,1.0
2021-01-05 09:35:07.131,0.9089,0.9369,10.0,0.9308,20.0,392.0,1.0
2021-01-05 09:35:07.650,0.9089,0.9366,10.0,0.9308,20.0,392.0,1.0
2021-01-05 09:35:08.190,0.9089,0.9361,10.0,0.9308,20.0,392.0,1.0
2021-01-05 09:35:09.191,0.9089,0.9354,10.0,0.9308,20.0,392.0,1.0
2021-01-05 09:35:10.691,0.9089,0.9354,10.0,0.9308,20.0,392.0,1.0
2021-01-05 09:35:11.160,0.9089,0.9353,10.0,0.93,30.0,392.0,1.0
2021-01-05 09:35:11.671,0.9089,0.935,10.0,0.93,30.0,392.0,1.0
2021-01-05 09:35:12.101,0.9089,0.9352,10.0,0.93,30.0,392.0,1.0
2021-01-05 09:35:13.181,0.9089,0.9353,20.0,0.93,30.0,392.0,1.0
2021-01-05 09:35:13.640,0.9089,0.9355,16.0,0.93,30.0,392.0,1.0
2021-01-05 09:35:14.191,0.9089,0.9361,20.0,0.931,16.0,392.0,1.0
2021-01-05 09:35:14.691,0.9089,0.9371,16.0,0.931,26.0,392.0,1.0
2021-01-05 09:35:15.200,0.9089,0.9371,16.0,0.931,46.0,392.0,1.0
2021-01-05 09:35:15.690,0.9089,0.9368,10.0,0.931,46.0,392.0,1.0
2021-01-05 09:35:16.201,0.9089,0.9371,16.0,0.931,46.0,392.0,1.0
2021-01-05 09:35:16.660,0.9089,0.9369,10.0,0.931,46.0,392.0,1.0
2021-01-05 09:35:17.190,0.9089,0.9369,30.0,0.931,46.0,392.0,1.0
2021-01-05 09:35:17.680,0.9089,0.9368,10.0,0.931,46.0,392.0,1.0
2021-01-05 09:35:18.170,0.9089,0.9369,10.0,0.931,46.0,392.0,1.0
2021-01-05 09:35:18.681,0.9089,0.9371,16.0,0.931,46.0,392.0,1.0
2021-01-05 09:35:19.641,0.9089,0.9371,16.0,0.931,46.0,392.0,1.0
2021-01-05 09:35:20.170,0.9089,0.9371,16.0,0.931,46.0,392.0,1.0
2021-01-05 09:35:20.690,0.9089,0.9369,10.0,0.931,46.0,392.0,1.0
2021-01-05 09:35:21.180,0.9089,0.9368,10.0,0.931,46.0,392.0,1.0
2021-01-05 09:35:21.620,0.9089,0.9369,20.0,0.931,46.0,392.0,1.0
2021-01-05 09:35:22.171,0.9089,0.9359,10.0,0.931,46.0,392.0,1.0
2021-01-05 09:35:22.650,0.9089,0.9359,16.0,0.931,30.0,392.0,1.0
2021-01-05 09:35:23.151,0.9089,0.9358,10.0,0.931,30.0,392.0,1.0
2021-01-05 09:35:23.680,0.9089,0.9357,10.0,0.9311,10.0,392.0,1.0
2021-01-05 09:35:24.171,0.9089,0.9359,16.0,0.9311,10.0,392.0,1.0
2021-01-05 09:35:24.671,0.9089,0.9359,16.0,0.9311,10.0,392.0,1.0
2021-01-05 09:35:25.170,0.9089,0.9359,16.0,0.9311,10.0,392.0,1.0
2021-01-05 09:35:25.660,0.9089,0.9356,10.0,0.9311,10.0,392.0,1.0
2021-01-05 09:35:26.651,0.9089,0.9359,36.0,0.9311,10.0,392.0,1.0
2021-01-05 09:35:27.101,0.9089,0.9354,10.0,0.9311,10.0,392.0,1.0
2021-01-05 09:35:27.641,0.9089,0.9359,46.0,0.9311,10.0,392.0,1.0
2021-01-05 09:35:28.171,0.9089,0.9359,46.0,0.9311,10.0,392.0,1.0
2021-01-05 09:35:29.641,0.9089,0.9359,46.0,0.9311,10.0,392.0,1.0
2021-01-05 09:35:30.121,0.9089,0.9355,10.0,0.9311,10.0,392.0,1.0
2021-01-05 09:35:30.690,0.9089,0.9353,10.0,0.9311,10.0,392.0,1.0
2021-01-05 09:35:31.170,0.9089,0.9356,10.0,0.9311,10.0,392.0,1.0
2021-01-05 09:35:31.700,0.9089,0.9356,10.0,0.9311,10.0,392.0,1.0
2021-01-05 09:35:32.161,0.9089,0.9354,10.0,0.9311,10.0,392.0,1.0
2021-01-05 09:35:32.691,0.9089,0.9356,10.0,0.9311,10.0,392.0,1.0
2021-01-05 09:35:33.191,0.9089,0.9352,10.0,0.9311,10.0,392.0,1.0
2021-01-05 09:35:33.650,0.9089,0.935,10.0,0.9311,10.0,392.0,1.0
2021-01-05 09:35:34.190,0.9089,0.9348,10.0,0.9311,10.0,392.0,1.0
2021-01-05 09:35:34.691,0.9089,0.9347,10.0,0.9311,10.0,392.0,1.0
2021-01-05 09:35:35.200,0.9089,0.9348,10.0,0.9311,10.0,392.0,1.0
2021-01-05 09:35:35.600,0.9089,0.9344,10.0,0.9311,10.0,392.0,1.0
2021-01-05 09:35:36.601,0.9089,0.9341,10.0,0.931,20.0,392.0,1.0
2021-01-05 09:35:37.171,0.9089,0.9341,30.0,0.9291,30.0,392.0,1.0
2021-01-05 09:35:37.581,0.9089,0.9341,20.0,0.9291,30.0,392.0,1.0
2021-01-05 09:35:38.670,0.9089,0.9341,20.0,0.9291,30.0,392.0,1.0
2021-01-05 09:35:39.690,0.9089,0.9346,16.0,0.9291,30.0,392.0,1.0
2021-01-05 09:35:40.191,0.9089,0.9346,16.0,0.9291,30.0,392.0,1.0
2021-01-05 09:35:40.691,0.9089,0.9346,16.0,0.9291,30.0,392.0,1.0
2021-01-05 09:35:41.190,0.9089,0.9346,16.0,0.9291,30.0,392.0,1.0
2021-01-05 09:35:42.160,0.9089,0.9346,16.0,0.9291,30.0,392.0,1.0
2021-01-05 09:35:42.670,0.9089,0.9346,16.0,0.9291,30.0,392.0,1.0
2021-01-05 09:35:43.190,0.9089,0.9346,16.0,0.9291,30.0,392.0,1.0
2021-01-05 09:35:44.101,0.9089,0.9345,10.0,0.9291,30.0,392.0,1.0
2021-01-05 09:35:45.071,0.9089,0.9339,30.0,0.9291,30.0,392.0,1.0
2021-01-05 09:35:45.670,0.9089,0.9336,10.0,0.9291,30.0,392.0,1.0
2021-01-05 09:35:46.170,0.9089,0.9333,10.0,0.9291,30.0,392.0,1.0
2021-01-05 09:35:46.700,0.9089,0.9331,10.0,0.9291,30.0,392.0,1.0
2021-01-05 09:35:47.201,0.9089,0.9331,10.0,0.9291,30.0,392.0,1.0
2021-01-05 09:35:48.181,0.9089,0.9325,10.0,0.9291,30.0,392.0,1.0
2021-01-05 09:35:48.650,0.9089,0.9325,20.0,0.9291,30.0,392.0,1.0
2021-01-05 09:35:49.180,0.9089,0.9328,10.0,0.9291,30.0,392.0,1.0
2021-01-05 09:35:49.701,0.9089,0.9328,30.0,0.9291,30.0,392.0,1.0
2021-01-05 09:35:50.150,0.9089,0.9325,10.0,0.9291,30.0,392.0,1.0
2021-01-05 09:35:50.680,0.9089,0.9327,10.0,0.9291,30.0,392.0,1.0
2021-01-05 09:35:51.710,0.9089,0.9328,20.0,0.9291,30.0,392.0,1.0
2021-01-05 09:35:54.161,0.9089,0.9328,20.0,0.9291,30.0,392.0,1.0
2021-01-05 09:35:54.640,0.9089,0.9328,20.0,0.9291,30.0,392.0,1.0
2021-01-05 09:35:55.181,0.9089,0.9336,20.0,0.9291,30.0,392.0,1.0
2021-01-05 09:35:55.691,0.9089,0.9347,36.0,0.9291,30.0,392.0,1.0
2021-01-05 09:35:56.121,0.9089,0.9342,10.0,0.9291,30.0,392.0,1.0
2021-01-05 09:35:56.690,0.9089,0.9339,10.0,0.9291,30.0,392.0,1.0
2021-01-05 09:35:57.681,0.9089,0.9341,10.0,0.9291,30.0,392.0,1.0
2021-01-05 09:35:58.150,0.9089,0.934,10.0,0.9291,30.0,392.0,1.0
2021-01-05 09:35:59.160,0.9089,0.9347,36.0,0.9291,30.0,392.0,1.0
2021-01-05 09:36:00.201,0.9089,0.9331,10.0,0.9291,30.0,392.0,1.0
2021-01-05 09:36:00.680,0.9089,0.9333,10.0,0.9291,30.0,392.0,1.0
2021-01-05 09:36:01.671,0.9089,0.9333,10.0,0.9291,20.0,392.0,1.0
2021-01-05 09:36:02.170,0.9089,0.9335,16.0,0.9274,36.0,392.0,1.0
2021-01-05 09:36:02.701,0.9089,0.9335,16.0,0.9274,36.0,392.0,1.0
2021-01-05 09:36:03.150,0.9089,0.9346,10.0,0.9287,16.0,392.0,1.0
2021-01-05 09:36:03.700,0.9089,0.9346,10.0,0.9287,36.0,392.0,1.0
2021-01-05 09:36:04.201,0.9089,0.9346,10.0,0.9287,36.0,392.0,1.0
2021-01-05 09:36:04.670,0.9089,0.9346,10.0,0.9288,2.0,392.0,1.0
2021-01-05 09:36:05.150,0.9089,0.9344,10.0,0.9287,36.0,392.0,1.0
2021-01-05 09:36:05.690,0.9089,0.9341,10.0,0.9287,36.0,392.0,1.0
2021-01-05 09:36:06.180,0.9089,0.9342,10.0,0.9287,36.0,392.0,1.0
2021-01-05 09:36:08.170,0.9089,0.9342,10.0,0.9287,38.0,392.0,1.0
2021-01-05 09:36:09.161,0.9089,0.9346,10.0,0.93,10.0,392.0,1.0
2021-01-05 09:36:09.691,0.9089,0.9346,10.0,0.93,10.0,392.0,1.0
2021-01-05 09:36:10.101,0.9089,0.9347,20.0,0.93,30.0,392.0,1.0
2021-01-05 09:36:10.671,0.9089,0.9347,20.0,0.93,30.0,392.0,1.0
2021-01-05 09:36:11.180,0.9089,0.9347,20.0,0.93,30.0,392.0,1.0
2021-01-05 09:36:11.651,0.9089,0.9347,20.0,0.93,30.0,392.0,1.0
2021-01-05 09:36:14.150,0.9089,0.9346,10.0,0.93,30.0,392.0,1.0
2021-01-05 09:36:14.690,0.9089,0.9347,20.0,0.93,30.0,392.0,1.0
2021-01-05 09:36:15.170,0.9089,0.9347,20.0,0.93,30.0,392.0,1.0
2021-01-05 09:36:16.150,0.9089,0.9347,20.0,0.93,30.0,392.0,1.0
2021-01-05 09:36:18.680,0.9089,0.9347,20.0,0.93,30.0,392.0,1.0
2021-01-05 09:36:19.151,0.9089,0.9347,20.0,0.93,30.0,392.0,1.0
2021-01-05 09:36:19.691,0.9089,0.9347,20.0,0.93,30.0,392.0,1.0
2021-01-05 09:36:20.161,0.9089,0.9347,20.0,0.93,30.0,392.0,1.0
2021-01-05 09:36:21.120,0.9089,0.9348,16.0,0.93,30.0,392.0,1.0
2021-01-05 09:36:21.691,0.9089,0.9348,16.0,0.93,30.0,392.0,1.0
2021-01-05 09:36:22.171,0.9089,0.9348,16.0,0.93,30.0,392.0,1.0
2021-01-05 09:36:23.681,0.9089,0.9348,16.0,0.93,30.0,392.0,1.0
2021-01-05 09:36:24.171,0.9089,0.9348,16.0,0.93,30.0,392.0,1.0
2021-01-05 09:36:25.191,0.9089,0.9347,10.0,0.93,30.0,392.0,1.0
2021-01-05 09:36:25.690,0.9089,0.9348,16.0,0.93,30.0,392.0,1.0
2021-01-05 09:36:26.171,0.9089,0.9347,20.0,0.93,30.0,392.0,1.0
2021-01-05 09:36:26.651,0.9089,0.9347,20.0,0.93,20.0,392.0,1.0
2021-01-05 09:36:27.160,0.9089,0.9347,20.0,0.93,20.0,392.0,1.0
2021-01-05 09:36:27.690,0.9089,0.9347,30.0,0.9287,36.0,392.0,1.0
2021-01-05 09:36:28.190,0.9089,0.9347,20.0,0.93,20.0,392.0,1.0
2021-01-05 09:36:28.681,0.9089,0.9347,20.0,0.9287,36.0,392.0,1.0
2021-01-05 09:36:29.100,0.9089,0.9333,10.0,0.9287,20.0,392.0,1.0
2021-01-05 09:36:30.161,0.9089,0.9332,10.0,0.9287,20.0,392.0,1.0
2021-01-05 09:36:30.700,0.9089,0.9333,20.0,0.9287,20.0,392.0,1.0
2021-01-05 09:36:31.181,0.9089,0.9333,30.0,0.9287,20.0,392.0,1.0
2021-01-05 09:36:33.200,0.9089,0.9333,20.0,0.9287,20.0,392.0,1.0
2021-01-05 09:36:33.680,0.9089,0.9333,20.0,0.9287,20.0,392.0,1.0
2021-01-05 09:36:34.091,0.9089,0.9333,20.0,0.9287,20.0,392.0,1.0
2021-01-05 09:36:35.150,0.9089,0.9333,20.0,0.9287,20.0,392.0,1.0
2021-01-05 09:36:35.701,0.9089,0.9333,20.0,0.9287,20.0,392.0,1.0
2021-01-05 09:36:36.191,0.9089,0.9333,20.0,0.9287,20.0,392.0,1.0
2021-01-05 09:36:36.700,0.9089,0.9331,10.0,0.9287,20.0,392.0,1.0
2021-01-05 09:36:37.190,0.9089,0.9332,10.0,0.9287,20.0,392.0,1.0
2021-01-05 09:36:37.691,0.9089,0.9332,10.0,0.9278,30.0,392.0,1.0
2021-01-05 09:36:38.120,0.9089,0.9332,10.0,0.9278,30.0,392.0,1.0
2021-01-05 09:36:40.191,0.9089,0.9333,20.0,0.9278,30.0,392.0,1.0
2021-01-05 09:36:40.700,0.9089,0.9333,30.0,0.9278,30.0,392.0,1.0
2021-01-05 09:36:41.201,0.9089,0.9333,20.0,0.9278,30.0,392.0,1.0
2021-01-05 09:36:41.641,0.9089,0.9333,20.0,0.9278,30.0,392.0,1.0
2021-01-05 09:36:42.200,0.9089,0.9333,20.0,0.9278,30.0,392.0,1.0
2021-01-05 09:36:43.700,0.9089,0.9333,20.0,0.9278,30.0,392.0,1.0
2021-01-05 09:36:44.200,0.9089,0.9333,20.0,0.9278,30.0,392.0,1.0
2021-01-05 09:36:45.191,0.9089,0.933,10.0,0.9278,30.0,392.0,1.0
2021-01-05 09:36:45.631,0.9089,0.9329,10.0,0.9278,30.0,392.0,1.0
2021-01-05 09:36:46.190,0.9089,0.9326,10.0,0.9278,30.0,392.0,1.0
2021-01-05 09:36:46.651,0.9089,0.9324,10.0,0.9278,30.0,392.0,1.0
2021-01-05 09:36:47.130,0.9089,0.9322,26.0,0.9278,30.0,392.0,1.0
2021-01-05 09:36:47.660,0.9089,0.932,10.0,0.9278,20.0,392.0,1.0
2021-01-05 09:36:48.630,0.9089,0.9322,26.0,0.9261,36.0,392.0,1.0
2021-01-05 09:36:49.181,0.9089,0.9319,10.0,0.9261,36.0,392.0,1.0
2021-01-05 09:36:49.700,0.9089,0.932,10.0,0.9261,36.0,392.0,1.0
2021-01-05 09:36:50.201,0.9089,0.9319,10.0,0.9261,36.0,392.0,1.0
2021-01-05 09:36:50.670,0.9089,0.9321,10.0,0.9261,36.0,392.0,1.0
2021-01-05 09:36:51.671,0.9089,0.9318,10.0,0.9261,36.0,392.0,1.0
2021-01-05 09:36:53.191,0.9089,0.9316,10.0,0.9261,36.0,392.0,1.0
2021-01-05 09:36:53.680,0.9089,0.9314,10.0,0.9261,36.0,392.0,1.0
2021-01-05 09:36:54.180,0.9089,0.9316,20.0,0.9261,36.0,392.0,1.0
2021-01-05 09:36:54.631,0.9089,0.9316,20.0,0.9261,36.0,392.0,1.0
2021-01-05 09:36:55.171,0.9089,0.9322,36.0,0.9261,36.0,392.0,1.0
2021-01-05 09:36:55.651,0.9089,0.9322,16.0,0.927,10.0,392.0,1.0
2021-01-05 09:36:56.141,0.9089,0.9322,16.0,0.927,10.0,392.0,1.0
2021-01-05 09:36:56.691,0.9089,0.9322,16.0,0.927,30.0,392.0,1.0
2021-01-05 09:36:57.630,0.9089,0.9322,16.0,0.927,30.0,392.0,1.0
2021-01-05 09:36:59.181,0.9089,0.9322,16.0,0.927,30.0,392.0,1.0
2021-01-05 09:36:59.690,0.9089,0.932,10.0,0.927,30.0,392.0,1.0
2021-01-05 09:37:01.640,0.9089,0.932,10.0,0.927,30.0,392.0,1.0
2021-01-05 09:37:02.191,0.9089,0.9322,16.0,0.927,30.0,392.0,1.0
2021-01-05 09:37:02.640,0.9089,0.9322,16.0,0.927,30.0,392.0,1.0
2021-01-05 09:37:03.151,0.9089,0.9322,16.0,0.927,30.0,392.0,1.0
2021-01-05 09:37:03.630,0.9089,0.9322,16.0,0.927,30.0,392.0,1.0
2021-01-05 09:37:04.200,0.9089,0.9333,10.0,0.9273,16.0,392.0,1.0
2021-01-05 09:37:04.690,0.9089,0.9333,10.0,0.9273,16.0,392.0,1.0
2021-01-05 09:37:05.701,0.9089,0.9334,16.0,0.9273,16.0,392.0,1.0
2021-01-05 09:37:06.700,0.9089,0.9334,16.0,0.9273,16.0,392.0,1.0
2021-01-05 09:37:07.180,0.9089,0.9334,16.0,0.9273,16.0,392.0,1.0
2021-01-05 09:37:07.681,0.9089,0.9334,16.0,0.9273,16.0,392.0,1.0
2021-01-05 09:37:08.200,0.9089,0.9334,26.0,0.9273,16.0,392.0,1.0
2021-01-05 09:37:08.630,0.9089,0.933,10.0,0.9273,16.0,392.0,1.0
2021-01-05 09:37:09.170,0.9089,0.9328,10.0,0.9273,16.0,392.0,1.0
2021-01-05 09:37:09.660,0.9089,0.9328,10.0,0.9273,16.0,392.0,1.0
2021-01-05 09:37:10.121,0.9089,0.9334,16.0,0.9273,16.0,392.0,1.0
2021-01-05 09:37:10.701,0.9089,0.9334,16.0,0.9273,16.0,392.0,1.0
2021-01-05 09:37:12.620,0.9089,0.9334,16.0,0.9273,16.0,392.0,1.0
2021-01-05 09:37:13.181,0.9089,0.9334,16.0,0.9273,16.0,392.0,1.0
2021-01-05 09:37:13.681,0.9089,0.9334,16.0,0.9273,16.0,392.0,1.0
2021-01-05 09:37:14.171,0.9089,0.9333,10.0,0.9273,16.0,392.0,1.0
2021-01-05 09:37:15.200,0.9089,0.933,10.0,0.9273,16.0,392.0,1.0
2021-01-05 09:37:15.700,0.9089,0.9332,10.0,0.9273,16.0,392.0,1.0
2021-01-05 09:37:16.201,0.9089,0.933,20.0,0.9273,16.0,392.0,1.0
2021-01-05 09:37:16.501,0.9089,0.933,20.0,0.9273,16.0,392.0,1.0
2021-01-05 09:37:17.200,0.9089,0.933,20.0,0.9273,16.0,392.0,1.0
2021-01-05 09:37:17.671,0.9089,0.933,20.0,0.9273,16.0,392.0,1.0
2021-01-05 09:37:18.710,0.9089,0.933,20.0,0.9273,16.0,392.0,1.0
2021-01-05 09:37:19.131,0.9089,0.933,20.0,0.9273,16.0,392.0,1.0
2021-01-05 09:37:19.711,0.9089,0.933,20.0,0.9273,16.0,392.0,1.0
2021-01-05 09:37:21.200,0.9089,0.933,20.0,0.9273,16.0,392.0,1.0
2021-01-05 09:37:21.701,0.9089,0.933,20.0,0.9273,16.0,392.0,1.0
2021-01-05 09:37:23.150,0.9089,0.933,20.0,0.9273,16.0,392.0,1.0
2021-01-05 09:37:24.080,0.9089,0.933,20.0,0.9273,16.0,392.0,1.0
2021-01-05 09:37:24.631,0.9089,0.9334,16.0,0.9273,16.0,392.0,1.0
2021-01-05 09:37:25.200,0.9089,0.9334,16.0,0.9273,16.0,392.0,1.0
2021-01-05 09:37:25.670,0.9089,0.9334,16.0,0.9273,16.0,392.0,1.0
2021-01-05 09:37:26.650,0.9089,0.9334,16.0,0.9273,18.0,392.0,1.0
2021-01-05 09:37:27.130,0.9089,0.9334,16.0,0.9273,18.0,392.0,1.0
2021-01-05 09:37:27.551,0.9089,0.9334,16.0,0.9273,16.0,392.0,1.0
2021-01-05 09:37:29.130,0.9089,0.9334,16.0,0.9273,16.0,392.0,1.0
2021-01-05 09:37:30.191,0.9089,0.9334,16.0,0.9273,16.0,392.0,1.0
2021-01-05 09:37:30.650,0.9089,0.9334,16.0,0.9273,16.0,392.0,1.0
2021-01-05 09:37:31.190,0.9089,0.9334,16.0,0.9273,16.0,392.0,1.0
2021-01-05 09:37:32.181,0.9089,0.9334,16.0,0.9273,16.0,392.0,1.0
2021-01-05 09:37:32.651,0.9089,0.9334,16.0,0.9273,16.0,392.0,1.0
2021-01-05 09:37:33.180,0.9089,0.9329,10.0,0.9273,16.0,392.0,1.0
2021-01-05 09:37:33.701,0.9089,0.9332,10.0,0.9273,16.0,392.0,1.0
2021-01-05 09:37:34.200,0.9089,0.9329,20.0,0.9273,16.0,392.0,1.0
2021-01-05 09:37:34.500,0.9089,0.9329,20.0,0.9273,16.0,392.0,1.0
2021-01-05 09:37:35.170,0.9089,0.9329,20.0,0.9273,16.0,392.0,1.0
2021-01-05 09:37:35.650,0.9089,0.9329,20.0,0.9273,16.0,392.0,1.0
2021-01-05 09:37:36.200,0.9089,0.9329,20.0,0.9273,16.0,392.0,1.0
2021-01-05 09:37:37.691,0.9089,0.9329,20.0,0.9273,16.0,392.0,1.0
2021-01-05 09:37:38.651,0.9089,0.9339,36.0,0.9285,16.0,392.0,1.0
2021-01-05 09:37:39.170,0.9089,0.9339,36.0,0.9285,16.0,392.0,1.0
2021-01-05 09:37:39.641,0.9089,0.9339,36.0,0.9285,36.0,392.0,1.0
2021-01-05 09:37:40.701,0.9089,0.9339,36.0,0.9285,36.0,392.0,1.0
2021-01-05 09:37:41.131,0.9089,0.9339,36.0,0.9285,36.0,392.0,1.0
2021-01-05 09:37:42.130,0.9089,0.9339,36.0,0.9285,36.0,392.0,1.0
2021-01-05 09:37:43.671,0.9089,0.9339,36.0,0.9286,2.0,392.0,1.0
2021-01-05 09:37:44.190,0.9089,0.9339,36.0,0.9286,2.0,392.0,1.0
2021-01-05 09:37:44.651,0.9089,0.9348,20.0,0.9301,10.0,392.0,1.0
2021-01-05 09:37:45.191,0.9089,0.9348,20.0,0.9301,30.0,392.0,1.0
2021-01-05 09:37:45.191,0.9089,0.9348,20.0,0.9301,30.0,392.0,1.0
2021-01-05 09:37:46.601,0.9089,0.9348,20.0,0.9301,30.0,392.0,1.0
2021-01-05 09:37:47.210,0.9089,0.9348,20.0,0.9301,30.0,392.0,1.0
2021-01-05 09:37:47.661,0.9089,0.9348,20.0,0.9301,30.0,392.0,1.0
2021-01-05 09:37:48.201,0.9089,0.9348,20.0,0.9301,30.0,392.0,1.0
2021-01-05 09:37:48.700,0.9089,0.9348,20.0,0.9301,30.0,392.0,1.0
2021-01-05 09:37:49.670,0.9089,0.9348,20.0,0.9301,30.0,392.0,1.0
2021-01-05 09:37:50.220,0.9089,0.9348,20.0,0.9301,30.0,392.0,1.0
2021-01-05 09:37:50.721,0.9089,0.9348,20.0,0.9301,30.0,392.0,1.0
2021-01-05 09:37:51.691,0.9089,0.9339,16.0,0.9301,30.0,392.0,1.0
2021-01-05 09:37:52.191,0.9089,0.9339,16.0,0.9301,30.0,392.0,1.0
2021-01-05 09:37:52.300,0.9089,0.9339,36.0,0.9301,30.0,392.0,1.0
2021-01-05 09:37:53.680,0.9089,0.9339,36.0,0.9301,30.0,392.0,1.0
2021-01-05 09:37:54.170,0.9089,0.9339,36.0,0.9301,30.0,392.0,1.0
2021-01-05 09:37:56.121,0.9089,0.9339,36.0,0.9301,30.0,392.0,1.0
2021-01-05 09:37:56.611,0.9089,0.9339,36.0,0.9301,30.0,392.0,1.0
2021-01-05 09:37:57.170,0.9089,0.9339,16.0,0.9301,30.0,392.0,1.0
2021-01-05 09:37:57.601,0.9089,0.9348,20.0,0.9301,32.0,392.0,1.0
2021-01-05 09:37:58.141,0.9089,0.9348,20.0,0.9301,30.0,392.0,1.0
2021-01-05 09:37:58.640,0.9089,0.9348,20.0,0.9301,30.0,392.0,1.0
2021-01-05 09:37:59.161,0.9089,0.9348,20.0,0.9301,30.0,392.0,1.0
2021-01-05 09:37:59.670,0.9089,0.9348,20.0,0.9301,30.0,392.0,1.0
2021-01-05 09:38:01.180,0.9089,0.9348,20.0,0.9301,30.0,392.0,1.0
2021-01-05 09:38:04.190,0.9089,0.934,16.0,0.9301,30.0,392.0,1.0
2021-01-05 09:38:05.181,0.9089,0.934,36.0,0.9301,30.0,392.0,1.0
2021-01-05 09:38:07.200,0.9089,0.934,36.0,0.9301,30.0,392.0,1.0
2021-01-05 09:38:07.690,0.9089,0.934,16.0,0.9286,16.0,392.0,1.0
2021-01-05 09:38:08.021,0.9089,0.934,36.0,0.9286,36.0,392.0,1.0
2021-01-05 09:38:09.160,0.9089,0.9327,16.0,0.9286,20.0,392.0,1.0
2021-01-05 09:38:09.681,0.9089,0.9327,16.0,0.9286,20.0,392.0,1.0
2021-01-05 09:38:10.180,0.9089,0.9327,36.0,0.9274,30.0,392.0,1.0
2021-01-05 09:38:10.670,0.9089,0.9327,36.0,0.9274,30.0,392.0,1.0
2021-01-05 09:38:11.141,0.9089,0.9327,36.0,0.9274,30.0,392.0,1.0
2021-01-05 09:38:12.191,0.9089,0.9327,36.0,0.9274,22.0,392.0,1.0
2021-01-05 09:38:12.691,0.9089,0.9327,16.0,0.9274,20.0,392.0,1.0
2021-01-05 09:38:13.110,0.9089,0.9327,16.0,0.9274,20.0,392.0,1.0
2021-01-05 09:38:13.690,0.9089,0.9327,16.0,0.9274,20.0,392.0,1.0
2021-01-05 09:38:14.141,0.9089,0.9327,16.0,0.9274,20.0,392.0,1.0
2021-01-05 09:38:14.691,0.9089,0.9327,16.0,0.9274,20.0,392.0,1.0
2021-01-05 09:38:15.150,0.9089,0.9317,16.0,0.9274,20.0,392.0,1.0
2021-01-05 09:38:15.730,0.9089,0.9317,16.0,0.9274,20.0,392.0,1.0
2021-01-05 09:38:16.210,0.9089,0.9317,16.0,0.9262,46.0,392.0,1.0
2021-01-05 09:38:16.731,0.9089,0.9317,16.0,0.9262,46.0,392.0,1.0
2021-01-05 09:38:17.190,0.9089,0.9317,16.0,0.9262,46.0,392.0,1.0
2021-01-05 09:38:18.231,0.9089,0.9317,16.0,0.9262,46.0,392.0,1.0
2021-01-05 09:38:18.660,0.9089,0.9317,16.0,0.9262,36.0,392.0,1.0
2021-01-05 09:38:19.230,0.9089,0.9317,16.0,0.9262,36.0,392.0,1.0
2021-01-05 09:38:19.670,0.9089,0.9317,16.0,0.9262,36.0,392.0,1.0
2021-01-05 09:38:20.690,0.9089,0.9317,16.0,0.9262,36.0,392.0,1.0
2021-01-05 09:38:21.670,0.9089,0.9315,10.0,0.9262,36.0,392.0,1.0
2021-01-05 09:38:22.210,0.9089,0.9306,16.0,0.9262,20.0,392.0,1.0
2021-01-05 09:38:22.661,0.9089,0.9306,16.0,0.9262,20.0,392.0,1.0
2021-01-05 09:38:23.201,0.9089,0.9306,36.0,0.9262,20.0,392.0,1.0
2021-01-05 09:38:23.660,0.9089,0.9306,36.0,0.9262,20.0,392.0,1.0
2021-01-05 09:38:24.141,0.9089,0.9306,36.0,0.9262,20.0,392.0,1.0
2021-01-05 09:38:24.690,0.9089,0.9304,10.0,0.9262,20.0,392.0,1.0
2021-01-05 09:38:25.101,0.9089,0.9306,36.0,0.9262,20.0,392.0,1.0
2021-01-05 09:38:25.700,0.9089,0.9306,36.0,0.9262,20.0,392.0,1.0
2021-01-05 09:38:26.100,0.9089,0.9303,10.0,0.9262,20.0,392.0,1.0
2021-01-05 09:38:26.701,0.9089,0.9306,36.0,0.9262,20.0,392.0,1.0
2021-01-05 09:38:27.691,0.9089,0.9306,36.0,0.9262,20.0,392.0,1.0
2021-01-05 09:38:28.171,0.9089,0.9304,10.0,0.9252,36.0,392.0,1.0
2021-01-05 09:38:28.680,0.9089,0.9304,10.0,0.9252,36.0,392.0,1.0
2021-01-05 09:38:29.191,0.9089,0.9306,36.0,0.9252,36.0,392.0,1.0
2021-01-05 09:38:29.641,0.9089,0.9304,10.0,0.9252,36.0,392.0,1.0
2021-01-05 09:38:30.670,0.9089,0.9304,10.0,0.9252,36.0,392.0,1.0
2021-01-05 09:38:31.181,0.9089,0.9303,10.0,0.9252,36.0,392.0,1.0
2021-01-05 09:38:31.700,0.9089,0.9302,10.0,0.9252,36.0,392.0,1.0
2021-01-05 09:38:32.171,0.9089,0.9297,16.0,0.9252,20.0,392.0,1.0
2021-01-05 09:38:32.701,0.9089,0.9297,16.0,0.9252,20.0,392.0,1.0
2021-01-05 09:38:33.070,0.9089,0.9295,10.0,0.9241,36.0,392.0,1.0
2021-01-05 09:38:33.700,0.9089,0.929,10.0,0.9241,36.0,392.0,1.0
2021-01-05 09:38:34.201,0.9089,0.9284,16.0,0.9241,20.0,392.0,1.0
2021-01-05 09:38:35.200,0.9089,0.9284,46.0,0.9228,36.0,392.0,1.0
2021-01-05 09:38:35.700,0.9089,0.9281,10.0,0.9228,36.0,392.0,1.0
2021-01-05 09:38:36.180,0.9089,0.9284,46.0,0.9228,36.0,392.0,1.0
2021-01-05 09:38:36.691,0.9089,0.9281,10.0,0.9228,36.0,392.0,1.0
2021-01-05 09:38:37.160,0.9089,0.9279,10.0,0.9228,36.0,392.0,1.0
2021-01-05 09:38:37.680,0.9089,0.9273,16.0,0.9228,20.0,392.0,1.0
2021-01-05 09:38:38.161,0.9089,0.9273,36.0,0.9217,36.0,392.0,1.0
2021-01-05 09:38:38.601,0.9089,0.9273,36.0,0.9217,36.0,392.0,1.0
2021-01-05 09:38:39.661,0.9089,0.9273,36.0,0.9217,36.0,392.0,1.0
2021-01-05 09:38:40.141,0.9089,0.9258,16.0,0.9217,20.0,392.0,1.0
2021-01-05 09:38:40.591,0.9089,0.9258,16.0,0.9208,10.0,392.0,1.0
2021-01-05 09:38:41.190,0.9089,0.9258,36.0,0.9208,10.0,392.0,1.0
2021-01-05 09:38:41.611,0.9089,0.9258,36.0,0.9208,10.0,392.0,1.0
2021-01-05 09:38:42.191,0.9089,0.9258,36.0,0.9208,10.0,392.0,1.0
2021-01-05 09:38:42.700,0.9089,0.9258,36.0,0.9208,10.0,392.0,1.0
2021-01-05 09:38:43.701,0.9089,0.9256,10.0,0.9208,10.0,392.0,1.0
2021-01-05 09:38:44.200,0.9089,0.9258,46.0,0.9208,10.0,392.0,1.0
2021-01-05 09:38:44.690,0.9089,0.9258,36.0,0.9208,10.0,392.0,1.0
2021-01-05 09:38:45.201,0.9089,0.9258,36.0,0.9208,10.0,392.0,1.0
2021-01-05 09:38:45.580,0.9089,0.9258,36.0,0.9208,10.0,392.0,1.0
2021-01-05 09:38:46.200,0.9089,0.9258,36.0,0.9208,10.0,392.0,1.0
2021-01-05 09:38:46.631,0.9089,0.9258,36.0,0.9208,10.0,392.0,1.0
2021-01-05 09:38:47.140,0.9089,0.9258,20.0,0.9214,16.0,392.0,1.0
2021-01-05 09:38:47.691,0.9089,0.9266,10.0,0.9214,36.0,392.0,1.0
2021-01-05 09:38:48.200,0.9089,0.927,16.0,0.9214,36.0,392.0,1.0
2021-01-05 09:38:49.130,0.9089,0.927,16.0,0.9214,36.0,392.0,1.0
2021-01-05 09:38:49.691,0.9089,0.9273,30.0,0.9227,16.0,392.0,1.0
2021-01-05 09:38:50.110,0.9089,0.9273,30.0,0.9227,36.0,392.0,1.0
2021-01-05 09:38:51.170,0.9089,0.9272,10.0,0.9227,36.0,392.0,1.0
2021-01-05 09:38:51.691,0.9089,0.9267,10.0,0.9214,20.0,392.0,1.0
2021-01-05 09:38:52.150,0.9089,0.9269,16.0,0.9214,20.0,392.0,1.0
2021-01-05 09:38:52.630,0.9089,0.9264,10.0,0.9214,20.0,392.0,1.0
2021-01-05 09:38:53.191,0.9089,0.9264,30.0,0.9214,20.0,392.0,1.0
2021-01-05 09:38:53.620,0.9089,0.9262,10.0,0.9214,20.0,392.0,1.0
2021-01-05 09:38:54.690,0.9089,0.9259,16.0,0.9214,20.0,392.0,1.0
2021-01-05 09:38:55.001,0.9089,0.9259,16.0,0.9205,46.0,392.0,1.0
2021-01-05 09:38:55.650,0.9089,0.9258,10.0,0.9205,46.0,392.0,1.0
2021-01-05 09:38:56.190,0.9089,0.9257,10.0,0.9205,36.0,392.0,1.0
2021-01-05 09:38:57.200,0.9089,0.9259,16.0,0.9205,36.0,392.0,1.0
2021-01-05 09:38:57.640,0.9089,0.9259,16.0,0.9205,36.0,392.0,1.0
2021-01-05 09:38:58.190,0.9089,0.9259,16.0,0.9205,36.0,392.0,1.0
2021-01-05 09:38:58.670,0.9089,0.9259,16.0,0.9205,36.0,392.0,1.0
2021-01-05 09:38:59.060,0.9089,0.9259,16.0,0.9206,2.0,392.0,1.0
2021-01-05 09:38:59.700,0.9089,0.9259,16.0,0.9205,36.0,392.0,1.0
2021-01-05 09:39:00.660,0.9089,0.9259,16.0,0.9205,36.0,392.0,1.0
2021-01-05 09:39:01.160,0.9089,0.9259,16.0,0.9205,36.0,392.0,1.0
2021-01-05 09:39:02.170,0.9089,0.9259,16.0,0.9205,36.0,392.0,1.0
2021-01-05 09:39:02.660,0.9089,0.9259,16.0,0.9205,36.0,392.0,1.0
2021-01-05 09:39:03.150,0.9089,0.9259,16.0,0.9205,36.0,392.0,1.0
2021-01-05 09:39:04.161,0.9089,0.9259,16.0,0.9205,36.0,392.0,1.0
2021-01-05 09:39:04.610,0.9089,0.9259,16.0,0.9205,36.0,392.0,1.0
2021-01-05 09:39:05.211,0.9089,0.9259,16.0,0.9205,36.0,392.0,1.0
2021-01-05 09:39:06.650,0.9089,0.9259,16.0,0.9215,10.0,392.0,1.0
2021-01-05 09:39:07.200,0.9089,0.9259,16.0,0.9215,30.0,392.0,1.0
2021-01-05 09:39:08.131,0.9089,0.9259,16.0,0.9215,30.0,392.0,1.0
2021-01-05 09:39:08.690,0.9089,0.9259,16.0,0.9215,30.0,392.0,1.0
2021-01-05 09:39:09.161,0.9089,0.9259,16.0,0.9215,30.0,392.0,1.0
2021-01-05 09:39:09.601,0.9089,0.9259,16.0,0.9215,30.0,392.0,1.0
2021-01-05 09:39:10.191,0.9089,0.9259,16.0,0.9215,30.0,392.0,1.0
2021-01-05 09:39:10.721,0.9089,0.9259,16.0,0.9215,30.0,392.0,1.0
2021-01-05 09:39:11.201,0.9089,0.9259,16.0,0.9215,20.0,392.0,1.0
2021-01-05 09:39:11.701,0.9089,0.9259,16.0,0.9215,20.0,392.0,1.0
2021-01-05 09:39:12.150,0.9089,0.9259,16.0,0.9215,20.0,392.0,1.0
2021-01-05 09:39:12.690,0.9089,0.9259,16.0,0.9215,20.0,392.0,1.0
2021-01-05 09:39:13.170,0.9089,0.9259,16.0,0.9205,36.0,392.0,1.0
2021-01-05 09:39:13.720,0.9089,0.9259,16.0,0.9205,36.0,392.0,1.0
2021-01-05 09:39:14.160,0.9089,0.9259,26.0,0.9205,36.0,392.0,1.0
2021-01-05 09:39:15.220,0.9089,0.9254,30.0,0.9205,36.0,392.0,1.0
2021-01-05 09:39:15.720,0.9089,0.9254,20.0,0.9205,36.0,392.0,1.0
2021-01-05 09:39:16.121,0.9089,0.9254,20.0,0.9205,36.0,392.0,1.0
2021-01-05 09:39:16.711,0.9089,0.9254,20.0,0.9205,36.0,392.0,1.0
2021-01-05 09:39:17.191,0.9089,0.9254,30.0,0.9205,36.0,392.0,1.0
2021-01-05 09:39:17.650,0.9089,0.9254,20.0,0.9205,36.0,392.0,1.0
2021-01-05 09:39:18.221,0.9089,0.9254,20.0,0.9205,36.0,392.0,1.0
2021-01-05 09:39:19.710,0.9089,0.9254,20.0,0.9205,36.0,392.0,1.0
2021-01-05 09:39:20.221,0.9089,0.9254,20.0,0.9205,36.0,392.0,1.0
2021-01-05 09:39:20.741,0.9089,0.9254,20.0,0.9205,36.0,392.0,1.0
2021-01-05 09:39:21.231,0.9089,0.9254,20.0,0.9205,36.0,392.0,1.0
2021-01-05 09:39:21.671,0.9089,0.9254,20.0,0.9205,36.0,392.0,1.0
2021-01-05 09:39:22.651,0.9089,0.9253,10.0,0.9205,36.0,392.0,1.0
2021-01-05 09:39:23.200,0.9089,0.9254,20.0,0.9205,36.0,392.0,1.0
2021-01-05 09:39:23.710,0.9089,0.9254,20.0,0.9205,36.0,392.0,1.0
2021-01-05 09:39:24.151,0.9089,0.9254,20.0,0.9205,36.0,392.0,1.0
2021-01-05 09:39:25.700,0.9089,0.9254,30.0,0.9205,36.0,392.0,1.0
2021-01-05 09:39:26.130,0.9089,0.9253,10.0,0.9205,36.0,392.0,1.0
2021-01-05 09:39:27.210,0.9089,0.9254,20.0,0.9205,36.0,392.0,1.0
2021-01-05 09:39:27.711,0.9089,0.9254,20.0,0.9205,36.0,392.0,1.0
2021-01-05 09:39:29.231,0.9089,0.9254,30.0,0.9205,36.0,392.0,1.0
2021-01-05 09:39:29.721,0.9089,0.9254,20.0,0.9205,36.0,392.0,1.0
2021-01-05 09:39:30.220,0.9089,0.9254,20.0,0.9205,36.0,392.0,1.0
2021-01-05 09:39:30.650,0.9089,0.9254,20.0,0.9205,36.0,392.0,1.0
2021-01-05 09:39:31.121,0.9089,0.9254,20.0,0.9205,36.0,392.0,1.0
2021-01-05 09:39:31.701,0.9089,0.9254,20.0,0.9205,36.0,392.0,1.0
2021-01-05 09:39:32.700,0.9089,0.9254,20.0,0.9205,36.0,392.0,1.0
2021-01-05 09:39:34.210,0.9089,0.9254,20.0,0.9205,36.0,392.0,1.0
2021-01-05 09:39:34.681,0.9089,0.9254,20.0,0.9205,36.0,392.0,1.0
2021-01-05 09:39:35.701,0.9089,0.9254,20.0,0.9216,10.0,392.0,1.0
2021-01-05 09:39:36.231,0.9089,0.9254,20.0,0.9216,30.0,392.0,1.0
2021-01-05 09:39:37.221,0.9089,0.9259,16.0,0.9216,30.0,392.0,1.0
2021-01-05 09:39:39.241,0.9089,0.9259,16.0,0.9216,30.0,392.0,1.0
2021-01-05 09:39:41.220,0.9089,0.9259,16.0,0.9216,30.0,392.0,1.0
2021-01-05 09:39:41.750,0.9089,0.9259,16.0,0.9216,30.0,392.0,1.0
2021-01-05 09:39:42.210,0.9089,0.9259,16.0,0.9216,30.0,392.0,1.0
2021-01-05 09:39:42.740,0.9089,0.9259,16.0,0.9216,30.0,392.0,1.0
2021-01-05 09:39:43.191,0.9089,0.9259,16.0,0.9216,30.0,392.0,1.0
2021-01-05 09:39:43.460,0.9089,0.9271,16.0,0.9216,46.0,392.0,1.0
2021-01-05 09:39:44.680,0.9089,0.9271,16.0,0.9216,46.0,392.0,1.0
2021-01-05 09:39:45.251,0.9089,0.9271,16.0,0.9216,46.0,392.0,1.0
2021-01-05 09:39:46.190,0.9089,0.9269,10.0,0.9216,46.0,392.0,1.0
2021-01-05 09:39:46.711,0.9089,0.9257,16.0,0.9216,30.0,392.0,1.0
2021-01-05 09:39:47.731,0.9089,0.9257,16.0,0.9216,30.0,392.0,1.0
2021-01-05 09:39:48.221,0.9089,0.9257,16.0,0.9216,30.0,392.0,1.0
2021-01-05 09:39:48.720,0.9089,0.9257,16.0,0.9216,30.0,392.0,1.0
2021-01-05 09:39:49.241,0.9089,0.9257,16.0,0.9216,30.0,392.0,1.0
2021-01-05 09:39:49.711,0.9089,0.9257,16.0,0.9216,20.0,392.0,1.0
2021-01-05 09:39:50.180,0.9089,0.9257,16.0,0.9205,20.0,392.0,1.0
2021-01-05 09:39:50.710,0.9089,0.9257,16.0,0.9205,20.0,392.0,1.0
2021-01-05 09:39:51.241,0.9089,0.9247,16.0,0.9205,20.0,392.0,1.0
2021-01-05 09:39:51.730,0.9089,0.9247,16.0,0.9205,20.0,392.0,1.0
2021-01-05 09:39:52.180,0.9089,0.9247,36.0,0.9194,30.0,392.0,1.0
2021-01-05 09:39:52.670,0.9089,0.9247,36.0,0.9194,32.0,392.0,1.0
2021-01-05 09:39:53.181,0.9089,0.9247,36.0,0.9194,32.0,392.0,1.0
2021-01-05 09:39:53.630,0.9089,0.9247,16.0,0.9194,32.0,392.0,1.0
2021-01-05 09:39:54.191,0.9089,0.9247,16.0,0.9194,32.0,392.0,1.0
2021-01-05 09:39:54.691,0.9089,0.9247,16.0,0.9194,32.0,392.0,1.0
2021-01-05 09:39:55.181,0.9089,0.9247,16.0,0.9194,30.0,392.0,1.0
2021-01-05 09:39:55.640,0.9089,0.9247,16.0,0.9194,30.0,392.0,1.0
2021-01-05 09:39:56.120,0.9089,0.9247,16.0,0.9194,30.0,392.0,1.0
2021-01-05 09:39:56.691,0.9089,0.9247,16.0,0.9194,30.0,392.0,1.0
2021-01-05 09:39:57.181,0.9089,0.9247,16.0,0.9194,30.0,392.0,1.0
2021-01-05 09:39:57.580,0.9089,0.9247,16.0,0.9194,30.0,392.0,1.0
2021-01-05 09:39:58.201,0.9089,0.9247,16.0,0.9194,30.0,392.0,1.0
2021-01-05 09:39:58.600,0.9089,0.9247,16.0,0.9194,30.0,392.0,1.0
2021-01-05 09:39:59.061,0.9089,0.9247,16.0,0.9194,30.0,392.0,1.0
2021-01-05 09:40:00.631,0.9089,0.9247,16.0,0.9194,30.0,392.0,1.0
2021-01-05 09:40:01.201,0.9089,0.9247,16.0,0.9194,30.0,392.0,1.0
2021-01-05 09:40:01.570,0.9089,0.9257,16.0,0.9203,16.0,392.0,1.0
2021-01-05 09:40:02.200,0.9089,0.9257,16.0,0.9224,10.0,392.0,1.0
2021-01-05 09:40:02.671,0.9089,0.9257,16.0,0.9224,10.0,392.0,1.0
2021-01-05 09:40:03.171,0.9089,0.9257,16.0,0.9224,10.0,392.0,1.0
2021-01-05 09:40:03.691,0.9089,0.9257,16.0,0.9224,10.0,392.0,1.0
2021-01-05 09:40:04.160,0.9089,0.9257,16.0,0.9224,10.0,392.0,1.0
2021-01-05 09:40:04.700,0.9089,0.9257,16.0,0.9224,10.0,392.0,1.0
2021-01-05 09:40:05.701,0.9089,0.9257,16.0,0.9224,10.0,392.0,1.0
2021-01-05 09:40:06.701,0.9089,0.9257,16.0,0.9224,10.0,392.0,1.0
2021-01-05 09:40:07.700,0.9089,0.9262,20.0,0.9224,10.0,392.0,1.0
2021-01-05 09:40:08.200,0.9089,0.9262,20.0,0.9224,10.0,392.0,1.0
2021-01-05 09:40:09.191,0.9089,0.9268,16.0,0.9223,20.0,392.0,1.0
2021-01-05 09:40:10.150,0.9089,0.9268,16.0,0.9213,46.0,392.0,1.0
2021-01-05 09:40:11.120,0.9089,0.9268,16.0,0.9213,46.0,392.0,1.0
2021-01-05 09:40:11.671,0.9089,0.9268,16.0,0.9213,46.0,392.0,1.0
2021-01-05 09:40:12.190,0.9089,0.927,20.0,0.9223,16.0,392.0,1.0
2021-01-05 09:40:12.680,0.9089,0.927,20.0,0.9223,16.0,392.0,1.0
2021-01-05 09:40:13.170,0.9089,0.927,20.0,0.9223,36.0,392.0,1.0
2021-01-05 09:40:13.700,0.9089,0.927,20.0,0.9223,36.0,392.0,1.0
2021-01-05 09:40:14.150,0.9089,0.927,20.0,0.9223,36.0,392.0,1.0
2021-01-05 09:40:14.701,0.9089,0.9277,16.0,0.9223,36.0,392.0,1.0
2021-01-05 09:40:15.120,0.9089,0.9277,16.0,0.9223,36.0,392.0,1.0
2021-01-05 09:40:16.140,0.9089,0.9277,16.0,0.9223,38.0,392.0,1.0
2021-01-05 09:40:16.140,0.9089,0.9277,16.0,0.9223,36.0,392.0,1.0
2021-01-05 09:40:17.191,0.9089,0.928,20.0,0.9247,10.0,392.0,1.0
2021-01-05 09:40:17.661,0.9089,0.9288,36.0,0.9247,30.0,392.0,1.0
2021-01-05 09:40:18.161,0.9089,0.9288,36.0,0.9247,30.0,392.0,1.0
2021-01-05 09:40:18.161,0.9089,0.9288,36.0,0.9247,30.0,392.0,1.0
2021-01-05 09:40:19.711,0.9089,0.9288,36.0,0.9247,30.0,392.0,1.0
2021-01-05 09:40:20.191,0.9089,0.9288,36.0,0.9247,10.0,392.0,1.0
2021-01-05 09:40:20.691,0.9089,0.9278,16.0,0.9247,10.0,392.0,1.0
2021-01-05 09:40:21.200,0.9089,0.9278,36.0,0.9237,20.0,392.0,1.0
2021-01-05 09:40:21.701,0.9089,0.9278,36.0,0.9223,46.0,392.0,1.0
2021-01-05 09:40:22.591,0.9089,0.9278,36.0,0.9223,46.0,392.0,1.0
2021-01-05 09:40:23.200,0.9089,0.9278,36.0,0.9223,46.0,392.0,1.0
2021-01-05 09:40:24.681,0.9089,0.9278,36.0,0.9223,46.0,392.0,1.0
2021-01-05 09:40:25.121,0.9089,0.9278,36.0,0.9223,46.0,392.0,1.0
2021-01-05 09:40:25.570,0.9089,0.9278,46.0,0.9223,46.0,392.0,1.0
2021-01-05 09:40:26.181,0.9089,0.9278,46.0,0.9223,46.0,392.0,1.0
2021-01-05 09:40:26.650,0.9089,0.9276,10.0,0.9223,46.0,392.0,1.0
2021-01-05 09:40:27.140,0.9089,0.9275,10.0,0.9223,46.0,392.0,1.0
2021-01-05 09:40:27.701,0.9089,0.9266,16.0,0.9223,30.0,392.0,1.0
2021-01-05 09:40:28.200,0.9089,0.9266,16.0,0.9223,30.0,392.0,1.0
2021-01-05 09:40:28.690,0.9089,0.9266,36.0,0.9223,30.0,392.0,1.0
2021-01-05 09:40:29.170,0.9089,0.9266,16.0,0.9223,30.0,392.0,1.0
2021-01-05 09:40:30.160,0.9089,0.9266,36.0,0.9223,30.0,392.0,1.0
2021-01-05 09:40:32.611,0.9089,0.9266,36.0,0.9223,30.0,392.0,1.0
2021-01-05 09:40:33.191,0.9089,0.9266,36.0,0.9223,30.0,392.0,1.0
2021-01-05 09:40:33.681,0.9089,0.9266,36.0,0.9223,30.0,392.0,1.0
2021-01-05 09:40:34.601,0.9089,0.9266,36.0,0.9223,30.0,392.0,1.0
2021-01-05 09:40:36.620,0.9089,0.9266,36.0,0.9223,30.0,392.0,1.0
2021-01-05 09:40:37.700,0.9089,0.9266,36.0,0.9223,30.0,392.0,1.0
2021-01-05 09:40:38.130,0.9089,0.9266,36.0,0.9223,30.0,392.0,1.0
2021-01-05 09:40:39.681,0.9089,0.9266,36.0,0.9223,30.0,392.0,1.0
2021-01-05 09:40:40.151,0.9089,0.9266,36.0,0.9223,30.0,392.0,1.0
2021-01-05 09:40:41.191,0.9089,0.9266,20.0,0.9224,16.0,392.0,1.0
2021-01-05 09:40:41.640,0.9089,0.9266,20.0,0.9224,16.0,392.0,1.0
2021-01-05 09:40:42.180,0.9089,0.9278,36.0,0.9224,16.0,392.0,1.0
2021-01-05 09:40:44.201,0.9089,0.9278,36.0,0.9224,16.0,392.0,1.0
2021-01-05 09:40:44.620,0.9089,0.9278,36.0,0.9224,16.0,392.0,1.0
2021-01-05 09:40:48.700,0.9089,0.9278,36.0,0.9224,18.0,392.0,1.0
2021-01-05 09:40:49.111,0.9089,0.9278,36.0,0.9224,16.0,392.0,1.0
2021-01-05 09:40:50.181,0.9089,0.9278,36.0,0.9224,16.0,392.0,1.0
2021-01-05 09:40:50.671,0.9089,0.9278,36.0,0.9224,16.0,392.0,1.0
2021-01-05 09:40:53.651,0.9089,0.9278,36.0,0.9224,18.0,392.0,1.0
2021-01-05 09:40:54.141,0.9089,0.9278,36.0,0.9224,18.0,392.0,1.0
2021-01-05 09:40:54.661,0.9089,0.9278,36.0,0.9224,18.0,392.0,1.0
2021-01-05 09:40:55.111,0.9089,0.9278,36.0,0.9224,18.0,392.0,1.0
2021-01-05 09:40:55.681,0.9089,0.9278,36.0,0.9224,16.0,392.0,1.0
2021-01-05 09:40:56.121,0.9089,0.9278,36.0,0.9224,16.0,392.0,1.0
2021-01-05 09:40:56.711,0.9089,0.9278,36.0,0.9224,16.0,392.0,1.0
2021-01-05 09:40:57.180,0.9089,0.9278,36.0,0.9224,16.0,392.0,1.0
2021-01-05 09:40:57.710,0.9089,0.9278,36.0,0.9224,16.0,392.0,1.0
2021-01-05 09:40:58.721,0.9089,0.9278,36.0,0.9224,16.0,392.0,1.0
2021-01-05 09:40:58.980,0.9089,0.9278,36.0,0.9224,16.0,392.0,1.0
2021-01-05 09:40:59.721,0.9089,0.9278,36.0,0.9224,16.0,392.0,1.0
2021-01-05 09:41:01.041,0.9089,0.9278,36.0,0.9224,16.0,392.0,1.0
2021-01-05 09:41:01.650,0.9089,0.9278,36.0,0.9224,16.0,392.0,1.0
2021-01-05 09:41:02.190,0.9089,0.9278,36.0,0.9224,16.0,392.0,1.0
2021-01-05 09:41:02.661,0.9089,0.9278,36.0,0.9224,16.0,392.0,1.0
2021-01-05 09:41:03.110,0.9089,0.9278,36.0,0.9224,16.0,392.0,1.0
2021-01-05 09:41:03.721,0.9089,0.9278,36.0,0.9224,16.0,392.0,1.0
2021-01-05 09:41:04.180,0.9089,0.9278,36.0,0.9224,16.0,392.0,1.0
2021-01-05 09:41:04.680,0.9089,0.9278,36.0,0.9224,16.0,392.0,1.0
2021-01-05 09:41:05.220,0.9089,0.9278,36.0,0.9224,16.0,392.0,1.0
2021-01-05 09:41:05.660,0.9089,0.9278,36.0,0.9224,16.0,392.0,1.0
2021-01-05 09:41:06.221,0.9089,0.9278,36.0,0.9224,16.0,392.0,1.0
2021-01-05 09:41:06.680,0.9089,0.9278,36.0,0.9224,16.0,392.0,1.0
2021-01-05 09:41:07.100,0.9089,0.9278,36.0,0.9224,16.0,392.0,1.0
2021-01-05 09:41:08.201,0.9089,0.9277,10.0,0.9224,16.0,392.0,1.0
2021-01-05 09:41:08.701,0.9089,0.9278,36.0,0.9224,16.0,392.0,1.0
2021-01-05 09:41:09.661,0.9089,0.9275,10.0,0.9224,16.0,392.0,1.0
2021-01-05 09:41:10.220,0.9089,0.9278,36.0,0.9224,16.0,392.0,1.0
2021-01-05 09:41:10.710,0.9089,0.9274,10.0,0.9224,16.0,392.0,1.0
2021-01-05 09:41:11.210,0.9089,0.9267,16.0,0.9223,20.0,392.0,1.0
2021-01-05 09:41:11.711,0.9089,0.9267,16.0,0.9223,20.0,392.0,1.0
2021-01-05 09:41:12.151,0.9089,0.9267,36.0,0.9213,30.0,392.0,1.0
2021-01-05 09:41:12.710,0.9089,0.9267,36.0,0.9213,30.0,392.0,1.0
2021-01-05 09:41:13.161,0.9089,0.9267,36.0,0.9213,30.0,392.0,1.0
2021-01-05 09:41:13.711,0.9089,0.9267,36.0,0.9213,30.0,392.0,1.0
2021-01-05 09:41:14.160,0.9089,0.9267,36.0,0.9213,30.0,392.0,1.0
2021-01-05 09:41:14.671,0.9089,0.9267,36.0,0.9214,2.0,392.0,1.0
2021-01-05 09:41:15.180,0.9089,0.9267,36.0,0.9214,2.0,392.0,1.0
2021-01-05 09:41:15.651,0.9089,0.9267,36.0,0.9214,2.0,392.0,1.0
2021-01-05 09:41:16.210,0.9089,0.9267,20.0,0.9222,16.0,392.0,1.0
2021-01-05 09:41:17.211,0.9089,0.9276,16.0,0.9222,16.0,392.0,1.0
2021-01-05 09:41:18.141,0.9089,0.9276,16.0,0.9222,16.0,392.0,1.0
2021-01-05 09:41:18.600,0.9089,0.9276,16.0,0.9222,16.0,392.0,1.0
2021-01-05 09:41:19.161,0.9089,0.9276,26.0,0.9222,16.0,392.0,1.0
2021-01-05 09:41:20.070,0.9089,0.9276,16.0,0.9222,16.0,392.0,1.0
2021-01-05 09:41:22.700,0.9089,0.9276,16.0,0.9222,16.0,392.0,1.0
2021-01-05 09:41:23.061,0.9089,0.9274,10.0,0.9222,16.0,392.0,1.0
2021-01-05 09:41:24.171,0.9089,0.9276,16.0,0.9222,16.0,392.0,1.0
2021-01-05 09:41:24.651,0.9089,0.9276,16.0,0.9222,36.0,392.0,1.0
2021-01-05 09:41:25.120,0.9089,0.9274,10.0,0.9222,36.0,392.0,1.0
2021-01-05 09:41:25.641,0.9089,0.9273,10.0,0.9222,36.0,392.0,1.0
2021-01-05 09:41:27.131,0.9089,0.9265,16.0,0.9218,10.0,392.0,1.0
2021-01-05 09:41:27.710,0.9089,0.9265,16.0,0.9218,10.0,392.0,1.0
2021-01-05 09:41:28.171,0.9089,0.9265,36.0,0.9218,10.0,392.0,1.0
2021-01-05 09:41:28.540,0.9089,0.9265,36.0,0.9218,10.0,392.0,1.0
2021-01-05 09:41:29.001,0.9089,0.9265,36.0,0.9213,20.0,392.0,1.0
2021-01-05 09:41:29.690,0.9089,0.9265,36.0,0.9213,20.0,392.0,1.0
2021-01-05 09:41:30.711,0.9089,0.9265,36.0,0.9213,20.0,392.0,1.0
2021-01-05 09:41:31.181,0.9089,0.9265,36.0,0.9213,20.0,392.0,1.0
2021-01-05 09:41:32.670,0.9089,0.9265,36.0,0.9213,20.0,392.0,1.0
2021-01-05 09:41:33.171,0.9089,0.9265,36.0,0.9213,20.0,392.0,1.0
2021-01-05 09:41:33.680,0.9089,0.9265,36.0,0.9213,20.0,392.0,1.0
2021-01-05 09:41:34.120,0.9089,0.9265,36.0,0.9213,20.0,392.0,1.0
2021-01-05 09:41:34.720,0.9089,0.9265,36.0,0.9213,20.0,392.0,1.0
2021-01-05 09:41:35.221,0.9089,0.9265,36.0,0.9213,20.0,392.0,1.0
2021-01-05 09:41:35.721,0.9089,0.9265,36.0,0.9213,20.0,392.0,1.0
2021-01-05 09:41:36.070,0.9089,0.9265,36.0,0.9213,20.0,392.0,1.0
2021-01-05 09:41:36.720,0.9089,0.9263,10.0,0.9213,20.0,392.0,1.0
2021-01-05 09:41:37.210,0.9089,0.9265,36.0,0.9213,20.0,392.0,1.0
2021-01-05 09:41:37.711,0.9089,0.9252,16.0,0.9205,20.0,392.0,1.0
2021-01-05 09:41:38.220,0.9089,0.9252,16.0,0.9205,20.0,392.0,1.0
2021-01-05 09:41:38.650,0.9089,0.9252,36.0,0.9205,20.0,392.0,1.0
2021-01-05 09:41:39.221,0.9089,0.9252,36.0,0.9205,20.0,392.0,1.0
2021-01-05 09:41:40.231,0.9089,0.9252,36.0,0.9205,20.0,392.0,1.0
2021-01-05 09:41:41.130,0.9089,0.9252,36.0,0.9205,20.0,392.0,1.0
2021-01-05 09:41:41.730,0.9089,0.9252,36.0,0.9205,20.0,392.0,1.0
2021-01-05 09:41:42.690,0.9089,0.9252,20.0,0.921,16.0,392.0,1.0
2021-01-05 09:41:43.080,0.9089,0.9263,10.0,0.921,16.0,392.0,1.0
2021-01-05 09:41:44.671,0.9089,0.9263,10.0,0.921,16.0,392.0,1.0
2021-01-05 09:41:45.190,0.9089,0.9263,10.0,0.921,16.0,392.0,1.0
2021-01-05 09:41:45.701,0.9089,0.9263,10.0,0.921,16.0,392.0,1.0
2021-01-05 09:41:46.241,0.9089,0.9263,10.0,0.921,16.0,392.0,1.0
2021-01-05 09:41:47.201,0.9089,0.9264,16.0,0.921,16.0,392.0,1.0
2021-01-05 09:41:48.181,0.9089,0.9261,10.0,0.921,16.0,392.0,1.0
2021-01-05 09:41:49.191,0.9089,0.9264,16.0,0.921,16.0,392.0,1.0
2021-01-05 09:41:49.750,0.9089,0.926,10.0,0.921,16.0,392.0,1.0
2021-01-05 09:41:50.231,0.9089,0.9251,16.0,0.9205,20.0,392.0,1.0
2021-01-05 09:41:51.251,0.9089,0.9251,36.0,0.9197,36.0,392.0,1.0
2021-01-05 09:41:51.760,0.9089,0.9251,36.0,0.9197,36.0,392.0,1.0
2021-01-05 09:41:52.261,0.9089,0.9251,36.0,0.9197,36.0,392.0,1.0
2021-01-05 09:41:52.690,0.9089,0.9251,36.0,0.9197,36.0,392.0,1.0
2021-01-05 09:41:53.201,0.9089,0.925,10.0,0.9197,36.0,392.0,1.0
2021-01-05 09:41:54.161,0.9089,0.925,10.0,0.9197,36.0,392.0,1.0
2021-01-05 09:41:54.670,0.9089,0.9251,46.0,0.9197,36.0,392.0,1.0
2021-01-05 09:41:55.160,0.9089,0.9246,10.0,0.9197,36.0,392.0,1.0
2021-01-05 09:41:55.671,0.9089,0.9251,36.0,0.9197,36.0,392.0,1.0
2021-01-05 09:41:55.911,0.9089,0.9247,10.0,0.9197,36.0,392.0,1.0
2021-01-05 09:41:56.680,0.9089,0.9251,36.0,0.9197,36.0,392.0,1.0
2021-01-05 09:41:57.110,0.9089,0.9244,10.0,0.9197,16.0,392.0,1.0
2021-01-05 09:41:57.640,0.9089,0.925,10.0,0.9197,16.0,392.0,1.0
2021-01-05 09:41:58.151,0.9089,0.9247,10.0,0.9197,16.0,392.0,1.0
2021-01-05 09:41:58.660,0.9089,0.9251,36.0,0.9197,16.0,392.0,1.0
2021-01-05 09:41:59.131,0.9089,0.9249,10.0,0.9197,16.0,392.0,1.0
2021-01-05 09:41:59.700,0.9089,0.9248,10.0,0.9197,16.0,392.0,1.0
2021-01-05 09:42:00.151,0.9089,0.9251,36.0,0.9197,16.0,392.0,1.0
2021-01-05 09:42:00.701,0.9089,0.9251,36.0,0.9197,16.0,392.0,1.0
2021-01-05 09:42:01.651,0.9089,0.9241,16.0,0.9192,10.0,392.0,1.0
2021-01-05 09:42:02.201,0.9089,0.9241,16.0,0.9192,10.0,392.0,1.0
2021-01-05 09:42:02.710,0.9089,0.9241,36.0,0.9192,10.0,392.0,1.0
2021-01-05 09:42:03.161,0.9089,0.9241,16.0,0.9192,10.0,392.0,1.0
2021-01-05 09:42:03.690,0.9089,0.9241,36.0,0.9192,10.0,392.0,1.0
2021-01-05 09:42:04.641,0.9089,0.9241,36.0,0.9192,10.0,392.0,1.0
2021-01-05 09:42:05.211,0.9089,0.9241,36.0,0.9192,10.0,392.0,1.0
2021-01-05 09:42:06.181,0.9089,0.9241,36.0,0.9192,10.0,392.0,1.0
2021-01-05 09:42:06.690,0.9089,0.9241,36.0,0.9192,10.0,392.0,1.0
2021-01-05 09:42:07.230,0.9089,0.9241,36.0,0.9192,10.0,392.0,1.0
2021-01-05 09:42:09.230,0.9089,0.9241,36.0,0.9192,10.0,392.0,1.0
2021-01-05 09:42:10.200,0.9089,0.9241,36.0,0.9192,10.0,392.0,1.0
2021-01-05 09:42:10.681,0.9089,0.9241,36.0,0.9192,10.0,392.0,1.0
2021-01-05 09:42:11.211,0.9089,0.9241,36.0,0.9192,10.0,392.0,1.0
2021-01-05 09:42:11.651,0.9089,0.9231,16.0,0.9192,10.0,392.0,1.0
2021-01-05 09:42:12.210,0.9089,0.9231,36.0,0.9192,10.0,392.0,1.0
2021-01-05 09:42:13.211,0.9089,0.9231,36.0,0.9192,10.0,392.0,1.0
2021-01-05 09:42:13.731,0.9089,0.9231,36.0,0.9187,20.0,392.0,1.0
2021-01-05 09:42:14.671,0.9089,0.9231,36.0,0.9177,36.0,392.0,1.0
2021-01-05 09:42:15.170,0.9089,0.9231,36.0,0.9178,2.0,392.0,1.0
2021-01-05 09:42:16.181,0.9089,0.9231,36.0,0.9177,36.0,392.0,1.0
2021-01-05 09:42:16.181,0.9089,0.9231,36.0,0.9177,36.0,392.0,1.0
2021-01-05 09:42:17.241,0.9089,0.9231,36.0,0.9177,36.0,392.0,1.0
2021-01-05 09:42:17.681,0.9089,0.9231,36.0,0.9177,36.0,392.0,1.0
2021-01-05 09:42:18.100,0.9089,0.9231,36.0,0.9177,36.0,392.0,1.0
2021-01-05 09:42:18.701,0.9089,0.9231,36.0,0.9177,36.0,392.0,1.0
2021-01-05 09:42:20.150,0.9089,0.9231,36.0,0.9177,36.0,392.0,1.0
2021-01-05 09:42:22.221,0.9089,0.9231,36.0,0.9177,36.0,392.0,1.0
2021-01-05 09:42:23.191,0.9089,0.9231,36.0,0.9177,36.0,392.0,1.0
2021-01-05 09:42:23.631,0.9089,0.9231,36.0,0.9177,36.0,392.0,1.0
2021-01-05 09:42:24.151,0.9089,0.9231,36.0,0.9177,36.0,392.0,1.0
2021-01-05 09:42:24.670,0.9089,0.9231,36.0,0.9177,36.0,392.0,1.0
2021-01-05 09:42:25.621,0.9089,0.9231,36.0,0.9177,36.0,392.0,1.0
2021-01-05 09:42:26.130,0.9089,0.9231,36.0,0.9177,36.0,392.0,1.0
2021-01-05 09:42:29.211,0.9089,0.9231,36.0,0.9177,36.0,392.0,1.0
2021-01-05 09:42:29.720,0.9089,0.9231,36.0,0.9177,36.0,392.0,1.0
2021-01-05 09:42:30.710,0.9089,0.9231,36.0,0.9177,36.0,392.0,1.0
2021-01-05 09:42:31.200,0.9089,0.9231,36.0,0.9177,36.0,392.0,1.0
2021-01-05 09:42:33.230,0.9089,0.9231,36.0,0.9177,36.0,392.0,1.0
2021-01-05 09:42:34.210,0.9089,0.9231,36.0,0.9177,36.0,392.0,1.0
2021-01-05 09:42:35.151,0.9089,0.9231,36.0,0.9177,36.0,392.0,1.0
2021-01-05 09:42:36.650,0.9089,0.9231,36.0,0.9177,36.0,392.0,1.0
2021-01-05 09:42:37.251,0.9089,0.9231,36.0,0.9177,36.0,392.0,1.0
2021-01-05 09:42:40.221,0.9089,0.9231,36.0,0.9177,36.0,392.0,1.0
2021-01-05 09:42:41.731,0.9089,0.9231,36.0,0.9177,36.0,392.0,1.0
2021-01-05 09:42:42.250,0.9089,0.9231,36.0,0.9177,36.0,392.0,1.0
2021-01-05 09:42:42.711,0.9089,0.9231,36.0,0.9177,36.0,392.0,1.0
2021-01-05 09:42:43.251,0.9089,0.9231,36.0,0.9177,36.0,392.0,1.0
2021-01-05 09:42:43.741,0.9089,0.9231,36.0,0.9177,36.0,392.0,1.0
2021-01-05 09:42:44.211,0.9089,0.9231,36.0,0.9177,36.0,392.0,1.0
2021-01-05 09:42:44.751,0.9089,0.9231,36.0,0.9177,36.0,392.0,1.0
2021-01-05 09:42:45.191,0.9089,0.9231,36.0,0.9177,36.0,392.0,1.0
2021-01-05 09:42:46.240,0.9089,0.9231,36.0,0.9177,36.0,392.0,1.0
2021-01-05 09:42:46.741,0.9089,0.9231,36.0,0.9177,36.0,392.0,1.0
2021-01-05 09:42:48.171,0.9089,0.9231,36.0,0.9177,36.0,392.0,1.0
2021-01-05 09:42:48.720,0.9089,0.9231,36.0,0.9177,36.0,392.0,1.0
2021-01-05 09:42:49.750,0.9089,0.9231,36.0,0.9177,36.0,392.0,1.0
2021-01-05 09:42:51.060,0.9089,0.9231,36.0,0.9177,36.0,392.0,1.0
2021-01-05 09:42:52.251,0.9089,0.9231,36.0,0.9177,36.0,392.0,1.0
2021-01-05 09:42:53.640,0.9089,0.9231,36.0,0.9177,36.0,392.0,1.0
2021-01-05 09:42:55.190,0.9089,0.9231,36.0,0.9177,36.0,392.0,1.0
2021-01-05 09:42:55.701,0.9089,0.9231,36.0,0.9177,36.0,392.0,1.0
2021-01-05 09:42:56.191,0.9089,0.9231,36.0,0.9177,36.0,392.0,1.0
2021-01-05 09:42:56.650,0.9089,0.9231,36.0,0.9177,36.0,392.0,1.0
2021-01-05 09:42:58.220,0.9089,0.922,16.0,0.9177,20.0,392.0,1.0
2021-01-05 09:42:58.731,0.9089,0.922,36.0,0.9166,36.0,392.0,1.0
2021-01-05 09:42:59.230,0.9089,0.922,36.0,0.9166,36.0,392.0,1.0
2021-01-05 09:42:59.651,0.9089,0.922,36.0,0.9166,36.0,392.0,1.0
2021-01-05 09:43:00.200,0.9089,0.922,36.0,0.9166,36.0,392.0,1.0
2021-01-05 09:43:01.211,0.9089,0.922,36.0,0.9166,36.0,392.0,1.0
2021-01-05 09:43:01.701,0.9089,0.922,36.0,0.9166,36.0,392.0,1.0
2021-01-05 09:43:02.150,0.9089,0.922,36.0,0.9166,36.0,392.0,1.0
2021-01-05 09:43:02.681,0.9089,0.922,36.0,0.9166,36.0,392.0,1.0
2021-01-05 09:43:04.740,0.9089,0.922,36.0,0.9166,36.0,392.0,1.0
2021-01-05 09:43:05.251,0.9089,0.922,36.0,0.9166,36.0,392.0,1.0
2021-01-05 09:43:05.731,0.9089,0.922,36.0,0.9166,36.0,392.0,1.0
2021-01-05 09:43:06.171,0.9089,0.922,36.0,0.9166,36.0,392.0,1.0
2021-01-05 09:43:06.751,0.9089,0.922,36.0,0.9166,36.0,392.0,1.0
2021-01-05 09:43:07.231,0.9089,0.922,36.0,0.9166,36.0,392.0,1.0
2021-01-05 09:43:08.181,0.9089,0.922,20.0,0.9176,16.0,392.0,1.0
2021-01-05 09:43:08.701,0.9089,0.923,16.0,0.9176,36.0,392.0,1.0
2021-01-05 09:43:09.231,0.9089,0.923,16.0,0.9176,36.0,392.0,1.0
2021-01-05 09:43:09.740,0.9089,0.923,16.0,0.9176,36.0,392.0,1.0
2021-01-05 09:43:10.150,0.9089,0.923,16.0,0.9176,36.0,392.0,1.0
2021-01-05 09:43:11.750,0.9089,0.923,16.0,0.9176,36.0,392.0,1.0
2021-01-05 09:43:13.210,0.9089,0.923,16.0,0.9176,36.0,392.0,1.0
2021-01-05 09:43:13.740,0.9089,0.923,16.0,0.9176,36.0,392.0,1.0
2021-01-05 09:43:14.270,0.9089,0.923,16.0,0.9176,36.0,392.0,1.0
2021-01-05 09:43:15.771,0.9089,0.923,16.0,0.9176,36.0,392.0,1.0
2021-01-05 09:43:16.270,0.9089,0.923,16.0,0.9176,36.0,392.0,1.0
2021-01-05 09:43:16.720,0.9089,0.923,16.0,0.9176,36.0,392.0,1.0
2021-01-05 09:43:17.271,0.9089,0.923,16.0,0.9176,36.0,392.0,1.0
2021-01-05 09:43:17.771,0.9089,0.923,16.0,0.9176,36.0,392.0,1.0
2021-01-05 09:43:18.270,0.9089,0.923,16.0,0.9176,36.0,392.0,1.0
2021-01-05 09:43:21.271,0.9089,0.923,16.0,0.9176,36.0,392.0,1.0
2021-01-05 09:43:21.701,0.9089,0.923,16.0,0.9176,36.0,392.0,1.0
2021-01-05 09:43:22.281,0.9089,0.923,16.0,0.9176,36.0,392.0,1.0
2021-01-05 09:43:22.671,0.9089,0.923,16.0,0.9176,36.0,392.0,1.0
2021-01-05 09:43:23.190,0.9089,0.923,16.0,0.9176,36.0,392.0,1.0
2021-01-05 09:43:24.120,0.9089,0.923,16.0,0.9176,36.0,392.0,1.0
2021-01-05 09:43:25.201,0.9089,0.923,16.0,0.9176,36.0,392.0,1.0
2021-01-05 09:43:25.701,0.9089,0.923,16.0,0.9176,36.0,392.0,1.0
2021-01-05 09:43:26.181,0.9089,0.923,16.0,0.9176,36.0,392.0,1.0
2021-01-05 09:43:26.621,0.9089,0.923,16.0,0.9176,36.0,392.0,1.0
2021-01-05 09:43:27.190,0.9089,0.923,16.0,0.9176,36.0,392.0,1.0
2021-01-05 09:43:27.620,0.9089,0.923,16.0,0.9176,36.0,392.0,1.0
2021-01-05 09:43:29.660,0.9089,0.923,16.0,0.9176,36.0,392.0,1.0
2021-01-05 09:43:31.111,0.9089,0.923,16.0,0.9176,36.0,392.0,1.0
2021-01-05 09:43:31.720,0.9089,0.923,16.0,0.9176,36.0,392.0,1.0
2021-01-05 09:43:32.711,0.9089,0.923,16.0,0.9176,36.0,392.0,1.0
2021-01-05 09:43:33.141,0.9089,0.923,16.0,0.9176,36.0,392.0,1.0
2021-01-05 09:43:34.221,0.9089,0.923,16.0,0.9176,36.0,392.0,1.0
2021-01-05 09:43:34.691,0.9089,0.923,16.0,0.9176,36.0,392.0,1.0
2021-01-05 09:43:35.160,0.9089,0.923,16.0,0.9176,36.0,392.0,1.0
2021-01-05 09:43:36.661,0.9089,0.923,16.0,0.9176,36.0,392.0,1.0
2021-01-05 09:43:37.631,0.9089,0.923,16.0,0.9176,36.0,392.0,1.0
2021-01-05 09:43:38.221,0.9089,0.923,16.0,0.9176,36.0,392.0,1.0
2021-01-05 09:43:38.680,0.9089,0.923,16.0,0.9176,36.0,392.0,1.0
2021-01-05 09:43:39.241,0.9089,0.923,16.0,0.9176,36.0,392.0,1.0
2021-01-05 09:43:40.731,0.9089,0.923,16.0,0.9176,36.0,392.0,1.0
2021-01-05 09:43:41.730,0.9089,0.923,16.0,0.9176,36.0,392.0,1.0
2021-01-05 09:43:43.231,0.9089,0.923,16.0,0.9176,36.0,392.0,1.0
2021-01-05 09:43:43.711,0.9089,0.923,16.0,0.9176,36.0,392.0,1.0
2021-01-05 09:43:44.670,0.9089,0.923,16.0,0.9176,36.0,392.0,1.0
2021-01-05 09:43:45.221,0.9089,0.923,16.0,0.9176,36.0,392.0,1.0
2021-01-05 09:43:45.720,0.9089,0.923,16.0,0.9176,36.0,392.0,1.0
2021-01-05 09:43:46.151,0.9089,0.923,16.0,0.9176,36.0,392.0,1.0
2021-01-05 09:43:46.750,0.9089,0.923,16.0,0.9176,36.0,392.0,1.0
2021-01-05 09:43:47.250,0.9089,0.923,16.0,0.9176,36.0,392.0,1.0
2021-01-05 09:43:47.661,0.9089,0.923,16.0,0.9176,36.0,392.0,1.0
2021-01-05 09:43:48.220,0.9089,0.923,16.0,0.9176,36.0,392.0,1.0
2021-01-05 09:43:48.721,0.9089,0.923,16.0,0.9176,36.0,392.0,1.0
2021-01-05 09:43:50.170,0.9089,0.923,16.0,0.9176,36.0,392.0,1.0
2021-01-05 09:43:50.721,0.9089,0.923,16.0,0.9176,36.0,392.0,1.0
2021-01-05 09:43:51.221,0.9089,0.923,16.0,0.9176,36.0,392.0,1.0
2021-01-05 09:43:51.660,0.9089,0.923,16.0,0.9176,36.0,392.0,1.0
2021-01-05 09:43:52.200,0.9089,0.923,16.0,0.9176,36.0,392.0,1.0
2021-01-05 09:43:52.681,0.9089,0.923,16.0,0.9176,36.0,392.0,1.0
2021-01-05 09:43:53.201,0.9089,0.923,16.0,0.9176,36.0,392.0,1.0
2021-01-05 09:43:54.191,0.9089,0.923,16.0,0.9176,36.0,392.0,1.0
2021-01-05 09:43:54.980,0.9089,0.9231,20.0,0.9186,16.0,392.0,1.0
2021-01-05 09:43:55.660,0.9089,0.924,36.0,0.9186,36.0,392.0,1.0
2021-01-05 09:43:56.200,0.9089,0.924,36.0,0.9193,10.0,392.0,1.0
2021-01-05 09:43:56.721,0.9089,0.924,36.0,0.9193,30.0,392.0,1.0
2021-01-05 09:43:57.650,0.9089,0.924,36.0,0.9193,30.0,392.0,1.0
2021-01-05 09:43:58.190,0.9089,0.924,36.0,0.9193,30.0,392.0,1.0
2021-01-05 09:43:58.711,0.9089,0.924,36.0,0.9193,30.0,392.0,1.0
2021-01-05 09:43:59.170,0.9089,0.924,36.0,0.9193,30.0,392.0,1.0
2021-01-05 09:44:00.131,0.9089,0.924,36.0,0.9193,30.0,392.0,1.0
2021-01-05 09:44:00.701,0.9089,0.924,36.0,0.9193,30.0,392.0,1.0
2021-01-05 09:44:02.711,0.9089,0.924,36.0,0.9193,30.0,392.0,1.0
2021-01-05 09:44:03.241,0.9089,0.924,36.0,0.9193,30.0,392.0,1.0
2021-01-05 09:44:03.750,0.9089,0.924,36.0,0.9193,30.0,392.0,1.0
2021-01-05 09:44:04.230,0.9089,0.924,20.0,0.9193,30.0,392.0,1.0
2021-01-05 09:44:04.751,0.9089,0.9248,20.0,0.9197,16.0,392.0,1.0
2021-01-05 09:44:05.260,0.9089,0.9252,16.0,0.9197,16.0,392.0,1.0
2021-01-05 09:44:05.750,0.9089,0.9252,16.0,0.9197,16.0,392.0,1.0
2021-01-05 09:44:06.261,0.9089,0.9252,16.0,0.9197,16.0,392.0,1.0
2021-01-05 09:44:06.770,0.9089,0.9252,16.0,0.9197,16.0,392.0,1.0
2021-01-05 09:44:07.281,0.9089,0.9252,16.0,0.9197,16.0,392.0,1.0
2021-01-05 09:44:07.750,0.9089,0.9252,16.0,0.9197,16.0,392.0,1.0
2021-01-05 09:44:08.261,0.9089,0.9252,16.0,0.9197,16.0,392.0,1.0
2021-01-05 09:44:08.760,0.9089,0.9252,16.0,0.9197,16.0,392.0,1.0
2021-01-05 09:44:09.150,0.9089,0.9252,16.0,0.9197,16.0,392.0,1.0
2021-01-05 09:44:09.780,0.9089,0.9252,16.0,0.9197,16.0,392.0,1.0
2021-01-05 09:44:10.280,0.9089,0.9252,16.0,0.9197,16.0,392.0,1.0
2021-01-05 09:44:10.781,0.9089,0.9252,16.0,0.9197,16.0,392.0,1.0
2021-01-05 09:44:11.271,0.9089,0.9252,16.0,0.9197,16.0,392.0,1.0
2021-01-05 09:44:12.781,0.9089,0.9252,16.0,0.9197,16.0,392.0,1.0
2021-01-05 09:44:13.230,0.9089,0.9252,16.0,0.9197,16.0,392.0,1.0
2021-01-05 09:44:14.781,0.9089,0.9252,16.0,0.9197,16.0,392.0,1.0
2021-01-05 09:44:15.280,0.9089,0.9252,16.0,0.9197,16.0,392.0,1.0
2021-01-05 09:44:15.780,0.9089,0.9252,16.0,0.9197,16.0,392.0,1.0
2021-01-05 09:44:17.770,0.9089,0.9252,16.0,0.9197,16.0,392.0,1.0
2021-01-05 09:44:18.231,0.9089,0.9252,16.0,0.9197,16.0,392.0,1.0
2021-01-05 09:44:19.261,0.9089,0.9252,16.0,0.9197,16.0,392.0,1.0
2021-01-05 09:44:20.271,0.9089,0.9252,16.0,0.9197,16.0,392.0,1.0
2021-01-05 09:44:20.801,0.9089,0.9252,16.0,0.9197,16.0,392.0,1.0
2021-01-05 09:44:21.270,0.9089,0.9252,16.0,0.9197,16.0,392.0,1.0
2021-01-05 09:44:21.760,0.9089,0.9252,16.0,0.9197,16.0,392.0,1.0
2021-01-05 09:44:22.250,0.9089,0.9252,16.0,0.9197,16.0,392.0,1.0
2021-01-05 09:44:22.651,0.9089,0.9252,16.0,0.9197,16.0,392.0,1.0
2021-01-05 09:44:26.201,0.9089,0.9252,16.0,0.9197,16.0,392.0,1.0
2021-01-05 09:44:26.701,0.9089,0.9252,16.0,0.9197,16.0,392.0,1.0
2021-01-05 09:44:27.201,0.9089,0.9252,16.0,0.9197,16.0,392.0,1.0
2021-01-05 09:44:28.680,0.9089,0.9252,16.0,0.9197,16.0,392.0,1.0
2021-01-05 09:44:29.200,0.9089,0.9252,16.0,0.9197,16.0,392.0,1.0
2021-01-05 09:44:29.640,0.9089,0.9252,16.0,0.9197,16.0,392.0,1.0
2021-01-05 09:44:30.201,0.9089,0.9252,16.0,0.9197,16.0,392.0,1.0
2021-01-05 09:44:30.720,0.9089,0.9252,16.0,0.9197,16.0,392.0,1.0
2021-01-05 09:44:32.220,0.9089,0.9252,16.0,0.9197,16.0,392.0,1.0
2021-01-05 09:44:32.691,0.9089,0.9252,16.0,0.9197,16.0,392.0,1.0
2021-01-05 09:44:33.730,0.9089,0.9252,16.0,0.9213,10.0,392.0,1.0
2021-01-05 09:44:34.510,0.9089,0.9252,16.0,0.9213,30.0,392.0,1.0
2021-01-05 09:44:35.221,0.9089,0.9257,20.0,0.9213,30.0,392.0,1.0
2021-01-05 09:44:35.740,0.9089,0.9257,20.0,0.9213,30.0,392.0,1.0
2021-01-05 09:44:36.220,0.9089,0.9257,20.0,0.9213,30.0,392.0,1.0
2021-01-05 09:44:37.240,0.9089,0.9257,20.0,0.9213,30.0,392.0,1.0
2021-01-05 09:44:37.751,0.9089,0.9257,20.0,0.9213,30.0,392.0,1.0
2021-01-05 09:44:38.201,0.9089,0.9257,20.0,0.9213,30.0,392.0,1.0
2021-01-05 09:44:39.661,0.9089,0.9257,20.0,0.9213,30.0,392.0,1.0
2021-01-05 09:44:40.250,0.9089,0.9257,20.0,0.9213,30.0,392.0,1.0
2021-01-05 09:44:41.251,0.9089,0.9257,20.0,0.9213,30.0,392.0,1.0
2021-01-05 09:44:43.251,0.9089,0.9257,20.0,0.9213,30.0,392.0,1.0
2021-01-05 09:44:44.260,0.9089,0.9257,20.0,0.9213,30.0,392.0,1.0
2021-01-05 09:44:44.761,0.9089,0.9257,20.0,0.9213,30.0,392.0,1.0
2021-01-05 09:44:45.261,0.9089,0.9257,20.0,0.9213,30.0,392.0,1.0
2021-01-05 09:44:45.760,0.9089,0.9257,20.0,0.9213,30.0,392.0,1.0
2021-01-05 09:44:46.271,0.9089,0.9257,20.0,0.9213,30.0,392.0,1.0
2021-01-05 09:44:46.771,0.9089,0.9257,20.0,0.9213,30.0,392.0,1.0
2021-01-05 09:44:47.251,0.9089,0.9257,20.0,0.9213,30.0,392.0,1.0
2021-01-05 09:44:47.770,0.9089,0.9257,20.0,0.9213,30.0,392.0,1.0
2021-01-05 09:44:48.281,0.9089,0.9257,20.0,0.9213,30.0,392.0,1.0
2021-01-05 09:44:49.800,0.9089,0.9257,20.0,0.9213,30.0,392.0,1.0
2021-01-05 09:44:50.300,0.9089,0.9257,20.0,0.9213,30.0,392.0,1.0
2021-01-05 09:44:50.811,0.9089,0.9257,20.0,0.9213,30.0,392.0,1.0
2021-01-05 09:44:51.810,0.9089,0.9257,20.0,0.9213,30.0,392.0,1.0
2021-01-05 09:44:53.201,0.9089,0.9257,20.0,0.9213,30.0,392.0,1.0
2021-01-05 09:44:53.710,0.9089,0.9257,20.0,0.9213,30.0,392.0,1.0
2021-01-05 09:44:55.150,0.9089,0.9257,20.0,0.9213,30.0,392.0,1.0
2021-01-05 09:44:55.700,0.9089,0.9257,20.0,0.9213,30.0,392.0,1.0
2021-01-05 09:44:56.220,0.9089,0.9257,20.0,0.9213,30.0,392.0,1.0
2021-01-05 09:44:56.720,0.9089,0.9257,20.0,0.9213,30.0,392.0,1.0
2021-01-05 09:44:57.680,0.9089,0.9257,20.0,0.9213,30.0,392.0,1.0
2021-01-05 09:44:58.120,0.9089,0.9257,20.0,0.9213,30.0,392.0,1.0
2021-01-05 09:44:58.720,0.9089,0.9257,20.0,0.9213,30.0,392.0,1.0
2021-01-05 09:44:59.711,0.9089,0.9257,20.0,0.9213,30.0,392.0,1.0
2021-01-05 09:45:00.591,0.9089,0.9257,20.0,0.9213,30.0,392.0,1.0
2021-01-05 09:45:01.221,0.9089,0.9257,20.0,0.9213,30.0,392.0,1.0
2021-01-05 09:45:01.680,0.9089,0.9267,20.0,0.9233,10.0,392.0,1.0
2021-01-05 09:45:02.061,0.9089,0.9267,20.0,0.9233,10.0,392.0,1.0
2021-01-05 09:45:02.710,0.9089,0.9267,20.0,0.9233,30.0,392.0,1.0
2021-01-05 09:45:03.680,0.9089,0.9267,20.0,0.9233,30.0,392.0,1.0
2021-01-05 09:45:04.191,0.9089,0.9267,20.0,0.9233,30.0,392.0,1.0
2021-01-05 09:45:05.221,0.9089,0.9271,16.0,0.9233,30.0,392.0,1.0
2021-01-05 09:45:05.720,0.9089,0.9275,20.0,0.9233,30.0,392.0,1.0
2021-01-05 09:45:06.220,0.9089,0.9275,20.0,0.9233,20.0,392.0,1.0
2021-01-05 09:45:06.721,0.9089,0.9285,36.0,0.9233,20.0,392.0,1.0
2021-01-05 09:45:07.130,0.9089,0.9285,16.0,0.9233,20.0,392.0,1.0
2021-01-05 09:45:07.720,0.9089,0.9285,16.0,0.9233,20.0,392.0,1.0
2021-01-05 09:45:08.181,0.9089,0.9285,16.0,0.9233,20.0,392.0,1.0
2021-01-05 09:45:09.190,0.9089,0.9285,16.0,0.9233,20.0,392.0,1.0
2021-01-05 09:45:09.720,0.9089,0.9285,36.0,0.9233,20.0,392.0,1.0
2021-01-05 09:45:10.200,0.9089,0.9285,16.0,0.9233,20.0,392.0,1.0
2021-01-05 09:45:10.700,0.9089,0.9285,36.0,0.9233,20.0,392.0,1.0
2021-01-05 09:45:11.091,0.9089,0.9285,16.0,0.9233,20.0,392.0,1.0
2021-01-05 09:45:11.720,0.9089,0.9285,36.0,0.9233,20.0,392.0,1.0
2021-01-05 09:45:12.150,0.9089,0.9285,16.0,0.9233,20.0,392.0,1.0
2021-01-05 09:45:12.701,0.9089,0.9285,16.0,0.9233,20.0,392.0,1.0
2021-01-05 09:45:13.220,0.9089,0.9285,16.0,0.9233,20.0,392.0,1.0
2021-01-05 09:45:13.681,0.9089,0.9285,16.0,0.9233,20.0,392.0,1.0
2021-01-05 09:45:14.701,0.9089,0.9285,16.0,0.9233,20.0,392.0,1.0
2021-01-05 09:45:15.230,0.9089,0.9285,16.0,0.9233,20.0,392.0,1.0
2021-01-05 09:45:15.721,0.9089,0.9294,20.0,0.9241,16.0,392.0,1.0
2021-01-05 09:45:16.230,0.9089,0.9294,20.0,0.9241,16.0,392.0,1.0
2021-01-05 09:45:16.630,0.9089,0.9294,20.0,0.9256,10.0,392.0,1.0
2021-01-05 09:45:17.220,0.9089,0.9294,20.0,0.9256,10.0,392.0,1.0
2021-01-05 09:45:17.731,0.9089,0.9294,20.0,0.9256,10.0,392.0,1.0
2021-01-05 09:45:19.731,0.9089,0.9294,20.0,0.9256,10.0,392.0,1.0
2021-01-05 09:45:21.191,0.9089,0.9294,20.0,0.9253,20.0,392.0,1.0
2021-01-05 09:45:21.731,0.9089,0.9294,20.0,0.9241,36.0,392.0,1.0
2021-01-05 09:45:22.240,0.9089,0.9294,20.0,0.9241,36.0,392.0,1.0
2021-01-05 09:45:22.710,0.9089,0.9294,20.0,0.9241,36.0,392.0,1.0
2021-01-05 09:45:23.160,0.9089,0.9294,20.0,0.9241,36.0,392.0,1.0
2021-01-05 09:45:23.671,0.9089,0.9294,20.0,0.9241,36.0,392.0,1.0
2021-01-05 09:45:24.701,0.9089,0.9294,20.0,0.9241,36.0,392.0,1.0
2021-01-05 09:45:25.690,0.9089,0.9294,20.0,0.9241,36.0,392.0,1.0
2021-01-05 09:45:26.220,0.9089,0.9294,20.0,0.9241,36.0,392.0,1.0
2021-01-05 09:45:26.681,0.9089,0.9294,20.0,0.9241,36.0,392.0,1.0
2021-01-05 09:45:27.211,0.9089,0.9294,20.0,0.9241,36.0,392.0,1.0
2021-01-05 09:45:27.711,0.9089,0.9294,20.0,0.9241,36.0,392.0,1.0
2021-01-05 09:45:28.220,0.9089,0.9294,20.0,0.9241,36.0,392.0,1.0
2021-01-05 09:45:29.140,0.9089,0.9294,20.0,0.9241,36.0,392.0,1.0
2021-01-05 09:45:29.711,0.9089,0.9294,20.0,0.9241,36.0,392.0,1.0
2021-01-05 09:45:30.700,0.9089,0.9285,16.0,0.9241,20.0,392.0,1.0
2021-01-05 09:45:31.211,0.9089,0.9285,36.0,0.9241,20.0,392.0,1.0
2021-01-05 09:45:32.160,0.9089,0.9285,36.0,0.9241,20.0,392.0,1.0
2021-01-05 09:45:34.220,0.9089,0.9285,36.0,0.9241,20.0,392.0,1.0
2021-01-05 09:45:35.190,0.9089,0.9285,36.0,0.9241,20.0,392.0,1.0
2021-01-05 09:45:35.731,0.9089,0.9285,36.0,0.9241,20.0,392.0,1.0
2021-01-05 09:45:37.241,0.9089,0.9285,36.0,0.9241,20.0,392.0,1.0
2021-01-05 09:45:39.210,0.9089,0.9285,36.0,0.9241,20.0,392.0,1.0
2021-01-05 09:45:39.710,0.9089,0.9285,36.0,0.9241,20.0,392.0,1.0
2021-01-05 09:45:40.240,0.9089,0.9285,36.0,0.9241,20.0,392.0,1.0
2021-01-05 09:45:42.240,0.9089,0.9285,36.0,0.9241,20.0,392.0,1.0
2021-01-05 09:45:42.711,0.9089,0.9285,36.0,0.9241,20.0,392.0,1.0
2021-01-05 09:45:43.220,0.9089,0.9285,36.0,0.9241,20.0,392.0,1.0
2021-01-05 09:45:43.731,0.9089,0.9285,36.0,0.9241,20.0,392.0,1.0
2021-01-05 09:45:44.201,0.9089,0.9285,36.0,0.9241,20.0,392.0,1.0
2021-01-05 09:45:45.220,0.9089,0.9285,36.0,0.9241,20.0,392.0,1.0
2021-01-05 09:45:45.681,0.9089,0.9285,36.0,0.9241,20.0,392.0,1.0
2021-01-05 09:45:46.230,0.9089,0.9285,36.0,0.9231,36.0,392.0,1.0
2021-01-05 09:45:46.680,0.9089,0.9285,36.0,0.9231,16.0,392.0,1.0
2021-01-05 09:45:47.241,0.9089,0.9285,36.0,0.9231,36.0,392.0,1.0
2021-01-05 09:45:48.201,0.9089,0.9285,36.0,0.9231,36.0,392.0,1.0
2021-01-05 09:45:48.741,0.9089,0.9285,36.0,0.9231,16.0,392.0,1.0
2021-01-05 09:45:49.221,0.9089,0.9285,36.0,0.9231,36.0,392.0,1.0
2021-01-05 09:45:50.251,0.9089,0.9285,36.0,0.9231,36.0,392.0,1.0
2021-01-05 09:45:50.750,0.9089,0.9285,36.0,0.9231,16.0,392.0,1.0
2021-01-05 09:45:51.250,0.9089,0.9285,36.0,0.9231,36.0,392.0,1.0
2021-01-05 09:45:52.641,0.9089,0.9285,36.0,0.9231,36.0,392.0,1.0
2021-01-05 09:45:54.191,0.9089,0.9285,36.0,0.9231,36.0,392.0,1.0
2021-01-05 09:45:55.230,0.9089,0.9285,36.0,0.9231,36.0,392.0,1.0
2021-01-05 09:45:55.711,0.9089,0.9285,36.0,0.9231,36.0,392.0,1.0
2021-01-05 09:45:56.631,0.9089,0.9285,36.0,0.9231,36.0,392.0,1.0
2021-01-05 09:45:58.231,0.9089,0.9285,36.0,0.9231,36.0,392.0,1.0
2021-01-05 09:45:58.711,0.9089,0.9285,36.0,0.9231,36.0,392.0,1.0
2021-01-05 09:45:59.230,0.9089,0.9285,36.0,0.9231,36.0,392.0,1.0
2021-01-05 09:46:00.210,0.9089,0.9275,16.0,0.9231,20.0,392.0,1.0
2021-01-05 09:46:00.730,0.9089,0.9275,16.0,0.9221,16.0,392.0,1.0
2021-01-05 09:46:01.230,0.9089,0.9275,36.0,0.9221,16.0,392.0,1.0
2021-01-05 09:46:02.221,0.9089,0.9275,36.0,0.9221,16.0,392.0,1.0
2021-01-05 09:46:02.711,0.9089,0.9275,36.0,0.9221,16.0,392.0,1.0
2021-01-05 09:46:03.120,0.9089,0.9275,36.0,0.9221,16.0,392.0,1.0
2021-01-05 09:46:03.731,0.9089,0.9275,36.0,0.9221,16.0,392.0,1.0
2021-01-05 09:46:04.171,0.9089,0.9275,36.0,0.9221,16.0,392.0,1.0
2021-01-05 09:46:04.171,0.9089,0.9275,36.0,0.9221,16.0,392.0,1.0
2021-01-05 09:46:05.691,0.9089,0.9275,36.0,0.9221,16.0,392.0,1.0
2021-01-05 09:46:06.221,0.9089,0.9275,36.0,0.9221,16.0,392.0,1.0
2021-01-05 09:46:06.690,0.9089,0.9263,16.0,0.9217,20.0,392.0,1.0
2021-01-05 09:46:07.231,0.9089,0.9263,36.0,0.9217,20.0,392.0,1.0
2021-01-05 09:46:10.221,0.9089,0.9263,36.0,0.9212,10.0,392.0,1.0
2021-01-05 09:46:10.720,0.9089,0.9263,36.0,0.9212,10.0,392.0,1.0
2021-01-05 09:46:11.721,0.9089,0.9263,36.0,0.9212,10.0,392.0,1.0
2021-01-05 09:46:12.190,0.9089,0.9263,36.0,0.9212,10.0,392.0,1.0
2021-01-05 09:46:13.200,0.9089,0.9252,16.0,0.9212,10.0,392.0,1.0
2021-01-05 09:46:13.681,0.9089,0.9252,16.0,0.9212,10.0,392.0,1.0
2021-01-05 09:46:14.230,0.9089,0.9252,36.0,0.9212,10.0,392.0,1.0
2021-01-05 09:46:15.231,0.9089,0.9252,36.0,0.9212,10.0,392.0,1.0
2021-01-05 09:46:15.661,0.9089,0.9252,16.0,0.9212,10.0,392.0,1.0
2021-01-05 09:46:16.041,0.9089,0.9252,16.0,0.9212,10.0,392.0,1.0
2021-01-05 09:46:16.631,0.9089,0.9252,16.0,0.9212,10.0,392.0,1.0
2021-01-05 09:46:17.221,0.9089,0.9252,36.0,0.9212,10.0,392.0,1.0
2021-01-05 09:46:17.751,0.9089,0.9252,16.0,0.9212,10.0,392.0,1.0
2021-01-05 09:46:18.180,0.9089,0.9252,16.0,0.9212,10.0,392.0,1.0
2021-01-05 09:46:19.171,0.9089,0.9252,36.0,0.9212,10.0,392.0,1.0
2021-01-05 09:46:20.210,0.9089,0.9252,36.0,0.9204,20.0,392.0,1.0
2021-01-05 09:46:20.731,0.9089,0.9252,36.0,0.9204,20.0,392.0,1.0
2021-01-05 09:46:21.611,0.9089,0.9252,36.0,0.9204,20.0,392.0,1.0
2021-01-05 09:46:22.220,0.9089,0.9252,36.0,0.9204,20.0,392.0,1.0
2021-01-05 09:46:22.690,0.9089,0.9252,36.0,0.9204,20.0,392.0,1.0
2021-01-05 09:46:23.201,0.9089,0.9252,36.0,0.9204,20.0,392.0,1.0
2021-01-05 09:46:24.221,0.9089,0.9252,36.0,0.9204,20.0,392.0,1.0
2021-01-05 09:46:25.211,0.9089,0.9252,36.0,0.9204,20.0,392.0,1.0
2021-01-05 09:46:25.651,0.9089,0.9252,36.0,0.9204,20.0,392.0,1.0
2021-01-05 09:46:27.201,0.9089,0.9252,36.0,0.9204,20.0,392.0,1.0
2021-01-05 09:46:27.720,0.9089,0.9252,36.0,0.9204,20.0,392.0,1.0
2021-01-05 09:46:29.151,0.9089,0.9252,36.0,0.9204,20.0,392.0,1.0
2021-01-05 09:46:31.210,0.9089,0.9252,36.0,0.9204,20.0,392.0,1.0
2021-01-05 09:46:32.701,0.9089,0.9252,36.0,0.9204,20.0,392.0,1.0
2021-01-05 09:46:33.660,0.9089,0.9252,36.0,0.9204,20.0,392.0,1.0
2021-01-05 09:46:35.231,0.9089,0.9252,36.0,0.9204,20.0,392.0,1.0
2021-01-05 09:46:35.721,0.9089,0.9252,36.0,0.9204,20.0,392.0,1.0
2021-01-05 09:46:36.221,0.9089,0.9252,36.0,0.9204,20.0,392.0,1.0
2021-01-05 09:46:36.730,0.9089,0.9252,36.0,0.9204,20.0,392.0,1.0
2021-01-05 09:46:37.750,0.9089,0.9252,36.0,0.9204,20.0,392.0,1.0
2021-01-05 09:46:38.201,0.9089,0.9252,36.0,0.9204,20.0,392.0,1.0
2021-01-05 09:46:38.741,0.9089,0.9252,36.0,0.9204,20.0,392.0,1.0
2021-01-05 09:46:39.210,0.9089,0.9252,20.0,0.9208,16.0,392.0,1.0
2021-01-05 09:46:40.211,0.9089,0.9263,36.0,0.9208,16.0,392.0,1.0
2021-01-05 09:46:40.670,0.9089,0.9263,36.0,0.9208,16.0,392.0,1.0
2021-01-05 09:46:41.250,0.9089,0.9263,36.0,0.9208,16.0,392.0,1.0
2021-01-05 09:46:41.730,0.9089,0.9263,36.0,0.9208,16.0,392.0,1.0
2021-01-05 09:46:43.630,0.9089,0.9263,36.0,0.9219,10.0,392.0,1.0
2021-01-05 09:46:47.701,0.9089,0.9263,36.0,0.9219,10.0,392.0,1.0
2021-01-05 09:46:49.251,0.9089,0.9263,36.0,0.9219,10.0,392.0,1.0
2021-01-05 09:46:50.170,0.9089,0.9263,36.0,0.9208,16.0,392.0,1.0
2021-01-05 09:46:51.261,0.9089,0.9263,36.0,0.9208,16.0,392.0,1.0
2021-01-05 09:46:51.731,0.9089,0.9263,36.0,0.9208,16.0,392.0,1.0
2021-01-05 09:46:52.711,0.9089,0.9263,36.0,0.9208,16.0,392.0,1.0
2021-01-05 09:46:53.201,0.9089,0.9263,36.0,0.9208,16.0,392.0,1.0
2021-01-05 09:46:53.681,0.9089,0.9263,36.0,0.9208,16.0,392.0,1.0
2021-01-05 09:46:54.221,0.9089,0.9263,36.0,0.9208,16.0,392.0,1.0
2021-01-05 09:46:54.701,0.9089,0.9263,36.0,0.9208,16.0,392.0,1.0
2021-01-05 09:46:56.221,0.9089,0.9263,36.0,0.9208,16.0,392.0,1.0
2021-01-05 09:46:56.711,0.9089,0.9263,36.0,0.9208,16.0,392.0,1.0
2021-01-05 09:46:57.080,0.9089,0.9263,36.0,0.9208,16.0,392.0,1.0
2021-01-05 09:46:57.741,0.9089,0.9263,36.0,0.9208,16.0,392.0,1.0
2021-01-05 09:46:58.131,0.9089,0.9263,36.0,0.9208,16.0,392.0,1.0
2021-01-05 09:46:58.720,0.9089,0.9263,36.0,0.9208,16.0,392.0,1.0
2021-01-05 09:46:59.191,0.9089,0.9263,36.0,0.9208,16.0,392.0,1.0
2021-01-05 09:47:00.741,0.9089,0.9263,36.0,0.9208,16.0,392.0,1.0
2021-01-05 09:47:01.210,0.9089,0.9263,36.0,0.9223,10.0,392.0,1.0
2021-01-05 09:47:01.721,0.9089,0.9263,20.0,0.9223,30.0,392.0,1.0
2021-01-05 09:47:02.211,0.9089,0.9272,16.0,0.9223,10.0,392.0,1.0
2021-01-05 09:47:02.741,0.9089,0.9272,36.0,0.9223,30.0,392.0,1.0
2021-01-05 09:47:03.220,0.9089,0.9272,16.0,0.9223,10.0,392.0,1.0
2021-01-05 09:47:03.740,0.9089,0.9272,16.0,0.9223,30.0,392.0,1.0
2021-01-05 09:47:04.211,0.9089,0.9272,16.0,0.9223,30.0,392.0,1.0
2021-01-05 09:47:05.250,0.9089,0.9272,36.0,0.9223,20.0,392.0,1.0
2021-01-05 09:47:05.750,0.9089,0.9272,20.0,0.9228,16.0,392.0,1.0
2021-01-05 09:47:06.251,0.9089,0.9272,20.0,0.9228,16.0,392.0,1.0
2021-01-05 09:47:06.391,0.9089,0.9282,16.0,0.9228,16.0,392.0,1.0
2021-01-05 09:47:07.221,0.9089,0.9282,16.0,0.9229,2.0,392.0,1.0
2021-01-05 09:47:08.230,0.9089,0.9287,20.0,0.9238,36.0,392.0,1.0
2021-01-05 09:47:09.751,0.9089,0.9287,20.0,0.9238,36.0,392.0,1.0
2021-01-05 09:47:10.260,0.9089,0.9287,20.0,0.9238,38.0,392.0,1.0
2021-01-05 09:47:11.250,0.9089,0.9287,20.0,0.9238,38.0,392.0,1.0
2021-01-05 09:47:11.751,0.9089,0.9287,20.0,0.9251,16.0,392.0,1.0
2021-01-05 09:47:12.241,0.9089,0.9305,36.0,0.9251,36.0,392.0,1.0
2021-01-05 09:47:12.731,0.9089,0.9305,36.0,0.9257,10.0,392.0,1.0
2021-01-05 09:47:13.201,0.9089,0.9305,36.0,0.9257,10.0,392.0,1.0
2021-01-05 09:47:14.220,0.9089,0.9305,36.0,0.9257,10.0,392.0,1.0
2021-01-05 09:47:15.230,0.9089,0.9305,36.0,0.9257,10.0,392.0,1.0
2021-01-05 09:47:15.701,0.9089,0.9305,36.0,0.9257,10.0,392.0,1.0
2021-01-05 09:47:16.731,0.9089,0.9305,36.0,0.9257,10.0,392.0,1.0
2021-01-05 09:47:17.251,0.9089,0.9305,36.0,0.9257,10.0,392.0,1.0
2021-01-05 09:47:18.221,0.9089,0.9305,36.0,0.9257,10.0,392.0,1.0
2021-01-05 09:47:18.621,0.9089,0.9305,36.0,0.9257,10.0,392.0,1.0
2021-01-05 09:47:19.261,0.9089,0.9305,36.0,0.9258,2.0,392.0,1.0
2021-01-05 09:47:19.731,0.9089,0.9305,20.0,0.9262,16.0,392.0,1.0
2021-01-05 09:47:20.231,0.9089,0.9316,36.0,0.9262,36.0,392.0,1.0
2021-01-05 09:47:20.730,0.9089,0.9316,36.0,0.9262,36.0,392.0,1.0
2021-01-05 09:47:21.760,0.9089,0.9316,36.0,0.9275,10.0,392.0,1.0
2021-01-05 09:47:22.240,0.9089,0.9316,36.0,0.9275,30.0,392.0,1.0
2021-01-05 09:47:22.571,0.9089,0.9316,36.0,0.9275,30.0,392.0,1.0
2021-01-05 09:47:23.151,0.9089,0.9316,36.0,0.9275,30.0,392.0,1.0
2021-01-05 09:47:23.710,0.9089,0.9316,36.0,0.9275,30.0,392.0,1.0
2021-01-05 09:47:24.221,0.9089,0.9316,36.0,0.9275,30.0,392.0,1.0
2021-01-05 09:47:25.241,0.9089,0.9316,36.0,0.9275,30.0,392.0,1.0
2021-01-05 09:47:25.710,0.9089,0.9316,36.0,0.9275,30.0,392.0,1.0
2021-01-05 09:47:26.680,0.9089,0.9316,36.0,0.9275,30.0,392.0,1.0
2021-01-05 09:47:27.721,0.9089,0.9316,36.0,0.9275,30.0,392.0,1.0
2021-01-05 09:47:28.710,0.9089,0.9316,20.0,0.9275,30.0,392.0,1.0
2021-01-05 09:47:29.181,0.9089,0.9327,36.0,0.9275,30.0,392.0,1.0
2021-01-05 09:47:30.720,0.9089,0.9327,36.0,0.9275,30.0,392.0,1.0
2021-01-05 09:47:32.681,0.9089,0.9327,36.0,0.9275,30.0,392.0,1.0
2021-01-05 09:47:34.231,0.9089,0.9327,36.0,0.9275,30.0,392.0,1.0
2021-01-05 09:47:34.750,0.9089,0.9327,36.0,0.9275,30.0,392.0,1.0
2021-01-05 09:47:35.221,0.9089,0.9327,36.0,0.9275,30.0,392.0,1.0
2021-01-05 09:47:35.740,0.9089,0.9327,36.0,0.9275,30.0,392.0,1.0
2021-01-05 09:47:36.241,0.9089,0.9327,36.0,0.9275,30.0,392.0,1.0
2021-01-05 09:47:36.721,0.9089,0.9327,36.0,0.9275,30.0,392.0,1.0
2021-01-05 09:47:37.251,0.9089,0.9327,36.0,0.9275,30.0,392.0,1.0
2021-01-05 09:47:38.260,0.9089,0.9327,36.0,0.9275,30.0,392.0,1.0
2021-01-05 09:47:38.760,0.9089,0.9327,36.0,0.9275,30.0,392.0,1.0
2021-01-05 09:47:39.261,0.9089,0.9327,36.0,0.9275,30.0,392.0,1.0
