,last,ask1,asize1,bid1,bsize1,oi,volume
2021-01-05 09:25:00.080,,0.5566,1.0,0.53,1.0,3167.0,
2021-01-05 09:30:00.451,,0.5566,1.0,0.53,1.0,3167.0,
2021-01-05 09:30:00.991,0.5566,0.6149,1.0,0.5185,1.0,3168.0,1.0
2021-01-05 09:30:01.481,0.5566,0.6149,1.0,0.5185,1.0,3168.0,1.0
2021-01-05 09:30:03.471,0.5566,0.563,20.0,0.5515,20.0,3168.0,1.0
2021-01-05 09:30:04.430,0.5566,0.5623,20.0,0.5507,20.0,3168.0,1.0
2021-01-05 09:30:05.010,0.5566,0.5623,20.0,0.5185,1.0,3168.0,1.0
2021-01-05 09:30:05.481,0.5566,0.5609,20.0,0.5494,20.0,3168.0,1.0
2021-01-05 09:30:05.990,0.5566,0.5609,20.0,0.5185,1.0,3168.0,1.0
2021-01-05 09:30:06.480,0.5566,0.5597,20.0,0.5482,20.0,3168.0,1.0
2021-01-05 09:30:06.971,0.5566,0.5597,20.0,0.5185,1.0,3168.0,1.0
2021-01-05 09:30:07.471,0.5566,0.558,20.0,0.5465,20.0,3168.0,1.0
2021-01-05 09:30:10.501,0.5566,0.5571,20.0,0.5456,20.0,3168.0,1.0
2021-01-05 09:30:12.521,0.5566,0.5563,20.0,0.5448,20.0,3168.0,1.0
2021-01-05 09:30:13.000,0.5566,0.6149,1.0,0.5448,20.0,3168.0,1.0
2021-01-05 09:30:13.501,0.5566,0.5575,20.0,0.546,20.0,3168.0,1.0
2021-01-05 09:30:15.520,0.5566,0.5582,20.0,0.546,20.0,3168.0,1.0
2021-01-05 09:30:16.531,0.5566,0.5582,20.0,0.5467,20.0,3168.0,1.0
2021-01-05 09:30:17.021,0.5566,0.6149,1.0,0.546,20.0,3168.0,1.0
2021-01-05 09:30:17.641,0.5566,0.5588,20.0,0.5472,20.0,3168.0,1.0
2021-01-05 09:30:18.231,0.5566,0.5588,20.0,0.5482,20.0,3168.0,1.0
2021-01-05 09:30:19.251,0.5566,0.5601,20.0,0.5482,20.0,3168.0,1.0
2021-01-05 09:30:22.240,0.5566,0.5589,20.0,0.5473,20.0,3168.0,1.0
2021-01-05 09:30:24.161,0.5566,0.5581,20.0,0.5466,20.0,3168.0,1.0
2021-01-05 09:30:24.661,0.5566,0.5581,20.0,0.5466,20.0,3168.0,1.0
2021-01-05 09:30:25.160,0.5566,0.5581,20.0,0.5459,20.0,3168.0,1.0
2021-01-05 09:30:25.671,0.5566,0.5572,20.0,0.5459,20.0,3168.0,1.0
2021-01-05 09:30:27.671,0.5566,0.5572,20.0,0.5459,20.0,3168.0,1.0
2021-01-05 09:30:30.620,0.5566,0.5581,20.0,0.5459,20.0,3168.0,1.0
2021-01-05 09:30:31.121,0.5566,0.5581,20.0,0.5459,20.0,3168.0,1.0
2021-01-05 09:30:31.631,0.5566,0.5581,20.0,0.5466,20.0,3168.0,1.0
2021-01-05 09:30:32.140,0.5566,0.5581,20.0,0.5466,20.0,3168.0,1.0
2021-01-05 09:30:32.551,0.5566,0.559,20.0,0.5474,20.0,3168.0,1.0
2021-01-05 09:30:33.171,0.5566,0.559,20.0,0.5474,20.0,3168.0,1.0
2021-01-05 09:30:33.651,0.5566,0.559,20.0,0.5474,20.0,3168.0,1.0
2021-01-05 09:30:36.170,0.5566,0.559,20.0,0.5466,20.0,3168.0,1.0
2021-01-05 09:30:36.681,0.5566,0.5589,13.0,0.5466,20.0,3168.0,1.0
2021-01-05 09:30:37.670,0.5566,0.5584,10.0,0.547,10.0,3168.0,1.0
2021-01-05 09:30:38.141,0.5566,0.5584,10.0,0.547,10.0,3168.0,1.0
2021-01-05 09:30:38.700,0.5566,0.5583,13.0,0.5473,20.0,3168.0,1.0
2021-01-05 09:30:39.680,0.5566,0.5583,33.0,0.5473,20.0,3168.0,1.0
2021-01-05 09:30:43.681,0.5566,0.5583,33.0,0.5473,20.0,3168.0,1.0
2021-01-05 09:30:44.181,0.5566,0.5583,33.0,0.548,20.0,3168.0,1.0
2021-01-05 09:30:44.650,0.5566,0.5583,33.0,0.548,20.0,3168.0,1.0
2021-01-05 09:30:45.161,0.5566,0.5583,33.0,0.548,20.0,3168.0,1.0
2021-01-05 09:30:47.691,0.5566,0.5583,33.0,0.549,20.0,3168.0,1.0
2021-01-05 09:30:48.200,0.5566,0.5583,33.0,0.549,20.0,3168.0,1.0
2021-01-05 09:30:48.240,0.5566,0.5583,33.0,0.549,20.0,3168.0,1.0
2021-01-05 09:30:50.171,0.5566,0.5583,33.0,0.5493,10.0,3168.0,1.0
2021-01-05 09:30:51.181,0.5566,0.5583,33.0,0.5493,10.0,3168.0,1.0
2021-01-05 09:30:55.081,0.5566,0.5583,33.0,0.5497,20.0,3168.0,1.0
2021-01-05 09:30:58.140,0.5566,0.5583,33.0,0.5493,10.0,3168.0,1.0
2021-01-05 09:30:59.171,0.5566,0.5583,33.0,0.5493,10.0,3168.0,1.0
2021-01-05 09:31:01.680,0.5566,0.5583,33.0,0.549,20.0,3168.0,1.0
2021-01-05 09:31:02.170,0.5566,0.5583,33.0,0.547,30.0,3168.0,1.0
2021-01-05 09:31:02.681,0.5566,0.5583,33.0,0.5477,20.0,3168.0,1.0
2021-01-05 09:31:03.131,0.5566,0.5583,33.0,0.5477,20.0,3168.0,1.0
2021-01-05 09:31:03.680,0.5566,0.5583,33.0,0.547,30.0,3168.0,1.0
2021-01-05 09:31:04.181,0.5566,0.5583,33.0,0.547,30.0,3168.0,1.0
2021-01-05 09:31:04.671,0.5566,0.5583,33.0,0.547,30.0,3168.0,1.0
2021-01-05 09:31:06.681,0.5566,0.5583,33.0,0.5481,20.0,3168.0,1.0
2021-01-05 09:31:07.190,0.5566,0.5583,33.0,0.5481,20.0,3168.0,1.0
2021-01-05 09:31:07.470,0.5566,0.5583,33.0,0.5481,20.0,3168.0,1.0
2021-01-05 09:31:08.650,0.5566,0.5583,33.0,0.5491,20.0,3168.0,1.0
2021-01-05 09:31:09.101,0.5566,0.5583,33.0,0.5481,20.0,3168.0,1.0
2021-01-05 09:31:09.701,0.5566,0.5583,33.0,0.5481,20.0,3168.0,1.0
2021-01-05 09:31:11.170,0.5566,0.5583,33.0,0.5488,20.0,3168.0,1.0
2021-01-05 09:31:12.621,0.5566,0.5583,33.0,0.5481,20.0,3168.0,1.0
2021-01-05 09:31:13.170,0.5566,0.5583,33.0,0.5489,20.0,3168.0,1.0
2021-01-05 09:31:14.690,0.5566,0.5583,33.0,0.5481,20.0,3168.0,1.0
2021-01-05 09:31:17.201,0.5566,0.5583,33.0,0.5488,20.0,3168.0,1.0
2021-01-05 09:31:19.150,0.5566,0.5583,13.0,0.5488,20.0,3168.0,1.0
2021-01-05 09:31:19.721,0.5566,0.5583,33.0,0.5488,20.0,3168.0,1.0
2021-01-05 09:31:20.701,0.5566,0.5583,33.0,0.5497,20.0,3168.0,1.0
2021-01-05 09:31:21.221,0.5566,0.5583,33.0,0.5488,20.0,3168.0,1.0
2021-01-05 09:31:22.211,0.5566,0.5571,10.0,0.5488,20.0,3168.0,1.0
2021-01-05 09:31:22.620,0.5566,0.5548,10.0,0.5488,20.0,3168.0,1.0
2021-01-05 09:31:23.171,0.5566,0.554,10.0,0.5488,20.0,3168.0,1.0
2021-01-05 09:31:23.640,0.5566,0.554,10.0,0.5488,20.0,3168.0,1.0
2021-01-05 09:31:24.161,0.5566,0.554,10.0,0.5488,20.0,3168.0,1.0
2021-01-05 09:31:24.660,0.5566,0.554,10.0,0.5479,20.0,3168.0,1.0
2021-01-05 09:31:25.630,0.5566,0.554,10.0,0.5487,20.0,3168.0,1.0
2021-01-05 09:31:26.101,0.5566,0.554,10.0,0.5487,20.0,3168.0,1.0
2021-01-05 09:31:26.681,0.5566,0.554,10.0,0.5487,20.0,3168.0,1.0
2021-01-05 09:31:27.171,0.5566,0.554,10.0,0.5487,20.0,3168.0,1.0
2021-01-05 09:31:27.601,0.5566,0.554,10.0,0.5487,20.0,3168.0,1.0
2021-01-05 09:31:28.091,0.5566,0.554,10.0,0.5479,20.0,3168.0,1.0
2021-01-05 09:31:28.610,0.5566,0.554,10.0,0.5479,20.0,3168.0,1.0
2021-01-05 09:31:29.171,0.5566,0.554,10.0,0.5479,20.0,3168.0,1.0
2021-01-05 09:31:30.170,0.5566,0.554,10.0,0.5479,20.0,3168.0,1.0
2021-01-05 09:31:30.671,0.5566,0.554,10.0,0.5479,20.0,3168.0,1.0
2021-01-05 09:31:31.150,0.5566,0.554,10.0,0.5479,20.0,3168.0,1.0
2021-01-05 09:31:31.661,0.5566,0.554,10.0,0.5479,20.0,3168.0,1.0
2021-01-05 09:31:32.191,0.5566,0.554,10.0,0.5479,20.0,3168.0,1.0
2021-01-05 09:31:32.671,0.5566,0.554,10.0,0.5479,20.0,3168.0,1.0
2021-01-05 09:31:33.190,0.5566,0.554,10.0,0.5479,20.0,3168.0,1.0
2021-01-05 09:31:34.681,0.5566,0.5536,10.0,0.5471,30.0,3168.0,1.0
2021-01-05 09:31:35.190,0.5566,0.5536,10.0,0.5471,30.0,3168.0,1.0
2021-01-05 09:31:35.670,0.5566,0.5539,10.0,0.5491,10.0,3168.0,1.0
2021-01-05 09:31:36.041,0.5566,0.5537,10.0,0.5491,20.0,3168.0,1.0
2021-01-05 09:31:36.690,0.5566,0.5533,10.0,0.5478,30.0,3168.0,1.0
2021-01-05 09:31:37.191,0.5566,0.5538,10.0,0.5479,3.0,3168.0,1.0
2021-01-05 09:31:38.190,0.5566,0.5539,3.0,0.5479,3.0,3168.0,1.0
2021-01-05 09:31:39.210,0.5566,0.5539,3.0,0.548,3.0,3168.0,1.0
2021-01-05 09:31:39.710,0.5566,0.5539,3.0,0.548,3.0,3168.0,1.0
2021-01-05 09:31:40.200,0.5566,0.5539,3.0,0.548,3.0,3168.0,1.0
2021-01-05 09:31:40.711,0.5566,0.5539,3.0,0.548,3.0,3168.0,1.0
2021-01-05 09:31:41.191,0.5566,0.5539,3.0,0.548,3.0,3168.0,1.0
2021-01-05 09:31:41.691,0.5566,0.5539,3.0,0.5492,10.0,3168.0,1.0
2021-01-05 09:31:42.211,0.5566,0.5539,3.0,0.5492,10.0,3168.0,1.0
2021-01-05 09:31:43.191,0.5566,0.5539,3.0,0.5492,10.0,3168.0,1.0
2021-01-05 09:31:43.690,0.5566,0.5539,3.0,0.5496,10.0,3168.0,1.0
2021-01-05 09:31:44.190,0.5539,0.5542,10.0,0.5496,30.0,3168.0,4.0
2021-01-05 09:31:44.691,0.5539,0.5536,10.0,0.5496,30.0,3168.0,4.0
2021-01-05 09:31:45.170,0.5539,0.5545,10.0,0.5496,30.0,3168.0,4.0
2021-01-05 09:31:45.700,0.5539,0.5541,10.0,0.5496,20.0,3168.0,4.0
2021-01-05 09:31:46.101,0.5539,0.5548,3.0,0.5488,10.0,3168.0,4.0
2021-01-05 09:31:46.701,0.5539,0.5548,3.0,0.5489,3.0,3168.0,4.0
2021-01-05 09:31:47.191,0.5539,0.5548,3.0,0.5489,3.0,3168.0,4.0
2021-01-05 09:31:47.711,0.5539,0.5548,3.0,0.5489,3.0,3168.0,4.0
2021-01-05 09:31:49.221,0.5539,0.5548,3.0,0.5489,3.0,3168.0,4.0
2021-01-05 09:31:49.711,0.5539,0.5548,3.0,0.5494,10.0,3168.0,4.0
2021-01-05 09:31:50.191,0.5539,0.5548,3.0,0.5495,3.0,3168.0,4.0
2021-01-05 09:31:50.681,0.5539,0.5548,3.0,0.5512,10.0,3168.0,4.0
2021-01-05 09:31:51.210,0.5539,0.5548,3.0,0.5512,30.0,3168.0,4.0
2021-01-05 09:31:52.220,0.5539,0.5548,3.0,0.5512,30.0,3168.0,4.0
2021-01-05 09:31:52.621,0.5539,0.5562,10.0,0.5512,30.0,3168.0,4.0
2021-01-05 09:31:53.171,0.5539,0.5562,10.0,0.5512,40.0,3168.0,4.0
2021-01-05 09:31:53.630,0.5539,0.5568,20.0,0.5535,10.0,3168.0,4.0
2021-01-05 09:31:54.151,0.5539,0.5568,20.0,0.5535,30.0,3168.0,4.0
2021-01-05 09:31:55.150,0.5539,0.5568,20.0,0.5535,30.0,3168.0,4.0
2021-01-05 09:31:55.670,0.5539,0.5568,20.0,0.5535,30.0,3168.0,4.0
2021-01-05 09:31:57.171,0.5539,0.5568,20.0,0.5535,30.0,3168.0,4.0
2021-01-05 09:31:58.171,0.5539,0.5568,20.0,0.5535,30.0,3168.0,4.0
2021-01-05 09:31:59.180,0.5539,0.5568,20.0,0.5535,30.0,3168.0,4.0
2021-01-05 09:31:59.660,0.5539,0.5568,20.0,0.5535,30.0,3168.0,4.0
2021-01-05 09:32:00.150,0.5539,0.5568,20.0,0.5535,30.0,3168.0,4.0
2021-01-05 09:32:00.650,0.5539,0.5568,20.0,0.5535,30.0,3168.0,4.0
2021-01-05 09:32:01.170,0.5539,0.5568,20.0,0.5535,30.0,3168.0,4.0
2021-01-05 09:32:01.670,0.5539,0.5568,20.0,0.5535,20.0,3168.0,4.0
2021-01-05 09:32:02.171,0.5539,0.5568,20.0,0.5523,30.0,3168.0,4.0
2021-01-05 09:32:02.671,0.5539,0.5558,10.0,0.5523,20.0,3168.0,4.0
2021-01-05 09:32:03.180,0.5539,0.5558,30.0,0.5512,20.0,3168.0,4.0
2021-01-05 09:32:04.161,0.5539,0.5558,30.0,0.5512,20.0,3168.0,4.0
2021-01-05 09:32:04.661,0.5539,0.5558,20.0,0.5512,20.0,3168.0,4.0
2021-01-05 09:32:05.141,0.5539,0.5568,20.0,0.5512,20.0,3168.0,4.0
2021-01-05 09:32:05.660,0.5539,0.5568,20.0,0.5512,20.0,3168.0,4.0
2021-01-05 09:32:06.161,0.5539,0.5568,20.0,0.5512,20.0,3168.0,4.0
2021-01-05 09:32:06.680,0.5539,0.5569,3.0,0.5509,23.0,3168.0,4.0
2021-01-05 09:32:07.070,0.5539,0.5569,3.0,0.5509,23.0,3168.0,4.0
2021-01-05 09:32:08.171,0.5539,0.5569,3.0,0.5509,23.0,3168.0,4.0
2021-01-05 09:32:08.670,0.5539,0.5569,3.0,0.5509,23.0,3168.0,4.0
2021-01-05 09:32:09.141,0.5539,0.5569,3.0,0.5527,10.0,3168.0,4.0
2021-01-05 09:32:09.681,0.5539,0.5569,3.0,0.5527,10.0,3168.0,4.0
2021-01-05 09:32:10.161,0.5539,0.5569,3.0,0.5527,30.0,3168.0,4.0
2021-01-05 09:32:10.630,0.5539,0.5569,3.0,0.5527,30.0,3168.0,4.0
2021-01-05 09:32:11.170,0.5539,0.5569,3.0,0.5527,30.0,3168.0,4.0
2021-01-05 09:32:11.650,0.5539,0.5569,3.0,0.5527,30.0,3168.0,4.0
2021-01-05 09:32:12.161,0.5539,0.5569,3.0,0.5527,20.0,3168.0,4.0
2021-01-05 09:32:12.670,0.5539,0.5569,3.0,0.5515,10.0,3168.0,4.0
2021-01-05 09:32:13.171,0.5539,0.5569,3.0,0.5515,10.0,3168.0,4.0
2021-01-05 09:32:13.680,0.5539,0.5568,3.0,0.5515,10.0,3168.0,4.0
2021-01-05 09:32:14.660,0.5539,0.5568,3.0,0.5515,10.0,3168.0,4.0
2021-01-05 09:32:15.171,0.5539,0.5567,1.0,0.5515,10.0,3168.0,4.0
2021-01-05 09:32:15.671,0.5539,0.5567,1.0,0.5515,10.0,3168.0,4.0
2021-01-05 09:32:16.151,0.5539,0.5567,1.0,0.5515,10.0,3168.0,4.0
2021-01-05 09:32:17.161,0.5539,0.5567,1.0,0.5515,10.0,3168.0,4.0
2021-01-05 09:32:17.651,0.5539,0.5567,1.0,0.5515,10.0,3168.0,4.0
2021-01-05 09:32:18.670,0.5539,0.5567,1.0,0.5527,10.0,3168.0,4.0
2021-01-05 09:32:19.150,0.5539,0.5567,1.0,0.5527,30.0,3168.0,4.0
2021-01-05 09:32:19.640,0.5539,0.5567,1.0,0.5527,30.0,3168.0,4.0
2021-01-05 09:32:20.671,0.5539,0.5567,1.0,0.5531,10.0,3168.0,4.0
2021-01-05 09:32:21.171,0.5539,0.5567,1.0,0.5531,10.0,3168.0,4.0
2021-01-05 09:32:21.680,0.5539,0.5566,3.0,0.5531,10.0,3168.0,4.0
2021-01-05 09:32:22.181,0.5539,0.5566,3.0,0.5531,10.0,3168.0,4.0
2021-01-05 09:32:22.660,0.5539,0.556,10.0,0.5527,20.0,3168.0,4.0
2021-01-05 09:32:23.180,0.5539,0.556,30.0,0.5527,20.0,3168.0,4.0
2021-01-05 09:32:24.160,0.5539,0.556,30.0,0.5527,20.0,3168.0,4.0
2021-01-05 09:32:25.170,0.5539,0.556,20.0,0.5529,10.0,3168.0,4.0
2021-01-05 09:32:25.670,0.5539,0.5566,3.0,0.5529,10.0,3168.0,4.0
2021-01-05 09:32:26.171,0.5539,0.5566,3.0,0.5529,10.0,3168.0,4.0
2021-01-05 09:32:28.171,0.5539,0.5566,3.0,0.5529,10.0,3168.0,4.0
2021-01-05 09:32:28.630,0.5539,0.5566,3.0,0.5529,10.0,3168.0,4.0
2021-01-05 09:32:29.180,0.5539,0.5566,3.0,0.5529,10.0,3168.0,4.0
2021-01-05 09:32:30.171,0.5539,0.5566,3.0,0.5529,10.0,3168.0,4.0
2021-01-05 09:32:31.151,0.5539,0.5566,3.0,0.5529,10.0,3168.0,4.0
2021-01-05 09:32:31.691,0.5539,0.5566,3.0,0.5529,10.0,3168.0,4.0
2021-01-05 09:32:32.121,0.5539,0.5566,3.0,0.5529,10.0,3168.0,4.0
2021-01-05 09:32:33.141,0.5539,0.5566,3.0,0.5529,10.0,3168.0,4.0
2021-01-05 09:32:33.671,0.5539,0.5566,3.0,0.5529,10.0,3168.0,4.0
2021-01-05 09:32:34.171,0.5539,0.5566,3.0,0.5529,10.0,3168.0,4.0
2021-01-05 09:32:34.691,0.5539,0.5566,3.0,0.5529,10.0,3168.0,4.0
2021-01-05 09:32:35.170,0.5539,0.5566,3.0,0.5529,10.0,3168.0,4.0
2021-01-05 09:32:35.671,0.5539,0.5566,3.0,0.5529,10.0,3168.0,4.0
2021-01-05 09:32:38.670,0.5539,0.5566,3.0,0.5529,10.0,3168.0,4.0
2021-01-05 09:32:39.200,0.5539,0.5566,3.0,0.5529,10.0,3168.0,4.0
2021-01-05 09:32:39.630,0.5539,0.5566,3.0,0.5529,10.0,3168.0,4.0
2021-01-05 09:32:40.151,0.5539,0.5566,3.0,0.5529,10.0,3168.0,4.0
2021-01-05 09:32:41.690,0.5539,0.5566,3.0,0.5537,10.0,3168.0,4.0
2021-01-05 09:32:42.201,0.5539,0.5566,3.0,0.5537,10.0,3168.0,4.0
2021-01-05 09:32:42.201,0.5539,0.5566,3.0,0.5537,30.0,3168.0,4.0
2021-01-05 09:32:43.190,0.5539,0.5566,3.0,0.5537,30.0,3168.0,4.0
2021-01-05 09:32:43.580,0.5539,0.5566,3.0,0.5537,30.0,3168.0,4.0
2021-01-05 09:32:44.151,0.5539,0.5566,3.0,0.5537,30.0,3168.0,4.0
2021-01-05 09:32:44.700,0.5539,0.5565,3.0,0.5528,10.0,3168.0,4.0
2021-01-05 09:32:45.471,0.5539,0.5565,3.0,0.5528,10.0,3168.0,4.0
2021-01-05 09:32:46.160,0.5539,0.5565,3.0,0.5528,10.0,3168.0,4.0
2021-01-05 09:32:47.701,0.5539,0.5565,3.0,0.5537,10.0,3168.0,4.0
2021-01-05 09:32:48.181,0.5539,0.5565,3.0,0.5537,10.0,3168.0,4.0
2021-01-05 09:32:48.690,0.5539,0.5565,3.0,0.5537,30.0,3168.0,4.0
2021-01-05 09:32:48.690,0.5539,0.5565,3.0,0.5537,30.0,3168.0,4.0
2021-01-05 09:32:49.611,0.5539,0.5565,3.0,0.5542,10.0,3168.0,4.0
2021-01-05 09:32:50.171,0.5539,0.56,10.0,0.5542,10.0,3168.0,4.0
2021-01-05 09:32:50.700,0.5539,0.5593,10.0,0.5542,10.0,3168.0,4.0
2021-01-05 09:32:51.170,0.5539,0.5599,13.0,0.5542,10.0,3168.0,4.0
2021-01-05 09:32:51.701,0.5539,0.5599,3.0,0.5555,10.0,3168.0,4.0
2021-01-05 09:32:52.191,0.5539,0.5599,3.0,0.5555,10.0,3168.0,4.0
2021-01-05 09:32:52.671,0.5539,0.5599,3.0,0.5555,10.0,3168.0,4.0
2021-01-05 09:32:53.161,0.5539,0.5598,10.0,0.5555,10.0,3168.0,4.0
2021-01-05 09:32:53.641,0.5539,0.5597,3.0,0.5542,30.0,3168.0,4.0
2021-01-05 09:32:54.181,0.5539,0.5596,10.0,0.5542,10.0,3168.0,4.0
2021-01-05 09:32:54.671,0.5539,0.5595,23.0,0.5542,10.0,3168.0,4.0
2021-01-05 09:32:55.170,0.5539,0.5595,13.0,0.5542,10.0,3168.0,4.0
2021-01-05 09:32:55.670,0.5539,0.5595,13.0,0.5542,10.0,3168.0,4.0
2021-01-05 09:32:56.150,0.5539,0.5593,10.0,0.5554,10.0,3168.0,4.0
2021-01-05 09:32:56.611,0.5539,0.5593,10.0,0.5554,10.0,3168.0,4.0
2021-01-05 09:32:57.151,0.5539,0.5593,10.0,0.5554,10.0,3168.0,4.0
2021-01-05 09:32:57.600,0.5539,0.5592,3.0,0.5554,10.0,3168.0,4.0
2021-01-05 09:32:57.600,0.5539,0.5592,3.0,0.5554,10.0,3168.0,4.0
2021-01-05 09:32:58.651,0.5539,0.5592,3.0,0.5554,10.0,3168.0,4.0
2021-01-05 09:32:59.170,0.5539,0.5592,3.0,0.5554,10.0,3168.0,4.0
2021-01-05 09:32:59.621,0.5539,0.5592,3.0,0.5554,10.0,3168.0,4.0
2021-01-05 09:33:01.141,0.5539,0.5592,23.0,0.5554,10.0,3168.0,4.0
2021-01-05 09:33:01.661,0.5539,0.5592,23.0,0.5554,10.0,3168.0,4.0
2021-01-05 09:33:02.620,0.5539,0.5584,10.0,0.5545,10.0,3168.0,4.0
2021-01-05 09:33:03.171,0.5539,0.5583,3.0,0.5545,10.0,3168.0,4.0
2021-01-05 09:33:03.171,0.5539,0.5583,3.0,0.5541,20.0,3168.0,4.0
2021-01-05 09:33:04.140,0.5539,0.5583,3.0,0.5529,10.0,3168.0,4.0
2021-01-05 09:33:04.651,0.5539,0.5583,3.0,0.5529,10.0,3168.0,4.0
2021-01-05 09:33:05.181,0.5539,0.5582,13.0,0.5529,10.0,3168.0,4.0
2021-01-05 09:33:05.690,0.5539,0.5581,3.0,0.5529,10.0,3168.0,4.0
2021-01-05 09:33:06.170,0.5539,0.5572,10.0,0.552,20.0,3168.0,4.0
2021-01-05 09:33:06.170,0.5539,0.5572,30.0,0.5513,30.0,3168.0,4.0
2021-01-05 09:33:07.171,0.5539,0.5571,13.0,0.5513,30.0,3168.0,4.0
2021-01-05 09:33:07.601,0.5539,0.5571,3.0,0.5513,30.0,3168.0,4.0
2021-01-05 09:33:08.191,0.5539,0.5571,3.0,0.5513,30.0,3168.0,4.0
2021-01-05 09:33:08.600,0.5539,0.5569,10.0,0.553,10.0,3168.0,4.0
2021-01-05 09:33:09.181,0.5539,0.5569,10.0,0.553,10.0,3168.0,4.0
2021-01-05 09:33:09.630,0.5539,0.5569,10.0,0.553,30.0,3168.0,4.0
2021-01-05 09:33:10.180,0.5539,0.5569,10.0,0.553,10.0,3168.0,4.0
2021-01-05 09:33:10.681,0.5539,0.5568,3.0,0.553,10.0,3168.0,4.0
2021-01-05 09:33:11.670,0.5539,0.5568,3.0,0.553,10.0,3168.0,4.0
2021-01-05 09:33:12.181,0.5539,0.5568,3.0,0.553,10.0,3168.0,4.0
2021-01-05 09:33:12.650,0.5539,0.5568,3.0,0.553,10.0,3168.0,4.0
2021-01-05 09:33:13.100,0.5539,0.5568,3.0,0.553,10.0,3168.0,4.0
2021-01-05 09:33:13.691,0.5539,0.5568,3.0,0.553,10.0,3168.0,4.0
2021-01-05 09:33:14.160,0.5539,0.5568,3.0,0.553,10.0,3168.0,4.0
2021-01-05 09:33:15.140,0.5539,0.5568,3.0,0.553,10.0,3168.0,4.0
2021-01-05 09:33:15.651,0.5539,0.5568,3.0,0.553,10.0,3168.0,4.0
2021-01-05 09:33:16.181,0.5539,0.5568,3.0,0.553,10.0,3168.0,4.0
2021-01-05 09:33:16.671,0.5539,0.556,10.0,0.5521,10.0,3168.0,4.0
2021-01-05 09:33:17.190,0.5539,0.5559,3.0,0.5521,10.0,3168.0,4.0
2021-01-05 09:33:17.551,0.5539,0.5559,3.0,0.5521,10.0,3168.0,4.0
2021-01-05 09:33:18.680,0.5539,0.5559,3.0,0.5521,10.0,3168.0,4.0
2021-01-05 09:33:18.921,0.5539,0.5559,3.0,0.5521,10.0,3168.0,4.0
2021-01-05 09:33:19.660,0.5539,0.5552,10.0,0.5513,20.0,3168.0,4.0
2021-01-05 09:33:19.950,0.5539,0.5552,10.0,0.5513,20.0,3168.0,4.0
2021-01-05 09:33:20.551,0.5539,0.5552,30.0,0.5513,20.0,3168.0,4.0
2021-01-05 09:33:21.160,0.5539,0.5552,10.0,0.5513,20.0,3168.0,4.0
2021-01-05 09:33:21.681,0.5539,0.5552,30.0,0.5513,20.0,3168.0,4.0
2021-01-05 09:33:22.150,0.5539,0.5552,10.0,0.5513,20.0,3168.0,4.0
2021-01-05 09:33:22.670,0.5539,0.5552,30.0,0.5513,20.0,3168.0,4.0
2021-01-05 09:33:23.051,0.5539,0.5552,13.0,0.5513,20.0,3168.0,4.0
2021-01-05 09:33:23.660,0.5539,0.5552,33.0,0.5513,20.0,3168.0,4.0
2021-01-05 09:33:24.171,0.5539,0.5552,13.0,0.5513,20.0,3168.0,4.0
2021-01-05 09:33:24.661,0.5539,0.5552,33.0,0.5513,20.0,3168.0,4.0
2021-01-05 09:33:25.151,0.5539,0.5552,13.0,0.5513,20.0,3168.0,4.0
2021-01-05 09:33:25.671,0.5539,0.5552,33.0,0.5513,20.0,3168.0,4.0
2021-01-05 09:33:26.161,0.5539,0.5552,23.0,0.5521,10.0,3168.0,4.0
2021-01-05 09:33:27.171,0.5539,0.5552,3.0,0.5521,10.0,3168.0,4.0
2021-01-05 09:33:27.371,0.5539,0.5552,3.0,0.5521,10.0,3168.0,4.0
2021-01-05 09:33:28.180,0.5539,0.5552,3.0,0.5521,10.0,3168.0,4.0
2021-01-05 09:33:28.670,0.5539,0.5552,3.0,0.5521,10.0,3168.0,4.0
2021-01-05 09:33:29.171,0.5539,0.5552,3.0,0.5521,10.0,3168.0,4.0
2021-01-05 09:33:30.180,0.5539,0.5552,3.0,0.5521,10.0,3168.0,4.0
2021-01-05 09:33:31.680,0.5539,0.5552,3.0,0.5521,10.0,3168.0,4.0
2021-01-05 09:33:32.620,0.5539,0.5552,3.0,0.5521,10.0,3168.0,4.0
2021-01-05 09:33:33.680,0.5539,0.5552,3.0,0.5521,10.0,3168.0,4.0
2021-01-05 09:33:36.681,0.5539,0.5552,3.0,0.5521,10.0,3168.0,4.0
2021-01-05 09:33:37.190,0.5539,0.5552,3.0,0.5521,10.0,3168.0,4.0
2021-01-05 09:33:37.640,0.5539,0.5551,10.0,0.5512,10.0,3168.0,4.0
2021-01-05 09:33:39.201,0.5539,0.5551,10.0,0.5512,10.0,3168.0,4.0
2021-01-05 09:33:39.661,0.5539,0.5552,3.0,0.552,10.0,3168.0,4.0
2021-01-05 09:33:40.690,0.5539,0.5552,3.0,0.5511,20.0,3168.0,4.0
2021-01-05 09:33:41.161,0.5539,0.5552,3.0,0.5511,20.0,3168.0,4.0
2021-01-05 09:33:41.691,0.5539,0.5552,3.0,0.5511,20.0,3168.0,4.0
2021-01-05 09:33:42.160,0.5539,0.5552,3.0,0.5511,20.0,3168.0,4.0
2021-01-05 09:33:42.640,0.5539,0.5552,3.0,0.5511,20.0,3168.0,4.0
2021-01-05 09:33:43.180,0.5539,0.5552,3.0,0.5511,20.0,3168.0,4.0
2021-01-05 09:33:43.681,0.5539,0.5552,3.0,0.5522,10.0,3168.0,4.0
2021-01-05 09:33:44.110,0.5539,0.5552,3.0,0.5522,30.0,3168.0,4.0
2021-01-05 09:33:44.671,0.5539,0.5552,3.0,0.5522,30.0,3168.0,4.0
2021-01-05 09:33:45.180,0.5539,0.5552,3.0,0.5522,30.0,3168.0,4.0
2021-01-05 09:33:45.660,0.5539,0.5552,3.0,0.5522,30.0,3168.0,4.0
2021-01-05 09:33:46.161,0.5539,0.5552,3.0,0.5522,30.0,3168.0,4.0
2021-01-05 09:33:46.680,0.5539,0.5552,3.0,0.5522,30.0,3168.0,4.0
2021-01-05 09:33:47.191,0.5539,0.5552,3.0,0.5522,30.0,3168.0,4.0
2021-01-05 09:33:48.680,0.5539,0.5552,3.0,0.5522,30.0,3168.0,4.0
2021-01-05 09:33:49.120,0.5539,0.5552,3.0,0.5522,30.0,3168.0,4.0
2021-01-05 09:33:50.130,0.5539,0.5552,3.0,0.5541,10.0,3168.0,4.0
2021-01-05 09:33:50.670,0.5539,0.5552,3.0,0.5541,10.0,3168.0,4.0
2021-01-05 09:33:51.581,0.5539,0.5552,3.0,0.5541,10.0,3168.0,4.0
2021-01-05 09:33:52.190,0.5539,0.5552,3.0,0.5541,10.0,3168.0,4.0
2021-01-05 09:33:52.661,0.5539,0.5552,3.0,0.5541,10.0,3168.0,4.0
2021-01-05 09:33:52.960,0.5539,0.5572,20.0,0.5541,10.0,3168.0,4.0
2021-01-05 09:33:53.650,0.5539,0.5571,13.0,0.5538,20.0,3168.0,4.0
2021-01-05 09:33:54.180,0.5539,0.5571,13.0,0.5538,20.0,3168.0,4.0
2021-01-05 09:33:54.610,0.5539,0.5571,33.0,0.5538,20.0,3168.0,4.0
2021-01-05 09:33:55.181,0.5539,0.5571,33.0,0.5538,20.0,3168.0,4.0
2021-01-05 09:33:55.650,0.5539,0.5571,33.0,0.5538,20.0,3168.0,4.0
2021-01-05 09:33:57.171,0.5539,0.5571,33.0,0.5538,20.0,3168.0,4.0
2021-01-05 09:33:57.671,0.5539,0.5571,20.0,0.5527,10.0,3168.0,4.0
2021-01-05 09:33:58.170,0.5539,0.5571,20.0,0.5527,10.0,3168.0,4.0
2021-01-05 09:33:58.670,0.5539,0.5571,20.0,0.5527,10.0,3168.0,4.0
2021-01-05 09:33:59.140,0.5539,0.5574,3.0,0.5527,10.0,3168.0,4.0
2021-01-05 09:33:59.590,0.5539,0.5574,3.0,0.5527,10.0,3168.0,4.0
2021-01-05 09:34:00.191,0.5539,0.5574,3.0,0.5527,10.0,3168.0,4.0
2021-01-05 09:34:00.671,0.5539,0.5574,3.0,0.5539,10.0,3168.0,4.0
2021-01-05 09:34:01.081,0.5539,0.5574,3.0,0.5539,30.0,3168.0,4.0
2021-01-05 09:34:01.640,0.5539,0.5574,3.0,0.5539,30.0,3168.0,4.0
2021-01-05 09:34:02.170,0.5539,0.5574,3.0,0.5539,30.0,3168.0,4.0
2021-01-05 09:34:02.671,0.5539,0.5574,3.0,0.5539,30.0,3168.0,4.0
2021-01-05 09:34:03.171,0.5539,0.5574,3.0,0.5539,30.0,3168.0,4.0
2021-01-05 09:34:03.670,0.5539,0.557,1.0,0.5539,30.0,3168.0,4.0
2021-01-05 09:34:05.121,0.5539,0.557,1.0,0.5539,30.0,3168.0,4.0
2021-01-05 09:34:06.671,0.5539,0.557,1.0,0.5551,10.0,3168.0,4.0
2021-01-05 09:34:07.130,0.5539,0.557,1.0,0.5551,30.0,3168.0,4.0
2021-01-05 09:34:07.311,0.5539,0.557,1.0,0.5551,30.0,3168.0,4.0
2021-01-05 09:34:08.171,0.557,0.5574,3.0,0.5559,10.0,3169.0,5.0
2021-01-05 09:34:08.690,0.557,0.5574,3.0,0.5559,30.0,3169.0,5.0
2021-01-05 09:34:09.170,0.557,0.5574,3.0,0.5559,30.0,3169.0,5.0
2021-01-05 09:34:09.670,0.557,0.5574,3.0,0.5559,30.0,3169.0,5.0
2021-01-05 09:34:10.690,0.557,0.5574,3.0,0.5551,20.0,3169.0,5.0
2021-01-05 09:34:11.151,0.557,0.5574,3.0,0.5551,20.0,3169.0,5.0
2021-01-05 09:34:11.681,0.557,0.5573,3.0,0.5551,20.0,3169.0,5.0
2021-01-05 09:34:12.121,0.557,0.5573,3.0,0.5551,20.0,3169.0,5.0
2021-01-05 09:34:12.640,0.557,0.5573,3.0,0.5538,30.0,3169.0,5.0
2021-01-05 09:34:13.191,0.557,0.5573,3.0,0.5538,30.0,3169.0,5.0
2021-01-05 09:34:13.681,0.557,0.5573,3.0,0.5538,30.0,3169.0,5.0
2021-01-05 09:34:14.181,0.557,0.5573,3.0,0.5538,30.0,3169.0,5.0
2021-01-05 09:34:14.691,0.557,0.5573,3.0,0.5538,10.0,3169.0,5.0
2021-01-05 09:34:15.181,0.557,0.5563,10.0,0.5524,10.0,3169.0,5.0
2021-01-05 09:34:15.681,0.557,0.5563,10.0,0.5524,30.0,3169.0,5.0
2021-01-05 09:34:16.190,0.557,0.5566,20.0,0.5532,10.0,3169.0,5.0
2021-01-05 09:34:16.630,0.557,0.5573,4.0,0.554,10.0,3169.0,5.0
2021-01-05 09:34:17.181,0.557,0.5573,4.0,0.554,30.0,3169.0,5.0
2021-01-05 09:34:17.690,0.557,0.5573,4.0,0.554,30.0,3169.0,5.0
2021-01-05 09:34:18.201,0.557,0.5573,4.0,0.554,30.0,3169.0,5.0
2021-01-05 09:34:18.620,0.557,0.5573,4.0,0.554,30.0,3169.0,5.0
2021-01-05 09:34:19.041,0.557,0.5573,4.0,0.554,30.0,3169.0,5.0
2021-01-05 09:34:19.700,0.557,0.5573,4.0,0.554,30.0,3169.0,5.0
2021-01-05 09:34:20.180,0.557,0.5573,4.0,0.554,30.0,3169.0,5.0
2021-01-05 09:34:21.690,0.557,0.5573,4.0,0.555,10.0,3169.0,5.0
2021-01-05 09:34:22.151,0.557,0.5573,4.0,0.555,30.0,3169.0,5.0
2021-01-05 09:34:22.191,0.557,0.5573,4.0,0.555,30.0,3169.0,5.0
2021-01-05 09:34:23.181,0.557,0.5573,4.0,0.555,30.0,3169.0,5.0
2021-01-05 09:34:23.640,0.557,0.5572,3.0,0.555,30.0,3169.0,5.0
2021-01-05 09:34:24.600,0.557,0.5572,3.0,0.555,30.0,3169.0,5.0
2021-01-05 09:34:25.150,0.557,0.5572,3.0,0.555,30.0,3169.0,5.0
2021-01-05 09:34:25.671,0.557,0.5572,3.0,0.555,30.0,3169.0,5.0
2021-01-05 09:34:26.641,0.557,0.5572,3.0,0.555,30.0,3169.0,5.0
2021-01-05 09:34:29.601,0.557,0.5572,3.0,0.555,30.0,3169.0,5.0
2021-01-05 09:34:30.170,0.557,0.5572,3.0,0.555,30.0,3169.0,5.0
2021-01-05 09:34:30.681,0.557,0.5572,3.0,0.555,30.0,3169.0,5.0
2021-01-05 09:34:31.190,0.557,0.5572,3.0,0.555,30.0,3169.0,5.0
2021-01-05 09:34:31.691,0.557,0.5572,3.0,0.555,30.0,3169.0,5.0
2021-01-05 09:34:33.090,0.557,0.5572,3.0,0.555,30.0,3169.0,5.0
2021-01-05 09:34:33.691,0.557,0.5572,3.0,0.555,30.0,3169.0,5.0
2021-01-05 09:34:34.640,0.557,0.5572,3.0,0.555,30.0,3169.0,5.0
2021-01-05 09:34:35.130,0.557,0.5572,3.0,0.5559,10.0,3169.0,5.0
2021-01-05 09:34:35.670,0.557,0.5572,3.0,0.5559,30.0,3169.0,5.0
2021-01-05 09:34:36.680,0.5572,0.5596,20.0,0.5559,30.0,3169.0,8.0
2021-01-05 09:34:37.161,0.5572,0.5595,16.0,0.5559,30.0,3169.0,8.0
2021-01-05 09:34:37.700,0.5572,0.5595,4.0,0.5559,30.0,3169.0,8.0
2021-01-05 09:34:37.940,0.5572,0.5595,4.0,0.5567,10.0,3169.0,8.0
2021-01-05 09:34:38.690,0.5572,0.5595,4.0,0.5567,30.0,3169.0,8.0
2021-01-05 09:34:39.070,0.5572,0.5595,4.0,0.5567,20.0,3169.0,8.0
2021-01-05 09:34:39.470,0.5572,0.5595,4.0,0.556,10.0,3169.0,8.0
2021-01-05 09:34:40.171,0.5572,0.5595,4.0,0.556,10.0,3169.0,8.0
2021-01-05 09:34:40.601,0.5572,0.5595,4.0,0.556,10.0,3169.0,8.0
2021-01-05 09:34:41.201,0.5572,0.5595,4.0,0.556,10.0,3169.0,8.0
2021-01-05 09:34:42.680,0.5572,0.5595,4.0,0.556,10.0,3169.0,8.0
2021-01-05 09:34:45.200,0.5572,0.5595,4.0,0.5573,10.0,3169.0,8.0
2021-01-05 09:34:46.140,0.5572,0.5595,4.0,0.5573,30.0,3169.0,8.0
2021-01-05 09:34:47.701,0.5572,0.5595,4.0,0.5573,30.0,3169.0,8.0
2021-01-05 09:34:48.141,0.5572,0.5595,5.0,0.5573,30.0,3169.0,8.0
2021-01-05 09:34:50.220,0.5572,0.5595,5.0,0.5573,30.0,3169.0,8.0
2021-01-05 09:34:51.200,0.5572,0.5595,5.0,0.5573,30.0,3169.0,8.0
2021-01-05 09:34:51.701,0.5572,0.5595,5.0,0.5573,30.0,3169.0,8.0
2021-01-05 09:34:52.220,0.5572,0.5595,5.0,0.5573,30.0,3169.0,8.0
2021-01-05 09:34:53.180,0.5572,0.5595,5.0,0.5573,30.0,3169.0,8.0
2021-01-05 09:34:53.651,0.5572,0.5595,5.0,0.5573,30.0,3169.0,8.0
2021-01-05 09:34:54.170,0.5572,0.5595,5.0,0.5573,30.0,3169.0,8.0
2021-01-05 09:34:54.631,0.5572,0.5595,2.0,0.5584,10.0,3169.0,8.0
2021-01-05 09:34:55.161,0.5572,0.5595,2.0,0.5584,30.0,3169.0,8.0
2021-01-05 09:34:55.680,0.5595,0.5623,10.0,0.5595,2.0,3169.0,10.0
2021-01-05 09:34:56.131,0.5595,0.5622,1.0,0.5595,2.0,3169.0,10.0
2021-01-05 09:34:56.681,0.5595,0.5622,1.0,0.5595,2.0,3169.0,10.0
2021-01-05 09:34:57.171,0.5595,0.5622,2.0,0.5595,2.0,3169.0,10.0
2021-01-05 09:34:57.670,0.5595,0.5622,2.0,0.5593,10.0,3169.0,10.0
2021-01-05 09:34:58.131,0.5595,0.5622,2.0,0.5593,10.0,3169.0,10.0
2021-01-05 09:34:58.640,0.5595,0.5622,2.0,0.5593,10.0,3169.0,10.0
2021-01-05 09:34:59.170,0.5595,0.5622,2.0,0.5593,10.0,3169.0,10.0
2021-01-05 09:35:00.640,0.5595,0.5622,2.0,0.5593,10.0,3169.0,10.0
2021-01-05 09:35:00.640,0.5595,0.5622,2.0,0.5593,10.0,3169.0,10.0
2021-01-05 09:35:02.680,0.5595,0.5622,2.0,0.5593,10.0,3169.0,10.0
2021-01-05 09:35:03.180,0.5595,0.5621,13.0,0.559,10.0,3169.0,10.0
2021-01-05 09:35:03.660,0.5595,0.5621,13.0,0.559,10.0,3169.0,10.0
2021-01-05 09:35:04.061,0.5595,0.5621,13.0,0.5582,20.0,3169.0,10.0
2021-01-05 09:35:05.180,0.5595,0.5621,13.0,0.5582,20.0,3169.0,10.0
2021-01-05 09:35:05.671,0.5595,0.5621,33.0,0.5582,20.0,3169.0,10.0
2021-01-05 09:35:06.680,0.5595,0.5622,2.0,0.5582,20.0,3169.0,10.0
2021-01-05 09:35:07.131,0.5595,0.5622,2.0,0.5587,14.0,3169.0,10.0
2021-01-05 09:35:07.650,0.5595,0.5622,2.0,0.5596,14.0,3169.0,10.0
2021-01-05 09:35:08.171,0.5595,0.5622,2.0,0.5596,34.0,3169.0,10.0
2021-01-05 09:35:09.191,0.5595,0.5622,2.0,0.5604,14.0,3169.0,10.0
2021-01-05 09:35:09.700,0.5595,0.5625,3.0,0.561,10.0,3169.0,10.0
2021-01-05 09:35:10.180,0.5595,0.5624,1.0,0.561,10.0,3169.0,10.0
2021-01-05 09:35:10.691,0.5595,0.5625,4.0,0.561,10.0,3169.0,10.0
2021-01-05 09:35:11.160,0.5595,0.5625,5.0,0.561,10.0,3169.0,10.0
2021-01-05 09:35:11.680,0.5625,0.5642,20.0,0.5625,5.0,3169.0,15.0
2021-01-05 09:35:12.101,0.5625,0.5641,15.0,0.5625,5.0,3169.0,15.0
2021-01-05 09:35:12.301,0.5625,0.5641,15.0,0.5625,5.0,3169.0,15.0
2021-01-05 09:35:13.181,0.5625,0.5641,15.0,0.5614,10.0,3169.0,15.0
2021-01-05 09:35:13.640,0.5625,0.5641,15.0,0.5606,10.0,3169.0,15.0
2021-01-05 09:35:14.191,0.5625,0.5634,14.0,0.5593,14.0,3169.0,15.0
2021-01-05 09:35:14.700,0.5625,0.5634,14.0,0.5593,14.0,3169.0,15.0
2021-01-05 09:35:15.171,0.5625,0.5633,1.0,0.5593,14.0,3169.0,15.0
2021-01-05 09:35:15.701,0.5625,0.5632,13.0,0.5593,14.0,3169.0,15.0
2021-01-05 09:35:16.151,0.5625,0.5632,13.0,0.5593,14.0,3169.0,15.0
2021-01-05 09:35:16.681,0.5625,0.5632,13.0,0.5593,14.0,3169.0,15.0
2021-01-05 09:35:17.680,0.5625,0.5632,13.0,0.5593,14.0,3169.0,15.0
2021-01-05 09:35:18.170,0.5625,0.5632,13.0,0.5593,14.0,3169.0,15.0
2021-01-05 09:35:18.681,0.5625,0.5632,13.0,0.5593,14.0,3169.0,15.0
2021-01-05 09:35:19.180,0.5625,0.5632,13.0,0.5593,14.0,3169.0,15.0
2021-01-05 09:35:19.670,0.5625,0.562,10.0,0.5593,14.0,3169.0,15.0
2021-01-05 09:35:20.120,0.5625,0.562,10.0,0.5593,14.0,3169.0,15.0
2021-01-05 09:35:20.690,0.5625,0.562,10.0,0.5593,14.0,3169.0,15.0
2021-01-05 09:35:21.180,0.5625,0.562,10.0,0.5593,14.0,3169.0,15.0
2021-01-05 09:35:21.601,0.562,0.5632,10.0,0.5606,14.0,3169.0,17.0
2021-01-05 09:35:22.171,0.562,0.5632,10.0,0.5606,14.0,3169.0,17.0
2021-01-05 09:35:22.171,0.562,0.5632,10.0,0.5606,14.0,3169.0,17.0
2021-01-05 09:35:23.151,0.562,0.5633,12.0,0.5606,14.0,3169.0,17.0
2021-01-05 09:35:23.680,0.562,0.5633,2.0,0.5606,14.0,3169.0,17.0
2021-01-05 09:35:24.171,0.562,0.5628,10.0,0.5606,14.0,3169.0,17.0
2021-01-05 09:35:24.671,0.562,0.5628,10.0,0.5606,14.0,3169.0,17.0
2021-01-05 09:35:25.170,0.562,0.5633,2.0,0.5606,14.0,3169.0,17.0
2021-01-05 09:35:25.620,0.562,0.5633,2.0,0.5606,14.0,3169.0,17.0
2021-01-05 09:35:26.651,0.562,0.5633,2.0,0.5606,14.0,3169.0,17.0
2021-01-05 09:35:27.130,0.562,0.5633,2.0,0.5606,14.0,3169.0,17.0
2021-01-05 09:35:27.641,0.562,0.5633,2.0,0.5606,14.0,3169.0,17.0
2021-01-05 09:35:29.641,0.562,0.5633,2.0,0.5606,14.0,3169.0,17.0
2021-01-05 09:35:30.121,0.562,0.5633,2.0,0.5606,14.0,3169.0,17.0
2021-01-05 09:35:30.690,0.562,0.5633,2.0,0.5606,14.0,3169.0,17.0
2021-01-05 09:35:31.700,0.562,0.5633,2.0,0.5606,14.0,3169.0,17.0
2021-01-05 09:35:32.161,0.562,0.5633,1.0,0.5606,14.0,3169.0,17.0
2021-01-05 09:35:32.630,0.562,0.5638,20.0,0.5606,14.0,3169.0,17.0
2021-01-05 09:35:33.160,0.562,0.5637,1.0,0.5614,14.0,3169.0,17.0
2021-01-05 09:35:33.610,0.562,0.5642,20.0,0.5614,14.0,3169.0,17.0
2021-01-05 09:35:34.180,0.562,0.5641,1.0,0.5614,14.0,3169.0,17.0
2021-01-05 09:35:34.691,0.562,0.5649,20.0,0.5614,14.0,3169.0,17.0
2021-01-05 09:35:35.200,0.562,0.5648,1.0,0.5614,14.0,3169.0,17.0
2021-01-05 09:35:35.590,0.562,0.5648,2.0,0.5622,14.0,3169.0,17.0
2021-01-05 09:35:36.101,0.562,0.5648,2.0,0.5622,14.0,3169.0,17.0
2021-01-05 09:35:36.581,0.562,0.5648,2.0,0.5622,14.0,3169.0,17.0
2021-01-05 09:35:38.651,0.562,0.5648,2.0,0.5622,14.0,3169.0,17.0
2021-01-05 09:35:39.690,0.562,0.5648,2.0,0.5622,14.0,3169.0,17.0
2021-01-05 09:35:40.191,0.562,0.5648,2.0,0.5622,14.0,3169.0,17.0
2021-01-05 09:35:40.691,0.562,0.5647,13.0,0.5614,14.0,3169.0,17.0
2021-01-05 09:35:41.190,0.562,0.5647,13.0,0.5614,14.0,3169.0,17.0
2021-01-05 09:35:42.160,0.562,0.5647,13.0,0.5614,14.0,3169.0,17.0
2021-01-05 09:35:42.670,0.562,0.5647,13.0,0.5614,14.0,3169.0,17.0
2021-01-05 09:35:43.190,0.562,0.5648,2.0,0.5614,14.0,3169.0,17.0
2021-01-05 09:35:43.661,0.562,0.5648,2.0,0.5614,14.0,3169.0,17.0
2021-01-05 09:35:44.681,0.562,0.5648,2.0,0.5624,14.0,3169.0,17.0
2021-01-05 09:35:45.071,0.562,0.5648,2.0,0.5624,14.0,3169.0,17.0
2021-01-05 09:35:45.670,0.562,0.5648,2.0,0.5624,14.0,3169.0,17.0
2021-01-05 09:35:46.170,0.562,0.5648,1.0,0.5629,10.0,3169.0,17.0
2021-01-05 09:35:46.700,0.562,0.5657,20.0,0.5629,30.0,3169.0,17.0
2021-01-05 09:35:47.201,0.562,0.5656,1.0,0.5629,30.0,3169.0,17.0
2021-01-05 09:35:48.181,0.562,0.5664,1.0,0.5634,14.0,3169.0,17.0
2021-01-05 09:35:48.181,0.562,0.5664,2.0,0.5634,14.0,3169.0,17.0
2021-01-05 09:35:49.001,0.562,0.5664,2.0,0.5634,14.0,3169.0,17.0
2021-01-05 09:35:50.150,0.562,0.5664,2.0,0.5634,14.0,3169.0,17.0
2021-01-05 09:35:50.630,0.562,0.5664,2.0,0.5634,14.0,3169.0,17.0
2021-01-05 09:35:51.180,0.562,0.5663,13.0,0.5634,14.0,3169.0,17.0
2021-01-05 09:35:51.710,0.562,0.5663,13.0,0.5634,14.0,3169.0,17.0
2021-01-05 09:35:52.190,0.562,0.5663,13.0,0.5634,14.0,3169.0,17.0
2021-01-05 09:35:53.111,0.562,0.5663,13.0,0.5634,14.0,3169.0,17.0
2021-01-05 09:35:54.640,0.562,0.5663,13.0,0.5634,14.0,3169.0,17.0
2021-01-05 09:35:55.181,0.562,0.5658,10.0,0.5625,14.0,3169.0,17.0
2021-01-05 09:35:55.381,0.562,0.5658,30.0,0.5625,14.0,3169.0,17.0
2021-01-05 09:35:56.121,0.562,0.5657,13.0,0.5625,14.0,3169.0,17.0
2021-01-05 09:35:56.690,0.562,0.5657,13.0,0.5625,14.0,3169.0,17.0
2021-01-05 09:35:57.160,0.562,0.5656,1.0,0.5625,14.0,3169.0,17.0
2021-01-05 09:35:57.681,0.562,0.5656,1.0,0.5625,14.0,3169.0,17.0
2021-01-05 09:35:58.150,0.562,0.5656,2.0,0.5625,14.0,3169.0,17.0
2021-01-05 09:35:58.970,0.562,0.5656,2.0,0.5625,14.0,3169.0,17.0
2021-01-05 09:35:59.640,0.562,0.5656,2.0,0.5625,14.0,3169.0,17.0
2021-01-05 09:36:00.201,0.562,0.5656,2.0,0.5635,14.0,3169.0,17.0
2021-01-05 09:36:00.680,0.562,0.5656,1.0,0.5635,34.0,3169.0,17.0
2021-01-05 09:36:01.181,0.562,0.5662,1.0,0.5635,34.0,3169.0,17.0
2021-01-05 09:36:01.671,0.562,0.5661,1.0,0.5635,34.0,3169.0,17.0
2021-01-05 09:36:02.170,0.562,0.566,1.0,0.5635,34.0,3169.0,17.0
2021-01-05 09:36:02.701,0.562,0.566,1.0,0.5635,14.0,3169.0,17.0
2021-01-05 09:36:03.150,0.562,0.566,1.0,0.5626,14.0,3169.0,17.0
2021-01-05 09:36:03.700,0.562,0.5659,13.0,0.5626,14.0,3169.0,17.0
2021-01-05 09:36:05.150,0.562,0.5659,13.0,0.5626,14.0,3169.0,17.0
2021-01-05 09:36:05.690,0.562,0.5659,13.0,0.5626,14.0,3169.0,17.0
2021-01-05 09:36:06.700,0.562,0.5659,13.0,0.5626,14.0,3169.0,17.0
2021-01-05 09:36:09.161,0.562,0.5659,13.0,0.5626,14.0,3169.0,17.0
2021-01-05 09:36:10.671,0.562,0.5659,13.0,0.5626,14.0,3169.0,17.0
2021-01-05 09:36:11.651,0.562,0.5659,13.0,0.5626,14.0,3169.0,17.0
2021-01-05 09:36:12.690,0.562,0.5659,13.0,0.5626,14.0,3169.0,17.0
2021-01-05 09:36:14.150,0.562,0.5659,13.0,0.5626,14.0,3169.0,17.0
2021-01-05 09:36:15.170,0.562,0.5659,13.0,0.5626,14.0,3169.0,17.0
2021-01-05 09:36:18.680,0.562,0.5658,3.0,0.5626,14.0,3169.0,17.0
2021-01-05 09:36:19.151,0.562,0.5658,3.0,0.5626,14.0,3169.0,17.0
2021-01-05 09:36:19.691,0.562,0.5657,13.0,0.5626,14.0,3169.0,17.0
2021-01-05 09:36:21.120,0.562,0.5657,13.0,0.5626,14.0,3169.0,17.0
2021-01-05 09:36:21.691,0.562,0.5653,10.0,0.5626,14.0,3169.0,17.0
2021-01-05 09:36:22.171,0.562,0.5653,10.0,0.5626,14.0,3169.0,17.0
2021-01-05 09:36:22.611,0.562,0.5652,13.0,0.5626,14.0,3169.0,17.0
2021-01-05 09:36:23.191,0.562,0.5653,10.0,0.5626,14.0,3169.0,17.0
2021-01-05 09:36:23.681,0.562,0.5658,23.0,0.5626,14.0,3169.0,17.0
2021-01-05 09:36:24.171,0.562,0.5657,13.0,0.5626,14.0,3169.0,17.0
2021-01-05 09:36:24.701,0.562,0.5658,23.0,0.5626,14.0,3169.0,17.0
2021-01-05 09:36:25.191,0.562,0.5658,23.0,0.5629,10.0,3169.0,17.0
2021-01-05 09:36:25.650,0.562,0.5657,1.0,0.5626,14.0,3169.0,17.0
2021-01-05 09:36:26.171,0.562,0.5657,2.0,0.5626,14.0,3169.0,17.0
2021-01-05 09:36:27.690,0.562,0.5657,2.0,0.5635,14.0,3169.0,17.0
2021-01-05 09:36:28.120,0.562,0.5657,2.0,0.5635,14.0,3169.0,17.0
2021-01-05 09:36:28.190,0.562,0.5657,2.0,0.5635,14.0,3169.0,17.0
2021-01-05 09:36:29.171,0.562,0.5657,1.0,0.5635,14.0,3169.0,17.0
2021-01-05 09:36:29.661,0.562,0.5657,1.0,0.5635,34.0,3169.0,17.0
2021-01-05 09:36:30.161,0.562,0.5658,3.0,0.5639,10.0,3169.0,17.0
2021-01-05 09:36:30.700,0.562,0.5658,3.0,0.5639,10.0,3169.0,17.0
2021-01-05 09:36:33.200,0.562,0.5657,1.0,0.5639,10.0,3169.0,17.0
2021-01-05 09:36:34.091,0.562,0.5657,1.0,0.5639,10.0,3169.0,17.0
2021-01-05 09:36:34.971,0.562,0.5657,1.0,0.5635,14.0,3169.0,17.0
2021-01-05 09:36:36.191,0.562,0.5657,1.0,0.5635,14.0,3169.0,17.0
2021-01-05 09:36:36.700,0.562,0.5657,1.0,0.5643,10.0,3169.0,17.0
2021-01-05 09:36:37.190,0.562,0.5668,20.0,0.5643,10.0,3169.0,17.0
2021-01-05 09:36:38.041,0.562,0.5667,1.0,0.5643,10.0,3169.0,17.0
2021-01-05 09:36:38.640,0.562,0.5676,34.0,0.5643,10.0,3169.0,17.0
2021-01-05 09:36:40.191,0.562,0.5675,1.0,0.5643,10.0,3169.0,17.0
2021-01-05 09:36:40.700,0.562,0.5674,13.0,0.5643,10.0,3169.0,17.0
2021-01-05 09:36:41.201,0.562,0.5674,13.0,0.5643,10.0,3169.0,17.0
2021-01-05 09:36:42.200,0.562,0.5674,13.0,0.5643,10.0,3169.0,17.0
2021-01-05 09:36:42.690,0.562,0.5673,1.0,0.5643,10.0,3169.0,17.0
2021-01-05 09:36:43.180,0.562,0.5673,1.0,0.5643,10.0,3169.0,17.0
2021-01-05 09:36:43.700,0.562,0.5672,13.0,0.5643,10.0,3169.0,17.0
2021-01-05 09:36:44.200,0.562,0.5672,14.0,0.5643,10.0,3169.0,17.0
2021-01-05 09:36:45.191,0.562,0.5672,1.0,0.5644,14.0,3169.0,17.0
2021-01-05 09:36:45.631,0.562,0.5676,23.0,0.5652,10.0,3169.0,17.0
2021-01-05 09:36:46.190,0.562,0.5676,23.0,0.5652,10.0,3169.0,17.0
2021-01-05 09:36:46.501,0.562,0.5675,1.0,0.5652,10.0,3169.0,17.0
2021-01-05 09:36:47.130,0.562,0.5675,1.0,0.5653,14.0,3169.0,17.0
2021-01-05 09:36:47.660,0.562,0.5675,1.0,0.566,10.0,3169.0,17.0
2021-01-05 09:36:48.630,0.562,0.5675,1.0,0.566,10.0,3169.0,17.0
2021-01-05 09:36:53.680,0.562,0.5675,1.0,0.566,10.0,3169.0,17.0
2021-01-05 09:36:54.180,0.562,0.5675,1.0,0.566,10.0,3169.0,17.0
2021-01-05 09:36:54.631,0.562,0.5675,1.0,0.5653,14.0,3169.0,17.0
2021-01-05 09:36:55.171,0.562,0.5675,1.0,0.5653,14.0,3169.0,17.0
2021-01-05 09:36:56.141,0.562,0.5675,1.0,0.5653,14.0,3169.0,17.0
2021-01-05 09:36:56.691,0.562,0.5675,1.0,0.5653,14.0,3169.0,17.0
2021-01-05 09:36:57.630,0.562,0.5675,1.0,0.5653,14.0,3169.0,17.0
2021-01-05 09:36:59.181,0.562,0.5675,1.0,0.5653,14.0,3169.0,17.0
2021-01-05 09:36:59.690,0.562,0.5675,1.0,0.5653,14.0,3169.0,17.0
2021-01-05 09:37:00.160,0.5675,0.5676,20.0,0.5653,14.0,3169.0,18.0
2021-01-05 09:37:00.700,0.5675,0.5691,30.0,0.5653,14.0,3169.0,18.0
2021-01-05 09:37:01.061,0.5675,0.569,13.0,0.5653,14.0,3169.0,18.0
2021-01-05 09:37:01.081,0.5675,0.569,13.0,0.5653,14.0,3169.0,18.0
2021-01-05 09:37:02.191,0.5675,0.569,13.0,0.5653,14.0,3169.0,18.0
2021-01-05 09:37:02.610,0.5675,0.5682,10.0,0.5653,14.0,3169.0,18.0
2021-01-05 09:37:03.151,0.5675,0.5682,10.0,0.5653,14.0,3169.0,18.0
2021-01-05 09:37:03.630,0.5675,0.5681,13.0,0.5653,14.0,3169.0,18.0
2021-01-05 09:37:04.200,0.5675,0.5681,33.0,0.5653,14.0,3169.0,18.0
2021-01-05 09:37:04.690,0.5675,0.5681,33.0,0.5645,14.0,3169.0,18.0
2021-01-05 09:37:05.701,0.5675,0.5681,33.0,0.5645,14.0,3169.0,18.0
2021-01-05 09:37:06.700,0.5675,0.568,1.0,0.5645,14.0,3169.0,18.0
2021-01-05 09:37:07.180,0.5675,0.568,1.0,0.5645,14.0,3169.0,18.0
2021-01-05 09:37:07.681,0.5675,0.5679,13.0,0.5645,14.0,3169.0,18.0
2021-01-05 09:37:08.200,0.5675,0.5679,13.0,0.5645,14.0,3169.0,18.0
2021-01-05 09:37:08.630,0.5675,0.5681,21.0,0.5645,14.0,3169.0,18.0
2021-01-05 09:37:09.170,0.5675,0.5681,21.0,0.5653,14.0,3169.0,18.0
2021-01-05 09:37:10.121,0.5675,0.5681,21.0,0.5653,14.0,3169.0,18.0
2021-01-05 09:37:10.701,0.5675,0.5674,10.0,0.5653,14.0,3169.0,18.0
2021-01-05 09:37:11.201,0.5675,0.5674,10.0,0.5644,14.0,3169.0,18.0
2021-01-05 09:37:11.610,0.5675,0.5673,13.0,0.5644,14.0,3169.0,18.0
2021-01-05 09:37:12.131,0.5675,0.5674,10.0,0.5635,10.0,3169.0,18.0
2021-01-05 09:37:12.261,0.5675,0.5673,33.0,0.5648,14.0,3169.0,18.0
2021-01-05 09:37:13.681,0.5675,0.5673,33.0,0.5648,14.0,3169.0,18.0
2021-01-05 09:37:14.171,0.5675,0.5673,20.0,0.5648,14.0,3169.0,18.0
2021-01-05 09:37:14.651,0.5675,0.5673,20.0,0.5648,14.0,3169.0,18.0
2021-01-05 09:37:15.101,0.5675,0.5673,20.0,0.5655,14.0,3169.0,18.0
2021-01-05 09:37:16.461,0.5675,0.5673,20.0,0.5655,14.0,3169.0,18.0
2021-01-05 09:37:17.200,0.5675,0.5673,33.0,0.5655,14.0,3169.0,18.0
2021-01-05 09:37:17.671,0.5675,0.5673,13.0,0.5655,14.0,3169.0,18.0
2021-01-05 09:37:18.061,0.5675,0.5673,33.0,0.5655,14.0,3169.0,18.0
2021-01-05 09:37:18.710,0.5675,0.568,1.0,0.5655,14.0,3169.0,18.0
2021-01-05 09:37:19.021,0.5675,0.5679,13.0,0.5655,14.0,3169.0,18.0
2021-01-05 09:37:21.200,0.5675,0.5679,13.0,0.5655,14.0,3169.0,18.0
2021-01-05 09:37:21.701,0.5675,0.5679,13.0,0.5655,14.0,3169.0,18.0
2021-01-05 09:37:22.030,0.5675,0.5679,13.0,0.5648,14.0,3169.0,18.0
2021-01-05 09:37:23.150,0.5675,0.567,10.0,0.5648,14.0,3169.0,18.0
2021-01-05 09:37:23.661,0.5675,0.567,30.0,0.5648,14.0,3169.0,18.0
2021-01-05 09:37:24.080,0.5675,0.567,30.0,0.5648,14.0,3169.0,18.0
2021-01-05 09:37:24.631,0.5675,0.567,30.0,0.5648,14.0,3169.0,18.0
2021-01-05 09:37:25.200,0.5675,0.567,30.0,0.5648,14.0,3169.0,18.0
2021-01-05 09:37:25.670,0.5675,0.567,30.0,0.5648,14.0,3169.0,18.0
2021-01-05 09:37:26.650,0.5675,0.567,30.0,0.5648,14.0,3169.0,18.0
2021-01-05 09:37:27.130,0.5675,0.567,30.0,0.5648,14.0,3169.0,18.0
2021-01-05 09:37:29.130,0.5675,0.567,30.0,0.5648,14.0,3169.0,18.0
2021-01-05 09:37:30.191,0.5675,0.567,30.0,0.5648,14.0,3169.0,18.0
2021-01-05 09:37:30.650,0.5675,0.567,30.0,0.5648,14.0,3169.0,18.0
2021-01-05 09:37:31.190,0.5675,0.567,30.0,0.5648,14.0,3169.0,18.0
2021-01-05 09:37:32.181,0.5675,0.567,30.0,0.5648,14.0,3169.0,18.0
2021-01-05 09:37:32.651,0.5675,0.567,30.0,0.5648,14.0,3169.0,18.0
2021-01-05 09:37:33.180,0.5675,0.5681,20.0,0.5658,14.0,3169.0,18.0
2021-01-05 09:37:33.681,0.5675,0.568,13.0,0.5658,14.0,3169.0,18.0
2021-01-05 09:37:34.200,0.5675,0.568,13.0,0.5658,14.0,3169.0,18.0
2021-01-05 09:37:35.170,0.5675,0.5681,20.0,0.5657,14.0,3169.0,18.0
2021-01-05 09:37:35.650,0.5675,0.568,13.0,0.5657,14.0,3169.0,18.0
2021-01-05 09:37:38.161,0.5675,0.5679,14.0,0.5651,14.0,3169.0,18.0
2021-01-05 09:37:38.651,0.5675,0.5679,24.0,0.5651,14.0,3169.0,18.0
2021-01-05 09:37:39.170,0.5675,0.5679,24.0,0.5651,14.0,3169.0,18.0
2021-01-05 09:37:39.700,0.5675,0.5678,1.0,0.5651,14.0,3169.0,18.0
2021-01-05 09:37:40.161,0.5675,0.5673,14.0,0.5646,14.0,3169.0,18.0
2021-01-05 09:37:40.701,0.5675,0.5673,14.0,0.5646,14.0,3169.0,18.0
2021-01-05 09:37:41.131,0.5675,0.5673,34.0,0.5646,14.0,3169.0,18.0
2021-01-05 09:37:43.671,0.5675,0.5671,10.0,0.5646,14.0,3169.0,18.0
2021-01-05 09:37:44.190,0.5675,0.567,13.0,0.5646,14.0,3169.0,18.0
2021-01-05 09:37:44.651,0.5675,0.5668,14.0,0.564,14.0,3169.0,18.0
2021-01-05 09:37:45.191,0.5675,0.5668,14.0,0.564,14.0,3169.0,18.0
2021-01-05 09:37:47.210,0.5675,0.5668,14.0,0.564,14.0,3169.0,18.0
2021-01-05 09:37:47.661,0.5675,0.5671,10.0,0.5646,14.0,3169.0,18.0
2021-01-05 09:37:48.201,0.5675,0.567,13.0,0.5646,14.0,3169.0,18.0
2021-01-05 09:37:49.670,0.5675,0.567,13.0,0.5646,14.0,3169.0,18.0
2021-01-05 09:37:50.220,0.5675,0.567,13.0,0.5646,14.0,3169.0,18.0
2021-01-05 09:37:51.691,0.5675,0.5671,10.0,0.5632,10.0,3169.0,18.0
2021-01-05 09:37:51.691,0.5675,0.567,13.0,0.5651,14.0,3169.0,18.0
2021-01-05 09:37:52.300,0.5675,0.567,13.0,0.5651,14.0,3169.0,18.0
2021-01-05 09:37:53.620,0.5675,0.5671,10.0,0.5651,14.0,3169.0,18.0
2021-01-05 09:37:56.121,0.5675,0.5671,10.0,0.5651,14.0,3169.0,18.0
2021-01-05 09:37:56.611,0.5675,0.567,13.0,0.5647,14.0,3169.0,18.0
2021-01-05 09:37:57.170,0.5675,0.567,13.0,0.5647,14.0,3169.0,18.0
2021-01-05 09:37:57.601,0.5675,0.5661,10.0,0.564,14.0,3169.0,18.0
2021-01-05 09:37:58.100,0.5675,0.566,13.0,0.564,14.0,3169.0,18.0
2021-01-05 09:37:58.640,0.5675,0.566,13.0,0.564,14.0,3169.0,18.0
2021-01-05 09:37:59.161,0.5675,0.5661,30.0,0.564,14.0,3169.0,18.0
2021-01-05 09:38:00.131,0.5675,0.5669,10.0,0.5646,14.0,3169.0,18.0
2021-01-05 09:38:00.680,0.5675,0.5668,13.0,0.5646,14.0,3169.0,18.0
2021-01-05 09:38:01.180,0.5675,0.5668,13.0,0.5646,14.0,3169.0,18.0
2021-01-05 09:38:02.181,0.5675,0.5668,13.0,0.5646,14.0,3169.0,18.0
2021-01-05 09:38:04.190,0.5675,0.5669,10.0,0.5646,14.0,3169.0,18.0
2021-01-05 09:38:04.680,0.5675,0.5669,10.0,0.5651,14.0,3169.0,18.0
2021-01-05 09:38:05.181,0.5675,0.5671,3.0,0.5651,14.0,3169.0,18.0
2021-01-05 09:38:05.621,0.5675,0.567,13.0,0.5651,14.0,3169.0,18.0
2021-01-05 09:38:07.200,0.5675,0.5671,3.0,0.5651,14.0,3169.0,18.0
2021-01-05 09:38:07.690,0.5675,0.5671,3.0,0.5658,14.0,3169.0,18.0
2021-01-05 09:38:08.151,0.5675,0.5671,3.0,0.5658,14.0,3169.0,18.0
2021-01-05 09:38:09.160,0.5675,0.5671,3.0,0.5658,14.0,3169.0,18.0
2021-01-05 09:38:09.611,0.5675,0.5671,3.0,0.5658,14.0,3169.0,18.0
2021-01-05 09:38:10.180,0.5675,0.5671,3.0,0.5663,14.0,3169.0,18.0
2021-01-05 09:38:10.670,0.5675,0.5671,3.0,0.5663,14.0,3169.0,18.0
2021-01-05 09:38:11.141,0.5675,0.5671,3.0,0.5663,14.0,3169.0,18.0
2021-01-05 09:38:11.701,0.5675,0.5671,3.0,0.5663,14.0,3169.0,18.0
2021-01-05 09:38:12.191,0.5675,0.5671,3.0,0.5655,14.0,3169.0,18.0
2021-01-05 09:38:12.691,0.5675,0.5671,3.0,0.5655,14.0,3169.0,18.0
2021-01-05 09:38:13.110,0.5675,0.5671,3.0,0.5655,14.0,3169.0,18.0
2021-01-05 09:38:13.690,0.5675,0.5671,3.0,0.566,14.0,3169.0,18.0
2021-01-05 09:38:14.141,0.5675,0.5671,3.0,0.566,14.0,3169.0,18.0
2021-01-05 09:38:14.691,0.5675,0.5671,3.0,0.5665,14.0,3169.0,18.0
2021-01-05 09:38:15.150,0.5671,0.5688,20.0,0.5665,14.0,3172.0,21.0
2021-01-05 09:38:15.150,0.5671,0.5696,34.0,0.567,14.0,3172.0,21.0
2021-01-05 09:38:16.210,0.5671,0.5696,34.0,0.567,14.0,3172.0,21.0
2021-01-05 09:38:16.731,0.5671,0.5696,34.0,0.567,14.0,3172.0,21.0
2021-01-05 09:38:17.190,0.5671,0.5694,10.0,0.567,14.0,3172.0,21.0
2021-01-05 09:38:17.701,0.5671,0.5693,13.0,0.567,14.0,3172.0,21.0
2021-01-05 09:38:18.231,0.5671,0.5693,13.0,0.567,14.0,3172.0,21.0
2021-01-05 09:38:18.660,0.5671,0.5693,13.0,0.567,14.0,3172.0,21.0
2021-01-05 09:38:19.230,0.5671,0.5694,10.0,0.567,14.0,3172.0,21.0
2021-01-05 09:38:19.670,0.5671,0.5693,13.0,0.567,14.0,3172.0,21.0
2021-01-05 09:38:20.690,0.5671,0.5693,13.0,0.567,14.0,3172.0,21.0
2021-01-05 09:38:21.670,0.5671,0.5702,14.0,0.5674,14.0,3172.0,21.0
2021-01-05 09:38:22.210,0.5671,0.5702,14.0,0.5674,14.0,3172.0,21.0
2021-01-05 09:38:22.531,0.5671,0.5702,14.0,0.5674,14.0,3172.0,21.0
2021-01-05 09:38:23.201,0.5671,0.5702,34.0,0.5674,14.0,3172.0,21.0
2021-01-05 09:38:23.681,0.5671,0.5702,20.0,0.568,14.0,3172.0,21.0
2021-01-05 09:38:24.141,0.5671,0.5701,13.0,0.568,14.0,3172.0,21.0
2021-01-05 09:38:24.690,0.5671,0.5702,20.0,0.568,14.0,3172.0,21.0
2021-01-05 09:38:25.101,0.5671,0.5702,20.0,0.568,14.0,3172.0,21.0
2021-01-05 09:38:25.700,0.5671,0.5702,20.0,0.568,14.0,3172.0,21.0
2021-01-05 09:38:26.100,0.5671,0.5702,20.0,0.568,14.0,3172.0,21.0
2021-01-05 09:38:26.701,0.5702,0.5702,10.0,0.568,14.0,3172.0,31.0
2021-01-05 09:38:27.151,0.5702,0.5701,13.0,0.568,14.0,3172.0,31.0
2021-01-05 09:38:27.691,0.5702,0.5702,20.0,0.568,14.0,3172.0,31.0
2021-01-05 09:38:28.171,0.5702,0.5702,20.0,0.568,14.0,3172.0,31.0
2021-01-05 09:38:28.680,0.5702,0.5708,14.0,0.568,14.0,3172.0,31.0
2021-01-05 09:38:29.191,0.5702,0.5708,14.0,0.568,14.0,3172.0,31.0
2021-01-05 09:38:29.600,0.5702,0.5708,14.0,0.568,14.0,3172.0,31.0
2021-01-05 09:38:30.670,0.5702,0.5708,14.0,0.568,14.0,3172.0,31.0
2021-01-05 09:38:31.181,0.5702,0.5708,14.0,0.568,14.0,3172.0,31.0
2021-01-05 09:38:31.700,0.5702,0.5708,14.0,0.568,14.0,3172.0,31.0
2021-01-05 09:38:32.171,0.5702,0.5709,20.0,0.5687,14.0,3172.0,31.0
2021-01-05 09:38:32.701,0.5702,0.5708,13.0,0.5687,14.0,3172.0,31.0
2021-01-05 09:38:33.070,0.5702,0.5716,44.0,0.5687,14.0,3172.0,31.0
2021-01-05 09:38:33.700,0.5702,0.5716,10.0,0.5695,14.0,3172.0,31.0
2021-01-05 09:38:34.201,0.5702,0.5724,14.0,0.5695,34.0,3172.0,31.0
2021-01-05 09:38:34.701,0.5702,0.5726,20.0,0.5695,20.0,3172.0,31.0
2021-01-05 09:38:35.700,0.5702,0.5731,34.0,0.5701,14.0,3172.0,31.0
2021-01-05 09:38:36.130,0.5702,0.5731,34.0,0.5701,14.0,3172.0,31.0
2021-01-05 09:38:37.160,0.5702,0.5731,20.0,0.5707,14.0,3172.0,31.0
2021-01-05 09:38:37.680,0.5702,0.5731,20.0,0.5707,14.0,3172.0,31.0
2021-01-05 09:38:38.161,0.5702,0.5731,13.0,0.5707,14.0,3172.0,31.0
2021-01-05 09:38:38.601,0.5702,0.5738,34.0,0.5707,14.0,3172.0,31.0
2021-01-05 09:38:39.161,0.5702,0.5738,20.0,0.5715,14.0,3172.0,31.0
2021-01-05 09:38:40.141,0.5702,0.575,10.0,0.5723,14.0,3172.0,31.0
2021-01-05 09:38:40.591,0.5702,0.5749,13.0,0.5723,14.0,3172.0,31.0
2021-01-05 09:38:41.190,0.5702,0.5749,13.0,0.5723,14.0,3172.0,31.0
2021-01-05 09:38:41.670,0.5702,0.5749,13.0,0.5723,14.0,3172.0,31.0
2021-01-05 09:38:42.170,0.5702,0.5749,13.0,0.5723,14.0,3172.0,31.0
2021-01-05 09:38:42.700,0.5702,0.5749,13.0,0.5723,14.0,3172.0,31.0
2021-01-05 09:38:43.701,0.5702,0.5749,13.0,0.5723,14.0,3172.0,31.0
2021-01-05 09:38:44.191,0.5702,0.5749,13.0,0.5723,14.0,3172.0,31.0
2021-01-05 09:38:44.690,0.5702,0.5749,13.0,0.5723,14.0,3172.0,31.0
2021-01-05 09:38:45.201,0.5702,0.5749,13.0,0.5723,14.0,3172.0,31.0
2021-01-05 09:38:45.580,0.5702,0.5749,13.0,0.5723,14.0,3172.0,31.0
2021-01-05 09:38:46.200,0.5702,0.5749,13.0,0.5723,14.0,3172.0,31.0
2021-01-05 09:38:47.140,0.5702,0.5748,14.0,0.5717,14.0,3172.0,31.0
2021-01-05 09:38:47.691,0.5702,0.5748,14.0,0.5717,14.0,3172.0,31.0
2021-01-05 09:38:48.200,0.5702,0.5748,14.0,0.5717,14.0,3172.0,31.0
2021-01-05 09:38:48.650,0.5702,0.5748,20.0,0.57,10.0,3172.0,31.0
2021-01-05 09:38:49.130,0.5702,0.5742,14.0,0.5711,14.0,3172.0,31.0
2021-01-05 09:38:49.670,0.5702,0.5742,34.0,0.5711,14.0,3172.0,31.0
2021-01-05 09:38:50.110,0.5702,0.5742,34.0,0.5711,14.0,3172.0,31.0
2021-01-05 09:38:50.651,0.5702,0.5742,34.0,0.5711,14.0,3172.0,31.0
2021-01-05 09:38:51.170,0.5702,0.5742,34.0,0.5711,14.0,3172.0,31.0
2021-01-05 09:38:51.691,0.5702,0.5742,20.0,0.5721,14.0,3172.0,31.0
2021-01-05 09:38:52.140,0.5702,0.5742,20.0,0.5721,14.0,3172.0,31.0
2021-01-05 09:38:52.630,0.5702,0.5748,2.0,0.5728,14.0,3172.0,31.0
2021-01-05 09:38:53.191,0.5702,0.575,20.0,0.5728,14.0,3172.0,31.0
2021-01-05 09:38:54.190,0.5702,0.5749,13.0,0.5728,14.0,3172.0,31.0
2021-01-05 09:38:54.690,0.5702,0.5748,1.0,0.5728,14.0,3172.0,31.0
2021-01-05 09:38:55.191,0.5702,0.5756,14.0,0.5728,14.0,3172.0,31.0
2021-01-05 09:38:55.700,0.5702,0.5755,1.0,0.5734,14.0,3172.0,31.0
2021-01-05 09:38:56.190,0.5702,0.576,34.0,0.5734,14.0,3172.0,31.0
2021-01-05 09:38:57.200,0.5702,0.576,34.0,0.5734,14.0,3172.0,31.0
2021-01-05 09:38:57.640,0.5702,0.576,34.0,0.5734,14.0,3172.0,31.0
2021-01-05 09:38:58.190,0.5702,0.576,34.0,0.5734,14.0,3172.0,31.0
2021-01-05 09:38:58.670,0.5702,0.5754,14.0,0.5727,14.0,3172.0,31.0
2021-01-05 09:38:59.060,0.5702,0.5754,14.0,0.5727,14.0,3172.0,31.0
2021-01-05 09:38:59.700,0.5702,0.5754,14.0,0.5727,14.0,3172.0,31.0
2021-01-05 09:39:00.660,0.5702,0.5754,14.0,0.5727,14.0,3172.0,31.0
2021-01-05 09:39:01.160,0.5702,0.5754,14.0,0.5727,14.0,3172.0,31.0
2021-01-05 09:39:02.201,0.5702,0.5754,14.0,0.5727,14.0,3172.0,31.0
2021-01-05 09:39:02.660,0.5702,0.5754,14.0,0.5727,14.0,3172.0,31.0
2021-01-05 09:39:03.150,0.5702,0.5754,14.0,0.5727,14.0,3172.0,31.0
2021-01-05 09:39:04.161,0.5702,0.5754,14.0,0.5727,14.0,3172.0,31.0
2021-01-05 09:39:04.610,0.5702,0.5754,14.0,0.5727,14.0,3172.0,31.0
2021-01-05 09:39:05.701,0.5702,0.5754,14.0,0.5727,14.0,3172.0,31.0
2021-01-05 09:39:08.690,0.5702,0.5754,14.0,0.5727,14.0,3172.0,31.0
2021-01-05 09:39:09.161,0.5702,0.5754,14.0,0.5727,14.0,3172.0,31.0
2021-01-05 09:39:09.601,0.5702,0.5754,14.0,0.5727,14.0,3172.0,31.0
2021-01-05 09:39:10.191,0.5702,0.5754,14.0,0.5727,14.0,3172.0,31.0
2021-01-05 09:39:10.721,0.5702,0.5754,14.0,0.5727,14.0,3172.0,31.0
2021-01-05 09:39:11.201,0.5702,0.576,20.0,0.5736,14.0,3172.0,31.0
2021-01-05 09:39:11.701,0.5702,0.5759,13.0,0.5736,14.0,3172.0,31.0
2021-01-05 09:39:12.690,0.5702,0.5759,13.0,0.5736,14.0,3172.0,31.0
2021-01-05 09:39:13.720,0.5702,0.5759,13.0,0.5736,14.0,3172.0,31.0
2021-01-05 09:39:14.160,0.5702,0.5759,13.0,0.5736,14.0,3172.0,31.0
2021-01-05 09:39:14.650,0.5702,0.5759,13.0,0.5736,14.0,3172.0,31.0
2021-01-05 09:39:17.191,0.5702,0.5759,13.0,0.5736,14.0,3172.0,31.0
2021-01-05 09:39:18.221,0.5702,0.5759,13.0,0.5736,14.0,3172.0,31.0
2021-01-05 09:39:19.710,0.5702,0.5759,13.0,0.5736,14.0,3172.0,31.0
2021-01-05 09:39:20.221,0.5702,0.5759,13.0,0.5736,14.0,3172.0,31.0
2021-01-05 09:39:20.741,0.5702,0.576,20.0,0.5736,14.0,3172.0,31.0
2021-01-05 09:39:21.231,0.5702,0.576,20.0,0.5736,14.0,3172.0,31.0
2021-01-05 09:39:21.671,0.5702,0.576,20.0,0.5742,14.0,3172.0,31.0
2021-01-05 09:39:22.211,0.5702,0.5768,14.0,0.5742,14.0,3172.0,31.0
2021-01-05 09:39:22.651,0.5702,0.5768,14.0,0.5742,14.0,3172.0,31.0
2021-01-05 09:39:23.200,0.5702,0.5768,14.0,0.5742,14.0,3172.0,31.0
2021-01-05 09:39:24.151,0.5702,0.5768,14.0,0.5742,14.0,3172.0,31.0
2021-01-05 09:39:26.130,0.5702,0.5768,14.0,0.5742,14.0,3172.0,31.0
2021-01-05 09:39:27.210,0.5702,0.5767,2.0,0.5742,14.0,3172.0,31.0
2021-01-05 09:39:27.711,0.5702,0.5766,13.0,0.5742,14.0,3172.0,31.0
2021-01-05 09:39:29.231,0.5702,0.5767,2.0,0.5742,14.0,3172.0,31.0
2021-01-05 09:39:29.721,0.5702,0.5767,2.0,0.5742,14.0,3172.0,31.0
2021-01-05 09:39:30.220,0.5702,0.5762,14.0,0.5734,14.0,3172.0,31.0
2021-01-05 09:39:30.721,0.5702,0.5762,34.0,0.5734,14.0,3172.0,31.0
2021-01-05 09:39:31.121,0.5702,0.5762,34.0,0.5734,14.0,3172.0,31.0
2021-01-05 09:39:31.701,0.5702,0.5762,34.0,0.5734,14.0,3172.0,31.0
2021-01-05 09:39:32.141,0.5702,0.5762,34.0,0.5734,14.0,3172.0,31.0
2021-01-05 09:39:32.700,0.5702,0.5762,34.0,0.5734,14.0,3172.0,31.0
2021-01-05 09:39:34.210,0.5702,0.5762,34.0,0.5734,14.0,3172.0,31.0
2021-01-05 09:39:34.681,0.5702,0.5762,34.0,0.5734,14.0,3172.0,31.0
2021-01-05 09:39:35.701,0.5702,0.5762,34.0,0.5734,14.0,3172.0,31.0
2021-01-05 09:39:37.221,0.5702,0.5762,34.0,0.5734,14.0,3172.0,31.0
2021-01-05 09:39:37.730,0.5702,0.5762,34.0,0.5734,14.0,3172.0,31.0
2021-01-05 09:39:39.241,0.5702,0.5762,34.0,0.5734,14.0,3172.0,31.0
2021-01-05 09:39:41.220,0.5702,0.5762,34.0,0.5734,14.0,3172.0,31.0
2021-01-05 09:39:41.750,0.5702,0.5762,14.0,0.5734,14.0,3172.0,31.0
2021-01-05 09:39:42.210,0.5702,0.5762,34.0,0.5734,14.0,3172.0,31.0
2021-01-05 09:39:42.740,0.5702,0.5752,10.0,0.5727,14.0,3172.0,31.0
2021-01-05 09:39:43.170,0.5702,0.5751,13.0,0.5727,14.0,3172.0,31.0
2021-01-05 09:39:44.231,0.5702,0.5751,13.0,0.5727,14.0,3172.0,31.0
2021-01-05 09:39:45.251,0.5702,0.5751,13.0,0.5727,14.0,3172.0,31.0
2021-01-05 09:39:45.750,0.5702,0.5751,13.0,0.5727,14.0,3172.0,31.0
2021-01-05 09:39:46.190,0.5702,0.5751,13.0,0.5727,14.0,3172.0,31.0
2021-01-05 09:39:46.691,0.5702,0.5755,14.0,0.5727,14.0,3172.0,31.0
2021-01-05 09:39:47.250,0.5702,0.5755,14.0,0.5727,14.0,3172.0,31.0
2021-01-05 09:39:48.221,0.5702,0.5755,14.0,0.5727,14.0,3172.0,31.0
2021-01-05 09:39:48.720,0.5702,0.5755,14.0,0.5727,14.0,3172.0,31.0
2021-01-05 09:39:49.241,0.5702,0.5755,14.0,0.5727,14.0,3172.0,31.0
2021-01-05 09:39:49.711,0.5702,0.5755,14.0,0.5727,14.0,3172.0,31.0
2021-01-05 09:39:50.710,0.5702,0.5762,14.0,0.5734,14.0,3172.0,31.0
2021-01-05 09:39:51.241,0.5702,0.5762,14.0,0.5734,14.0,3172.0,31.0
2021-01-05 09:39:51.730,0.5702,0.5763,10.0,0.5741,14.0,3172.0,31.0
2021-01-05 09:39:52.251,0.5702,0.5762,13.0,0.5741,14.0,3172.0,31.0
2021-01-05 09:39:52.670,0.5702,0.5762,13.0,0.5741,14.0,3172.0,31.0
2021-01-05 09:39:53.181,0.5702,0.5762,34.0,0.5733,34.0,3172.0,31.0
2021-01-05 09:39:53.630,0.5702,0.5749,10.0,0.5733,14.0,3172.0,31.0
2021-01-05 09:39:54.191,0.5702,0.5749,10.0,0.5733,14.0,3172.0,31.0
2021-01-05 09:39:54.691,0.5702,0.5749,10.0,0.5733,14.0,3172.0,31.0
2021-01-05 09:39:55.181,0.5702,0.5759,10.0,0.5733,34.0,3172.0,31.0
2021-01-05 09:39:55.640,0.5702,0.5758,13.0,0.5733,34.0,3172.0,31.0
2021-01-05 09:39:56.120,0.5702,0.5759,10.0,0.5739,14.0,3172.0,31.0
2021-01-05 09:39:56.691,0.5702,0.5762,3.0,0.5739,14.0,3172.0,31.0
2021-01-05 09:39:57.181,0.5702,0.5761,13.0,0.5739,14.0,3172.0,31.0
2021-01-05 09:39:57.580,0.5702,0.576,14.0,0.5732,14.0,3172.0,31.0
2021-01-05 09:39:58.170,0.5702,0.576,14.0,0.5732,14.0,3172.0,31.0
2021-01-05 09:39:58.600,0.5702,0.5753,10.0,0.5732,14.0,3172.0,31.0
2021-01-05 09:39:59.061,0.5702,0.5752,13.0,0.5732,14.0,3172.0,31.0
2021-01-05 09:40:00.631,0.5702,0.5752,13.0,0.5732,14.0,3172.0,31.0
2021-01-05 09:40:01.201,0.5702,0.5752,13.0,0.5725,34.0,3172.0,31.0
2021-01-05 09:40:01.570,0.5702,0.5742,10.0,0.5725,34.0,3172.0,31.0
2021-01-05 09:40:02.200,0.5702,0.5742,10.0,0.572,14.0,3172.0,31.0
2021-01-05 09:40:02.671,0.5702,0.5742,10.0,0.572,14.0,3172.0,31.0
2021-01-05 09:40:03.171,0.5702,0.5741,13.0,0.572,14.0,3172.0,31.0
2021-01-05 09:40:03.691,0.5702,0.5741,13.0,0.572,14.0,3172.0,31.0
2021-01-05 09:40:04.160,0.5702,0.5741,13.0,0.572,14.0,3172.0,31.0
2021-01-05 09:40:04.700,0.5702,0.5741,13.0,0.572,14.0,3172.0,31.0
2021-01-05 09:40:05.701,0.5702,0.5741,13.0,0.572,14.0,3172.0,31.0
2021-01-05 09:40:06.200,0.5702,0.5741,13.0,0.572,14.0,3172.0,31.0
2021-01-05 09:40:06.701,0.5702,0.5741,13.0,0.572,14.0,3172.0,31.0
2021-01-05 09:40:07.700,0.5702,0.5741,13.0,0.572,14.0,3172.0,31.0
2021-01-05 09:40:08.200,0.5702,0.5741,13.0,0.572,14.0,3172.0,31.0
2021-01-05 09:40:08.690,0.5702,0.5741,13.0,0.5715,20.0,3172.0,31.0
2021-01-05 09:40:09.191,0.5702,0.5741,33.0,0.5715,20.0,3172.0,31.0
2021-01-05 09:40:09.441,0.5702,0.5741,33.0,0.5713,14.0,3172.0,31.0
2021-01-05 09:40:10.150,0.5702,0.5741,33.0,0.5713,14.0,3172.0,31.0
2021-01-05 09:40:10.680,0.5702,0.5741,13.0,0.5713,14.0,3172.0,31.0
2021-01-05 09:40:11.671,0.5702,0.5741,13.0,0.5713,14.0,3172.0,31.0
2021-01-05 09:40:12.190,0.5702,0.5741,33.0,0.5713,14.0,3172.0,31.0
2021-01-05 09:40:12.680,0.5702,0.5741,33.0,0.5713,14.0,3172.0,31.0
2021-01-05 09:40:13.170,0.5702,0.5741,33.0,0.5713,14.0,3172.0,31.0
2021-01-05 09:40:13.431,0.5702,0.5737,14.0,0.5708,20.0,3172.0,31.0
2021-01-05 09:40:14.150,0.5702,0.5737,14.0,0.5708,20.0,3172.0,31.0
2021-01-05 09:40:14.701,0.5702,0.5731,10.0,0.5706,14.0,3172.0,31.0
2021-01-05 09:40:15.120,0.5702,0.573,13.0,0.5706,14.0,3172.0,31.0
2021-01-05 09:40:15.690,0.5702,0.573,13.0,0.5706,14.0,3172.0,31.0
2021-01-05 09:40:16.610,0.5702,0.573,13.0,0.5706,14.0,3172.0,31.0
2021-01-05 09:40:17.661,0.5702,0.573,13.0,0.5706,14.0,3172.0,31.0
2021-01-05 09:40:18.161,0.5702,0.573,13.0,0.5706,14.0,3172.0,31.0
2021-01-05 09:40:19.711,0.5702,0.573,13.0,0.5706,14.0,3172.0,31.0
2021-01-05 09:40:20.191,0.5702,0.5731,10.0,0.5706,14.0,3172.0,31.0
2021-01-05 09:40:20.691,0.5702,0.5736,10.0,0.5712,14.0,3172.0,31.0
2021-01-05 09:40:21.200,0.5702,0.5738,1.0,0.5712,14.0,3172.0,31.0
2021-01-05 09:40:21.701,0.5702,0.5737,13.0,0.5712,34.0,3172.0,31.0
2021-01-05 09:40:22.210,0.5702,0.5737,13.0,0.5712,14.0,3172.0,31.0
2021-01-05 09:40:22.591,0.5702,0.5737,13.0,0.5712,34.0,3172.0,31.0
2021-01-05 09:40:23.200,0.5702,0.5737,13.0,0.5712,14.0,3172.0,31.0
2021-01-05 09:40:23.701,0.5702,0.5741,14.0,0.5712,34.0,3172.0,31.0
2021-01-05 09:40:24.160,0.5702,0.5743,3.0,0.5718,14.0,3172.0,31.0
2021-01-05 09:40:24.251,0.5702,0.5742,13.0,0.5718,14.0,3172.0,31.0
2021-01-05 09:40:33.191,0.5702,0.5742,13.0,0.5718,14.0,3172.0,31.0
2021-01-05 09:40:33.531,0.5702,0.574,14.0,0.5712,20.0,3172.0,31.0
2021-01-05 09:40:35.201,0.5702,0.574,14.0,0.5712,20.0,3172.0,31.0
2021-01-05 09:40:36.161,0.5702,0.5742,3.0,0.5717,14.0,3172.0,31.0
2021-01-05 09:40:36.620,0.5702,0.5741,13.0,0.5717,14.0,3172.0,31.0
2021-01-05 09:40:37.201,0.5702,0.5741,13.0,0.5717,14.0,3172.0,31.0
2021-01-05 09:40:37.201,0.5702,0.5741,13.0,0.5717,14.0,3172.0,31.0
2021-01-05 09:40:38.130,0.5702,0.5741,13.0,0.5717,14.0,3172.0,31.0
2021-01-05 09:40:40.670,0.5702,0.5742,3.0,0.5717,14.0,3172.0,31.0
2021-01-05 09:40:41.191,0.5702,0.5741,33.0,0.5717,14.0,3172.0,31.0
2021-01-05 09:40:41.640,0.5702,0.5739,14.0,0.5712,34.0,3172.0,31.0
2021-01-05 09:40:45.621,0.5702,0.5739,14.0,0.5712,34.0,3172.0,31.0
2021-01-05 09:40:48.700,0.5702,0.5739,14.0,0.5712,14.0,3172.0,31.0
2021-01-05 09:40:49.111,0.5702,0.5739,14.0,0.5712,14.0,3172.0,31.0
2021-01-05 09:40:53.651,0.5702,0.5739,14.0,0.5712,14.0,3172.0,31.0
2021-01-05 09:40:54.141,0.5702,0.5739,14.0,0.5712,14.0,3172.0,31.0
2021-01-05 09:40:54.661,0.5702,0.5739,14.0,0.5712,14.0,3172.0,31.0
2021-01-05 09:40:55.111,0.5702,0.5739,14.0,0.5712,14.0,3172.0,31.0
2021-01-05 09:40:55.681,0.5702,0.5739,14.0,0.5712,14.0,3172.0,31.0
2021-01-05 09:40:56.121,0.5702,0.5741,20.0,0.5718,14.0,3172.0,31.0
2021-01-05 09:40:56.711,0.5702,0.574,13.0,0.5718,14.0,3172.0,31.0
2021-01-05 09:40:57.180,0.5702,0.574,13.0,0.5718,14.0,3172.0,31.0
2021-01-05 09:40:57.710,0.5702,0.574,13.0,0.5718,14.0,3172.0,31.0
2021-01-05 09:40:58.721,0.5702,0.574,13.0,0.5718,14.0,3172.0,31.0
2021-01-05 09:40:58.980,0.5702,0.574,13.0,0.5718,14.0,3172.0,31.0
2021-01-05 09:41:01.041,0.5702,0.574,13.0,0.5718,14.0,3172.0,31.0
2021-01-05 09:41:01.650,0.5702,0.574,13.0,0.5718,14.0,3172.0,31.0
2021-01-05 09:41:02.190,0.5702,0.574,13.0,0.5718,14.0,3172.0,31.0
2021-01-05 09:41:02.661,0.5702,0.574,13.0,0.5718,14.0,3172.0,31.0
2021-01-05 09:41:03.110,0.5702,0.574,13.0,0.5718,14.0,3172.0,31.0
2021-01-05 09:41:04.180,0.5702,0.574,13.0,0.5718,14.0,3172.0,31.0
2021-01-05 09:41:04.680,0.5702,0.574,13.0,0.5718,14.0,3172.0,31.0
2021-01-05 09:41:05.220,0.5702,0.574,13.0,0.5718,14.0,3172.0,31.0
2021-01-05 09:41:05.660,0.5702,0.574,13.0,0.5718,14.0,3172.0,31.0
2021-01-05 09:41:06.221,0.5702,0.574,13.0,0.5718,14.0,3172.0,31.0
2021-01-05 09:41:06.620,0.5702,0.5742,3.0,0.5718,14.0,3172.0,31.0
2021-01-05 09:41:07.100,0.5702,0.5742,3.0,0.5724,14.0,3172.0,31.0
2021-01-05 09:41:09.650,0.5702,0.5742,3.0,0.5724,14.0,3172.0,31.0
2021-01-05 09:41:10.220,0.5702,0.5742,3.0,0.5724,14.0,3172.0,31.0
2021-01-05 09:41:10.710,0.5702,0.5742,3.0,0.5724,14.0,3172.0,31.0
2021-01-05 09:41:11.210,0.5702,0.575,14.0,0.5724,14.0,3172.0,31.0
2021-01-05 09:41:11.711,0.5702,0.575,14.0,0.5724,14.0,3172.0,31.0
2021-01-05 09:41:12.151,0.5702,0.5753,10.0,0.5729,14.0,3172.0,31.0
2021-01-05 09:41:12.710,0.5702,0.5752,13.0,0.5729,14.0,3172.0,31.0
2021-01-05 09:41:12.710,0.5702,0.5752,13.0,0.5729,14.0,3172.0,31.0
2021-01-05 09:41:13.711,0.5702,0.5749,14.0,0.5723,14.0,3172.0,31.0
2021-01-05 09:41:14.160,0.5702,0.5749,14.0,0.5723,14.0,3172.0,31.0
2021-01-05 09:41:14.671,0.5702,0.5749,14.0,0.5723,14.0,3172.0,31.0
2021-01-05 09:41:15.180,0.5702,0.5749,14.0,0.5723,14.0,3172.0,31.0
2021-01-05 09:41:18.200,0.5702,0.5749,14.0,0.5723,14.0,3172.0,31.0
2021-01-05 09:41:18.600,0.5702,0.5749,14.0,0.5723,14.0,3172.0,31.0
2021-01-05 09:41:19.051,0.5702,0.5748,10.0,0.5723,14.0,3172.0,31.0
2021-01-05 09:41:19.570,0.5702,0.5747,13.0,0.5723,14.0,3172.0,31.0
2021-01-05 09:41:20.070,0.5702,0.5747,13.0,0.5723,14.0,3172.0,31.0
2021-01-05 09:41:20.721,0.5702,0.5747,13.0,0.5723,14.0,3172.0,31.0
2021-01-05 09:41:21.190,0.5702,0.5747,13.0,0.5723,14.0,3172.0,31.0
2021-01-05 09:41:22.700,0.5702,0.5747,13.0,0.5723,14.0,3172.0,31.0
2021-01-05 09:41:23.061,0.5702,0.5747,13.0,0.5723,14.0,3172.0,31.0
2021-01-05 09:41:24.171,0.5702,0.5747,13.0,0.5723,14.0,3172.0,31.0
2021-01-05 09:41:24.651,0.5702,0.5747,13.0,0.5723,14.0,3172.0,31.0
2021-01-05 09:41:25.120,0.5702,0.5747,13.0,0.5723,14.0,3172.0,31.0
2021-01-05 09:41:26.190,0.5702,0.5748,10.0,0.5728,14.0,3172.0,31.0
2021-01-05 09:41:26.651,0.5702,0.5748,23.0,0.5728,14.0,3172.0,31.0
2021-01-05 09:41:27.131,0.5702,0.5748,10.0,0.5728,14.0,3172.0,31.0
2021-01-05 09:41:27.710,0.5702,0.5755,14.0,0.5728,14.0,3172.0,31.0
2021-01-05 09:41:28.171,0.5702,0.5755,14.0,0.5728,14.0,3172.0,31.0
2021-01-05 09:41:28.540,0.5702,0.5755,14.0,0.5728,14.0,3172.0,31.0
2021-01-05 09:41:31.181,0.5702,0.5755,14.0,0.5728,14.0,3172.0,31.0
2021-01-05 09:41:31.700,0.5702,0.5755,14.0,0.5728,14.0,3172.0,31.0
2021-01-05 09:41:32.670,0.5702,0.5755,14.0,0.5728,14.0,3172.0,31.0
2021-01-05 09:41:33.171,0.5702,0.5755,14.0,0.5728,14.0,3172.0,31.0
2021-01-05 09:41:33.680,0.5702,0.5755,14.0,0.5728,14.0,3172.0,31.0
2021-01-05 09:41:33.990,0.5702,0.5755,14.0,0.5728,14.0,3172.0,31.0
2021-01-05 09:41:35.221,0.5702,0.5755,14.0,0.5728,14.0,3172.0,31.0
2021-01-05 09:41:35.721,0.5702,0.5755,14.0,0.5728,34.0,3172.0,31.0
2021-01-05 09:41:36.070,0.5702,0.5756,20.0,0.5736,14.0,3172.0,31.0
2021-01-05 09:41:36.720,0.5702,0.5757,3.0,0.5736,14.0,3172.0,31.0
2021-01-05 09:41:37.210,0.5702,0.5757,16.0,0.5736,14.0,3172.0,31.0
2021-01-05 09:41:37.711,0.5702,0.5757,3.0,0.5736,14.0,3172.0,31.0
2021-01-05 09:41:38.220,0.5702,0.5757,3.0,0.5736,14.0,3172.0,31.0
2021-01-05 09:41:38.650,0.5702,0.5756,13.0,0.5736,14.0,3172.0,31.0
2021-01-05 09:41:41.130,0.5702,0.5756,13.0,0.5736,14.0,3172.0,31.0
2021-01-05 09:41:41.730,0.5702,0.5756,13.0,0.5736,14.0,3172.0,31.0
2021-01-05 09:41:42.201,0.5702,0.5756,13.0,0.5736,14.0,3172.0,31.0
2021-01-05 09:41:42.690,0.5702,0.575,10.0,0.5729,14.0,3172.0,31.0
2021-01-05 09:41:43.080,0.5702,0.5749,13.0,0.5729,14.0,3172.0,31.0
2021-01-05 09:41:44.671,0.5702,0.5749,13.0,0.5729,14.0,3172.0,31.0
2021-01-05 09:41:45.190,0.5702,0.575,10.0,0.5729,14.0,3172.0,31.0
2021-01-05 09:41:45.701,0.5702,0.575,23.0,0.5729,14.0,3172.0,31.0
2021-01-05 09:41:46.241,0.5702,0.575,10.0,0.5729,14.0,3172.0,31.0
2021-01-05 09:41:46.661,0.5702,0.575,23.0,0.5729,14.0,3172.0,31.0
2021-01-05 09:41:47.201,0.5702,0.5757,23.0,0.5735,14.0,3172.0,31.0
2021-01-05 09:41:47.741,0.5702,0.5756,13.0,0.5735,14.0,3172.0,31.0
2021-01-05 09:41:48.181,0.5702,0.5757,23.0,0.5735,14.0,3172.0,31.0
2021-01-05 09:41:48.740,0.5702,0.5757,23.0,0.5724,20.0,3172.0,31.0
2021-01-05 09:41:49.191,0.5702,0.5757,23.0,0.574,14.0,3172.0,31.0
2021-01-05 09:41:49.750,0.5702,0.5757,3.0,0.574,14.0,3172.0,31.0
2021-01-05 09:41:50.231,0.5702,0.5757,3.0,0.5745,14.0,3172.0,31.0
2021-01-05 09:41:50.751,0.5702,0.5757,3.0,0.5745,14.0,3172.0,31.0
2021-01-05 09:41:51.251,0.5702,0.5757,3.0,0.5745,14.0,3172.0,31.0
2021-01-05 09:41:51.760,0.5702,0.5757,3.0,0.5745,14.0,3172.0,31.0
2021-01-05 09:41:52.261,0.5702,0.5757,3.0,0.5745,14.0,3172.0,31.0
2021-01-05 09:41:52.690,0.5702,0.5757,3.0,0.5745,14.0,3172.0,31.0
2021-01-05 09:41:53.201,0.5702,0.5764,20.0,0.5745,14.0,3172.0,31.0
2021-01-05 09:41:54.161,0.5702,0.5771,14.0,0.5745,14.0,3172.0,31.0
2021-01-05 09:41:55.160,0.5702,0.5778,44.0,0.5751,14.0,3172.0,31.0
2021-01-05 09:41:55.671,0.5702,0.5778,47.0,0.5751,14.0,3172.0,31.0
2021-01-05 09:41:56.151,0.5702,0.5771,10.0,0.5751,14.0,3172.0,31.0
2021-01-05 09:41:56.670,0.5702,0.577,13.0,0.5751,14.0,3172.0,31.0
2021-01-05 09:41:57.110,0.5702,0.5771,10.0,0.5751,14.0,3172.0,31.0
2021-01-05 09:41:57.640,0.5702,0.5771,10.0,0.5751,14.0,3172.0,31.0
2021-01-05 09:41:58.140,0.5702,0.577,13.0,0.5751,14.0,3172.0,31.0
2021-01-05 09:41:58.660,0.5702,0.577,13.0,0.5751,14.0,3172.0,31.0
2021-01-05 09:41:59.131,0.5702,0.577,13.0,0.5751,14.0,3172.0,31.0
2021-01-05 09:41:59.700,0.5702,0.577,13.0,0.5751,14.0,3172.0,31.0
2021-01-05 09:42:00.151,0.5702,0.577,13.0,0.5751,14.0,3172.0,31.0
2021-01-05 09:42:00.701,0.5702,0.577,13.0,0.5751,14.0,3172.0,31.0
2021-01-05 09:42:01.651,0.5702,0.5771,10.0,0.5751,14.0,3172.0,31.0
2021-01-05 09:42:02.201,0.5702,0.5771,23.0,0.5751,14.0,3172.0,31.0
2021-01-05 09:42:02.641,0.5702,0.5771,10.0,0.5751,14.0,3172.0,31.0
2021-01-05 09:42:04.641,0.5702,0.5771,10.0,0.5751,14.0,3172.0,31.0
2021-01-05 09:42:05.211,0.5702,0.577,13.0,0.5751,14.0,3172.0,31.0
2021-01-05 09:42:05.711,0.5702,0.5771,10.0,0.5751,14.0,3172.0,31.0
2021-01-05 09:42:06.181,0.5702,0.5771,23.0,0.5751,14.0,3172.0,31.0
2021-01-05 09:42:06.690,0.5702,0.5771,10.0,0.5751,14.0,3172.0,31.0
2021-01-05 09:42:07.691,0.5702,0.5771,10.0,0.5751,14.0,3172.0,31.0
2021-01-05 09:42:08.660,0.5702,0.5771,10.0,0.5751,14.0,3172.0,31.0
2021-01-05 09:42:09.230,0.5702,0.5771,10.0,0.5751,14.0,3172.0,31.0
2021-01-05 09:42:10.220,0.5702,0.5771,10.0,0.5751,14.0,3172.0,31.0
2021-01-05 09:42:11.211,0.5702,0.5778,3.0,0.5757,14.0,3172.0,31.0
2021-01-05 09:42:11.720,0.5702,0.5778,3.0,0.5757,14.0,3172.0,31.0
2021-01-05 09:42:12.210,0.5702,0.5778,3.0,0.5757,14.0,3172.0,31.0
2021-01-05 09:42:13.211,0.5702,0.5778,3.0,0.5757,14.0,3172.0,31.0
2021-01-05 09:42:13.731,0.5702,0.5777,13.0,0.5757,14.0,3172.0,31.0
2021-01-05 09:42:14.671,0.5702,0.5777,13.0,0.5757,14.0,3172.0,31.0
2021-01-05 09:42:15.151,0.5702,0.5777,13.0,0.5757,14.0,3172.0,31.0
2021-01-05 09:42:16.181,0.5702,0.5777,13.0,0.5757,14.0,3172.0,31.0
2021-01-05 09:42:16.701,0.5702,0.5777,13.0,0.5757,14.0,3172.0,31.0
2021-01-05 09:42:17.681,0.5702,0.5778,3.0,0.5757,14.0,3172.0,31.0
2021-01-05 09:42:18.100,0.5702,0.5777,13.0,0.5757,14.0,3172.0,31.0
2021-01-05 09:42:18.701,0.5702,0.5777,13.0,0.5757,14.0,3172.0,31.0
2021-01-05 09:42:19.210,0.5702,0.5773,10.0,0.5757,14.0,3172.0,31.0
2021-01-05 09:42:19.721,0.5702,0.5773,10.0,0.5757,14.0,3172.0,31.0
2021-01-05 09:42:20.150,0.5702,0.5773,23.0,0.5757,14.0,3172.0,31.0
2021-01-05 09:42:20.720,0.5702,0.5773,10.0,0.5757,14.0,3172.0,31.0
2021-01-05 09:42:21.621,0.5702,0.5773,10.0,0.5757,14.0,3172.0,31.0
2021-01-05 09:42:22.221,0.5702,0.5773,10.0,0.5757,14.0,3172.0,31.0
2021-01-05 09:42:22.570,0.5702,0.5773,10.0,0.5757,14.0,3172.0,31.0
2021-01-05 09:42:24.151,0.5702,0.5778,3.0,0.5757,14.0,3172.0,31.0
2021-01-05 09:42:24.670,0.5702,0.5778,3.0,0.5757,14.0,3172.0,31.0
2021-01-05 09:42:25.621,0.5702,0.5778,3.0,0.5757,14.0,3172.0,31.0
2021-01-05 09:42:26.130,0.5702,0.5778,3.0,0.5757,14.0,3172.0,31.0
2021-01-05 09:42:27.171,0.5702,0.5778,3.0,0.5757,14.0,3172.0,31.0
2021-01-05 09:42:29.720,0.5702,0.5778,3.0,0.5757,14.0,3172.0,31.0
2021-01-05 09:42:30.710,0.5702,0.5778,3.0,0.5757,14.0,3172.0,31.0
2021-01-05 09:42:31.200,0.5702,0.5778,3.0,0.5762,14.0,3172.0,31.0
2021-01-05 09:42:34.210,0.5702,0.5778,3.0,0.5762,14.0,3172.0,31.0
2021-01-05 09:42:36.650,0.5702,0.5778,3.0,0.5762,14.0,3172.0,31.0
2021-01-05 09:42:37.251,0.5702,0.5778,3.0,0.5762,14.0,3172.0,31.0
2021-01-05 09:42:40.221,0.5702,0.5778,3.0,0.5762,14.0,3172.0,31.0
2021-01-05 09:42:41.731,0.5702,0.5785,10.0,0.5762,14.0,3172.0,31.0
2021-01-05 09:42:42.250,0.5702,0.5785,23.0,0.5762,14.0,3172.0,31.0
2021-01-05 09:42:42.711,0.5702,0.5785,23.0,0.5762,14.0,3172.0,31.0
2021-01-05 09:42:43.251,0.5702,0.5785,10.0,0.5762,14.0,3172.0,31.0
2021-01-05 09:42:43.741,0.5702,0.5784,13.0,0.5762,14.0,3172.0,31.0
2021-01-05 09:42:44.211,0.5702,0.5784,13.0,0.5762,14.0,3172.0,31.0
2021-01-05 09:42:44.751,0.5702,0.5785,10.0,0.5762,14.0,3172.0,31.0
2021-01-05 09:42:45.191,0.5702,0.5784,13.0,0.5762,14.0,3172.0,31.0
2021-01-05 09:42:45.650,0.5702,0.5786,20.0,0.5762,14.0,3172.0,31.0
2021-01-05 09:42:46.240,0.5702,0.5786,33.0,0.5767,14.0,3172.0,31.0
2021-01-05 09:42:46.741,0.5702,0.5786,33.0,0.5767,14.0,3172.0,31.0
2021-01-05 09:42:47.160,0.5702,0.5786,20.0,0.5767,14.0,3172.0,31.0
2021-01-05 09:42:47.690,0.5702,0.5786,13.0,0.5767,14.0,3172.0,31.0
2021-01-05 09:42:48.171,0.5702,0.5794,34.0,0.5767,14.0,3172.0,31.0
2021-01-05 09:42:48.720,0.5702,0.5787,20.0,0.5767,14.0,3172.0,31.0
2021-01-05 09:42:49.110,0.5702,0.5786,13.0,0.5767,14.0,3172.0,31.0
2021-01-05 09:42:50.261,0.5702,0.579,10.0,0.5767,14.0,3172.0,31.0
2021-01-05 09:42:50.720,0.5702,0.5789,13.0,0.5767,14.0,3172.0,31.0
2021-01-05 09:42:53.640,0.5702,0.5789,13.0,0.5767,14.0,3172.0,31.0
2021-01-05 09:42:54.710,0.5702,0.579,10.0,0.5767,14.0,3172.0,31.0
2021-01-05 09:42:55.190,0.5702,0.579,10.0,0.5767,14.0,3172.0,31.0
2021-01-05 09:42:56.191,0.5702,0.579,10.0,0.5767,14.0,3172.0,31.0
2021-01-05 09:42:56.650,0.5702,0.579,10.0,0.5767,14.0,3172.0,31.0
2021-01-05 09:42:57.140,0.5702,0.579,10.0,0.5772,14.0,3172.0,31.0
2021-01-05 09:42:58.220,0.5702,0.579,10.0,0.5772,14.0,3172.0,31.0
2021-01-05 09:42:58.731,0.5702,0.579,10.0,0.5772,14.0,3172.0,31.0
2021-01-05 09:42:59.230,0.5702,0.579,10.0,0.5772,14.0,3172.0,31.0
2021-01-05 09:42:59.730,0.5702,0.579,10.0,0.5772,14.0,3172.0,31.0
2021-01-05 09:43:00.200,0.5702,0.579,10.0,0.5772,14.0,3172.0,31.0
2021-01-05 09:43:01.211,0.5702,0.579,10.0,0.5772,14.0,3172.0,31.0
2021-01-05 09:43:02.681,0.5702,0.579,10.0,0.5772,14.0,3172.0,31.0
2021-01-05 09:43:03.701,0.5702,0.579,10.0,0.5777,14.0,3172.0,31.0
2021-01-05 09:43:04.740,0.5702,0.579,10.0,0.5777,14.0,3172.0,31.0
2021-01-05 09:43:05.251,0.5702,0.579,10.0,0.5772,14.0,3172.0,31.0
2021-01-05 09:43:05.681,0.5702,0.579,10.0,0.5772,14.0,3172.0,31.0
2021-01-05 09:43:06.171,0.5702,0.5789,13.0,0.5772,14.0,3172.0,31.0
2021-01-05 09:43:06.680,0.5702,0.5789,13.0,0.5767,14.0,3172.0,31.0
2021-01-05 09:43:08.181,0.5702,0.5789,13.0,0.5767,14.0,3172.0,31.0
2021-01-05 09:43:09.740,0.5702,0.5788,10.0,0.5767,14.0,3172.0,31.0
2021-01-05 09:43:10.150,0.5702,0.5793,14.0,0.5767,14.0,3172.0,31.0
2021-01-05 09:43:11.750,0.5702,0.5793,14.0,0.5767,14.0,3172.0,31.0
2021-01-05 09:43:13.210,0.5702,0.5793,14.0,0.5767,14.0,3172.0,31.0
2021-01-05 09:43:13.740,0.5702,0.5793,14.0,0.5767,14.0,3172.0,31.0
2021-01-05 09:43:14.270,0.5702,0.5786,10.0,0.5767,14.0,3172.0,31.0
2021-01-05 09:43:14.770,0.5702,0.5785,13.0,0.5767,14.0,3172.0,31.0
2021-01-05 09:43:15.460,0.5702,0.5785,13.0,0.5761,14.0,3172.0,31.0
2021-01-05 09:43:16.270,0.5702,0.5785,13.0,0.5761,14.0,3172.0,31.0
2021-01-05 09:43:16.720,0.5702,0.5785,13.0,0.5761,14.0,3172.0,31.0
2021-01-05 09:43:17.771,0.5702,0.5785,13.0,0.5761,14.0,3172.0,31.0
2021-01-05 09:43:18.270,0.5702,0.5785,13.0,0.5761,14.0,3172.0,31.0
2021-01-05 09:43:20.731,0.5702,0.5785,33.0,0.5761,14.0,3172.0,31.0
2021-01-05 09:43:21.271,0.5702,0.5785,33.0,0.5761,14.0,3172.0,31.0
2021-01-05 09:43:21.701,0.5702,0.5785,20.0,0.5767,14.0,3172.0,31.0
2021-01-05 09:43:22.281,0.5702,0.5785,20.0,0.5767,14.0,3172.0,31.0
2021-01-05 09:43:22.671,0.5702,0.5785,20.0,0.5767,14.0,3172.0,31.0
2021-01-05 09:43:23.201,0.5702,0.5785,20.0,0.5767,14.0,3172.0,31.0
2021-01-05 09:43:23.651,0.5702,0.5786,10.0,0.5767,14.0,3172.0,31.0
2021-01-05 09:43:24.120,0.5702,0.5786,10.0,0.5767,14.0,3172.0,31.0
2021-01-05 09:43:25.201,0.5702,0.5793,14.0,0.5767,14.0,3172.0,31.0
2021-01-05 09:43:25.701,0.5702,0.5793,14.0,0.5767,14.0,3172.0,31.0
2021-01-05 09:43:26.181,0.5702,0.5794,30.0,0.5773,14.0,3172.0,31.0
2021-01-05 09:43:26.621,0.5702,0.5793,13.0,0.5773,14.0,3172.0,31.0
2021-01-05 09:43:27.190,0.5702,0.5793,13.0,0.5773,14.0,3172.0,31.0
2021-01-05 09:43:27.620,0.5702,0.5793,13.0,0.5773,14.0,3172.0,31.0
2021-01-05 09:43:29.660,0.5702,0.5793,13.0,0.5773,14.0,3172.0,31.0
2021-01-05 09:43:31.111,0.5702,0.5793,13.0,0.5773,14.0,3172.0,31.0
2021-01-05 09:43:31.720,0.5702,0.5793,13.0,0.5773,14.0,3172.0,31.0
2021-01-05 09:43:32.701,0.5702,0.5793,13.0,0.5773,14.0,3172.0,31.0
2021-01-05 09:43:33.141,0.5702,0.5793,13.0,0.5773,14.0,3172.0,31.0
2021-01-05 09:43:34.221,0.5702,0.5793,13.0,0.5773,14.0,3172.0,31.0
2021-01-05 09:43:34.691,0.5702,0.5793,13.0,0.5773,14.0,3172.0,31.0
2021-01-05 09:43:35.160,0.5702,0.5793,13.0,0.5773,14.0,3172.0,31.0
2021-01-05 09:43:35.681,0.5702,0.5793,13.0,0.5773,14.0,3172.0,31.0
2021-01-05 09:43:36.661,0.5702,0.5793,13.0,0.5767,14.0,3172.0,31.0
2021-01-05 09:43:38.221,0.5702,0.5793,13.0,0.5767,14.0,3172.0,31.0
2021-01-05 09:43:39.241,0.5702,0.5793,13.0,0.5767,14.0,3172.0,31.0
2021-01-05 09:43:40.731,0.5702,0.5793,13.0,0.5767,14.0,3172.0,31.0
2021-01-05 09:43:41.730,0.5702,0.5793,13.0,0.5767,14.0,3172.0,31.0
2021-01-05 09:43:43.231,0.5702,0.5793,13.0,0.5767,14.0,3172.0,31.0
2021-01-05 09:43:43.711,0.5702,0.5793,13.0,0.5767,14.0,3172.0,31.0
2021-01-05 09:43:44.670,0.5702,0.5793,13.0,0.5767,14.0,3172.0,31.0
2021-01-05 09:43:45.720,0.5702,0.5793,13.0,0.5767,14.0,3172.0,31.0
2021-01-05 09:43:46.750,0.5702,0.5793,13.0,0.5767,14.0,3172.0,31.0
2021-01-05 09:43:47.250,0.5702,0.5793,13.0,0.5767,14.0,3172.0,31.0
2021-01-05 09:43:47.661,0.5702,0.5793,13.0,0.5767,14.0,3172.0,31.0
2021-01-05 09:43:48.220,0.5702,0.5791,10.0,0.5767,14.0,3172.0,31.0
2021-01-05 09:43:48.641,0.5702,0.5791,10.0,0.5767,14.0,3172.0,31.0
2021-01-05 09:43:49.061,0.5702,0.579,13.0,0.5756,20.0,3172.0,31.0
2021-01-05 09:43:49.511,0.5702,0.5787,14.0,0.576,14.0,3172.0,31.0
2021-01-05 09:43:50.110,0.5702,0.5787,34.0,0.576,14.0,3172.0,31.0
2021-01-05 09:43:50.721,0.5702,0.5787,34.0,0.576,14.0,3172.0,31.0
2021-01-05 09:43:51.221,0.5702,0.5787,34.0,0.576,14.0,3172.0,31.0
2021-01-05 09:43:51.660,0.5702,0.5787,34.0,0.576,14.0,3172.0,31.0
2021-01-05 09:43:52.200,0.5702,0.5787,34.0,0.576,14.0,3172.0,31.0
2021-01-05 09:43:52.681,0.5702,0.5787,20.0,0.5741,20.0,3172.0,31.0
2021-01-05 09:43:53.201,0.5702,0.5782,14.0,0.5755,14.0,3172.0,31.0
2021-01-05 09:43:53.610,0.5702,0.5782,34.0,0.5755,14.0,3172.0,31.0
2021-01-05 09:43:54.191,0.5702,0.5782,34.0,0.5755,14.0,3172.0,31.0
2021-01-05 09:43:56.721,0.5702,0.5782,34.0,0.5755,14.0,3172.0,31.0
2021-01-05 09:43:57.650,0.5702,0.5782,34.0,0.5755,14.0,3172.0,31.0
2021-01-05 09:43:58.190,0.5702,0.5782,34.0,0.5755,14.0,3172.0,31.0
2021-01-05 09:43:58.711,0.5702,0.5782,34.0,0.5755,14.0,3172.0,31.0
2021-01-05 09:43:59.170,0.5702,0.5782,34.0,0.5755,14.0,3172.0,31.0
2021-01-05 09:44:00.131,0.5702,0.5777,10.0,0.5755,14.0,3172.0,31.0
2021-01-05 09:44:00.701,0.5702,0.5776,13.0,0.5749,14.0,3172.0,31.0
2021-01-05 09:44:03.241,0.5702,0.5776,13.0,0.5749,14.0,3172.0,31.0
2021-01-05 09:44:03.750,0.5702,0.5765,10.0,0.5749,14.0,3172.0,31.0
2021-01-05 09:44:04.230,0.5702,0.5765,10.0,0.5743,14.0,3172.0,31.0
2021-01-05 09:44:04.230,0.5702,0.5764,13.0,0.5743,14.0,3172.0,31.0
2021-01-05 09:44:05.260,0.5702,0.5764,13.0,0.5743,14.0,3172.0,31.0
2021-01-05 09:44:05.681,0.5702,0.5764,13.0,0.5743,14.0,3172.0,31.0
2021-01-05 09:44:06.261,0.5702,0.5764,13.0,0.5743,14.0,3172.0,31.0
2021-01-05 09:44:06.770,0.5702,0.5764,13.0,0.5743,14.0,3172.0,31.0
2021-01-05 09:44:07.281,0.5702,0.5755,10.0,0.5743,14.0,3172.0,31.0
2021-01-05 09:44:07.750,0.5702,0.5756,20.0,0.5726,20.0,3172.0,31.0
2021-01-05 09:44:08.230,0.5702,0.5756,20.0,0.5737,14.0,3172.0,31.0
2021-01-05 09:44:09.050,0.5702,0.5756,20.0,0.5737,14.0,3172.0,31.0
2021-01-05 09:44:09.780,0.5702,0.5755,13.0,0.5737,14.0,3172.0,31.0
2021-01-05 09:44:10.781,0.5702,0.5755,13.0,0.5737,14.0,3172.0,31.0
2021-01-05 09:44:11.780,0.5702,0.5755,13.0,0.5737,14.0,3172.0,31.0
2021-01-05 09:44:12.270,0.5702,0.5755,13.0,0.573,14.0,3172.0,31.0
2021-01-05 09:44:12.781,0.5702,0.5755,13.0,0.573,14.0,3172.0,31.0
2021-01-05 09:44:13.230,0.5702,0.5755,13.0,0.573,14.0,3172.0,31.0
2021-01-05 09:44:17.770,0.5702,0.5755,13.0,0.5723,20.0,3172.0,31.0
2021-01-05 09:44:18.231,0.5702,0.5756,20.0,0.5736,14.0,3172.0,31.0
2021-01-05 09:44:18.780,0.5702,0.5756,20.0,0.5736,14.0,3172.0,31.0
2021-01-05 09:44:18.780,0.5702,0.5756,20.0,0.5736,14.0,3172.0,31.0
2021-01-05 09:44:19.801,0.5702,0.5756,20.0,0.5736,14.0,3172.0,31.0
2021-01-05 09:44:22.131,0.5702,0.5755,13.0,0.5736,14.0,3172.0,31.0
2021-01-05 09:44:25.041,0.5702,0.5755,13.0,0.5736,14.0,3172.0,31.0
2021-01-05 09:44:26.701,0.5702,0.5755,13.0,0.573,14.0,3172.0,31.0
2021-01-05 09:44:27.201,0.5702,0.5755,13.0,0.573,14.0,3172.0,31.0
2021-01-05 09:44:27.710,0.5702,0.5755,13.0,0.573,14.0,3172.0,31.0
2021-01-05 09:44:30.201,0.5702,0.575,10.0,0.573,14.0,3172.0,31.0
2021-01-05 09:44:30.720,0.5702,0.575,10.0,0.573,14.0,3172.0,31.0
2021-01-05 09:44:31.231,0.5702,0.5749,13.0,0.573,14.0,3172.0,31.0
2021-01-05 09:44:32.220,0.5702,0.5749,33.0,0.573,14.0,3172.0,31.0
2021-01-05 09:44:32.691,0.5702,0.5749,33.0,0.573,14.0,3172.0,31.0
2021-01-05 09:44:33.231,0.5702,0.5749,33.0,0.5724,14.0,3172.0,31.0
2021-01-05 09:44:34.510,0.5702,0.5749,33.0,0.5724,14.0,3172.0,31.0
2021-01-05 09:44:35.740,0.5702,0.5749,33.0,0.5724,14.0,3172.0,31.0
2021-01-05 09:44:36.220,0.5702,0.5749,33.0,0.5724,14.0,3172.0,31.0
2021-01-05 09:44:37.240,0.5702,0.5749,33.0,0.5724,14.0,3172.0,31.0
2021-01-05 09:44:37.751,0.5702,0.5749,33.0,0.5724,14.0,3172.0,31.0
2021-01-05 09:44:38.201,0.5702,0.5749,33.0,0.5724,14.0,3172.0,31.0
2021-01-05 09:44:39.661,0.5702,0.5749,33.0,0.5724,14.0,3172.0,31.0
2021-01-05 09:44:40.750,0.5702,0.5742,10.0,0.5724,14.0,3172.0,31.0
2021-01-05 09:44:41.211,0.5702,0.5742,10.0,0.5718,14.0,3172.0,31.0
2021-01-05 09:44:41.730,0.5702,0.5741,13.0,0.5718,14.0,3172.0,31.0
2021-01-05 09:44:42.250,0.5702,0.5741,33.0,0.5718,14.0,3172.0,31.0
2021-01-05 09:44:43.251,0.5702,0.5741,33.0,0.5718,14.0,3172.0,31.0
2021-01-05 09:44:44.260,0.5702,0.5741,33.0,0.5718,14.0,3172.0,31.0
2021-01-05 09:44:44.761,0.5702,0.5741,33.0,0.5718,14.0,3172.0,31.0
2021-01-05 09:44:45.261,0.5702,0.5741,20.0,0.5707,30.0,3172.0,31.0
2021-01-05 09:44:45.760,0.5702,0.5749,20.0,0.5726,14.0,3172.0,31.0
2021-01-05 09:44:45.760,0.5702,0.5748,13.0,0.5726,14.0,3172.0,31.0
2021-01-05 09:44:46.771,0.5702,0.5748,13.0,0.5726,14.0,3172.0,31.0
2021-01-05 09:44:47.770,0.5702,0.5748,13.0,0.5726,14.0,3172.0,31.0
2021-01-05 09:44:48.271,0.5702,0.5748,13.0,0.5726,14.0,3172.0,31.0
2021-01-05 09:44:50.300,0.5702,0.5748,13.0,0.5726,14.0,3172.0,31.0
2021-01-05 09:44:50.761,0.5702,0.5749,20.0,0.5726,14.0,3172.0,31.0
2021-01-05 09:44:51.231,0.5702,0.5748,13.0,0.5726,14.0,3172.0,31.0
2021-01-05 09:44:51.810,0.5702,0.5748,13.0,0.5726,14.0,3172.0,31.0
2021-01-05 09:44:53.201,0.5702,0.5748,13.0,0.5726,14.0,3172.0,31.0
2021-01-05 09:44:53.710,0.5702,0.5748,13.0,0.5726,14.0,3172.0,31.0
2021-01-05 09:44:54.960,0.5702,0.5748,16.0,0.572,14.0,3172.0,31.0
2021-01-05 09:44:55.700,0.5702,0.5748,16.0,0.572,14.0,3172.0,31.0
2021-01-05 09:44:56.220,0.5702,0.5748,16.0,0.572,14.0,3172.0,31.0
2021-01-05 09:44:56.720,0.5702,0.5748,16.0,0.572,14.0,3172.0,31.0
2021-01-05 09:44:57.680,0.5702,0.5748,16.0,0.572,14.0,3172.0,31.0
2021-01-05 09:44:58.120,0.5702,0.5747,10.0,0.572,14.0,3172.0,31.0
2021-01-05 09:44:58.720,0.5702,0.5743,14.0,0.5714,14.0,3172.0,31.0
2021-01-05 09:44:59.711,0.5702,0.5743,14.0,0.5714,14.0,3172.0,31.0
2021-01-05 09:45:00.061,0.5702,0.5742,3.0,0.5714,14.0,3172.0,31.0
2021-01-05 09:45:00.591,0.5702,0.5741,13.0,0.5714,14.0,3172.0,31.0
2021-01-05 09:45:00.831,0.5702,0.5737,10.0,0.5714,14.0,3172.0,31.0
2021-01-05 09:45:01.680,0.5702,0.5735,14.0,0.5707,14.0,3172.0,31.0
2021-01-05 09:45:02.061,0.5702,0.5735,14.0,0.5707,14.0,3172.0,31.0
2021-01-05 09:45:02.621,0.5702,0.5726,10.0,0.5707,14.0,3172.0,31.0
2021-01-05 09:45:03.190,0.5702,0.5725,13.0,0.5707,14.0,3172.0,31.0
2021-01-05 09:45:03.680,0.5702,0.5726,30.0,0.5707,14.0,3172.0,31.0
2021-01-05 09:45:04.191,0.5702,0.5725,13.0,0.5707,14.0,3172.0,31.0
2021-01-05 09:45:05.221,0.5702,0.5725,13.0,0.57,14.0,3172.0,31.0
2021-01-05 09:45:05.720,0.5702,0.5713,10.0,0.57,14.0,3172.0,31.0
2021-01-05 09:45:06.220,0.5702,0.5713,10.0,0.5694,14.0,3172.0,31.0
2021-01-05 09:45:06.721,0.5702,0.5713,43.0,0.5694,14.0,3172.0,31.0
2021-01-05 09:45:07.130,0.5702,0.5723,14.0,0.5694,14.0,3172.0,31.0
2021-01-05 09:45:07.720,0.5702,0.5723,14.0,0.5694,14.0,3172.0,31.0
2021-01-05 09:45:08.700,0.5702,0.5723,14.0,0.5694,14.0,3172.0,31.0
2021-01-05 09:45:09.190,0.5702,0.5723,14.0,0.5694,14.0,3172.0,31.0
2021-01-05 09:45:09.720,0.5702,0.5723,14.0,0.5694,14.0,3172.0,31.0
2021-01-05 09:45:10.200,0.5702,0.5723,14.0,0.5694,14.0,3172.0,31.0
2021-01-05 09:45:10.700,0.5702,0.5723,14.0,0.5694,14.0,3172.0,31.0
2021-01-05 09:45:11.091,0.5702,0.5723,14.0,0.5694,14.0,3172.0,31.0
2021-01-05 09:45:11.720,0.5702,0.5723,14.0,0.5694,14.0,3172.0,31.0
2021-01-05 09:45:12.150,0.5702,0.5724,13.0,0.5677,20.0,3172.0,31.0
2021-01-05 09:45:12.701,0.5702,0.5716,14.0,0.5685,14.0,3172.0,31.0
2021-01-05 09:45:13.220,0.5702,0.5716,14.0,0.5685,14.0,3172.0,31.0
2021-01-05 09:45:13.681,0.5702,0.5716,34.0,0.5685,14.0,3172.0,31.0
2021-01-05 09:45:14.181,0.5702,0.5709,10.0,0.5685,14.0,3172.0,31.0
2021-01-05 09:45:15.230,0.5702,0.5708,13.0,0.5685,14.0,3172.0,31.0
2021-01-05 09:45:15.721,0.5702,0.5708,14.0,0.5678,14.0,3172.0,31.0
2021-01-05 09:45:16.230,0.5702,0.5708,14.0,0.5678,14.0,3172.0,31.0
2021-01-05 09:45:16.630,0.5702,0.5701,10.0,0.5678,14.0,3172.0,31.0
2021-01-05 09:45:17.170,0.5702,0.57,13.0,0.5672,14.0,3172.0,31.0
2021-01-05 09:45:18.691,0.5702,0.57,33.0,0.5672,14.0,3172.0,31.0
2021-01-05 09:45:19.191,0.5702,0.57,33.0,0.5672,14.0,3172.0,31.0
2021-01-05 09:45:20.691,0.5702,0.57,33.0,0.5672,14.0,3172.0,31.0
2021-01-05 09:45:21.191,0.5702,0.57,33.0,0.5672,14.0,3172.0,31.0
2021-01-05 09:45:21.731,0.5702,0.57,33.0,0.5672,14.0,3172.0,31.0
2021-01-05 09:45:22.240,0.5702,0.5699,3.0,0.5672,14.0,3172.0,31.0
2021-01-05 09:45:22.710,0.5702,0.5699,3.0,0.5672,14.0,3172.0,31.0
2021-01-05 09:45:23.160,0.5702,0.5698,13.0,0.5672,14.0,3172.0,31.0
2021-01-05 09:45:23.671,0.5702,0.5698,13.0,0.5672,14.0,3172.0,31.0
2021-01-05 09:45:24.701,0.5702,0.5698,13.0,0.5672,14.0,3172.0,31.0
2021-01-05 09:45:28.210,0.5702,0.5698,13.0,0.5672,14.0,3172.0,31.0
2021-01-05 09:45:28.550,0.5702,0.5698,13.0,0.5672,14.0,3172.0,31.0
2021-01-05 09:45:29.140,0.5702,0.5699,3.0,0.5678,14.0,3172.0,31.0
2021-01-05 09:45:30.210,0.5702,0.5699,3.0,0.5678,14.0,3172.0,31.0
2021-01-05 09:45:30.521,0.5702,0.5699,3.0,0.5678,14.0,3172.0,31.0
2021-01-05 09:45:31.701,0.5702,0.5699,3.0,0.5678,14.0,3172.0,31.0
2021-01-05 09:45:32.160,0.5702,0.5699,16.0,0.5678,14.0,3172.0,31.0
2021-01-05 09:45:32.690,0.5702,0.5699,3.0,0.5678,14.0,3172.0,31.0
2021-01-05 09:45:33.180,0.5702,0.5699,3.0,0.5678,14.0,3172.0,31.0
2021-01-05 09:45:34.220,0.5702,0.5699,3.0,0.5678,14.0,3172.0,31.0
2021-01-05 09:45:35.190,0.5702,0.5699,3.0,0.5678,14.0,3172.0,31.0
2021-01-05 09:45:35.731,0.5702,0.5699,3.0,0.5678,14.0,3172.0,31.0
2021-01-05 09:45:36.240,0.5702,0.5699,3.0,0.5678,14.0,3172.0,31.0
2021-01-05 09:45:36.730,0.5702,0.5699,3.0,0.5678,14.0,3172.0,31.0
2021-01-05 09:45:39.210,0.5702,0.5699,3.0,0.5678,14.0,3172.0,31.0
2021-01-05 09:45:39.710,0.5702,0.5699,3.0,0.5678,14.0,3172.0,31.0
2021-01-05 09:45:40.240,0.5702,0.5699,3.0,0.5678,14.0,3172.0,31.0
2021-01-05 09:45:42.711,0.5702,0.5699,3.0,0.5678,14.0,3172.0,31.0
2021-01-05 09:45:43.220,0.5702,0.5699,3.0,0.5678,14.0,3172.0,31.0
2021-01-05 09:45:43.731,0.5702,0.5699,3.0,0.5678,14.0,3172.0,31.0
2021-01-05 09:45:44.201,0.5702,0.5699,3.0,0.5678,14.0,3172.0,31.0
2021-01-05 09:45:45.220,0.5702,0.5699,3.0,0.5678,14.0,3172.0,31.0
2021-01-05 09:45:45.681,0.5702,0.5699,3.0,0.5678,14.0,3172.0,31.0
2021-01-05 09:45:46.240,0.5702,0.5699,3.0,0.5678,14.0,3172.0,31.0
2021-01-05 09:45:46.751,0.5702,0.5699,3.0,0.5678,14.0,3172.0,31.0
2021-01-05 09:45:48.201,0.5702,0.5699,3.0,0.5678,14.0,3172.0,31.0
2021-01-05 09:45:48.741,0.5702,0.5699,3.0,0.5678,14.0,3172.0,31.0
2021-01-05 09:45:49.221,0.5702,0.5699,3.0,0.5678,14.0,3172.0,31.0
2021-01-05 09:45:50.251,0.5702,0.5699,3.0,0.5678,14.0,3172.0,31.0
2021-01-05 09:45:50.750,0.5702,0.5699,3.0,0.5678,14.0,3172.0,31.0
2021-01-05 09:45:52.641,0.5702,0.5699,3.0,0.5675,20.0,3172.0,31.0
2021-01-05 09:45:53.211,0.5702,0.5699,3.0,0.5681,14.0,3172.0,31.0
2021-01-05 09:45:53.711,0.5702,0.5699,3.0,0.5681,14.0,3172.0,31.0
2021-01-05 09:45:54.191,0.5699,0.5709,20.0,0.5681,14.0,3172.0,34.0
2021-01-05 09:45:54.710,0.5699,0.5708,13.0,0.5681,14.0,3172.0,34.0
2021-01-05 09:45:55.230,0.5699,0.5707,10.0,0.5681,14.0,3172.0,34.0
2021-01-05 09:45:55.711,0.5699,0.5707,10.0,0.5681,14.0,3172.0,34.0
2021-01-05 09:45:56.120,0.5699,0.5706,13.0,0.5681,14.0,3172.0,34.0
2021-01-05 09:45:58.231,0.5699,0.5706,13.0,0.5681,14.0,3172.0,34.0
2021-01-05 09:45:58.711,0.5699,0.5707,10.0,0.5681,14.0,3172.0,34.0
2021-01-05 09:45:59.230,0.5699,0.5707,23.0,0.5681,14.0,3172.0,34.0
2021-01-05 09:45:59.710,0.5699,0.5707,10.0,0.5681,14.0,3172.0,34.0
2021-01-05 09:46:00.730,0.5699,0.5719,10.0,0.5688,14.0,3172.0,34.0
2021-01-05 09:46:01.230,0.5699,0.5718,13.0,0.5688,14.0,3172.0,34.0
2021-01-05 09:46:02.221,0.5699,0.5718,13.0,0.5688,14.0,3172.0,34.0
2021-01-05 09:46:02.711,0.5699,0.5718,13.0,0.5688,14.0,3172.0,34.0
2021-01-05 09:46:03.731,0.5699,0.5718,13.0,0.5688,14.0,3172.0,34.0
2021-01-05 09:46:08.730,0.5699,0.5718,13.0,0.5688,14.0,3172.0,34.0
2021-01-05 09:46:10.221,0.5699,0.5721,3.0,0.5696,14.0,3172.0,34.0
2021-01-05 09:46:10.720,0.5699,0.5721,3.0,0.5696,14.0,3172.0,34.0
2021-01-05 09:46:11.181,0.5699,0.5721,16.0,0.5696,14.0,3172.0,34.0
2021-01-05 09:46:11.721,0.5699,0.5721,3.0,0.5696,14.0,3172.0,34.0
2021-01-05 09:46:12.190,0.5699,0.5721,3.0,0.5696,14.0,3172.0,34.0
2021-01-05 09:46:13.231,0.5699,0.5721,3.0,0.5696,14.0,3172.0,34.0
2021-01-05 09:46:13.681,0.5721,0.5728,10.0,0.5696,14.0,3172.0,37.0
2021-01-05 09:46:14.230,0.5721,0.5727,13.0,0.5696,14.0,3172.0,37.0
2021-01-05 09:46:15.920,0.5721,0.5735,10.0,0.5703,14.0,3172.0,37.0
2021-01-05 09:46:17.221,0.5721,0.5735,10.0,0.5703,14.0,3172.0,37.0
2021-01-05 09:46:17.751,0.5721,0.5734,13.0,0.5703,14.0,3172.0,37.0
2021-01-05 09:46:20.210,0.5721,0.5734,33.0,0.5703,14.0,3172.0,37.0
2021-01-05 09:46:20.731,0.5721,0.5734,33.0,0.5703,14.0,3172.0,37.0
2021-01-05 09:46:22.220,0.5721,0.5734,33.0,0.5703,14.0,3172.0,37.0
2021-01-05 09:46:22.690,0.5721,0.5734,33.0,0.5703,14.0,3172.0,37.0
2021-01-05 09:46:23.710,0.5721,0.5734,20.0,0.5703,14.0,3172.0,37.0
2021-01-05 09:46:24.221,0.5721,0.5733,13.0,0.5703,14.0,3172.0,37.0
2021-01-05 09:46:25.211,0.5721,0.5733,13.0,0.5703,14.0,3172.0,37.0
2021-01-05 09:46:30.211,0.5721,0.5734,20.0,0.5703,14.0,3172.0,37.0
2021-01-05 09:46:30.721,0.5721,0.5733,13.0,0.5703,14.0,3172.0,37.0
2021-01-05 09:46:33.660,0.5721,0.5733,13.0,0.5709,14.0,3172.0,37.0
2021-01-05 09:46:34.171,0.5721,0.5733,13.0,0.5709,14.0,3172.0,37.0
2021-01-05 09:46:37.750,0.5721,0.573,10.0,0.5709,14.0,3172.0,37.0
2021-01-05 09:46:38.201,0.5721,0.573,10.0,0.5701,14.0,3172.0,37.0
2021-01-05 09:46:38.680,0.5721,0.573,10.0,0.5701,14.0,3172.0,37.0
2021-01-05 09:46:39.210,0.5721,0.5729,13.0,0.5701,14.0,3172.0,37.0
2021-01-05 09:46:40.230,0.5721,0.5729,13.0,0.5701,14.0,3172.0,37.0
2021-01-05 09:46:40.670,0.5721,0.5729,13.0,0.5701,14.0,3172.0,37.0
2021-01-05 09:46:41.250,0.5721,0.5729,13.0,0.5701,14.0,3172.0,37.0
2021-01-05 09:46:41.730,0.5721,0.5729,13.0,0.5701,14.0,3172.0,37.0
2021-01-05 09:46:43.630,0.5721,0.5721,10.0,0.5701,14.0,3172.0,37.0
2021-01-05 09:46:45.711,0.5721,0.5721,10.0,0.5701,14.0,3172.0,37.0
2021-01-05 09:46:46.671,0.5721,0.5728,10.0,0.5701,14.0,3172.0,37.0
2021-01-05 09:46:47.230,0.5721,0.5727,13.0,0.5701,14.0,3172.0,37.0
2021-01-05 09:46:48.081,0.5721,0.5727,13.0,0.5687,20.0,3172.0,37.0
2021-01-05 09:46:48.761,0.5721,0.5727,13.0,0.5706,14.0,3172.0,37.0
2021-01-05 09:46:49.251,0.5721,0.5727,13.0,0.5706,14.0,3172.0,37.0
2021-01-05 09:46:49.730,0.5721,0.5727,13.0,0.5706,14.0,3172.0,37.0
2021-01-05 09:46:50.170,0.5721,0.5728,10.0,0.5706,14.0,3172.0,37.0
2021-01-05 09:46:50.661,0.5721,0.5727,13.0,0.5706,14.0,3172.0,37.0
2021-01-05 09:46:51.261,0.5721,0.5727,13.0,0.5706,14.0,3172.0,37.0
2021-01-05 09:46:51.731,0.5721,0.5721,10.0,0.5706,14.0,3172.0,37.0
2021-01-05 09:46:52.210,0.5721,0.5721,10.0,0.5706,14.0,3172.0,37.0
2021-01-05 09:46:52.711,0.5721,0.5721,10.0,0.5706,14.0,3172.0,37.0
2021-01-05 09:46:53.201,0.5721,0.5721,10.0,0.5706,14.0,3172.0,37.0
2021-01-05 09:46:54.081,0.5721,0.5733,34.0,0.5706,14.0,3172.0,37.0
2021-01-05 09:46:54.701,0.5721,0.5733,34.0,0.5706,14.0,3172.0,37.0
2021-01-05 09:46:56.221,0.5721,0.5733,34.0,0.5706,14.0,3172.0,37.0
2021-01-05 09:46:56.711,0.5721,0.5733,34.0,0.5706,14.0,3172.0,37.0
2021-01-05 09:46:57.080,0.5721,0.5733,34.0,0.5706,14.0,3172.0,37.0
2021-01-05 09:46:58.131,0.5721,0.5733,34.0,0.5706,14.0,3172.0,37.0
2021-01-05 09:46:58.720,0.5721,0.5733,34.0,0.5706,14.0,3172.0,37.0
2021-01-05 09:46:59.191,0.5721,0.5733,34.0,0.5706,14.0,3172.0,37.0
2021-01-05 09:47:00.251,0.5721,0.5733,34.0,0.5706,14.0,3172.0,37.0
2021-01-05 09:47:00.741,0.5721,0.5728,14.0,0.5702,14.0,3172.0,37.0
2021-01-05 09:47:01.210,0.5721,0.5723,10.0,0.5702,14.0,3172.0,37.0
2021-01-05 09:47:01.210,0.5721,0.5721,14.0,0.5695,14.0,3172.0,37.0
2021-01-05 09:47:02.230,0.5721,0.5721,14.0,0.5695,14.0,3172.0,37.0
2021-01-05 09:47:02.741,0.5695,0.5714,10.0,0.5692,14.0,3181.0,46.0
2021-01-05 09:47:03.220,0.5695,0.5713,13.0,0.5692,14.0,3181.0,46.0
2021-01-05 09:47:03.220,0.5695,0.5713,33.0,0.5692,14.0,3181.0,46.0
2021-01-05 09:47:04.211,0.5695,0.5713,33.0,0.5692,14.0,3181.0,46.0
2021-01-05 09:47:05.250,0.5695,0.5713,33.0,0.5692,14.0,3181.0,46.0
2021-01-05 09:47:06.251,0.5695,0.5711,14.0,0.5685,14.0,3181.0,46.0
2021-01-05 09:47:06.750,0.5695,0.5711,14.0,0.5685,14.0,3181.0,46.0
2021-01-05 09:47:07.221,0.5695,0.5706,14.0,0.568,14.0,3181.0,46.0
2021-01-05 09:47:07.740,0.5695,0.5706,34.0,0.568,14.0,3181.0,46.0
2021-01-05 09:47:08.230,0.5695,0.5706,34.0,0.568,14.0,3181.0,46.0
2021-01-05 09:47:09.751,0.5695,0.57,14.0,0.5674,14.0,3181.0,46.0
2021-01-05 09:47:10.260,0.5695,0.57,14.0,0.5674,14.0,3181.0,46.0
2021-01-05 09:47:10.721,0.5695,0.57,14.0,0.5674,14.0,3181.0,46.0
2021-01-05 09:47:11.250,0.5695,0.57,14.0,0.5674,14.0,3181.0,46.0
2021-01-05 09:47:11.751,0.5695,0.57,14.0,0.5674,14.0,3181.0,46.0
2021-01-05 09:47:12.241,0.5695,0.5695,14.0,0.5669,14.0,3181.0,46.0
2021-01-05 09:47:12.731,0.5695,0.5695,14.0,0.5669,14.0,3181.0,46.0
2021-01-05 09:47:13.201,0.5695,0.5695,34.0,0.5669,14.0,3181.0,46.0
2021-01-05 09:47:14.220,0.5695,0.5695,34.0,0.5669,14.0,3181.0,46.0
2021-01-05 09:47:15.701,0.5695,0.5695,34.0,0.5669,14.0,3181.0,46.0
2021-01-05 09:47:16.241,0.5695,0.5695,34.0,0.5669,14.0,3181.0,46.0
2021-01-05 09:47:16.731,0.5695,0.5695,34.0,0.5669,14.0,3181.0,46.0
2021-01-05 09:47:17.251,0.5695,0.5695,34.0,0.5669,14.0,3181.0,46.0
2021-01-05 09:47:18.221,0.5695,0.5695,34.0,0.5669,14.0,3181.0,46.0
2021-01-05 09:47:18.621,0.5695,0.5695,34.0,0.5669,14.0,3181.0,46.0
2021-01-05 09:47:19.111,0.5695,0.5687,14.0,0.5661,14.0,3181.0,46.0
2021-01-05 09:47:19.731,0.5695,0.5687,34.0,0.5661,14.0,3181.0,46.0
2021-01-05 09:47:20.050,0.5695,0.5687,34.0,0.5661,14.0,3181.0,46.0
2021-01-05 09:47:20.761,0.5695,0.5682,14.0,0.5656,14.0,3181.0,46.0
2021-01-05 09:47:21.260,0.5695,0.5682,14.0,0.5656,14.0,3181.0,46.0
2021-01-05 09:47:21.760,0.5695,0.5679,10.0,0.5656,14.0,3181.0,46.0
2021-01-05 09:47:22.240,0.5695,0.5678,13.0,0.5656,14.0,3181.0,46.0
2021-01-05 09:47:22.580,0.5695,0.5678,13.0,0.5656,14.0,3181.0,46.0
2021-01-05 09:47:23.151,0.5695,0.5678,13.0,0.5656,14.0,3181.0,46.0
2021-01-05 09:47:23.710,0.5695,0.5678,13.0,0.5656,14.0,3181.0,46.0
2021-01-05 09:47:25.241,0.5695,0.5678,13.0,0.5656,14.0,3181.0,46.0
2021-01-05 09:47:25.710,0.5695,0.5678,13.0,0.5656,14.0,3181.0,46.0
2021-01-05 09:47:26.680,0.5695,0.5678,13.0,0.5656,14.0,3181.0,46.0
2021-01-05 09:47:27.721,0.5695,0.5678,13.0,0.5656,14.0,3181.0,46.0
2021-01-05 09:47:28.230,0.5695,0.5677,14.0,0.5651,14.0,3181.0,46.0
2021-01-05 09:47:28.710,0.5695,0.5677,14.0,0.5651,14.0,3181.0,46.0
2021-01-05 09:47:29.181,0.5695,0.5677,14.0,0.5651,14.0,3181.0,46.0
2021-01-05 09:47:29.730,0.5695,0.5677,14.0,0.5651,14.0,3181.0,46.0
2021-01-05 09:47:30.720,0.5695,0.5677,14.0,0.5651,14.0,3181.0,46.0
2021-01-05 09:47:31.711,0.5695,0.5677,14.0,0.5651,14.0,3181.0,46.0
2021-01-05 09:47:32.170,0.5695,0.5671,10.0,0.5651,14.0,3181.0,46.0
2021-01-05 09:47:32.681,0.5695,0.567,13.0,0.5651,14.0,3181.0,46.0
2021-01-05 09:47:34.231,0.5695,0.5671,20.0,0.5651,14.0,3181.0,46.0
2021-01-05 09:47:34.750,0.5695,0.5677,14.0,0.5651,14.0,3181.0,46.0
2021-01-05 09:47:35.221,0.5695,0.5672,10.0,0.5651,14.0,3181.0,46.0
2021-01-05 09:47:35.740,0.5695,0.5672,20.0,0.5651,14.0,3181.0,46.0
2021-01-05 09:47:36.241,0.5695,0.5677,14.0,0.5651,14.0,3181.0,46.0
2021-01-05 09:47:36.721,0.5695,0.5677,14.0,0.5651,14.0,3181.0,46.0
2021-01-05 09:47:37.031,0.5695,0.5677,14.0,0.5651,14.0,3181.0,46.0
2021-01-05 09:47:38.260,0.5695,0.5677,14.0,0.5651,14.0,3181.0,46.0
2021-01-05 09:47:38.700,0.5695,0.5677,14.0,0.5651,14.0,3181.0,46.0
2021-01-05 09:47:39.261,0.5695,0.5677,14.0,0.5651,14.0,3181.0,46.0
2021-01-05 09:47:39.751,0.5695,0.5677,14.0,0.5651,14.0,3181.0,46.0
2021-01-05 09:47:40.260,0.5695,0.5677,14.0,0.5651,14.0,3181.0,46.0
2021-01-05 09:47:40.761,0.5695,0.5677,14.0,0.5651,14.0,3181.0,46.0
2021-01-05 09:47:41.261,0.5695,0.5673,10.0,0.5651,14.0,3181.0,46.0
2021-01-05 09:47:41.731,0.5695,0.5672,13.0,0.5651,14.0,3181.0,46.0
2021-01-05 09:47:41.731,0.5695,0.5672,33.0,0.5635,20.0,3181.0,46.0
2021-01-05 09:47:42.500,0.5695,0.5672,34.0,0.5646,14.0,3181.0,46.0
2021-01-05 09:47:46.260,0.5695,0.5672,34.0,0.5646,14.0,3181.0,46.0
2021-01-05 09:47:46.740,0.5695,0.5672,34.0,0.5646,14.0,3181.0,46.0
2021-01-05 09:47:47.270,0.5695,0.5672,34.0,0.5646,14.0,3181.0,46.0
2021-01-05 09:47:49.260,0.5695,0.5672,20.0,0.5651,14.0,3181.0,46.0
2021-01-05 09:47:49.771,0.5695,0.5671,13.0,0.5651,14.0,3181.0,46.0
2021-01-05 09:47:50.271,0.5695,0.5671,13.0,0.5651,14.0,3181.0,46.0
2021-01-05 09:47:50.751,0.5695,0.5672,20.0,0.5651,14.0,3181.0,46.0
2021-01-05 09:47:51.270,0.5695,0.5679,20.0,0.5644,20.0,3181.0,46.0
2021-01-05 09:47:51.771,0.5695,0.5684,14.0,0.5658,14.0,3181.0,46.0
2021-01-05 09:47:52.271,0.5695,0.5684,14.0,0.5658,14.0,3181.0,46.0
2021-01-05 09:47:52.730,0.5695,0.5684,14.0,0.5658,14.0,3181.0,46.0
2021-01-05 09:47:53.231,0.5695,0.5684,14.0,0.5658,14.0,3181.0,46.0
2021-01-05 09:47:54.230,0.5695,0.5684,34.0,0.5658,14.0,3181.0,46.0
2021-01-05 09:47:54.741,0.5695,0.5684,14.0,0.5658,14.0,3181.0,46.0
2021-01-05 09:47:55.231,0.5695,0.5684,14.0,0.5658,14.0,3181.0,46.0
2021-01-05 09:47:55.740,0.5695,0.5688,20.0,0.5665,14.0,3181.0,46.0
2021-01-05 09:47:56.251,0.5695,0.5687,13.0,0.5665,14.0,3181.0,46.0
2021-01-05 09:47:56.751,0.5695,0.5687,13.0,0.5665,14.0,3181.0,46.0
2021-01-05 09:47:57.250,0.5695,0.5687,13.0,0.5665,14.0,3181.0,46.0
2021-01-05 09:47:57.750,0.5665,0.5687,13.0,0.5643,10.0,3192.0,57.0
2021-01-05 09:47:58.261,0.5665,0.5683,14.0,0.5657,14.0,3192.0,57.0
2021-01-05 09:47:58.781,0.5665,0.5679,14.0,0.5653,14.0,3192.0,57.0
2021-01-05 09:47:59.231,0.5665,0.5679,14.0,0.5653,14.0,3192.0,57.0
2021-01-05 09:48:00.791,0.5665,0.5679,14.0,0.5653,14.0,3192.0,57.0
2021-01-05 09:48:01.261,0.5665,0.5683,20.0,0.5632,10.0,3192.0,57.0
2021-01-05 09:48:01.791,0.5665,0.5673,14.0,0.5647,14.0,3192.0,57.0
2021-01-05 09:48:02.260,0.5665,0.5673,34.0,0.5647,14.0,3192.0,57.0
2021-01-05 09:48:02.781,0.5665,0.5673,20.0,0.5631,30.0,3192.0,57.0
2021-01-05 09:48:02.781,0.5665,0.5667,14.0,0.5641,14.0,3192.0,57.0
2021-01-05 09:48:03.791,0.5665,0.5667,14.0,0.5641,14.0,3192.0,57.0
2021-01-05 09:48:04.250,0.5665,0.5667,14.0,0.5641,14.0,3192.0,57.0
2021-01-05 09:48:04.790,0.5665,0.5667,14.0,0.5641,14.0,3192.0,57.0
2021-01-05 09:48:05.261,0.5665,0.5667,14.0,0.5641,14.0,3192.0,57.0
2021-01-05 09:48:06.291,0.5665,0.5667,14.0,0.5641,14.0,3192.0,57.0
2021-01-05 09:48:07.760,0.5665,0.5667,14.0,0.5641,14.0,3192.0,57.0
2021-01-05 09:48:08.281,0.5665,0.5673,20.0,0.5623,10.0,3192.0,57.0
2021-01-05 09:48:08.761,0.5665,0.5661,14.0,0.5635,14.0,3192.0,57.0
2021-01-05 09:48:09.291,0.5665,0.5661,14.0,0.5635,14.0,3192.0,57.0
2021-01-05 09:48:09.751,0.5665,0.5661,14.0,0.5635,14.0,3192.0,57.0
2021-01-05 09:48:10.231,0.5665,0.5661,14.0,0.5635,14.0,3192.0,57.0
2021-01-05 09:48:10.801,0.5665,0.5661,14.0,0.5635,14.0,3192.0,57.0
2021-01-05 09:48:11.301,0.5665,0.5661,14.0,0.5635,14.0,3192.0,57.0
2021-01-05 09:48:11.791,0.5665,0.5661,14.0,0.5635,14.0,3192.0,57.0
2021-01-05 09:48:12.751,0.5665,0.5661,14.0,0.5635,14.0,3192.0,57.0
2021-01-05 09:48:13.281,0.5665,0.5665,20.0,0.563,20.0,3192.0,57.0
2021-01-05 09:48:13.760,0.5665,0.5666,14.0,0.564,14.0,3192.0,57.0
2021-01-05 09:48:14.300,0.5665,0.5666,34.0,0.564,14.0,3192.0,57.0
2021-01-05 09:48:14.791,0.5665,0.5666,34.0,0.564,14.0,3192.0,57.0
2021-01-05 09:48:15.260,0.5665,0.5673,20.0,0.564,20.0,3192.0,57.0
2021-01-05 09:48:15.310,0.5665,0.5673,14.0,0.5647,14.0,3192.0,57.0
2021-01-05 09:48:16.290,0.5665,0.5689,3.0,0.5641,10.0,3192.0,57.0
2021-01-05 09:48:16.321,0.5665,0.5681,14.0,0.5655,14.0,3192.0,57.0
2021-01-05 09:48:17.300,0.5665,0.5681,34.0,0.5655,14.0,3192.0,57.0
2021-01-05 09:48:17.811,0.5665,0.5681,34.0,0.5655,14.0,3192.0,57.0
2021-01-05 09:48:18.330,0.5665,0.5681,20.0,0.566,14.0,3192.0,57.0
2021-01-05 09:48:19.271,0.5665,0.568,13.0,0.566,14.0,3192.0,57.0
2021-01-05 09:48:20.791,0.5665,0.568,33.0,0.566,14.0,3192.0,57.0
2021-01-05 09:48:26.101,0.5665,0.5686,14.0,0.5664,10.0,3192.0,57.0
2021-01-05 09:48:26.621,0.5665,0.5689,23.0,0.5666,14.0,3192.0,57.0
