,last,ask1,asize1,bid1,bsize1,oi,volume
2021-01-05 09:25:00.080,,0.6962,1.0,0.6641,1.0,1701.0,
2021-01-05 09:30:00.451,,0.6961,40.0,0.6793,20.0,1701.0,
2021-01-05 09:30:00.991,,0.6961,40.0,0.6793,20.0,1701.0,
2021-01-05 09:30:01.481,,0.6901,10.0,0.6829,10.0,1701.0,
2021-01-05 09:30:01.990,,0.6895,10.0,0.6829,20.0,1701.0,
2021-01-05 09:30:02.511,,0.6895,20.0,0.6841,20.0,1701.0,
2021-01-05 09:30:03.010,,0.6895,10.0,0.6841,20.0,1701.0,
2021-01-05 09:30:03.471,,0.6886,10.0,0.6829,20.0,1701.0,
2021-01-05 09:30:03.980,,0.6895,20.0,0.6832,10.0,1701.0,
2021-01-05 09:30:04.430,,0.6901,20.0,0.6847,10.0,1701.0,
2021-01-05 09:30:05.010,,0.6918,30.0,0.6847,30.0,1701.0,
2021-01-05 09:30:05.481,,0.6918,20.0,0.6855,10.0,1701.0,
2021-01-05 09:30:05.990,,0.6942,10.0,0.6855,20.0,1701.0,
2021-01-05 09:30:06.480,,0.6936,20.0,0.688,10.0,1701.0,
2021-01-05 09:30:06.971,,0.6952,20.0,0.6882,20.0,1701.0,
2021-01-05 09:30:07.471,,0.6956,10.0,0.6882,20.0,1701.0,
2021-01-05 09:30:08.001,,0.6957,20.0,0.6884,10.0,1701.0,
2021-01-05 09:30:08.520,,0.6955,10.0,0.6887,20.0,1701.0,
2021-01-05 09:30:08.960,,0.6955,20.0,0.6887,20.0,1701.0,
2021-01-05 09:30:09.490,,0.6962,20.0,0.6893,10.0,1701.0,
2021-01-05 09:30:09.970,,0.6962,20.0,0.6893,30.0,1701.0,
2021-01-05 09:30:11.000,,0.6967,20.0,0.69,10.0,1701.0,
2021-01-05 09:30:11.521,,0.6967,20.0,0.6905,10.0,1701.0,
2021-01-05 09:30:12.521,,0.6975,20.0,0.6905,20.0,1701.0,
2021-01-05 09:30:12.900,,0.696,10.0,0.6891,10.0,1701.0,
2021-01-05 09:30:13.501,,0.6954,20.0,0.6891,20.0,1701.0,
2021-01-05 09:30:13.941,,0.6954,20.0,0.6892,10.0,1701.0,
2021-01-05 09:30:14.521,,0.6959,20.0,0.6892,20.0,1701.0,
2021-01-05 09:30:15.520,,0.6952,20.0,0.6892,20.0,1701.0,
2021-01-05 09:30:15.991,,0.6952,20.0,0.6896,10.0,1701.0,
2021-01-05 09:30:16.531,,0.6955,10.0,0.6892,20.0,1701.0,
2021-01-05 09:30:17.021,,0.6945,20.0,0.6887,10.0,1701.0,
2021-01-05 09:30:17.641,,0.6945,20.0,0.6885,20.0,1701.0,
2021-01-05 09:30:18.231,,0.693,20.0,0.6878,20.0,1701.0,
2021-01-05 09:30:18.750,,0.693,20.0,0.6878,20.0,1701.0,
2021-01-05 09:30:19.251,,0.693,20.0,0.6862,10.0,1701.0,
2021-01-05 09:30:19.741,,0.6924,20.0,0.6862,10.0,1701.0,
2021-01-05 09:30:20.240,,0.6924,20.0,0.6862,30.0,1701.0,
2021-01-05 09:30:20.740,,0.693,20.0,0.6852,20.0,1701.0,
2021-01-05 09:30:21.241,,0.6936,20.0,0.6876,10.0,1701.0,
2021-01-05 09:30:21.741,,0.6929,20.0,0.686,10.0,1701.0,
2021-01-05 09:30:22.240,,0.6942,20.0,0.6881,10.0,1701.0,
2021-01-05 09:30:22.671,,0.6937,20.0,0.6881,20.0,1701.0,
2021-01-05 09:30:23.170,,0.6937,20.0,0.687,10.0,1701.0,
2021-01-05 09:30:23.670,,0.6948,20.0,0.6885,10.0,1701.0,
2021-01-05 09:30:24.661,,0.6956,20.0,0.6895,10.0,1701.0,
2021-01-05 09:30:25.160,,0.6956,20.0,0.6895,30.0,1701.0,
2021-01-05 09:30:25.671,,0.6964,30.0,0.6895,30.0,1701.0,
2021-01-05 09:30:27.671,,0.6961,10.0,0.6895,20.0,1701.0,
2021-01-05 09:30:28.161,0.6964,0.6964,18.0,0.6891,10.0,1701.0,2.0
2021-01-05 09:30:28.670,0.6964,0.6964,20.0,0.6891,31.0,1701.0,2.0
2021-01-05 09:30:29.661,0.6964,0.6964,20.0,0.6898,10.0,1701.0,2.0
2021-01-05 09:30:30.171,0.6964,0.6959,20.0,0.6893,10.0,1701.0,2.0
2021-01-05 09:30:30.620,0.6964,0.6954,20.0,0.6891,20.0,1701.0,2.0
2021-01-05 09:30:31.121,0.6964,0.6954,20.0,0.6887,10.0,1701.0,2.0
2021-01-05 09:30:32.140,0.6964,0.6948,20.0,0.6887,10.0,1701.0,2.0
2021-01-05 09:30:32.631,0.6964,0.6941,20.0,0.6885,20.0,1701.0,2.0
2021-01-05 09:30:33.671,0.6964,0.6941,20.0,0.6876,10.0,1701.0,2.0
2021-01-05 09:30:34.141,0.6964,0.6941,20.0,0.6876,30.0,1701.0,2.0
2021-01-05 09:30:34.670,0.6964,0.6941,20.0,0.6876,30.0,1701.0,2.0
2021-01-05 09:30:36.170,0.6964,0.6948,20.0,0.6886,10.0,1701.0,2.0
2021-01-05 09:30:36.691,0.6964,0.6948,20.0,0.6886,20.0,1701.0,2.0
2021-01-05 09:30:37.171,0.6964,0.6948,20.0,0.6877,10.0,1701.0,2.0
2021-01-05 09:30:38.141,0.6964,0.6948,20.0,0.6883,10.0,1701.0,2.0
2021-01-05 09:30:38.700,0.6964,0.6943,20.0,0.6883,20.0,1701.0,2.0
2021-01-05 09:30:39.680,0.6964,0.6948,20.0,0.6883,10.0,1701.0,2.0
2021-01-05 09:30:40.170,0.6964,0.6948,20.0,0.6883,20.0,1701.0,2.0
2021-01-05 09:30:40.690,0.6964,0.6948,20.0,0.6876,20.0,1701.0,2.0
2021-01-05 09:30:42.671,0.6964,0.6941,20.0,0.6876,20.0,1701.0,2.0
2021-01-05 09:30:43.180,0.6964,0.6941,20.0,0.6869,30.0,1701.0,2.0
2021-01-05 09:30:43.681,0.6964,0.6941,20.0,0.6869,30.0,1701.0,2.0
2021-01-05 09:30:44.181,0.6964,0.6934,20.0,0.6869,20.0,1701.0,2.0
2021-01-05 09:30:44.650,0.6964,0.6934,20.0,0.6869,20.0,1701.0,2.0
2021-01-05 09:30:45.161,0.6964,0.6934,20.0,0.6869,20.0,1701.0,2.0
2021-01-05 09:30:46.200,0.6964,0.6928,20.0,0.6869,20.0,1701.0,2.0
2021-01-05 09:30:47.191,0.6964,0.6928,20.0,0.6869,20.0,1701.0,2.0
2021-01-05 09:30:47.691,0.6964,0.6919,30.0,0.6854,20.0,1701.0,2.0
2021-01-05 09:30:48.200,0.6964,0.6919,30.0,0.6848,40.0,1701.0,2.0
2021-01-05 09:30:48.711,0.6964,0.6919,30.0,0.6848,40.0,1701.0,2.0
2021-01-05 09:30:49.210,0.6964,0.6919,20.0,0.6854,10.0,1701.0,2.0
2021-01-05 09:30:49.700,0.6964,0.6919,10.0,0.6854,20.0,1701.0,2.0
2021-01-05 09:30:50.171,0.6964,0.6914,10.0,0.6848,30.0,1701.0,2.0
2021-01-05 09:30:50.720,0.6964,0.692,20.0,0.6853,10.0,1701.0,2.0
2021-01-05 09:30:51.181,0.6964,0.6914,20.0,0.6853,30.0,1701.0,2.0
2021-01-05 09:30:51.721,0.6964,0.692,20.0,0.6853,20.0,1701.0,2.0
2021-01-05 09:30:52.221,0.6964,0.692,20.0,0.6849,10.0,1701.0,2.0
2021-01-05 09:30:52.651,0.6964,0.6917,10.0,0.6848,30.0,1701.0,2.0
2021-01-05 09:30:53.120,0.6964,0.6917,10.0,0.6848,30.0,1701.0,2.0
2021-01-05 09:30:53.660,0.6964,0.6917,10.0,0.6848,30.0,1701.0,2.0
2021-01-05 09:30:54.670,0.6964,0.6917,10.0,0.6848,30.0,1701.0,2.0
2021-01-05 09:30:55.081,0.6964,0.6911,10.0,0.6848,30.0,1701.0,2.0
2021-01-05 09:30:55.671,0.6964,0.691,20.0,0.6848,20.0,1701.0,2.0
2021-01-05 09:30:56.170,0.6964,0.691,20.0,0.6842,10.0,1701.0,2.0
2021-01-05 09:30:56.660,0.6964,0.691,20.0,0.6842,30.0,1701.0,2.0
2021-01-05 09:30:58.660,0.6964,0.691,20.0,0.6849,10.0,1701.0,2.0
2021-01-05 09:30:59.171,0.6964,0.6918,10.0,0.6849,30.0,1701.0,2.0
2021-01-05 09:31:00.161,0.6964,0.6917,10.0,0.6859,20.0,1701.0,2.0
2021-01-05 09:31:00.681,0.6964,0.692,20.0,0.6856,10.0,1701.0,2.0
2021-01-05 09:31:00.990,0.6964,0.6909,4.0,0.6858,10.0,1701.0,2.0
2021-01-05 09:31:01.680,0.6964,0.692,20.0,0.6878,10.0,1701.0,2.0
2021-01-05 09:31:02.170,0.6964,0.6911,4.0,0.6878,20.0,1701.0,2.0
2021-01-05 09:31:02.681,0.6964,0.6911,4.0,0.6864,20.0,1701.0,2.0
2021-01-05 09:31:03.131,0.6964,0.6921,20.0,0.6864,20.0,1701.0,2.0
2021-01-05 09:31:03.680,0.6964,0.6915,4.0,0.6868,10.0,1701.0,2.0
2021-01-05 09:31:04.181,0.6964,0.6936,20.0,0.6869,20.0,1701.0,2.0
2021-01-05 09:31:04.671,0.6964,0.692,4.0,0.6869,20.0,1701.0,2.0
2021-01-05 09:31:05.670,0.6964,0.692,4.0,0.6874,20.0,1701.0,2.0
2021-01-05 09:31:06.160,0.6964,0.692,4.0,0.6869,20.0,1701.0,2.0
2021-01-05 09:31:06.681,0.6964,0.692,4.0,0.6863,20.0,1701.0,2.0
2021-01-05 09:31:07.190,0.6964,0.692,4.0,0.6857,30.0,1701.0,2.0
2021-01-05 09:31:07.651,0.6964,0.692,4.0,0.6864,1.0,1701.0,2.0
2021-01-05 09:31:08.200,0.6964,0.692,4.0,0.6864,21.0,1701.0,2.0
2021-01-05 09:31:08.650,0.6964,0.691,10.0,0.6857,30.0,1701.0,2.0
2021-01-05 09:31:09.051,0.6964,0.6897,4.0,0.6864,20.0,1701.0,2.0
2021-01-05 09:31:09.701,0.6964,0.6897,4.0,0.6857,30.0,1701.0,2.0
2021-01-05 09:31:10.690,0.6964,0.6897,4.0,0.6857,30.0,1701.0,2.0
2021-01-05 09:31:11.170,0.6964,0.6897,4.0,0.6857,20.0,1701.0,2.0
2021-01-05 09:31:11.701,0.6964,0.6897,4.0,0.6854,10.0,1701.0,2.0
2021-01-05 09:31:12.171,0.6964,0.6897,24.0,0.6847,30.0,1701.0,2.0
2021-01-05 09:31:12.621,0.6964,0.6897,20.0,0.6858,10.0,1701.0,2.0
2021-01-05 09:31:13.170,0.6964,0.6919,10.0,0.6858,20.0,1701.0,2.0
2021-01-05 09:31:13.681,0.6964,0.6899,4.0,0.6847,20.0,1701.0,2.0
2021-01-05 09:31:14.200,0.6964,0.6899,24.0,0.6847,20.0,1701.0,2.0
2021-01-05 09:31:14.690,0.6964,0.6899,20.0,0.6855,10.0,1701.0,2.0
2021-01-05 09:31:15.110,0.6964,0.6904,20.0,0.6857,20.0,1701.0,2.0
2021-01-05 09:31:15.710,0.6964,0.6924,30.0,0.6857,20.0,1701.0,2.0
2021-01-05 09:31:16.161,0.6964,0.6905,4.0,0.6857,20.0,1701.0,2.0
2021-01-05 09:31:16.711,0.6964,0.6905,24.0,0.6857,20.0,1701.0,2.0
2021-01-05 09:31:17.201,0.6964,0.6905,24.0,0.6852,20.0,1701.0,2.0
2021-01-05 09:31:17.710,0.6964,0.6905,24.0,0.6848,10.0,1701.0,2.0
2021-01-05 09:31:18.720,0.6964,0.6905,24.0,0.6847,20.0,1701.0,2.0
2021-01-05 09:31:19.150,0.6964,0.6905,24.0,0.6847,20.0,1701.0,2.0
2021-01-05 09:31:19.721,0.6964,0.6905,24.0,0.6846,10.0,1701.0,2.0
2021-01-05 09:31:20.171,0.6964,0.6905,24.0,0.6846,20.0,1701.0,2.0
2021-01-05 09:31:20.701,0.6964,0.6905,24.0,0.684,20.0,1701.0,2.0
2021-01-05 09:31:21.221,0.6964,0.6905,24.0,0.6844,10.0,1701.0,2.0
2021-01-05 09:31:21.671,0.6964,0.6905,24.0,0.6847,20.0,1701.0,2.0
2021-01-05 09:31:22.211,0.6964,0.6905,24.0,0.6854,10.0,1701.0,2.0
2021-01-05 09:31:23.171,0.6964,0.6905,24.0,0.6854,30.0,1701.0,2.0
2021-01-05 09:31:24.161,0.6964,0.6905,24.0,0.6867,10.0,1701.0,2.0
2021-01-05 09:31:24.660,0.6964,0.6905,24.0,0.6867,20.0,1701.0,2.0
2021-01-05 09:31:25.150,0.6964,0.6905,24.0,0.6867,20.0,1701.0,2.0
2021-01-05 09:31:25.640,0.6964,0.6905,24.0,0.6854,30.0,1701.0,2.0
2021-01-05 09:31:26.141,0.6964,0.6905,24.0,0.6863,10.0,1701.0,2.0
2021-01-05 09:31:26.520,0.6964,0.6905,24.0,0.6863,20.0,1701.0,2.0
2021-01-05 09:31:27.171,0.6964,0.6905,24.0,0.6863,20.0,1701.0,2.0
2021-01-05 09:31:27.601,0.6964,0.6905,24.0,0.6863,20.0,1701.0,2.0
2021-01-05 09:31:28.610,0.6964,0.6905,24.0,0.6866,10.0,1701.0,2.0
2021-01-05 09:31:29.171,0.6964,0.6905,24.0,0.6863,20.0,1701.0,2.0
2021-01-05 09:31:30.170,0.6964,0.6905,24.0,0.6863,30.0,1701.0,2.0
2021-01-05 09:31:30.671,0.6964,0.6905,24.0,0.6863,20.0,1701.0,2.0
2021-01-05 09:31:31.150,0.6964,0.6905,24.0,0.6863,10.0,1701.0,2.0
2021-01-05 09:31:31.641,0.6964,0.6905,24.0,0.6863,20.0,1701.0,2.0
2021-01-05 09:31:32.191,0.6964,0.6905,24.0,0.6864,10.0,1701.0,2.0
2021-01-05 09:31:32.671,0.6964,0.6905,24.0,0.6863,20.0,1701.0,2.0
2021-01-05 09:31:33.190,0.6964,0.6905,24.0,0.6863,20.0,1701.0,2.0
2021-01-05 09:31:33.680,0.6964,0.6905,24.0,0.6863,20.0,1701.0,2.0
2021-01-05 09:31:34.181,0.6964,0.6905,24.0,0.6863,20.0,1701.0,2.0
2021-01-05 09:31:34.681,0.6964,0.6905,24.0,0.6865,10.0,1701.0,2.0
2021-01-05 09:31:35.190,0.6964,0.6905,24.0,0.6865,20.0,1701.0,2.0
2021-01-05 09:31:35.670,0.6964,0.6905,24.0,0.6865,20.0,1701.0,2.0
2021-01-05 09:31:36.181,0.6964,0.6905,24.0,0.6865,20.0,1701.0,2.0
2021-01-05 09:31:36.690,0.6964,0.6905,24.0,0.6867,10.0,1701.0,2.0
2021-01-05 09:31:37.191,0.6964,0.6905,24.0,0.6865,20.0,1701.0,2.0
2021-01-05 09:31:38.190,0.6964,0.6905,24.0,0.6865,20.0,1701.0,2.0
2021-01-05 09:31:39.210,0.6964,0.6905,24.0,0.6854,20.0,1701.0,2.0
2021-01-05 09:31:39.710,0.6964,0.6905,24.0,0.6854,20.0,1701.0,2.0
2021-01-05 09:31:40.200,0.6964,0.6905,24.0,0.6854,20.0,1701.0,2.0
2021-01-05 09:31:40.711,0.6964,0.6892,10.0,0.6848,20.0,1701.0,2.0
2021-01-05 09:31:41.191,0.6964,0.6881,4.0,0.6841,30.0,1701.0,2.0
2021-01-05 09:31:41.691,0.6964,0.6881,4.0,0.6841,20.0,1701.0,2.0
2021-01-05 09:31:42.211,0.6964,0.6881,4.0,0.6841,20.0,1701.0,2.0
2021-01-05 09:31:43.191,0.6964,0.6881,4.0,0.6843,10.0,1701.0,2.0
2021-01-05 09:31:43.710,0.6964,0.6881,4.0,0.6846,10.0,1701.0,2.0
2021-01-05 09:31:44.190,0.6964,0.6881,4.0,0.6846,30.0,1701.0,2.0
2021-01-05 09:31:44.691,0.6964,0.6889,10.0,0.6853,10.0,1701.0,2.0
2021-01-05 09:31:45.170,0.6964,0.6888,4.0,0.6853,20.0,1701.0,2.0
2021-01-05 09:31:45.700,0.6964,0.6888,4.0,0.6848,10.0,1701.0,2.0
2021-01-05 09:31:46.171,0.6964,0.6888,4.0,0.6846,20.0,1701.0,2.0
2021-01-05 09:31:46.701,0.6964,0.6888,4.0,0.6839,30.0,1701.0,2.0
2021-01-05 09:31:47.191,0.6964,0.6888,4.0,0.6844,10.0,1701.0,2.0
2021-01-05 09:31:47.690,0.6964,0.6888,4.0,0.6844,20.0,1701.0,2.0
2021-01-05 09:31:48.211,0.6964,0.6888,4.0,0.6844,20.0,1701.0,2.0
2021-01-05 09:31:48.691,0.6964,0.6888,4.0,0.6839,20.0,1701.0,2.0
2021-01-05 09:31:49.711,0.6964,0.6888,4.0,0.6839,20.0,1701.0,2.0
2021-01-05 09:31:50.191,0.6964,0.6884,20.0,0.6839,20.0,1701.0,2.0
2021-01-05 09:31:50.681,0.6964,0.6868,4.0,0.6827,10.0,1701.0,2.0
2021-01-05 09:31:51.210,0.6964,0.6868,24.0,0.6829,10.0,1701.0,2.0
2021-01-05 09:31:52.220,0.6964,0.6868,24.0,0.6829,10.0,1701.0,2.0
2021-01-05 09:31:52.621,0.6964,0.6865,10.0,0.6826,20.0,1701.0,2.0
2021-01-05 09:31:53.171,0.6964,0.6855,4.0,0.6809,30.0,1701.0,2.0
2021-01-05 09:31:53.630,0.6964,0.6855,24.0,0.6813,10.0,1701.0,2.0
2021-01-05 09:31:54.151,0.6964,0.6855,24.0,0.6811,10.0,1701.0,2.0
2021-01-05 09:31:54.520,0.6964,0.6855,24.0,0.6814,10.0,1701.0,2.0
2021-01-05 09:31:55.150,0.6964,0.6855,24.0,0.6814,20.0,1701.0,2.0
2021-01-05 09:31:55.670,0.6964,0.6855,24.0,0.6809,20.0,1701.0,2.0
2021-01-05 09:31:57.171,0.6964,0.6855,24.0,0.6809,20.0,1701.0,2.0
2021-01-05 09:31:57.651,0.6964,0.6855,24.0,0.6809,20.0,1701.0,2.0
2021-01-05 09:31:58.171,0.6964,0.6855,24.0,0.681,10.0,1701.0,2.0
2021-01-05 09:31:59.180,0.6964,0.6855,24.0,0.6809,20.0,1701.0,2.0
2021-01-05 09:31:59.660,0.6964,0.6855,24.0,0.6809,20.0,1701.0,2.0
2021-01-05 09:32:00.150,0.6964,0.6855,24.0,0.681,10.0,1701.0,2.0
2021-01-05 09:32:00.650,0.6964,0.6855,24.0,0.6809,20.0,1701.0,2.0
2021-01-05 09:32:01.170,0.6964,0.6855,24.0,0.6805,10.0,1701.0,2.0
2021-01-05 09:32:01.670,0.6964,0.6855,24.0,0.6811,10.0,1701.0,2.0
2021-01-05 09:32:02.171,0.6964,0.6855,24.0,0.6814,10.0,1701.0,2.0
2021-01-05 09:32:02.671,0.6964,0.6855,20.0,0.682,10.0,1701.0,2.0
2021-01-05 09:32:03.180,0.6964,0.6865,10.0,0.6822,10.0,1701.0,2.0
2021-01-05 09:32:04.150,0.6964,0.6865,10.0,0.6825,20.0,1701.0,2.0
2021-01-05 09:32:04.661,0.6964,0.6864,4.0,0.6825,20.0,1701.0,2.0
2021-01-05 09:32:05.130,0.6964,0.6864,4.0,0.682,20.0,1701.0,2.0
2021-01-05 09:32:05.660,0.6964,0.6864,4.0,0.6821,10.0,1701.0,2.0
2021-01-05 09:32:06.161,0.6964,0.6864,4.0,0.6821,20.0,1701.0,2.0
2021-01-05 09:32:06.680,0.6964,0.6864,4.0,0.6813,10.0,1701.0,2.0
2021-01-05 09:32:07.070,0.6964,0.6864,4.0,0.6819,10.0,1701.0,2.0
2021-01-05 09:32:07.671,0.6964,0.6864,4.0,0.6819,30.0,1701.0,2.0
2021-01-05 09:32:08.171,0.6964,0.6864,4.0,0.6819,30.0,1701.0,2.0
2021-01-05 09:32:08.670,0.6964,0.6864,4.0,0.6819,20.0,1701.0,2.0
2021-01-05 09:32:09.141,0.6964,0.6864,4.0,0.6814,20.0,1701.0,2.0
2021-01-05 09:32:09.681,0.6964,0.6864,4.0,0.681,10.0,1701.0,2.0
2021-01-05 09:32:10.161,0.6964,0.6864,4.0,0.6813,10.0,1701.0,2.0
2021-01-05 09:32:10.630,0.6964,0.6864,4.0,0.6815,10.0,1701.0,2.0
2021-01-05 09:32:11.170,0.6964,0.6864,4.0,0.6815,20.0,1701.0,2.0
2021-01-05 09:32:11.650,0.6964,0.6864,4.0,0.6817,10.0,1701.0,2.0
2021-01-05 09:32:12.161,0.6964,0.6864,4.0,0.682,10.0,1701.0,2.0
2021-01-05 09:32:12.670,0.6964,0.6864,4.0,0.6822,10.0,1701.0,2.0
2021-01-05 09:32:13.171,0.6964,0.6864,4.0,0.682,30.0,1701.0,2.0
2021-01-05 09:32:13.680,0.6964,0.6864,4.0,0.6821,10.0,1701.0,2.0
2021-01-05 09:32:14.660,0.6964,0.6864,4.0,0.682,20.0,1701.0,2.0
2021-01-05 09:32:15.171,0.6964,0.6864,4.0,0.6815,20.0,1701.0,2.0
2021-01-05 09:32:15.671,0.6964,0.6864,4.0,0.6811,10.0,1701.0,2.0
2021-01-05 09:32:16.151,0.6964,0.6864,4.0,0.6813,10.0,1701.0,2.0
2021-01-05 09:32:16.551,0.6964,0.6864,4.0,0.6813,30.0,1701.0,2.0
2021-01-05 09:32:17.161,0.6964,0.6864,4.0,0.6818,10.0,1701.0,2.0
2021-01-05 09:32:17.651,0.6964,0.6864,4.0,0.6818,20.0,1701.0,2.0
2021-01-05 09:32:18.130,0.6964,0.6864,4.0,0.6813,30.0,1701.0,2.0
2021-01-05 09:32:18.670,0.6964,0.6864,4.0,0.6813,20.0,1701.0,2.0
2021-01-05 09:32:19.670,0.6964,0.6857,10.0,0.6813,20.0,1701.0,2.0
2021-01-05 09:32:20.151,0.6964,0.6847,4.0,0.6813,20.0,1701.0,2.0
2021-01-05 09:32:20.600,0.6964,0.6857,30.0,0.6815,10.0,1701.0,2.0
2021-01-05 09:32:20.861,0.6964,0.6853,4.0,0.6819,10.0,1701.0,2.0
2021-01-05 09:32:21.680,0.6964,0.6857,20.0,0.6823,10.0,1701.0,2.0
2021-01-05 09:32:22.181,0.6964,0.6871,30.0,0.6822,10.0,1701.0,2.0
2021-01-05 09:32:22.650,0.6964,0.686,4.0,0.6822,10.0,1701.0,2.0
2021-01-05 09:32:23.140,0.6964,0.686,4.0,0.6822,10.0,1701.0,2.0
2021-01-05 09:32:24.091,0.6964,0.686,4.0,0.682,10.0,1701.0,2.0
2021-01-05 09:32:25.170,0.6964,0.686,4.0,0.6819,20.0,1701.0,2.0
2021-01-05 09:32:25.670,0.6964,0.686,4.0,0.6816,10.0,1701.0,2.0
2021-01-05 09:32:26.171,0.6964,0.6855,10.0,0.6813,20.0,1701.0,2.0
2021-01-05 09:32:26.581,0.6964,0.6846,4.0,0.6807,30.0,1701.0,2.0
2021-01-05 09:32:27.670,0.6964,0.6846,4.0,0.6807,30.0,1701.0,2.0
2021-01-05 09:32:28.630,0.6964,0.6846,4.0,0.6807,20.0,1701.0,2.0
2021-01-05 09:32:29.180,0.6964,0.6846,4.0,0.6807,20.0,1701.0,2.0
2021-01-05 09:32:30.171,0.6964,0.6846,4.0,0.6807,20.0,1701.0,2.0
2021-01-05 09:32:31.691,0.6964,0.6846,4.0,0.6807,20.0,1701.0,2.0
2021-01-05 09:32:32.121,0.6964,0.6846,4.0,0.6807,20.0,1701.0,2.0
2021-01-05 09:32:33.141,0.6964,0.6846,4.0,0.6807,20.0,1701.0,2.0
2021-01-05 09:32:33.671,0.6964,0.6846,4.0,0.6807,20.0,1701.0,2.0
2021-01-05 09:32:34.171,0.6964,0.6849,20.0,0.6807,20.0,1701.0,2.0
2021-01-05 09:32:34.691,0.6964,0.6855,30.0,0.6808,10.0,1701.0,2.0
2021-01-05 09:32:35.010,0.6964,0.6849,4.0,0.6807,20.0,1701.0,2.0
2021-01-05 09:32:35.671,0.6964,0.6849,4.0,0.6807,20.0,1701.0,2.0
2021-01-05 09:32:36.190,0.6964,0.6849,24.0,0.6807,20.0,1701.0,2.0
2021-01-05 09:32:38.190,0.6964,0.6849,24.0,0.6808,10.0,1701.0,2.0
2021-01-05 09:32:39.200,0.6964,0.6849,24.0,0.6807,20.0,1701.0,2.0
2021-01-05 09:32:39.630,0.6964,0.6849,24.0,0.6807,20.0,1701.0,2.0
2021-01-05 09:32:40.151,0.6964,0.6849,24.0,0.6807,20.0,1701.0,2.0
2021-01-05 09:32:41.690,0.6964,0.6849,24.0,0.6807,20.0,1701.0,2.0
2021-01-05 09:32:42.161,0.6964,0.6849,24.0,0.6807,20.0,1701.0,2.0
2021-01-05 09:32:42.700,0.6964,0.6849,24.0,0.6807,20.0,1701.0,2.0
2021-01-05 09:32:43.131,0.6964,0.6849,24.0,0.6802,40.0,1701.0,2.0
2021-01-05 09:32:43.580,0.6964,0.6849,24.0,0.6803,10.0,1701.0,2.0
2021-01-05 09:32:44.151,0.6964,0.6849,24.0,0.6803,10.0,1701.0,2.0
2021-01-05 09:32:44.700,0.6964,0.6849,20.0,0.6808,10.0,1701.0,2.0
2021-01-05 09:32:45.580,0.6964,0.685,4.0,0.6808,20.0,1701.0,2.0
2021-01-05 09:32:46.110,0.6964,0.685,24.0,0.6803,10.0,1701.0,2.0
2021-01-05 09:32:46.621,0.6964,0.685,24.0,0.6803,10.0,1701.0,2.0
2021-01-05 09:32:47.201,0.6964,0.685,24.0,0.6803,10.0,1701.0,2.0
2021-01-05 09:32:47.701,0.6964,0.685,24.0,0.6802,30.0,1701.0,2.0
2021-01-05 09:32:48.181,0.6964,0.685,24.0,0.6802,30.0,1701.0,2.0
2021-01-05 09:32:48.690,0.6964,0.685,24.0,0.6802,20.0,1701.0,2.0
2021-01-05 09:32:49.190,0.6964,0.685,24.0,0.6792,40.0,1701.0,2.0
2021-01-05 09:32:49.670,0.6964,0.6846,10.0,0.6792,20.0,1701.0,2.0
2021-01-05 09:32:50.171,0.6964,0.6826,4.0,0.6784,20.0,1701.0,2.0
2021-01-05 09:32:50.700,0.6964,0.6833,20.0,0.6788,10.0,1701.0,2.0
2021-01-05 09:32:51.170,0.6964,0.6826,20.0,0.6779,10.0,1701.0,2.0
2021-01-05 09:32:51.701,0.6964,0.6817,4.0,0.6785,20.0,1701.0,2.0
2021-01-05 09:32:52.191,0.6964,0.6817,20.0,0.6776,10.0,1701.0,2.0
2021-01-05 09:32:52.671,0.6964,0.6842,20.0,0.6776,30.0,1701.0,2.0
2021-01-05 09:32:53.040,0.6964,0.6832,4.0,0.678,10.0,1701.0,2.0
2021-01-05 09:32:53.641,0.6964,0.6832,20.0,0.6782,10.0,1701.0,2.0
2021-01-05 09:32:54.181,0.6964,0.6842,20.0,0.6791,10.0,1701.0,2.0
2021-01-05 09:32:54.651,0.6964,0.6842,20.0,0.6791,30.0,1701.0,2.0
2021-01-05 09:32:55.170,0.6964,0.6842,20.0,0.6791,30.0,1701.0,2.0
2021-01-05 09:32:55.650,0.6964,0.684,4.0,0.6791,30.0,1701.0,2.0
2021-01-05 09:32:56.150,0.6964,0.684,4.0,0.6791,20.0,1701.0,2.0
2021-01-05 09:32:56.611,0.6964,0.6828,10.0,0.6782,20.0,1701.0,2.0
2021-01-05 09:32:57.130,0.6964,0.6828,30.0,0.6782,20.0,1701.0,2.0
2021-01-05 09:32:57.600,0.6964,0.6828,30.0,0.6782,20.0,1701.0,2.0
2021-01-05 09:32:58.171,0.6964,0.6828,10.0,0.6782,20.0,1701.0,2.0
2021-01-05 09:32:58.651,0.6964,0.6828,10.0,0.6782,20.0,1701.0,2.0
2021-01-05 09:32:59.170,0.6964,0.6828,10.0,0.6782,20.0,1701.0,2.0
2021-01-05 09:32:59.621,0.6964,0.6828,10.0,0.6782,20.0,1701.0,2.0
2021-01-05 09:33:00.180,0.6964,0.6827,4.0,0.6782,20.0,1701.0,2.0
2021-01-05 09:33:00.651,0.6964,0.6827,4.0,0.6782,20.0,1701.0,2.0
2021-01-05 09:33:01.141,0.6964,0.6828,10.0,0.6782,20.0,1701.0,2.0
2021-01-05 09:33:01.661,0.6964,0.6831,20.0,0.6791,10.0,1701.0,2.0
2021-01-05 09:33:02.130,0.6964,0.6841,10.0,0.6791,30.0,1701.0,2.0
2021-01-05 09:33:02.570,0.6964,0.6841,10.0,0.6791,30.0,1701.0,2.0
2021-01-05 09:33:03.171,0.6964,0.6842,20.0,0.68,10.0,1701.0,2.0
2021-01-05 09:33:03.681,0.6964,0.6842,20.0,0.68,10.0,1701.0,2.0
2021-01-05 09:33:04.140,0.6964,0.6853,20.0,0.6809,10.0,1701.0,2.0
2021-01-05 09:33:04.651,0.6964,0.6865,30.0,0.6809,10.0,1701.0,2.0
2021-01-05 09:33:05.181,0.6964,0.6865,10.0,0.6815,10.0,1701.0,2.0
2021-01-05 09:33:05.690,0.6964,0.6865,10.0,0.6815,30.0,1701.0,2.0
2021-01-05 09:33:06.170,0.6964,0.6867,20.0,0.6819,10.0,1701.0,2.0
2021-01-05 09:33:06.681,0.6964,0.6881,20.0,0.6821,10.0,1701.0,2.0
2021-01-05 09:33:07.171,0.6964,0.6878,4.0,0.6825,10.0,1701.0,2.0
2021-01-05 09:33:07.601,0.6964,0.6878,4.0,0.682,20.0,1701.0,2.0
2021-01-05 09:33:08.191,0.6964,0.6878,4.0,0.682,20.0,1701.0,2.0
2021-01-05 09:33:08.681,0.6964,0.6864,10.0,0.682,20.0,1701.0,2.0
2021-01-05 09:33:09.181,0.6964,0.6863,4.0,0.682,20.0,1701.0,2.0
2021-01-05 09:33:09.630,0.6964,0.6863,4.0,0.682,20.0,1701.0,2.0
2021-01-05 09:33:10.180,0.6964,0.6863,4.0,0.6814,10.0,1701.0,2.0
2021-01-05 09:33:10.681,0.6964,0.6863,4.0,0.6821,10.0,1701.0,2.0
2021-01-05 09:33:11.180,0.6964,0.6863,4.0,0.6821,30.0,1701.0,2.0
2021-01-05 09:33:11.670,0.6964,0.6863,4.0,0.6821,30.0,1701.0,2.0
2021-01-05 09:33:12.181,0.6964,0.6863,4.0,0.6821,30.0,1701.0,2.0
2021-01-05 09:33:12.650,0.6964,0.6863,4.0,0.6821,20.0,1701.0,2.0
2021-01-05 09:33:13.100,0.6964,0.6863,4.0,0.6821,20.0,1701.0,2.0
2021-01-05 09:33:13.691,0.6964,0.6863,4.0,0.6815,20.0,1701.0,2.0
2021-01-05 09:33:14.070,0.6964,0.6863,4.0,0.6821,20.0,1701.0,2.0
2021-01-05 09:33:14.650,0.6964,0.6863,4.0,0.6815,20.0,1701.0,2.0
2021-01-05 09:33:15.651,0.6964,0.6863,4.0,0.6823,10.0,1701.0,2.0
2021-01-05 09:33:16.171,0.6964,0.6864,20.0,0.6823,10.0,1701.0,2.0
2021-01-05 09:33:16.590,0.6964,0.6871,10.0,0.6829,10.0,1701.0,2.0
2021-01-05 09:33:17.190,0.6964,0.6871,10.0,0.6829,30.0,1701.0,2.0
2021-01-05 09:33:18.160,0.6964,0.688,10.0,0.6831,10.0,1701.0,2.0
2021-01-05 09:33:18.680,0.6964,0.6874,4.0,0.6831,10.0,1701.0,2.0
2021-01-05 09:33:19.191,0.6964,0.6874,4.0,0.6831,10.0,1701.0,2.0
2021-01-05 09:33:19.520,0.6964,0.688,10.0,0.6835,10.0,1701.0,2.0
2021-01-05 09:33:20.171,0.6964,0.6879,4.0,0.6835,30.0,1701.0,2.0
2021-01-05 09:33:20.551,0.6964,0.6879,4.0,0.6835,30.0,1701.0,2.0
2021-01-05 09:33:21.160,0.6964,0.688,10.0,0.6835,40.0,1701.0,2.0
2021-01-05 09:33:21.681,0.6964,0.688,10.0,0.6835,30.0,1701.0,2.0
2021-01-05 09:33:22.150,0.6964,0.688,10.0,0.6835,40.0,1701.0,2.0
2021-01-05 09:33:22.670,0.6964,0.688,10.0,0.6842,10.0,1701.0,2.0
2021-01-05 09:33:23.051,0.6964,0.6881,20.0,0.6842,30.0,1701.0,2.0
2021-01-05 09:33:23.660,0.6964,0.6881,20.0,0.6842,30.0,1701.0,2.0
2021-01-05 09:33:24.171,0.6964,0.689,30.0,0.6842,30.0,1701.0,2.0
2021-01-05 09:33:24.651,0.6964,0.6881,4.0,0.6842,20.0,1701.0,2.0
2021-01-05 09:33:25.151,0.6964,0.6881,24.0,0.6842,20.0,1701.0,2.0
2021-01-05 09:33:25.581,0.6964,0.6879,10.0,0.6842,20.0,1701.0,2.0
2021-01-05 09:33:26.161,0.6964,0.6878,4.0,0.6835,40.0,1701.0,2.0
2021-01-05 09:33:26.651,0.6964,0.6878,4.0,0.6835,30.0,1701.0,2.0
2021-01-05 09:33:27.171,0.6964,0.6878,4.0,0.6837,10.0,1701.0,2.0
2021-01-05 09:33:27.681,0.6964,0.6878,4.0,0.6835,30.0,1701.0,2.0
2021-01-05 09:33:28.180,0.6964,0.6878,4.0,0.6835,30.0,1701.0,2.0
2021-01-05 09:33:28.670,0.6964,0.6878,4.0,0.6836,10.0,1701.0,2.0
2021-01-05 09:33:29.681,0.6964,0.6878,4.0,0.6835,30.0,1701.0,2.0
2021-01-05 09:33:30.180,0.6964,0.6878,4.0,0.6835,30.0,1701.0,2.0
2021-01-05 09:33:31.680,0.6964,0.6878,4.0,0.6835,30.0,1701.0,2.0
2021-01-05 09:33:32.170,0.6964,0.6878,4.0,0.6835,30.0,1701.0,2.0
2021-01-05 09:33:36.681,0.6964,0.6878,4.0,0.6835,40.0,1701.0,2.0
2021-01-05 09:33:37.190,0.6964,0.6881,20.0,0.6836,10.0,1701.0,2.0
2021-01-05 09:33:37.640,0.6964,0.6881,20.0,0.6842,10.0,1701.0,2.0
2021-01-05 09:33:38.621,0.6964,0.6881,20.0,0.6842,30.0,1701.0,2.0
2021-01-05 09:33:39.201,0.6964,0.6881,20.0,0.6842,30.0,1701.0,2.0
2021-01-05 09:33:39.641,0.6964,0.6881,20.0,0.6842,20.0,1701.0,2.0
2021-01-05 09:33:40.681,0.6964,0.6878,4.0,0.6835,30.0,1701.0,2.0
2021-01-05 09:33:41.161,0.6964,0.6878,4.0,0.6835,30.0,1701.0,2.0
2021-01-05 09:33:41.691,0.6964,0.6878,4.0,0.6835,30.0,1701.0,2.0
2021-01-05 09:33:42.160,0.6964,0.6878,4.0,0.6835,30.0,1701.0,2.0
2021-01-05 09:33:43.180,0.6964,0.6878,4.0,0.6835,30.0,1701.0,2.0
2021-01-05 09:33:43.681,0.6964,0.6878,4.0,0.6835,30.0,1701.0,2.0
2021-01-05 09:33:44.110,0.6964,0.6878,4.0,0.6835,30.0,1701.0,2.0
2021-01-05 09:33:44.671,0.6964,0.6878,4.0,0.6835,30.0,1701.0,2.0
2021-01-05 09:33:45.180,0.6964,0.6878,4.0,0.6835,30.0,1701.0,2.0
2021-01-05 09:33:45.660,0.6964,0.6878,4.0,0.6835,30.0,1701.0,2.0
2021-01-05 09:33:46.161,0.6964,0.6878,4.0,0.6835,30.0,1701.0,2.0
2021-01-05 09:33:46.680,0.6964,0.6878,4.0,0.6835,20.0,1701.0,2.0
2021-01-05 09:33:47.191,0.6964,0.6878,4.0,0.6819,30.0,1701.0,2.0
2021-01-05 09:33:47.681,0.6964,0.6878,4.0,0.6819,30.0,1701.0,2.0
2021-01-05 09:33:48.171,0.6964,0.6878,4.0,0.6819,30.0,1701.0,2.0
2021-01-05 09:33:48.680,0.6964,0.6878,4.0,0.6819,30.0,1701.0,2.0
2021-01-05 09:33:49.051,0.6964,0.6878,4.0,0.6819,30.0,1701.0,2.0
2021-01-05 09:33:49.681,0.6964,0.6876,20.0,0.6819,30.0,1701.0,2.0
2021-01-05 09:33:49.981,0.6964,0.6852,4.0,0.6819,30.0,1701.0,2.0
2021-01-05 09:33:50.670,0.6964,0.6852,24.0,0.6819,30.0,1701.0,2.0
2021-01-05 09:33:51.581,0.6964,0.6852,24.0,0.6819,30.0,1701.0,2.0
2021-01-05 09:33:52.190,0.6964,0.6852,20.0,0.6819,30.0,1701.0,2.0
2021-01-05 09:33:52.661,0.6964,0.6852,20.0,0.6819,30.0,1701.0,2.0
2021-01-05 09:33:53.650,0.6964,0.6852,20.0,0.6819,30.0,1701.0,2.0
2021-01-05 09:33:55.181,0.6964,0.6852,20.0,0.6819,30.0,1701.0,2.0
2021-01-05 09:33:55.650,0.6964,0.6852,20.0,0.6819,30.0,1701.0,2.0
2021-01-05 09:33:57.171,0.6964,0.6852,20.0,0.6819,30.0,1701.0,2.0
2021-01-05 09:33:57.671,0.6964,0.685,4.0,0.6819,30.0,1701.0,2.0
2021-01-05 09:33:58.170,0.6964,0.685,4.0,0.6819,20.0,1701.0,2.0
2021-01-05 09:33:58.670,0.6964,0.685,4.0,0.6806,30.0,1701.0,2.0
2021-01-05 09:33:59.140,0.6964,0.685,4.0,0.6806,30.0,1701.0,2.0
2021-01-05 09:33:59.590,0.6964,0.685,4.0,0.6806,20.0,1701.0,2.0
2021-01-05 09:34:00.191,0.6964,0.685,4.0,0.6795,30.0,1701.0,2.0
2021-01-05 09:34:00.671,0.6964,0.685,4.0,0.6795,30.0,1701.0,2.0
2021-01-05 09:34:01.661,0.6964,0.685,4.0,0.6795,30.0,1701.0,2.0
2021-01-05 09:34:02.170,0.6964,0.685,4.0,0.6796,10.0,1701.0,2.0
2021-01-05 09:34:02.671,0.6964,0.685,4.0,0.6795,30.0,1701.0,2.0
2021-01-05 09:34:03.171,0.6964,0.685,4.0,0.6795,30.0,1701.0,2.0
2021-01-05 09:34:03.670,0.6964,0.685,4.0,0.6795,30.0,1701.0,2.0
2021-01-05 09:34:04.120,0.6964,0.685,4.0,0.6795,30.0,1701.0,2.0
2021-01-05 09:34:05.121,0.6964,0.685,4.0,0.6795,30.0,1701.0,2.0
2021-01-05 09:34:06.681,0.6964,0.6829,10.0,0.6795,30.0,1701.0,2.0
2021-01-05 09:34:07.130,0.6964,0.6827,4.0,0.6795,30.0,1701.0,2.0
2021-01-05 09:34:07.601,0.6964,0.6827,4.0,0.6795,20.0,1701.0,2.0
2021-01-05 09:34:08.171,0.6964,0.682,10.0,0.6783,20.0,1701.0,2.0
2021-01-05 09:34:08.630,0.6964,0.6814,4.0,0.6783,20.0,1701.0,2.0
2021-01-05 09:34:09.170,0.6964,0.6814,24.0,0.6783,20.0,1701.0,2.0
2021-01-05 09:34:09.670,0.6964,0.682,30.0,0.6783,20.0,1701.0,2.0
2021-01-05 09:34:10.140,0.6964,0.682,30.0,0.6783,20.0,1701.0,2.0
2021-01-05 09:34:10.690,0.6964,0.6825,20.0,0.6783,40.0,1701.0,2.0
2021-01-05 09:34:11.151,0.6964,0.6832,30.0,0.6783,40.0,1701.0,2.0
2021-01-05 09:34:11.681,0.6964,0.6829,4.0,0.6793,10.0,1701.0,2.0
2021-01-05 09:34:12.121,0.6964,0.6832,20.0,0.6792,10.0,1701.0,2.0
2021-01-05 09:34:12.621,0.6964,0.6828,4.0,0.6792,20.0,1701.0,2.0
2021-01-05 09:34:13.191,0.6964,0.6828,24.0,0.6786,10.0,1701.0,2.0
2021-01-05 09:34:13.521,0.6964,0.6828,20.0,0.6791,20.0,1701.0,2.0
2021-01-05 09:34:14.181,0.6964,0.6841,30.0,0.6798,10.0,1701.0,2.0
2021-01-05 09:34:14.691,0.6964,0.6841,30.0,0.6801,10.0,1701.0,2.0
2021-01-05 09:34:15.181,0.6964,0.6849,20.0,0.6807,10.0,1701.0,2.0
2021-01-05 09:34:15.681,0.6964,0.6857,30.0,0.6807,30.0,1701.0,2.0
2021-01-05 09:34:16.190,0.6964,0.6846,10.0,0.6807,20.0,1701.0,2.0
2021-01-05 09:34:16.330,0.6964,0.6845,4.0,0.6798,30.0,1701.0,2.0
2021-01-05 09:34:16.970,0.6964,0.6845,4.0,0.6798,30.0,1701.0,2.0
2021-01-05 09:34:17.690,0.6964,0.6835,10.0,0.6798,30.0,1701.0,2.0
2021-01-05 09:34:18.140,0.6964,0.6833,4.0,0.6798,30.0,1701.0,2.0
2021-01-05 09:34:18.201,0.6964,0.6833,24.0,0.6798,30.0,1701.0,2.0
2021-01-05 09:34:19.041,0.6964,0.6833,24.0,0.6798,20.0,1701.0,2.0
2021-01-05 09:34:19.700,0.6964,0.6833,24.0,0.679,10.0,1701.0,2.0
2021-01-05 09:34:20.180,0.6964,0.6833,24.0,0.6786,30.0,1701.0,2.0
2021-01-05 09:34:21.690,0.6964,0.6833,24.0,0.6786,30.0,1701.0,2.0
2021-01-05 09:34:22.651,0.6964,0.6833,24.0,0.6786,30.0,1701.0,2.0
2021-01-05 09:34:24.600,0.6964,0.6833,24.0,0.6786,30.0,1701.0,2.0
2021-01-05 09:34:25.150,0.6964,0.6824,10.0,0.6786,30.0,1701.0,2.0
2021-01-05 09:34:25.350,0.6964,0.6823,4.0,0.6786,30.0,1701.0,2.0
2021-01-05 09:34:26.641,0.6964,0.6823,4.0,0.6786,30.0,1701.0,2.0
2021-01-05 09:34:27.150,0.6964,0.6823,4.0,0.6786,30.0,1701.0,2.0
2021-01-05 09:34:29.601,0.6964,0.6823,4.0,0.6786,30.0,1701.0,2.0
2021-01-05 09:34:30.170,0.6964,0.6823,4.0,0.6786,30.0,1701.0,2.0
2021-01-05 09:34:30.681,0.6964,0.6823,4.0,0.6786,30.0,1701.0,2.0
2021-01-05 09:34:31.190,0.6964,0.6823,4.0,0.6786,30.0,1701.0,2.0
2021-01-05 09:34:31.691,0.6964,0.6823,4.0,0.6786,30.0,1701.0,2.0
2021-01-05 09:34:33.691,0.6964,0.6823,4.0,0.6786,20.0,1701.0,2.0
2021-01-05 09:34:34.171,0.6964,0.6823,4.0,0.6775,30.0,1701.0,2.0
2021-01-05 09:34:34.640,0.6964,0.6823,4.0,0.6775,30.0,1701.0,2.0
2021-01-05 09:34:35.130,0.6964,0.6823,4.0,0.6775,30.0,1701.0,2.0
2021-01-05 09:34:35.691,0.6964,0.6814,10.0,0.6775,20.0,1701.0,2.0
2021-01-05 09:34:36.171,0.6964,0.6801,4.0,0.6775,20.0,1701.0,2.0
2021-01-05 09:34:36.680,0.6964,0.6801,4.0,0.6775,20.0,1701.0,2.0
2021-01-05 09:34:37.700,0.6964,0.6801,24.0,0.6775,20.0,1701.0,2.0
2021-01-05 09:34:38.171,0.6964,0.6801,24.0,0.6775,20.0,1701.0,2.0
2021-01-05 09:34:38.690,0.6964,0.6801,24.0,0.6775,20.0,1701.0,2.0
2021-01-05 09:34:39.091,0.6964,0.6801,24.0,0.6775,20.0,1701.0,2.0
2021-01-05 09:34:39.470,0.6964,0.6801,24.0,0.6765,20.0,1701.0,2.0
2021-01-05 09:34:40.171,0.6964,0.6801,24.0,0.6765,20.0,1701.0,2.0
2021-01-05 09:34:40.271,0.6964,0.6801,24.0,0.6765,20.0,1701.0,2.0
2021-01-05 09:34:41.201,0.6964,0.6801,24.0,0.6765,20.0,1701.0,2.0
2021-01-05 09:34:42.171,0.6964,0.6801,24.0,0.6765,20.0,1701.0,2.0
2021-01-05 09:34:42.680,0.6964,0.6801,24.0,0.6765,20.0,1701.0,2.0
2021-01-05 09:34:44.701,0.6964,0.6801,24.0,0.6765,20.0,1701.0,2.0
2021-01-05 09:34:45.200,0.6964,0.6801,24.0,0.6765,20.0,1701.0,2.0
2021-01-05 09:34:45.721,0.6964,0.6801,24.0,0.6765,20.0,1701.0,2.0
2021-01-05 09:34:46.140,0.6964,0.6795,10.0,0.6765,20.0,1701.0,2.0
2021-01-05 09:34:46.660,0.6964,0.6795,30.0,0.6765,20.0,1701.0,2.0
2021-01-05 09:34:47.181,0.6964,0.6789,4.0,0.6765,20.0,1701.0,2.0
2021-01-05 09:34:47.701,0.6964,0.6789,4.0,0.6765,20.0,1701.0,2.0
2021-01-05 09:34:48.141,0.6964,0.6789,4.0,0.6765,20.0,1701.0,2.0
2021-01-05 09:34:48.700,0.6964,0.6789,4.0,0.6749,30.0,1701.0,2.0
2021-01-05 09:34:49.210,0.6964,0.6789,4.0,0.6749,30.0,1701.0,2.0
2021-01-05 09:34:49.701,0.6964,0.6795,20.0,0.6753,10.0,1701.0,2.0
2021-01-05 09:34:50.220,0.6964,0.6795,20.0,0.6753,10.0,1701.0,2.0
2021-01-05 09:34:51.200,0.6964,0.6793,4.0,0.6753,10.0,1701.0,2.0
2021-01-05 09:34:51.701,0.6964,0.6793,4.0,0.6759,10.0,1701.0,2.0
2021-01-05 09:34:52.220,0.6964,0.6793,4.0,0.6759,30.0,1701.0,2.0
2021-01-05 09:34:52.650,0.6964,0.6793,4.0,0.6759,30.0,1701.0,2.0
2021-01-05 09:34:53.180,0.6964,0.6793,4.0,0.6759,20.0,1701.0,2.0
2021-01-05 09:34:53.651,0.6964,0.6793,4.0,0.6754,30.0,1701.0,2.0
2021-01-05 09:34:54.170,0.6964,0.6793,24.0,0.6754,30.0,1701.0,2.0
2021-01-05 09:34:54.631,0.6964,0.6793,24.0,0.6754,20.0,1701.0,2.0
2021-01-05 09:34:55.161,0.6964,0.6793,24.0,0.6749,20.0,1701.0,2.0
2021-01-05 09:34:56.141,0.6964,0.6783,10.0,0.6736,30.0,1701.0,2.0
2021-01-05 09:34:56.681,0.6964,0.6768,14.0,0.6736,30.0,1701.0,2.0
2021-01-05 09:34:57.171,0.6964,0.6768,14.0,0.6736,20.0,1701.0,2.0
2021-01-05 09:34:57.670,0.6964,0.6768,34.0,0.6724,30.0,1701.0,2.0
2021-01-05 09:34:58.160,0.6964,0.6768,34.0,0.6724,30.0,1701.0,2.0
2021-01-05 09:34:58.640,0.6964,0.6768,34.0,0.6724,30.0,1701.0,2.0
2021-01-05 09:34:59.170,0.6964,0.6768,34.0,0.6724,30.0,1701.0,2.0
2021-01-05 09:34:59.660,0.6964,0.6768,34.0,0.6724,30.0,1701.0,2.0
2021-01-05 09:35:00.640,0.6964,0.6768,34.0,0.6724,30.0,1701.0,2.0
2021-01-05 09:35:01.170,0.6964,0.6768,34.0,0.6724,30.0,1701.0,2.0
2021-01-05 09:35:01.620,0.6964,0.6768,24.0,0.6724,30.0,1701.0,2.0
2021-01-05 09:35:02.160,0.6964,0.6768,20.0,0.6724,30.0,1701.0,2.0
2021-01-05 09:35:02.680,0.6964,0.6779,10.0,0.6727,10.0,1701.0,2.0
2021-01-05 09:35:03.180,0.6964,0.6778,4.0,0.6734,10.0,1701.0,2.0
2021-01-05 09:35:03.510,0.6964,0.6778,4.0,0.6742,10.0,1701.0,2.0
2021-01-05 09:35:04.061,0.6964,0.6778,4.0,0.6742,20.0,1701.0,2.0
2021-01-05 09:35:04.661,0.6964,0.6778,24.0,0.6736,10.0,1701.0,2.0
2021-01-05 09:35:05.180,0.6964,0.6778,24.0,0.6736,10.0,1701.0,2.0
2021-01-05 09:35:05.671,0.6964,0.6778,24.0,0.6736,10.0,1701.0,2.0
2021-01-05 09:35:06.180,0.6964,0.6778,24.0,0.6736,10.0,1701.0,2.0
2021-01-05 09:35:06.680,0.6964,0.6778,24.0,0.6736,10.0,1701.0,2.0
2021-01-05 09:35:07.131,0.6964,0.6778,24.0,0.6734,20.0,1701.0,2.0
2021-01-05 09:35:07.650,0.6964,0.6775,10.0,0.6734,20.0,1701.0,2.0
2021-01-05 09:35:08.171,0.6964,0.6764,4.0,0.6727,30.0,1701.0,2.0
2021-01-05 09:35:09.191,0.6964,0.6762,10.0,0.6721,20.0,1701.0,2.0
2021-01-05 09:35:09.700,0.6964,0.6745,4.0,0.6714,30.0,1701.0,2.0
2021-01-05 09:35:10.180,0.6964,0.6745,24.0,0.6714,30.0,1701.0,2.0
2021-01-05 09:35:10.691,0.6964,0.6745,24.0,0.6714,30.0,1701.0,2.0
2021-01-05 09:35:11.160,0.6964,0.6745,24.0,0.6714,30.0,1701.0,2.0
2021-01-05 09:35:11.680,0.6964,0.6742,10.0,0.6714,30.0,1701.0,2.0
2021-01-05 09:35:12.101,0.6964,0.674,4.0,0.6714,30.0,1701.0,2.0
2021-01-05 09:35:12.691,0.6964,0.674,24.0,0.6714,30.0,1701.0,2.0
2021-01-05 09:35:13.181,0.6964,0.6745,20.0,0.6714,30.0,1701.0,2.0
2021-01-05 09:35:13.640,0.6964,0.6762,30.0,0.6719,10.0,1701.0,2.0
2021-01-05 09:35:14.191,0.6964,0.6762,20.0,0.673,10.0,1701.0,2.0
2021-01-05 09:35:14.700,0.6964,0.6778,30.0,0.6732,10.0,1701.0,2.0
2021-01-05 09:35:15.171,0.6964,0.6773,4.0,0.6746,20.0,1701.0,2.0
2021-01-05 09:35:15.701,0.6964,0.6773,4.0,0.6746,20.0,1701.0,2.0
2021-01-05 09:35:16.141,0.6964,0.6773,24.0,0.6739,20.0,1701.0,2.0
2021-01-05 09:35:16.681,0.6964,0.6773,24.0,0.673,20.0,1701.0,2.0
2021-01-05 09:35:17.670,0.6964,0.6773,24.0,0.673,20.0,1701.0,2.0
2021-01-05 09:35:18.681,0.6964,0.6773,4.0,0.6738,10.0,1701.0,2.0
2021-01-05 09:35:19.180,0.6964,0.6773,4.0,0.6738,30.0,1701.0,2.0
2021-01-05 09:35:19.641,0.6964,0.6778,20.0,0.6738,30.0,1701.0,2.0
2021-01-05 09:35:20.170,0.6964,0.6777,4.0,0.6738,30.0,1701.0,2.0
2021-01-05 09:35:20.631,0.6964,0.6777,4.0,0.6738,30.0,1701.0,2.0
2021-01-05 09:35:21.180,0.6964,0.6775,10.0,0.6738,30.0,1701.0,2.0
2021-01-05 09:35:21.601,0.6964,0.6769,4.0,0.673,20.0,1701.0,2.0
2021-01-05 09:35:22.171,0.6964,0.6769,24.0,0.673,20.0,1701.0,2.0
2021-01-05 09:35:22.521,0.6964,0.6766,10.0,0.673,20.0,1701.0,2.0
2021-01-05 09:35:23.680,0.6964,0.6765,4.0,0.673,20.0,1701.0,2.0
2021-01-05 09:35:24.171,0.6964,0.6765,4.0,0.673,20.0,1701.0,2.0
2021-01-05 09:35:24.671,0.6964,0.6765,4.0,0.673,20.0,1701.0,2.0
2021-01-05 09:35:25.061,0.6964,0.6765,4.0,0.673,20.0,1701.0,2.0
2021-01-05 09:35:26.651,0.6964,0.6765,4.0,0.6729,10.0,1701.0,2.0
2021-01-05 09:35:27.641,0.6964,0.6765,4.0,0.6729,10.0,1701.0,2.0
2021-01-05 09:35:29.641,0.6964,0.6765,4.0,0.6729,10.0,1701.0,2.0
2021-01-05 09:35:30.121,0.6964,0.6765,4.0,0.6729,10.0,1701.0,2.0
2021-01-05 09:35:31.170,0.6964,0.6765,4.0,0.6729,10.0,1701.0,2.0
2021-01-05 09:35:31.700,0.6964,0.6765,4.0,0.6729,10.0,1701.0,2.0
2021-01-05 09:35:32.161,0.6964,0.6765,4.0,0.6729,10.0,1701.0,2.0
2021-01-05 09:35:32.691,0.6964,0.6765,4.0,0.6729,10.0,1701.0,2.0
2021-01-05 09:35:33.191,0.6964,0.6765,4.0,0.6729,10.0,1701.0,2.0
2021-01-05 09:35:33.650,0.6964,0.6755,10.0,0.6725,20.0,1701.0,2.0
2021-01-05 09:35:34.180,0.6964,0.6751,4.0,0.6717,30.0,1701.0,2.0
2021-01-05 09:35:35.631,0.6964,0.6751,4.0,0.6717,30.0,1701.0,2.0
2021-01-05 09:35:36.480,0.6964,0.6746,10.0,0.6717,20.0,1701.0,2.0
2021-01-05 09:35:37.171,0.6964,0.6744,4.0,0.6708,30.0,1701.0,2.0
2021-01-05 09:35:37.640,0.6964,0.6744,4.0,0.6708,30.0,1701.0,2.0
2021-01-05 09:35:37.940,0.6964,0.6744,4.0,0.6708,30.0,1701.0,2.0
2021-01-05 09:35:38.651,0.6964,0.6746,20.0,0.6708,30.0,1701.0,2.0
2021-01-05 09:35:39.690,0.6964,0.6755,20.0,0.6708,30.0,1701.0,2.0
2021-01-05 09:35:40.191,0.6964,0.6754,4.0,0.6717,10.0,1701.0,2.0
2021-01-05 09:35:40.691,0.6964,0.6754,4.0,0.6717,30.0,1701.0,2.0
2021-01-05 09:35:41.190,0.6964,0.6755,20.0,0.6717,30.0,1701.0,2.0
2021-01-05 09:35:41.680,0.6964,0.6765,30.0,0.6717,30.0,1701.0,2.0
2021-01-05 09:35:41.970,0.6964,0.676,4.0,0.6717,30.0,1701.0,2.0
2021-01-05 09:35:42.410,0.6964,0.6752,10.0,0.6717,30.0,1701.0,2.0
2021-01-05 09:35:43.190,0.6964,0.6748,4.0,0.6717,30.0,1701.0,2.0
2021-01-05 09:35:43.661,0.6964,0.6752,30.0,0.6717,30.0,1701.0,2.0
2021-01-05 09:35:44.101,0.6964,0.6751,4.0,0.6717,30.0,1701.0,2.0
2021-01-05 09:35:45.071,0.6964,0.6751,4.0,0.6708,30.0,1701.0,2.0
2021-01-05 09:35:45.670,0.6964,0.6751,4.0,0.6708,30.0,1701.0,2.0
2021-01-05 09:35:46.141,0.6964,0.6739,10.0,0.6708,20.0,1701.0,2.0
2021-01-05 09:35:46.441,0.6964,0.6736,4.0,0.6699,30.0,1701.0,2.0
2021-01-05 09:35:47.691,0.6964,0.6736,4.0,0.6699,30.0,1701.0,2.0
2021-01-05 09:35:48.181,0.6964,0.6736,4.0,0.6699,20.0,1701.0,2.0
2021-01-05 09:35:48.700,0.6964,0.6736,4.0,0.6699,20.0,1701.0,2.0
2021-01-05 09:35:49.180,0.6964,0.6736,4.0,0.669,40.0,1701.0,2.0
2021-01-05 09:35:50.150,0.6964,0.6736,4.0,0.669,40.0,1701.0,2.0
2021-01-05 09:35:50.680,0.6964,0.6736,4.0,0.669,40.0,1701.0,2.0
2021-01-05 09:35:51.710,0.6964,0.6736,4.0,0.669,50.0,1701.0,2.0
2021-01-05 09:35:53.111,0.6964,0.6736,4.0,0.669,50.0,1701.0,2.0
2021-01-05 09:35:54.161,0.6964,0.6736,4.0,0.669,50.0,1701.0,2.0
2021-01-05 09:35:54.640,0.6964,0.6736,4.0,0.6703,10.0,1701.0,2.0
2021-01-05 09:35:55.151,0.6964,0.6739,20.0,0.6707,10.0,1701.0,2.0
2021-01-05 09:35:55.691,0.6964,0.6752,20.0,0.6713,10.0,1701.0,2.0
2021-01-05 09:35:56.121,0.6964,0.6744,4.0,0.6713,30.0,1701.0,2.0
2021-01-05 09:35:56.690,0.6964,0.6744,4.0,0.6713,30.0,1701.0,2.0
2021-01-05 09:35:58.150,0.6964,0.6744,4.0,0.6713,30.0,1701.0,2.0
2021-01-05 09:35:58.701,0.6964,0.6744,4.0,0.6713,30.0,1701.0,2.0
2021-01-05 09:35:59.160,0.6964,0.6744,4.0,0.6713,30.0,1701.0,2.0
2021-01-05 09:36:00.201,0.6964,0.6742,10.0,0.6713,20.0,1701.0,2.0
2021-01-05 09:36:00.680,0.6964,0.6729,4.0,0.6703,20.0,1701.0,2.0
2021-01-05 09:36:01.181,0.6964,0.6729,24.0,0.6703,20.0,1701.0,2.0
2021-01-05 09:36:01.671,0.6964,0.6729,24.0,0.6703,20.0,1701.0,2.0
2021-01-05 09:36:02.170,0.6964,0.6734,20.0,0.6703,20.0,1701.0,2.0
2021-01-05 09:36:02.701,0.6964,0.6749,30.0,0.6703,20.0,1701.0,2.0
2021-01-05 09:36:03.150,0.6964,0.6749,20.0,0.6712,10.0,1701.0,2.0
2021-01-05 09:36:03.700,0.6964,0.676,30.0,0.6712,30.0,1701.0,2.0
2021-01-05 09:36:04.161,0.6964,0.675,4.0,0.6712,30.0,1701.0,2.0
2021-01-05 09:36:04.670,0.6964,0.675,24.0,0.6712,30.0,1701.0,2.0
2021-01-05 09:36:05.690,0.6964,0.675,24.0,0.6712,30.0,1701.0,2.0
2021-01-05 09:36:06.180,0.6964,0.675,24.0,0.6712,30.0,1701.0,2.0
2021-01-05 09:36:06.700,0.6964,0.675,24.0,0.6712,30.0,1701.0,2.0
2021-01-05 09:36:06.940,0.6964,0.675,24.0,0.6712,30.0,1701.0,2.0
2021-01-05 09:36:07.640,0.6964,0.675,24.0,0.6712,30.0,1701.0,2.0
2021-01-05 09:36:09.161,0.6964,0.675,24.0,0.6712,30.0,1701.0,2.0
2021-01-05 09:36:10.151,0.6964,0.675,20.0,0.6713,20.0,1701.0,2.0
2021-01-05 09:36:10.671,0.6964,0.675,20.0,0.6722,10.0,1701.0,2.0
2021-01-05 09:36:11.180,0.6964,0.676,20.0,0.6722,30.0,1701.0,2.0
2021-01-05 09:36:11.651,0.6964,0.6753,4.0,0.6722,30.0,1701.0,2.0
2021-01-05 09:36:12.181,0.6964,0.6753,24.0,0.6722,30.0,1701.0,2.0
2021-01-05 09:36:13.190,0.6964,0.6753,24.0,0.6722,30.0,1701.0,2.0
2021-01-05 09:36:14.150,0.6964,0.6753,24.0,0.6722,30.0,1701.0,2.0
2021-01-05 09:36:15.170,0.6964,0.6753,24.0,0.6722,30.0,1701.0,2.0
2021-01-05 09:36:16.150,0.6964,0.6753,24.0,0.6722,30.0,1701.0,2.0
2021-01-05 09:36:18.680,0.6964,0.6753,4.0,0.6722,30.0,1701.0,2.0
2021-01-05 09:36:19.151,0.6964,0.6753,24.0,0.6722,30.0,1701.0,2.0
2021-01-05 09:36:19.691,0.6964,0.6753,4.0,0.6722,30.0,1701.0,2.0
2021-01-05 09:36:20.161,0.6964,0.6753,4.0,0.6722,30.0,1701.0,2.0
2021-01-05 09:36:21.091,0.6964,0.676,20.0,0.6722,30.0,1701.0,2.0
2021-01-05 09:36:21.691,0.6964,0.676,20.0,0.6722,30.0,1701.0,2.0
2021-01-05 09:36:22.171,0.6964,0.676,20.0,0.6722,30.0,1701.0,2.0
2021-01-05 09:36:22.680,0.6964,0.676,20.0,0.6722,30.0,1701.0,2.0
2021-01-05 09:36:23.191,0.6964,0.676,20.0,0.6722,30.0,1701.0,2.0
2021-01-05 09:36:23.681,0.6964,0.6757,4.0,0.6722,30.0,1701.0,2.0
2021-01-05 09:36:24.171,0.6964,0.6757,4.0,0.6722,30.0,1701.0,2.0
2021-01-05 09:36:25.650,0.6964,0.6757,4.0,0.6722,30.0,1701.0,2.0
2021-01-05 09:36:26.651,0.6964,0.6757,4.0,0.6722,30.0,1701.0,2.0
2021-01-05 09:36:27.070,0.6964,0.6757,4.0,0.6722,20.0,1701.0,2.0
2021-01-05 09:36:27.690,0.6964,0.6757,4.0,0.6722,20.0,1701.0,2.0
2021-01-05 09:36:28.040,0.6964,0.6757,4.0,0.6712,30.0,1701.0,2.0
2021-01-05 09:36:29.100,0.6964,0.6748,10.0,0.6712,20.0,1701.0,2.0
2021-01-05 09:36:29.661,0.6964,0.673,4.0,0.6712,20.0,1701.0,2.0
2021-01-05 09:36:30.161,0.6964,0.673,4.0,0.67,30.0,1701.0,2.0
2021-01-05 09:36:30.651,0.6964,0.673,4.0,0.6712,20.0,1701.0,2.0
2021-01-05 09:36:31.181,0.6964,0.673,4.0,0.67,30.0,1701.0,2.0
2021-01-05 09:36:33.200,0.6964,0.673,4.0,0.67,30.0,1701.0,2.0
2021-01-05 09:36:33.670,0.6964,0.6734,20.0,0.67,30.0,1701.0,2.0
2021-01-05 09:36:34.091,0.6964,0.6734,20.0,0.67,30.0,1701.0,2.0
2021-01-05 09:36:34.671,0.6964,0.6748,30.0,0.67,30.0,1701.0,2.0
2021-01-05 09:36:34.971,0.6964,0.6737,4.0,0.67,30.0,1701.0,2.0
2021-01-05 09:36:35.701,0.6964,0.6737,4.0,0.67,30.0,1701.0,2.0
2021-01-05 09:36:36.041,0.6964,0.6737,4.0,0.67,30.0,1701.0,2.0
2021-01-05 09:36:36.700,0.6964,0.6737,24.0,0.67,30.0,1701.0,2.0
2021-01-05 09:36:37.691,0.6964,0.6737,24.0,0.67,30.0,1701.0,2.0
2021-01-05 09:36:38.120,0.6964,0.6737,24.0,0.67,30.0,1701.0,2.0
2021-01-05 09:36:40.191,0.6964,0.6737,24.0,0.67,30.0,1701.0,2.0
2021-01-05 09:36:40.671,0.6964,0.6737,24.0,0.67,30.0,1701.0,2.0
2021-01-05 09:36:41.201,0.6964,0.6737,24.0,0.67,30.0,1701.0,2.0
2021-01-05 09:36:41.641,0.6964,0.6737,24.0,0.67,30.0,1701.0,2.0
2021-01-05 09:36:42.200,0.6964,0.6737,24.0,0.67,30.0,1701.0,2.0
2021-01-05 09:36:42.690,0.6964,0.6737,24.0,0.67,30.0,1701.0,2.0
2021-01-05 09:36:43.111,0.6964,0.6737,24.0,0.67,30.0,1701.0,2.0
2021-01-05 09:36:43.700,0.6964,0.6737,24.0,0.67,30.0,1701.0,2.0
2021-01-05 09:36:44.200,0.6964,0.6737,24.0,0.67,30.0,1701.0,2.0
2021-01-05 09:36:45.191,0.6964,0.6737,24.0,0.67,30.0,1701.0,2.0
2021-01-05 09:36:45.631,0.6964,0.6737,24.0,0.67,20.0,1701.0,2.0
2021-01-05 09:36:46.190,0.6964,0.6733,10.0,0.67,20.0,1701.0,2.0
2021-01-05 09:36:46.501,0.6964,0.6718,4.0,0.6693,20.0,1701.0,2.0
2021-01-05 09:36:47.130,0.6964,0.6718,4.0,0.6693,20.0,1701.0,2.0
2021-01-05 09:36:47.660,0.6964,0.6718,24.0,0.6693,20.0,1701.0,2.0
2021-01-05 09:36:48.130,0.6964,0.6718,4.0,0.6693,20.0,1701.0,2.0
2021-01-05 09:36:48.630,0.6964,0.6718,4.0,0.6682,40.0,1701.0,2.0
2021-01-05 09:36:49.181,0.6964,0.6718,4.0,0.6693,20.0,1701.0,2.0
2021-01-05 09:36:49.700,0.6964,0.6718,4.0,0.6682,40.0,1701.0,2.0
2021-01-05 09:36:50.201,0.6964,0.6718,4.0,0.6682,40.0,1701.0,2.0
2021-01-05 09:36:50.670,0.6964,0.6718,4.0,0.6682,40.0,1701.0,2.0
2021-01-05 09:36:51.671,0.6964,0.6718,4.0,0.6682,40.0,1701.0,2.0
2021-01-05 09:36:53.191,0.6964,0.6718,4.0,0.6682,40.0,1701.0,2.0
2021-01-05 09:36:53.671,0.6964,0.6718,4.0,0.6682,30.0,1701.0,2.0
2021-01-05 09:36:54.180,0.6964,0.6718,4.0,0.6682,30.0,1701.0,2.0
2021-01-05 09:36:54.631,0.6964,0.6719,20.0,0.6682,30.0,1701.0,2.0
2021-01-05 09:36:55.171,0.6964,0.673,30.0,0.6682,30.0,1701.0,2.0
2021-01-05 09:36:55.260,0.6964,0.6729,4.0,0.6682,30.0,1701.0,2.0
2021-01-05 09:36:56.141,0.6964,0.6729,4.0,0.6682,30.0,1701.0,2.0
2021-01-05 09:36:56.601,0.6964,0.6729,4.0,0.6682,30.0,1701.0,2.0
2021-01-05 09:36:57.630,0.6964,0.6729,4.0,0.6682,30.0,1701.0,2.0
2021-01-05 09:36:59.181,0.6964,0.6729,4.0,0.6682,30.0,1701.0,2.0
2021-01-05 09:36:59.690,0.6964,0.6729,4.0,0.6682,30.0,1701.0,2.0
2021-01-05 09:37:01.640,0.6964,0.6729,4.0,0.6682,30.0,1701.0,2.0
2021-01-05 09:37:02.191,0.6964,0.6729,4.0,0.6682,30.0,1701.0,2.0
2021-01-05 09:37:02.640,0.6964,0.6729,4.0,0.6682,30.0,1701.0,2.0
2021-01-05 09:37:03.151,0.6964,0.6729,4.0,0.6682,30.0,1701.0,2.0
2021-01-05 09:37:03.630,0.6964,0.6729,4.0,0.6682,30.0,1701.0,2.0
2021-01-05 09:37:04.200,0.6964,0.6737,20.0,0.6693,10.0,1701.0,2.0
2021-01-05 09:37:05.140,0.6964,0.6737,20.0,0.6693,30.0,1701.0,2.0
2021-01-05 09:37:05.701,0.6964,0.6737,20.0,0.6693,40.0,1701.0,2.0
2021-01-05 09:37:06.700,0.6964,0.6737,20.0,0.6693,50.0,1701.0,2.0
2021-01-05 09:37:07.180,0.6964,0.6737,20.0,0.6693,50.0,1701.0,2.0
2021-01-05 09:37:07.681,0.6964,0.6737,20.0,0.6693,40.0,1701.0,2.0
2021-01-05 09:37:08.190,0.6964,0.6735,4.0,0.6693,30.0,1701.0,2.0
2021-01-05 09:37:08.630,0.6964,0.6735,4.0,0.6693,30.0,1701.0,2.0
2021-01-05 09:37:09.170,0.6964,0.6733,10.0,0.6693,30.0,1701.0,2.0
2021-01-05 09:37:09.620,0.6964,0.6726,4.0,0.6693,30.0,1701.0,2.0
2021-01-05 09:37:10.121,0.6964,0.6726,20.0,0.6693,30.0,1701.0,2.0
2021-01-05 09:37:10.701,0.6964,0.6737,20.0,0.6696,10.0,1701.0,2.0
2021-01-05 09:37:12.620,0.6964,0.6737,20.0,0.6698,10.0,1701.0,2.0
2021-01-05 09:37:13.181,0.6964,0.6737,20.0,0.6702,10.0,1701.0,2.0
2021-01-05 09:37:13.681,0.6964,0.6736,4.0,0.6702,10.0,1701.0,2.0
2021-01-05 09:37:14.171,0.6964,0.6736,4.0,0.6702,10.0,1701.0,2.0
2021-01-05 09:37:15.160,0.6964,0.6736,4.0,0.6698,20.0,1701.0,2.0
2021-01-05 09:37:15.700,0.6964,0.6736,4.0,0.6693,20.0,1701.0,2.0
2021-01-05 09:37:16.201,0.6964,0.6736,4.0,0.6693,20.0,1701.0,2.0
2021-01-05 09:37:16.461,0.6964,0.6736,4.0,0.6693,20.0,1701.0,2.0
2021-01-05 09:37:17.200,0.6964,0.6736,4.0,0.6693,20.0,1701.0,2.0
2021-01-05 09:37:19.131,0.6964,0.6736,4.0,0.6693,20.0,1701.0,2.0
2021-01-05 09:37:19.711,0.6964,0.6736,4.0,0.6693,20.0,1701.0,2.0
2021-01-05 09:37:21.200,0.6964,0.6736,4.0,0.6693,20.0,1701.0,2.0
2021-01-05 09:37:21.701,0.6964,0.6736,4.0,0.6693,20.0,1701.0,2.0
2021-01-05 09:37:22.030,0.6964,0.6736,4.0,0.6701,10.0,1701.0,2.0
2021-01-05 09:37:22.641,0.6964,0.6736,4.0,0.6701,30.0,1701.0,2.0
2021-01-05 09:37:23.150,0.6964,0.6736,4.0,0.6701,40.0,1701.0,2.0
2021-01-05 09:37:23.661,0.6964,0.6736,4.0,0.6701,40.0,1701.0,2.0
2021-01-05 09:37:24.080,0.6964,0.6736,4.0,0.6701,40.0,1701.0,2.0
2021-01-05 09:37:24.631,0.6964,0.6736,4.0,0.6701,40.0,1701.0,2.0
2021-01-05 09:37:25.200,0.6964,0.6736,4.0,0.6701,40.0,1701.0,2.0
2021-01-05 09:37:25.670,0.6964,0.6736,4.0,0.6701,40.0,1701.0,2.0
2021-01-05 09:37:26.650,0.6964,0.6736,4.0,0.6701,40.0,1701.0,2.0
2021-01-05 09:37:29.130,0.6964,0.6736,4.0,0.6701,40.0,1701.0,2.0
2021-01-05 09:37:30.191,0.6964,0.6736,4.0,0.6701,40.0,1701.0,2.0
2021-01-05 09:37:30.590,0.6964,0.6736,4.0,0.6701,30.0,1701.0,2.0
2021-01-05 09:37:31.190,0.6964,0.6736,4.0,0.6701,30.0,1701.0,2.0
2021-01-05 09:37:32.651,0.6964,0.6736,4.0,0.6701,30.0,1701.0,2.0
2021-01-05 09:37:33.180,0.6964,0.6736,4.0,0.6701,20.0,1701.0,2.0
2021-01-05 09:37:33.701,0.6964,0.6736,4.0,0.6701,20.0,1701.0,2.0
2021-01-05 09:37:34.200,0.6964,0.6736,4.0,0.6693,20.0,1701.0,2.0
2021-01-05 09:37:35.170,0.6964,0.6736,4.0,0.6693,20.0,1701.0,2.0
2021-01-05 09:37:35.650,0.6964,0.6736,4.0,0.6693,20.0,1701.0,2.0
2021-01-05 09:37:36.200,0.6964,0.6736,4.0,0.6693,20.0,1701.0,2.0
2021-01-05 09:37:36.671,0.6964,0.6736,4.0,0.6693,20.0,1701.0,2.0
2021-01-05 09:37:37.180,0.6964,0.6736,4.0,0.6698,10.0,1701.0,2.0
2021-01-05 09:37:37.691,0.6964,0.6736,4.0,0.6698,30.0,1701.0,2.0
2021-01-05 09:37:38.161,0.6964,0.6736,4.0,0.6698,30.0,1701.0,2.0
2021-01-05 09:37:38.651,0.6964,0.6737,20.0,0.6698,30.0,1701.0,2.0
2021-01-05 09:37:39.170,0.6964,0.6737,20.0,0.6707,10.0,1701.0,2.0
2021-01-05 09:37:39.291,0.6964,0.675,30.0,0.6707,30.0,1701.0,2.0
2021-01-05 09:37:40.021,0.6964,0.6741,4.0,0.6707,30.0,1701.0,2.0
2021-01-05 09:37:40.701,0.6964,0.6741,20.0,0.6707,30.0,1701.0,2.0
2021-01-05 09:37:41.131,0.6964,0.675,30.0,0.6707,30.0,1701.0,2.0
2021-01-05 09:37:41.660,0.6964,0.6744,4.0,0.6707,30.0,1701.0,2.0
2021-01-05 09:37:42.691,0.6964,0.6744,24.0,0.6707,30.0,1701.0,2.0
2021-01-05 09:37:43.181,0.6964,0.6744,20.0,0.6707,30.0,1701.0,2.0
2021-01-05 09:37:43.640,0.6964,0.675,30.0,0.6709,10.0,1701.0,2.0
2021-01-05 09:37:44.140,0.6964,0.675,30.0,0.6717,10.0,1701.0,2.0
2021-01-05 09:37:44.651,0.6964,0.675,30.0,0.6717,30.0,1701.0,2.0
2021-01-05 09:37:45.191,0.6964,0.675,20.0,0.6717,30.0,1701.0,2.0
2021-01-05 09:37:45.650,0.6964,0.676,30.0,0.6717,30.0,1701.0,2.0
2021-01-05 09:37:46.161,0.6964,0.6755,4.0,0.6717,30.0,1701.0,2.0
2021-01-05 09:37:46.601,0.6964,0.6755,24.0,0.6717,30.0,1701.0,2.0
2021-01-05 09:37:47.661,0.6964,0.6755,24.0,0.6717,30.0,1701.0,2.0
2021-01-05 09:37:48.201,0.6964,0.6751,10.0,0.6717,30.0,1701.0,2.0
2021-01-05 09:37:48.700,0.6964,0.6751,10.0,0.6717,30.0,1701.0,2.0
2021-01-05 09:37:48.841,0.6964,0.6748,4.0,0.6717,30.0,1701.0,2.0
2021-01-05 09:37:49.670,0.6964,0.6748,4.0,0.6717,30.0,1701.0,2.0
2021-01-05 09:37:50.220,0.6964,0.6748,24.0,0.6717,30.0,1701.0,2.0
2021-01-05 09:37:51.691,0.6964,0.6748,24.0,0.6717,20.0,1701.0,2.0
2021-01-05 09:37:52.191,0.6964,0.6748,24.0,0.6717,20.0,1701.0,2.0
2021-01-05 09:37:52.631,0.6964,0.6748,24.0,0.6707,30.0,1701.0,2.0
2021-01-05 09:37:53.161,0.6964,0.6748,24.0,0.6707,30.0,1701.0,2.0
2021-01-05 09:37:53.620,0.6964,0.6748,24.0,0.6707,30.0,1701.0,2.0
2021-01-05 09:37:54.170,0.6964,0.6748,24.0,0.6707,30.0,1701.0,2.0
2021-01-05 09:37:56.121,0.6964,0.6748,24.0,0.6707,30.0,1701.0,2.0
2021-01-05 09:37:56.611,0.6964,0.6748,24.0,0.6707,40.0,1701.0,2.0
2021-01-05 09:37:57.170,0.6964,0.6748,24.0,0.6716,10.0,1701.0,2.0
2021-01-05 09:37:57.601,0.6964,0.6755,20.0,0.6716,30.0,1701.0,2.0
2021-01-05 09:37:58.091,0.6964,0.6754,4.0,0.6716,30.0,1701.0,2.0
2021-01-05 09:37:58.640,0.6964,0.6754,4.0,0.6716,30.0,1701.0,2.0
2021-01-05 09:37:59.161,0.6964,0.6754,4.0,0.6716,30.0,1701.0,2.0
2021-01-05 09:38:02.190,0.6964,0.6754,4.0,0.6716,30.0,1701.0,2.0
2021-01-05 09:38:02.680,0.6964,0.6754,4.0,0.6716,30.0,1701.0,2.0
2021-01-05 09:38:03.191,0.6964,0.6754,4.0,0.6716,30.0,1701.0,2.0
2021-01-05 09:38:04.190,0.6964,0.6752,10.0,0.6716,20.0,1701.0,2.0
2021-01-05 09:38:04.680,0.6964,0.6736,4.0,0.6707,30.0,1701.0,2.0
2021-01-05 09:38:05.181,0.6964,0.6736,24.0,0.6707,30.0,1701.0,2.0
2021-01-05 09:38:06.691,0.6964,0.6736,24.0,0.6707,30.0,1701.0,2.0
2021-01-05 09:38:07.200,0.6964,0.6736,24.0,0.6707,30.0,1701.0,2.0
2021-01-05 09:38:07.690,0.6964,0.6736,14.0,0.6696,10.0,1701.0,2.0
2021-01-05 09:38:08.151,0.6964,0.6736,34.0,0.6696,30.0,1701.0,2.0
2021-01-05 09:38:09.160,0.6964,0.6736,34.0,0.6696,30.0,1701.0,2.0
2021-01-05 09:38:09.681,0.6964,0.6736,34.0,0.6696,30.0,1701.0,2.0
2021-01-05 09:38:10.180,0.6964,0.6736,34.0,0.6696,30.0,1701.0,2.0
2021-01-05 09:38:10.670,0.6964,0.6727,10.0,0.6696,30.0,1701.0,2.0
2021-01-05 09:38:11.141,0.6964,0.6725,4.0,0.6696,30.0,1701.0,2.0
2021-01-05 09:38:12.191,0.6964,0.6736,20.0,0.6696,30.0,1701.0,2.0
2021-01-05 09:38:12.531,0.6964,0.6732,4.0,0.6696,30.0,1701.0,2.0
2021-01-05 09:38:13.110,0.6964,0.6732,4.0,0.6696,30.0,1701.0,2.0
2021-01-05 09:38:13.690,0.6964,0.6732,24.0,0.6696,30.0,1701.0,2.0
2021-01-05 09:38:14.101,0.6964,0.6732,14.0,0.669,20.0,1701.0,2.0
2021-01-05 09:38:14.691,0.6964,0.6732,34.0,0.669,20.0,1701.0,2.0
2021-01-05 09:38:15.150,0.6964,0.673,10.0,0.6687,10.0,1701.0,2.0
2021-01-05 09:38:15.730,0.6964,0.6713,4.0,0.6683,20.0,1701.0,2.0
2021-01-05 09:38:16.151,0.6964,0.6722,10.0,0.6683,20.0,1701.0,2.0
2021-01-05 09:38:16.731,0.6964,0.6717,20.0,0.6677,30.0,1701.0,2.0
2021-01-05 09:38:17.190,0.6964,0.6718,10.0,0.6677,10.0,1701.0,2.0
2021-01-05 09:38:17.701,0.6964,0.6718,10.0,0.6677,30.0,1701.0,2.0
2021-01-05 09:38:18.231,0.6964,0.6718,30.0,0.6677,10.0,1701.0,2.0
2021-01-05 09:38:18.660,0.6964,0.6718,30.0,0.6677,30.0,1701.0,2.0
2021-01-05 09:38:19.190,0.6964,0.6715,4.0,0.6677,10.0,1701.0,2.0
2021-01-05 09:38:19.670,0.6964,0.6715,4.0,0.6677,30.0,1701.0,2.0
2021-01-05 09:38:20.231,0.6964,0.6715,4.0,0.6677,10.0,1701.0,2.0
2021-01-05 09:38:20.671,0.6964,0.6715,4.0,0.6677,30.0,1701.0,2.0
2021-01-05 09:38:21.180,0.6964,0.6715,4.0,0.6677,10.0,1701.0,2.0
2021-01-05 09:38:21.670,0.6964,0.6712,10.0,0.6671,20.0,1701.0,2.0
2021-01-05 09:38:22.210,0.6964,0.6701,4.0,0.6671,20.0,1701.0,2.0
2021-01-05 09:38:22.661,0.6964,0.6701,4.0,0.6671,20.0,1701.0,2.0
2021-01-05 09:38:23.201,0.6964,0.6701,24.0,0.6671,20.0,1701.0,2.0
2021-01-05 09:38:23.681,0.6964,0.6701,24.0,0.6671,20.0,1701.0,2.0
2021-01-05 09:38:23.800,0.6964,0.6701,24.0,0.6671,20.0,1701.0,2.0
2021-01-05 09:38:24.690,0.6964,0.6696,10.0,0.6671,20.0,1701.0,2.0
2021-01-05 09:38:25.101,0.6964,0.6696,30.0,0.6656,30.0,1701.0,2.0
2021-01-05 09:38:25.700,0.6964,0.6696,30.0,0.6656,30.0,1701.0,2.0
2021-01-05 09:38:26.100,0.6964,0.6695,4.0,0.6656,30.0,1701.0,2.0
2021-01-05 09:38:26.701,0.6964,0.6695,4.0,0.6656,30.0,1701.0,2.0
2021-01-05 09:38:27.151,0.6964,0.6696,30.0,0.6656,30.0,1701.0,2.0
2021-01-05 09:38:27.691,0.6964,0.6696,20.0,0.6656,30.0,1701.0,2.0
2021-01-05 09:38:28.171,0.6964,0.6701,30.0,0.6656,30.0,1701.0,2.0
2021-01-05 09:38:28.680,0.6964,0.6696,4.0,0.6656,30.0,1701.0,2.0
2021-01-05 09:38:29.191,0.6964,0.6696,24.0,0.6656,30.0,1701.0,2.0
2021-01-05 09:38:29.641,0.6964,0.6696,24.0,0.6656,30.0,1701.0,2.0
2021-01-05 09:38:30.670,0.6964,0.6696,24.0,0.6656,30.0,1701.0,2.0
2021-01-05 09:38:31.181,0.6964,0.6696,24.0,0.6656,30.0,1701.0,2.0
2021-01-05 09:38:31.700,0.6964,0.6696,24.0,0.6656,30.0,1701.0,2.0
2021-01-05 09:38:32.171,0.6964,0.6696,24.0,0.6656,30.0,1701.0,2.0
2021-01-05 09:38:32.701,0.6964,0.6696,24.0,0.6656,30.0,1701.0,2.0
2021-01-05 09:38:33.191,0.6964,0.669,10.0,0.6656,20.0,1701.0,2.0
2021-01-05 09:38:33.700,0.6964,0.6679,4.0,0.6648,20.0,1701.0,2.0
2021-01-05 09:38:34.201,0.6964,0.6679,24.0,0.6643,20.0,1701.0,2.0
2021-01-05 09:38:35.200,0.6964,0.6679,24.0,0.6636,30.0,1701.0,2.0
2021-01-05 09:38:35.700,0.6964,0.6679,24.0,0.6636,30.0,1701.0,2.0
2021-01-05 09:38:36.180,0.6964,0.6679,24.0,0.6636,30.0,1701.0,2.0
2021-01-05 09:38:36.691,0.6964,0.6679,24.0,0.6636,30.0,1701.0,2.0
2021-01-05 09:38:37.160,0.6964,0.6671,10.0,0.6636,20.0,1701.0,2.0
2021-01-05 09:38:37.580,0.6964,0.6662,4.0,0.6626,30.0,1701.0,2.0
2021-01-05 09:38:38.161,0.6964,0.6662,24.0,0.6626,30.0,1701.0,2.0
2021-01-05 09:38:38.660,0.6964,0.6662,24.0,0.6626,30.0,1701.0,2.0
2021-01-05 09:38:39.161,0.6964,0.6661,10.0,0.6626,20.0,1701.0,2.0
2021-01-05 09:38:39.651,0.6964,0.6654,4.0,0.6616,30.0,1701.0,2.0
2021-01-05 09:38:40.141,0.6964,0.6652,10.0,0.6611,20.0,1701.0,2.0
2021-01-05 09:38:40.591,0.6964,0.6638,4.0,0.6611,20.0,1701.0,2.0
2021-01-05 09:38:41.190,0.6964,0.6642,20.0,0.6611,20.0,1701.0,2.0
2021-01-05 09:38:41.670,0.6964,0.6641,4.0,0.6611,20.0,1701.0,2.0
2021-01-05 09:38:42.191,0.6964,0.6641,4.0,0.6611,20.0,1701.0,2.0
2021-01-05 09:38:42.700,0.6964,0.6641,4.0,0.6611,20.0,1701.0,2.0
2021-01-05 09:38:43.150,0.6964,0.6643,20.0,0.6611,20.0,1701.0,2.0
2021-01-05 09:38:43.701,0.6964,0.6652,10.0,0.6611,20.0,1701.0,2.0
2021-01-05 09:38:44.110,0.6964,0.6643,4.0,0.6611,20.0,1701.0,2.0
2021-01-05 09:38:44.600,0.6964,0.6647,20.0,0.6611,20.0,1701.0,2.0
2021-01-05 09:38:45.201,0.6964,0.6654,20.0,0.6616,10.0,1701.0,2.0
2021-01-05 09:38:45.480,0.6964,0.665,4.0,0.6616,30.0,1701.0,2.0
2021-01-05 09:38:46.200,0.6964,0.665,4.0,0.6616,30.0,1701.0,2.0
2021-01-05 09:38:47.140,0.6964,0.666,20.0,0.6616,30.0,1701.0,2.0
2021-01-05 09:38:47.601,0.6964,0.6657,4.0,0.6616,30.0,1701.0,2.0
2021-01-05 09:38:48.200,0.6964,0.6667,20.0,0.6627,10.0,1701.0,2.0
2021-01-05 09:38:48.650,0.6964,0.6672,30.0,0.6627,30.0,1701.0,2.0
2021-01-05 09:38:49.130,0.6964,0.6669,4.0,0.6627,30.0,1701.0,2.0
2021-01-05 09:38:49.691,0.6964,0.6669,4.0,0.6627,30.0,1701.0,2.0
2021-01-05 09:38:50.110,0.6964,0.6669,4.0,0.6627,30.0,1701.0,2.0
2021-01-05 09:38:51.691,0.6964,0.6669,4.0,0.6627,30.0,1701.0,2.0
2021-01-05 09:38:52.150,0.6964,0.6662,10.0,0.6627,20.0,1701.0,2.0
2021-01-05 09:38:52.450,0.6964,0.6657,4.0,0.6617,10.0,1701.0,2.0
2021-01-05 09:38:53.191,0.6964,0.6657,24.0,0.6617,10.0,1701.0,2.0
2021-01-05 09:38:54.200,0.6964,0.6657,24.0,0.6617,10.0,1701.0,2.0
2021-01-05 09:38:54.690,0.6964,0.6652,10.0,0.6617,10.0,1701.0,2.0
2021-01-05 09:38:55.191,0.6964,0.6649,4.0,0.6617,10.0,1701.0,2.0
2021-01-05 09:38:55.650,0.6964,0.6649,4.0,0.6616,20.0,1701.0,2.0
2021-01-05 09:38:56.190,0.6964,0.6649,4.0,0.6607,30.0,1701.0,2.0
2021-01-05 09:38:57.200,0.6964,0.6649,4.0,0.6607,30.0,1701.0,2.0
2021-01-05 09:38:57.640,0.6964,0.6649,4.0,0.6607,30.0,1701.0,2.0
2021-01-05 09:38:58.190,0.6964,0.6652,30.0,0.6607,30.0,1701.0,2.0
2021-01-05 09:38:58.670,0.6964,0.6657,20.0,0.6617,10.0,1701.0,2.0
2021-01-05 09:38:59.060,0.6964,0.6662,30.0,0.6617,30.0,1701.0,2.0
2021-01-05 09:38:59.700,0.6964,0.6661,4.0,0.6617,30.0,1701.0,2.0
2021-01-05 09:39:00.660,0.6964,0.6661,4.0,0.6617,30.0,1701.0,2.0
2021-01-05 09:39:01.160,0.6964,0.6661,4.0,0.6617,30.0,1701.0,2.0
2021-01-05 09:39:02.201,0.6964,0.6661,4.0,0.6617,30.0,1701.0,2.0
2021-01-05 09:39:02.660,0.6964,0.6661,4.0,0.6617,30.0,1701.0,2.0
2021-01-05 09:39:03.150,0.6964,0.6661,4.0,0.6617,30.0,1701.0,2.0
2021-01-05 09:39:04.161,0.6964,0.6661,4.0,0.6617,30.0,1701.0,2.0
2021-01-05 09:39:04.610,0.6964,0.6661,4.0,0.6617,30.0,1701.0,2.0
2021-01-05 09:39:05.701,0.6964,0.6661,4.0,0.6617,30.0,1701.0,2.0
2021-01-05 09:39:07.200,0.6964,0.6661,4.0,0.6617,30.0,1701.0,2.0
2021-01-05 09:39:07.680,0.6964,0.6661,4.0,0.6617,30.0,1701.0,2.0
2021-01-05 09:39:08.131,0.6964,0.6661,4.0,0.6617,30.0,1701.0,2.0
2021-01-05 09:39:08.690,0.6964,0.6661,4.0,0.6617,30.0,1701.0,2.0
2021-01-05 09:39:09.161,0.6964,0.6661,4.0,0.6617,30.0,1701.0,2.0
2021-01-05 09:39:09.601,0.6964,0.6661,4.0,0.6617,30.0,1701.0,2.0
2021-01-05 09:39:10.191,0.6964,0.6661,4.0,0.6617,30.0,1701.0,2.0
2021-01-05 09:39:10.721,0.6964,0.6661,4.0,0.6617,30.0,1701.0,2.0
2021-01-05 09:39:11.201,0.6964,0.6661,4.0,0.6617,30.0,1701.0,2.0
2021-01-05 09:39:11.701,0.6964,0.6661,4.0,0.6617,30.0,1701.0,2.0
2021-01-05 09:39:12.150,0.6964,0.6661,4.0,0.6617,30.0,1701.0,2.0
2021-01-05 09:39:12.690,0.6964,0.6661,4.0,0.6617,30.0,1701.0,2.0
2021-01-05 09:39:13.720,0.6964,0.6661,4.0,0.6617,30.0,1701.0,2.0
2021-01-05 09:39:14.160,0.6964,0.6661,4.0,0.6617,30.0,1701.0,2.0
2021-01-05 09:39:15.220,0.6964,0.6653,10.0,0.6617,20.0,1701.0,2.0
2021-01-05 09:39:15.720,0.6964,0.6645,4.0,0.6617,20.0,1701.0,2.0
2021-01-05 09:39:16.121,0.6964,0.6645,24.0,0.6608,10.0,1701.0,2.0
2021-01-05 09:39:16.711,0.6964,0.6645,24.0,0.6608,10.0,1701.0,2.0
2021-01-05 09:39:17.650,0.6964,0.6645,24.0,0.6608,10.0,1701.0,2.0
2021-01-05 09:39:18.221,0.6964,0.6645,20.0,0.6608,10.0,1701.0,2.0
2021-01-05 09:39:18.671,0.6964,0.6653,30.0,0.6608,10.0,1701.0,2.0
2021-01-05 09:39:19.710,0.6964,0.6644,4.0,0.6608,10.0,1701.0,2.0
2021-01-05 09:39:19.990,0.6964,0.6644,24.0,0.6608,10.0,1701.0,2.0
2021-01-05 09:39:20.741,0.6964,0.6644,24.0,0.6608,10.0,1701.0,2.0
2021-01-05 09:39:21.231,0.6964,0.6644,20.0,0.6608,10.0,1701.0,2.0
2021-01-05 09:39:21.671,0.6964,0.6644,20.0,0.6608,10.0,1701.0,2.0
2021-01-05 09:39:22.551,0.6964,0.6643,4.0,0.6608,10.0,1701.0,2.0
2021-01-05 09:39:23.200,0.6964,0.6643,4.0,0.6608,10.0,1701.0,2.0
2021-01-05 09:39:24.151,0.6964,0.6644,20.0,0.6608,10.0,1701.0,2.0
2021-01-05 09:39:25.700,0.6964,0.6644,20.0,0.6608,10.0,1701.0,2.0
2021-01-05 09:39:26.130,0.6964,0.6641,4.0,0.6608,10.0,1701.0,2.0
2021-01-05 09:39:27.210,0.6964,0.6641,4.0,0.6608,10.0,1701.0,2.0
2021-01-05 09:39:27.711,0.6964,0.6644,20.0,0.6608,10.0,1701.0,2.0
2021-01-05 09:39:29.231,0.6964,0.6644,20.0,0.6608,10.0,1701.0,2.0
2021-01-05 09:39:29.721,0.6964,0.6644,20.0,0.6608,10.0,1701.0,2.0
2021-01-05 09:39:30.220,0.6964,0.6644,20.0,0.6608,10.0,1701.0,2.0
2021-01-05 09:39:30.721,0.6964,0.6644,20.0,0.6608,10.0,1701.0,2.0
2021-01-05 09:39:31.121,0.6964,0.6653,20.0,0.6617,10.0,1701.0,2.0
2021-01-05 09:39:31.690,0.6964,0.6658,30.0,0.6617,30.0,1701.0,2.0
2021-01-05 09:39:32.120,0.6964,0.6655,4.0,0.6617,30.0,1701.0,2.0
2021-01-05 09:39:32.631,0.6964,0.6655,4.0,0.6617,30.0,1701.0,2.0
2021-01-05 09:39:34.210,0.6964,0.6655,4.0,0.6617,30.0,1701.0,2.0
2021-01-05 09:39:34.681,0.6964,0.6655,4.0,0.6617,30.0,1701.0,2.0
2021-01-05 09:39:35.701,0.6964,0.6655,4.0,0.6617,30.0,1701.0,2.0
2021-01-05 09:39:36.231,0.6964,0.6655,4.0,0.6617,30.0,1701.0,2.0
2021-01-05 09:39:37.221,0.6964,0.6655,4.0,0.6617,30.0,1701.0,2.0
2021-01-05 09:39:39.241,0.6964,0.6655,4.0,0.6617,30.0,1701.0,2.0
2021-01-05 09:39:41.220,0.6964,0.6655,4.0,0.6617,30.0,1701.0,2.0
2021-01-05 09:39:41.750,0.6964,0.6655,4.0,0.6617,30.0,1701.0,2.0
2021-01-05 09:39:42.210,0.6964,0.6655,4.0,0.6617,40.0,1701.0,2.0
2021-01-05 09:39:42.740,0.6964,0.6655,4.0,0.6617,40.0,1701.0,2.0
2021-01-05 09:39:43.170,0.6964,0.6658,20.0,0.6617,40.0,1701.0,2.0
2021-01-05 09:39:43.660,0.6964,0.6658,20.0,0.6617,50.0,1701.0,2.0
2021-01-05 09:39:44.231,0.6964,0.6658,20.0,0.6617,50.0,1701.0,2.0
2021-01-05 09:39:44.680,0.6964,0.6658,20.0,0.6617,40.0,1701.0,2.0
2021-01-05 09:39:45.251,0.6964,0.6655,4.0,0.6617,30.0,1701.0,2.0
2021-01-05 09:39:46.040,0.6964,0.6655,4.0,0.6617,30.0,1701.0,2.0
2021-01-05 09:39:46.711,0.6964,0.6655,4.0,0.6617,30.0,1701.0,2.0
2021-01-05 09:39:48.221,0.6964,0.6655,4.0,0.6617,30.0,1701.0,2.0
2021-01-05 09:39:48.720,0.6964,0.6655,4.0,0.6617,30.0,1701.0,2.0
2021-01-05 09:39:49.241,0.6964,0.6654,10.0,0.6617,30.0,1701.0,2.0
2021-01-05 09:39:49.510,0.6964,0.6644,4.0,0.6617,30.0,1701.0,2.0
2021-01-05 09:39:50.180,0.6964,0.6644,24.0,0.6617,20.0,1701.0,2.0
2021-01-05 09:39:50.710,0.6964,0.6643,1.0,0.6608,10.0,1701.0,2.0
2021-01-05 09:39:51.241,0.6964,0.6638,4.0,0.6602,20.0,1701.0,2.0
2021-01-05 09:39:51.730,0.6964,0.6638,24.0,0.6602,20.0,1701.0,2.0
2021-01-05 09:39:52.251,0.6964,0.6638,24.0,0.6602,20.0,1701.0,2.0
2021-01-05 09:39:52.670,0.6964,0.6637,10.0,0.6602,20.0,1701.0,2.0
2021-01-05 09:39:53.181,0.6964,0.6637,10.0,0.6602,20.0,1701.0,2.0
2021-01-05 09:39:53.630,0.6964,0.6643,10.0,0.6604,10.0,1701.0,2.0
2021-01-05 09:39:54.191,0.6964,0.6641,10.0,0.6602,20.0,1701.0,2.0
2021-01-05 09:39:54.191,0.6964,0.6643,20.0,0.6602,20.0,1701.0,2.0
2021-01-05 09:39:55.181,0.6964,0.6637,10.0,0.6602,20.0,1701.0,2.0
2021-01-05 09:39:55.640,0.6964,0.6642,10.0,0.6602,20.0,1701.0,2.0
2021-01-05 09:39:56.120,0.6964,0.6628,10.0,0.6602,20.0,1701.0,2.0
2021-01-05 09:39:56.691,0.6964,0.6628,20.0,0.6598,10.0,1701.0,2.0
2021-01-05 09:39:57.181,0.6964,0.6633,10.0,0.6598,10.0,1701.0,2.0
2021-01-05 09:39:57.580,0.6964,0.6635,20.0,0.6598,10.0,1701.0,2.0
2021-01-05 09:39:58.201,0.6964,0.6635,20.0,0.66,10.0,1701.0,2.0
2021-01-05 09:39:58.600,0.6964,0.664,10.0,0.66,10.0,1701.0,2.0
2021-01-05 09:39:59.050,0.6964,0.664,10.0,0.66,30.0,1701.0,2.0
2021-01-05 09:40:00.631,0.6964,0.664,10.0,0.66,30.0,1701.0,2.0
2021-01-05 09:40:01.201,0.6964,0.664,10.0,0.66,30.0,1701.0,2.0
2021-01-05 09:40:01.570,0.6964,0.6642,10.0,0.6607,10.0,1701.0,2.0
2021-01-05 09:40:02.200,0.6964,0.6642,10.0,0.6607,30.0,1701.0,2.0
2021-01-05 09:40:02.671,0.6964,0.6647,10.0,0.661,10.0,1701.0,2.0
2021-01-05 09:40:03.171,0.6964,0.6647,10.0,0.6607,30.0,1701.0,2.0
2021-01-05 09:40:03.691,0.6964,0.6647,20.0,0.6607,30.0,1701.0,2.0
2021-01-05 09:40:04.160,0.6964,0.6647,20.0,0.6607,30.0,1701.0,2.0
2021-01-05 09:40:04.700,0.6964,0.6647,30.0,0.6607,30.0,1701.0,2.0
2021-01-05 09:40:05.701,0.6964,0.6646,10.0,0.6607,30.0,1701.0,2.0
2021-01-05 09:40:06.200,0.6964,0.6647,30.0,0.6607,30.0,1701.0,2.0
2021-01-05 09:40:06.701,0.6964,0.6647,30.0,0.6607,30.0,1701.0,2.0
2021-01-05 09:40:07.700,0.6964,0.6647,20.0,0.6617,10.0,1701.0,2.0
2021-01-05 09:40:08.200,0.6964,0.6652,20.0,0.6617,30.0,1701.0,2.0
2021-01-05 09:40:08.690,0.6964,0.6657,30.0,0.6617,30.0,1701.0,2.0
2021-01-05 09:40:09.191,0.6964,0.6657,20.0,0.6617,30.0,1701.0,2.0
2021-01-05 09:40:09.441,0.6964,0.6657,20.0,0.6627,10.0,1701.0,2.0
2021-01-05 09:40:10.150,0.6964,0.6657,20.0,0.6627,30.0,1701.0,2.0
2021-01-05 09:40:10.651,0.6964,0.6657,10.0,0.6627,30.0,1701.0,2.0
2021-01-05 09:40:11.170,0.6964,0.6657,30.0,0.6627,30.0,1701.0,2.0
2021-01-05 09:40:11.671,0.6964,0.6657,20.0,0.6627,30.0,1701.0,2.0
2021-01-05 09:40:12.190,0.6964,0.6657,20.0,0.6627,30.0,1701.0,2.0
2021-01-05 09:40:12.680,0.6964,0.6657,20.0,0.6627,30.0,1701.0,2.0
2021-01-05 09:40:13.170,0.6964,0.6666,20.0,0.6627,30.0,1701.0,2.0
2021-01-05 09:40:13.700,0.6964,0.6666,20.0,0.6627,40.0,1701.0,2.0
2021-01-05 09:40:14.150,0.6964,0.6668,10.0,0.6627,40.0,1701.0,2.0
2021-01-05 09:40:14.701,0.6964,0.667,10.0,0.6627,40.0,1701.0,2.0
2021-01-05 09:40:15.191,0.6964,0.667,10.0,0.6636,10.0,1701.0,2.0
2021-01-05 09:40:15.690,0.6964,0.6668,10.0,0.6636,30.0,1701.0,2.0
2021-01-05 09:40:16.610,0.6964,0.6664,10.0,0.6636,30.0,1701.0,2.0
2021-01-05 09:40:17.191,0.6964,0.6664,20.0,0.6636,30.0,1701.0,2.0
2021-01-05 09:40:17.661,0.6964,0.6664,20.0,0.6636,30.0,1701.0,2.0
2021-01-05 09:40:18.161,0.6964,0.6664,20.0,0.6636,30.0,1701.0,2.0
2021-01-05 09:40:18.701,0.6964,0.6664,20.0,0.6636,30.0,1701.0,2.0
2021-01-05 09:40:19.711,0.6964,0.6664,20.0,0.6636,30.0,1701.0,2.0
2021-01-05 09:40:20.191,0.6964,0.6663,10.0,0.6636,30.0,1701.0,2.0
2021-01-05 09:40:20.691,0.6964,0.6661,4.0,0.6627,20.0,1701.0,2.0
2021-01-05 09:40:22.210,0.6964,0.6661,4.0,0.6627,20.0,1701.0,2.0
2021-01-05 09:40:22.591,0.6964,0.6661,4.0,0.6627,20.0,1701.0,2.0
2021-01-05 09:40:23.150,0.6964,0.666,10.0,0.6627,20.0,1701.0,2.0
2021-01-05 09:40:23.701,0.6964,0.6651,4.0,0.6627,20.0,1701.0,2.0
2021-01-05 09:40:24.160,0.6964,0.6651,4.0,0.6617,30.0,1701.0,2.0
2021-01-05 09:40:24.160,0.6964,0.6651,24.0,0.6626,20.0,1701.0,2.0
2021-01-05 09:40:25.121,0.6964,0.6651,24.0,0.6617,30.0,1701.0,2.0
2021-01-05 09:40:25.570,0.6964,0.6651,34.0,0.6617,30.0,1701.0,2.0
2021-01-05 09:40:26.181,0.6964,0.6651,24.0,0.6617,30.0,1701.0,2.0
2021-01-05 09:40:26.650,0.6964,0.665,10.0,0.6617,30.0,1701.0,2.0
2021-01-05 09:40:27.140,0.6964,0.6646,4.0,0.6617,30.0,1701.0,2.0
2021-01-05 09:40:27.701,0.6964,0.6646,4.0,0.6617,30.0,1701.0,2.0
2021-01-05 09:40:28.110,0.6964,0.6646,24.0,0.6617,30.0,1701.0,2.0
2021-01-05 09:40:28.690,0.6964,0.6646,4.0,0.6617,30.0,1701.0,2.0
2021-01-05 09:40:29.170,0.6964,0.6646,24.0,0.6617,30.0,1701.0,2.0
2021-01-05 09:40:30.160,0.6964,0.6646,24.0,0.6617,30.0,1701.0,2.0
2021-01-05 09:40:32.611,0.6964,0.6646,20.0,0.6617,30.0,1701.0,2.0
2021-01-05 09:40:33.191,0.6964,0.6651,20.0,0.6617,30.0,1701.0,2.0
2021-01-05 09:40:33.681,0.6964,0.6651,20.0,0.6617,30.0,1701.0,2.0
2021-01-05 09:40:34.271,0.6964,0.6656,30.0,0.6617,30.0,1701.0,2.0
2021-01-05 09:40:35.201,0.6964,0.6653,10.0,0.6617,30.0,1701.0,2.0
2021-01-05 09:40:36.161,0.6964,0.6653,10.0,0.6617,30.0,1701.0,2.0
2021-01-05 09:40:36.620,0.6964,0.6655,4.0,0.6617,30.0,1701.0,2.0
2021-01-05 09:40:37.700,0.6964,0.6647,10.0,0.6617,30.0,1701.0,2.0
2021-01-05 09:40:38.130,0.6964,0.6647,10.0,0.6617,30.0,1701.0,2.0
2021-01-05 09:40:38.651,0.6964,0.6647,10.0,0.6617,30.0,1701.0,2.0
2021-01-05 09:40:39.681,0.6964,0.6647,10.0,0.6617,30.0,1701.0,2.0
2021-01-05 09:40:39.940,0.6964,0.6656,20.0,0.6617,30.0,1701.0,2.0
2021-01-05 09:40:41.191,0.6964,0.6656,20.0,0.6617,30.0,1701.0,2.0
2021-01-05 09:40:41.640,0.6964,0.6656,20.0,0.6627,10.0,1701.0,2.0
2021-01-05 09:40:42.201,0.6964,0.666,10.0,0.6627,30.0,1701.0,2.0
2021-01-05 09:40:44.201,0.6964,0.6661,20.0,0.6627,30.0,1701.0,2.0
2021-01-05 09:40:44.610,0.6964,0.6661,30.0,0.6627,30.0,1701.0,2.0
2021-01-05 09:40:48.700,0.6964,0.6661,20.0,0.6627,30.0,1701.0,2.0
2021-01-05 09:40:49.111,0.6964,0.6661,30.0,0.6627,30.0,1701.0,2.0
2021-01-05 09:40:50.181,0.6964,0.6661,20.0,0.6627,30.0,1701.0,2.0
2021-01-05 09:40:50.671,0.6964,0.6661,20.0,0.6627,30.0,1701.0,2.0
2021-01-05 09:40:51.601,0.6964,0.6661,20.0,0.6627,30.0,1701.0,2.0
2021-01-05 09:40:53.651,0.6964,0.6661,20.0,0.6627,30.0,1701.0,2.0
2021-01-05 09:40:54.141,0.6964,0.6661,20.0,0.6627,30.0,1701.0,2.0
2021-01-05 09:40:54.661,0.6964,0.6661,20.0,0.6627,30.0,1701.0,2.0
2021-01-05 09:40:55.111,0.6964,0.6661,20.0,0.6627,30.0,1701.0,2.0
2021-01-05 09:40:55.111,0.6964,0.666,4.0,0.6627,30.0,1701.0,2.0
2021-01-05 09:40:56.121,0.6964,0.666,4.0,0.6627,30.0,1701.0,2.0
2021-01-05 09:40:56.711,0.6964,0.666,14.0,0.6627,30.0,1701.0,2.0
2021-01-05 09:40:57.180,0.6964,0.666,4.0,0.6627,30.0,1701.0,2.0
2021-01-05 09:40:57.710,0.6964,0.666,14.0,0.6627,30.0,1701.0,2.0
2021-01-05 09:40:58.721,0.6964,0.666,4.0,0.6627,30.0,1701.0,2.0
2021-01-05 09:40:58.980,0.6964,0.6659,10.0,0.6627,30.0,1701.0,2.0
2021-01-05 09:40:59.721,0.6964,0.666,14.0,0.6627,30.0,1701.0,2.0
2021-01-05 09:41:01.160,0.6964,0.6658,10.0,0.6627,30.0,1701.0,2.0
2021-01-05 09:41:01.650,0.6964,0.666,4.0,0.6627,30.0,1701.0,2.0
2021-01-05 09:41:02.190,0.6964,0.666,4.0,0.6627,30.0,1701.0,2.0
2021-01-05 09:41:02.661,0.6964,0.666,14.0,0.6627,30.0,1701.0,2.0
2021-01-05 09:41:03.110,0.6964,0.666,14.0,0.6627,30.0,1701.0,2.0
2021-01-05 09:41:03.721,0.6964,0.666,14.0,0.6627,30.0,1701.0,2.0
2021-01-05 09:41:04.180,0.6964,0.666,14.0,0.6627,30.0,1701.0,2.0
2021-01-05 09:41:04.680,0.6964,0.666,14.0,0.6627,30.0,1701.0,2.0
2021-01-05 09:41:05.220,0.6964,0.666,14.0,0.6627,30.0,1701.0,2.0
2021-01-05 09:41:06.620,0.6964,0.666,14.0,0.6627,20.0,1701.0,2.0
2021-01-05 09:41:07.100,0.6964,0.6655,10.0,0.6627,20.0,1701.0,2.0
2021-01-05 09:41:07.611,0.6964,0.6652,4.0,0.6618,10.0,1701.0,2.0
2021-01-05 09:41:08.201,0.6964,0.6652,4.0,0.6618,10.0,1701.0,2.0
2021-01-05 09:41:08.701,0.6964,0.6652,4.0,0.6618,10.0,1701.0,2.0
2021-01-05 09:41:09.661,0.6964,0.6651,10.0,0.6618,10.0,1701.0,2.0
2021-01-05 09:41:10.220,0.6964,0.665,4.0,0.6618,10.0,1701.0,2.0
2021-01-05 09:41:10.710,0.6964,0.665,14.0,0.6618,10.0,1701.0,2.0
2021-01-05 09:41:11.210,0.6964,0.665,24.0,0.6617,20.0,1701.0,2.0
2021-01-05 09:41:11.711,0.6964,0.665,4.0,0.6617,20.0,1701.0,2.0
2021-01-05 09:41:12.151,0.6964,0.6649,10.0,0.6608,30.0,1701.0,2.0
2021-01-05 09:41:12.710,0.6964,0.6649,10.0,0.6608,30.0,1701.0,2.0
2021-01-05 09:41:13.161,0.6964,0.665,34.0,0.6608,30.0,1701.0,2.0
2021-01-05 09:41:13.701,0.6964,0.665,20.0,0.6613,10.0,1701.0,2.0
2021-01-05 09:41:14.160,0.6964,0.6647,4.0,0.6608,30.0,1701.0,2.0
2021-01-05 09:41:14.671,0.6964,0.6647,4.0,0.6613,20.0,1701.0,2.0
2021-01-05 09:41:15.050,0.6964,0.665,20.0,0.6617,10.0,1701.0,2.0
2021-01-05 09:41:15.651,0.6964,0.665,20.0,0.6617,10.0,1701.0,2.0
2021-01-05 09:41:16.210,0.6964,0.6662,10.0,0.6617,10.0,1701.0,2.0
2021-01-05 09:41:16.500,0.6964,0.6653,4.0,0.6617,10.0,1701.0,2.0
2021-01-05 09:41:17.211,0.6964,0.6652,10.0,0.6617,10.0,1701.0,2.0
2021-01-05 09:41:17.670,0.6964,0.665,4.0,0.6617,10.0,1701.0,2.0
2021-01-05 09:41:18.600,0.6964,0.665,4.0,0.6617,10.0,1701.0,2.0
2021-01-05 09:41:19.161,0.6964,0.665,4.0,0.6617,10.0,1701.0,2.0
2021-01-05 09:41:19.601,0.6964,0.665,4.0,0.6617,10.0,1701.0,2.0
2021-01-05 09:41:20.070,0.6964,0.665,4.0,0.6617,10.0,1701.0,2.0
2021-01-05 09:41:22.190,0.6964,0.665,4.0,0.6617,10.0,1701.0,2.0
2021-01-05 09:41:22.700,0.6964,0.6649,10.0,0.6617,10.0,1701.0,2.0
2021-01-05 09:41:22.980,0.6964,0.6646,4.0,0.6617,10.0,1701.0,2.0
2021-01-05 09:41:23.610,0.6964,0.6646,24.0,0.6617,10.0,1701.0,2.0
2021-01-05 09:41:24.171,0.6964,0.6646,24.0,0.6617,10.0,1701.0,2.0
2021-01-05 09:41:24.651,0.6964,0.6646,24.0,0.6617,10.0,1701.0,2.0
2021-01-05 09:41:25.120,0.6964,0.6646,34.0,0.6617,10.0,1701.0,2.0
2021-01-05 09:41:26.190,0.6964,0.6646,34.0,0.6613,20.0,1701.0,2.0
2021-01-05 09:41:26.670,0.6964,0.6646,34.0,0.6608,30.0,1701.0,2.0
2021-01-05 09:41:27.131,0.6964,0.6646,34.0,0.6608,30.0,1701.0,2.0
2021-01-05 09:41:27.710,0.6964,0.664,10.0,0.6608,30.0,1701.0,2.0
2021-01-05 09:41:28.011,0.6964,0.6638,4.0,0.6608,30.0,1701.0,2.0
2021-01-05 09:41:28.540,0.6964,0.6638,4.0,0.6608,30.0,1701.0,2.0
2021-01-05 09:41:29.001,0.6964,0.6638,4.0,0.6608,30.0,1701.0,2.0
2021-01-05 09:41:30.711,0.6964,0.6638,4.0,0.6608,30.0,1701.0,2.0
2021-01-05 09:41:31.181,0.6964,0.6638,4.0,0.6608,30.0,1701.0,2.0
2021-01-05 09:41:31.700,0.6964,0.6638,4.0,0.6608,30.0,1701.0,2.0
2021-01-05 09:41:32.670,0.6964,0.6638,4.0,0.6608,30.0,1701.0,2.0
2021-01-05 09:41:33.171,0.6964,0.6638,4.0,0.6608,30.0,1701.0,2.0
2021-01-05 09:41:33.231,0.6964,0.664,20.0,0.6608,30.0,1701.0,2.0
2021-01-05 09:41:34.120,0.6964,0.664,20.0,0.6608,30.0,1701.0,2.0
2021-01-05 09:41:35.221,0.6964,0.6642,10.0,0.6608,30.0,1701.0,2.0
2021-01-05 09:41:35.721,0.6964,0.6635,4.0,0.6608,30.0,1701.0,2.0
2021-01-05 09:41:36.070,0.6964,0.6634,1.0,0.6608,20.0,1701.0,2.0
2021-01-05 09:41:36.720,0.6964,0.663,4.0,0.6597,30.0,1701.0,2.0
2021-01-05 09:41:37.210,0.6964,0.663,4.0,0.6597,30.0,1701.0,2.0
2021-01-05 09:41:37.711,0.6964,0.663,4.0,0.6597,30.0,1701.0,2.0
2021-01-05 09:41:38.220,0.6964,0.6629,10.0,0.6597,20.0,1701.0,2.0
2021-01-05 09:41:38.650,0.6964,0.663,24.0,0.6597,20.0,1701.0,2.0
2021-01-05 09:41:39.221,0.6964,0.663,24.0,0.6588,30.0,1701.0,2.0
2021-01-05 09:41:39.521,0.6964,0.663,24.0,0.6597,20.0,1701.0,2.0
2021-01-05 09:41:40.231,0.6964,0.663,20.0,0.6588,30.0,1701.0,2.0
2021-01-05 09:41:41.130,0.6964,0.663,20.0,0.6589,10.0,1701.0,2.0
2021-01-05 09:41:41.730,0.6964,0.6634,10.0,0.6598,10.0,1701.0,2.0
2021-01-05 09:41:42.201,0.6964,0.6634,10.0,0.6598,30.0,1701.0,2.0
2021-01-05 09:41:42.690,0.6964,0.6635,20.0,0.6598,30.0,1701.0,2.0
2021-01-05 09:41:44.671,0.6964,0.6635,20.0,0.6598,30.0,1701.0,2.0
2021-01-05 09:41:45.190,0.6964,0.6635,20.0,0.6598,30.0,1701.0,2.0
2021-01-05 09:41:45.701,0.6964,0.6635,20.0,0.6598,30.0,1701.0,2.0
2021-01-05 09:41:46.241,0.6964,0.6635,20.0,0.6598,30.0,1701.0,2.0
2021-01-05 09:41:46.661,0.6964,0.6639,10.0,0.6598,30.0,1701.0,2.0
2021-01-05 09:41:47.201,0.6964,0.6634,10.0,0.6598,30.0,1701.0,2.0
2021-01-05 09:41:48.181,0.6964,0.6629,4.0,0.6598,30.0,1701.0,2.0
2021-01-05 09:41:48.740,0.6964,0.6629,20.0,0.6598,30.0,1701.0,2.0
2021-01-05 09:41:49.191,0.6964,0.6634,30.0,0.6598,30.0,1701.0,2.0
2021-01-05 09:41:49.750,0.6964,0.6628,10.0,0.6598,30.0,1701.0,2.0
2021-01-05 09:41:50.231,0.6964,0.6623,4.0,0.6598,20.0,1701.0,2.0
2021-01-05 09:41:50.751,0.6964,0.6628,20.0,0.6598,20.0,1701.0,2.0
2021-01-05 09:41:51.251,0.6964,0.6628,20.0,0.6588,20.0,1701.0,2.0
2021-01-05 09:41:51.760,0.6964,0.6625,4.0,0.6598,20.0,1701.0,2.0
2021-01-05 09:41:52.261,0.6964,0.6624,1.0,0.6588,20.0,1701.0,2.0
2021-01-05 09:41:52.690,0.6964,0.662,4.0,0.6588,20.0,1701.0,2.0
2021-01-05 09:41:53.201,0.6964,0.662,24.0,0.6588,20.0,1701.0,2.0
2021-01-05 09:41:54.161,0.6964,0.6619,10.0,0.6588,20.0,1701.0,2.0
2021-01-05 09:41:54.591,0.6964,0.6618,4.0,0.6588,20.0,1701.0,2.0
2021-01-05 09:41:55.160,0.6964,0.6618,4.0,0.6588,20.0,1701.0,2.0
2021-01-05 09:41:55.671,0.6964,0.6617,10.0,0.6577,30.0,1701.0,2.0
2021-01-05 09:41:56.080,0.6964,0.6615,4.0,0.6577,30.0,1701.0,2.0
2021-01-05 09:41:56.661,0.6964,0.6615,4.0,0.6577,30.0,1701.0,2.0
2021-01-05 09:41:57.110,0.6964,0.6615,24.0,0.6577,30.0,1701.0,2.0
2021-01-05 09:41:57.640,0.6964,0.6614,10.0,0.6577,30.0,1701.0,2.0
2021-01-05 09:41:58.140,0.6964,0.6615,14.0,0.6577,30.0,1701.0,2.0
2021-01-05 09:41:58.660,0.6964,0.6614,10.0,0.6577,30.0,1701.0,2.0
2021-01-05 09:41:59.131,0.6964,0.6615,14.0,0.6577,30.0,1701.0,2.0
2021-01-05 09:42:00.151,0.6964,0.6614,10.0,0.6577,30.0,1701.0,2.0
2021-01-05 09:42:00.701,0.6964,0.6614,10.0,0.6577,30.0,1701.0,2.0
2021-01-05 09:42:01.630,0.6964,0.6613,4.0,0.6577,30.0,1701.0,2.0
2021-01-05 09:42:02.201,0.6964,0.6613,4.0,0.6577,30.0,1701.0,2.0
2021-01-05 09:42:03.161,0.6964,0.6613,4.0,0.6577,30.0,1701.0,2.0
2021-01-05 09:42:04.500,0.6964,0.6613,4.0,0.6577,30.0,1701.0,2.0
2021-01-05 09:42:05.211,0.6964,0.6612,10.0,0.6577,30.0,1701.0,2.0
2021-01-05 09:42:05.711,0.6964,0.6612,10.0,0.6577,30.0,1701.0,2.0
2021-01-05 09:42:06.181,0.6964,0.6613,14.0,0.6577,30.0,1701.0,2.0
2021-01-05 09:42:06.690,0.6964,0.6613,14.0,0.6577,30.0,1701.0,2.0
2021-01-05 09:42:07.230,0.6964,0.6613,14.0,0.6577,30.0,1701.0,2.0
2021-01-05 09:42:08.660,0.6964,0.6613,14.0,0.6577,30.0,1701.0,2.0
2021-01-05 09:42:09.230,0.6964,0.6613,14.0,0.6577,30.0,1701.0,2.0
2021-01-05 09:42:11.211,0.6964,0.6609,10.0,0.6577,20.0,1701.0,2.0
2021-01-05 09:42:11.651,0.6964,0.6606,4.0,0.6568,30.0,1701.0,2.0
2021-01-05 09:42:12.711,0.6964,0.6606,4.0,0.6568,30.0,1701.0,2.0
2021-01-05 09:42:13.211,0.6964,0.6605,10.0,0.6568,30.0,1701.0,2.0
2021-01-05 09:42:13.731,0.6964,0.6606,10.0,0.6568,30.0,1701.0,2.0
2021-01-05 09:42:15.170,0.6964,0.6606,10.0,0.6568,30.0,1701.0,2.0
2021-01-05 09:42:16.701,0.6964,0.6606,10.0,0.6568,30.0,1701.0,2.0
2021-01-05 09:42:17.241,0.6964,0.6606,10.0,0.6568,30.0,1701.0,2.0
2021-01-05 09:42:17.681,0.6964,0.6606,10.0,0.6568,30.0,1701.0,2.0
2021-01-05 09:42:18.100,0.6964,0.6606,10.0,0.6568,30.0,1701.0,2.0
2021-01-05 09:42:18.651,0.6964,0.6606,10.0,0.6568,30.0,1701.0,2.0
2021-01-05 09:42:19.210,0.6964,0.6606,10.0,0.6568,30.0,1701.0,2.0
2021-01-05 09:42:20.150,0.6964,0.6608,10.0,0.6568,30.0,1701.0,2.0
2021-01-05 09:42:20.751,0.6964,0.6606,10.0,0.6568,30.0,1701.0,2.0
2021-01-05 09:42:21.621,0.6964,0.6609,20.0,0.6568,30.0,1701.0,2.0
2021-01-05 09:42:22.221,0.6964,0.6605,10.0,0.6568,30.0,1701.0,2.0
2021-01-05 09:42:23.631,0.6964,0.6605,10.0,0.6568,30.0,1701.0,2.0
2021-01-05 09:42:24.151,0.6964,0.6605,10.0,0.6568,30.0,1701.0,2.0
2021-01-05 09:42:24.670,0.6964,0.6605,10.0,0.6568,30.0,1701.0,2.0
2021-01-05 09:42:25.471,0.6964,0.6603,4.0,0.6568,30.0,1701.0,2.0
2021-01-05 09:42:25.940,0.6964,0.6603,24.0,0.6568,30.0,1701.0,2.0
2021-01-05 09:42:27.171,0.6964,0.6603,24.0,0.6568,30.0,1701.0,2.0
2021-01-05 09:42:28.130,0.6964,0.6602,10.0,0.6568,30.0,1701.0,2.0
2021-01-05 09:42:28.641,0.6964,0.6603,34.0,0.6568,30.0,1701.0,2.0
2021-01-05 09:42:29.680,0.6964,0.6603,34.0,0.6568,30.0,1701.0,2.0
2021-01-05 09:42:30.710,0.6964,0.6603,34.0,0.6568,30.0,1701.0,2.0
2021-01-05 09:42:31.200,0.6964,0.6603,34.0,0.6568,30.0,1701.0,2.0
2021-01-05 09:42:33.230,0.6964,0.6603,34.0,0.6568,30.0,1701.0,2.0
2021-01-05 09:42:34.210,0.6964,0.6603,34.0,0.6568,30.0,1701.0,2.0
2021-01-05 09:42:36.650,0.6964,0.6603,34.0,0.6568,30.0,1701.0,2.0
2021-01-05 09:42:37.251,0.6964,0.6603,34.0,0.6568,30.0,1701.0,2.0
2021-01-05 09:42:41.201,0.6964,0.6603,34.0,0.6568,30.0,1701.0,2.0
2021-01-05 09:42:41.731,0.6964,0.6603,44.0,0.6568,20.0,1701.0,2.0
2021-01-05 09:42:42.250,0.6964,0.6597,10.0,0.6568,20.0,1701.0,2.0
2021-01-05 09:42:42.711,0.6964,0.6597,10.0,0.6559,20.0,1701.0,2.0
2021-01-05 09:42:43.251,0.6964,0.6597,30.0,0.6559,20.0,1701.0,2.0
2021-01-05 09:42:43.741,0.6964,0.6597,10.0,0.6562,10.0,1701.0,2.0
2021-01-05 09:42:44.211,0.6964,0.6596,10.0,0.6562,10.0,1701.0,2.0
2021-01-05 09:42:44.751,0.6964,0.6595,4.0,0.6559,20.0,1701.0,2.0
2021-01-05 09:42:45.191,0.6964,0.6595,4.0,0.6559,20.0,1701.0,2.0
2021-01-05 09:42:46.240,0.6964,0.6594,10.0,0.6559,20.0,1701.0,2.0
2021-01-05 09:42:46.741,0.6964,0.6594,10.0,0.6559,20.0,1701.0,2.0
2021-01-05 09:42:47.160,0.6964,0.6591,4.0,0.6559,20.0,1701.0,2.0
2021-01-05 09:42:48.090,0.6964,0.6591,24.0,0.6559,20.0,1701.0,2.0
2021-01-05 09:42:48.630,0.6964,0.6591,20.0,0.6559,20.0,1701.0,2.0
2021-01-05 09:42:49.750,0.6964,0.6593,10.0,0.6559,20.0,1701.0,2.0
2021-01-05 09:42:50.261,0.6964,0.6593,10.0,0.6559,20.0,1701.0,2.0
2021-01-05 09:42:50.720,0.6964,0.6593,10.0,0.6559,20.0,1701.0,2.0
2021-01-05 09:42:52.251,0.6964,0.6593,10.0,0.6559,20.0,1701.0,2.0
2021-01-05 09:42:53.621,0.6964,0.6592,4.0,0.6559,20.0,1701.0,2.0
2021-01-05 09:42:54.191,0.6964,0.6592,24.0,0.6559,20.0,1701.0,2.0
2021-01-05 09:42:55.190,0.6964,0.6592,24.0,0.6559,20.0,1701.0,2.0
2021-01-05 09:42:55.701,0.6964,0.6591,10.0,0.6559,20.0,1701.0,2.0
2021-01-05 09:42:56.191,0.6964,0.659,4.0,0.6559,20.0,1701.0,2.0
2021-01-05 09:42:56.650,0.6964,0.659,4.0,0.6559,20.0,1701.0,2.0
2021-01-05 09:42:57.661,0.6964,0.659,4.0,0.6559,20.0,1701.0,2.0
2021-01-05 09:42:58.220,0.6964,0.6589,10.0,0.6559,20.0,1701.0,2.0
2021-01-05 09:42:58.731,0.6964,0.6592,30.0,0.6559,20.0,1701.0,2.0
2021-01-05 09:42:59.230,0.6964,0.6592,20.0,0.6559,20.0,1701.0,2.0
2021-01-05 09:42:59.730,0.6964,0.6589,10.0,0.6559,20.0,1701.0,2.0
2021-01-05 09:43:00.200,0.6964,0.659,4.0,0.6559,20.0,1701.0,2.0
2021-01-05 09:43:00.721,0.6964,0.659,14.0,0.6559,20.0,1701.0,2.0
2021-01-05 09:43:01.211,0.6964,0.659,4.0,0.6559,20.0,1701.0,2.0
2021-01-05 09:43:01.701,0.6964,0.659,4.0,0.6559,20.0,1701.0,2.0
2021-01-05 09:43:02.150,0.6964,0.6589,10.0,0.6559,20.0,1701.0,2.0
2021-01-05 09:43:02.681,0.6964,0.6586,4.0,0.6559,20.0,1701.0,2.0
2021-01-05 09:43:03.701,0.6964,0.6586,24.0,0.6559,20.0,1701.0,2.0
2021-01-05 09:43:04.740,0.6964,0.6586,20.0,0.656,1.0,1701.0,2.0
2021-01-05 09:43:05.251,0.6964,0.6592,20.0,0.656,1.0,1701.0,2.0
2021-01-05 09:43:05.731,0.6964,0.6592,20.0,0.656,1.0,1701.0,2.0
2021-01-05 09:43:06.171,0.6964,0.6597,20.0,0.656,1.0,1701.0,2.0
2021-01-05 09:43:06.680,0.6964,0.6596,10.0,0.6559,20.0,1701.0,2.0
2021-01-05 09:43:07.231,0.6964,0.6597,30.0,0.6559,20.0,1701.0,2.0
2021-01-05 09:43:07.710,0.6964,0.6595,10.0,0.6559,20.0,1701.0,2.0
2021-01-05 09:43:08.200,0.6964,0.6597,20.0,0.6559,20.0,1701.0,2.0
2021-01-05 09:43:09.231,0.6964,0.6597,30.0,0.6559,20.0,1701.0,2.0
2021-01-05 09:43:09.740,0.6964,0.6597,20.0,0.6559,20.0,1701.0,2.0
2021-01-05 09:43:10.150,0.6964,0.6593,4.0,0.6559,20.0,1701.0,2.0
2021-01-05 09:43:11.170,0.6964,0.6596,10.0,0.6559,20.0,1701.0,2.0
2021-01-05 09:43:11.750,0.6964,0.6596,10.0,0.6559,20.0,1701.0,2.0
2021-01-05 09:43:13.210,0.6964,0.6597,30.0,0.6559,20.0,1701.0,2.0
2021-01-05 09:43:13.740,0.6964,0.6597,20.0,0.6559,20.0,1701.0,2.0
2021-01-05 09:43:14.270,0.6964,0.6603,30.0,0.6561,10.0,1701.0,2.0
2021-01-05 09:43:15.241,0.6964,0.6603,20.0,0.6568,10.0,1701.0,2.0
2021-01-05 09:43:15.711,0.6964,0.6603,20.0,0.6568,10.0,1701.0,2.0
2021-01-05 09:43:16.270,0.6964,0.6603,20.0,0.6568,30.0,1701.0,2.0
2021-01-05 09:43:16.720,0.6964,0.6602,10.0,0.6568,30.0,1701.0,2.0
2021-01-05 09:43:17.271,0.6964,0.6605,10.0,0.6568,30.0,1701.0,2.0
2021-01-05 09:43:17.771,0.6964,0.6601,10.0,0.6568,30.0,1701.0,2.0
2021-01-05 09:43:18.270,0.6964,0.6602,20.0,0.6568,30.0,1701.0,2.0
2021-01-05 09:43:20.731,0.6964,0.6602,20.0,0.6568,30.0,1701.0,2.0
2021-01-05 09:43:21.271,0.6964,0.6604,10.0,0.6568,30.0,1701.0,2.0
2021-01-05 09:43:21.701,0.6964,0.6601,10.0,0.6568,30.0,1701.0,2.0
2021-01-05 09:43:22.281,0.6964,0.6603,4.0,0.6568,30.0,1701.0,2.0
2021-01-05 09:43:22.641,0.6964,0.6601,20.0,0.6568,30.0,1701.0,2.0
2021-01-05 09:43:23.190,0.6964,0.6601,20.0,0.6568,30.0,1701.0,2.0
2021-01-05 09:43:24.120,0.6964,0.66,10.0,0.6568,30.0,1701.0,2.0
2021-01-05 09:43:25.201,0.6964,0.6599,4.0,0.6568,30.0,1701.0,2.0
2021-01-05 09:43:25.701,0.6964,0.6599,4.0,0.6568,30.0,1701.0,2.0
2021-01-05 09:43:26.181,0.6964,0.6598,10.0,0.6568,20.0,1701.0,2.0
2021-01-05 09:43:26.611,0.6964,0.6599,10.0,0.6559,20.0,1701.0,2.0
2021-01-05 09:43:27.190,0.6964,0.6596,4.0,0.6559,20.0,1701.0,2.0
2021-01-05 09:43:27.591,0.6964,0.6596,24.0,0.6559,20.0,1701.0,2.0
2021-01-05 09:43:28.091,0.6964,0.6596,24.0,0.6559,20.0,1701.0,2.0
2021-01-05 09:43:28.561,0.6964,0.6596,24.0,0.6559,20.0,1701.0,2.0
2021-01-05 09:43:29.660,0.6964,0.6595,10.0,0.6559,20.0,1701.0,2.0
2021-01-05 09:43:30.050,0.6964,0.6596,34.0,0.6559,20.0,1701.0,2.0
2021-01-05 09:43:30.701,0.6964,0.6596,24.0,0.6559,20.0,1701.0,2.0
2021-01-05 09:43:31.111,0.6964,0.6595,10.0,0.6559,20.0,1701.0,2.0
2021-01-05 09:43:31.720,0.6964,0.6596,34.0,0.6559,20.0,1701.0,2.0
2021-01-05 09:43:32.701,0.6964,0.6596,34.0,0.6559,20.0,1701.0,2.0
2021-01-05 09:43:33.141,0.6964,0.6596,24.0,0.6559,20.0,1701.0,2.0
2021-01-05 09:43:33.670,0.6964,0.6596,24.0,0.6559,20.0,1701.0,2.0
2021-01-05 09:43:34.221,0.6964,0.6595,10.0,0.6559,20.0,1701.0,2.0
2021-01-05 09:43:34.691,0.6964,0.6596,34.0,0.6559,20.0,1701.0,2.0
2021-01-05 09:43:35.160,0.6964,0.6596,24.0,0.6559,20.0,1701.0,2.0
2021-01-05 09:43:35.681,0.6964,0.6596,24.0,0.6559,20.0,1701.0,2.0
2021-01-05 09:43:36.661,0.6964,0.6596,20.0,0.6559,20.0,1701.0,2.0
2021-01-05 09:43:37.181,0.6964,0.6599,10.0,0.6559,20.0,1701.0,2.0
2021-01-05 09:43:37.631,0.6964,0.6597,10.0,0.6559,20.0,1701.0,2.0
2021-01-05 09:43:38.221,0.6964,0.6595,10.0,0.6559,20.0,1701.0,2.0
2021-01-05 09:43:39.241,0.6964,0.6595,30.0,0.6559,20.0,1701.0,2.0
2021-01-05 09:43:40.731,0.6964,0.6595,20.0,0.6559,20.0,1701.0,2.0
2021-01-05 09:43:41.730,0.6964,0.6594,10.0,0.6559,20.0,1701.0,2.0
2021-01-05 09:43:42.191,0.6964,0.6595,20.0,0.6559,20.0,1701.0,2.0
2021-01-05 09:43:43.231,0.6964,0.6595,20.0,0.6561,10.0,1701.0,2.0
2021-01-05 09:43:43.711,0.6964,0.6599,10.0,0.6559,20.0,1701.0,2.0
2021-01-05 09:43:44.670,0.6964,0.6601,20.0,0.6559,20.0,1701.0,2.0
2021-01-05 09:43:45.221,0.6964,0.66,10.0,0.6559,20.0,1701.0,2.0
2021-01-05 09:43:46.051,0.6964,0.6597,4.0,0.6559,20.0,1701.0,2.0
2021-01-05 09:43:46.750,0.6964,0.6597,4.0,0.6559,20.0,1701.0,2.0
2021-01-05 09:43:47.250,0.6964,0.6596,10.0,0.6559,20.0,1701.0,2.0
2021-01-05 09:43:47.661,0.6964,0.6596,20.0,0.6559,20.0,1701.0,2.0
2021-01-05 09:43:48.220,0.6964,0.6596,20.0,0.6559,20.0,1701.0,2.0
2021-01-05 09:43:48.641,0.6964,0.6596,20.0,0.656,20.0,1701.0,2.0
2021-01-05 09:43:49.061,0.6964,0.6601,20.0,0.6567,10.0,1701.0,2.0
2021-01-05 09:43:49.601,0.6964,0.6601,20.0,0.6567,30.0,1701.0,2.0
2021-01-05 09:43:50.170,0.6964,0.6601,20.0,0.6567,30.0,1701.0,2.0
2021-01-05 09:43:50.650,0.6964,0.6608,20.0,0.6569,10.0,1701.0,2.0
2021-01-05 09:43:51.660,0.6964,0.6608,30.0,0.6569,10.0,1701.0,2.0
2021-01-05 09:43:52.200,0.6964,0.6608,20.0,0.6569,10.0,1701.0,2.0
2021-01-05 09:43:52.681,0.6964,0.6608,20.0,0.6569,10.0,1701.0,2.0
2021-01-05 09:43:53.201,0.6964,0.6608,20.0,0.6569,10.0,1701.0,2.0
2021-01-05 09:43:54.191,0.6964,0.6608,20.0,0.6569,20.0,1701.0,2.0
2021-01-05 09:43:54.680,0.6964,0.6608,20.0,0.6576,10.0,1701.0,2.0
2021-01-05 09:43:54.980,0.6964,0.6614,30.0,0.6576,30.0,1701.0,2.0
2021-01-05 09:43:55.660,0.6964,0.6613,10.0,0.6576,30.0,1701.0,2.0
2021-01-05 09:43:57.230,0.6964,0.661,4.0,0.6576,30.0,1701.0,2.0
2021-01-05 09:43:57.650,0.6964,0.6609,10.0,0.6576,30.0,1701.0,2.0
2021-01-05 09:43:58.181,0.6964,0.6608,4.0,0.6576,30.0,1701.0,2.0
2021-01-05 09:43:58.711,0.6964,0.6608,4.0,0.6576,30.0,1701.0,2.0
2021-01-05 09:43:59.170,0.6964,0.6608,4.0,0.6576,30.0,1701.0,2.0
2021-01-05 09:44:00.131,0.6964,0.6608,4.0,0.6576,30.0,1701.0,2.0
2021-01-05 09:44:00.701,0.6964,0.6609,20.0,0.6576,30.0,1701.0,2.0
2021-01-05 09:44:01.160,0.6964,0.6614,20.0,0.6576,30.0,1701.0,2.0
2021-01-05 09:44:01.621,0.6964,0.6613,4.0,0.6576,30.0,1701.0,2.0
2021-01-05 09:44:02.711,0.6964,0.6614,20.0,0.6576,30.0,1701.0,2.0
2021-01-05 09:44:03.241,0.6964,0.6614,20.0,0.6576,30.0,1701.0,2.0
2021-01-05 09:44:03.750,0.6964,0.6619,20.0,0.6576,40.0,1701.0,2.0
2021-01-05 09:44:04.230,0.6964,0.6619,20.0,0.6587,10.0,1701.0,2.0
2021-01-05 09:44:04.720,0.6964,0.6625,30.0,0.6587,30.0,1701.0,2.0
2021-01-05 09:44:05.241,0.6964,0.6624,4.0,0.6587,30.0,1701.0,2.0
2021-01-05 09:44:05.750,0.6964,0.6624,14.0,0.6587,30.0,1701.0,2.0
2021-01-05 09:44:06.261,0.6964,0.6624,4.0,0.6587,30.0,1701.0,2.0
2021-01-05 09:44:06.770,0.6964,0.6625,40.0,0.6587,30.0,1701.0,2.0
2021-01-05 09:44:07.281,0.6964,0.6625,30.0,0.6587,30.0,1701.0,2.0
2021-01-05 09:44:07.750,0.6964,0.6625,20.0,0.6587,30.0,1701.0,2.0
2021-01-05 09:44:08.261,0.6964,0.6625,20.0,0.6587,30.0,1701.0,2.0
2021-01-05 09:44:08.760,0.6964,0.6625,20.0,0.6587,30.0,1701.0,2.0
2021-01-05 09:44:10.280,0.6964,0.6625,20.0,0.6587,30.0,1701.0,2.0
2021-01-05 09:44:10.781,0.6964,0.6625,20.0,0.6587,30.0,1701.0,2.0
2021-01-05 09:44:11.271,0.6964,0.6625,20.0,0.6587,30.0,1701.0,2.0
2021-01-05 09:44:12.270,0.6964,0.6625,20.0,0.6587,30.0,1701.0,2.0
2021-01-05 09:44:12.781,0.6964,0.6625,20.0,0.6587,30.0,1701.0,2.0
2021-01-05 09:44:13.230,0.6964,0.6625,20.0,0.6587,30.0,1701.0,2.0
2021-01-05 09:44:14.781,0.6964,0.6625,20.0,0.6587,30.0,1701.0,2.0
2021-01-05 09:44:15.780,0.6964,0.6625,20.0,0.6587,30.0,1701.0,2.0
2021-01-05 09:44:16.281,0.6964,0.6625,20.0,0.6587,30.0,1701.0,2.0
2021-01-05 09:44:17.280,0.6964,0.6622,4.0,0.6587,30.0,1701.0,2.0
2021-01-05 09:44:17.770,0.6964,0.6622,4.0,0.6587,30.0,1701.0,2.0
2021-01-05 09:44:18.231,0.6964,0.6622,4.0,0.6587,30.0,1701.0,2.0
2021-01-05 09:44:18.780,0.6964,0.6617,10.0,0.6587,30.0,1701.0,2.0
2021-01-05 09:44:19.261,0.6964,0.6617,30.0,0.6587,30.0,1701.0,2.0
2021-01-05 09:44:19.801,0.6964,0.6617,30.0,0.6587,30.0,1701.0,2.0
2021-01-05 09:44:20.271,0.6964,0.6617,30.0,0.6587,30.0,1701.0,2.0
2021-01-05 09:44:20.801,0.6964,0.6617,30.0,0.6587,30.0,1701.0,2.0
2021-01-05 09:44:21.270,0.6964,0.6617,30.0,0.6587,30.0,1701.0,2.0
2021-01-05 09:44:21.760,0.6964,0.6617,30.0,0.6587,30.0,1701.0,2.0
2021-01-05 09:44:22.131,0.6964,0.6617,30.0,0.6587,30.0,1701.0,2.0
2021-01-05 09:44:22.580,0.6964,0.6617,30.0,0.6587,30.0,1701.0,2.0
2021-01-05 09:44:25.660,0.6964,0.6617,30.0,0.6587,30.0,1701.0,2.0
2021-01-05 09:44:26.201,0.6964,0.6617,30.0,0.6587,30.0,1701.0,2.0
2021-01-05 09:44:26.701,0.6964,0.6617,20.0,0.6587,30.0,1701.0,2.0
2021-01-05 09:44:27.201,0.6964,0.6617,20.0,0.6587,30.0,1701.0,2.0
2021-01-05 09:44:27.710,0.6964,0.6622,4.0,0.6587,30.0,1701.0,2.0
2021-01-05 09:44:28.680,0.6964,0.6622,4.0,0.6587,30.0,1701.0,2.0
2021-01-05 09:44:29.200,0.6964,0.6622,4.0,0.6587,30.0,1701.0,2.0
2021-01-05 09:44:29.640,0.6964,0.6625,20.0,0.6588,10.0,1701.0,2.0
2021-01-05 09:44:30.201,0.6964,0.6624,4.0,0.6588,10.0,1701.0,2.0
2021-01-05 09:44:30.720,0.6964,0.6624,4.0,0.6587,30.0,1701.0,2.0
2021-01-05 09:44:31.730,0.6964,0.6625,20.0,0.6587,30.0,1701.0,2.0
2021-01-05 09:44:32.220,0.6964,0.6625,20.0,0.6587,30.0,1701.0,2.0
2021-01-05 09:44:32.691,0.6964,0.6625,20.0,0.6596,10.0,1701.0,2.0
2021-01-05 09:44:33.240,0.6964,0.6625,20.0,0.6596,30.0,1701.0,2.0
2021-01-05 09:44:33.730,0.6964,0.6625,20.0,0.6596,30.0,1701.0,2.0
2021-01-05 09:44:34.141,0.6964,0.6625,20.0,0.6596,30.0,1701.0,2.0
2021-01-05 09:44:34.241,0.6964,0.6637,10.0,0.6596,30.0,1701.0,2.0
2021-01-05 09:44:34.981,0.6964,0.6635,4.0,0.6596,30.0,1701.0,2.0
2021-01-05 09:44:35.740,0.6964,0.6635,14.0,0.6596,30.0,1701.0,2.0
2021-01-05 09:44:36.220,0.6964,0.6635,4.0,0.6596,30.0,1701.0,2.0
2021-01-05 09:44:37.240,0.6964,0.6634,10.0,0.6596,30.0,1701.0,2.0
2021-01-05 09:44:37.751,0.6964,0.6635,4.0,0.6596,30.0,1701.0,2.0
2021-01-05 09:44:38.201,0.6964,0.6635,4.0,0.6596,30.0,1701.0,2.0
2021-01-05 09:44:39.240,0.6964,0.6637,40.0,0.6596,30.0,1701.0,2.0
2021-01-05 09:44:39.661,0.6964,0.6637,30.0,0.6596,40.0,1701.0,2.0
2021-01-05 09:44:40.250,0.6964,0.6637,30.0,0.6597,10.0,1701.0,2.0
2021-01-05 09:44:40.740,0.6964,0.6637,30.0,0.6597,10.0,1701.0,2.0
2021-01-05 09:44:41.251,0.6964,0.6637,30.0,0.6599,10.0,1701.0,2.0
2021-01-05 09:44:42.731,0.6964,0.6637,30.0,0.6599,10.0,1701.0,2.0
2021-01-05 09:44:43.251,0.6964,0.6637,30.0,0.6597,10.0,1701.0,2.0
2021-01-05 09:44:43.760,0.6964,0.6637,30.0,0.6596,40.0,1701.0,2.0
2021-01-05 09:44:44.260,0.6964,0.6637,40.0,0.6596,30.0,1701.0,2.0
2021-01-05 09:44:44.761,0.6964,0.6631,4.0,0.6597,10.0,1701.0,2.0
2021-01-05 09:44:45.261,0.6964,0.6625,10.0,0.6596,30.0,1701.0,2.0
2021-01-05 09:44:45.760,0.6964,0.6625,10.0,0.6596,30.0,1701.0,2.0
2021-01-05 09:44:46.160,0.6964,0.6625,30.0,0.6596,30.0,1701.0,2.0
2021-01-05 09:44:46.771,0.6964,0.6625,10.0,0.6596,30.0,1701.0,2.0
2021-01-05 09:44:47.251,0.6964,0.6625,30.0,0.6596,30.0,1701.0,2.0
2021-01-05 09:44:47.770,0.6964,0.6625,30.0,0.6596,30.0,1701.0,2.0
2021-01-05 09:44:48.281,0.6964,0.6625,30.0,0.6596,30.0,1701.0,2.0
2021-01-05 09:44:48.780,0.6964,0.6625,30.0,0.6596,30.0,1701.0,2.0
2021-01-05 09:44:49.800,0.6964,0.6625,30.0,0.6596,30.0,1701.0,2.0
2021-01-05 09:44:50.300,0.6964,0.6625,30.0,0.6596,30.0,1701.0,2.0
2021-01-05 09:44:50.811,0.6964,0.6625,30.0,0.6596,30.0,1701.0,2.0
2021-01-05 09:44:51.810,0.6964,0.6625,30.0,0.6596,30.0,1701.0,2.0
2021-01-05 09:44:53.201,0.6964,0.6625,30.0,0.6596,30.0,1701.0,2.0
2021-01-05 09:44:53.710,0.6964,0.6625,30.0,0.6596,30.0,1701.0,2.0
2021-01-05 09:44:54.970,0.6964,0.6625,30.0,0.6596,30.0,1701.0,2.0
2021-01-05 09:44:55.590,0.6964,0.6625,30.0,0.6596,30.0,1701.0,2.0
2021-01-05 09:44:56.161,0.6964,0.6625,30.0,0.6596,30.0,1701.0,2.0
2021-01-05 09:44:56.720,0.6964,0.6625,30.0,0.6596,30.0,1701.0,2.0
2021-01-05 09:44:57.680,0.6964,0.6625,30.0,0.6596,30.0,1701.0,2.0
2021-01-05 09:44:58.120,0.6964,0.6625,30.0,0.6596,30.0,1701.0,2.0
2021-01-05 09:44:58.720,0.6964,0.6625,20.0,0.6596,30.0,1701.0,2.0
2021-01-05 09:44:59.190,0.6964,0.6631,20.0,0.6596,30.0,1701.0,2.0
2021-01-05 09:44:59.711,0.6964,0.6631,20.0,0.6597,10.0,1701.0,2.0
2021-01-05 09:45:00.061,0.6964,0.6641,30.0,0.6597,10.0,1701.0,2.0
2021-01-05 09:45:00.061,0.6964,0.6639,10.0,0.6596,30.0,1701.0,2.0
2021-01-05 09:45:01.221,0.6964,0.6641,20.0,0.6605,10.0,1701.0,2.0
2021-01-05 09:45:01.680,0.6964,0.6641,20.0,0.6605,10.0,1701.0,2.0
2021-01-05 09:45:02.061,0.6964,0.6641,20.0,0.6605,30.0,1701.0,2.0
2021-01-05 09:45:02.710,0.6964,0.6648,20.0,0.6605,30.0,1701.0,2.0
2021-01-05 09:45:03.190,0.6964,0.6648,20.0,0.6605,40.0,1701.0,2.0
2021-01-05 09:45:03.680,0.6964,0.6645,10.0,0.6605,30.0,1701.0,2.0
2021-01-05 09:45:04.191,0.6964,0.6646,10.0,0.6606,10.0,1701.0,2.0
2021-01-05 09:45:05.221,0.6964,0.6646,10.0,0.6616,10.0,1701.0,2.0
2021-01-05 09:45:05.720,0.6964,0.6648,20.0,0.6616,10.0,1701.0,2.0
2021-01-05 09:45:06.200,0.6964,0.6653,20.0,0.6616,30.0,1701.0,2.0
2021-01-05 09:45:06.721,0.6964,0.6653,20.0,0.6616,30.0,1701.0,2.0
2021-01-05 09:45:07.130,0.6964,0.6658,20.0,0.6618,10.0,1701.0,2.0
2021-01-05 09:45:07.720,0.6964,0.6656,10.0,0.6616,30.0,1701.0,2.0
2021-01-05 09:45:08.110,0.6964,0.6652,10.0,0.6616,30.0,1701.0,2.0
2021-01-05 09:45:08.700,0.6964,0.6658,20.0,0.6619,10.0,1701.0,2.0
2021-01-05 09:45:09.190,0.6964,0.6653,20.0,0.6616,30.0,1701.0,2.0
2021-01-05 09:45:09.720,0.6964,0.6658,20.0,0.6619,10.0,1701.0,2.0
2021-01-05 09:45:10.200,0.6964,0.6658,30.0,0.6616,30.0,1701.0,2.0
2021-01-05 09:45:10.700,0.6964,0.6657,10.0,0.6616,30.0,1701.0,2.0
2021-01-05 09:45:11.051,0.6964,0.6655,10.0,0.6616,30.0,1701.0,2.0
2021-01-05 09:45:11.720,0.6964,0.6656,4.0,0.6616,40.0,1701.0,2.0
2021-01-05 09:45:12.150,0.6964,0.6658,20.0,0.6618,10.0,1701.0,2.0
2021-01-05 09:45:12.701,0.6964,0.6658,20.0,0.6618,10.0,1701.0,2.0
2021-01-05 09:45:13.220,0.6964,0.6658,20.0,0.6626,10.0,1701.0,2.0
2021-01-05 09:45:13.681,0.6964,0.6658,20.0,0.6626,10.0,1701.0,2.0
2021-01-05 09:45:14.131,0.6964,0.6662,10.0,0.6626,30.0,1701.0,2.0
2021-01-05 09:45:15.230,0.6964,0.6662,30.0,0.6626,30.0,1701.0,2.0
2021-01-05 09:45:15.721,0.6964,0.6662,10.0,0.6626,30.0,1701.0,2.0
2021-01-05 09:45:16.230,0.6964,0.6662,10.0,0.6626,30.0,1701.0,2.0
2021-01-05 09:45:16.530,0.6964,0.6667,20.0,0.6637,10.0,1701.0,2.0
2021-01-05 09:45:17.170,0.6964,0.6672,30.0,0.6637,30.0,1701.0,2.0
2021-01-05 09:45:17.731,0.6964,0.6672,30.0,0.6637,30.0,1701.0,2.0
2021-01-05 09:45:19.191,0.6964,0.6671,10.0,0.6637,30.0,1701.0,2.0
2021-01-05 09:45:19.731,0.6964,0.6668,10.0,0.6637,30.0,1701.0,2.0
2021-01-05 09:45:20.240,0.6964,0.6667,10.0,0.6637,30.0,1701.0,2.0
2021-01-05 09:45:20.741,0.6964,0.6667,30.0,0.6637,30.0,1701.0,2.0
2021-01-05 09:45:21.191,0.6964,0.6667,20.0,0.6637,30.0,1701.0,2.0
2021-01-05 09:45:22.240,0.6964,0.6667,20.0,0.6637,30.0,1701.0,2.0
2021-01-05 09:45:22.710,0.6964,0.6668,10.0,0.6637,30.0,1701.0,2.0
2021-01-05 09:45:23.160,0.6964,0.6667,10.0,0.6637,30.0,1701.0,2.0
2021-01-05 09:45:23.671,0.6964,0.6668,10.0,0.6637,30.0,1701.0,2.0
2021-01-05 09:45:24.701,0.6964,0.6669,10.0,0.6637,30.0,1701.0,2.0
2021-01-05 09:45:25.690,0.6964,0.6667,10.0,0.6637,30.0,1701.0,2.0
2021-01-05 09:45:26.220,0.6964,0.6668,10.0,0.6637,30.0,1701.0,2.0
2021-01-05 09:45:26.650,0.6964,0.6667,24.0,0.6637,20.0,1701.0,2.0
2021-01-05 09:45:27.211,0.6964,0.6667,34.0,0.6628,10.0,1701.0,2.0
2021-01-05 09:45:27.711,0.6964,0.6667,24.0,0.6628,10.0,1701.0,2.0
2021-01-05 09:45:28.210,0.6964,0.6666,10.0,0.6628,10.0,1701.0,2.0
2021-01-05 09:45:28.550,0.6964,0.6667,34.0,0.6628,10.0,1701.0,2.0
2021-01-05 09:45:29.140,0.6964,0.6665,10.0,0.6628,10.0,1701.0,2.0
2021-01-05 09:45:30.191,0.6964,0.6659,4.0,0.6626,20.0,1701.0,2.0
2021-01-05 09:45:30.700,0.6964,0.6658,10.0,0.6619,30.0,1701.0,2.0
2021-01-05 09:45:30.971,0.6964,0.6657,4.0,0.6619,30.0,1701.0,2.0
2021-01-05 09:45:31.680,0.6964,0.6657,4.0,0.6619,30.0,1701.0,2.0
2021-01-05 09:45:32.160,0.6964,0.6657,14.0,0.6619,30.0,1701.0,2.0
2021-01-05 09:45:33.180,0.6964,0.6655,10.0,0.6619,30.0,1701.0,2.0
2021-01-05 09:45:34.220,0.6964,0.6653,10.0,0.6619,30.0,1701.0,2.0
2021-01-05 09:45:35.190,0.6964,0.6653,30.0,0.6619,30.0,1701.0,2.0
2021-01-05 09:45:35.651,0.6964,0.6652,14.0,0.6619,30.0,1701.0,2.0
2021-01-05 09:45:37.241,0.6964,0.6652,14.0,0.6619,30.0,1701.0,2.0
2021-01-05 09:45:39.210,0.6964,0.6652,4.0,0.6619,30.0,1701.0,2.0
2021-01-05 09:45:39.710,0.6964,0.6651,10.0,0.6619,30.0,1701.0,2.0
2021-01-05 09:45:40.240,0.6964,0.6652,14.0,0.6619,30.0,1701.0,2.0
2021-01-05 09:45:42.240,0.6964,0.664,10.0,0.6619,30.0,1701.0,2.0
2021-01-05 09:45:42.711,0.6964,0.665,10.0,0.6619,30.0,1701.0,2.0
2021-01-05 09:45:43.041,0.6964,0.665,20.0,0.6619,30.0,1701.0,2.0
2021-01-05 09:45:43.681,0.6964,0.6651,10.0,0.6619,30.0,1701.0,2.0
2021-01-05 09:45:44.201,0.6964,0.6652,4.0,0.6619,30.0,1701.0,2.0
2021-01-05 09:45:45.220,0.6964,0.665,10.0,0.6619,30.0,1701.0,2.0
2021-01-05 09:45:45.681,0.6964,0.6652,14.0,0.6619,30.0,1701.0,2.0
2021-01-05 09:45:46.240,0.6964,0.6649,10.0,0.6619,30.0,1701.0,2.0
2021-01-05 09:45:46.751,0.6964,0.665,10.0,0.6619,30.0,1701.0,2.0
2021-01-05 09:45:47.241,0.6964,0.6648,10.0,0.6619,30.0,1701.0,2.0
2021-01-05 09:45:48.201,0.6964,0.6648,30.0,0.6619,30.0,1701.0,2.0
2021-01-05 09:45:48.741,0.6964,0.6644,10.0,0.6619,30.0,1701.0,2.0
2021-01-05 09:45:49.700,0.6964,0.6648,20.0,0.6619,30.0,1701.0,2.0
2021-01-05 09:45:50.251,0.6964,0.6648,20.0,0.6619,30.0,1701.0,2.0
2021-01-05 09:45:50.691,0.6964,0.6646,10.0,0.6619,30.0,1701.0,2.0
2021-01-05 09:45:52.641,0.6964,0.6648,30.0,0.6619,30.0,1701.0,2.0
2021-01-05 09:45:53.061,0.6964,0.6647,4.0,0.6619,30.0,1701.0,2.0
2021-01-05 09:45:54.151,0.6964,0.6646,11.0,0.6619,20.0,1701.0,2.0
2021-01-05 09:45:54.710,0.6964,0.6645,10.0,0.661,30.0,1701.0,2.0
2021-01-05 09:45:55.230,0.6964,0.6645,10.0,0.661,30.0,1701.0,2.0
2021-01-05 09:45:55.711,0.6964,0.6645,10.0,0.661,30.0,1701.0,2.0
2021-01-05 09:45:56.120,0.6964,0.6645,10.0,0.661,30.0,1701.0,2.0
2021-01-05 09:45:56.631,0.6964,0.6645,10.0,0.661,30.0,1701.0,2.0
2021-01-05 09:45:58.231,0.6964,0.6645,10.0,0.661,30.0,1701.0,2.0
2021-01-05 09:45:58.711,0.6964,0.6644,10.0,0.661,30.0,1701.0,2.0
2021-01-05 09:45:59.230,0.6964,0.6645,10.0,0.661,30.0,1701.0,2.0
2021-01-05 09:46:00.210,0.6964,0.6644,10.0,0.661,30.0,1701.0,2.0
2021-01-05 09:46:00.730,0.6964,0.6633,10.0,0.6602,20.0,1701.0,2.0
2021-01-05 09:46:01.180,0.6964,0.6633,30.0,0.6602,20.0,1701.0,2.0
2021-01-05 09:46:02.221,0.6964,0.6633,30.0,0.6602,20.0,1701.0,2.0
2021-01-05 09:46:03.120,0.6964,0.6633,30.0,0.6602,20.0,1701.0,2.0
2021-01-05 09:46:03.731,0.6964,0.6633,20.0,0.6602,20.0,1701.0,2.0
2021-01-05 09:46:04.171,0.6964,0.6633,20.0,0.6602,20.0,1701.0,2.0
2021-01-05 09:46:05.691,0.6964,0.6633,20.0,0.6602,20.0,1701.0,2.0
2021-01-05 09:46:06.221,0.6964,0.6632,10.0,0.6602,20.0,1701.0,2.0
2021-01-05 09:46:06.690,0.6964,0.6631,4.0,0.6602,20.0,1701.0,2.0
2021-01-05 09:46:07.231,0.6964,0.6631,14.0,0.6602,20.0,1701.0,2.0
2021-01-05 09:46:07.741,0.6964,0.6631,14.0,0.6589,30.0,1701.0,2.0
2021-01-05 09:46:08.730,0.6964,0.663,10.0,0.6589,30.0,1701.0,2.0
