,last,ask1,asize1,bid1,bsize1,oi,volume
2021-01-05 09:25:00.080,,0.0022,50.0,0.0021,1.0,42457.0,
2021-01-05 09:30:00.451,,0.0022,50.0,0.0021,21.0,42457.0,
2021-01-05 09:30:00.991,0.0022,0.0022,30.0,0.0021,20.0,42457.0,20.0
2021-01-05 09:30:01.481,0.0021,0.0022,30.0,0.002,20.0,42457.0,21.0
2021-01-05 09:30:01.990,0.0021,0.0022,30.0,0.002,20.0,42457.0,21.0
2021-01-05 09:30:02.501,0.0021,0.0022,30.0,0.0019,31.0,42457.0,21.0
2021-01-05 09:30:02.870,0.0021,0.0022,30.0,0.0019,31.0,42457.0,21.0
2021-01-05 09:30:03.471,0.0021,0.0022,30.0,0.0019,21.0,42457.0,21.0
2021-01-05 09:30:03.980,0.0021,0.0022,30.0,0.0019,11.0,42457.0,21.0
2021-01-05 09:30:04.430,0.0021,0.0022,30.0,0.0019,31.0,42457.0,21.0
2021-01-05 09:30:05.990,0.0021,0.0022,30.0,0.0019,11.0,42457.0,21.0
2021-01-05 09:30:06.971,0.0021,0.0022,30.0,0.0019,31.0,42457.0,21.0
2021-01-05 09:30:07.471,0.0021,0.0022,30.0,0.0019,31.0,42457.0,21.0
2021-01-05 09:30:08.001,0.0021,0.0022,30.0,0.002,20.0,42457.0,21.0
2021-01-05 09:30:08.960,0.0021,0.0022,30.0,0.0019,31.0,42457.0,21.0
2021-01-05 09:30:09.490,0.0021,0.0022,30.0,0.002,20.0,42457.0,21.0
2021-01-05 09:30:10.501,0.0021,0.0022,30.0,0.002,20.0,42457.0,21.0
2021-01-05 09:30:11.000,0.0022,0.0022,10.0,0.0019,31.0,42457.0,41.0
2021-01-05 09:30:11.521,0.0022,0.0022,10.0,0.0019,21.0,42457.0,41.0
2021-01-05 09:30:11.970,0.0022,0.0022,10.0,0.002,20.0,42457.0,41.0
2021-01-05 09:30:12.521,0.0022,0.0022,10.0,0.002,20.0,42457.0,41.0
2021-01-05 09:30:12.860,0.0022,0.0022,10.0,0.0019,31.0,42457.0,41.0
2021-01-05 09:30:17.641,0.0022,0.0022,10.0,0.0019,31.0,42457.0,41.0
2021-01-05 09:30:18.590,0.0022,0.0022,10.0,0.0019,41.0,42457.0,41.0
2021-01-05 09:30:23.670,0.0022,0.0022,10.0,0.0019,41.0,42457.0,41.0
2021-01-05 09:30:24.661,0.0022,0.0022,10.0,0.0019,41.0,42457.0,41.0
2021-01-05 09:30:30.620,0.0022,0.0022,10.0,0.0019,31.0,42457.0,41.0
2021-01-05 09:30:31.661,0.0022,0.0022,10.0,0.0019,41.0,42457.0,41.0
2021-01-05 09:30:32.140,0.0022,0.0022,10.0,0.0019,41.0,42457.0,41.0
2021-01-05 09:30:32.631,0.0022,0.0022,10.0,0.0019,31.0,42457.0,41.0
2021-01-05 09:30:33.181,0.0022,0.0022,10.0,0.002,15.0,42457.0,41.0
2021-01-05 09:30:33.671,0.0022,0.0022,10.0,0.002,45.0,42457.0,41.0
2021-01-05 09:30:34.191,0.0022,0.0022,10.0,0.0021,15.0,42457.0,41.0
2021-01-05 09:30:34.670,0.0022,0.0022,10.0,0.0021,35.0,42457.0,41.0
2021-01-05 09:30:35.121,0.0022,0.0024,10.0,0.0022,15.0,42457.0,51.0
2021-01-05 09:30:35.680,0.0022,0.0025,31.0,0.0022,35.0,42457.0,51.0
2021-01-05 09:30:36.170,0.0022,0.0025,31.0,0.0022,45.0,42457.0,51.0
2021-01-05 09:30:36.691,0.0022,0.0025,31.0,0.0022,35.0,42457.0,51.0
2021-01-05 09:30:39.680,0.0022,0.0025,31.0,0.0022,45.0,42457.0,51.0
2021-01-05 09:30:40.170,0.0022,0.0024,5.0,0.0022,35.0,42457.0,51.0
2021-01-05 09:30:40.690,0.0022,0.0024,5.0,0.0022,35.0,42457.0,51.0
2021-01-05 09:30:45.161,0.0022,0.0024,5.0,0.0022,35.0,42457.0,51.0
2021-01-05 09:30:45.710,0.0022,0.0024,5.0,0.0022,35.0,42457.0,51.0
2021-01-05 09:30:46.200,0.0022,0.0024,5.0,0.0022,35.0,42457.0,51.0
2021-01-05 09:30:46.671,0.0022,0.0024,5.0,0.0022,15.0,42457.0,51.0
2021-01-05 09:30:50.171,0.0022,0.0023,10.0,0.0022,15.0,42457.0,51.0
2021-01-05 09:30:50.720,0.0023,0.0023,9.0,0.0022,15.0,42457.0,52.0
2021-01-05 09:30:51.181,0.0022,0.0023,9.0,0.0022,15.0,42452.0,57.0
2021-01-05 09:30:53.120,0.0022,0.0023,9.0,0.0022,15.0,42452.0,57.0
2021-01-05 09:30:56.660,0.0022,0.0023,9.0,0.0022,15.0,42452.0,57.0
2021-01-05 09:30:57.171,0.0022,0.0023,9.0,0.0022,15.0,42452.0,57.0
2021-01-05 09:30:57.661,0.0022,0.0023,9.0,0.0022,15.0,42452.0,57.0
2021-01-05 09:30:58.091,0.0022,0.0023,9.0,0.0022,45.0,42452.0,57.0
2021-01-05 09:30:58.660,0.0022,0.0023,9.0,0.0022,45.0,42452.0,57.0
2021-01-05 09:30:59.640,0.0022,0.0023,9.0,0.0022,45.0,42452.0,57.0
2021-01-05 09:31:00.681,0.0022,0.0023,9.0,0.0022,30.0,42452.0,57.0
2021-01-05 09:31:01.140,0.0023,0.0024,30.0,0.0023,15.0,42443.0,66.0
2021-01-05 09:31:01.680,0.0023,0.0024,30.0,0.0023,15.0,42443.0,66.0
2021-01-05 09:31:02.170,0.0023,0.0024,30.0,0.0023,15.0,42443.0,66.0
2021-01-05 09:31:03.131,0.0023,0.0024,30.0,0.0023,15.0,42443.0,66.0
2021-01-05 09:31:03.680,0.0023,0.0024,30.0,0.0023,15.0,42443.0,66.0
2021-01-05 09:31:04.181,0.0023,0.0024,30.0,0.0023,15.0,42443.0,66.0
2021-01-05 09:31:05.190,0.0023,0.0025,31.0,0.0023,15.0,42443.0,66.0
2021-01-05 09:31:05.670,0.0023,0.0025,31.0,0.0023,15.0,42443.0,66.0
2021-01-05 09:31:06.160,0.0023,0.0025,31.0,0.0023,15.0,42443.0,66.0
2021-01-05 09:31:07.190,0.0023,0.0025,31.0,0.0022,40.0,42443.0,66.0
2021-01-05 09:31:07.670,0.0023,0.0025,31.0,0.0022,45.0,42443.0,66.0
2021-01-05 09:31:08.200,0.0023,0.0025,31.0,0.0022,55.0,42443.0,66.0
2021-01-05 09:31:08.650,0.0023,0.0024,30.0,0.0022,45.0,42443.0,66.0
2021-01-05 09:31:10.200,0.0023,0.0023,5.0,0.0022,45.0,42443.0,66.0
2021-01-05 09:31:11.701,0.0023,0.0023,5.0,0.0022,45.0,42443.0,66.0
2021-01-05 09:31:12.621,0.0023,0.0023,5.0,0.0022,65.0,42443.0,66.0
2021-01-05 09:31:13.170,0.0023,0.0023,5.0,0.0022,45.0,42443.0,66.0
2021-01-05 09:31:14.690,0.0023,0.0023,5.0,0.0022,65.0,42443.0,66.0
2021-01-05 09:31:15.110,0.0023,0.0023,5.0,0.0022,65.0,42443.0,66.0
2021-01-05 09:31:16.180,0.0023,0.0023,5.0,0.0022,65.0,42443.0,66.0
2021-01-05 09:31:19.150,0.0023,0.0023,5.0,0.0022,45.0,42443.0,66.0
2021-01-05 09:31:19.721,0.0023,0.0023,5.0,0.0022,65.0,42443.0,66.0
2021-01-05 09:31:20.701,0.0023,0.0023,5.0,0.0022,45.0,42443.0,66.0
2021-01-05 09:31:24.161,0.0023,0.0023,5.0,0.0022,45.0,42443.0,66.0
2021-01-05 09:31:26.141,0.0023,0.0023,5.0,0.0022,45.0,42443.0,66.0
2021-01-05 09:31:27.590,0.0023,0.0023,5.0,0.0022,30.0,42443.0,66.0
2021-01-05 09:31:29.641,0.0023,0.0023,5.0,0.0022,30.0,42443.0,66.0
2021-01-05 09:31:30.170,0.0023,0.0023,5.0,0.0022,30.0,42443.0,66.0
2021-01-05 09:31:31.150,0.0023,0.0023,5.0,0.0022,50.0,42443.0,66.0
2021-01-05 09:31:31.641,0.0023,0.0023,5.0,0.0022,50.0,42443.0,66.0
2021-01-05 09:31:33.680,0.0023,0.0023,5.0,0.0022,50.0,42443.0,66.0
2021-01-05 09:31:34.181,0.0023,0.0023,5.0,0.0022,65.0,42443.0,66.0
2021-01-05 09:31:34.681,0.0023,0.0023,5.0,0.0022,65.0,42443.0,66.0
2021-01-05 09:31:35.190,0.0023,0.0023,5.0,0.0022,65.0,42443.0,66.0
2021-01-05 09:31:36.690,0.0023,0.0023,5.0,0.0022,50.0,42443.0,66.0
2021-01-05 09:31:37.620,0.0023,0.0023,5.0,0.0022,65.0,42443.0,66.0
2021-01-05 09:31:38.690,0.0023,0.0023,5.0,0.0022,30.0,42443.0,66.0
2021-01-05 09:31:39.210,0.0023,0.0023,5.0,0.0022,30.0,42443.0,66.0
2021-01-05 09:31:39.710,0.0023,0.0023,5.0,0.0022,30.0,42443.0,66.0
2021-01-05 09:31:40.711,0.0023,0.0023,5.0,0.0022,30.0,42443.0,66.0
2021-01-05 09:31:41.191,0.0023,0.0023,5.0,0.0022,30.0,42443.0,66.0
2021-01-05 09:31:41.700,0.0023,0.0023,5.0,0.0022,30.0,42443.0,66.0
2021-01-05 09:31:42.711,0.0023,0.0023,5.0,0.0022,30.0,42443.0,66.0
2021-01-05 09:31:45.700,0.0023,0.0023,5.0,0.0022,30.0,42443.0,66.0
2021-01-05 09:31:46.171,0.0023,0.0023,5.0,0.0022,30.0,42443.0,66.0
2021-01-05 09:31:49.221,0.0023,0.0023,5.0,0.0022,30.0,42443.0,66.0
2021-01-05 09:31:57.180,0.0023,0.0023,5.0,0.0022,30.0,42443.0,66.0
2021-01-05 09:31:58.150,0.0023,0.0023,5.0,0.0022,30.0,42443.0,66.0
2021-01-05 09:31:58.531,0.0023,0.0023,5.0,0.0022,30.0,42443.0,66.0
2021-01-05 09:31:59.180,0.0023,0.0023,5.0,0.0022,30.0,42443.0,66.0
2021-01-05 09:32:01.670,0.0023,0.0023,5.0,0.0022,30.0,42443.0,66.0
2021-01-05 09:32:03.180,0.0023,0.0023,5.0,0.0022,30.0,42443.0,66.0
2021-01-05 09:32:03.641,0.0023,0.0023,5.0,0.0022,30.0,42443.0,66.0
2021-01-05 09:32:04.661,0.0023,0.0023,5.0,0.0022,30.0,42443.0,66.0
2021-01-05 09:32:06.161,0.0023,0.0023,5.0,0.0022,30.0,42443.0,66.0
2021-01-05 09:32:06.680,0.0023,0.0023,5.0,0.0022,30.0,42443.0,66.0
2021-01-05 09:32:07.671,0.0023,0.0023,5.0,0.0022,30.0,42443.0,66.0
2021-01-05 09:32:10.161,0.0022,0.0023,5.0,0.0022,20.0,42433.0,76.0
2021-01-05 09:32:16.551,0.0022,0.0023,5.0,0.0022,20.0,42433.0,76.0
2021-01-05 09:32:17.651,0.0022,0.0023,5.0,0.0022,20.0,42433.0,76.0
2021-01-05 09:32:18.130,0.0022,0.0023,5.0,0.0022,33.0,42433.0,76.0
2021-01-05 09:32:18.670,0.0022,0.0023,5.0,0.0022,33.0,42433.0,76.0
2021-01-05 09:32:19.150,0.0022,0.0023,5.0,0.0022,33.0,42433.0,76.0
2021-01-05 09:32:20.151,0.0022,0.0023,5.0,0.0022,28.0,42428.0,81.0
2021-01-05 09:32:22.660,0.0022,0.0023,5.0,0.0022,28.0,42428.0,81.0
2021-01-05 09:32:24.160,0.0022,0.0023,5.0,0.0022,28.0,42428.0,81.0
2021-01-05 09:32:26.171,0.0022,0.0023,5.0,0.0022,28.0,42428.0,81.0
2021-01-05 09:32:26.650,0.0022,0.0023,5.0,0.0022,28.0,42428.0,81.0
2021-01-05 09:32:27.670,0.0022,0.0023,5.0,0.0022,28.0,42428.0,81.0
2021-01-05 09:32:28.171,0.0022,0.0023,5.0,0.0022,43.0,42428.0,81.0
2021-01-05 09:32:29.180,0.0022,0.0023,5.0,0.0022,28.0,42428.0,81.0
2021-01-05 09:32:36.190,0.0022,0.0023,5.0,0.0022,28.0,42428.0,81.0
2021-01-05 09:32:38.190,0.0022,0.0023,5.0,0.0022,28.0,42428.0,81.0
2021-01-05 09:32:39.200,0.0022,0.0023,5.0,0.0022,28.0,42428.0,81.0
2021-01-05 09:32:40.151,0.0022,0.0023,5.0,0.0022,23.0,42423.0,86.0
2021-01-05 09:32:42.700,0.0023,0.0023,2.0,0.0022,23.0,42423.0,89.0
2021-01-05 09:32:44.700,0.0023,0.0023,2.0,0.0022,24.0,42423.0,89.0
2021-01-05 09:32:45.580,0.0023,0.0023,2.0,0.0022,24.0,42423.0,89.0
2021-01-05 09:32:49.670,0.0023,0.0023,2.0,0.0022,24.0,42423.0,89.0
2021-01-05 09:32:50.171,0.0023,0.0023,7.0,0.0022,24.0,42423.0,89.0
2021-01-05 09:32:50.700,0.0023,0.0023,7.0,0.0022,24.0,42423.0,89.0
2021-01-05 09:32:51.170,0.0023,0.0023,7.0,0.0022,24.0,42423.0,89.0
2021-01-05 09:32:51.701,0.0023,0.0023,7.0,0.0022,1.0,42423.0,89.0
2021-01-05 09:32:52.141,0.0022,0.0023,7.0,0.0021,75.0,42424.0,90.0
2021-01-05 09:32:52.671,0.0022,0.0023,7.0,0.0022,13.0,42424.0,90.0
2021-01-05 09:32:53.161,0.0022,0.0023,7.0,0.0022,43.0,42424.0,90.0
2021-01-05 09:32:54.181,0.0022,0.0023,7.0,0.0022,30.0,42424.0,90.0
2021-01-05 09:32:54.671,0.0022,0.0023,7.0,0.0022,40.0,42424.0,93.0
2021-01-05 09:32:57.181,0.0022,0.0023,7.0,0.0022,37.0,42421.0,96.0
2021-01-05 09:33:00.180,0.0022,0.0023,7.0,0.0022,32.0,42416.0,101.0
2021-01-05 09:33:01.141,0.0022,0.0023,7.0,0.0022,32.0,42416.0,101.0
2021-01-05 09:33:02.130,0.0022,0.0023,7.0,0.0022,42.0,42416.0,101.0
2021-01-05 09:33:04.140,0.0022,0.0023,7.0,0.0022,42.0,42416.0,101.0
2021-01-05 09:33:05.690,0.0022,0.0023,7.0,0.0022,42.0,42416.0,101.0
2021-01-05 09:33:07.171,0.0022,0.0023,7.0,0.0022,42.0,42416.0,101.0
2021-01-05 09:33:07.601,0.0022,0.0023,7.0,0.0022,42.0,42416.0,101.0
2021-01-05 09:33:14.650,0.0022,0.0023,7.0,0.0022,42.0,42416.0,101.0
2021-01-05 09:33:26.651,0.0022,0.0023,7.0,0.0022,42.0,42416.0,101.0
2021-01-05 09:33:27.171,0.0022,0.0023,7.0,0.0022,42.0,42416.0,101.0
2021-01-05 09:33:27.681,0.0022,0.0023,7.0,0.0022,42.0,42416.0,101.0
2021-01-05 09:33:28.180,0.0022,0.0023,17.0,0.0022,42.0,42416.0,101.0
2021-01-05 09:33:35.171,0.0022,0.0023,17.0,0.0022,29.0,42416.0,101.0
2021-01-05 09:33:35.690,0.0022,0.0023,17.0,0.0022,42.0,42416.0,101.0
2021-01-05 09:33:37.640,0.0022,0.0023,17.0,0.0022,42.0,42416.0,101.0
2021-01-05 09:33:40.160,0.0022,0.0023,17.0,0.0022,37.0,42411.0,106.0
2021-01-05 09:33:40.690,0.0022,0.0023,17.0,0.0022,37.0,42411.0,106.0
2021-01-05 09:33:46.161,0.0022,0.0023,17.0,0.0022,24.0,42411.0,106.0
2021-01-05 09:33:46.680,0.0022,0.0023,17.0,0.0022,37.0,42411.0,106.0
2021-01-05 09:33:47.191,0.0022,0.0023,17.0,0.0022,37.0,42411.0,106.0
2021-01-05 09:33:49.051,0.0022,0.0023,17.0,0.0022,23.0,42411.0,106.0
2021-01-05 09:33:49.681,0.0022,0.0023,17.0,0.0022,23.0,42411.0,106.0
2021-01-05 09:33:50.180,0.0022,0.0023,17.0,0.0022,10.0,42411.0,106.0
2021-01-05 09:33:50.670,0.0022,0.0023,17.0,0.0022,23.0,42411.0,106.0
2021-01-05 09:33:51.141,0.0022,0.0023,17.0,0.0022,10.0,42411.0,106.0
2021-01-05 09:33:51.581,0.0022,0.0023,17.0,0.0022,10.0,42411.0,106.0
2021-01-05 09:33:52.190,0.0022,0.0023,17.0,0.0022,23.0,42411.0,106.0
2021-01-05 09:33:52.661,0.0022,0.0023,17.0,0.0022,10.0,42411.0,106.0
2021-01-05 09:33:53.171,0.0022,0.0023,17.0,0.0022,23.0,42411.0,106.0
2021-01-05 09:33:53.650,0.0022,0.0023,17.0,0.0022,23.0,42411.0,106.0
2021-01-05 09:33:54.180,0.0022,0.0023,17.0,0.0022,23.0,42411.0,106.0
2021-01-05 09:33:54.610,0.0022,0.0023,17.0,0.0022,10.0,42411.0,106.0
2021-01-05 09:33:55.181,0.0022,0.0023,19.0,0.0022,23.0,42411.0,106.0
2021-01-05 09:33:55.650,0.0022,0.0023,19.0,0.0022,10.0,42411.0,106.0
2021-01-05 09:33:56.120,0.0022,0.0023,19.0,0.0022,10.0,42411.0,106.0
2021-01-05 09:33:57.171,0.0022,0.0023,49.0,0.0022,10.0,42411.0,106.0
2021-01-05 09:33:57.671,0.0022,0.0023,49.0,0.0022,10.0,42411.0,106.0
2021-01-05 09:33:58.170,0.0022,0.0023,49.0,0.0022,10.0,42411.0,106.0
2021-01-05 09:33:58.670,0.0022,0.0023,49.0,0.0022,10.0,42411.0,106.0
2021-01-05 09:33:59.140,0.0022,0.0023,49.0,0.0022,10.0,42411.0,106.0
2021-01-05 09:33:59.690,0.0022,0.0023,49.0,0.0022,10.0,42411.0,106.0
2021-01-05 09:34:00.191,0.0022,0.0023,49.0,0.0022,5.0,42411.0,111.0
2021-01-05 09:34:00.671,0.0022,0.0023,49.0,0.0021,78.0,42411.0,111.0
2021-01-05 09:34:01.661,0.0022,0.0023,49.0,0.0022,13.0,42411.0,111.0
2021-01-05 09:34:02.170,0.0022,0.0023,49.0,0.0021,88.0,42411.0,111.0
2021-01-05 09:34:02.671,0.0022,0.0023,49.0,0.0021,78.0,42411.0,111.0
2021-01-05 09:34:03.171,0.0022,0.0023,49.0,0.0022,10.0,42411.0,111.0
2021-01-05 09:34:03.670,0.0022,0.0023,49.0,0.0022,10.0,42411.0,111.0
2021-01-05 09:34:05.121,0.0022,0.0023,49.0,0.0022,10.0,42411.0,111.0
2021-01-05 09:34:07.630,0.0022,0.0023,69.0,0.0022,10.0,42411.0,111.0
2021-01-05 09:34:08.171,0.0022,0.0023,69.0,0.0022,10.0,42411.0,111.0
2021-01-05 09:34:09.670,0.0022,0.0023,49.0,0.0022,10.0,42411.0,111.0
2021-01-05 09:34:10.091,0.0022,0.0023,49.0,0.0021,73.0,42411.0,121.0
2021-01-05 09:34:10.690,0.0022,0.0023,49.0,0.0022,10.0,42411.0,121.0
2021-01-05 09:34:11.151,0.0022,0.0023,49.0,0.0022,10.0,42411.0,121.0
2021-01-05 09:34:11.681,0.0022,0.0023,49.0,0.0022,10.0,42411.0,121.0
2021-01-05 09:34:12.640,0.0022,0.0023,49.0,0.0022,10.0,42411.0,121.0
2021-01-05 09:34:13.191,0.0022,0.0023,49.0,0.0022,10.0,42411.0,121.0
2021-01-05 09:34:13.681,0.0022,0.0023,49.0,0.0022,10.0,42411.0,121.0
2021-01-05 09:34:15.181,0.0022,0.0023,49.0,0.0022,23.0,42411.0,121.0
2021-01-05 09:34:15.681,0.0022,0.0023,49.0,0.0022,23.0,42411.0,121.0
2021-01-05 09:34:16.190,0.0022,0.0023,49.0,0.0022,10.0,42411.0,121.0
2021-01-05 09:34:16.630,0.0022,0.0023,49.0,0.0022,10.0,42411.0,121.0
2021-01-05 09:34:17.181,0.0022,0.0023,49.0,0.0022,23.0,42411.0,121.0
2021-01-05 09:34:17.690,0.0022,0.0023,49.0,0.0022,23.0,42411.0,121.0
2021-01-05 09:34:18.201,0.0022,0.0023,49.0,0.0022,23.0,42411.0,121.0
2021-01-05 09:34:18.620,0.0022,0.0023,49.0,0.0022,10.0,42411.0,121.0
2021-01-05 09:34:19.041,0.0022,0.0023,49.0,0.0022,10.0,42411.0,121.0
2021-01-05 09:34:19.700,0.0022,0.0023,49.0,0.0022,10.0,42411.0,121.0
2021-01-05 09:34:20.180,0.0022,0.0023,49.0,0.0022,5.0,42411.0,126.0
2021-01-05 09:34:20.651,0.0022,0.0023,49.0,0.0022,10.0,42411.0,126.0
2021-01-05 09:34:23.661,0.0022,0.0023,49.0,0.0022,10.0,42411.0,126.0
2021-01-05 09:34:24.170,0.0022,0.0023,49.0,0.0022,10.0,42411.0,126.0
2021-01-05 09:34:25.171,0.0022,0.0023,49.0,0.0022,10.0,42411.0,126.0
2021-01-05 09:34:25.671,0.0023,0.0023,46.0,0.0022,10.0,42408.0,129.0
2021-01-05 09:34:26.641,0.0022,0.0023,46.0,0.0022,10.0,42408.0,135.0
2021-01-05 09:34:27.150,0.0022,0.0023,46.0,0.0022,10.0,42408.0,135.0
2021-01-05 09:34:27.690,0.0022,0.0023,46.0,0.0022,10.0,42408.0,135.0
2021-01-05 09:34:28.120,0.0022,0.0023,46.0,0.0022,10.0,42408.0,135.0
2021-01-05 09:34:28.621,0.0022,0.0023,46.0,0.0022,10.0,42408.0,135.0
2021-01-05 09:34:29.101,0.0022,0.0023,46.0,0.0022,10.0,42408.0,135.0
2021-01-05 09:34:29.601,0.0022,0.0023,46.0,0.0022,10.0,42408.0,135.0
2021-01-05 09:34:30.141,0.0022,0.0023,46.0,0.0022,5.0,42408.0,140.0
2021-01-05 09:34:30.590,0.0022,0.0023,46.0,0.0022,10.0,42408.0,140.0
2021-01-05 09:34:31.190,0.0022,0.0023,46.0,0.0022,10.0,42408.0,140.0
2021-01-05 09:34:31.691,0.0022,0.0023,46.0,0.0022,10.0,42408.0,140.0
2021-01-05 09:34:32.690,0.0022,0.0023,46.0,0.0022,10.0,42408.0,140.0
2021-01-05 09:34:33.090,0.0022,0.0023,46.0,0.0022,10.0,42408.0,140.0
2021-01-05 09:34:33.691,0.0022,0.0023,46.0,0.0022,10.0,42408.0,140.0
2021-01-05 09:34:34.171,0.0022,0.0023,66.0,0.0022,10.0,42408.0,140.0
2021-01-05 09:34:34.640,0.0022,0.0023,46.0,0.0022,10.0,42408.0,140.0
2021-01-05 09:34:35.691,0.0022,0.0023,66.0,0.0022,10.0,42408.0,140.0
2021-01-05 09:34:36.680,0.0022,0.0023,66.0,0.0022,10.0,42408.0,140.0
2021-01-05 09:34:37.161,0.0022,0.0023,66.0,0.0022,10.0,42408.0,140.0
2021-01-05 09:34:40.190,0.0022,0.0023,66.0,0.0022,5.0,42408.0,145.0
2021-01-05 09:34:40.271,0.0022,0.0023,66.0,0.0022,10.0,42408.0,145.0
2021-01-05 09:34:42.680,0.0022,0.0023,66.0,0.0022,10.0,42408.0,145.0
2021-01-05 09:34:46.140,0.0023,0.0023,65.0,0.0022,10.0,42407.0,146.0
2021-01-05 09:34:46.660,0.0023,0.0023,65.0,0.0022,10.0,42407.0,146.0
2021-01-05 09:34:52.220,0.0023,0.0023,65.0,0.0022,10.0,42407.0,146.0
2021-01-05 09:34:52.650,0.0023,0.0023,65.0,0.0022,10.0,42407.0,146.0
2021-01-05 09:34:53.651,0.0023,0.0023,65.0,0.0022,10.0,42407.0,146.0
2021-01-05 09:34:54.631,0.0022,0.0023,65.0,0.0021,73.0,42408.0,147.0
2021-01-05 09:34:55.161,0.0022,0.0023,65.0,0.0021,73.0,42408.0,147.0
2021-01-05 09:34:55.680,0.0022,0.0023,45.0,0.0021,73.0,42408.0,147.0
2021-01-05 09:34:56.141,0.0022,0.0023,45.0,0.0021,73.0,42408.0,147.0
2021-01-05 09:34:56.681,0.0022,0.0023,78.0,0.0021,60.0,42408.0,147.0
2021-01-05 09:34:57.171,0.0022,0.0023,65.0,0.0021,73.0,42408.0,147.0
2021-01-05 09:34:57.670,0.0022,0.0023,78.0,0.0021,60.0,42408.0,147.0
2021-01-05 09:34:58.640,0.0022,0.0023,78.0,0.0021,60.0,42408.0,147.0
2021-01-05 09:34:58.940,0.0022,0.0023,93.0,0.0021,60.0,42408.0,147.0
2021-01-05 09:35:00.160,0.0022,0.0023,93.0,0.0021,40.0,42408.0,147.0
2021-01-05 09:35:00.640,0.0022,0.0023,93.0,0.0021,40.0,42408.0,147.0
2021-01-05 09:35:01.620,0.0022,0.0023,93.0,0.0021,40.0,42408.0,147.0
2021-01-05 09:35:02.680,0.0022,0.0023,73.0,0.0021,40.0,42408.0,147.0
2021-01-05 09:35:03.660,0.0022,0.0023,73.0,0.0021,40.0,42408.0,147.0
2021-01-05 09:35:04.181,0.0022,0.0023,73.0,0.0021,40.0,42408.0,147.0
2021-01-05 09:35:04.661,0.0022,0.0023,93.0,0.0021,40.0,42408.0,147.0
2021-01-05 09:35:05.671,0.0022,0.0023,93.0,0.0021,40.0,42408.0,147.0
2021-01-05 09:35:07.650,0.0022,0.0023,80.0,0.0021,40.0,42408.0,147.0
2021-01-05 09:35:08.171,0.0022,0.0023,80.0,0.0021,10.0,42408.0,147.0
2021-01-05 09:35:09.191,0.0022,0.0023,93.0,0.0021,10.0,42408.0,147.0
2021-01-05 09:35:10.691,0.0022,0.0023,93.0,0.0021,10.0,42408.0,147.0
2021-01-05 09:35:11.680,0.0022,0.0023,93.0,0.0021,10.0,42408.0,147.0
2021-01-05 09:35:12.101,0.0022,0.0022,30.0,0.0021,10.0,42408.0,147.0
2021-01-05 09:35:12.691,0.0022,0.0022,50.0,0.0021,10.0,42408.0,147.0
2021-01-05 09:35:13.160,0.0021,0.0022,50.0,0.0021,10.0,42408.0,150.0
2021-01-05 09:35:13.640,0.0021,0.0023,90.0,0.0021,10.0,42408.0,150.0
2021-01-05 09:35:14.191,0.0021,0.0023,90.0,0.0021,10.0,42408.0,150.0
2021-01-05 09:35:14.700,0.0021,0.0023,90.0,0.0021,40.0,42408.0,150.0
2021-01-05 09:35:15.200,0.0021,0.0023,90.0,0.0021,40.0,42408.0,150.0
2021-01-05 09:35:15.701,0.0021,0.0023,90.0,0.0021,40.0,42408.0,150.0
2021-01-05 09:35:16.681,0.0021,0.0023,75.0,0.0021,40.0,42408.0,150.0
2021-01-05 09:35:18.170,0.0021,0.0023,75.0,0.0021,40.0,42408.0,150.0
2021-01-05 09:35:19.641,0.0021,0.0023,75.0,0.0021,40.0,42408.0,150.0
2021-01-05 09:35:21.620,0.0021,0.0023,75.0,0.0021,40.0,42408.0,150.0
2021-01-05 09:35:22.171,0.0021,0.0023,77.0,0.0021,23.0,42408.0,150.0
2021-01-05 09:35:22.650,0.0021,0.0023,90.0,0.0021,10.0,42408.0,150.0
2021-01-05 09:35:26.651,0.0021,0.0022,30.0,0.0021,10.0,42408.0,150.0
2021-01-05 09:35:27.130,0.0021,0.0022,30.0,0.0021,10.0,42408.0,150.0
2021-01-05 09:35:30.140,0.0021,0.0022,30.0,0.002,73.0,42408.0,160.0
2021-01-05 09:35:30.690,0.0021,0.0022,30.0,0.002,73.0,42408.0,160.0
2021-01-05 09:35:31.170,0.0021,0.0022,30.0,0.002,73.0,42408.0,160.0
2021-01-05 09:35:32.161,0.0021,0.0022,50.0,0.002,73.0,42408.0,160.0
2021-01-05 09:35:33.191,0.0021,0.0022,50.0,0.002,73.0,42408.0,160.0
2021-01-05 09:35:33.650,0.0021,0.0022,50.0,0.002,73.0,42408.0,160.0
2021-01-05 09:35:38.651,0.0021,0.0022,50.0,0.002,73.0,42408.0,160.0
2021-01-05 09:35:40.191,0.0021,0.0021,5.0,0.002,73.0,42408.0,160.0
2021-01-05 09:35:40.691,0.0021,0.0021,5.0,0.002,73.0,42408.0,160.0
2021-01-05 09:35:41.190,0.0021,0.0021,5.0,0.002,73.0,42408.0,160.0
2021-01-05 09:35:41.680,0.0021,0.0021,5.0,0.002,88.0,42408.0,160.0
2021-01-05 09:35:42.670,0.0021,0.0021,5.0,0.002,73.0,42408.0,160.0
2021-01-05 09:35:43.190,0.0021,0.0021,5.0,0.002,73.0,42408.0,160.0
2021-01-05 09:35:43.661,0.0021,0.0021,5.0,0.002,73.0,42408.0,160.0
2021-01-05 09:35:44.681,0.0021,0.0021,5.0,0.002,73.0,42408.0,160.0
2021-01-05 09:35:46.170,0.0021,0.0021,5.0,0.002,73.0,42408.0,160.0
2021-01-05 09:35:46.700,0.0021,0.0021,5.0,0.002,73.0,42408.0,160.0
2021-01-05 09:35:54.161,0.0021,0.0021,5.0,0.002,73.0,42408.0,160.0
2021-01-05 09:35:58.701,0.0021,0.0021,5.0,0.002,73.0,42408.0,160.0
2021-01-05 09:36:00.201,0.002,0.0021,5.0,0.002,68.0,42403.0,165.0
2021-01-05 09:36:01.671,0.002,0.0021,5.0,0.002,68.0,42403.0,165.0
2021-01-05 09:36:02.170,0.002,0.0021,5.0,0.002,83.0,42403.0,165.0
2021-01-05 09:36:04.201,0.002,0.0021,5.0,0.002,83.0,42403.0,165.0
2021-01-05 09:36:04.670,0.002,0.0021,5.0,0.002,83.0,42403.0,165.0
2021-01-05 09:36:06.700,0.002,0.0021,6.0,0.002,83.0,42403.0,165.0
2021-01-05 09:36:10.160,0.002,0.0021,6.0,0.002,78.0,42398.0,170.0
2021-01-05 09:36:11.651,0.0021,0.0022,50.0,0.0021,7.0,42393.0,176.0
2021-01-05 09:36:12.181,0.0021,0.0021,1.0,0.002,88.0,42393.0,176.0
2021-01-05 09:36:12.690,0.0021,0.0022,50.0,0.0021,13.0,42393.0,177.0
2021-01-05 09:36:13.190,0.0021,0.0022,50.0,0.002,88.0,42393.0,177.0
2021-01-05 09:36:13.680,0.0021,0.0022,50.0,0.002,88.0,42393.0,177.0
2021-01-05 09:36:14.150,0.0021,0.0022,50.0,0.002,88.0,42393.0,177.0
2021-01-05 09:36:14.690,0.0021,0.0022,30.0,0.002,88.0,42393.0,177.0
2021-01-05 09:36:17.180,0.0021,0.0022,31.0,0.002,73.0,42393.0,177.0
2021-01-05 09:36:17.670,0.0021,0.0022,31.0,0.002,88.0,42393.0,177.0
2021-01-05 09:36:19.151,0.0021,0.0022,31.0,0.002,63.0,42393.0,177.0
2021-01-05 09:36:19.691,0.0021,0.0022,31.0,0.002,73.0,42393.0,177.0
2021-01-05 09:36:20.161,0.0021,0.0021,5.0,0.002,88.0,42393.0,177.0
2021-01-05 09:36:20.680,0.0021,0.0021,5.0,0.002,78.0,42393.0,177.0
2021-01-05 09:36:22.680,0.0021,0.0021,6.0,0.002,78.0,42393.0,177.0
2021-01-05 09:36:24.171,0.0021,0.0021,6.0,0.002,78.0,42393.0,177.0
2021-01-05 09:36:24.701,0.0021,0.0022,51.0,0.0021,7.0,42388.0,183.0
2021-01-05 09:36:24.851,0.0021,0.0022,51.0,0.002,88.0,42388.0,183.0
2021-01-05 09:36:25.690,0.0021,0.0022,31.0,0.002,88.0,42388.0,183.0
2021-01-05 09:36:26.171,0.0021,0.0022,51.0,0.002,63.0,42388.0,183.0
2021-01-05 09:36:26.651,0.0021,0.0022,51.0,0.002,63.0,42388.0,183.0
2021-01-05 09:36:27.070,0.0021,0.0022,51.0,0.002,63.0,42388.0,183.0
2021-01-05 09:36:27.690,0.0021,0.0022,51.0,0.002,73.0,42388.0,183.0
2021-01-05 09:36:28.190,0.0021,0.0022,51.0,0.002,63.0,42388.0,183.0
2021-01-05 09:36:28.681,0.0021,0.0022,31.0,0.002,63.0,42388.0,183.0
2021-01-05 09:36:29.171,0.0021,0.0022,51.0,0.002,63.0,42388.0,183.0
2021-01-05 09:36:29.661,0.0021,0.0022,51.0,0.002,78.0,42388.0,183.0
2021-01-05 09:36:30.161,0.0021,0.0022,51.0,0.002,88.0,42388.0,183.0
2021-01-05 09:36:30.700,0.0021,0.0022,31.0,0.002,88.0,42388.0,183.0
2021-01-05 09:36:31.181,0.0021,0.0022,51.0,0.002,78.0,42388.0,183.0
2021-01-05 09:36:31.690,0.0021,0.0022,31.0,0.002,88.0,42388.0,183.0
2021-01-05 09:36:32.130,0.0021,0.0022,31.0,0.002,78.0,42388.0,183.0
2021-01-05 09:36:32.660,0.0021,0.0022,51.0,0.002,78.0,42388.0,183.0
2021-01-05 09:36:33.200,0.0021,0.0022,31.0,0.002,78.0,42388.0,183.0
2021-01-05 09:36:34.091,0.0021,0.0022,51.0,0.002,78.0,42388.0,183.0
2021-01-05 09:36:35.150,0.0021,0.0022,31.0,0.002,78.0,42388.0,183.0
2021-01-05 09:36:36.700,0.0021,0.0022,51.0,0.002,78.0,42388.0,183.0
2021-01-05 09:36:37.691,0.0021,0.0022,31.0,0.002,78.0,42388.0,183.0
2021-01-05 09:36:40.191,0.0021,0.0021,5.0,0.002,78.0,42388.0,183.0
2021-01-05 09:36:40.700,0.0021,0.0021,5.0,0.002,78.0,42388.0,183.0
2021-01-05 09:36:42.690,0.0021,0.0021,5.0,0.002,78.0,42388.0,183.0
2021-01-05 09:36:44.200,0.0021,0.0021,6.0,0.002,78.0,42388.0,183.0
2021-01-05 09:36:46.501,0.0021,0.0021,6.0,0.002,78.0,42388.0,183.0
2021-01-05 09:36:48.630,0.0021,0.0021,6.0,0.002,63.0,42388.0,183.0
2021-01-05 09:36:52.180,0.0021,0.0021,5.0,0.002,63.0,42388.0,184.0
2021-01-05 09:36:52.670,0.0021,0.0021,10.0,0.002,63.0,42388.0,184.0
2021-01-05 09:36:53.191,0.0021,0.0021,10.0,0.002,63.0,42388.0,184.0
2021-01-05 09:36:53.680,0.0021,0.0021,10.0,0.002,63.0,42388.0,184.0
2021-01-05 09:36:54.180,0.0021,0.0021,10.0,0.002,78.0,42388.0,184.0
2021-01-05 09:36:56.691,0.0021,0.0021,10.0,0.002,63.0,42388.0,184.0
2021-01-05 09:36:57.171,0.0021,0.0021,10.0,0.002,78.0,42388.0,184.0
2021-01-05 09:36:58.610,0.0021,0.0021,10.0,0.002,98.0,42388.0,184.0
2021-01-05 09:36:59.690,0.0021,0.0021,10.0,0.002,83.0,42388.0,184.0
2021-01-05 09:37:00.120,0.002,0.0021,10.0,0.002,93.0,42383.0,189.0
2021-01-05 09:37:00.700,0.0021,0.0021,53.0,0.002,93.0,42379.0,196.0
2021-01-05 09:37:02.191,0.0021,0.0021,53.0,0.002,93.0,42379.0,196.0
2021-01-05 09:37:04.200,0.0021,0.0021,53.0,0.002,73.0,42379.0,196.0
2021-01-05 09:37:06.171,0.0021,0.0021,53.0,0.002,73.0,42379.0,196.0
2021-01-05 09:37:14.171,0.0021,0.0021,53.0,0.002,93.0,42379.0,196.0
2021-01-05 09:37:15.700,0.002,0.0021,53.0,0.002,92.0,42379.0,197.0
2021-01-05 09:37:19.131,0.002,0.0021,53.0,0.002,77.0,42379.0,197.0
2021-01-05 09:37:20.211,0.002,0.0021,53.0,0.002,72.0,42374.0,202.0
2021-01-05 09:37:20.691,0.002,0.0021,53.0,0.002,92.0,42374.0,202.0
2021-01-05 09:37:22.030,0.002,0.0021,53.0,0.002,92.0,42374.0,202.0
2021-01-05 09:37:23.150,0.002,0.0021,53.0,0.002,107.0,42374.0,202.0
2021-01-05 09:37:23.701,0.002,0.0021,53.0,0.002,92.0,42374.0,202.0
2021-01-05 09:37:24.080,0.002,0.0021,53.0,0.002,92.0,42374.0,202.0
2021-01-05 09:37:24.631,0.002,0.0021,53.0,0.002,92.0,42374.0,202.0
2021-01-05 09:37:25.200,0.002,0.0021,53.0,0.002,92.0,42374.0,202.0
2021-01-05 09:37:28.151,0.002,0.0021,53.0,0.002,107.0,42374.0,202.0
2021-01-05 09:37:28.560,0.002,0.0021,53.0,0.002,92.0,42374.0,202.0
2021-01-05 09:37:29.130,0.002,0.0021,53.0,0.002,92.0,42374.0,202.0
2021-01-05 09:37:30.191,0.002,0.0021,58.0,0.002,82.0,42364.0,212.0
2021-01-05 09:37:32.181,0.002,0.0021,68.0,0.002,82.0,42364.0,212.0
2021-01-05 09:37:35.170,0.002,0.0021,68.0,0.002,97.0,42364.0,212.0
2021-01-05 09:37:40.161,0.002,0.0021,68.0,0.002,92.0,42359.0,217.0
2021-01-05 09:37:46.601,0.002,0.0021,68.0,0.002,92.0,42359.0,217.0
2021-01-05 09:37:47.690,0.0021,0.0021,52.0,0.002,79.0,42359.0,233.0
2021-01-05 09:37:48.201,0.0021,0.0021,52.0,0.002,79.0,42359.0,233.0
2021-01-05 09:37:48.700,0.0021,0.0021,52.0,0.002,92.0,42359.0,233.0
2021-01-05 09:37:51.691,0.0021,0.0021,52.0,0.002,57.0,42359.0,233.0
2021-01-05 09:37:55.691,0.0021,0.0021,82.0,0.002,57.0,42359.0,233.0
2021-01-05 09:37:57.170,0.0021,0.0021,82.0,0.002,77.0,42359.0,233.0
2021-01-05 09:37:58.640,0.0021,0.0021,82.0,0.002,57.0,42359.0,233.0
2021-01-05 09:38:00.131,0.002,0.0021,82.0,0.002,38.0,42359.0,238.0
2021-01-05 09:38:00.680,0.002,0.0021,82.0,0.002,43.0,42359.0,238.0
2021-01-05 09:38:07.690,0.002,0.0021,82.0,0.002,43.0,42359.0,238.0
2021-01-05 09:38:09.160,0.002,0.0021,82.0,0.002,43.0,42359.0,238.0
2021-01-05 09:38:12.191,0.002,0.0021,82.0,0.002,43.0,42359.0,238.0
2021-01-05 09:38:12.691,0.002,0.0021,82.0,0.002,30.0,42359.0,238.0
2021-01-05 09:38:13.110,0.002,0.0021,82.0,0.002,30.0,42359.0,238.0
2021-01-05 09:38:14.691,0.002,0.0021,82.0,0.002,43.0,42359.0,238.0
2021-01-05 09:38:15.150,0.002,0.0021,82.0,0.002,30.0,42359.0,238.0
2021-01-05 09:38:15.730,0.002,0.0021,82.0,0.002,43.0,42359.0,238.0
2021-01-05 09:38:16.420,0.002,0.0021,82.0,0.002,30.0,42359.0,238.0
2021-01-05 09:38:17.190,0.002,0.0021,82.0,0.002,23.0,42359.0,238.0
2021-01-05 09:38:17.701,0.002,0.0021,82.0,0.002,10.0,42359.0,238.0
2021-01-05 09:38:19.630,0.002,0.0021,82.0,0.002,10.0,42359.0,238.0
2021-01-05 09:38:21.670,0.002,0.0021,82.0,0.002,10.0,42359.0,238.0
2021-01-05 09:38:22.210,0.002,0.0021,82.0,0.002,10.0,42359.0,238.0
2021-01-05 09:38:22.661,0.002,0.0021,82.0,0.002,10.0,42359.0,238.0
2021-01-05 09:38:23.201,0.002,0.0021,82.0,0.002,10.0,42359.0,238.0
2021-01-05 09:38:23.681,0.002,0.0021,82.0,0.002,10.0,42359.0,238.0
2021-01-05 09:38:24.690,0.002,0.0021,102.0,0.002,10.0,42359.0,238.0
2021-01-05 09:38:25.101,0.002,0.0021,82.0,0.002,10.0,42359.0,238.0
2021-01-05 09:38:26.100,0.002,0.0021,102.0,0.002,10.0,42359.0,238.0
2021-01-05 09:38:26.701,0.002,0.0021,84.0,0.002,10.0,42359.0,238.0
2021-01-05 09:38:28.171,0.002,0.0021,104.0,0.002,10.0,42359.0,238.0
2021-01-05 09:38:30.190,0.002,0.0021,104.0,0.002,10.0,42359.0,238.0
2021-01-05 09:38:30.670,0.002,0.0021,104.0,0.002,10.0,42359.0,238.0
2021-01-05 09:38:32.171,0.002,0.0021,104.0,0.002,10.0,42359.0,238.0
2021-01-05 09:38:32.701,0.002,0.0021,84.0,0.002,10.0,42359.0,238.0
2021-01-05 09:38:33.191,0.002,0.0021,104.0,0.002,10.0,42359.0,238.0
2021-01-05 09:38:33.700,0.002,0.0021,107.0,0.002,10.0,42359.0,238.0
2021-01-05 09:38:34.201,0.002,0.0021,107.0,0.002,10.0,42359.0,238.0
2021-01-05 09:38:36.180,0.002,0.0021,120.0,0.002,10.0,42359.0,238.0
2021-01-05 09:38:37.131,0.002,0.0021,120.0,0.002,10.0,42359.0,238.0
2021-01-05 09:38:39.161,0.002,0.0021,120.0,0.002,10.0,42359.0,238.0
2021-01-05 09:38:40.201,0.002,0.0021,120.0,0.002,5.0,42359.0,243.0
2021-01-05 09:38:40.591,0.002,0.0021,121.0,0.002,10.0,42359.0,243.0
2021-01-05 09:38:41.670,0.002,0.0021,101.0,0.002,10.0,42359.0,243.0
2021-01-05 09:38:44.200,0.002,0.0021,88.0,0.002,10.0,42359.0,243.0
2021-01-05 09:38:46.200,0.002,0.0021,101.0,0.002,10.0,42359.0,243.0
2021-01-05 09:38:47.140,0.002,0.0021,88.0,0.002,10.0,42359.0,243.0
2021-01-05 09:38:47.691,0.002,0.0021,101.0,0.002,10.0,42359.0,243.0
2021-01-05 09:38:48.200,0.002,0.0021,88.0,0.002,10.0,42359.0,243.0
2021-01-05 09:38:48.650,0.002,0.0021,82.0,0.0019,94.0,42359.0,244.0
2021-01-05 09:38:49.130,0.002,0.0021,82.0,0.0019,84.0,42359.0,244.0
2021-01-05 09:38:49.691,0.002,0.0021,82.0,0.0019,84.0,42359.0,244.0
2021-01-05 09:38:50.110,0.002,0.002,10.0,0.0019,71.0,42359.0,244.0
2021-01-05 09:38:50.651,0.002,0.002,10.0,0.0019,84.0,42359.0,244.0
2021-01-05 09:38:51.170,0.002,0.002,10.0,0.0019,84.0,42359.0,244.0
2021-01-05 09:38:51.691,0.0019,0.002,10.0,0.0019,79.0,42355.0,249.0
2021-01-05 09:38:52.150,0.0019,0.002,10.0,0.0019,94.0,42355.0,249.0
2021-01-05 09:38:54.690,0.0019,0.002,10.0,0.0019,79.0,42355.0,249.0
2021-01-05 09:38:55.191,0.0019,0.002,10.0,0.0019,75.0,42351.0,253.0
2021-01-05 09:38:58.190,0.0019,0.002,10.0,0.0019,75.0,42351.0,253.0
2021-01-05 09:39:00.140,0.0019,0.002,10.0,0.0019,57.0,42346.0,258.0
2021-01-05 09:39:00.660,0.0019,0.002,10.0,0.0019,70.0,42346.0,258.0
2021-01-05 09:39:02.051,0.0019,0.002,10.0,0.0019,69.0,42345.0,259.0
2021-01-05 09:39:02.660,0.0019,0.002,10.0,0.0019,69.0,42345.0,259.0
2021-01-05 09:39:04.161,0.0019,0.002,10.0,0.0019,84.0,42345.0,259.0
2021-01-05 09:39:05.701,0.0019,0.002,10.0,0.0019,69.0,42345.0,259.0
2021-01-05 09:39:06.191,0.0019,0.002,10.0,0.0019,84.0,42345.0,259.0
2021-01-05 09:39:09.161,0.0019,0.002,10.0,0.0019,69.0,42345.0,259.0
2021-01-05 09:39:09.601,0.0019,0.002,10.0,0.0019,69.0,42345.0,259.0
2021-01-05 09:39:10.191,0.0019,0.002,10.0,0.0019,84.0,42345.0,259.0
2021-01-05 09:39:10.721,0.0019,0.002,10.0,0.0019,104.0,42345.0,259.0
2021-01-05 09:39:11.201,0.0019,0.002,10.0,0.0019,69.0,42345.0,259.0
2021-01-05 09:39:12.690,0.0019,0.002,10.0,0.0019,89.0,42345.0,259.0
2021-01-05 09:39:19.710,0.0019,0.002,10.0,0.0019,76.0,42345.0,259.0
2021-01-05 09:39:20.221,0.0019,0.002,10.0,0.0019,84.0,42340.0,264.0
2021-01-05 09:39:20.741,0.0019,0.002,10.0,0.0019,84.0,42340.0,264.0
2021-01-05 09:39:21.231,0.0019,0.002,10.0,0.0019,84.0,42340.0,264.0
2021-01-05 09:39:21.671,0.0019,0.002,10.0,0.0019,84.0,42340.0,264.0
2021-01-05 09:39:22.211,0.0019,0.002,10.0,0.0019,99.0,42340.0,264.0
2021-01-05 09:39:24.670,0.0019,0.002,10.0,0.0019,84.0,42340.0,264.0
2021-01-05 09:39:25.210,0.0019,0.002,10.0,0.0019,84.0,42340.0,264.0
2021-01-05 09:39:26.681,0.0019,0.002,10.0,0.0019,84.0,42340.0,264.0
2021-01-05 09:39:27.131,0.0019,0.002,10.0,0.0019,99.0,42340.0,264.0
2021-01-05 09:39:29.721,0.0019,0.002,10.0,0.0019,99.0,42340.0,264.0
2021-01-05 09:39:30.721,0.0019,0.002,10.0,0.0019,99.0,42340.0,264.0
2021-01-05 09:39:39.751,0.0019,0.002,10.0,0.0019,99.0,42340.0,264.0
2021-01-05 09:39:40.200,0.0019,0.002,10.0,0.0019,94.0,42335.0,269.0
2021-01-05 09:39:41.220,0.0019,0.002,10.0,0.0019,94.0,42335.0,269.0
2021-01-05 09:39:41.750,0.0019,0.002,10.0,0.0019,74.0,42335.0,269.0
2021-01-05 09:39:42.210,0.0019,0.002,10.0,0.0019,94.0,42335.0,269.0
2021-01-05 09:39:42.740,0.0019,0.002,10.0,0.0019,94.0,42335.0,269.0
2021-01-05 09:39:43.191,0.0019,0.002,10.0,0.0019,94.0,42335.0,269.0
2021-01-05 09:39:44.231,0.0019,0.002,10.0,0.0019,94.0,42335.0,269.0
2021-01-05 09:39:46.190,0.0019,0.002,10.0,0.0019,74.0,42335.0,269.0
2021-01-05 09:39:47.731,0.0019,0.002,10.0,0.0019,94.0,42335.0,269.0
2021-01-05 09:39:50.710,0.0019,0.002,10.0,0.0019,74.0,42335.0,269.0
2021-01-05 09:39:51.730,0.0019,0.002,10.0,0.0019,59.0,42335.0,269.0
2021-01-05 09:39:52.251,0.0019,0.002,10.0,0.0019,79.0,42335.0,269.0
2021-01-05 09:39:53.630,0.0019,0.002,10.0,0.0019,79.0,42335.0,269.0
2021-01-05 09:39:54.191,0.0019,0.002,10.0,0.0019,79.0,42335.0,269.0
2021-01-05 09:39:54.691,0.0019,0.002,10.0,0.0019,79.0,42335.0,269.0
2021-01-05 09:39:55.181,0.0019,0.002,10.0,0.0019,79.0,42335.0,269.0
2021-01-05 09:39:55.640,0.0019,0.002,10.0,0.0019,79.0,42335.0,269.0
2021-01-05 09:39:56.120,0.0019,0.002,10.0,0.0019,79.0,42335.0,269.0
2021-01-05 09:39:56.691,0.0019,0.002,10.0,0.0019,59.0,42335.0,269.0
2021-01-05 09:39:57.181,0.0019,0.002,10.0,0.0019,59.0,42335.0,269.0
2021-01-05 09:39:59.061,0.0019,0.002,10.0,0.0019,46.0,42335.0,269.0
2021-01-05 09:39:59.670,0.0019,0.002,10.0,0.0019,59.0,42335.0,269.0
2021-01-05 09:40:01.570,0.0019,0.002,10.0,0.0019,81.0,42335.0,269.0
2021-01-05 09:40:04.160,0.0019,0.002,10.0,0.0019,61.0,42335.0,269.0
2021-01-05 09:40:04.700,0.0019,0.002,10.0,0.0019,81.0,42335.0,269.0
2021-01-05 09:40:09.691,0.0019,0.002,10.0,0.0019,66.0,42335.0,269.0
2021-01-05 09:40:10.680,0.0019,0.002,10.0,0.0019,66.0,42335.0,269.0
2021-01-05 09:40:12.680,0.0019,0.002,10.0,0.0019,81.0,42335.0,269.0
2021-01-05 09:40:15.120,0.0019,0.002,10.0,0.0019,66.0,42335.0,269.0
2021-01-05 09:40:15.690,0.0019,0.002,10.0,0.0019,81.0,42335.0,269.0
2021-01-05 09:40:16.140,0.0019,0.002,10.0,0.0019,96.0,42335.0,269.0
2021-01-05 09:40:16.610,0.0019,0.002,10.0,0.0019,81.0,42335.0,269.0
2021-01-05 09:40:17.191,0.0019,0.002,10.0,0.0019,96.0,42335.0,269.0
2021-01-05 09:40:19.711,0.0019,0.002,10.0,0.0019,81.0,42335.0,269.0
2021-01-05 09:40:20.191,0.0019,0.002,10.0,0.0019,76.0,42330.0,274.0
2021-01-05 09:40:20.691,0.0019,0.002,20.0,0.0019,91.0,42330.0,274.0
2021-01-05 09:40:21.200,0.0019,0.002,20.0,0.0019,76.0,42330.0,274.0
2021-01-05 09:40:22.650,0.0019,0.002,20.0,0.0019,76.0,42330.0,274.0
2021-01-05 09:40:23.701,0.0019,0.002,20.0,0.0019,91.0,42330.0,274.0
2021-01-05 09:40:24.160,0.0019,0.002,20.0,0.0019,76.0,42330.0,274.0
2021-01-05 09:40:25.121,0.0019,0.002,20.0,0.0019,76.0,42330.0,274.0
2021-01-05 09:40:28.690,0.0019,0.002,20.0,0.0019,61.0,42330.0,274.0
2021-01-05 09:40:30.160,0.0019,0.002,20.0,0.0019,61.0,42330.0,274.0
2021-01-05 09:40:30.700,0.0019,0.002,20.0,0.0019,76.0,42330.0,274.0
2021-01-05 09:40:37.201,0.0019,0.002,20.0,0.0019,91.0,42330.0,274.0
2021-01-05 09:40:37.700,0.0019,0.002,20.0,0.0019,76.0,42330.0,274.0
2021-01-05 09:40:38.130,0.0019,0.002,20.0,0.0019,91.0,42330.0,274.0
2021-01-05 09:40:40.151,0.0019,0.002,20.0,0.0019,86.0,42325.0,279.0
2021-01-05 09:40:41.191,0.0019,0.002,20.0,0.0019,86.0,42325.0,279.0
2021-01-05 09:40:42.201,0.0019,0.002,20.0,0.0019,66.0,42325.0,279.0
2021-01-05 09:40:45.131,0.0019,0.002,20.0,0.0019,61.0,42320.0,284.0
2021-01-05 09:40:46.161,0.0019,0.002,20.0,0.0019,71.0,42320.0,284.0
2021-01-05 09:40:50.181,0.0019,0.002,20.0,0.0019,61.0,42319.0,294.0
2021-01-05 09:40:50.671,0.0019,0.002,20.0,0.0019,120.0,42319.0,294.0
2021-01-05 09:40:58.200,0.0019,0.002,20.0,0.0019,105.0,42319.0,294.0
2021-01-05 09:40:59.650,0.0019,0.002,20.0,0.0019,104.0,42319.0,295.0
2021-01-05 09:41:00.150,0.0019,0.002,20.0,0.0019,99.0,42314.0,300.0
2021-01-05 09:41:11.210,0.0019,0.002,20.0,0.0019,99.0,42314.0,300.0
2021-01-05 09:41:11.711,0.0019,0.002,20.0,0.0019,114.0,42314.0,300.0
2021-01-05 09:41:13.161,0.0019,0.002,20.0,0.0019,99.0,42314.0,300.0
2021-01-05 09:41:13.701,0.0019,0.002,20.0,0.0019,99.0,42314.0,300.0
2021-01-05 09:41:14.160,0.0019,0.002,20.0,0.0019,94.0,42314.0,300.0
2021-01-05 09:41:14.671,0.0019,0.002,20.0,0.0019,94.0,42314.0,300.0
2021-01-05 09:41:15.180,0.0019,0.002,20.0,0.0019,94.0,42314.0,300.0
2021-01-05 09:41:20.100,0.0019,0.002,20.0,0.0019,89.0,42309.0,305.0
2021-01-05 09:41:22.190,0.0019,0.002,20.0,0.0019,74.0,42309.0,305.0
2021-01-05 09:41:22.700,0.0019,0.002,20.0,0.0019,89.0,42309.0,305.0
2021-01-05 09:41:24.651,0.0019,0.002,20.0,0.0019,109.0,42309.0,305.0
2021-01-05 09:41:26.190,0.0019,0.002,20.0,0.0019,94.0,42309.0,305.0
2021-01-05 09:41:27.710,0.0019,0.002,20.0,0.0019,94.0,42309.0,305.0
2021-01-05 09:41:28.171,0.0019,0.002,20.0,0.0019,109.0,42309.0,305.0
2021-01-05 09:41:28.540,0.0019,0.002,20.0,0.0019,94.0,42309.0,305.0
2021-01-05 09:41:29.070,0.0019,0.002,20.0,0.0019,94.0,42309.0,305.0
2021-01-05 09:41:35.221,0.0019,0.002,20.0,0.0019,79.0,42309.0,305.0
2021-01-05 09:41:35.721,0.0019,0.002,20.0,0.0019,94.0,42309.0,305.0
2021-01-05 09:41:36.720,0.0019,0.002,20.0,0.0019,59.0,42309.0,305.0
2021-01-05 09:41:37.210,0.0019,0.002,20.0,0.0019,79.0,42309.0,305.0
2021-01-05 09:41:37.711,0.0019,0.002,20.0,0.0019,59.0,42309.0,305.0
2021-01-05 09:41:38.650,0.0019,0.002,20.0,0.0019,94.0,42309.0,305.0
2021-01-05 09:41:40.721,0.0019,0.002,20.0,0.0019,79.0,42309.0,305.0
2021-01-05 09:41:45.190,0.0019,0.002,22.0,0.0019,79.0,42309.0,305.0
2021-01-05 09:41:45.701,0.0019,0.002,22.0,0.0019,94.0,42309.0,305.0
2021-01-05 09:41:50.231,0.0019,0.002,22.0,0.0019,79.0,42309.0,305.0
2021-01-05 09:41:50.751,0.0019,0.002,22.0,0.0019,94.0,42309.0,305.0
2021-01-05 09:41:51.760,0.0019,0.002,22.0,0.0019,79.0,42309.0,305.0
2021-01-05 09:41:52.261,0.0019,0.002,25.0,0.0019,79.0,42309.0,305.0
2021-01-05 09:41:53.201,0.0019,0.002,25.0,0.0019,94.0,42309.0,305.0
2021-01-05 09:41:54.161,0.0019,0.002,25.0,0.0019,79.0,42309.0,305.0
2021-01-05 09:41:54.670,0.0019,0.002,25.0,0.0019,79.0,42309.0,305.0
2021-01-05 09:41:55.160,0.0019,0.002,25.0,0.0019,49.0,42309.0,305.0
2021-01-05 09:41:55.671,0.0019,0.002,25.0,0.0019,64.0,42309.0,305.0
2021-01-05 09:41:56.680,0.0019,0.002,25.0,0.0019,79.0,42309.0,305.0
2021-01-05 09:41:57.110,0.0019,0.002,25.0,0.0019,59.0,42309.0,305.0
2021-01-05 09:41:59.661,0.0019,0.002,26.0,0.0019,59.0,42309.0,305.0
2021-01-05 09:42:00.151,0.0019,0.002,26.0,0.0019,54.0,42304.0,310.0
2021-01-05 09:42:00.701,0.0019,0.002,26.0,0.0019,54.0,42304.0,310.0
2021-01-05 09:42:01.651,0.0019,0.002,26.0,0.0019,70.0,42304.0,310.0
2021-01-05 09:42:07.230,0.0019,0.002,20.0,0.0019,90.0,42304.0,310.0
2021-01-05 09:42:07.691,0.0019,0.002,20.0,0.0019,89.0,42303.0,311.0
2021-01-05 09:42:09.230,0.0019,0.002,20.0,0.0019,89.0,42303.0,311.0
2021-01-05 09:42:10.220,0.0019,0.002,20.0,0.0019,84.0,42298.0,316.0
2021-01-05 09:42:11.720,0.0019,0.002,20.0,0.0019,64.0,42298.0,316.0
2021-01-05 09:42:13.731,0.0019,0.002,20.0,0.0019,84.0,42298.0,316.0
2021-01-05 09:42:14.150,0.0019,0.002,20.0,0.0019,80.0,42294.0,320.0
2021-01-05 09:42:20.111,0.0019,0.002,20.0,0.0019,85.0,42294.0,325.0
2021-01-05 09:42:20.751,0.0019,0.002,20.0,0.0019,70.0,42294.0,325.0
2021-01-05 09:42:21.621,0.0019,0.002,20.0,0.0019,85.0,42294.0,325.0
2021-01-05 09:42:22.221,0.0019,0.002,20.0,0.0019,70.0,42294.0,325.0
2021-01-05 09:42:23.191,0.0019,0.002,20.0,0.0019,85.0,42294.0,325.0
2021-01-05 09:42:25.511,0.0019,0.002,20.0,0.0019,85.0,42294.0,325.0
2021-01-05 09:42:40.221,0.0019,0.002,20.0,0.0019,80.0,42289.0,330.0
2021-01-05 09:42:58.220,0.0019,0.002,20.0,0.0019,80.0,42289.0,330.0
2021-01-05 09:42:58.731,0.0019,0.002,20.0,0.0019,80.0,42289.0,330.0
2021-01-05 09:42:59.730,0.0019,0.002,20.0,0.0019,80.0,42289.0,330.0
2021-01-05 09:43:00.131,0.0019,0.002,20.0,0.0019,75.0,42284.0,335.0
2021-01-05 09:43:01.211,0.0019,0.002,20.0,0.0019,75.0,42284.0,335.0
2021-01-05 09:43:02.150,0.0019,0.002,20.0,0.0019,60.0,42284.0,335.0
2021-01-05 09:43:02.681,0.0019,0.002,20.0,0.0019,75.0,42284.0,335.0
2021-01-05 09:43:03.241,0.0019,0.002,20.0,0.0019,75.0,42284.0,335.0
2021-01-05 09:43:06.171,0.0019,0.002,20.0,0.0019,75.0,42284.0,335.0
2021-01-05 09:43:10.150,0.0019,0.002,20.0,0.0019,55.0,42284.0,335.0
2021-01-05 09:43:11.750,0.0019,0.002,20.0,0.0019,75.0,42284.0,335.0
2021-01-05 09:43:12.730,0.0019,0.002,20.0,0.0019,75.0,42284.0,335.0
2021-01-05 09:43:15.241,0.0019,0.002,20.0,0.0019,75.0,42284.0,335.0
2021-01-05 09:43:16.720,0.0019,0.002,20.0,0.0019,75.0,42284.0,335.0
2021-01-05 09:43:18.270,0.0019,0.002,20.0,0.0019,75.0,42284.0,335.0
2021-01-05 09:43:20.731,0.0019,0.002,20.0,0.0019,75.0,42284.0,335.0
2021-01-05 09:43:25.701,0.0019,0.002,20.0,0.0019,40.0,42284.0,335.0
2021-01-05 09:43:26.181,0.0019,0.002,20.0,0.0019,40.0,42284.0,335.0
2021-01-05 09:43:26.621,0.0019,0.002,20.0,0.0019,55.0,42284.0,335.0
2021-01-05 09:43:34.221,0.0019,0.002,20.0,0.0019,40.0,42284.0,335.0
2021-01-05 09:43:34.691,0.0019,0.002,20.0,0.0019,55.0,42284.0,335.0
2021-01-05 09:43:40.230,0.0019,0.002,20.0,0.0019,50.0,42279.0,340.0
2021-01-05 09:43:47.250,0.0019,0.002,20.0,0.0019,35.0,42279.0,340.0
2021-01-05 09:43:47.661,0.0019,0.002,20.0,0.0019,35.0,42279.0,340.0
2021-01-05 09:43:48.220,0.0019,0.002,20.0,0.0019,60.0,42279.0,340.0
2021-01-05 09:43:49.221,0.0019,0.002,20.0,0.0019,80.0,42279.0,340.0
2021-01-05 09:43:50.721,0.0019,0.002,20.0,0.0019,60.0,42279.0,340.0
2021-01-05 09:43:56.721,0.0019,0.002,20.0,0.0019,60.0,42279.0,340.0
2021-01-05 09:43:57.230,0.0019,0.002,20.0,0.0019,75.0,42279.0,340.0
2021-01-05 09:43:58.190,0.0019,0.002,20.0,0.0019,60.0,42279.0,340.0
2021-01-05 09:43:58.711,0.0019,0.002,20.0,0.0019,75.0,42279.0,340.0
2021-01-05 09:43:59.170,0.0019,0.002,20.0,0.0019,60.0,42279.0,340.0
2021-01-05 09:44:00.131,0.0019,0.002,20.0,0.0019,55.0,42274.0,345.0
2021-01-05 09:44:00.701,0.0019,0.002,20.0,0.0019,40.0,42274.0,345.0
2021-01-05 09:44:01.621,0.0019,0.002,20.0,0.0019,55.0,42274.0,345.0
2021-01-05 09:44:02.711,0.0019,0.002,20.0,0.0019,75.0,42274.0,345.0
2021-01-05 09:44:04.720,0.0019,0.002,20.0,0.0019,75.0,42274.0,345.0
2021-01-05 09:44:05.260,0.0019,0.002,20.0,0.0019,75.0,42274.0,345.0
2021-01-05 09:44:07.281,0.0019,0.002,20.0,0.0019,75.0,42274.0,345.0
2021-01-05 09:44:08.670,0.0019,0.002,20.0,0.0019,60.0,42274.0,345.0
2021-01-05 09:44:10.280,0.0019,0.002,20.0,0.0019,80.0,42264.0,355.0
2021-01-05 09:44:10.781,0.0019,0.002,20.0,0.0019,60.0,42264.0,355.0
2021-01-05 09:44:11.780,0.0019,0.002,20.0,0.0019,80.0,42264.0,355.0
2021-01-05 09:44:13.230,0.0019,0.002,20.0,0.0019,60.0,42264.0,355.0
2021-01-05 09:44:18.780,0.0019,0.002,20.0,0.0019,60.0,42264.0,355.0
2021-01-05 09:44:19.261,0.0019,0.002,20.0,0.0019,60.0,42264.0,355.0
2021-01-05 09:44:20.300,0.0019,0.002,20.0,0.0019,55.0,42259.0,360.0
2021-01-05 09:44:20.801,0.0019,0.002,50.0,0.0019,55.0,42259.0,360.0
2021-01-05 09:44:21.270,0.0019,0.002,50.0,0.0019,55.0,42259.0,360.0
2021-01-05 09:44:21.760,0.0019,0.002,50.0,0.0019,55.0,42259.0,360.0
2021-01-05 09:44:23.130,0.0019,0.002,50.0,0.0019,55.0,42259.0,360.0
2021-01-05 09:44:24.221,0.0019,0.002,50.0,0.0019,55.0,42259.0,360.0
2021-01-05 09:44:24.680,0.0019,0.002,50.0,0.0019,55.0,42259.0,360.0
2021-01-05 09:44:26.201,0.0019,0.002,50.0,0.0019,55.0,42259.0,360.0
2021-01-05 09:44:26.701,0.0019,0.002,50.0,0.0019,55.0,42259.0,360.0
2021-01-05 09:44:27.201,0.0019,0.002,50.0,0.0019,55.0,42259.0,360.0
2021-01-05 09:44:27.710,0.0019,0.002,50.0,0.0019,55.0,42259.0,360.0
2021-01-05 09:44:28.221,0.0019,0.002,50.0,0.0019,55.0,42259.0,360.0
2021-01-05 09:44:28.680,0.0019,0.002,50.0,0.0019,55.0,42259.0,360.0
2021-01-05 09:44:29.200,0.0019,0.002,50.0,0.0019,55.0,42259.0,360.0
2021-01-05 09:44:30.720,0.0019,0.002,50.0,0.0019,55.0,42259.0,360.0
2021-01-05 09:44:31.730,0.0019,0.002,50.0,0.0019,55.0,42259.0,360.0
2021-01-05 09:44:32.220,0.0019,0.002,50.0,0.0019,55.0,42259.0,360.0
2021-01-05 09:44:32.670,0.0019,0.002,50.0,0.0019,25.0,42259.0,360.0
2021-01-05 09:44:33.240,0.0019,0.002,50.0,0.0019,25.0,42259.0,360.0
2021-01-05 09:44:33.730,0.0019,0.002,50.0,0.0019,25.0,42259.0,360.0
2021-01-05 09:44:34.241,0.0019,0.002,50.0,0.0019,25.0,42259.0,360.0
2021-01-05 09:44:34.510,0.0019,0.002,50.0,0.0019,25.0,42259.0,360.0
2021-01-05 09:44:35.740,0.0019,0.002,50.0,0.0019,25.0,42259.0,360.0
2021-01-05 09:44:40.250,0.0019,0.002,50.0,0.0019,20.0,42254.0,365.0
2021-01-05 09:44:44.761,0.0019,0.002,50.0,0.0019,20.0,42254.0,365.0
2021-01-05 09:44:45.261,0.0019,0.002,50.0,0.0019,20.0,42254.0,365.0
2021-01-05 09:44:45.760,0.0019,0.002,50.0,0.0019,20.0,42254.0,365.0
2021-01-05 09:44:46.271,0.0019,0.002,50.0,0.0019,20.0,42254.0,365.0
2021-01-05 09:44:46.771,0.0019,0.002,50.0,0.0019,20.0,42254.0,365.0
2021-01-05 09:44:47.251,0.0019,0.002,50.0,0.0019,20.0,42254.0,365.0
2021-01-05 09:44:47.770,0.0019,0.002,50.0,0.0019,20.0,42254.0,365.0
2021-01-05 09:44:48.271,0.0019,0.002,50.0,0.0019,20.0,42254.0,365.0
2021-01-05 09:44:48.780,0.0019,0.002,65.0,0.0019,20.0,42254.0,365.0
2021-01-05 09:44:49.270,0.0019,0.002,50.0,0.0019,20.0,42254.0,365.0
2021-01-05 09:44:49.800,0.0019,0.002,65.0,0.0019,20.0,42254.0,365.0
2021-01-05 09:44:51.270,0.0019,0.002,50.0,0.0019,20.0,42254.0,365.0
2021-01-05 09:44:51.650,0.0019,0.002,50.0,0.0019,20.0,42254.0,365.0
2021-01-05 09:44:52.240,0.0019,0.002,50.0,0.0019,10.0,42224.0,395.0
2021-01-05 09:44:53.201,0.0019,0.002,50.0,0.0019,10.0,42224.0,395.0
2021-01-05 09:44:53.621,0.0019,0.002,50.0,0.0019,10.0,42224.0,395.0
2021-01-05 09:44:54.970,0.0019,0.002,50.0,0.0019,10.0,42224.0,395.0
2021-01-05 09:44:55.700,0.0019,0.002,50.0,0.0019,10.0,42224.0,395.0
2021-01-05 09:44:56.220,0.0019,0.002,65.0,0.0019,10.0,42224.0,395.0
2021-01-05 09:44:56.720,0.0019,0.002,50.0,0.0019,10.0,42224.0,395.0
2021-01-05 09:44:57.160,0.0019,0.002,65.0,0.0019,10.0,42224.0,395.0
2021-01-05 09:44:57.680,0.0019,0.002,50.0,0.0019,10.0,42224.0,395.0
2021-01-05 09:44:58.120,0.0019,0.002,65.0,0.0019,10.0,42224.0,395.0
2021-01-05 09:44:58.720,0.0019,0.002,65.0,0.0019,10.0,42224.0,395.0
2021-01-05 09:44:59.190,0.0019,0.002,50.0,0.0019,10.0,42224.0,395.0
2021-01-05 09:45:01.221,0.0019,0.002,50.0,0.0019,10.0,42224.0,395.0
2021-01-05 09:45:02.061,0.0019,0.002,50.0,0.0019,10.0,42224.0,395.0
2021-01-05 09:45:04.700,0.0019,0.002,52.0,0.0019,10.0,42224.0,395.0
2021-01-05 09:45:05.180,0.0019,0.002,52.0,0.0019,10.0,42224.0,395.0
2021-01-05 09:45:06.721,0.0019,0.002,52.0,0.0019,10.0,42224.0,395.0
2021-01-05 09:45:07.130,0.0019,0.002,52.0,0.0019,10.0,42224.0,395.0
2021-01-05 09:45:08.181,0.0019,0.002,52.0,0.0018,95.0,42224.0,395.0
2021-01-05 09:45:09.190,0.0019,0.002,52.0,0.0018,95.0,42224.0,395.0
2021-01-05 09:45:09.720,0.0019,0.002,52.0,0.0018,95.0,42224.0,395.0
2021-01-05 09:45:10.200,0.0019,0.002,52.0,0.0018,95.0,42224.0,395.0
2021-01-05 09:45:11.720,0.0019,0.0019,3.0,0.0018,95.0,42224.0,395.0
2021-01-05 09:45:12.150,0.0019,0.0019,3.0,0.0018,80.0,42224.0,395.0
2021-01-05 09:45:12.701,0.0018,0.0019,3.0,0.0018,70.0,42214.0,405.0
2021-01-05 09:45:13.220,0.0018,0.0019,3.0,0.0018,70.0,42214.0,405.0
2021-01-05 09:45:13.681,0.0018,0.0019,3.0,0.0018,85.0,42214.0,405.0
2021-01-05 09:45:14.181,0.0018,0.0019,3.0,0.0018,85.0,42214.0,405.0
2021-01-05 09:45:15.230,0.0018,0.0019,3.0,0.0018,85.0,42214.0,405.0
2021-01-05 09:45:15.721,0.0018,0.0019,3.0,0.0018,85.0,42214.0,405.0
2021-01-05 09:45:16.230,0.0018,0.0019,3.0,0.0018,85.0,42214.0,405.0
2021-01-05 09:45:16.741,0.0018,0.0019,3.0,0.0018,85.0,42214.0,405.0
2021-01-05 09:45:18.691,0.0018,0.0019,3.0,0.0018,105.0,42214.0,405.0
2021-01-05 09:45:19.191,0.0018,0.0019,6.0,0.0018,85.0,42214.0,405.0
2021-01-05 09:45:19.731,0.0018,0.0019,6.0,0.0018,85.0,42214.0,405.0
2021-01-05 09:45:20.240,0.0018,0.0019,6.0,0.0018,80.0,42209.0,410.0
2021-01-05 09:45:22.240,0.0018,0.0019,6.0,0.0018,100.0,42209.0,410.0
2021-01-05 09:45:22.710,0.0018,0.0019,6.0,0.0018,80.0,42209.0,410.0
2021-01-05 09:45:23.160,0.0018,0.0019,6.0,0.0018,95.0,42209.0,410.0
2021-01-05 09:45:23.671,0.0018,0.0019,6.0,0.0018,80.0,42209.0,410.0
2021-01-05 09:45:24.201,0.0018,0.0019,6.0,0.0018,100.0,42209.0,410.0
2021-01-05 09:45:24.701,0.0018,0.0019,6.0,0.0018,110.0,42209.0,410.0
2021-01-05 09:45:25.131,0.0018,0.0019,6.0,0.0018,125.0,42209.0,410.0
2021-01-05 09:45:27.211,0.0018,0.002,40.0,0.0018,124.0,42208.0,411.0
2021-01-05 09:45:27.711,0.0018,0.002,40.0,0.0019,20.0,42208.0,411.0
2021-01-05 09:45:28.220,0.0018,0.002,40.0,0.0019,20.0,42208.0,411.0
2021-01-05 09:45:28.700,0.0018,0.002,40.0,0.0019,20.0,42208.0,411.0
2021-01-05 09:45:29.140,0.0018,0.002,40.0,0.0019,20.0,42208.0,411.0
2021-01-05 09:45:29.711,0.0019,0.002,40.0,0.0019,19.0,42207.0,412.0
2021-01-05 09:45:30.210,0.0019,0.002,40.0,0.0019,9.0,42197.0,422.0
2021-01-05 09:45:31.211,0.0019,0.002,40.0,0.0019,9.0,42197.0,422.0
2021-01-05 09:45:31.701,0.0019,0.002,40.0,0.0019,9.0,42197.0,422.0
2021-01-05 09:45:32.160,0.0019,0.002,40.0,0.0019,9.0,42197.0,422.0
2021-01-05 09:45:32.690,0.0019,0.002,55.0,0.0019,9.0,42197.0,422.0
2021-01-05 09:45:33.670,0.0019,0.002,55.0,0.0019,1.0,42189.0,430.0
2021-01-05 09:45:35.190,0.0019,0.002,55.0,0.0019,1.0,42189.0,430.0
2021-01-05 09:45:35.701,0.0019,0.002,55.0,0.0019,1.0,42189.0,430.0
2021-01-05 09:45:36.730,0.0019,0.002,40.0,0.0019,1.0,42189.0,430.0
2021-01-05 09:45:37.241,0.0019,0.002,40.0,0.0019,1.0,42189.0,430.0
2021-01-05 09:45:38.711,0.0019,0.002,55.0,0.0019,1.0,42189.0,430.0
2021-01-05 09:45:39.700,0.0019,0.002,55.0,0.0019,1.0,42189.0,430.0
2021-01-05 09:45:40.240,0.0019,0.0019,4.0,0.0018,94.0,42188.0,431.0
2021-01-05 09:45:40.730,0.0019,0.0019,4.0,0.0018,114.0,42188.0,431.0
2021-01-05 09:45:42.240,0.0019,0.0019,4.0,0.0018,114.0,42188.0,431.0
2021-01-05 09:45:42.711,0.0019,0.0019,4.0,0.0018,114.0,42188.0,431.0
2021-01-05 09:45:43.220,0.0019,0.0019,4.0,0.0018,114.0,42188.0,431.0
2021-01-05 09:45:44.201,0.0019,0.0019,4.0,0.0018,114.0,42188.0,431.0
2021-01-05 09:45:45.220,0.0019,0.0019,4.0,0.0018,114.0,42188.0,431.0
2021-01-05 09:45:45.690,0.0019,0.0019,4.0,0.0018,114.0,42188.0,431.0
2021-01-05 09:45:46.240,0.0019,0.0019,4.0,0.0018,114.0,42188.0,431.0
2021-01-05 09:45:46.680,0.0019,0.0019,4.0,0.0018,114.0,42188.0,431.0
2021-01-05 09:45:48.201,0.0019,0.0019,4.0,0.0018,114.0,42188.0,431.0
2021-01-05 09:45:48.741,0.0019,0.0019,4.0,0.0018,114.0,42188.0,431.0
2021-01-05 09:45:49.221,0.0019,0.0019,4.0,0.0018,114.0,42188.0,431.0
2021-01-05 09:45:49.751,0.0019,0.0019,4.0,0.0018,114.0,42188.0,431.0
2021-01-05 09:45:50.251,0.0019,0.0019,4.0,0.0018,114.0,42188.0,431.0
2021-01-05 09:45:50.691,0.0019,0.0019,4.0,0.0018,114.0,42188.0,431.0
2021-01-05 09:45:51.721,0.0019,0.0019,4.0,0.0018,114.0,42188.0,431.0
2021-01-05 09:45:53.211,0.0019,0.0019,4.0,0.0018,114.0,42188.0,431.0
2021-01-05 09:45:55.230,0.0019,0.0019,4.0,0.0018,114.0,42188.0,431.0
2021-01-05 09:45:55.711,0.0019,0.0019,4.0,0.0018,114.0,42188.0,431.0
2021-01-05 09:45:56.631,0.0019,0.0019,4.0,0.0018,114.0,42188.0,431.0
2021-01-05 09:45:57.201,0.0019,0.0019,4.0,0.0018,114.0,42188.0,431.0
2021-01-05 09:45:57.230,0.0019,0.0019,4.0,0.0018,114.0,42188.0,431.0
2021-01-05 09:45:58.231,0.0019,0.0019,4.0,0.0018,114.0,42188.0,431.0
2021-01-05 09:45:58.711,0.0019,0.0019,4.0,0.0018,114.0,42188.0,431.0
2021-01-05 09:45:59.230,0.0019,0.0019,4.0,0.0018,114.0,42188.0,431.0
2021-01-05 09:45:59.701,0.0019,0.0019,4.0,0.0018,114.0,42188.0,431.0
2021-01-05 09:46:00.210,0.0018,0.0019,4.0,0.0018,109.0,42183.0,436.0
2021-01-05 09:46:00.730,0.0018,0.0019,4.0,0.0018,89.0,42183.0,436.0
2021-01-05 09:46:01.180,0.0018,0.0019,4.0,0.0018,89.0,42183.0,436.0
2021-01-05 09:46:06.221,0.0018,0.0019,4.0,0.0018,89.0,42183.0,436.0
2021-01-05 09:46:06.690,0.0018,0.0019,4.0,0.0018,89.0,42183.0,436.0
2021-01-05 09:46:09.600,0.0018,0.0019,4.0,0.0018,89.0,42183.0,436.0
2021-01-05 09:46:10.230,0.0018,0.0019,4.0,0.0018,89.0,42183.0,436.0
2021-01-05 09:46:10.720,0.0018,0.0019,4.0,0.0018,89.0,42183.0,436.0
2021-01-05 09:46:11.131,0.0018,0.0019,4.0,0.0018,89.0,42183.0,436.0
2021-01-05 09:46:11.721,0.0018,0.0019,4.0,0.0018,89.0,42183.0,436.0
2021-01-05 09:46:14.731,0.0018,0.0019,4.0,0.0018,89.0,42183.0,436.0
2021-01-05 09:46:15.231,0.0018,0.0019,4.0,0.0018,89.0,42183.0,436.0
2021-01-05 09:46:15.730,0.0018,0.0019,4.0,0.0018,89.0,42183.0,436.0
2021-01-05 09:46:20.210,0.0018,0.0019,4.0,0.0018,84.0,42178.0,441.0
2021-01-05 09:46:21.240,0.0018,0.0019,4.0,0.0018,84.0,42178.0,441.0
2021-01-05 09:46:22.690,0.0018,0.0019,4.0,0.0018,84.0,42178.0,441.0
2021-01-05 09:46:23.630,0.0018,0.0019,4.0,0.0018,84.0,42178.0,441.0
2021-01-05 09:46:24.631,0.0018,0.0019,4.0,0.0018,75.0,42169.0,450.0
2021-01-05 09:46:25.651,0.0018,0.0019,4.0,0.0018,75.0,42169.0,450.0
2021-01-05 09:46:26.191,0.0018,0.0019,4.0,0.0018,75.0,42169.0,450.0
2021-01-05 09:46:26.711,0.0018,0.0019,4.0,0.0018,75.0,42169.0,450.0
2021-01-05 09:46:27.201,0.0018,0.0019,4.0,0.0018,75.0,42169.0,450.0
2021-01-05 09:46:27.720,0.0018,0.0019,4.0,0.0018,75.0,42169.0,450.0
2021-01-05 09:46:28.200,0.0018,0.0019,4.0,0.0018,75.0,42169.0,450.0
2021-01-05 09:46:29.710,0.0018,0.0019,4.0,0.0018,75.0,42169.0,450.0
2021-01-05 09:46:31.210,0.0018,0.0019,4.0,0.0018,75.0,42169.0,450.0
2021-01-05 09:46:31.700,0.0018,0.0019,4.0,0.0018,75.0,42169.0,450.0
2021-01-05 09:46:34.691,0.0018,0.0019,4.0,0.0018,90.0,42169.0,450.0
2021-01-05 09:46:35.721,0.0018,0.0019,4.0,0.0018,90.0,42169.0,450.0
2021-01-05 09:46:36.221,0.0018,0.0019,4.0,0.0018,75.0,42169.0,450.0
2021-01-05 09:46:36.730,0.0018,0.0019,4.0,0.0018,75.0,42169.0,450.0
2021-01-05 09:46:40.670,0.0018,0.0019,4.0,0.0018,90.0,42169.0,450.0
2021-01-05 09:46:41.250,0.0018,0.0019,4.0,0.0018,75.0,42169.0,450.0
2021-01-05 09:46:41.730,0.0018,0.0019,4.0,0.0018,75.0,42169.0,450.0
2021-01-05 09:46:42.230,0.0018,0.0019,4.0,0.0018,75.0,42169.0,450.0
2021-01-05 09:46:42.741,0.0018,0.0019,4.0,0.0018,75.0,42169.0,450.0
2021-01-05 09:46:43.761,0.0018,0.0019,4.0,0.0018,75.0,42169.0,450.0
2021-01-05 09:46:44.230,0.0018,0.0019,4.0,0.0018,75.0,42169.0,450.0
2021-01-05 09:46:46.251,0.0018,0.0019,4.0,0.0018,75.0,42169.0,450.0
2021-01-05 09:46:46.671,0.0018,0.0019,4.0,0.0018,75.0,42169.0,450.0
2021-01-05 09:46:50.170,0.0018,0.0019,4.0,0.0018,75.0,42169.0,450.0
2021-01-05 09:46:54.701,0.0018,0.0019,4.0,0.0018,90.0,42169.0,450.0
2021-01-05 09:46:58.131,0.0018,0.0019,4.0,0.0018,75.0,42169.0,450.0
2021-01-05 09:46:58.720,0.0018,0.0019,4.0,0.0018,90.0,42169.0,450.0
2021-01-05 09:46:59.731,0.0018,0.0019,4.0,0.0018,75.0,42169.0,450.0
2021-01-05 09:47:00.251,0.0018,0.0019,4.0,0.0018,85.0,42164.0,455.0
2021-01-05 09:47:00.741,0.0018,0.0019,4.0,0.0018,105.0,42164.0,455.0
2021-01-05 09:47:02.230,0.0018,0.0019,4.0,0.0018,85.0,42164.0,455.0
2021-01-05 09:47:02.741,0.0018,0.0019,4.0,0.0018,105.0,42164.0,455.0
2021-01-05 09:47:03.220,0.0018,0.0019,4.0,0.0018,85.0,42164.0,455.0
2021-01-05 09:47:03.740,0.0018,0.0019,4.0,0.0018,105.0,42164.0,455.0
2021-01-05 09:47:04.211,0.0018,0.0019,4.0,0.0018,120.0,42164.0,455.0
2021-01-05 09:47:05.250,0.0018,0.0019,4.0,0.0018,105.0,42164.0,455.0
2021-01-05 09:47:06.251,0.0018,0.0019,4.0,0.0018,105.0,42164.0,455.0
2021-01-05 09:47:06.750,0.0018,0.0019,4.0,0.0018,90.0,42164.0,455.0
2021-01-05 09:47:07.740,0.0018,0.0019,4.0,0.0018,70.0,42164.0,455.0
2021-01-05 09:47:09.751,0.0018,0.0019,4.0,0.0018,70.0,42164.0,455.0
2021-01-05 09:47:10.260,0.0018,0.0019,4.0,0.0018,100.0,42164.0,455.0
2021-01-05 09:47:14.220,0.0018,0.0019,4.0,0.0018,100.0,42164.0,455.0
2021-01-05 09:47:16.731,0.0018,0.0019,4.0,0.0018,100.0,42164.0,455.0
2021-01-05 09:47:17.251,0.0018,0.0019,4.0,0.0018,100.0,42164.0,455.0
2021-01-05 09:47:18.221,0.0018,0.0019,4.0,0.0018,85.0,42164.0,455.0
2021-01-05 09:47:18.621,0.0018,0.0019,4.0,0.0018,100.0,42164.0,455.0
2021-01-05 09:47:20.231,0.0018,0.0019,4.0,0.0018,95.0,42159.0,460.0
2021-01-05 09:47:22.240,0.0018,0.0019,4.0,0.0018,95.0,42159.0,460.0
2021-01-05 09:47:23.141,0.0018,0.0019,4.0,0.0018,95.0,42159.0,460.0
2021-01-05 09:47:27.241,0.0018,0.0019,4.0,0.0018,80.0,42159.0,460.0
2021-01-05 09:47:27.721,0.0018,0.0019,4.0,0.0018,95.0,42159.0,460.0
2021-01-05 09:47:28.230,0.0018,0.0019,4.0,0.0018,80.0,42159.0,460.0
2021-01-05 09:47:28.710,0.0018,0.0019,4.0,0.0018,80.0,42159.0,460.0
2021-01-05 09:47:29.181,0.0018,0.0019,4.0,0.0018,95.0,42159.0,460.0
2021-01-05 09:47:30.230,0.0018,0.0019,4.0,0.0018,85.0,42149.0,470.0
2021-01-05 09:47:31.181,0.0018,0.0019,4.0,0.0018,105.0,42149.0,470.0
2021-01-05 09:47:35.740,0.0018,0.0019,4.0,0.0018,90.0,42149.0,470.0
2021-01-05 09:47:36.241,0.0018,0.0019,4.0,0.0018,90.0,42149.0,470.0
2021-01-05 09:47:36.721,0.0018,0.0019,4.0,0.0018,105.0,42149.0,470.0
2021-01-05 09:47:37.251,0.0018,0.0019,4.0,0.0018,90.0,42149.0,470.0
2021-01-05 09:47:39.751,0.0018,0.0019,4.0,0.0018,105.0,42149.0,470.0
2021-01-05 09:47:40.260,0.0018,0.0019,4.0,0.0018,100.0,42144.0,475.0
2021-01-05 09:47:49.771,0.0018,0.0019,4.0,0.0018,85.0,42144.0,475.0
2021-01-05 09:47:50.271,0.0018,0.0019,4.0,0.0018,80.0,42139.0,480.0
2021-01-05 09:47:50.751,0.0018,0.0019,4.0,0.0018,95.0,42139.0,480.0
2021-01-05 09:47:51.781,0.0019,0.0019,1.0,0.0018,95.0,42136.0,483.0
2021-01-05 09:47:53.740,0.0019,0.0019,1.0,0.0018,75.0,42136.0,483.0
2021-01-05 09:47:54.741,0.0019,0.0019,1.0,0.0018,60.0,42136.0,483.0
2021-01-05 09:47:56.251,0.0019,0.0019,1.0,0.0018,75.0,42136.0,483.0
2021-01-05 09:48:00.260,0.0019,0.0019,6.0,0.0018,75.0,42136.0,483.0
2021-01-05 09:48:02.781,0.0019,0.0019,5.0,0.0018,95.0,42135.0,484.0
2021-01-05 09:48:04.250,0.0019,0.0019,5.0,0.0018,75.0,42135.0,484.0
2021-01-05 09:48:07.280,0.0019,0.0019,5.0,0.0018,95.0,42135.0,484.0
2021-01-05 09:48:09.291,0.0019,0.0019,5.0,0.0018,75.0,42135.0,484.0
2021-01-05 09:48:10.801,0.0019,0.0019,5.0,0.0018,95.0,42135.0,484.0
2021-01-05 09:48:11.301,0.0019,0.0019,5.0,0.0018,75.0,42135.0,484.0
2021-01-05 09:48:12.751,0.0019,0.0019,5.0,0.0018,95.0,42135.0,484.0
2021-01-05 09:48:27.181,0.0019,0.0019,5.0,0.0018,75.0,42135.0,484.0
2021-01-05 09:48:28.731,0.0019,0.0019,7.0,0.0018,75.0,42135.0,484.0
2021-01-05 09:48:29.691,0.0019,0.0019,5.0,0.0018,75.0,42134.0,486.0
2021-01-05 09:48:30.731,0.0019,0.002,50.0,0.0019,5.0,42129.0,491.0
2021-01-05 09:48:31.140,0.0019,0.002,50.0,0.0019,5.0,42129.0,491.0
2021-01-05 09:48:31.710,0.0019,0.002,50.0,0.0019,5.0,42129.0,491.0
2021-01-05 09:48:32.200,0.0019,0.002,50.0,0.0019,5.0,42129.0,491.0
2021-01-05 09:48:33.190,0.0019,0.002,50.0,0.0019,5.0,42129.0,491.0
2021-01-05 09:48:34.721,0.0019,0.002,50.0,0.0019,20.0,42129.0,491.0
2021-01-05 09:48:35.220,0.0019,0.002,50.0,0.0019,5.0,42129.0,491.0
2021-01-05 09:48:35.691,0.0019,0.002,52.0,0.0019,5.0,42129.0,491.0
2021-01-05 09:48:36.730,0.0019,0.002,52.0,0.0019,5.0,42129.0,491.0
2021-01-05 09:48:37.211,0.0019,0.002,52.0,0.0019,20.0,42129.0,491.0
2021-01-05 09:48:37.681,0.0019,0.002,52.0,0.0019,5.0,42129.0,491.0
2021-01-05 09:48:38.211,0.0019,0.002,52.0,0.0019,20.0,42129.0,491.0
2021-01-05 09:48:39.130,0.0019,0.002,52.0,0.0019,20.0,42129.0,491.0
2021-01-05 09:48:40.200,0.0019,0.002,52.0,0.0019,15.0,42124.0,496.0
2021-01-05 09:48:41.231,0.0019,0.002,52.0,0.0019,15.0,42124.0,496.0
2021-01-05 09:48:42.661,0.0019,0.002,54.0,0.0019,15.0,42124.0,496.0
2021-01-05 09:48:43.231,0.0019,0.002,54.0,0.0018,85.0,42124.0,496.0
2021-01-05 09:48:43.740,0.0019,0.002,54.0,0.0018,75.0,42124.0,496.0
2021-01-05 09:48:44.370,0.0019,0.002,54.0,0.0019,15.0,42124.0,496.0
2021-01-05 09:48:45.001,0.0019,0.002,54.0,0.0018,60.0,42124.0,496.0
2021-01-05 09:48:45.531,0.0019,0.002,54.0,0.0018,85.0,42124.0,496.0
2021-01-05 09:48:45.800,0.0019,0.002,54.0,0.0018,75.0,42124.0,496.0
2021-01-05 09:48:46.510,0.0019,0.002,54.0,0.0019,15.0,42124.0,496.0
2021-01-05 09:48:47.021,0.0019,0.002,54.0,0.0018,95.0,42124.0,496.0
2021-01-05 09:48:47.371,0.0019,0.002,54.0,0.0019,15.0,42124.0,496.0
2021-01-05 09:48:47.911,0.0019,0.002,54.0,0.0018,95.0,42124.0,496.0
2021-01-05 09:48:47.911,0.0019,0.002,54.0,0.0018,105.0,42124.0,496.0
2021-01-05 09:48:48.330,0.0019,0.002,54.0,0.0018,95.0,42124.0,496.0
2021-01-05 09:48:49.250,0.0019,0.002,54.0,0.0018,95.0,42124.0,496.0
2021-01-05 09:48:50.541,0.0019,0.0019,10.0,0.0018,95.0,42124.0,496.0
2021-01-05 09:48:50.670,0.0019,0.0019,10.0,0.0018,95.0,42124.0,496.0
2021-01-05 09:48:51.031,0.0019,0.0019,10.0,0.0018,95.0,42124.0,496.0
2021-01-05 09:48:52.510,0.0019,0.0019,9.0,0.0018,75.0,42124.0,497.0
2021-01-05 09:48:53.711,0.0018,0.0019,9.0,0.0018,73.0,42122.0,499.0
2021-01-05 09:48:54.091,0.0019,0.0019,8.0,0.0018,73.0,42122.0,500.0
2021-01-05 09:48:55.680,0.0019,0.002,50.0,0.0019,15.0,42114.0,508.0
2021-01-05 09:48:56.200,0.0019,0.002,50.0,0.0018,83.0,42114.0,508.0
2021-01-05 09:48:56.731,0.0019,0.002,50.0,0.0018,73.0,42114.0,508.0
2021-01-05 09:48:57.171,0.0018,0.002,50.0,0.0018,71.0,42112.0,510.0
2021-01-05 09:48:58.160,0.0018,0.002,50.0,0.0018,71.0,42112.0,510.0
2021-01-05 09:48:59.691,0.0018,0.002,50.0,0.0018,71.0,42112.0,510.0
2021-01-05 09:49:00.260,0.0018,0.0019,5.0,0.0018,71.0,42112.0,510.0
2021-01-05 09:49:00.761,0.0018,0.0019,5.0,0.0018,71.0,42112.0,510.0
2021-01-05 09:49:01.261,0.0018,0.0019,5.0,0.0018,67.0,42108.0,514.0
2021-01-05 09:49:01.681,0.0018,0.0019,5.0,0.0018,52.0,42108.0,514.0
2021-01-05 09:49:02.261,0.0019,0.002,50.0,0.0019,15.0,42103.0,519.0
2021-01-05 09:49:02.790,0.0019,0.002,50.0,0.0018,97.0,42103.0,519.0
2021-01-05 09:49:03.291,0.0019,0.002,50.0,0.0018,110.0,42103.0,519.0
2021-01-05 09:49:04.290,0.0019,0.002,50.0,0.0018,110.0,42103.0,519.0
2021-01-05 09:49:05.301,0.0019,0.002,50.0,0.0018,110.0,42103.0,519.0
2021-01-05 09:49:05.790,0.0019,0.002,50.0,0.0018,110.0,42103.0,519.0
2021-01-05 09:49:06.820,0.0019,0.002,50.0,0.0018,110.0,42103.0,519.0
2021-01-05 09:49:07.291,0.0019,0.002,50.0,0.0018,110.0,42103.0,519.0
2021-01-05 09:49:07.790,0.0019,0.002,50.0,0.0018,110.0,42103.0,519.0
2021-01-05 09:49:08.301,0.0019,0.002,50.0,0.0018,110.0,42103.0,519.0
2021-01-05 09:49:08.830,0.0019,0.002,50.0,0.0018,110.0,42103.0,519.0
2021-01-05 09:49:09.821,0.0019,0.002,50.0,0.0018,110.0,42103.0,519.0
2021-01-05 09:49:10.330,0.0019,0.002,50.0,0.0018,110.0,42103.0,519.0
2021-01-05 09:49:11.341,0.0019,0.002,50.0,0.0018,90.0,42103.0,519.0
2021-01-05 09:49:12.270,0.0019,0.002,50.0,0.0018,90.0,42103.0,519.0
2021-01-05 09:49:17.851,0.0019,0.002,50.0,0.0018,90.0,42103.0,519.0
2021-01-05 09:49:18.301,0.0019,0.002,50.0,0.0018,90.0,42103.0,519.0
2021-01-05 09:49:19.330,0.0019,0.002,50.0,0.0018,110.0,42103.0,519.0
2021-01-05 09:49:20.291,0.0019,0.0019,5.0,0.0018,110.0,42103.0,519.0
2021-01-05 09:49:20.840,0.0019,0.0019,5.0,0.0018,110.0,42103.0,519.0
2021-01-05 09:49:23.201,0.0019,0.0019,5.0,0.0018,110.0,42103.0,519.0
2021-01-05 09:49:24.241,0.0019,0.0019,5.0,0.0018,110.0,42103.0,519.0
2021-01-05 09:49:25.710,0.0019,0.0019,5.0,0.0018,110.0,42103.0,519.0
2021-01-05 09:49:30.140,0.0018,0.0019,5.0,0.0018,105.0,42098.0,524.0
2021-01-05 09:49:31.120,0.0018,0.0019,5.0,0.0018,105.0,42098.0,524.0
2021-01-05 09:49:32.701,0.0018,0.0019,5.0,0.0018,85.0,42098.0,524.0
2021-01-05 09:49:37.680,0.0018,0.0019,5.0,0.0018,85.0,42098.0,524.0
2021-01-05 09:49:38.191,0.0018,0.0019,5.0,0.0018,85.0,42098.0,524.0
2021-01-05 09:49:38.760,0.0018,0.0019,5.0,0.0018,85.0,42098.0,524.0
2021-01-05 09:49:40.170,0.0018,0.0019,5.0,0.0018,80.0,42093.0,529.0
2021-01-05 09:49:43.670,0.0018,0.0019,5.0,0.0018,80.0,42093.0,529.0
2021-01-05 09:49:44.760,0.0018,0.0019,5.0,0.0018,80.0,42093.0,529.0
2021-01-05 09:49:48.761,0.0018,0.0019,5.0,0.0018,80.0,42093.0,529.0
2021-01-05 09:49:50.221,0.0018,0.0019,5.0,0.0018,80.0,42093.0,529.0
2021-01-05 09:49:51.760,0.0018,0.0019,5.0,0.0018,80.0,42093.0,529.0
2021-01-05 09:50:00.230,0.0018,0.0019,5.0,0.0018,75.0,42088.0,534.0
2021-01-05 09:50:00.720,0.0018,0.0019,5.0,0.0018,75.0,42088.0,534.0
2021-01-05 09:50:01.621,0.0018,0.0019,5.0,0.0018,60.0,42088.0,534.0
2021-01-05 09:50:02.241,0.0018,0.0019,5.0,0.0018,60.0,42088.0,534.0
2021-01-05 09:50:03.210,0.0018,0.0019,5.0,0.0018,60.0,42088.0,534.0
2021-01-05 09:50:03.730,0.0018,0.0019,5.0,0.0018,95.0,42088.0,534.0
2021-01-05 09:50:04.241,0.0018,0.0019,5.0,0.0018,75.0,42088.0,534.0
2021-01-05 09:50:05.690,0.0018,0.0019,5.0,0.0018,75.0,42088.0,534.0
2021-01-05 09:50:07.211,0.0018,0.0019,5.0,0.0018,75.0,42088.0,534.0
2021-01-05 09:50:08.251,0.0018,0.0019,5.0,0.0018,75.0,42088.0,534.0
2021-01-05 09:50:09.090,0.0018,0.0019,5.0,0.0018,75.0,42088.0,534.0
2021-01-05 09:50:11.240,0.0018,0.0019,5.0,0.0018,75.0,42088.0,534.0
2021-01-05 09:50:13.230,0.0018,0.0019,5.0,0.0018,75.0,42088.0,534.0
2021-01-05 09:50:14.241,0.0018,0.0019,5.0,0.0018,95.0,42088.0,534.0
2021-01-05 09:50:14.700,0.0018,0.0019,5.0,0.0018,95.0,42088.0,534.0
2021-01-05 09:50:15.211,0.0018,0.0019,5.0,0.0018,105.0,42088.0,534.0
2021-01-05 09:50:16.761,0.0018,0.0019,5.0,0.0018,85.0,42088.0,534.0
2021-01-05 09:50:17.230,0.0018,0.0019,5.0,0.0018,105.0,42088.0,534.0
2021-01-05 09:50:17.691,0.0018,0.0019,5.0,0.0018,110.0,42088.0,534.0
2021-01-05 09:50:18.271,0.0018,0.0019,5.0,0.0018,90.0,42088.0,534.0
2021-01-05 09:50:18.740,0.0018,0.0019,5.0,0.0018,90.0,42088.0,534.0
2021-01-05 09:50:20.231,0.0018,0.0019,5.0,0.0018,90.0,42083.0,539.0
2021-01-05 09:50:22.580,0.0018,0.0019,5.0,0.0018,90.0,42083.0,539.0
2021-01-05 09:50:23.220,0.0018,0.0019,5.0,0.0018,90.0,42083.0,539.0
2021-01-05 09:50:24.240,0.0018,0.0019,5.0,0.0018,90.0,42083.0,539.0
2021-01-05 09:50:25.740,0.0018,0.0019,5.0,0.0018,90.0,42083.0,539.0
2021-01-05 09:50:28.731,0.0018,0.0019,5.0,0.0018,110.0,42083.0,539.0
2021-01-05 09:50:29.160,0.0018,0.0019,5.0,0.0018,110.0,42083.0,539.0
2021-01-05 09:50:29.690,0.0018,0.0019,5.0,0.0018,110.0,42083.0,539.0
2021-01-05 09:50:30.170,0.0018,0.0019,5.0,0.0018,110.0,42083.0,539.0
2021-01-05 09:50:35.240,0.0018,0.0019,5.0,0.0018,110.0,42083.0,539.0
2021-01-05 09:50:40.181,0.0018,0.0019,5.0,0.0018,105.0,42078.0,544.0
2021-01-05 09:50:40.181,0.0018,0.0019,5.0,0.0018,110.0,42078.0,544.0
2021-01-05 09:50:42.260,0.0018,0.0019,5.0,0.0018,90.0,42078.0,544.0
2021-01-05 09:50:42.730,0.0018,0.0019,5.0,0.0018,90.0,42078.0,544.0
2021-01-05 09:50:43.111,0.0019,0.002,50.0,0.0019,5.0,42073.0,549.0
2021-01-05 09:50:43.760,0.0019,0.002,50.0,0.0019,5.0,42073.0,549.0
2021-01-05 09:50:44.250,0.0019,0.002,50.0,0.0019,5.0,42073.0,549.0
2021-01-05 09:50:44.751,0.0019,0.002,50.0,0.0019,5.0,42073.0,549.0
2021-01-05 09:50:45.191,0.0019,0.002,50.0,0.0019,5.0,42073.0,549.0
2021-01-05 09:50:49.091,0.0019,0.002,50.0,0.0019,5.0,42073.0,549.0
2021-01-05 09:50:50.271,0.0019,0.0019,5.0,0.0018,90.0,42068.0,554.0
2021-01-05 09:50:50.730,0.0019,0.0019,5.0,0.0018,90.0,42068.0,554.0
2021-01-05 09:50:52.710,0.0019,0.0019,5.0,0.0018,110.0,42068.0,554.0
2021-01-05 09:51:00.260,0.0018,0.0019,5.0,0.0018,105.0,42063.0,559.0
2021-01-05 09:51:00.710,0.0018,0.0019,5.0,0.0018,110.0,42063.0,559.0
2021-01-05 09:51:03.570,0.0018,0.0019,5.0,0.0018,90.0,42063.0,559.0
2021-01-05 09:51:04.731,0.0018,0.0019,5.0,0.0018,110.0,42063.0,559.0
2021-01-05 09:51:06.740,0.0018,0.0019,14.0,0.0018,110.0,42033.0,589.0
2021-01-05 09:51:08.250,0.0018,0.0019,14.0,0.0018,110.0,42033.0,589.0
2021-01-05 09:51:10.260,0.0018,0.0019,14.0,0.0018,90.0,42028.0,594.0
2021-01-05 09:51:11.270,0.0019,0.0019,13.0,0.0018,90.0,42027.0,595.0
2021-01-05 09:51:11.781,0.0018,0.0019,9.0,0.0018,90.0,42023.0,599.0
2021-01-05 09:51:14.791,0.0018,0.0019,9.0,0.0018,75.0,42023.0,599.0
2021-01-05 09:51:15.771,0.0018,0.0019,9.0,0.0018,90.0,42023.0,599.0
2021-01-05 09:51:16.280,0.0019,0.002,50.0,0.0019,11.0,42014.0,608.0
2021-01-05 09:51:16.730,0.0019,0.002,50.0,0.0019,11.0,42014.0,608.0
2021-01-05 09:51:17.811,0.0019,0.002,50.0,0.0019,11.0,42014.0,608.0
2021-01-05 09:51:18.311,0.0019,0.002,50.0,0.0019,11.0,42014.0,608.0
2021-01-05 09:51:19.300,0.0019,0.002,50.0,0.0019,11.0,42014.0,608.0
2021-01-05 09:51:19.800,0.0019,0.002,50.0,0.0019,11.0,42014.0,608.0
2021-01-05 09:51:20.261,0.0019,0.002,50.0,0.0019,6.0,42009.0,613.0
2021-01-05 09:51:20.810,0.0019,0.002,50.0,0.0019,6.0,42009.0,613.0
2021-01-05 09:51:21.311,0.0019,0.002,50.0,0.0019,6.0,42009.0,613.0
2021-01-05 09:51:21.780,0.0019,0.002,50.0,0.0019,6.0,42009.0,613.0
2021-01-05 09:51:22.301,0.0019,0.002,50.0,0.0019,6.0,42009.0,613.0
2021-01-05 09:51:22.451,0.0019,0.002,50.0,0.0019,6.0,42009.0,613.0
2021-01-05 09:51:23.250,0.0019,0.002,50.0,0.0019,6.0,42009.0,613.0
2021-01-05 09:51:23.751,0.0019,0.002,50.0,0.0019,6.0,42009.0,613.0
2021-01-05 09:51:24.251,0.0019,0.002,50.0,0.0019,6.0,42009.0,613.0
2021-01-05 09:51:24.760,0.0019,0.002,50.0,0.0019,6.0,42009.0,613.0
2021-01-05 09:51:25.221,0.0019,0.002,50.0,0.0019,6.0,42009.0,613.0
2021-01-05 09:51:25.530,0.0019,0.002,50.0,0.0019,6.0,42009.0,613.0
2021-01-05 09:51:27.770,0.0019,0.002,50.0,0.0019,6.0,42009.0,613.0
2021-01-05 09:51:28.250,0.0019,0.002,50.0,0.0019,6.0,42009.0,613.0
2021-01-05 09:51:29.770,0.0019,0.002,50.0,0.0019,6.0,42009.0,613.0
2021-01-05 09:51:30.260,0.0019,0.002,50.0,0.0019,6.0,42009.0,613.0
2021-01-05 09:51:30.731,0.0019,0.002,50.0,0.0019,6.0,42009.0,613.0
2021-01-05 09:51:31.560,0.0019,0.002,50.0,0.0019,6.0,42009.0,613.0
2021-01-05 09:51:32.250,0.0019,0.002,70.0,0.0019,6.0,42009.0,613.0
2021-01-05 09:51:32.780,0.0019,0.002,50.0,0.0019,6.0,42009.0,613.0
2021-01-05 09:51:37.270,0.0019,0.002,50.0,0.0019,6.0,42009.0,613.0
2021-01-05 09:51:37.791,0.0019,0.002,50.0,0.0019,6.0,42009.0,613.0
2021-01-05 09:51:38.770,0.0019,0.002,50.0,0.0019,6.0,42009.0,613.0
2021-01-05 09:51:41.690,0.0019,0.002,50.0,0.0019,6.0,42009.0,613.0
2021-01-05 09:51:42.271,0.0019,0.002,50.0,0.0019,6.0,42009.0,613.0
2021-01-05 09:51:42.791,0.0019,0.002,50.0,0.0019,6.0,42009.0,613.0
2021-01-05 09:51:43.761,0.0019,0.002,70.0,0.0019,6.0,42009.0,613.0
2021-01-05 09:51:44.280,0.0019,0.002,50.0,0.0019,6.0,42009.0,613.0
2021-01-05 09:51:45.260,0.0019,0.002,50.0,0.0019,6.0,42009.0,613.0
2021-01-05 09:51:45.811,0.0019,0.002,50.0,0.0019,6.0,42009.0,613.0
2021-01-05 09:51:46.311,0.0019,0.002,50.0,0.0019,6.0,42009.0,613.0
2021-01-05 09:51:47.331,0.0019,0.002,50.0,0.0019,6.0,42009.0,613.0
2021-01-05 09:51:47.811,0.0019,0.002,50.0,0.0019,6.0,42009.0,613.0
2021-01-05 09:51:48.251,0.0019,0.002,50.0,0.0019,6.0,42009.0,613.0
2021-01-05 09:51:48.771,0.0019,0.002,50.0,0.0019,6.0,42009.0,613.0
2021-01-05 09:51:49.281,0.0019,0.002,50.0,0.0019,6.0,42009.0,613.0
2021-01-05 09:51:49.820,0.0019,0.002,50.0,0.0019,6.0,42009.0,613.0
2021-01-05 09:51:50.331,0.0019,0.002,52.0,0.0019,6.0,42009.0,613.0
2021-01-05 09:51:51.301,0.0019,0.002,52.0,0.0019,6.0,42009.0,613.0
2021-01-05 09:51:51.830,0.0019,0.002,52.0,0.0019,6.0,42009.0,613.0
2021-01-05 09:51:52.301,0.0019,0.002,52.0,0.0019,6.0,42009.0,613.0
2021-01-05 09:51:53.221,0.0019,0.002,52.0,0.0019,6.0,42009.0,613.0
2021-01-05 09:51:54.231,0.0019,0.002,52.0,0.0019,6.0,42009.0,613.0
2021-01-05 09:51:54.711,0.0019,0.002,52.0,0.0019,6.0,42009.0,613.0
2021-01-05 09:51:55.751,0.0019,0.002,52.0,0.0019,6.0,42009.0,613.0
2021-01-05 09:51:56.210,0.0019,0.002,52.0,0.0019,6.0,42009.0,613.0
2021-01-05 09:51:56.740,0.0019,0.002,52.0,0.0019,6.0,42009.0,613.0
2021-01-05 09:51:57.230,0.0019,0.002,55.0,0.0019,6.0,42009.0,613.0
2021-01-05 09:51:58.240,0.0019,0.002,55.0,0.0019,6.0,42009.0,613.0
2021-01-05 09:51:59.750,0.0019,0.002,55.0,0.0019,6.0,42009.0,613.0
2021-01-05 09:52:00.250,0.0019,0.002,55.0,0.0019,1.0,42004.0,618.0
2021-01-05 09:52:00.751,0.0019,0.002,55.0,0.0019,1.0,42004.0,618.0
2021-01-05 09:52:00.811,0.0019,0.002,55.0,0.0019,1.0,42004.0,618.0
2021-01-05 09:52:04.240,0.0019,0.002,56.0,0.0019,1.0,42004.0,618.0
2021-01-05 09:52:07.250,0.0019,0.002,56.0,0.0019,1.0,42004.0,618.0
2021-01-05 09:52:08.720,0.0019,0.002,56.0,0.0019,1.0,42004.0,618.0
2021-01-05 09:52:10.251,0.0019,0.0019,9.0,0.0018,95.0,42003.0,619.0
2021-01-05 09:52:10.591,0.0019,0.0019,9.0,0.0018,95.0,42003.0,619.0
2021-01-05 09:52:11.260,0.0019,0.0019,9.0,0.0018,95.0,42003.0,619.0
2021-01-05 09:52:11.761,0.0019,0.0019,9.0,0.0018,95.0,42003.0,619.0
2021-01-05 09:52:12.230,0.0019,0.0019,9.0,0.0018,110.0,42003.0,619.0
2021-01-05 09:52:12.670,0.0018,0.0019,9.0,0.0018,109.0,42002.0,620.0
2021-01-05 09:52:14.180,0.0018,0.0019,9.0,0.0018,109.0,42002.0,620.0
2021-01-05 09:52:15.240,0.0018,0.0019,9.0,0.0018,107.0,42000.0,622.0
2021-01-05 09:52:19.230,0.0018,0.0019,9.0,0.0018,106.0,41999.0,623.0
2021-01-05 09:52:20.270,0.0018,0.0019,9.0,0.0018,81.0,41994.0,628.0
2021-01-05 09:52:22.750,0.0018,0.0019,9.0,0.0018,75.0,41988.0,634.0
2021-01-05 09:52:24.701,0.0018,0.0019,9.0,0.0018,75.0,41988.0,634.0
2021-01-05 09:52:37.300,0.0018,0.0019,9.0,0.0018,85.0,41988.0,634.0
2021-01-05 09:52:40.291,0.0018,0.0019,9.0,0.0018,80.0,41983.0,639.0
2021-01-05 09:52:43.290,0.0018,0.0019,9.0,0.0018,80.0,41983.0,639.0
2021-01-05 09:52:43.791,0.0018,0.0019,9.0,0.0018,80.0,41983.0,639.0
2021-01-05 09:52:50.321,0.0018,0.0019,9.0,0.0018,75.0,41978.0,644.0
2021-01-05 09:52:53.231,0.0018,0.0019,9.0,0.0018,75.0,41978.0,644.0
2021-01-05 09:52:57.260,0.0018,0.0019,9.0,0.0018,65.0,41978.0,644.0
2021-01-05 09:53:00.111,0.0018,0.0019,9.0,0.0018,60.0,41973.0,649.0
2021-01-05 09:53:00.760,0.0018,0.0019,9.0,0.0018,60.0,41973.0,649.0
2021-01-05 09:53:02.760,0.0018,0.0019,9.0,0.0018,60.0,41973.0,649.0
2021-01-05 09:53:02.991,0.0018,0.0019,9.0,0.0018,60.0,41973.0,649.0
2021-01-05 09:53:08.281,0.0018,0.0019,9.0,0.0018,60.0,41973.0,649.0
2021-01-05 09:53:09.301,0.0018,0.0019,9.0,0.0018,60.0,41973.0,649.0
2021-01-05 09:53:10.300,0.0018,0.0019,9.0,0.0018,60.0,41973.0,649.0
2021-01-05 09:53:10.781,0.0018,0.0019,9.0,0.0018,60.0,41973.0,649.0
2021-01-05 09:53:12.300,0.0018,0.0019,9.0,0.0018,60.0,41973.0,649.0
2021-01-05 09:53:12.781,0.0018,0.0019,9.0,0.0018,60.0,41973.0,649.0
2021-01-05 09:53:14.321,0.0018,0.0019,9.0,0.0018,60.0,41973.0,649.0
2021-01-05 09:53:14.821,0.0018,0.0019,9.0,0.0018,60.0,41973.0,649.0
2021-01-05 09:53:15.320,0.0018,0.0019,9.0,0.0018,60.0,41973.0,649.0
2021-01-05 09:53:15.820,0.0018,0.0019,9.0,0.0018,60.0,41973.0,649.0
2021-01-05 09:53:16.321,0.0018,0.0019,9.0,0.0018,60.0,41973.0,649.0
2021-01-05 09:53:16.821,0.0018,0.0019,9.0,0.0018,60.0,41973.0,649.0
2021-01-05 09:53:18.300,0.0018,0.0019,9.0,0.0018,60.0,41973.0,649.0
2021-01-05 09:53:18.811,0.0018,0.0019,9.0,0.0018,60.0,41973.0,649.0
2021-01-05 09:53:20.311,0.0018,0.0019,9.0,0.0018,55.0,41968.0,654.0
2021-01-05 09:53:23.170,0.0018,0.0019,9.0,0.0018,55.0,41968.0,654.0
2021-01-05 09:53:24.140,0.0018,0.0019,9.0,0.0018,55.0,41968.0,654.0
2021-01-05 09:53:25.191,0.0018,0.0019,9.0,0.0018,55.0,41968.0,654.0
2021-01-05 09:53:27.191,0.0018,0.0019,9.0,0.0018,55.0,41968.0,654.0
2021-01-05 09:53:27.730,0.0018,0.0019,9.0,0.0018,55.0,41968.0,654.0
2021-01-05 09:53:28.230,0.0018,0.0019,9.0,0.0018,55.0,41968.0,654.0
2021-01-05 09:53:32.660,0.0018,0.0019,9.0,0.0018,55.0,41968.0,654.0
2021-01-05 09:53:33.240,0.0018,0.0019,9.0,0.0018,55.0,41968.0,654.0
2021-01-05 09:53:39.261,0.0018,0.0019,9.0,0.0018,75.0,41968.0,654.0
2021-01-05 09:53:40.271,0.0018,0.0019,9.0,0.0018,70.0,41963.0,659.0
2021-01-05 09:53:41.280,0.0019,0.002,50.0,0.0019,1.0,41954.0,668.0
2021-01-05 09:53:41.701,0.0019,0.002,50.0,0.0019,1.0,41954.0,668.0
2021-01-05 09:53:42.751,0.0019,0.002,50.0,0.0019,1.0,41954.0,668.0
2021-01-05 09:53:46.791,0.0019,0.002,50.0,0.0019,1.0,41954.0,668.0
2021-01-05 09:53:55.110,0.0019,0.002,50.0,0.0018,80.0,41954.0,669.0
2021-01-05 09:53:55.730,0.0019,0.002,50.0,0.0018,70.0,41954.0,669.0
2021-01-05 09:53:56.220,0.0019,0.002,50.0,0.0018,70.0,41954.0,669.0
2021-01-05 09:53:57.770,0.0019,0.002,50.0,0.0018,70.0,41954.0,669.0
2021-01-05 09:53:58.771,0.0019,0.002,50.0,0.0018,70.0,41954.0,669.0
2021-01-05 09:54:00.690,0.0019,0.002,50.0,0.0018,70.0,41954.0,669.0
2021-01-05 09:54:04.671,0.0019,0.002,50.0,0.0018,70.0,41954.0,669.0
2021-01-05 09:54:05.270,0.0019,0.002,50.0,0.0018,70.0,41954.0,669.0
2021-01-05 09:54:06.761,0.0019,0.002,50.0,0.0018,70.0,41954.0,669.0
2021-01-05 09:54:07.241,0.0019,0.002,50.0,0.0018,70.0,41954.0,669.0
2021-01-05 09:54:07.750,0.0019,0.002,50.0,0.0018,70.0,41954.0,669.0
2021-01-05 09:54:08.231,0.0019,0.002,50.0,0.0018,70.0,41954.0,669.0
2021-01-05 09:54:10.240,0.0019,0.0019,10.0,0.0018,70.0,41954.0,669.0
2021-01-05 09:54:10.680,0.0019,0.0019,10.0,0.0018,70.0,41954.0,669.0
2021-01-05 09:54:11.231,0.0019,0.0019,10.0,0.0018,70.0,41954.0,669.0
2021-01-05 09:54:13.761,0.0019,0.0019,10.0,0.0018,70.0,41954.0,669.0
2021-01-05 09:54:17.191,0.0019,0.0019,10.0,0.0018,70.0,41954.0,669.0
2021-01-05 09:54:18.190,0.0019,0.0019,10.0,0.0018,70.0,41954.0,669.0
2021-01-05 09:54:21.761,0.0019,0.0019,10.0,0.0018,70.0,41954.0,669.0
2021-01-05 09:54:22.681,0.0019,0.0019,10.0,0.0018,70.0,41954.0,669.0
2021-01-05 09:54:27.661,0.0019,0.002,50.0,0.0019,19.0,41944.0,679.0
2021-01-05 09:54:28.231,0.0019,0.002,50.0,0.0019,19.0,41944.0,679.0
2021-01-05 09:54:29.691,0.0019,0.002,50.0,0.0019,19.0,41944.0,679.0
2021-01-05 09:54:30.121,0.0019,0.002,50.0,0.0019,14.0,41939.0,684.0
2021-01-05 09:54:30.680,0.0019,0.002,50.0,0.0019,14.0,41939.0,684.0
2021-01-05 09:54:31.170,0.0019,0.002,50.0,0.0019,14.0,41939.0,684.0
2021-01-05 09:54:31.591,0.0019,0.002,50.0,0.0019,14.0,41939.0,684.0
2021-01-05 09:54:32.240,0.0019,0.002,50.0,0.0019,14.0,41939.0,684.0
2021-01-05 09:54:33.481,0.0019,0.002,50.0,0.0019,34.0,41939.0,684.0
2021-01-05 09:54:40.121,0.0019,0.002,50.0,0.0019,29.0,41934.0,689.0
2021-01-05 09:54:41.771,0.0019,0.002,50.0,0.0019,29.0,41934.0,689.0
2021-01-05 09:54:42.240,0.0019,0.002,50.0,0.0019,29.0,41934.0,689.0
2021-01-05 09:55:01.191,0.0019,0.002,50.0,0.0019,29.0,41934.0,689.0
2021-01-05 09:55:02.761,0.0019,0.002,50.0,0.0019,49.0,41934.0,689.0
2021-01-05 09:55:03.281,0.0019,0.002,20.0,0.0019,49.0,41934.0,689.0
2021-01-05 09:55:04.720,0.0019,0.002,20.0,0.0019,29.0,41934.0,689.0
2021-01-05 09:55:07.281,0.0019,0.002,20.0,0.0019,59.0,41934.0,689.0
2021-01-05 09:55:07.650,0.0019,0.002,20.0,0.0019,59.0,41934.0,689.0
2021-01-05 09:55:09.281,0.0019,0.002,20.0,0.0019,59.0,41934.0,689.0
2021-01-05 09:55:10.760,0.0019,0.002,22.0,0.0019,59.0,41934.0,689.0
2021-01-05 09:55:13.761,0.0019,0.002,22.0,0.0019,79.0,41934.0,689.0
2021-01-05 09:55:16.281,0.0019,0.002,22.0,0.0019,59.0,41934.0,689.0
2021-01-05 09:55:17.761,0.0019,0.002,25.0,0.0019,59.0,41934.0,689.0
2021-01-05 09:55:20.241,0.0019,0.002,25.0,0.0019,54.0,41929.0,694.0
2021-01-05 09:55:21.770,0.0019,0.002,25.0,0.0019,54.0,41929.0,694.0
2021-01-05 09:55:22.281,0.0019,0.002,25.0,0.0019,54.0,41929.0,694.0
2021-01-05 09:55:22.750,0.0019,0.002,25.0,0.0019,54.0,41929.0,694.0
2021-01-05 09:55:23.261,0.0019,0.002,25.0,0.0019,54.0,41929.0,694.0
2021-01-05 09:55:24.240,0.0019,0.002,25.0,0.0019,54.0,41929.0,694.0
2021-01-05 09:55:24.721,0.0019,0.002,26.0,0.0019,54.0,41929.0,694.0
2021-01-05 09:55:25.231,0.0019,0.002,26.0,0.0019,54.0,41929.0,694.0
2021-01-05 09:55:25.731,0.0019,0.002,26.0,0.0019,54.0,41929.0,694.0
2021-01-05 09:55:26.221,0.0019,0.002,26.0,0.0019,54.0,41929.0,694.0
2021-01-05 09:55:26.751,0.0019,0.002,26.0,0.0019,54.0,41929.0,694.0
2021-01-05 09:55:29.260,0.0019,0.002,26.0,0.0019,54.0,41929.0,694.0
2021-01-05 09:55:30.271,0.0019,0.002,26.0,0.0019,44.0,41919.0,704.0
2021-01-05 09:55:32.201,0.0019,0.002,26.0,0.0019,44.0,41919.0,704.0
2021-01-05 09:55:32.751,0.0019,0.002,20.0,0.0019,43.0,41918.0,705.0
2021-01-05 09:55:33.260,0.0019,0.002,20.0,0.0019,43.0,41918.0,705.0
2021-01-05 09:55:33.730,0.0019,0.002,20.0,0.0019,43.0,41918.0,705.0
2021-01-05 09:55:34.781,0.0019,0.002,20.0,0.0019,43.0,41918.0,705.0
2021-01-05 09:55:35.281,0.0019,0.002,20.0,0.0019,43.0,41918.0,705.0
2021-01-05 09:55:35.711,0.0019,0.002,20.0,0.0019,30.0,41916.0,707.0
2021-01-05 09:55:36.791,0.0019,0.002,20.0,0.0019,30.0,41916.0,707.0
2021-01-05 09:55:37.281,0.0019,0.002,20.0,0.0019,30.0,41916.0,707.0
2021-01-05 09:55:37.761,0.0019,0.002,20.0,0.0019,30.0,41916.0,707.0
2021-01-05 09:55:39.231,0.0019,0.002,20.0,0.0019,29.0,41915.0,708.0
2021-01-05 09:55:39.770,0.0019,0.002,20.0,0.0019,29.0,41915.0,708.0
2021-01-05 09:55:40.231,0.0019,0.002,20.0,0.0019,24.0,41910.0,713.0
2021-01-05 09:55:42.310,0.0019,0.002,20.0,0.0019,24.0,41910.0,713.0
2021-01-05 09:55:42.800,0.0019,0.002,20.0,0.0019,18.0,41904.0,719.0
2021-01-05 09:55:50.321,0.0019,0.002,50.0,0.0018,70.0,41904.0,719.0
2021-01-05 09:55:50.801,0.0019,0.002,50.0,0.0018,60.0,41904.0,719.0
2021-01-05 09:55:51.320,0.0019,0.002,50.0,0.0018,45.0,41904.0,719.0
2021-01-05 09:55:52.651,0.0019,0.002,65.0,0.0018,45.0,41904.0,719.0
2021-01-05 09:55:53.241,0.0019,0.002,50.0,0.0018,60.0,41904.0,719.0
2021-01-05 09:55:58.760,0.0019,0.002,50.0,0.0018,45.0,41904.0,719.0
2021-01-05 09:56:00.270,0.0019,0.0019,5.0,0.0018,30.0,41904.0,719.0
2021-01-05 09:56:00.770,0.0019,0.0019,5.0,0.0018,30.0,41904.0,719.0
2021-01-05 09:56:01.271,0.0019,0.0019,5.0,0.0018,45.0,41904.0,719.0
2021-01-05 09:56:02.291,0.0019,0.0019,5.0,0.0018,45.0,41904.0,719.0
2021-01-05 09:56:03.271,0.0019,0.0019,5.0,0.0018,30.0,41904.0,719.0
2021-01-05 09:56:03.761,0.0019,0.0019,5.0,0.0018,45.0,41904.0,719.0
2021-01-05 09:56:06.310,0.0019,0.0019,5.0,0.0018,45.0,41904.0,719.0
2021-01-05 09:56:06.800,0.0019,0.0019,5.0,0.0018,60.0,41904.0,719.0
2021-01-05 09:56:10.321,0.0018,0.0019,5.0,0.0018,55.0,41899.0,724.0
2021-01-05 09:56:11.320,0.0018,0.0019,5.0,0.0018,55.0,41899.0,724.0
2021-01-05 09:56:13.351,0.0018,0.0019,5.0,0.0018,55.0,41899.0,724.0
2021-01-05 09:56:14.350,0.0018,0.0019,5.0,0.0018,40.0,41899.0,724.0
2021-01-05 09:56:14.851,0.0018,0.0019,5.0,0.0018,55.0,41899.0,724.0
2021-01-05 09:56:20.361,0.0018,0.0019,5.0,0.0018,50.0,41894.0,729.0
2021-01-05 09:56:33.150,0.0018,0.0019,5.0,0.0018,40.0,41884.0,739.0
2021-01-05 09:56:38.290,0.0018,0.0019,5.0,0.0018,40.0,41884.0,739.0
2021-01-05 09:56:40.321,0.0018,0.0019,5.0,0.0018,35.0,41879.0,744.0
2021-01-05 09:56:40.790,0.0018,0.0019,5.0,0.0018,35.0,41879.0,744.0
2021-01-05 09:56:41.310,0.0018,0.0019,5.0,0.0018,35.0,41879.0,744.0
2021-01-05 09:56:42.300,0.0018,0.0019,5.0,0.0018,35.0,41879.0,744.0
2021-01-05 09:56:42.820,0.0018,0.0019,5.0,0.0018,35.0,41879.0,744.0
2021-01-05 09:56:43.750,0.0018,0.0019,5.0,0.0018,35.0,41879.0,744.0
2021-01-05 09:56:44.820,0.0018,0.0019,5.0,0.0018,35.0,41879.0,744.0
2021-01-05 09:56:45.810,0.0018,0.0019,5.0,0.0018,35.0,41879.0,744.0
2021-01-05 09:56:49.300,0.0018,0.0019,5.0,0.0018,35.0,41879.0,744.0
2021-01-05 09:56:51.840,0.0018,0.0019,5.0,0.0018,25.0,41869.0,754.0
2021-01-05 09:56:52.280,0.0018,0.0019,5.0,0.0018,60.0,41869.0,754.0
2021-01-05 09:56:57.780,0.0018,0.0019,5.0,0.0018,60.0,41869.0,754.0
2021-01-05 09:56:58.291,0.0018,0.0019,5.0,0.0018,60.0,41869.0,754.0
2021-01-05 09:56:58.790,0.0018,0.0019,5.0,0.0018,60.0,41869.0,754.0
2021-01-05 09:56:59.290,0.0018,0.0019,5.0,0.0018,80.0,41869.0,754.0
2021-01-05 09:57:00.281,0.0018,0.0019,5.0,0.0018,80.0,41864.0,759.0
2021-01-05 09:57:04.821,0.0018,0.0019,5.0,0.0018,60.0,41864.0,759.0
2021-01-05 09:57:05.341,0.0018,0.0019,5.0,0.0018,80.0,41864.0,759.0
2021-01-05 09:57:09.301,0.0018,0.0019,5.0,0.0018,80.0,41864.0,759.0
2021-01-05 09:57:18.800,0.0018,0.0019,5.0,0.0018,80.0,41864.0,759.0
2021-01-05 09:57:20.331,0.0018,0.0019,5.0,0.0018,80.0,41859.0,764.0
2021-01-05 09:57:30.271,0.0018,0.0019,5.0,0.0018,80.0,41849.0,774.0
2021-01-05 09:57:31.610,0.0018,0.0019,5.0,0.0018,80.0,41849.0,774.0
2021-01-05 09:57:40.320,0.0018,0.0019,5.0,0.0018,80.0,41844.0,779.0
2021-01-05 09:57:43.300,0.0018,0.0019,5.0,0.0018,80.0,41844.0,779.0
2021-01-05 09:57:47.280,0.0018,0.0019,5.0,0.0018,80.0,41844.0,779.0
2021-01-05 09:57:49.860,0.0018,0.0019,5.0,0.0018,81.0,41844.0,779.0
2021-01-05 09:57:50.350,0.0018,0.0019,5.0,0.0018,81.0,41839.0,784.0
2021-01-05 09:58:00.271,0.0018,0.0019,5.0,0.0018,76.0,41834.0,789.0
2021-01-05 09:58:09.271,0.0018,0.0019,5.0,0.0018,56.0,41834.0,789.0
2021-01-05 09:58:18.350,0.0018,0.0019,5.0,0.0018,56.0,41834.0,789.0
2021-01-05 09:58:18.850,0.0018,0.0019,5.0,0.0018,56.0,41834.0,789.0
2021-01-05 09:58:19.960,0.0018,0.0019,5.0,0.0018,56.0,41834.0,789.0
2021-01-05 09:58:25.091,0.0018,0.0019,7.0,0.0018,56.0,41834.0,789.0
2021-01-05 09:58:25.710,0.0018,0.0019,7.0,0.0018,56.0,41834.0,789.0
2021-01-05 09:58:25.990,0.0018,0.0019,7.0,0.0018,56.0,41834.0,789.0
2021-01-05 09:58:26.780,0.0018,0.0019,7.0,0.0018,56.0,41834.0,789.0
2021-01-05 09:58:27.281,0.0018,0.0019,7.0,0.0018,56.0,41834.0,789.0
2021-01-05 09:58:27.781,0.0018,0.0019,7.0,0.0018,56.0,41834.0,789.0
2021-01-05 09:58:32.301,0.0018,0.0019,10.0,0.0018,56.0,41834.0,789.0
2021-01-05 09:58:32.691,0.0018,0.0019,10.0,0.0018,56.0,41834.0,789.0
2021-01-05 09:58:39.330,0.0018,0.0019,11.0,0.0018,56.0,41834.0,789.0
2021-01-05 09:58:40.341,0.0018,0.0019,11.0,0.0018,51.0,41829.0,794.0
2021-01-05 09:58:47.291,0.0018,0.0019,5.0,0.0018,50.0,41828.0,795.0
2021-01-05 09:58:50.300,0.0018,0.0019,5.0,0.0018,38.0,41816.0,807.0
2021-01-05 09:58:54.280,0.0018,0.0019,5.0,0.0018,31.0,41809.0,814.0
2021-01-05 09:58:54.691,0.0018,0.0019,5.0,0.0018,61.0,41809.0,814.0
2021-01-05 09:58:56.221,0.0018,0.0019,5.0,0.0018,61.0,41809.0,814.0
2021-01-05 09:58:56.770,0.0018,0.0019,5.0,0.0018,61.0,41809.0,814.0
2021-01-05 09:58:59.260,0.0018,0.0019,5.0,0.0018,61.0,41809.0,814.0
2021-01-05 09:59:00.241,0.0018,0.0019,5.0,0.0018,61.0,41804.0,819.0
2021-01-05 09:59:01.240,0.0018,0.0019,5.0,0.0018,61.0,41804.0,819.0
2021-01-05 09:59:02.191,0.0018,0.0019,5.0,0.0018,61.0,41804.0,819.0
2021-01-05 09:59:03.280,0.0018,0.0019,5.0,0.0018,61.0,41804.0,819.0
2021-01-05 09:59:03.741,0.0018,0.0019,5.0,0.0018,61.0,41804.0,819.0
2021-01-05 09:59:08.281,0.0018,0.0019,5.0,0.0018,61.0,41804.0,819.0
2021-01-05 09:59:10.750,0.0018,0.0019,5.0,0.0018,61.0,41804.0,819.0
2021-01-05 09:59:11.180,0.0018,0.0019,5.0,0.0018,61.0,41804.0,819.0
2021-01-05 09:59:12.250,0.0018,0.0019,5.0,0.0018,61.0,41804.0,819.0
2021-01-05 09:59:26.760,0.0018,0.0019,5.0,0.0018,61.0,41804.0,819.0
2021-01-05 09:59:27.150,0.0018,0.0019,5.0,0.0018,61.0,41804.0,819.0
2021-01-05 09:59:28.241,0.0018,0.0019,5.0,0.0018,61.0,41804.0,819.0
2021-01-05 09:59:30.210,0.0018,0.0019,5.0,0.0018,56.0,41799.0,824.0
2021-01-05 09:59:30.631,0.0018,0.0019,5.0,0.0018,61.0,41799.0,824.0
2021-01-05 09:59:32.070,0.0018,0.0019,5.0,0.0018,61.0,41799.0,824.0
2021-01-05 09:59:32.771,0.0018,0.0019,5.0,0.0018,61.0,41799.0,824.0
2021-01-05 09:59:33.221,0.0018,0.0019,5.0,0.0018,61.0,41799.0,824.0
2021-01-05 09:59:40.290,0.0018,0.0019,5.0,0.0018,61.0,41794.0,829.0
2021-01-05 09:59:40.770,0.0018,0.0019,5.0,0.0018,61.0,41794.0,829.0
2021-01-05 09:59:43.750,0.0018,0.0019,5.0,0.0018,61.0,41794.0,829.0
2021-01-05 09:59:52.260,0.0018,0.0019,5.0,0.0018,61.0,41794.0,829.0
2021-01-05 09:59:52.760,0.0018,0.0019,5.0,0.0018,61.0,41794.0,829.0
2021-01-05 09:59:53.281,0.0018,0.0019,5.0,0.0018,61.0,41794.0,829.0
2021-01-05 09:59:56.771,0.0018,0.0019,5.0,0.0018,61.0,41794.0,829.0
2021-01-05 09:59:58.281,0.0018,0.0019,5.0,0.0018,61.0,41794.0,829.0
2021-01-05 10:00:00.271,0.0018,0.0019,5.0,0.0018,61.0,41789.0,834.0
2021-01-05 10:00:01.320,0.0018,0.0019,5.0,0.0018,61.0,41789.0,834.0
2021-01-05 10:00:02.340,0.0018,0.0019,5.0,0.0018,61.0,41789.0,834.0
2021-01-05 10:00:05.850,0.0018,0.0019,5.0,0.0018,61.0,41789.0,834.0
2021-01-05 10:00:06.801,0.0018,0.0019,5.0,0.0018,61.0,41789.0,834.0
2021-01-05 10:00:09.360,0.0018,0.0019,5.0,0.0018,81.0,41789.0,834.0
2021-01-05 10:00:11.250,0.0018,0.0019,5.0,0.0018,66.0,41789.0,834.0
2021-01-05 10:00:12.351,0.0018,0.0019,5.0,0.0018,81.0,41789.0,834.0
2021-01-05 10:00:14.810,0.0018,0.0019,5.0,0.0018,81.0,41789.0,834.0
2021-01-05 10:00:18.360,0.0018,0.0019,5.0,0.0018,81.0,41789.0,834.0
2021-01-05 10:00:20.341,0.0018,0.0019,5.0,0.0018,81.0,41784.0,839.0
2021-01-05 10:00:23.770,0.0018,0.0019,5.0,0.0018,66.0,41784.0,839.0
2021-01-05 10:00:26.271,0.0018,0.0019,5.0,0.0018,66.0,41784.0,839.0
2021-01-05 10:00:26.780,0.0018,0.0019,5.0,0.0018,46.0,41784.0,839.0
2021-01-05 10:00:27.261,0.0018,0.0019,5.0,0.0018,61.0,41784.0,839.0
2021-01-05 10:00:27.770,0.0018,0.0019,5.0,0.0018,81.0,41784.0,839.0
2021-01-05 10:00:28.240,0.0018,0.0019,5.0,0.0018,61.0,41784.0,839.0
2021-01-05 10:00:28.780,0.0018,0.0019,5.0,0.0018,66.0,41784.0,839.0
2021-01-05 10:00:29.241,0.0018,0.0019,5.0,0.0018,66.0,41784.0,839.0
2021-01-05 10:00:29.791,0.0018,0.0019,5.0,0.0018,81.0,41784.0,839.0
2021-01-05 10:00:31.800,0.0018,0.0019,5.0,0.0018,66.0,41784.0,839.0
2021-01-05 10:00:32.280,0.0018,0.0019,5.0,0.0018,66.0,41784.0,839.0
2021-01-05 10:00:32.790,0.0018,0.0019,5.0,0.0018,81.0,41784.0,839.0
2021-01-05 10:00:32.801,0.0018,0.0019,5.0,0.0018,61.0,41784.0,839.0
2021-01-05 10:00:35.320,0.0018,0.0019,5.0,0.0018,46.0,41784.0,839.0
2021-01-05 10:00:35.800,0.0018,0.0019,5.0,0.0018,61.0,41784.0,839.0
2021-01-05 10:00:40.330,0.0018,0.0019,5.0,0.0018,56.0,41780.0,844.0
2021-01-05 10:00:41.840,0.0018,0.0019,5.0,0.0018,41.0,41780.0,844.0
2021-01-05 10:00:42.310,0.0018,0.0019,5.0,0.0018,41.0,41780.0,844.0
2021-01-05 10:00:44.831,0.0018,0.0019,5.0,0.0018,41.0,41780.0,844.0
2021-01-05 10:00:45.761,0.0018,0.0019,5.0,0.0018,61.0,41780.0,844.0
2021-01-05 10:00:46.341,0.0018,0.0019,5.0,0.0018,41.0,41780.0,844.0
2021-01-05 10:00:46.840,0.0018,0.0019,5.0,0.0018,56.0,41780.0,844.0
2021-01-05 10:00:47.271,0.0018,0.0019,5.0,0.0018,41.0,41780.0,844.0
2021-01-05 10:00:47.841,0.0018,0.0019,5.0,0.0018,41.0,41780.0,844.0
2021-01-05 10:00:48.320,0.0018,0.0019,5.0,0.0018,56.0,41780.0,844.0
2021-01-05 10:00:50.331,0.0018,0.0019,5.0,0.0018,46.0,41770.0,854.0
2021-01-05 10:00:50.850,0.0018,0.0019,5.0,0.0018,46.0,41770.0,854.0
2021-01-05 10:00:53.270,0.0018,0.0019,5.0,0.0018,46.0,41770.0,854.0
2021-01-05 10:01:00.330,0.0018,0.0019,5.0,0.0018,41.0,41765.0,859.0
2021-01-05 10:01:00.820,0.0018,0.0019,5.0,0.0018,26.0,41765.0,859.0
2021-01-05 10:01:01.831,0.0018,0.0019,5.0,0.0018,11.0,41765.0,859.0
2021-01-05 10:01:02.320,0.0018,0.0019,5.0,0.0018,26.0,41765.0,859.0
2021-01-05 10:01:03.350,0.0018,0.0019,5.0,0.0018,61.0,41765.0,859.0
2021-01-05 10:01:05.300,0.0018,0.0019,5.0,0.0018,46.0,41765.0,859.0
2021-01-05 10:01:05.711,0.0018,0.0019,5.0,0.0018,61.0,41765.0,859.0
2021-01-05 10:01:06.341,0.0018,0.0019,5.0,0.0018,26.0,41765.0,859.0
2021-01-05 10:01:06.850,0.0018,0.0019,5.0,0.0018,61.0,41765.0,859.0
2021-01-05 10:01:07.861,0.0018,0.0019,5.0,0.0018,46.0,41765.0,859.0
2021-01-05 10:01:09.321,0.0018,0.0019,5.0,0.0018,26.0,41765.0,859.0
2021-01-05 10:01:09.830,0.0018,0.0019,5.0,0.0018,26.0,41765.0,859.0
2021-01-05 10:01:10.310,0.0018,0.0019,5.0,0.0018,21.0,41760.0,864.0
2021-01-05 10:01:11.340,0.0018,0.0019,5.0,0.0018,36.0,41760.0,864.0
2021-01-05 10:01:11.841,0.0018,0.0019,5.0,0.0018,21.0,41760.0,864.0
2021-01-05 10:01:12.840,0.0018,0.0019,5.0,0.0018,21.0,41760.0,864.0
2021-01-05 10:01:13.830,0.0018,0.0019,5.0,0.0018,36.0,41760.0,864.0
2021-01-05 10:01:14.091,0.0018,0.0019,5.0,0.0018,21.0,41760.0,864.0
2021-01-05 10:01:15.751,0.0018,0.0019,5.0,0.0018,36.0,41760.0,864.0
2021-01-05 10:01:16.360,0.0018,0.0019,5.0,0.0018,21.0,41760.0,864.0
2021-01-05 10:01:16.750,0.0018,0.0019,5.0,0.0018,21.0,41760.0,864.0
2021-01-05 10:01:17.841,0.0018,0.0019,5.0,0.0018,36.0,41760.0,864.0
2021-01-05 10:01:18.350,0.0018,0.0019,5.0,0.0018,21.0,41760.0,864.0
2021-01-05 10:01:18.871,0.0018,0.0019,5.0,0.0018,36.0,41760.0,864.0
2021-01-05 10:01:19.751,0.0018,0.0019,5.0,0.0018,21.0,41760.0,864.0
2021-01-05 10:01:20.381,0.0018,0.0019,5.0,0.0018,31.0,41755.0,869.0
2021-01-05 10:01:21.881,0.0018,0.0019,5.0,0.0018,16.0,41755.0,869.0
2021-01-05 10:01:22.371,0.0018,0.0019,5.0,0.0018,16.0,41755.0,869.0
2021-01-05 10:01:22.780,0.0018,0.0019,5.0,0.0018,31.0,41755.0,869.0
2021-01-05 10:01:23.781,0.0018,0.0019,5.0,0.0018,16.0,41755.0,869.0
2021-01-05 10:01:24.751,0.0018,0.0019,5.0,0.0018,45.0,41754.0,870.0
2021-01-05 10:01:26.271,0.0018,0.0019,5.0,0.0018,60.0,41754.0,870.0
2021-01-05 10:01:38.260,0.0018,0.0019,5.0,0.0018,45.0,41754.0,870.0
2021-01-05 10:01:38.800,0.0018,0.0019,5.0,0.0018,60.0,41754.0,870.0
2021-01-05 10:01:39.290,0.0018,0.0019,5.0,0.0018,45.0,41754.0,870.0
2021-01-05 10:01:40.191,0.0018,0.0019,5.0,0.0018,60.0,41754.0,870.0
2021-01-05 10:01:41.270,0.0018,0.0019,5.0,0.0018,45.0,41754.0,870.0
2021-01-05 10:01:41.820,0.0018,0.0019,5.0,0.0018,45.0,41754.0,870.0
2021-01-05 10:01:42.761,0.0018,0.0019,7.0,0.0018,45.0,41754.0,870.0
2021-01-05 10:01:45.270,0.0018,0.0019,7.0,0.0018,60.0,41754.0,870.0
2021-01-05 10:01:46.811,0.0018,0.0019,7.0,0.0018,45.0,41754.0,870.0
2021-01-05 10:01:47.301,0.0018,0.0019,7.0,0.0018,60.0,41754.0,870.0
2021-01-05 10:01:49.781,0.0018,0.0019,10.0,0.0018,60.0,41754.0,870.0
2021-01-05 10:01:50.351,0.0018,0.0019,10.0,0.0018,60.0,41754.0,870.0
2021-01-05 10:01:50.851,0.0018,0.0019,10.0,0.0018,45.0,41754.0,870.0
2021-01-05 10:01:51.350,0.0018,0.0019,10.0,0.0018,45.0,41754.0,870.0
2021-01-05 10:01:51.800,0.0018,0.0019,10.0,0.0018,45.0,41754.0,870.0
2021-01-05 10:01:52.311,0.0018,0.0019,10.0,0.0018,60.0,41754.0,870.0
2021-01-05 10:01:52.780,0.0018,0.0019,10.0,0.0018,45.0,41754.0,870.0
2021-01-05 10:01:53.721,0.0018,0.0019,10.0,0.0018,45.0,41754.0,870.0
2021-01-05 10:01:54.171,0.0018,0.0019,10.0,0.0018,60.0,41754.0,870.0
2021-01-05 10:02:00.310,0.0018,0.0019,10.0,0.0018,60.0,41749.0,875.0
2021-01-05 10:02:00.671,0.0018,0.0019,10.0,0.0018,45.0,41749.0,875.0
2021-01-05 10:02:01.290,0.0019,0.002,121.0,0.0018,45.0,41739.0,885.0
2021-01-05 10:02:01.801,0.0019,0.002,121.0,0.0018,60.0,41739.0,885.0
2021-01-05 10:02:02.781,0.0019,0.002,121.0,0.0018,60.0,41739.0,885.0
2021-01-05 10:02:04.350,0.0018,0.002,121.0,0.0018,59.0,41738.0,886.0
2021-01-05 10:02:07.311,0.0018,0.002,121.0,0.0018,57.0,41736.0,888.0
2021-01-05 10:02:10.350,0.0018,0.0019,10.0,0.0018,57.0,41736.0,888.0
2021-01-05 10:02:10.811,0.0018,0.0019,30.0,0.0018,57.0,41736.0,888.0
2021-01-05 10:02:11.351,0.0018,0.0019,30.0,0.0018,55.0,41734.0,890.0
2021-01-05 10:02:12.870,0.0018,0.0019,30.0,0.0018,55.0,41734.0,890.0
2021-01-05 10:02:20.361,0.0018,0.0019,30.0,0.0018,50.0,41729.0,895.0
2021-01-05 10:02:21.360,0.0018,0.0019,30.0,0.0018,50.0,41729.0,895.0
2021-01-05 10:02:29.301,0.0018,0.0019,30.0,0.0018,35.0,41729.0,895.0
2021-01-05 10:02:29.791,0.0018,0.0019,30.0,0.0018,50.0,41729.0,895.0
2021-01-05 10:02:31.301,0.0018,0.0019,30.0,0.0018,30.0,41729.0,895.0
2021-01-05 10:02:40.301,0.0018,0.0019,30.0,0.0018,30.0,41724.0,900.0
2021-01-05 10:02:40.811,0.0018,0.0019,30.0,0.0018,15.0,41724.0,900.0
2021-01-05 10:02:41.310,0.0018,0.0019,30.0,0.0018,15.0,41724.0,900.0
2021-01-05 10:02:42.311,0.0018,0.0019,30.0,0.0018,15.0,41724.0,900.0
2021-01-05 10:02:43.281,0.0018,0.0019,30.0,0.0018,15.0,41724.0,900.0
2021-01-05 10:02:43.811,0.0018,0.0019,60.0,0.0018,30.0,41724.0,900.0
2021-01-05 10:02:44.320,0.0018,0.0019,60.0,0.0018,15.0,41724.0,900.0
2021-01-05 10:02:44.820,0.0018,0.0019,60.0,0.0018,15.0,41724.0,900.0
2021-01-05 10:02:45.300,0.0018,0.0019,60.0,0.0018,15.0,41724.0,900.0
2021-01-05 10:02:45.800,0.0018,0.0019,60.0,0.0018,15.0,41724.0,900.0
2021-01-05 10:02:46.311,0.0018,0.0019,60.0,0.0018,30.0,41724.0,900.0
2021-01-05 10:02:46.801,0.0018,0.0019,60.0,0.0018,30.0,41724.0,900.0
2021-01-05 10:02:50.310,0.0018,0.0019,60.0,0.0018,30.0,41719.0,905.0
2021-01-05 10:03:05.320,0.0018,0.0019,60.0,0.0018,30.0,41719.0,905.0
2021-01-05 10:03:05.810,0.0018,0.0019,60.0,0.0018,30.0,41719.0,905.0
2021-01-05 10:03:06.820,0.0018,0.0019,60.0,0.0018,30.0,41719.0,905.0
2021-01-05 10:03:07.310,0.0018,0.0019,60.0,0.0018,30.0,41719.0,905.0
2021-01-05 10:03:08.340,0.0018,0.0019,60.0,0.0018,30.0,41719.0,905.0
2021-01-05 10:03:09.341,0.0018,0.0019,60.0,0.0018,30.0,41719.0,905.0
2021-01-05 10:03:09.821,0.0018,0.0019,60.0,0.0018,30.0,41719.0,905.0
2021-01-05 10:03:12.330,0.0018,0.0019,60.0,0.0018,30.0,41719.0,905.0
2021-01-05 10:03:12.831,0.0018,0.0019,60.0,0.0018,30.0,41719.0,905.0
2021-01-05 10:03:15.300,0.0018,0.0019,60.0,0.0018,30.0,41719.0,905.0
2021-01-05 10:03:15.821,0.0018,0.0019,60.0,0.0018,30.0,41719.0,905.0
2021-01-05 10:03:18.850,0.0018,0.0019,60.0,0.0018,30.0,41719.0,905.0
2021-01-05 10:03:19.870,0.0018,0.0019,60.0,0.0018,30.0,41719.0,905.0
2021-01-05 10:03:20.370,0.0018,0.0019,60.0,0.0018,30.0,41714.0,910.0
2021-01-05 10:03:30.290,0.0018,0.0019,60.0,0.0018,30.0,41714.0,910.0
2021-01-05 10:03:33.310,0.0018,0.0019,60.0,0.0018,30.0,41714.0,910.0
2021-01-05 10:03:39.811,0.0018,0.0019,60.0,0.0018,30.0,41714.0,910.0
2021-01-05 10:03:40.311,0.0018,0.0019,60.0,0.0018,30.0,41709.0,915.0
2021-01-05 10:03:41.820,0.0018,0.0019,60.0,0.0018,30.0,41709.0,915.0
2021-01-05 10:03:42.821,0.0019,0.0019,55.0,0.0018,30.0,41704.0,920.0
2021-01-05 10:03:49.320,0.0019,0.0019,55.0,0.0018,30.0,41704.0,920.0
2021-01-05 10:03:51.361,0.0019,0.0019,55.0,0.0018,30.0,41704.0,920.0
2021-01-05 10:03:51.850,0.0019,0.0019,55.0,0.0018,15.0,41704.0,920.0
2021-01-05 10:03:52.371,0.0019,0.0019,55.0,0.0018,30.0,41704.0,920.0
2021-01-05 10:03:53.301,0.0019,0.0019,55.0,0.0018,30.0,41704.0,920.0
2021-01-05 10:03:53.791,0.0019,0.0019,55.0,0.0018,15.0,41704.0,920.0
2021-01-05 10:03:54.300,0.0019,0.0019,55.0,0.0018,30.0,41704.0,920.0
2021-01-05 10:03:55.291,0.0019,0.0019,55.0,0.0018,15.0,41704.0,920.0
2021-01-05 10:03:55.781,0.0019,0.0019,55.0,0.0018,30.0,41704.0,920.0
2021-01-05 10:03:56.280,0.0019,0.0019,55.0,0.0018,15.0,41704.0,920.0
2021-01-05 10:03:56.720,0.0019,0.0019,55.0,0.0018,15.0,41704.0,920.0
2021-01-05 10:03:58.691,0.0019,0.0019,55.0,0.0018,15.0,41704.0,920.0
2021-01-05 10:03:59.070,0.0019,0.0019,55.0,0.0017,673.0,41704.0,920.0
2021-01-05 10:03:59.731,0.0019,0.0019,55.0,0.0018,15.0,41704.0,920.0
2021-01-05 10:04:00.221,0.0018,0.0019,55.0,0.0018,10.0,41699.0,925.0
2021-01-05 10:04:00.330,0.0018,0.0019,55.0,0.0018,15.0,41699.0,925.0
2021-01-05 10:04:01.291,0.0018,0.0019,55.0,0.0018,15.0,41699.0,925.0
2021-01-05 10:04:01.761,0.0018,0.0019,55.0,0.0018,30.0,41699.0,925.0
2021-01-05 10:04:02.290,0.0018,0.0019,55.0,0.0018,15.0,41699.0,925.0
2021-01-05 10:04:02.781,0.0018,0.0019,55.0,0.0017,728.0,41699.0,925.0
2021-01-05 10:04:03.771,0.0018,0.0019,55.0,0.0017,718.0,41699.0,925.0
2021-01-05 10:04:04.301,0.0018,0.0019,55.0,0.0017,713.0,41699.0,925.0
2021-01-05 10:04:04.791,0.0018,0.0019,55.0,0.0017,728.0,41699.0,925.0
2021-01-05 10:04:05.300,0.0018,0.0019,55.0,0.0017,718.0,41699.0,925.0
2021-01-05 10:04:05.790,0.0018,0.0019,55.0,0.0017,718.0,41699.0,925.0
2021-01-05 10:04:08.270,0.0018,0.0019,55.0,0.0017,718.0,41699.0,925.0
2021-01-05 10:04:08.781,0.0018,0.0019,55.0,0.0017,728.0,41699.0,925.0
2021-01-05 10:04:09.301,0.0018,0.0019,55.0,0.0017,718.0,41699.0,925.0
2021-01-05 10:04:09.801,0.0018,0.0019,55.0,0.0017,718.0,41699.0,925.0
2021-01-05 10:04:10.810,0.0018,0.0019,55.0,0.0018,15.0,41699.0,925.0
2021-01-05 10:04:11.301,0.0018,0.0019,55.0,0.0018,15.0,41699.0,925.0
2021-01-05 10:04:11.730,0.0018,0.0019,55.0,0.0018,15.0,41699.0,925.0
2021-01-05 10:04:12.300,0.0018,0.0019,55.0,0.0018,15.0,41699.0,925.0
2021-01-05 10:04:12.750,0.0018,0.0019,55.0,0.0017,713.0,41699.0,925.0
2021-01-05 10:04:13.271,0.0018,0.0019,55.0,0.0017,718.0,41699.0,925.0
2021-01-05 10:04:13.730,0.0018,0.0019,55.0,0.0017,718.0,41699.0,925.0
2021-01-05 10:04:14.300,0.0018,0.0019,55.0,0.0017,703.0,41699.0,925.0
2021-01-05 10:04:14.811,0.0018,0.0019,55.0,0.0018,15.0,41699.0,925.0
2021-01-05 10:04:15.270,0.0018,0.0019,55.0,0.0017,718.0,41699.0,925.0
