,last,ask1,asize1,bid1,bsize1,oi,volume
2021-01-05 09:25:00.080,,0.955,1.0,0.9062,1.0,182.0,
2021-01-05 09:30:00.451,,0.9359,20.0,0.9271,20.0,182.0,
2021-01-05 09:30:00.980,,0.9754,1.0,0.9271,20.0,182.0,
2021-01-05 09:30:01.481,,0.9754,1.0,0.9271,20.0,182.0,
2021-01-05 09:30:02.011,,0.9395,20.0,0.9306,20.0,182.0,
2021-01-05 09:30:03.010,,0.9396,20.0,0.9306,20.0,182.0,
2021-01-05 09:30:03.980,,0.9383,20.0,0.9295,20.0,182.0,
2021-01-05 09:30:04.430,,0.9396,20.0,0.9305,20.0,182.0,
2021-01-05 09:30:05.010,,0.9411,20.0,0.9322,20.0,182.0,
2021-01-05 09:30:05.990,,1.4492,3.0,0.9322,20.0,182.0,
2021-01-05 09:30:06.480,,0.9425,20.0,0.9337,20.0,182.0,
2021-01-05 09:30:06.971,,0.9447,20.0,0.9359,20.0,182.0,
2021-01-05 09:30:09.970,,0.9453,20.0,0.9359,20.0,182.0,
2021-01-05 09:30:10.501,,0.9453,20.0,0.9366,20.0,182.0,
2021-01-05 09:30:11.000,,0.9459,20.0,0.9366,20.0,182.0,
2021-01-05 09:30:11.980,,0.9459,20.0,0.9373,20.0,182.0,
2021-01-05 09:30:13.000,,0.9448,20.0,0.936,20.0,182.0,
2021-01-05 09:30:13.501,,0.9448,20.0,0.9354,20.0,182.0,
2021-01-05 09:30:15.040,,0.9448,20.0,0.9354,20.0,182.0,
2021-01-05 09:30:15.520,,0.9442,20.0,0.9354,20.0,182.0,
2021-01-05 09:30:16.531,,0.9442,20.0,0.9354,20.0,182.0,
2021-01-05 09:30:17.021,,0.9442,20.0,0.9,3.0,182.0,
2021-01-05 09:30:17.641,,0.9431,20.0,0.9343,20.0,182.0,
2021-01-05 09:30:17.641,,0.9418,20.0,0.9343,20.0,182.0,
2021-01-05 09:30:18.750,,0.9418,20.0,0.9343,20.0,182.0,
2021-01-05 09:30:19.251,,0.9418,20.0,0.9329,20.0,182.0,
2021-01-05 09:30:19.741,,0.941,20.0,0.9322,20.0,182.0,
2021-01-05 09:30:20.740,,0.9418,20.0,0.9329,20.0,182.0,
2021-01-05 09:30:21.241,,0.9418,20.0,0.9329,20.0,182.0,
2021-01-05 09:30:21.741,,0.9418,20.0,0.9329,20.0,182.0,
2021-01-05 09:30:22.240,,0.9428,20.0,0.9339,20.0,182.0,
2021-01-05 09:30:22.671,,0.9418,20.0,0.9339,20.0,182.0,
2021-01-05 09:30:23.670,,0.9434,20.0,0.9346,20.0,182.0,
2021-01-05 09:30:24.161,,0.9434,20.0,0.9346,20.0,182.0,
2021-01-05 09:30:24.661,,0.9434,20.0,0.9346,20.0,182.0,
2021-01-05 09:30:25.160,,0.9444,20.0,0.9356,20.0,182.0,
2021-01-05 09:30:29.661,,0.9444,20.0,0.9356,20.0,182.0,
2021-01-05 09:30:30.171,,0.9444,20.0,0.9356,20.0,182.0,
2021-01-05 09:30:30.620,,0.9438,20.0,0.9346,20.0,182.0,
2021-01-05 09:30:32.140,,0.9432,20.0,0.9346,20.0,182.0,
2021-01-05 09:30:32.631,,0.9426,20.0,0.9338,20.0,182.0,
2021-01-05 09:30:33.171,,0.9426,20.0,0.9338,20.0,182.0,
2021-01-05 09:30:36.170,,0.9432,20.0,0.9345,20.0,182.0,
2021-01-05 09:30:37.171,,0.9432,20.0,0.9338,20.0,182.0,
2021-01-05 09:30:39.680,,0.9432,20.0,0.9344,20.0,182.0,
2021-01-05 09:30:42.671,,0.9425,20.0,0.9338,20.0,182.0,
2021-01-05 09:30:43.681,,0.9425,20.0,0.9338,20.0,182.0,
2021-01-05 09:30:44.181,,0.9417,20.0,0.9328,20.0,182.0,
2021-01-05 09:30:46.200,,0.9411,20.0,0.9328,20.0,182.0,
2021-01-05 09:30:46.200,,0.9411,20.0,0.9322,20.0,182.0,
2021-01-05 09:30:47.691,,0.9403,20.0,0.9315,20.0,182.0,
2021-01-05 09:30:49.210,,0.9411,20.0,0.9315,20.0,182.0,
2021-01-05 09:30:49.700,,0.9404,20.0,0.9315,20.0,182.0,
2021-01-05 09:30:53.120,,0.9398,20.0,0.9315,20.0,182.0,
2021-01-05 09:30:55.081,,0.9398,20.0,0.9305,20.0,182.0,
2021-01-05 09:30:55.671,,0.9398,20.0,0.9305,20.0,182.0,
2021-01-05 09:30:58.091,,0.9398,20.0,0.9312,20.0,182.0,
2021-01-05 09:30:59.171,,0.9404,20.0,0.9312,20.0,182.0,
2021-01-05 09:31:00.681,,0.9413,20.0,0.9325,20.0,182.0,
2021-01-05 09:31:01.150,,0.9413,20.0,0.9325,20.0,182.0,
2021-01-05 09:31:02.170,,0.9486,10.0,0.9312,20.0,182.0,
2021-01-05 09:31:02.681,,0.9418,20.0,0.933,20.0,182.0,
2021-01-05 09:31:03.131,,0.9425,20.0,0.9336,20.0,182.0,
2021-01-05 09:31:03.680,,0.9425,20.0,0.9336,20.0,182.0,
2021-01-05 09:31:04.671,,0.9431,20.0,0.9343,20.0,182.0,
2021-01-05 09:31:05.670,,0.9431,20.0,0.9343,20.0,182.0,
2021-01-05 09:31:06.160,,0.9422,20.0,0.934,10.0,182.0,
2021-01-05 09:31:07.190,,0.9415,20.0,0.934,10.0,182.0,
2021-01-05 09:31:08.600,,0.9401,20.0,0.9336,20.0,182.0,
2021-01-05 09:31:09.101,,0.9409,20.0,0.9336,20.0,182.0,
2021-01-05 09:31:09.701,,0.9409,20.0,0.9321,20.0,182.0,
2021-01-05 09:31:12.621,,0.9415,20.0,0.9321,20.0,182.0,
2021-01-05 09:31:13.170,,0.9406,20.0,0.9321,20.0,182.0,
2021-01-05 09:31:14.690,,0.9415,20.0,0.9321,20.0,182.0,
2021-01-05 09:31:15.110,,0.9415,20.0,0.9327,20.0,182.0,
2021-01-05 09:31:16.711,,0.9415,20.0,0.9321,20.0,182.0,
2021-01-05 09:31:17.710,,0.9408,20.0,0.9321,20.0,182.0,
2021-01-05 09:31:18.720,,0.9401,20.0,0.9321,20.0,182.0,
2021-01-05 09:31:19.150,,0.9401,20.0,0.9316,10.0,182.0,
2021-01-05 09:31:19.721,,0.9401,20.0,0.9316,30.0,182.0,
2021-01-05 09:31:20.171,,0.9401,20.0,0.9316,30.0,182.0,
2021-01-05 09:31:20.701,,0.9401,20.0,0.9316,30.0,182.0,
2021-01-05 09:31:21.671,,0.9408,20.0,0.9316,30.0,182.0,
2021-01-05 09:31:22.211,,0.9408,20.0,0.9324,20.0,182.0,
2021-01-05 09:31:23.171,,0.9408,20.0,0.9324,20.0,182.0,
2021-01-05 09:31:23.640,,0.9408,20.0,0.9324,20.0,182.0,
2021-01-05 09:31:24.151,,0.9414,30.0,0.9324,20.0,182.0,
2021-01-05 09:31:25.150,,0.9404,20.0,0.9324,20.0,182.0,
2021-01-05 09:31:25.640,,0.9404,20.0,0.9324,20.0,182.0,
2021-01-05 09:31:32.191,,0.9412,10.0,0.9324,20.0,182.0,
2021-01-05 09:31:33.190,,0.9403,20.0,0.9324,20.0,182.0,
2021-01-05 09:31:34.181,,0.9403,20.0,0.9324,20.0,182.0,
2021-01-05 09:31:34.681,,0.9412,10.0,0.9324,20.0,182.0,
2021-01-05 09:31:35.190,,0.9414,20.0,0.9324,20.0,182.0,
2021-01-05 09:31:36.181,,0.9407,20.0,0.9325,1.0,182.0,
2021-01-05 09:31:36.690,,0.9407,20.0,0.9325,1.0,182.0,
2021-01-05 09:31:37.191,,0.9414,20.0,0.9325,1.0,182.0,
2021-01-05 09:31:37.620,,0.9405,20.0,0.9325,1.0,182.0,
2021-01-05 09:31:38.690,,0.9414,20.0,0.9325,1.0,182.0,
2021-01-05 09:31:39.210,,0.9398,20.0,0.9325,1.0,182.0,
2021-01-05 09:31:39.710,,0.9398,20.0,0.9325,1.0,182.0,
2021-01-05 09:31:40.711,,0.9389,20.0,0.9325,1.0,182.0,
2021-01-05 09:31:41.700,,0.9389,20.0,0.9325,1.0,182.0,
2021-01-05 09:31:44.691,,0.9389,20.0,0.9325,1.0,182.0,
2021-01-05 09:31:45.700,,0.9389,20.0,0.9326,2.0,182.0,
2021-01-05 09:31:46.071,,0.9389,20.0,0.9326,2.0,182.0,
2021-01-05 09:31:49.711,,0.9389,20.0,0.9325,1.0,182.0,
2021-01-05 09:31:50.191,,0.9389,20.0,0.9324,20.0,182.0,
2021-01-05 09:31:50.710,,0.9363,10.0,0.9323,10.0,182.0,
2021-01-05 09:31:51.210,,0.9363,30.0,0.9321,2.0,182.0,
2021-01-05 09:31:51.701,,0.9363,30.0,0.9319,2.0,182.0,
2021-01-05 09:31:52.220,,0.9363,30.0,0.9316,22.0,182.0,
2021-01-05 09:31:52.621,,0.9363,30.0,0.9316,20.0,182.0,
2021-01-05 09:31:53.171,,0.9363,30.0,0.9313,2.0,182.0,
2021-01-05 09:31:53.530,,0.9363,30.0,0.9313,20.0,182.0,
2021-01-05 09:31:54.151,,0.9351,10.0,0.9313,20.0,182.0,
2021-01-05 09:31:54.641,,0.9351,30.0,0.9313,20.0,182.0,
2021-01-05 09:31:55.150,,0.9351,30.0,0.9313,20.0,182.0,
2021-01-05 09:31:55.670,,0.9351,30.0,0.931,2.0,182.0,
2021-01-05 09:31:56.110,,0.9351,30.0,0.9309,2.0,182.0,
2021-01-05 09:31:57.171,,0.9351,30.0,0.9309,2.0,182.0,
2021-01-05 09:31:57.651,,0.9351,30.0,0.9308,20.0,182.0,
2021-01-05 09:31:58.640,,0.9351,30.0,0.9308,20.0,182.0,
2021-01-05 09:31:59.180,,0.9351,30.0,0.9305,2.0,182.0,
2021-01-05 09:31:59.660,,0.9351,30.0,0.9305,22.0,182.0,
2021-01-05 09:32:01.670,,0.9351,30.0,0.9305,20.0,182.0,
2021-01-05 09:32:02.171,,0.9351,30.0,0.9288,20.0,182.0,
2021-01-05 09:32:02.671,,0.9351,30.0,0.9289,2.0,182.0,
2021-01-05 09:32:03.180,,0.9351,30.0,0.9294,20.0,182.0,
2021-01-05 09:32:03.641,,0.9351,30.0,0.9295,1.0,182.0,
2021-01-05 09:32:04.661,,0.9351,20.0,0.9295,1.0,182.0,
2021-01-05 09:32:05.141,,0.9376,40.0,0.9295,1.0,182.0,
2021-01-05 09:32:05.660,,0.9376,30.0,0.9295,1.0,182.0,
2021-01-05 09:32:06.680,,0.9373,20.0,0.9295,21.0,182.0,
2021-01-05 09:32:09.141,,0.9367,20.0,0.9295,21.0,182.0,
2021-01-05 09:32:10.161,,0.9373,20.0,0.9295,21.0,182.0,
2021-01-05 09:32:10.630,,0.9367,20.0,0.9295,21.0,182.0,
2021-01-05 09:32:11.170,,0.9367,20.0,0.9295,21.0,182.0,
2021-01-05 09:32:11.650,,0.9373,20.0,0.9295,21.0,182.0,
2021-01-05 09:32:13.171,,0.9373,20.0,0.9296,2.0,182.0,
2021-01-05 09:32:15.171,,0.9373,20.0,0.9296,2.0,182.0,
2021-01-05 09:32:15.671,,0.9373,20.0,0.9296,2.0,182.0,
2021-01-05 09:32:18.670,,0.9367,20.0,0.9296,2.0,182.0,
2021-01-05 09:32:20.671,,0.9373,20.0,0.9296,2.0,182.0,
2021-01-05 09:32:21.680,,0.9373,20.0,0.9296,2.0,182.0,
2021-01-05 09:32:23.180,,0.9373,20.0,0.9299,10.0,182.0,
2021-01-05 09:32:23.670,,0.9373,20.0,0.93,2.0,182.0,
2021-01-05 09:32:25.670,,0.9373,20.0,0.93,2.0,182.0,
2021-01-05 09:32:26.171,,0.9373,20.0,0.9299,10.0,182.0,
2021-01-05 09:32:26.650,,0.9367,20.0,0.9299,10.0,182.0,
2021-01-05 09:32:27.670,,0.9355,10.0,0.9298,2.0,182.0,
2021-01-05 09:32:28.171,,0.9355,30.0,0.9298,2.0,182.0,
2021-01-05 09:32:28.630,,0.9355,30.0,0.9296,2.0,182.0,
2021-01-05 09:32:30.171,,0.9355,30.0,0.9297,2.0,182.0,
2021-01-05 09:32:31.151,,0.9355,30.0,0.9296,2.0,182.0,
2021-01-05 09:32:31.691,,0.9355,30.0,0.9295,21.0,182.0,
2021-01-05 09:32:32.121,,0.9355,30.0,0.9296,2.0,182.0,
2021-01-05 09:32:33.671,,0.9355,30.0,0.9295,21.0,182.0,
2021-01-05 09:32:34.171,,0.9355,30.0,0.9296,2.0,182.0,
2021-01-05 09:32:35.170,,0.9355,30.0,0.9296,2.0,182.0,
2021-01-05 09:32:36.190,,0.9355,30.0,0.9295,21.0,182.0,
2021-01-05 09:32:37.150,,0.9355,30.0,0.9295,21.0,182.0,
2021-01-05 09:32:38.670,,0.9355,30.0,0.9296,2.0,182.0,
2021-01-05 09:32:39.200,,0.9355,30.0,0.9295,20.0,182.0,
2021-01-05 09:32:39.630,,0.9355,30.0,0.9289,2.0,182.0,
2021-01-05 09:32:40.151,,0.9355,30.0,0.929,1.0,182.0,
2021-01-05 09:32:41.690,,0.9355,30.0,0.9288,20.0,182.0,
2021-01-05 09:32:42.201,,0.9355,30.0,0.9291,2.0,182.0,
2021-01-05 09:32:42.700,,0.9355,30.0,0.9288,20.0,182.0,
2021-01-05 09:32:43.131,,0.9355,30.0,0.9287,2.0,182.0,
2021-01-05 09:32:43.580,,0.9355,30.0,0.9287,22.0,182.0,
2021-01-05 09:32:45.580,,0.9355,30.0,0.9287,22.0,182.0,
2021-01-05 09:32:48.690,,0.9355,30.0,0.9287,20.0,182.0,
2021-01-05 09:32:49.190,,0.9355,30.0,0.9287,20.0,182.0,
2021-01-05 09:32:49.670,,0.9339,20.0,0.9277,20.0,182.0,
2021-01-05 09:32:50.171,,0.9325,20.0,0.9273,10.0,182.0,
2021-01-05 09:32:50.700,,0.9339,20.0,0.9274,2.0,182.0,
2021-01-05 09:32:51.170,,0.9339,20.0,0.9251,10.0,182.0,
2021-01-05 09:32:51.701,,0.9339,20.0,0.9267,20.0,182.0,
2021-01-05 09:32:52.191,,0.9325,20.0,0.9252,22.0,182.0,
2021-01-05 09:32:52.671,,0.9339,20.0,0.9252,22.0,182.0,
2021-01-05 09:32:53.161,,0.9333,20.0,0.9252,22.0,182.0,
2021-01-05 09:32:53.641,,0.9333,20.0,0.9252,22.0,182.0,
2021-01-05 09:32:54.181,,0.9339,20.0,0.9258,20.0,182.0,
2021-01-05 09:32:54.671,,0.9339,20.0,0.9259,1.0,182.0,
2021-01-05 09:32:55.170,,0.9339,20.0,0.9266,20.0,182.0,
2021-01-05 09:32:55.670,,0.9339,20.0,0.9266,20.0,182.0,
2021-01-05 09:32:56.000,,0.9339,20.0,0.9259,1.0,182.0,
2021-01-05 09:32:57.600,,0.9339,20.0,0.9259,1.0,182.0,
2021-01-05 09:33:02.651,,0.9339,20.0,0.9267,20.0,182.0,
2021-01-05 09:33:03.121,,0.9339,20.0,0.9275,20.0,182.0,
2021-01-05 09:33:03.681,,0.9339,20.0,0.9275,20.0,182.0,
2021-01-05 09:33:04.140,,0.9345,20.0,0.9282,20.0,182.0,
2021-01-05 09:33:04.651,,0.9351,20.0,0.9282,20.0,182.0,
2021-01-05 09:33:05.181,,0.9351,20.0,0.9288,20.0,182.0,
2021-01-05 09:33:05.690,,0.9361,20.0,0.9288,20.0,182.0,
2021-01-05 09:33:06.170,,0.9361,20.0,0.9297,20.0,182.0,
2021-01-05 09:33:06.170,,0.9361,20.0,0.9297,20.0,182.0,
2021-01-05 09:33:07.171,,0.9367,20.0,0.9297,20.0,182.0,
2021-01-05 09:33:08.191,,0.9367,20.0,0.9289,2.0,182.0,
2021-01-05 09:33:10.180,,0.9367,20.0,0.9289,2.0,182.0,
2021-01-05 09:33:10.681,,0.9361,10.0,0.9294,10.0,182.0,
2021-01-05 09:33:11.180,,0.9361,30.0,0.9295,2.0,182.0,
2021-01-05 09:33:16.671,,0.9361,30.0,0.9302,20.0,182.0,
2021-01-05 09:33:17.190,,0.9361,30.0,0.9303,2.0,182.0,
2021-01-05 09:33:18.160,,0.9361,30.0,0.9303,2.0,182.0,
2021-01-05 09:33:18.680,,0.9361,30.0,0.9303,2.0,182.0,
2021-01-05 09:33:19.660,,0.9361,10.0,0.9311,20.0,182.0,
2021-01-05 09:33:20.171,,0.9361,10.0,0.9312,2.0,182.0,
2021-01-05 09:33:20.680,,0.9361,10.0,0.9312,2.0,182.0,
2021-01-05 09:33:21.160,,0.9361,10.0,0.9312,22.0,182.0,
2021-01-05 09:33:21.681,,0.9361,10.0,0.9312,22.0,182.0,
2021-01-05 09:33:22.670,,0.9367,20.0,0.9312,22.0,182.0,
2021-01-05 09:33:23.051,,0.9382,30.0,0.9312,22.0,182.0,
2021-01-05 09:33:23.660,,0.9382,30.0,0.9312,22.0,182.0,
2021-01-05 09:33:26.161,,0.9382,30.0,0.9312,22.0,182.0,
2021-01-05 09:33:30.170,,0.9382,30.0,0.9313,1.0,182.0,
2021-01-05 09:33:40.160,,0.9382,30.0,0.9314,2.0,182.0,
2021-01-05 09:33:41.171,,0.9382,30.0,0.9314,2.0,182.0,
2021-01-05 09:33:42.100,,0.9382,20.0,0.9314,2.0,182.0,
2021-01-05 09:33:46.680,,0.9374,20.0,0.9314,2.0,182.0,
2021-01-05 09:33:47.681,,0.937,10.0,0.9314,2.0,182.0,
2021-01-05 09:33:49.681,,0.937,10.0,0.9313,1.0,182.0,
2021-01-05 09:33:50.130,,0.9347,10.0,0.9313,1.0,182.0,
2021-01-05 09:33:50.670,,0.9347,30.0,0.9313,1.0,182.0,
2021-01-05 09:33:51.571,,0.9347,30.0,0.9314,2.0,182.0,
2021-01-05 09:33:52.661,,0.9347,30.0,0.9313,1.0,182.0,
2021-01-05 09:33:53.650,,0.9347,30.0,0.9314,2.0,182.0,
2021-01-05 09:33:54.610,,0.9347,30.0,0.9313,1.0,182.0,
2021-01-05 09:33:56.120,,0.9347,30.0,0.9314,2.0,182.0,
2021-01-05 09:33:57.171,,0.9347,30.0,0.9312,20.0,182.0,
2021-01-05 09:33:58.170,,0.9347,20.0,0.9303,2.0,182.0,
2021-01-05 09:33:58.670,,0.9357,30.0,0.9302,20.0,182.0,
2021-01-05 09:33:59.140,,0.9356,10.0,0.9295,22.0,182.0,
2021-01-05 09:33:59.690,,0.9356,10.0,0.9295,20.0,182.0,
2021-01-05 09:34:00.141,,0.935,20.0,0.9279,30.0,182.0,
2021-01-05 09:34:00.671,,0.935,20.0,0.928,2.0,182.0,
2021-01-05 09:34:01.661,,0.9356,10.0,0.928,2.0,182.0,
2021-01-05 09:34:02.170,,0.9356,10.0,0.928,2.0,182.0,
2021-01-05 09:34:04.120,,0.9351,20.0,0.928,2.0,182.0,
2021-01-05 09:34:05.121,,0.9351,20.0,0.928,2.0,182.0,
2021-01-05 09:34:05.630,,0.9351,20.0,0.928,2.0,182.0,
2021-01-05 09:34:06.671,,0.9322,10.0,0.928,2.0,182.0,
2021-01-05 09:34:07.130,,0.9322,30.0,0.928,2.0,182.0,
2021-01-05 09:34:07.651,,0.9322,30.0,0.928,2.0,182.0,
2021-01-05 09:34:08.171,,0.9322,30.0,0.9279,20.0,182.0,
2021-01-05 09:34:08.690,,0.9322,30.0,0.9265,30.0,182.0,
2021-01-05 09:34:09.170,,0.9322,30.0,0.9277,2.0,182.0,
2021-01-05 09:34:09.670,,0.9322,30.0,0.9277,22.0,182.0,
2021-01-05 09:34:10.140,,0.9322,30.0,0.9277,22.0,182.0,
2021-01-05 09:34:11.681,,0.9322,20.0,0.9277,22.0,182.0,
2021-01-05 09:34:12.121,,0.9322,20.0,0.9277,22.0,182.0,
2021-01-05 09:34:12.640,,0.9342,10.0,0.9277,22.0,182.0,
2021-01-05 09:34:13.191,,0.9342,10.0,0.9277,22.0,182.0,
2021-01-05 09:34:14.691,,0.9345,20.0,0.9281,10.0,182.0,
2021-01-05 09:34:15.181,,0.9345,20.0,0.9282,1.0,182.0,
2021-01-05 09:34:15.681,,0.9345,20.0,0.9282,1.0,182.0,
2021-01-05 09:34:16.190,,0.9345,20.0,0.9282,1.0,182.0,
2021-01-05 09:34:17.690,,0.9345,20.0,0.9282,1.0,182.0,
2021-01-05 09:34:18.201,,0.9342,10.0,0.9282,1.0,182.0,
2021-01-05 09:34:21.200,,0.9342,10.0,0.9282,1.0,182.0,
2021-01-05 09:34:21.690,,0.9342,10.0,0.9277,22.0,182.0,
2021-01-05 09:34:22.151,,0.9342,10.0,0.9278,1.0,182.0,
2021-01-05 09:34:24.600,,0.9342,10.0,0.9278,1.0,182.0,
2021-01-05 09:34:28.621,,0.9342,10.0,0.9278,1.0,182.0,
2021-01-05 09:34:31.691,,0.9339,20.0,0.9277,20.0,182.0,
2021-01-05 09:34:32.121,,0.9339,20.0,0.9274,2.0,182.0,
2021-01-05 09:34:32.690,,0.9339,20.0,0.9274,22.0,182.0,
2021-01-05 09:34:33.090,,0.9339,20.0,0.9274,22.0,182.0,
2021-01-05 09:34:33.691,,0.932,10.0,0.9274,20.0,182.0,
2021-01-05 09:34:34.171,,0.932,30.0,0.9272,2.0,182.0,
2021-01-05 09:34:34.640,,0.932,30.0,0.9272,20.0,182.0,
2021-01-05 09:34:35.130,,0.932,30.0,0.9272,20.0,182.0,
2021-01-05 09:34:35.691,,0.932,30.0,0.9272,20.0,182.0,
2021-01-05 09:34:36.171,,0.932,30.0,0.9259,20.0,182.0,
2021-01-05 09:34:36.680,,0.932,30.0,0.926,2.0,182.0,
2021-01-05 09:34:37.161,,0.932,30.0,0.926,22.0,182.0,
2021-01-05 09:34:37.700,,0.932,30.0,0.926,22.0,182.0,
2021-01-05 09:34:37.940,,0.932,30.0,0.926,22.0,182.0,
2021-01-05 09:34:38.690,,0.932,30.0,0.926,20.0,182.0,
2021-01-05 09:34:39.091,,0.932,20.0,0.926,20.0,182.0,
2021-01-05 09:34:40.171,,0.932,20.0,0.926,20.0,182.0,
2021-01-05 09:34:40.651,,0.932,20.0,0.926,20.0,182.0,
2021-01-05 09:34:41.201,,0.9312,10.0,0.926,20.0,182.0,
2021-01-05 09:34:41.700,,0.9312,30.0,0.9242,30.0,182.0,
2021-01-05 09:34:42.171,,0.9312,30.0,0.9243,2.0,182.0,
2021-01-05 09:34:45.721,,0.9312,30.0,0.9243,2.0,182.0,
2021-01-05 09:34:46.140,,0.9296,10.0,0.9243,2.0,182.0,
2021-01-05 09:34:46.660,,0.9296,30.0,0.9243,2.0,182.0,
2021-01-05 09:34:47.701,,0.9296,30.0,0.9243,2.0,182.0,
2021-01-05 09:34:49.701,,0.9296,30.0,0.9243,2.0,182.0,
2021-01-05 09:34:52.220,,0.9296,30.0,0.9244,1.0,182.0,
2021-01-05 09:34:54.631,,0.9296,30.0,0.9242,20.0,182.0,
2021-01-05 09:34:55.040,,0.9294,10.0,0.9229,10.0,182.0,
2021-01-05 09:34:55.680,,0.9294,30.0,0.923,2.0,182.0,
2021-01-05 09:34:56.141,,0.9294,30.0,0.923,2.0,182.0,
2021-01-05 09:34:56.681,,0.927,10.0,0.9229,20.0,182.0,
2021-01-05 09:34:57.171,,0.927,10.0,0.9229,20.0,182.0,
2021-01-05 09:34:57.670,,0.927,30.0,0.9229,20.0,182.0,
2021-01-05 09:34:58.160,,0.927,30.0,0.9229,20.0,182.0,
2021-01-05 09:34:58.640,,0.927,30.0,0.9229,20.0,182.0,
2021-01-05 09:34:59.170,,0.927,30.0,0.9229,20.0,182.0,
2021-01-05 09:35:00.160,,0.927,30.0,0.9217,30.0,182.0,
2021-01-05 09:35:00.630,,0.927,30.0,0.9218,2.0,182.0,
2021-01-05 09:35:03.180,,0.927,30.0,0.9218,2.0,182.0,
2021-01-05 09:35:03.660,,0.9276,20.0,0.9222,10.0,182.0,
2021-01-05 09:35:04.181,,0.9286,20.0,0.9223,1.0,182.0,
2021-01-05 09:35:05.180,,0.9286,20.0,0.9223,21.0,182.0,
2021-01-05 09:35:07.131,,0.9286,20.0,0.9223,21.0,182.0,
2021-01-05 09:35:07.650,,0.9271,10.0,0.9223,20.0,182.0,
2021-01-05 09:35:08.171,,0.9271,30.0,0.9217,20.0,182.0,
2021-01-05 09:35:09.191,,0.9256,10.0,0.9217,20.0,182.0,
2021-01-05 09:35:09.700,,0.9256,30.0,0.9217,20.0,182.0,
2021-01-05 09:35:10.190,,0.9256,40.0,0.9217,20.0,182.0,
2021-01-05 09:35:11.680,,0.9256,40.0,0.9215,10.0,182.0,
2021-01-05 09:35:13.181,,0.9256,40.0,0.9215,30.0,182.0,
2021-01-05 09:35:14.191,,0.9256,10.0,0.9215,30.0,182.0,
2021-01-05 09:35:14.700,,0.9271,20.0,0.9215,30.0,182.0,
2021-01-05 09:35:15.701,,0.9271,20.0,0.9215,30.0,182.0,
2021-01-05 09:35:17.190,,0.9271,20.0,0.9216,1.0,182.0,
2021-01-05 09:35:19.641,,0.9271,20.0,0.9226,10.0,182.0,
2021-01-05 09:35:20.170,,0.9284,30.0,0.9226,30.0,182.0,
2021-01-05 09:35:21.620,,0.9269,10.0,0.9216,1.0,182.0,
2021-01-05 09:35:22.171,,0.9269,30.0,0.9216,1.0,182.0,
2021-01-05 09:35:22.650,,0.9269,30.0,0.9216,1.0,182.0,
2021-01-05 09:35:27.641,,0.9269,30.0,0.9217,2.0,182.0,
2021-01-05 09:35:28.171,,0.9269,30.0,0.9217,2.0,182.0,
2021-01-05 09:35:29.641,,0.9269,30.0,0.9217,2.0,182.0,
2021-01-05 09:35:30.690,,0.9269,30.0,0.9216,1.0,182.0,
2021-01-05 09:35:31.170,,0.9269,30.0,0.9217,2.0,182.0,
2021-01-05 09:35:32.161,,0.9269,30.0,0.9216,1.0,182.0,
2021-01-05 09:35:33.191,,0.9269,30.0,0.9215,30.0,182.0,
2021-01-05 09:35:33.650,,0.9256,10.0,0.9215,30.0,182.0,
2021-01-05 09:35:34.190,,0.9256,30.0,0.9215,30.0,182.0,
2021-01-05 09:35:35.690,,0.9256,30.0,0.9215,10.0,182.0,
2021-01-05 09:35:39.140,,0.9256,30.0,0.9215,10.0,182.0,
2021-01-05 09:35:40.191,,0.9256,30.0,0.9215,10.0,182.0,
2021-01-05 09:35:41.190,,0.9256,30.0,0.9215,10.0,182.0,
2021-01-05 09:35:41.680,,0.9256,30.0,0.9215,12.0,182.0,
2021-01-05 09:35:42.160,,0.9256,30.0,0.9215,10.0,182.0,
2021-01-05 09:35:43.661,,0.9256,30.0,0.9215,10.0,182.0,
2021-01-05 09:35:44.101,,0.9256,30.0,0.9215,10.0,182.0,
2021-01-05 09:35:45.071,,0.9245,10.0,0.9215,10.0,182.0,
2021-01-05 09:35:45.651,,0.9245,30.0,0.9215,10.0,182.0,
2021-01-05 09:35:46.170,0.9215,0.9245,30.0,0.92,20.0,192.0,10.0
2021-01-05 09:35:46.170,0.9215,0.9245,30.0,0.9188,20.0,192.0,10.0
2021-01-05 09:35:47.201,0.9215,0.9245,30.0,0.9189,2.0,192.0,10.0
2021-01-05 09:35:48.181,0.9215,0.9232,10.0,0.9188,20.0,192.0,10.0
2021-01-05 09:35:48.181,0.9215,0.9232,30.0,0.9188,20.0,192.0,10.0
2021-01-05 09:35:50.150,0.9215,0.9232,30.0,0.9188,20.0,192.0,10.0
2021-01-05 09:35:50.680,0.9215,0.9232,30.0,0.9188,20.0,192.0,10.0
2021-01-05 09:35:52.671,0.9215,0.9232,30.0,0.9189,1.0,192.0,10.0
2021-01-05 09:35:54.640,0.9215,0.9232,20.0,0.9189,1.0,192.0,10.0
2021-01-05 09:35:55.181,0.9215,0.9232,20.0,0.9189,1.0,192.0,10.0
2021-01-05 09:35:55.691,0.9215,0.9243,10.0,0.9189,1.0,192.0,10.0
2021-01-05 09:35:56.661,0.9215,0.9245,20.0,0.9195,10.0,192.0,10.0
2021-01-05 09:35:57.141,0.9215,0.9253,30.0,0.9196,2.0,192.0,10.0
2021-01-05 09:35:57.681,0.9215,0.9253,30.0,0.9196,2.0,192.0,10.0
2021-01-05 09:35:59.640,0.9215,0.9242,10.0,0.9195,20.0,192.0,10.0
2021-01-05 09:36:00.441,0.9215,0.9242,30.0,0.9189,1.0,192.0,10.0
2021-01-05 09:36:02.170,0.9215,0.9242,30.0,0.9189,1.0,192.0,10.0
2021-01-05 09:36:02.701,0.9215,0.9242,30.0,0.919,2.0,192.0,10.0
2021-01-05 09:36:04.201,0.9215,0.9242,20.0,0.9194,10.0,192.0,10.0
2021-01-05 09:36:04.670,0.9215,0.9242,20.0,0.9194,10.0,192.0,10.0
2021-01-05 09:36:05.150,0.9215,0.9253,30.0,0.9194,30.0,192.0,10.0
2021-01-05 09:36:06.700,0.9215,0.9253,30.0,0.9195,2.0,192.0,10.0
2021-01-05 09:36:09.161,0.9215,0.9253,30.0,0.9195,2.0,192.0,10.0
2021-01-05 09:36:16.680,0.9215,0.9253,30.0,0.9196,2.0,192.0,10.0
2021-01-05 09:36:26.651,0.9215,0.9253,30.0,0.9197,2.0,192.0,10.0
2021-01-05 09:36:28.120,0.9215,0.9241,10.0,0.9194,20.0,192.0,10.0
2021-01-05 09:36:28.681,0.9215,0.9241,10.0,0.9194,20.0,192.0,10.0
2021-01-05 09:36:29.171,0.9215,0.9241,30.0,0.9189,1.0,192.0,10.0
2021-01-05 09:36:29.661,0.9215,0.9241,10.0,0.9189,1.0,192.0,10.0
2021-01-05 09:36:30.161,0.9215,0.9241,30.0,0.9189,1.0,192.0,10.0
2021-01-05 09:36:30.700,0.9215,0.9241,10.0,0.919,2.0,192.0,10.0
2021-01-05 09:36:31.181,0.9215,0.9241,30.0,0.919,2.0,192.0,10.0
2021-01-05 09:36:31.690,0.9215,0.9241,10.0,0.919,2.0,192.0,10.0
2021-01-05 09:36:32.130,0.9215,0.9241,30.0,0.919,2.0,192.0,10.0
2021-01-05 09:36:32.660,0.9215,0.9241,10.0,0.919,2.0,192.0,10.0
2021-01-05 09:36:33.200,0.9215,0.9241,30.0,0.919,2.0,192.0,10.0
2021-01-05 09:36:33.670,0.9215,0.9241,10.0,0.919,2.0,192.0,10.0
2021-01-05 09:36:34.091,0.9215,0.9241,30.0,0.919,2.0,192.0,10.0
2021-01-05 09:36:35.701,0.9215,0.9241,30.0,0.9189,1.0,192.0,10.0
2021-01-05 09:36:36.191,0.9215,0.9241,30.0,0.919,2.0,192.0,10.0
2021-01-05 09:36:36.700,0.9215,0.9241,30.0,0.9188,20.0,192.0,10.0
2021-01-05 09:36:37.161,0.9215,0.9239,10.0,0.9188,22.0,192.0,10.0
2021-01-05 09:36:37.691,0.9215,0.9239,10.0,0.9186,2.0,192.0,10.0
2021-01-05 09:36:38.041,0.9215,0.9239,10.0,0.9188,20.0,192.0,10.0
2021-01-05 09:36:40.191,0.9215,0.9239,10.0,0.9189,1.0,192.0,10.0
2021-01-05 09:36:40.700,0.9215,0.9239,10.0,0.9188,20.0,192.0,10.0
2021-01-05 09:36:41.201,0.9215,0.9239,10.0,0.9189,1.0,192.0,10.0
2021-01-05 09:36:45.191,0.9215,0.9239,10.0,0.9188,20.0,192.0,10.0
2021-01-05 09:36:45.631,0.9215,0.923,10.0,0.9188,20.0,192.0,10.0
2021-01-05 09:36:46.190,0.9215,0.923,10.0,0.9182,20.0,192.0,10.0
2021-01-05 09:36:46.651,0.9215,0.923,30.0,0.9172,30.0,192.0,10.0
2021-01-05 09:36:47.130,0.9215,0.923,30.0,0.9179,20.0,192.0,10.0
2021-01-05 09:36:47.660,0.9215,0.9217,10.0,0.9173,2.0,192.0,10.0
2021-01-05 09:36:48.130,0.9215,0.9217,10.0,0.9178,20.0,192.0,10.0
2021-01-05 09:36:48.630,0.9215,0.9217,30.0,0.9173,2.0,192.0,10.0
2021-01-05 09:36:49.181,0.9215,0.9217,10.0,0.9172,20.0,192.0,10.0
2021-01-05 09:36:49.181,0.9215,0.9217,30.0,0.9172,20.0,192.0,10.0
2021-01-05 09:36:50.670,0.9215,0.9217,30.0,0.9172,20.0,192.0,10.0
2021-01-05 09:36:53.191,0.9215,0.9217,30.0,0.9173,1.0,192.0,10.0
2021-01-05 09:36:57.601,0.9215,0.9217,20.0,0.9173,1.0,192.0,10.0
2021-01-05 09:37:03.630,0.9215,0.9217,20.0,0.9174,2.0,192.0,10.0
2021-01-05 09:37:04.200,0.9215,0.923,30.0,0.9174,2.0,192.0,10.0
2021-01-05 09:37:05.701,0.9215,0.923,20.0,0.9182,10.0,192.0,10.0
2021-01-05 09:37:06.171,0.9215,0.924,40.0,0.9182,30.0,192.0,10.0
2021-01-05 09:37:06.700,0.9215,0.924,40.0,0.9182,30.0,192.0,10.0
2021-01-05 09:37:07.180,0.9215,0.924,40.0,0.9182,30.0,192.0,10.0
2021-01-05 09:37:08.630,0.9215,0.924,40.0,0.9182,30.0,192.0,10.0
2021-01-05 09:37:09.170,0.9215,0.9229,10.0,0.9182,20.0,192.0,10.0
2021-01-05 09:37:10.121,0.9215,0.9229,30.0,0.9183,2.0,192.0,10.0
2021-01-05 09:37:10.701,0.9215,0.9229,30.0,0.9183,2.0,192.0,10.0
2021-01-05 09:37:11.201,0.9215,0.9229,30.0,0.9183,22.0,192.0,10.0
2021-01-05 09:37:11.700,0.9215,0.9229,20.0,0.9183,2.0,192.0,10.0
2021-01-05 09:37:12.131,0.9215,0.9229,20.0,0.9183,22.0,192.0,10.0
2021-01-05 09:37:12.620,0.9215,0.924,40.0,0.9183,22.0,192.0,10.0
2021-01-05 09:37:13.181,0.9215,0.924,40.0,0.9183,22.0,192.0,10.0
2021-01-05 09:37:14.171,0.9215,0.924,40.0,0.9183,22.0,192.0,10.0
2021-01-05 09:37:15.200,0.9215,0.924,40.0,0.9183,20.0,192.0,10.0
2021-01-05 09:37:15.700,0.9215,0.924,40.0,0.9183,20.0,192.0,10.0
2021-01-05 09:37:16.501,0.9215,0.924,40.0,0.9184,2.0,192.0,10.0
2021-01-05 09:37:20.211,0.9215,0.924,40.0,0.9183,20.0,192.0,10.0
2021-01-05 09:37:20.691,0.9215,0.924,40.0,0.9184,2.0,192.0,10.0
2021-01-05 09:37:30.650,0.9215,0.924,40.0,0.9185,2.0,192.0,10.0
2021-01-05 09:37:33.180,0.9215,0.924,40.0,0.9183,20.0,192.0,10.0
2021-01-05 09:37:33.681,0.9215,0.924,40.0,0.9183,20.0,192.0,10.0
2021-01-05 09:37:34.500,0.9215,0.924,40.0,0.9183,20.0,192.0,10.0
2021-01-05 09:37:36.671,0.9215,0.924,40.0,0.9184,2.0,192.0,10.0
2021-01-05 09:37:37.691,0.9215,0.924,40.0,0.9184,2.0,192.0,10.0
2021-01-05 09:37:42.691,0.9215,0.924,30.0,0.9192,10.0,192.0,10.0
2021-01-05 09:37:43.181,0.9215,0.924,30.0,0.9193,2.0,192.0,10.0
2021-01-05 09:37:43.671,0.9215,0.924,30.0,0.9193,2.0,192.0,10.0
2021-01-05 09:37:44.651,0.9215,0.924,20.0,0.9193,2.0,192.0,10.0
2021-01-05 09:37:45.191,0.9215,0.9247,30.0,0.9193,2.0,192.0,10.0
2021-01-05 09:37:45.650,0.9215,0.9247,30.0,0.9193,2.0,192.0,10.0
2021-01-05 09:37:46.180,0.9215,0.9247,30.0,0.9193,2.0,192.0,10.0
2021-01-05 09:37:49.670,0.9215,0.9247,30.0,0.9193,2.0,192.0,10.0
2021-01-05 09:37:53.161,0.9215,0.9247,30.0,0.9194,2.0,192.0,10.0
2021-01-05 09:38:03.191,0.9215,0.9247,30.0,0.9195,1.0,192.0,10.0
2021-01-05 09:38:04.190,0.9215,0.9247,30.0,0.9195,1.0,192.0,10.0
2021-01-05 09:38:07.200,0.9215,0.9236,10.0,0.9195,1.0,192.0,10.0
2021-01-05 09:38:07.690,0.9215,0.9236,10.0,0.9187,10.0,192.0,10.0
2021-01-05 09:38:08.021,0.9215,0.9236,30.0,0.9188,1.0,192.0,10.0
2021-01-05 09:38:09.160,0.9215,0.9231,10.0,0.9188,1.0,192.0,10.0
2021-01-05 09:38:10.180,0.9215,0.9225,10.0,0.9184,2.0,192.0,10.0
2021-01-05 09:38:10.670,0.9215,0.9225,30.0,0.9185,1.0,192.0,10.0
2021-01-05 09:38:11.141,0.9215,0.9225,30.0,0.9185,1.0,192.0,10.0
2021-01-05 09:38:12.191,0.9215,0.9225,30.0,0.9185,1.0,192.0,10.0
2021-01-05 09:38:12.691,0.9215,0.9225,30.0,0.9185,1.0,192.0,10.0
2021-01-05 09:38:14.141,0.9215,0.9225,30.0,0.9185,1.0,192.0,10.0
2021-01-05 09:38:14.691,0.9215,0.9225,30.0,0.918,2.0,192.0,10.0
2021-01-05 09:38:15.150,0.9215,0.9225,30.0,0.917,10.0,192.0,10.0
2021-01-05 09:38:15.730,0.9215,0.9225,30.0,0.9171,2.0,192.0,10.0
2021-01-05 09:38:17.190,0.9215,0.922,10.0,0.9171,2.0,192.0,10.0
2021-01-05 09:38:18.660,0.9215,0.922,10.0,0.9171,2.0,192.0,10.0
2021-01-05 09:38:19.670,0.9215,0.922,10.0,0.9171,2.0,192.0,10.0
2021-01-05 09:38:20.671,0.9215,0.9213,10.0,0.9171,2.0,192.0,10.0
2021-01-05 09:38:21.670,0.9215,0.9213,30.0,0.9168,2.0,192.0,10.0
2021-01-05 09:38:22.210,0.9215,0.9213,30.0,0.9166,2.0,192.0,10.0
2021-01-05 09:38:23.201,0.9215,0.9203,10.0,0.9165,2.0,192.0,10.0
2021-01-05 09:38:24.141,0.9215,0.9201,10.0,0.9155,20.0,192.0,10.0
2021-01-05 09:38:24.690,0.9215,0.9201,10.0,0.9156,2.0,192.0,10.0
2021-01-05 09:38:25.101,0.9215,0.9201,10.0,0.9156,2.0,192.0,10.0
2021-01-05 09:38:26.100,0.9215,0.9201,10.0,0.9154,2.0,192.0,10.0
2021-01-05 09:38:26.701,0.9215,0.9201,10.0,0.9154,22.0,192.0,10.0
2021-01-05 09:38:28.171,0.9215,0.9201,10.0,0.9152,2.0,192.0,10.0
2021-01-05 09:38:28.680,0.9215,0.9201,10.0,0.9152,2.0,192.0,10.0
2021-01-05 09:38:32.171,0.9215,0.9197,20.0,0.9147,10.0,192.0,10.0
2021-01-05 09:38:32.701,0.9215,0.9197,20.0,0.9147,12.0,192.0,10.0
2021-01-05 09:38:33.191,0.9215,0.9189,10.0,0.9141,20.0,192.0,10.0
2021-01-05 09:38:33.700,0.9215,0.9188,20.0,0.9138,2.0,192.0,10.0
2021-01-05 09:38:34.201,0.9215,0.9188,20.0,0.9133,10.0,192.0,10.0
2021-01-05 09:38:34.201,0.9215,0.9176,10.0,0.9131,2.0,192.0,10.0
2021-01-05 09:38:35.700,0.9215,0.9176,10.0,0.9128,2.0,192.0,10.0
2021-01-05 09:38:36.691,0.9215,0.9176,10.0,0.9128,2.0,192.0,10.0
2021-01-05 09:38:37.680,0.9215,0.9173,20.0,0.9125,2.0,192.0,10.0
2021-01-05 09:38:38.601,0.9215,0.9173,20.0,0.9125,2.0,192.0,10.0
2021-01-05 09:38:39.161,0.9215,0.9162,10.0,0.9117,20.0,192.0,10.0
2021-01-05 09:38:39.661,0.9215,0.9162,30.0,0.9118,2.0,192.0,10.0
2021-01-05 09:38:40.141,0.9215,0.9162,30.0,0.9106,10.0,192.0,10.0
2021-01-05 09:38:40.591,0.9215,0.9162,30.0,0.9106,12.0,192.0,10.0
2021-01-05 09:38:41.190,0.9215,0.9162,30.0,0.9106,12.0,192.0,10.0
2021-01-05 09:38:41.670,0.9215,0.915,10.0,0.9106,2.0,192.0,10.0
2021-01-05 09:38:42.191,0.9215,0.915,10.0,0.9106,2.0,192.0,10.0
2021-01-05 09:38:42.700,0.9215,0.915,30.0,0.9106,2.0,192.0,10.0
2021-01-05 09:38:43.190,0.9215,0.915,30.0,0.9106,2.0,192.0,10.0
2021-01-05 09:38:45.201,0.9215,0.915,20.0,0.9106,2.0,192.0,10.0
2021-01-05 09:38:45.580,0.9215,0.9161,10.0,0.9106,2.0,192.0,10.0
2021-01-05 09:38:46.200,0.9215,0.9161,10.0,0.9106,2.0,192.0,10.0
2021-01-05 09:38:48.200,0.9215,0.9162,20.0,0.9116,10.0,192.0,10.0
2021-01-05 09:38:48.650,0.9215,0.9168,30.0,0.9117,1.0,192.0,10.0
2021-01-05 09:38:49.130,0.9215,0.9168,30.0,0.9117,1.0,192.0,10.0
2021-01-05 09:38:49.691,0.9215,0.9168,20.0,0.9117,1.0,192.0,10.0
2021-01-05 09:38:51.691,0.9215,0.9168,20.0,0.9116,30.0,192.0,10.0
2021-01-05 09:38:52.150,0.9215,0.9168,20.0,0.9116,10.0,192.0,10.0
2021-01-05 09:38:52.630,0.9215,0.9159,10.0,0.9103,10.0,192.0,10.0
2021-01-05 09:38:53.191,0.9215,0.9159,30.0,0.9104,2.0,192.0,10.0
2021-01-05 09:38:53.620,0.9215,0.9159,30.0,0.9104,2.0,192.0,10.0
2021-01-05 09:38:54.690,0.9215,0.9155,10.0,0.9104,2.0,192.0,10.0
2021-01-05 09:38:56.190,0.9215,0.9159,30.0,0.9103,10.0,192.0,10.0
2021-01-05 09:38:57.200,0.9215,0.9159,30.0,0.9103,30.0,192.0,10.0
2021-01-05 09:38:57.640,0.9215,0.9159,30.0,0.9103,10.0,192.0,10.0
2021-01-05 09:38:58.670,0.9215,0.9159,30.0,0.9103,30.0,192.0,10.0
2021-01-05 09:38:59.700,0.9215,0.9159,30.0,0.9103,30.0,192.0,10.0
2021-01-05 09:39:00.111,0.9215,0.9159,30.0,0.9103,30.0,192.0,10.0
2021-01-05 09:39:01.700,0.9215,0.9159,30.0,0.9104,1.0,192.0,10.0
2021-01-05 09:39:04.161,0.9215,0.9159,30.0,0.9104,1.0,192.0,10.0
2021-01-05 09:39:07.200,0.9215,0.9159,30.0,0.9104,1.0,192.0,10.0
2021-01-05 09:39:11.201,0.9215,0.9159,30.0,0.9104,1.0,192.0,10.0
2021-01-05 09:39:11.701,0.9215,0.9159,30.0,0.9105,2.0,192.0,10.0
2021-01-05 09:39:20.741,0.9215,0.9159,30.0,0.9104,1.0,192.0,10.0
2021-01-05 09:39:21.231,0.9215,0.9159,30.0,0.9106,2.0,192.0,10.0
2021-01-05 09:39:21.671,0.9215,0.9159,30.0,0.9103,30.0,192.0,10.0
2021-01-05 09:39:22.211,0.9215,0.9159,30.0,0.9103,30.0,192.0,10.0
2021-01-05 09:39:22.651,0.9215,0.9159,30.0,0.9103,30.0,192.0,10.0
2021-01-05 09:39:23.200,0.9215,0.9159,30.0,0.9104,2.0,192.0,10.0
2021-01-05 09:39:24.151,0.9215,0.9159,30.0,0.9103,30.0,192.0,10.0
2021-01-05 09:39:24.670,0.9215,0.9159,30.0,0.9103,30.0,192.0,10.0
2021-01-05 09:39:25.700,0.9215,0.9159,30.0,0.9103,30.0,192.0,10.0
2021-01-05 09:39:26.130,0.9215,0.9148,10.0,0.9103,20.0,192.0,10.0
2021-01-05 09:39:26.681,0.9215,0.9148,30.0,0.91,2.0,192.0,10.0
2021-01-05 09:39:27.711,0.9215,0.9148,30.0,0.91,2.0,192.0,10.0
2021-01-05 09:39:31.121,0.9215,0.9148,20.0,0.9104,10.0,192.0,10.0
2021-01-05 09:39:31.690,0.9215,0.9148,20.0,0.9105,1.0,192.0,10.0
2021-01-05 09:39:32.141,0.9215,0.9159,20.0,0.9105,21.0,192.0,10.0
2021-01-05 09:39:32.631,0.9215,0.9159,20.0,0.9105,21.0,192.0,10.0
2021-01-05 09:39:34.210,0.9215,0.9159,20.0,0.9105,21.0,192.0,10.0
2021-01-05 09:39:41.220,0.9215,0.9159,20.0,0.9105,21.0,192.0,10.0
2021-01-05 09:39:41.750,0.9215,0.9159,20.0,0.9105,20.0,192.0,10.0
2021-01-05 09:39:42.210,0.9215,0.9159,20.0,0.9106,1.0,192.0,10.0
2021-01-05 09:39:43.660,0.9215,0.9159,20.0,0.9106,1.0,192.0,10.0
2021-01-05 09:39:44.680,0.9215,0.9159,20.0,0.9106,1.0,192.0,10.0
2021-01-05 09:39:46.190,0.9215,0.9159,20.0,0.9106,1.0,192.0,10.0
2021-01-05 09:39:46.711,0.9215,0.9159,20.0,0.9105,20.0,192.0,10.0
2021-01-05 09:39:47.250,0.9215,0.9159,20.0,0.9104,10.0,192.0,10.0
2021-01-05 09:39:47.731,0.9215,0.9159,20.0,0.9104,10.0,192.0,10.0
2021-01-05 09:39:48.221,0.9215,0.9159,20.0,0.9104,10.0,192.0,10.0
2021-01-05 09:39:49.711,0.9215,0.9159,20.0,0.9104,10.0,192.0,10.0
2021-01-05 09:39:50.710,0.9215,0.9145,10.0,0.9096,20.0,192.0,10.0
2021-01-05 09:39:51.241,0.9215,0.9145,10.0,0.9089,10.0,192.0,10.0
2021-01-05 09:39:51.730,0.9215,0.9134,10.0,0.9087,22.0,192.0,10.0
2021-01-05 09:39:52.251,0.9215,0.9134,30.0,0.9087,22.0,192.0,10.0
2021-01-05 09:39:53.630,0.9215,0.9134,20.0,0.9091,10.0,192.0,10.0
2021-01-05 09:39:54.191,0.9215,0.9142,30.0,0.9091,10.0,192.0,10.0
2021-01-05 09:39:54.691,0.9215,0.9142,30.0,0.9091,10.0,192.0,10.0
2021-01-05 09:39:55.640,0.9215,0.9142,30.0,0.9091,11.0,192.0,10.0
2021-01-05 09:39:56.120,0.9215,0.9135,10.0,0.9087,20.0,192.0,10.0
2021-01-05 09:39:56.691,0.9215,0.9135,30.0,0.9084,2.0,192.0,10.0
2021-01-05 09:39:57.580,0.9215,0.9135,30.0,0.913,1.0,192.0,10.0
2021-01-05 09:39:58.170,0.913,0.913,1.0,0.9095,20.0,193.0,11.0
2021-01-05 09:39:58.201,0.913,0.913,1.0,0.9084,2.0,193.0,11.0
2021-01-05 09:39:58.940,0.913,0.913,1.0,0.9084,2.0,193.0,11.0
2021-01-05 09:40:00.181,0.913,0.913,1.0,0.909,10.0,193.0,11.0
2021-01-05 09:40:00.610,0.913,0.913,1.0,0.909,30.0,193.0,11.0
2021-01-05 09:40:01.570,0.913,0.913,1.0,0.9091,1.0,193.0,11.0
2021-01-05 09:40:02.200,0.913,0.913,1.0,0.9093,10.0,193.0,11.0
2021-01-05 09:40:02.671,0.913,0.913,1.0,0.91,10.0,193.0,11.0
2021-01-05 09:40:03.691,0.913,0.913,1.0,0.91,30.0,193.0,11.0
2021-01-05 09:40:04.700,0.913,0.913,1.0,0.91,32.0,193.0,11.0
2021-01-05 09:40:06.701,0.913,0.913,1.0,0.91,32.0,193.0,11.0
2021-01-05 09:40:08.200,0.913,0.913,1.0,0.91,32.0,193.0,11.0
2021-01-05 09:40:09.191,0.913,0.9142,20.0,0.9111,10.0,193.0,11.0
2021-01-05 09:40:09.691,0.913,0.9162,30.0,0.9112,2.0,193.0,11.0
2021-01-05 09:40:10.150,0.913,0.9162,30.0,0.9111,30.0,193.0,11.0
2021-01-05 09:40:10.680,0.913,0.9162,20.0,0.9111,30.0,193.0,11.0
2021-01-05 09:40:11.170,0.913,0.9162,20.0,0.9112,2.0,193.0,11.0
2021-01-05 09:40:14.701,0.913,0.9162,20.0,0.9121,10.0,193.0,11.0
2021-01-05 09:40:15.690,0.913,0.9162,20.0,0.9121,30.0,193.0,11.0
2021-01-05 09:40:15.690,0.913,0.9162,20.0,0.9122,2.0,193.0,11.0
2021-01-05 09:40:16.610,0.913,0.9162,20.0,0.9121,30.0,193.0,11.0
2021-01-05 09:40:17.191,0.913,0.9162,20.0,0.9122,2.0,193.0,11.0
2021-01-05 09:40:17.661,0.913,0.9175,30.0,0.9122,2.0,193.0,11.0
2021-01-05 09:40:19.711,0.913,0.9175,30.0,0.9121,40.0,193.0,11.0
2021-01-05 09:40:20.191,0.913,0.9175,40.0,0.9121,30.0,193.0,11.0
2021-01-05 09:40:20.691,0.913,0.9164,10.0,0.9121,20.0,193.0,11.0
2021-01-05 09:40:21.200,0.913,0.9164,10.0,0.9111,20.0,193.0,11.0
2021-01-05 09:40:21.701,0.913,0.9164,30.0,0.9111,22.0,193.0,11.0
2021-01-05 09:40:22.650,0.913,0.9164,30.0,0.9111,22.0,193.0,11.0
2021-01-05 09:40:23.200,0.913,0.9164,30.0,0.9111,20.0,193.0,11.0
2021-01-05 09:40:23.701,0.913,0.9164,30.0,0.9111,20.0,193.0,11.0
2021-01-05 09:40:27.140,0.913,0.9154,10.0,0.9111,20.0,193.0,11.0
2021-01-05 09:40:27.701,0.913,0.915,10.0,0.9111,20.0,193.0,11.0
2021-01-05 09:40:28.110,0.913,0.915,10.0,0.9111,20.0,193.0,11.0
2021-01-05 09:40:28.690,0.913,0.915,10.0,0.91,32.0,193.0,11.0
2021-01-05 09:40:29.170,0.913,0.915,10.0,0.9108,2.0,193.0,11.0
2021-01-05 09:40:30.150,0.913,0.915,10.0,0.9108,20.0,193.0,11.0
2021-01-05 09:40:30.700,0.913,0.915,10.0,0.9108,20.0,193.0,11.0
2021-01-05 09:40:31.040,0.913,0.915,10.0,0.9106,2.0,193.0,11.0
2021-01-05 09:40:31.631,0.913,0.915,10.0,0.9106,22.0,193.0,11.0
2021-01-05 09:40:32.611,0.913,0.915,10.0,0.9106,22.0,193.0,11.0
2021-01-05 09:40:40.670,0.913,0.915,10.0,0.9107,2.0,193.0,11.0
2021-01-05 09:40:41.191,0.913,0.915,10.0,0.911,10.0,193.0,11.0
2021-01-05 09:40:41.640,0.913,0.9154,20.0,0.911,10.0,193.0,11.0
2021-01-05 09:40:42.201,0.913,0.9164,20.0,0.911,10.0,193.0,11.0
2021-01-05 09:40:43.621,0.913,0.9164,20.0,0.9111,2.0,193.0,11.0
2021-01-05 09:40:44.201,0.913,0.9164,20.0,0.9111,2.0,193.0,11.0
2021-01-05 09:40:44.620,0.913,0.9164,20.0,0.9111,2.0,193.0,11.0
2021-01-05 09:40:53.651,0.913,0.9164,20.0,0.9112,1.0,193.0,11.0
2021-01-05 09:40:54.661,0.913,0.9164,20.0,0.9112,21.0,193.0,11.0
2021-01-05 09:40:56.711,0.913,0.9164,20.0,0.9112,21.0,193.0,11.0
2021-01-05 09:41:03.721,0.913,0.9164,20.0,0.9113,2.0,193.0,11.0
2021-01-05 09:41:07.100,0.913,0.9164,20.0,0.9113,2.0,193.0,11.0
2021-01-05 09:41:10.710,0.913,0.9153,10.0,0.9113,2.0,193.0,11.0
2021-01-05 09:41:11.210,0.913,0.9153,10.0,0.9107,2.0,193.0,11.0
2021-01-05 09:41:11.640,0.913,0.9153,30.0,0.9108,1.0,193.0,11.0
2021-01-05 09:41:12.151,0.913,0.9153,10.0,0.9108,1.0,193.0,11.0
2021-01-05 09:41:12.710,0.913,0.9153,30.0,0.9108,1.0,193.0,11.0
2021-01-05 09:41:14.160,0.913,0.9153,30.0,0.9108,1.0,193.0,11.0
2021-01-05 09:41:14.671,0.913,0.9153,30.0,0.9108,1.0,193.0,11.0
2021-01-05 09:41:19.161,0.913,0.9153,30.0,0.9108,1.0,193.0,11.0
2021-01-05 09:41:19.960,0.913,0.9153,30.0,0.9108,1.0,193.0,11.0
2021-01-05 09:41:21.551,0.913,0.9153,30.0,0.9109,2.0,193.0,11.0
2021-01-05 09:41:22.190,0.913,0.9153,30.0,0.9109,2.0,193.0,11.0
2021-01-05 09:41:23.610,0.913,0.9152,10.0,0.9109,2.0,193.0,11.0
2021-01-05 09:41:24.171,0.913,0.9152,10.0,0.9109,2.0,193.0,11.0
2021-01-05 09:41:27.131,0.913,0.9152,10.0,0.9108,1.0,193.0,11.0
2021-01-05 09:41:27.710,0.913,0.9152,10.0,0.9108,1.0,193.0,11.0
2021-01-05 09:41:28.171,0.913,0.9152,10.0,0.9109,2.0,193.0,11.0
2021-01-05 09:41:29.001,0.913,0.9153,30.0,0.9108,1.0,193.0,11.0
2021-01-05 09:41:29.690,0.913,0.9153,30.0,0.9109,2.0,193.0,11.0
2021-01-05 09:41:30.711,0.913,0.9153,30.0,0.9099,10.0,193.0,11.0
2021-01-05 09:41:31.181,0.913,0.9153,30.0,0.9109,2.0,193.0,11.0
2021-01-05 09:41:31.700,0.913,0.9153,30.0,0.9107,2.0,193.0,11.0
2021-01-05 09:41:32.670,0.913,0.9153,30.0,0.9107,2.0,193.0,11.0
2021-01-05 09:41:33.000,0.913,0.9153,30.0,0.9105,2.0,193.0,11.0
2021-01-05 09:41:34.120,0.913,0.9153,30.0,0.9105,22.0,193.0,11.0
2021-01-05 09:41:35.221,0.913,0.9153,30.0,0.9105,2.0,193.0,11.0
2021-01-05 09:41:35.721,0.913,0.9153,30.0,0.9102,2.0,193.0,11.0
2021-01-05 09:41:36.070,0.913,0.9142,10.0,0.9102,2.0,193.0,11.0
2021-01-05 09:41:36.720,0.913,0.9142,10.0,0.909,20.0,193.0,11.0
2021-01-05 09:41:37.210,0.913,0.9142,10.0,0.9099,2.0,193.0,11.0
2021-01-05 09:41:37.711,0.913,0.9142,10.0,0.909,20.0,193.0,11.0
2021-01-05 09:41:38.220,0.913,0.9134,10.0,0.9091,2.0,193.0,11.0
2021-01-05 09:41:39.221,0.913,0.9134,30.0,0.9091,22.0,193.0,11.0
2021-01-05 09:41:41.130,0.913,0.9134,30.0,0.9091,22.0,193.0,11.0
2021-01-05 09:41:47.201,0.913,0.9134,20.0,0.9091,22.0,193.0,11.0
2021-01-05 09:41:48.181,0.913,0.9142,10.0,0.9092,1.0,193.0,11.0
2021-01-05 09:41:50.231,0.913,0.9142,10.0,0.9092,1.0,193.0,11.0
2021-01-05 09:41:51.251,0.913,0.9142,10.0,0.9092,21.0,193.0,11.0
2021-01-05 09:41:52.261,0.913,0.9142,10.0,0.9092,21.0,193.0,11.0
2021-01-05 09:41:52.690,0.913,0.913,10.0,0.9084,20.0,193.0,11.0
2021-01-05 09:41:53.151,0.913,0.913,30.0,0.9085,2.0,193.0,11.0
2021-01-05 09:41:54.161,0.913,0.913,30.0,0.9085,2.0,193.0,11.0
2021-01-05 09:41:55.160,0.913,0.913,30.0,0.9076,30.0,193.0,11.0
2021-01-05 09:41:55.671,0.913,0.913,30.0,0.9077,2.0,193.0,11.0
2021-01-05 09:41:55.911,0.913,0.9126,10.0,0.9077,2.0,193.0,11.0
2021-01-05 09:41:56.680,0.913,0.9126,10.0,0.9077,2.0,193.0,11.0
2021-01-05 09:41:59.131,0.913,0.9126,10.0,0.9077,2.0,193.0,11.0
2021-01-05 09:42:03.161,0.913,0.9126,10.0,0.9077,2.0,193.0,11.0
2021-01-05 09:42:05.711,0.913,0.9126,10.0,0.9078,1.0,193.0,11.0
2021-01-05 09:42:06.690,0.913,0.9126,10.0,0.9078,1.0,193.0,11.0
2021-01-05 09:42:10.681,0.913,0.912,10.0,0.9078,1.0,193.0,11.0
2021-01-05 09:42:11.211,0.913,0.912,30.0,0.9076,20.0,193.0,11.0
2021-01-05 09:42:11.651,0.913,0.912,30.0,0.907,20.0,193.0,11.0
2021-01-05 09:42:12.210,0.913,0.912,30.0,0.907,20.0,193.0,11.0
2021-01-05 09:42:13.211,0.913,0.912,30.0,0.907,20.0,193.0,11.0
2021-01-05 09:42:13.731,0.913,0.912,30.0,0.907,20.0,193.0,11.0
2021-01-05 09:42:15.170,0.913,0.912,30.0,0.9071,1.0,193.0,11.0
2021-01-05 09:42:18.701,0.913,0.912,30.0,0.9071,1.0,193.0,11.0
2021-01-05 09:42:27.651,0.913,0.912,30.0,0.9072,2.0,193.0,11.0
2021-01-05 09:42:31.200,0.913,0.912,30.0,0.9071,1.0,193.0,11.0
2021-01-05 09:42:32.721,0.913,0.912,30.0,0.9071,1.0,193.0,11.0
2021-01-05 09:42:34.210,0.913,0.912,30.0,0.9072,2.0,193.0,11.0
2021-01-05 09:42:35.151,0.913,0.912,30.0,0.9071,1.0,193.0,11.0
2021-01-05 09:42:37.251,0.913,0.912,30.0,0.9071,1.0,193.0,11.0
2021-01-05 09:42:40.221,0.913,0.912,30.0,0.907,20.0,193.0,11.0
2021-01-05 09:42:41.161,0.913,0.9109,10.0,0.907,20.0,193.0,11.0
2021-01-05 09:42:41.731,0.913,0.9108,10.0,0.9064,20.0,193.0,11.0
2021-01-05 09:42:42.250,0.913,0.9108,10.0,0.9062,2.0,193.0,11.0
2021-01-05 09:42:42.711,0.913,0.9108,10.0,0.9064,20.0,193.0,11.0
2021-01-05 09:42:43.741,0.913,0.9108,10.0,0.9064,20.0,193.0,11.0
2021-01-05 09:42:44.751,0.913,0.9108,10.0,0.9064,20.0,193.0,11.0
2021-01-05 09:42:45.191,0.913,0.9108,10.0,0.9065,2.0,193.0,11.0
2021-01-05 09:42:45.650,0.913,0.9108,10.0,0.9062,2.0,193.0,11.0
2021-01-05 09:42:46.240,0.913,0.9108,10.0,0.9064,20.0,193.0,11.0
2021-01-05 09:42:46.240,0.913,0.9108,10.0,0.9064,20.0,193.0,11.0
2021-01-05 09:42:47.690,0.913,0.9108,10.0,0.9064,20.0,193.0,11.0
2021-01-05 09:42:48.171,0.913,0.9109,30.0,0.9064,20.0,193.0,11.0
2021-01-05 09:42:49.750,0.913,0.9109,30.0,0.9064,20.0,193.0,11.0
2021-01-05 09:42:53.640,0.913,0.9109,30.0,0.9064,20.0,193.0,11.0
2021-01-05 09:42:54.191,0.913,0.9109,30.0,0.9055,30.0,193.0,11.0
2021-01-05 09:42:54.591,0.913,0.9109,30.0,0.9056,2.0,193.0,11.0
2021-01-05 09:42:55.701,0.913,0.9109,30.0,0.9056,2.0,193.0,11.0
2021-01-05 09:42:58.220,0.913,0.9099,10.0,0.9056,2.0,193.0,11.0
2021-01-05 09:42:58.731,0.913,0.9099,30.0,0.9056,2.0,193.0,11.0
2021-01-05 09:43:00.721,0.913,0.9099,30.0,0.9056,2.0,193.0,11.0
2021-01-05 09:43:04.740,0.913,0.9099,30.0,0.9057,1.0,193.0,11.0
2021-01-05 09:43:05.251,0.913,0.9099,30.0,0.9057,1.0,193.0,11.0
2021-01-05 09:43:06.680,0.913,0.9099,20.0,0.9057,1.0,193.0,11.0
2021-01-05 09:43:07.710,0.913,0.9109,30.0,0.9057,1.0,193.0,11.0
2021-01-05 09:43:08.181,0.913,0.9109,30.0,0.9057,1.0,193.0,11.0
2021-01-05 09:43:09.231,0.913,0.9109,30.0,0.9057,1.0,193.0,11.0
2021-01-05 09:43:10.150,0.913,0.9109,30.0,0.9057,1.0,193.0,11.0
2021-01-05 09:43:14.770,0.913,0.9109,30.0,0.9058,2.0,193.0,11.0
2021-01-05 09:43:15.771,0.913,0.9109,30.0,0.9058,2.0,193.0,11.0
2021-01-05 09:43:24.631,0.913,0.9109,30.0,0.9059,2.0,193.0,11.0
2021-01-05 09:43:34.691,0.913,0.9109,30.0,0.906,2.0,193.0,11.0
2021-01-05 09:43:35.681,0.913,0.9109,30.0,0.906,2.0,193.0,11.0
2021-01-05 09:43:36.661,0.913,0.9109,30.0,0.906,2.0,193.0,11.0
2021-01-05 09:43:44.670,0.913,0.9109,30.0,0.9061,2.0,193.0,11.0
2021-01-05 09:43:45.720,0.913,0.9109,30.0,0.9061,22.0,193.0,11.0
2021-01-05 09:43:54.191,0.913,0.9109,20.0,0.9065,10.0,193.0,11.0
2021-01-05 09:43:54.680,0.913,0.9119,30.0,0.9066,2.0,193.0,11.0
2021-01-05 09:43:55.660,0.913,0.9119,30.0,0.9066,2.0,193.0,11.0
2021-01-05 09:44:00.701,0.913,0.9119,30.0,0.9066,2.0,193.0,11.0
2021-01-05 09:44:01.160,0.913,0.9119,30.0,0.9066,2.0,193.0,11.0
2021-01-05 09:44:04.230,0.913,0.9119,20.0,0.9066,2.0,193.0,11.0
2021-01-05 09:44:04.751,0.913,0.9119,20.0,0.9077,10.0,193.0,11.0
2021-01-05 09:44:05.260,0.913,0.9119,20.0,0.9077,30.0,193.0,11.0
2021-01-05 09:44:06.770,0.913,0.9119,20.0,0.9078,2.0,193.0,11.0
2021-01-05 09:44:07.750,0.913,0.9119,20.0,0.9078,2.0,193.0,11.0
2021-01-05 09:44:08.261,0.913,0.9119,20.0,0.9078,2.0,193.0,11.0
2021-01-05 09:44:16.781,0.913,0.9119,20.0,0.9079,2.0,193.0,11.0
2021-01-05 09:44:26.701,0.913,0.9119,20.0,0.908,2.0,193.0,11.0
2021-01-05 09:44:28.680,0.913,0.9119,20.0,0.908,2.0,193.0,11.0
2021-01-05 09:44:32.220,0.913,0.9119,20.0,0.908,2.0,193.0,11.0
2021-01-05 09:44:32.691,0.913,0.9119,20.0,0.9087,10.0,193.0,11.0
2021-01-05 09:44:33.240,0.913,0.9119,20.0,0.9088,2.0,193.0,11.0
2021-01-05 09:44:34.141,0.913,0.9124,10.0,0.9088,2.0,193.0,11.0
2021-01-05 09:44:36.220,0.913,0.9124,10.0,0.9088,2.0,193.0,11.0
2021-01-05 09:44:39.661,0.913,0.9124,10.0,0.9088,2.0,193.0,11.0
2021-01-05 09:44:40.750,0.913,0.9125,20.0,0.9088,2.0,193.0,11.0
2021-01-05 09:44:41.730,0.913,0.9141,30.0,0.9088,2.0,193.0,11.0
2021-01-05 09:44:42.250,0.913,0.9141,30.0,0.9088,2.0,193.0,11.0
2021-01-05 09:44:43.251,0.913,0.9141,30.0,0.9089,2.0,193.0,11.0
2021-01-05 09:44:45.760,0.913,0.9141,30.0,0.9089,2.0,193.0,11.0
2021-01-05 09:44:50.300,0.913,0.9141,30.0,0.9087,30.0,193.0,11.0
2021-01-05 09:44:50.811,0.913,0.9141,30.0,0.9087,30.0,193.0,11.0
2021-01-05 09:44:51.650,0.913,0.9141,30.0,0.9087,30.0,193.0,11.0
2021-01-05 09:44:52.711,0.913,0.9141,30.0,0.9087,30.0,193.0,11.0
2021-01-05 09:44:54.720,0.913,0.9141,30.0,0.9088,1.0,193.0,11.0
2021-01-05 09:44:56.220,0.913,0.9141,30.0,0.9088,1.0,193.0,11.0
2021-01-05 09:44:56.720,0.913,0.9141,30.0,0.9088,1.0,193.0,11.0
2021-01-05 09:45:01.680,0.913,0.9141,20.0,0.9098,10.0,193.0,11.0
2021-01-05 09:45:02.061,0.913,0.9141,20.0,0.9099,2.0,193.0,11.0
2021-01-05 09:45:02.710,0.913,0.9141,20.0,0.9099,2.0,193.0,11.0
2021-01-05 09:45:03.680,0.913,0.9141,20.0,0.9099,2.0,193.0,11.0
2021-01-05 09:45:04.700,0.913,0.9141,20.0,0.9099,2.0,193.0,11.0
2021-01-05 09:45:05.221,0.913,0.9141,20.0,0.9099,2.0,193.0,11.0
2021-01-05 09:45:05.720,0.913,0.9148,20.0,0.911,10.0,193.0,11.0
2021-01-05 09:45:06.200,0.913,0.9148,20.0,0.9111,2.0,193.0,11.0
2021-01-05 09:45:06.721,0.913,0.9165,30.0,0.9111,2.0,193.0,11.0
2021-01-05 09:45:07.130,0.913,0.9165,30.0,0.9111,2.0,193.0,11.0
2021-01-05 09:45:07.651,0.913,0.9165,30.0,0.9111,2.0,193.0,11.0
2021-01-05 09:45:09.190,0.913,0.9165,30.0,0.9111,2.0,193.0,11.0
2021-01-05 09:45:15.721,0.913,0.9165,20.0,0.9121,10.0,193.0,11.0
2021-01-05 09:45:16.230,0.913,0.9165,20.0,0.9122,2.0,193.0,11.0
2021-01-05 09:45:16.630,0.913,0.9175,30.0,0.9122,2.0,193.0,11.0
2021-01-05 09:45:17.731,0.913,0.9175,30.0,0.9122,2.0,193.0,11.0
2021-01-05 09:45:19.731,0.913,0.9175,30.0,0.9122,2.0,193.0,11.0
2021-01-05 09:45:21.191,0.913,0.9175,30.0,0.9122,2.0,193.0,11.0
2021-01-05 09:45:26.220,0.913,0.9175,30.0,0.9123,2.0,193.0,11.0
2021-01-05 09:45:30.191,0.913,0.9165,10.0,0.9123,2.0,193.0,11.0
2021-01-05 09:45:30.700,0.913,0.9165,30.0,0.9123,2.0,193.0,11.0
2021-01-05 09:45:34.220,0.913,0.9163,10.0,0.9123,2.0,193.0,11.0
2021-01-05 09:45:35.731,0.913,0.9163,10.0,0.9121,20.0,193.0,11.0
2021-01-05 09:45:36.240,0.913,0.9163,10.0,0.9118,2.0,193.0,11.0
2021-01-05 09:45:36.730,0.913,0.9163,10.0,0.9118,2.0,193.0,11.0
2021-01-05 09:45:37.241,0.913,0.9163,10.0,0.9118,2.0,193.0,11.0
2021-01-05 09:45:37.731,0.913,0.9163,10.0,0.9118,2.0,193.0,11.0
2021-01-05 09:45:39.710,0.913,0.9163,10.0,0.9116,20.0,193.0,11.0
2021-01-05 09:45:40.240,0.913,0.9163,10.0,0.9116,20.0,193.0,11.0
2021-01-05 09:45:40.730,0.913,0.9163,10.0,0.9115,2.0,193.0,11.0
2021-01-05 09:45:42.240,0.913,0.9163,10.0,0.9115,2.0,193.0,11.0
2021-01-05 09:45:45.220,0.913,0.9165,30.0,0.9115,2.0,193.0,11.0
2021-01-05 09:45:48.201,0.913,0.9165,30.0,0.9115,2.0,193.0,11.0
2021-01-05 09:45:49.751,0.913,0.9165,30.0,0.9116,2.0,193.0,11.0
2021-01-05 09:45:52.641,0.913,0.9165,30.0,0.9116,22.0,193.0,11.0
2021-01-05 09:45:58.711,0.913,0.9165,30.0,0.9116,2.0,193.0,11.0
2021-01-05 09:45:59.710,0.913,0.9165,30.0,0.9117,2.0,193.0,11.0
2021-01-05 09:46:00.210,0.913,0.9155,10.0,0.9117,2.0,193.0,11.0
2021-01-05 09:46:00.730,0.913,0.9155,10.0,0.91,10.0,193.0,11.0
2021-01-05 09:46:01.180,0.913,0.9155,10.0,0.9101,2.0,193.0,11.0
2021-01-05 09:46:03.731,0.913,0.9155,10.0,0.9101,2.0,193.0,11.0
2021-01-05 09:46:06.690,0.913,0.9143,10.0,0.9101,2.0,193.0,11.0
2021-01-05 09:46:07.231,0.913,0.9143,30.0,0.9101,2.0,193.0,11.0
2021-01-05 09:46:08.040,0.913,0.9143,30.0,0.9101,2.0,193.0,11.0
2021-01-05 09:46:08.730,0.913,0.9143,30.0,0.9101,2.0,193.0,11.0
2021-01-05 09:46:09.710,0.913,0.9143,30.0,0.9101,2.0,193.0,11.0
2021-01-05 09:46:10.230,0.913,0.9143,30.0,0.9089,10.0,193.0,11.0
2021-01-05 09:46:10.720,0.913,0.9143,30.0,0.909,2.0,193.0,11.0
2021-01-05 09:46:11.181,0.913,0.9143,30.0,0.9089,30.0,193.0,11.0
2021-01-05 09:46:12.190,0.913,0.9132,10.0,0.9083,20.0,193.0,11.0
2021-01-05 09:46:12.680,0.913,0.9132,30.0,0.9084,2.0,193.0,11.0
2021-01-05 09:46:13.200,0.913,0.9132,30.0,0.9083,22.0,193.0,11.0
2021-01-05 09:46:13.550,0.913,0.9132,30.0,0.9083,22.0,193.0,11.0
2021-01-05 09:46:14.230,0.913,0.9132,30.0,0.9083,20.0,193.0,11.0
2021-01-05 09:46:15.231,0.913,0.9132,30.0,0.9084,1.0,193.0,11.0
2021-01-05 09:46:15.730,0.913,0.9132,30.0,0.9083,20.0,193.0,11.0
2021-01-05 09:46:16.070,0.913,0.9132,30.0,0.9083,20.0,193.0,11.0
2021-01-05 09:46:17.221,0.913,0.9132,30.0,0.9078,20.0,193.0,11.0
2021-01-05 09:46:17.751,0.913,0.9132,30.0,0.9078,22.0,193.0,11.0
2021-01-05 09:46:18.180,0.913,0.9132,30.0,0.9078,22.0,193.0,11.0
2021-01-05 09:46:19.171,0.913,0.9124,10.0,0.9078,12.0,193.0,11.0
2021-01-05 09:46:20.210,0.913,0.9124,30.0,0.9078,12.0,193.0,11.0
2021-01-05 09:46:20.731,0.913,0.9124,20.0,0.9078,12.0,193.0,11.0
2021-01-05 09:46:21.611,0.913,0.9132,30.0,0.9078,12.0,193.0,11.0
2021-01-05 09:46:22.220,0.913,0.9132,30.0,0.9078,12.0,193.0,11.0
2021-01-05 09:46:23.201,0.913,0.9132,30.0,0.9078,12.0,193.0,11.0
2021-01-05 09:46:24.221,0.913,0.9132,30.0,0.9078,12.0,193.0,11.0
2021-01-05 09:46:25.651,0.913,0.9132,30.0,0.9079,2.0,193.0,11.0
2021-01-05 09:46:27.201,0.913,0.9132,30.0,0.9078,10.0,193.0,11.0
2021-01-05 09:46:28.021,0.913,0.9132,30.0,0.9078,10.0,193.0,11.0
2021-01-05 09:46:30.721,0.913,0.9132,30.0,0.9078,10.0,193.0,11.0
2021-01-05 09:46:32.100,0.913,0.9132,30.0,0.9078,11.0,193.0,11.0
2021-01-05 09:46:33.660,0.913,0.9132,30.0,0.9078,11.0,193.0,11.0
2021-01-05 09:46:34.171,0.913,0.9132,30.0,0.9078,10.0,193.0,11.0
2021-01-05 09:46:35.721,0.913,0.9132,30.0,0.9078,10.0,193.0,11.0
2021-01-05 09:46:36.730,0.913,0.9132,30.0,0.9078,10.0,193.0,11.0
2021-01-05 09:46:41.730,0.913,0.9132,30.0,0.9079,1.0,193.0,11.0
2021-01-05 09:46:45.161,0.913,0.9132,30.0,0.9079,1.0,193.0,11.0
2021-01-05 09:46:49.251,0.913,0.9132,30.0,0.9079,1.0,193.0,11.0
2021-01-05 09:46:51.801,0.913,0.9132,30.0,0.908,2.0,193.0,11.0
2021-01-05 09:46:59.191,0.913,0.9132,30.0,0.908,2.0,193.0,11.0
2021-01-05 09:47:01.210,0.913,0.9132,20.0,0.9089,10.0,193.0,11.0
2021-01-05 09:47:01.721,0.913,0.9143,40.0,0.909,2.0,193.0,11.0
2021-01-05 09:47:02.230,0.913,0.9143,40.0,0.909,2.0,193.0,11.0
2021-01-05 09:47:03.220,0.913,0.9143,20.0,0.9101,10.0,193.0,11.0
2021-01-05 09:47:03.740,0.913,0.9155,30.0,0.9102,2.0,193.0,11.0
2021-01-05 09:47:04.211,0.913,0.9155,30.0,0.9102,2.0,193.0,11.0
2021-01-05 09:47:05.250,0.913,0.9155,30.0,0.9102,2.0,193.0,11.0
2021-01-05 09:47:05.750,0.913,0.9155,30.0,0.9102,2.0,193.0,11.0
2021-01-05 09:47:06.750,0.913,0.9155,20.0,0.9113,10.0,193.0,11.0
2021-01-05 09:47:07.221,0.913,0.9167,30.0,0.9114,2.0,193.0,11.0
2021-01-05 09:47:07.740,0.913,0.9167,30.0,0.9114,2.0,193.0,11.0
2021-01-05 09:47:09.751,0.913,0.9167,30.0,0.9114,2.0,193.0,11.0
2021-01-05 09:47:10.260,0.913,0.9167,20.0,0.9123,10.0,193.0,11.0
2021-01-05 09:47:10.721,0.913,0.9174,30.0,0.9123,30.0,193.0,11.0
2021-01-05 09:47:11.250,0.913,0.9174,30.0,0.9124,2.0,193.0,11.0
2021-01-05 09:47:11.751,0.913,0.9174,30.0,0.9124,2.0,193.0,11.0
2021-01-05 09:47:11.751,0.913,0.9174,30.0,0.9124,2.0,193.0,11.0
2021-01-05 09:47:12.731,0.913,0.9174,20.0,0.9124,2.0,193.0,11.0
2021-01-05 09:47:16.241,0.913,0.9174,20.0,0.9133,10.0,193.0,11.0
2021-01-05 09:47:16.731,0.913,0.9187,40.0,0.9133,30.0,193.0,11.0
2021-01-05 09:47:17.251,0.913,0.9187,40.0,0.9134,1.0,193.0,11.0
2021-01-05 09:47:19.261,0.913,0.9187,40.0,0.9134,1.0,193.0,11.0
2021-01-05 09:47:19.731,0.913,0.9187,40.0,0.9134,1.0,193.0,11.0
2021-01-05 09:47:20.231,0.913,0.9187,30.0,0.9144,10.0,193.0,11.0
2021-01-05 09:47:20.761,0.913,0.9187,30.0,0.9145,2.0,193.0,11.0
2021-01-05 09:47:21.760,0.913,0.9187,20.0,0.9145,2.0,193.0,11.0
2021-01-05 09:47:22.240,0.913,0.9198,30.0,0.9145,2.0,193.0,11.0
2021-01-05 09:47:24.330,0.913,0.9198,30.0,0.9145,2.0,193.0,11.0
2021-01-05 09:47:25.241,0.913,0.9198,30.0,0.9145,2.0,193.0,11.0
2021-01-05 09:47:30.720,0.913,0.9198,20.0,0.9155,10.0,193.0,11.0
2021-01-05 09:47:31.000,0.913,0.9209,40.0,0.9155,30.0,193.0,11.0
2021-01-05 09:47:32.681,0.913,0.9209,40.0,0.9156,2.0,193.0,11.0
2021-01-05 09:47:33.730,0.913,0.9209,40.0,0.9156,2.0,193.0,11.0
2021-01-05 09:47:34.231,0.913,0.9209,40.0,0.9155,30.0,193.0,11.0
2021-01-05 09:47:34.750,0.913,0.9209,40.0,0.9156,2.0,193.0,11.0
2021-01-05 09:47:35.740,0.913,0.9209,40.0,0.9155,30.0,193.0,11.0
2021-01-05 09:47:36.241,0.913,0.9209,30.0,0.9156,2.0,193.0,11.0
2021-01-05 09:47:41.261,0.913,0.9209,30.0,0.9156,2.0,193.0,11.0
2021-01-05 09:47:46.260,0.913,0.9209,30.0,0.9157,2.0,193.0,11.0
2021-01-05 09:47:49.260,0.913,0.9209,30.0,0.9157,2.0,193.0,11.0
2021-01-05 09:47:51.241,0.913,0.9209,20.0,0.9155,20.0,193.0,11.0
2021-01-05 09:47:51.771,0.913,0.9196,10.0,0.9154,2.0,193.0,11.0
2021-01-05 09:47:52.271,0.913,0.9196,10.0,0.9153,20.0,193.0,11.0
2021-01-05 09:47:52.271,0.913,0.9196,10.0,0.9153,2.0,193.0,11.0
2021-01-05 09:47:53.221,0.913,0.9196,10.0,0.9144,20.0,193.0,11.0
2021-01-05 09:47:54.230,0.913,0.9196,10.0,0.9154,2.0,193.0,11.0
2021-01-05 09:47:54.230,0.913,0.9196,10.0,0.9151,2.0,193.0,11.0
2021-01-05 09:47:55.241,0.913,0.9196,10.0,0.9142,10.0,193.0,11.0
2021-01-05 09:47:55.740,0.913,0.9185,10.0,0.9141,2.0,193.0,11.0
2021-01-05 09:47:56.251,0.913,0.9185,30.0,0.9141,2.0,193.0,11.0
2021-01-05 09:47:56.751,0.913,0.9185,30.0,0.9139,2.0,193.0,11.0
2021-01-05 09:47:57.250,0.913,0.9185,30.0,0.9139,22.0,193.0,11.0
2021-01-05 09:47:58.261,0.913,0.9185,20.0,0.914,10.0,193.0,11.0
2021-01-05 09:47:58.781,0.913,0.9185,20.0,0.9141,2.0,193.0,11.0
2021-01-05 09:47:59.000,0.913,0.9194,30.0,0.9141,2.0,193.0,11.0
2021-01-05 09:47:59.751,0.913,0.9194,30.0,0.9141,2.0,193.0,11.0
2021-01-05 09:48:00.791,0.913,0.9194,30.0,0.9141,2.0,193.0,11.0
2021-01-05 09:48:01.261,0.913,0.9194,20.0,0.9141,2.0,193.0,11.0
2021-01-05 09:48:01.791,0.913,0.9206,10.0,0.9152,10.0,193.0,11.0
2021-01-05 09:48:02.260,0.913,0.9206,30.0,0.9153,2.0,193.0,11.0
2021-01-05 09:48:03.290,0.913,0.9206,30.0,0.9153,2.0,193.0,11.0
2021-01-05 09:48:05.290,0.913,0.9206,30.0,0.9153,2.0,193.0,11.0
2021-01-05 09:48:07.760,0.913,0.9206,20.0,0.9153,2.0,193.0,11.0
2021-01-05 09:48:08.281,0.913,0.9217,10.0,0.9163,10.0,193.0,11.0
2021-01-05 09:48:08.761,0.913,0.9217,30.0,0.9164,2.0,193.0,11.0
2021-01-05 09:48:10.171,0.913,0.9217,30.0,0.9164,2.0,193.0,11.0
2021-01-05 09:48:11.291,0.913,0.9217,30.0,0.9164,2.0,193.0,11.0
2021-01-05 09:48:12.300,0.913,0.9217,30.0,0.9164,2.0,193.0,11.0
2021-01-05 09:48:15.310,0.913,0.9217,20.0,0.9153,2.0,193.0,11.0
2021-01-05 09:48:15.831,0.913,0.9204,10.0,0.9153,2.0,193.0,11.0
2021-01-05 09:48:16.321,0.913,0.9207,20.0,0.9153,2.0,193.0,11.0
2021-01-05 09:48:16.321,0.913,0.9194,10.0,0.9146,20.0,193.0,11.0
2021-01-05 09:48:17.300,0.913,0.9194,30.0,0.9147,2.0,193.0,11.0
2021-01-05 09:48:17.811,0.913,0.9194,30.0,0.9146,20.0,193.0,11.0
2021-01-05 09:48:18.330,0.913,0.9194,30.0,0.9146,20.0,193.0,11.0
2021-01-05 09:48:18.841,0.913,0.9194,30.0,0.9139,32.0,193.0,11.0
2021-01-05 09:48:19.331,0.913,0.9186,10.0,0.914,2.0,193.0,11.0
2021-01-05 09:48:19.800,0.913,0.9186,30.0,0.914,2.0,193.0,11.0
2021-01-05 09:48:20.261,0.913,0.9186,30.0,0.914,2.0,193.0,11.0
2021-01-05 09:48:21.340,0.913,0.9186,30.0,0.914,2.0,193.0,11.0
2021-01-05 09:48:24.080,0.913,0.9186,30.0,0.914,2.0,193.0,11.0
2021-01-05 09:48:25.221,0.913,0.9186,30.0,0.914,2.0,193.0,11.0
2021-01-05 09:48:26.101,0.913,0.9182,10.0,0.9139,20.0,193.0,11.0
2021-01-05 09:48:26.621,0.913,0.9182,10.0,0.9134,1.0,193.0,11.0
2021-01-05 09:48:27.701,0.913,0.9182,10.0,0.9135,2.0,193.0,11.0
2021-01-05 09:48:28.041,0.913,0.9161,10.0,0.9116,30.0,193.0,11.0
2021-01-05 09:48:28.731,0.913,0.917,10.0,0.9117,2.0,193.0,11.0
2021-01-05 09:48:29.121,0.913,0.9161,20.0,0.9117,2.0,193.0,11.0
2021-01-05 09:48:29.691,0.913,0.917,30.0,0.9117,2.0,193.0,11.0
2021-01-05 09:48:30.210,0.913,0.917,30.0,0.9117,2.0,193.0,11.0
2021-01-05 09:48:32.200,0.913,0.916,10.0,0.9117,2.0,193.0,11.0
2021-01-05 09:48:32.700,0.913,0.916,10.0,0.9114,2.0,193.0,11.0
2021-01-05 09:48:33.680,0.913,0.916,10.0,0.9112,2.0,193.0,11.0
2021-01-05 09:48:34.141,0.913,0.916,10.0,0.9112,2.0,193.0,11.0
2021-01-05 09:48:36.730,0.913,0.916,10.0,0.9112,2.0,193.0,11.0
2021-01-05 09:48:37.491,0.913,0.916,10.0,0.9112,2.0,193.0,11.0
2021-01-05 09:48:42.321,0.913,0.916,10.0,0.9112,2.0,193.0,11.0
2021-01-05 09:48:43.740,0.913,0.916,10.0,0.9113,1.0,193.0,11.0
2021-01-05 09:48:44.701,0.913,0.916,10.0,0.9113,21.0,193.0,11.0
2021-01-05 09:48:47.021,0.913,0.916,10.0,0.9113,21.0,193.0,11.0
2021-01-05 09:48:51.540,0.913,0.916,10.0,0.9113,1.0,193.0,11.0
2021-01-05 09:48:52.510,0.913,0.916,10.0,0.9107,20.0,193.0,11.0
2021-01-05 09:48:52.641,0.913,0.916,10.0,0.9107,2.0,193.0,11.0
2021-01-05 09:48:53.000,0.913,0.9148,10.0,0.9106,2.0,193.0,11.0
2021-01-05 09:48:53.691,0.913,0.9148,10.0,0.9097,20.0,193.0,11.0
2021-01-05 09:48:54.091,0.913,0.9148,10.0,0.9105,2.0,193.0,11.0
2021-01-05 09:48:54.550,0.913,0.9148,10.0,0.9097,20.0,193.0,11.0
2021-01-05 09:48:55.201,0.913,0.9148,10.0,0.9098,2.0,193.0,11.0
2021-01-05 09:48:57.171,0.913,0.9148,10.0,0.9098,2.0,193.0,11.0
2021-01-05 09:48:57.851,0.913,0.9138,10.0,0.9087,20.0,193.0,11.0
2021-01-05 09:48:58.160,0.913,0.9138,10.0,0.9088,2.0,193.0,11.0
2021-01-05 09:48:59.161,0.913,0.9138,10.0,0.9088,2.0,193.0,11.0
2021-01-05 09:49:08.830,0.913,0.9138,10.0,0.9089,1.0,193.0,11.0
2021-01-05 09:49:09.320,0.913,0.9143,20.0,0.9089,1.0,193.0,11.0
2021-01-05 09:49:09.821,0.913,0.9149,10.0,0.9094,10.0,193.0,11.0
2021-01-05 09:49:10.330,0.913,0.9153,20.0,0.9094,20.0,193.0,11.0
2021-01-05 09:49:10.831,0.913,0.9153,20.0,0.9105,10.0,193.0,11.0
2021-01-05 09:49:11.260,0.913,0.9153,20.0,0.9105,10.0,193.0,11.0
2021-01-05 09:49:11.850,0.913,0.9153,20.0,0.9105,10.0,193.0,11.0
2021-01-05 09:49:12.270,0.913,0.9153,20.0,0.9089,1.0,193.0,11.0
2021-01-05 09:49:12.270,0.913,0.9149,10.0,0.9094,10.0,193.0,11.0
2021-01-05 09:49:13.310,0.913,0.9149,10.0,0.9095,2.0,193.0,11.0
2021-01-05 09:49:13.851,0.913,0.9149,10.0,0.9095,2.0,193.0,11.0
2021-01-05 09:49:20.840,0.913,0.9149,10.0,0.9095,2.0,193.0,11.0
2021-01-05 09:49:21.330,0.913,0.9149,10.0,0.9095,2.0,193.0,11.0
2021-01-05 09:49:21.831,0.913,0.9153,20.0,0.9095,2.0,193.0,11.0
2021-01-05 09:49:22.300,0.913,0.9139,10.0,0.9095,2.0,193.0,11.0
2021-01-05 09:49:22.721,0.913,0.9139,30.0,0.9095,2.0,193.0,11.0
2021-01-05 09:49:23.201,0.913,0.9139,30.0,0.9095,2.0,193.0,11.0
2021-01-05 09:49:24.241,0.913,0.9139,30.0,0.9093,2.0,193.0,11.0
2021-01-05 09:49:24.671,0.913,0.9139,30.0,0.9091,2.0,193.0,11.0
2021-01-05 09:49:25.080,0.913,0.9139,30.0,0.9091,2.0,193.0,11.0
2021-01-05 09:49:27.211,0.913,0.9139,30.0,0.9091,2.0,193.0,11.0
2021-01-05 09:49:29.210,0.913,0.9139,30.0,0.9091,2.0,193.0,11.0
2021-01-05 09:49:31.621,0.913,0.9139,30.0,0.9091,2.0,193.0,11.0
2021-01-05 09:49:32.701,0.913,0.9139,30.0,0.9087,20.0,193.0,11.0
2021-01-05 09:49:33.621,0.913,0.9129,10.0,0.9087,20.0,193.0,11.0
2021-01-05 09:49:34.171,0.913,0.9129,30.0,0.9075,30.0,193.0,11.0
2021-01-05 09:49:34.701,0.913,0.9129,30.0,0.9076,2.0,193.0,11.0
2021-01-05 09:49:35.120,0.913,0.9129,30.0,0.9076,2.0,193.0,11.0
2021-01-05 09:49:37.260,0.913,0.9129,30.0,0.9076,2.0,193.0,11.0
2021-01-05 09:49:38.720,0.913,0.9124,10.0,0.9075,30.0,193.0,11.0
2021-01-05 09:49:39.761,0.913,0.9124,10.0,0.9075,31.0,193.0,11.0
2021-01-05 09:49:40.581,0.913,0.9119,10.0,0.9075,21.0,193.0,11.0
2021-01-05 09:49:42.210,0.913,0.9119,30.0,0.9075,21.0,193.0,11.0
2021-01-05 09:49:43.741,0.913,0.9119,30.0,0.9075,21.0,193.0,11.0
2021-01-05 09:49:47.161,0.913,0.9119,30.0,0.9075,21.0,193.0,11.0
2021-01-05 09:49:49.741,0.913,0.9119,30.0,0.9076,2.0,193.0,11.0
2021-01-05 09:49:50.711,0.913,0.9119,30.0,0.9075,21.0,193.0,11.0
2021-01-05 09:49:51.760,0.913,0.9119,20.0,0.9076,2.0,193.0,11.0
2021-01-05 09:49:52.260,0.913,0.9119,20.0,0.9076,2.0,193.0,11.0
2021-01-05 09:49:53.731,0.913,0.9119,20.0,0.9076,2.0,193.0,11.0
2021-01-05 09:49:54.721,0.913,0.9129,20.0,0.9085,10.0,193.0,11.0
2021-01-05 09:49:55.210,0.913,0.9129,20.0,0.9086,2.0,193.0,11.0
2021-01-05 09:49:55.210,0.913,0.9139,30.0,0.9086,22.0,193.0,11.0
2021-01-05 09:49:58.240,0.913,0.9139,30.0,0.9086,22.0,193.0,11.0
2021-01-05 09:49:58.680,0.913,0.9139,20.0,0.9098,10.0,193.0,11.0
2021-01-05 09:49:59.220,0.913,0.9145,30.0,0.9099,2.0,193.0,11.0
2021-01-05 09:49:59.700,0.913,0.9145,20.0,0.9099,2.0,193.0,11.0
2021-01-05 09:50:00.720,0.913,0.9152,30.0,0.9099,2.0,193.0,11.0
2021-01-05 09:50:01.621,0.913,0.9152,30.0,0.9099,2.0,193.0,11.0
2021-01-05 09:50:02.021,0.913,0.9152,30.0,0.9099,2.0,193.0,11.0
2021-01-05 09:50:03.210,0.913,0.9152,20.0,0.9109,10.0,193.0,11.0
2021-01-05 09:50:03.730,0.913,0.9152,20.0,0.911,2.0,193.0,11.0
2021-01-05 09:50:04.241,0.913,0.9157,10.0,0.911,2.0,193.0,11.0
2021-01-05 09:50:04.691,0.913,0.916,20.0,0.9122,10.0,193.0,11.0
2021-01-05 09:50:05.231,0.913,0.9166,20.0,0.9122,10.0,193.0,11.0
2021-01-05 09:50:05.690,0.913,0.9176,30.0,0.9122,30.0,193.0,11.0
2021-01-05 09:50:06.180,0.913,0.9176,30.0,0.9122,10.0,193.0,11.0
2021-01-05 09:50:06.710,0.913,0.9176,30.0,0.9122,30.0,193.0,11.0
2021-01-05 09:50:07.740,0.913,0.9165,10.0,0.9112,10.0,193.0,11.0
2021-01-05 09:50:08.251,0.913,0.9165,10.0,0.9119,20.0,193.0,11.0
2021-01-05 09:50:08.700,0.913,0.9165,30.0,0.912,2.0,193.0,11.0
2021-01-05 09:50:09.330,0.913,0.9165,20.0,0.9122,10.0,193.0,11.0
2021-01-05 09:50:10.210,0.913,0.9165,20.0,0.9123,1.0,193.0,11.0
2021-01-05 09:50:10.641,0.913,0.9176,30.0,0.9123,1.0,193.0,11.0
2021-01-05 09:50:11.240,0.913,0.9176,30.0,0.9123,1.0,193.0,11.0
2021-01-05 09:50:11.761,0.913,0.9176,30.0,0.9123,1.0,193.0,11.0
2021-01-05 09:50:12.170,0.913,0.9176,30.0,0.9123,1.0,193.0,11.0
2021-01-05 09:50:17.691,0.913,0.9176,30.0,0.9123,1.0,193.0,11.0
2021-01-05 09:50:20.231,0.913,0.9176,30.0,0.9124,2.0,193.0,11.0
2021-01-05 09:50:21.251,0.913,0.9176,30.0,0.9123,1.0,193.0,11.0
2021-01-05 09:50:22.250,0.913,0.9165,10.0,0.9122,10.0,193.0,11.0
2021-01-05 09:50:22.580,0.913,0.9165,30.0,0.9124,2.0,193.0,11.0
2021-01-05 09:50:23.220,0.913,0.9163,10.0,0.911,2.0,193.0,11.0
2021-01-05 09:50:23.710,0.913,0.9163,10.0,0.9111,2.0,193.0,11.0
2021-01-05 09:50:24.311,0.913,0.9163,10.0,0.9112,2.0,193.0,11.0
2021-01-05 09:50:25.241,0.913,0.9163,10.0,0.9112,2.0,193.0,11.0
2021-01-05 09:50:25.740,0.913,0.9163,10.0,0.911,2.0,193.0,11.0
2021-01-05 09:50:27.661,0.913,0.9163,10.0,0.9109,30.0,193.0,11.0
2021-01-05 09:50:28.251,0.913,0.9163,10.0,0.9109,30.0,193.0,11.0
2021-01-05 09:50:28.731,0.913,0.9156,10.0,0.9109,30.0,193.0,11.0
2021-01-05 09:50:29.160,0.913,0.9156,30.0,0.9109,32.0,193.0,11.0
2021-01-05 09:50:29.690,0.913,0.9156,30.0,0.9109,30.0,193.0,11.0
2021-01-05 09:50:31.140,0.913,0.9156,30.0,0.9109,30.0,193.0,11.0
2021-01-05 09:50:33.161,0.913,0.9156,30.0,0.9109,30.0,193.0,11.0
2021-01-05 09:50:34.241,0.913,0.9156,20.0,0.9109,30.0,193.0,11.0
2021-01-05 09:50:34.741,0.913,0.9163,10.0,0.9109,30.0,193.0,11.0
2021-01-05 09:50:36.681,0.913,0.9163,10.0,0.9109,30.0,193.0,11.0
2021-01-05 09:50:38.260,0.913,0.9163,10.0,0.911,1.0,193.0,11.0
2021-01-05 09:50:42.260,0.913,0.9163,10.0,0.9109,30.0,193.0,11.0
2021-01-05 09:50:42.730,0.913,0.9163,10.0,0.9111,1.0,193.0,11.0
2021-01-05 09:50:43.760,0.913,0.9163,10.0,0.9111,1.0,193.0,11.0
2021-01-05 09:50:44.250,0.913,0.9163,10.0,0.9111,1.0,193.0,11.0
2021-01-05 09:50:52.710,0.913,0.9163,10.0,0.9112,2.0,193.0,11.0
2021-01-05 09:50:53.721,0.913,0.9163,10.0,0.9112,2.0,193.0,11.0
2021-01-05 09:50:54.680,0.913,0.9165,20.0,0.912,10.0,193.0,11.0
2021-01-05 09:50:55.221,0.913,0.9174,30.0,0.9121,2.0,193.0,11.0
2021-01-05 09:50:55.630,0.913,0.9174,30.0,0.912,30.0,193.0,11.0
2021-01-05 09:50:56.241,0.913,0.9174,30.0,0.912,32.0,193.0,11.0
2021-01-05 09:50:57.221,0.913,0.9174,30.0,0.912,30.0,193.0,11.0
2021-01-05 09:50:57.680,0.913,0.9174,30.0,0.912,30.0,193.0,11.0
2021-01-05 09:50:58.741,0.913,0.9174,30.0,0.9121,2.0,193.0,11.0
2021-01-05 09:50:59.740,0.913,0.9174,30.0,0.912,30.0,193.0,11.0
2021-01-05 09:51:00.260,0.913,0.9161,10.0,0.9111,1.0,193.0,11.0
2021-01-05 09:51:00.710,0.913,0.9161,30.0,0.9111,1.0,193.0,11.0
2021-01-05 09:51:00.710,0.913,0.9161,30.0,0.9111,1.0,193.0,11.0
2021-01-05 09:51:01.670,0.913,0.9161,30.0,0.9111,1.0,193.0,11.0
2021-01-05 09:51:02.201,0.913,0.9161,30.0,0.9112,2.0,193.0,11.0
2021-01-05 09:51:04.110,0.913,0.9161,30.0,0.9112,2.0,193.0,11.0
2021-01-05 09:51:05.751,0.913,0.9161,20.0,0.9117,10.0,193.0,11.0
2021-01-05 09:51:06.260,0.913,0.9171,10.0,0.9117,30.0,193.0,11.0
2021-01-05 09:51:07.251,0.913,0.9171,10.0,0.9117,32.0,193.0,11.0
2021-01-05 09:51:08.740,0.913,0.9171,10.0,0.9117,30.0,193.0,11.0
2021-01-05 09:51:09.251,0.913,0.9171,10.0,0.9117,32.0,193.0,11.0
2021-01-05 09:51:09.750,0.913,0.9171,10.0,0.9117,30.0,193.0,11.0
2021-01-05 09:51:11.270,0.913,0.9165,20.0,0.9117,10.0,193.0,11.0
2021-01-05 09:51:11.681,0.913,0.9157,10.0,0.9109,20.0,193.0,11.0
2021-01-05 09:51:12.271,0.913,0.9157,10.0,0.9109,20.0,193.0,11.0
2021-01-05 09:51:13.291,0.913,0.9143,10.0,0.9095,20.0,193.0,11.0
2021-01-05 09:51:14.280,0.913,0.9143,30.0,0.9093,2.0,193.0,11.0
2021-01-05 09:51:14.751,0.913,0.9141,10.0,0.9093,2.0,193.0,11.0
2021-01-05 09:51:17.001,0.913,0.9141,10.0,0.9093,2.0,193.0,11.0
2021-01-05 09:51:18.791,0.913,0.9141,10.0,0.9093,2.0,193.0,11.0
2021-01-05 09:51:19.281,0.913,0.9141,10.0,0.9099,10.0,193.0,11.0
2021-01-05 09:51:19.800,0.913,0.9141,10.0,0.91,1.0,193.0,11.0
2021-01-05 09:51:20.261,0.913,0.9143,20.0,0.91,1.0,193.0,11.0
2021-01-05 09:51:20.810,0.913,0.9151,20.0,0.91,1.0,193.0,11.0
2021-01-05 09:51:21.780,0.913,0.9151,20.0,0.9099,30.0,193.0,11.0
2021-01-05 09:51:21.780,0.913,0.9151,20.0,0.9089,20.0,193.0,11.0
2021-01-05 09:51:22.691,0.913,0.9141,10.0,0.909,2.0,193.0,11.0
2021-01-05 09:51:23.000,0.913,0.9141,30.0,0.909,22.0,193.0,11.0
2021-01-05 09:51:24.251,0.913,0.9141,30.0,0.909,22.0,193.0,11.0
2021-01-05 09:51:26.771,0.913,0.9141,30.0,0.909,22.0,193.0,11.0
2021-01-05 09:51:27.161,0.913,0.9136,10.0,0.909,22.0,193.0,11.0
2021-01-05 09:51:28.250,0.913,0.9136,10.0,0.909,20.0,193.0,11.0
2021-01-05 09:51:29.271,0.913,0.9136,10.0,0.9087,12.0,193.0,11.0
2021-01-05 09:51:29.770,0.913,0.9136,10.0,0.9084,20.0,193.0,11.0
2021-01-05 09:51:29.770,0.913,0.9131,10.0,0.9081,2.0,193.0,11.0
2021-01-05 09:51:30.750,0.913,0.9131,30.0,0.9081,22.0,193.0,11.0
2021-01-05 09:51:32.780,0.913,0.9131,30.0,0.9081,22.0,193.0,11.0
2021-01-05 09:51:33.291,0.913,0.9131,30.0,0.9081,22.0,193.0,11.0
2021-01-05 09:51:39.771,0.913,0.9131,30.0,0.9081,20.0,193.0,11.0
2021-01-05 09:51:40.240,0.913,0.9131,30.0,0.9081,20.0,193.0,11.0
2021-01-05 09:51:42.251,0.913,0.9131,20.0,0.9081,20.0,193.0,11.0
2021-01-05 09:51:42.791,0.913,0.912,10.0,0.907,30.0,193.0,11.0
2021-01-05 09:51:43.260,0.913,0.9116,10.0,0.9071,2.0,193.0,11.0
2021-01-05 09:51:43.761,0.913,0.9116,10.0,0.9071,2.0,193.0,11.0
2021-01-05 09:51:44.261,0.913,0.9116,10.0,0.9071,2.0,193.0,11.0
2021-01-05 09:51:45.811,0.913,0.9116,10.0,0.9071,2.0,193.0,11.0
2021-01-05 09:51:46.311,0.913,0.912,20.0,0.908,10.0,193.0,11.0
2021-01-05 09:51:46.800,0.913,0.9131,20.0,0.908,30.0,193.0,11.0
2021-01-05 09:51:48.260,0.913,0.9131,20.0,0.9081,1.0,193.0,11.0
2021-01-05 09:51:48.681,0.913,0.9131,20.0,0.9081,1.0,193.0,11.0
2021-01-05 09:51:49.221,0.913,0.9131,20.0,0.9081,1.0,193.0,11.0
2021-01-05 09:51:51.830,0.913,0.9137,20.0,0.9081,1.0,193.0,11.0
2021-01-05 09:51:52.301,0.913,0.9137,20.0,0.9095,10.0,193.0,11.0
2021-01-05 09:51:52.731,0.913,0.9137,20.0,0.9096,2.0,193.0,11.0
2021-01-05 09:51:53.161,0.913,0.9137,20.0,0.9095,30.0,193.0,11.0
2021-01-05 09:51:54.231,0.913,0.9137,20.0,0.9096,2.0,193.0,11.0
2021-01-05 09:51:54.231,0.913,0.9137,20.0,0.9096,2.0,193.0,11.0
2021-01-05 09:51:54.711,0.913,0.9149,30.0,0.9096,2.0,193.0,11.0
2021-01-05 09:51:55.230,0.913,0.9149,10.0,0.9096,2.0,193.0,11.0
2021-01-05 09:51:56.210,0.913,0.9149,30.0,0.9096,2.0,193.0,11.0
2021-01-05 09:51:56.740,0.913,0.9149,10.0,0.9096,2.0,193.0,11.0
2021-01-05 09:51:59.701,0.913,0.9149,10.0,0.9095,30.0,193.0,11.0
2021-01-05 09:52:00.250,0.913,0.9149,10.0,0.9095,30.0,193.0,11.0
2021-01-05 09:52:00.561,0.913,0.9149,30.0,0.9095,30.0,193.0,11.0
2021-01-05 09:52:00.811,0.913,0.9149,30.0,0.9095,30.0,193.0,11.0
2021-01-05 09:52:02.250,0.913,0.9149,30.0,0.9095,32.0,193.0,11.0
2021-01-05 09:52:02.751,0.913,0.9149,30.0,0.9095,30.0,193.0,11.0
2021-01-05 09:52:03.550,0.913,0.9149,30.0,0.9095,30.0,193.0,11.0
2021-01-05 09:52:04.240,0.913,0.9149,30.0,0.9096,2.0,193.0,11.0
2021-01-05 09:52:04.741,0.913,0.9149,30.0,0.9095,30.0,193.0,11.0
2021-01-05 09:52:05.740,0.913,0.9149,30.0,0.9096,2.0,193.0,11.0
2021-01-05 09:52:07.250,0.913,0.9149,30.0,0.9096,2.0,193.0,11.0
2021-01-05 09:52:07.250,0.913,0.9149,30.0,0.9095,30.0,193.0,11.0
2021-01-05 09:52:08.011,0.913,0.9149,30.0,0.9097,2.0,193.0,11.0
2021-01-05 09:52:08.731,0.913,0.9149,30.0,0.9095,30.0,193.0,11.0
2021-01-05 09:52:09.120,0.913,0.9149,30.0,0.9095,32.0,193.0,11.0
2021-01-05 09:52:11.761,0.913,0.9149,30.0,0.9095,30.0,193.0,11.0
2021-01-05 09:52:12.230,0.913,0.9138,10.0,0.9095,20.0,193.0,11.0
2021-01-05 09:52:13.640,0.913,0.9138,30.0,0.9084,10.0,193.0,11.0
2021-01-05 09:52:14.180,0.913,0.9138,30.0,0.9085,2.0,193.0,11.0
2021-01-05 09:52:14.741,0.913,0.9138,30.0,0.9085,2.0,193.0,11.0
2021-01-05 09:52:18.750,0.913,0.9138,30.0,0.9085,2.0,193.0,11.0
2021-01-05 09:52:21.140,0.913,0.9138,30.0,0.9085,2.0,193.0,11.0
2021-01-05 09:52:21.330,0.913,0.9134,10.0,0.9084,10.0,193.0,11.0
2021-01-05 09:52:23.241,0.913,0.9134,10.0,0.9084,10.0,193.0,11.0
2021-01-05 09:52:23.751,0.913,0.9134,10.0,0.9085,2.0,193.0,11.0
2021-01-05 09:52:24.311,0.913,0.9134,10.0,0.9084,10.0,193.0,11.0
2021-01-05 09:52:25.741,0.913,0.9134,10.0,0.9084,10.0,193.0,11.0
2021-01-05 09:52:26.100,0.913,0.9134,10.0,0.9085,2.0,193.0,11.0
2021-01-05 09:52:27.251,0.913,0.9134,10.0,0.9085,2.0,193.0,11.0
2021-01-05 09:52:27.760,0.913,0.9138,30.0,0.9085,2.0,193.0,11.0
2021-01-05 09:52:28.250,0.913,0.9138,30.0,0.9085,2.0,193.0,11.0
2021-01-05 09:52:30.271,0.913,0.9138,30.0,0.9084,10.0,193.0,11.0
2021-01-05 09:52:32.691,0.913,0.9138,30.0,0.9084,10.0,193.0,11.0
2021-01-05 09:52:34.301,0.913,0.9134,10.0,0.9084,10.0,193.0,11.0
2021-01-05 09:52:36.301,0.913,0.9134,10.0,0.908,20.0,193.0,11.0
2021-01-05 09:52:36.770,0.913,0.9125,10.0,0.9081,1.0,193.0,11.0
2021-01-05 09:52:37.300,0.913,0.9125,30.0,0.9081,20.0,193.0,11.0
2021-01-05 09:52:37.761,0.913,0.9125,30.0,0.9071,32.0,193.0,11.0
2021-01-05 09:52:38.251,0.913,0.9125,30.0,0.9072,1.0,193.0,11.0
2021-01-05 09:52:40.291,0.913,0.9125,30.0,0.9072,1.0,193.0,11.0
2021-01-05 09:52:41.780,0.913,0.9125,30.0,0.9071,30.0,193.0,11.0
2021-01-05 09:52:42.790,0.913,0.9125,30.0,0.9072,2.0,193.0,11.0
2021-01-05 09:52:43.290,0.913,0.9113,10.0,0.9071,10.0,193.0,11.0
2021-01-05 09:52:43.791,0.913,0.9113,10.0,0.9065,20.0,193.0,11.0
2021-01-05 09:52:44.020,0.913,0.9113,30.0,0.9065,2.0,193.0,11.0
2021-01-05 09:52:44.710,0.913,0.9113,30.0,0.9065,20.0,193.0,11.0
2021-01-05 09:52:44.781,0.913,0.9113,20.0,0.9065,20.0,193.0,11.0
2021-01-05 09:52:47.810,0.913,0.9113,20.0,0.9059,30.0,193.0,11.0
2021-01-05 09:52:48.800,0.913,0.9113,20.0,0.9059,20.0,193.0,11.0
2021-01-05 09:52:48.800,0.913,0.9101,10.0,0.9047,10.0,193.0,11.0
2021-01-05 09:52:49.820,0.913,0.9101,30.0,0.9048,2.0,193.0,11.0
2021-01-05 09:52:50.321,0.913,0.9101,30.0,0.9048,2.0,193.0,11.0
2021-01-05 09:52:50.801,0.913,0.9101,30.0,0.9048,2.0,193.0,11.0
2021-01-05 09:52:51.280,0.913,0.9101,30.0,0.9048,2.0,193.0,11.0
2021-01-05 09:52:51.820,0.913,0.9101,30.0,0.9048,2.0,193.0,11.0
2021-01-05 09:52:53.231,0.913,0.9121,10.0,0.9066,10.0,193.0,11.0
2021-01-05 09:52:54.250,0.913,0.9114,20.0,0.9067,1.0,193.0,11.0
2021-01-05 09:52:54.250,0.913,0.9114,20.0,0.9067,1.0,193.0,11.0
2021-01-05 09:52:55.260,0.913,0.9121,30.0,0.9067,1.0,193.0,11.0
2021-01-05 09:52:56.261,0.913,0.9121,30.0,0.9067,1.0,193.0,11.0
2021-01-05 09:52:57.260,0.913,0.9121,30.0,0.9067,1.0,193.0,11.0
2021-01-05 09:52:58.261,0.913,0.9121,30.0,0.9067,1.0,193.0,11.0
2021-01-05 09:53:03.761,0.913,0.9121,30.0,0.9068,2.0,193.0,11.0
2021-01-05 09:53:06.220,0.913,0.9121,30.0,0.9068,2.0,193.0,11.0
2021-01-05 09:53:07.630,0.913,0.9121,30.0,0.9066,30.0,193.0,11.0
2021-01-05 09:53:08.281,0.913,0.9111,10.0,0.9066,20.0,193.0,11.0
2021-01-05 09:53:08.700,0.913,0.911,10.0,0.9064,1.0,193.0,11.0
2021-01-05 09:53:09.301,0.913,0.911,10.0,0.9064,21.0,193.0,11.0
2021-01-05 09:53:13.301,0.913,0.9111,20.0,0.9066,10.0,193.0,11.0
2021-01-05 09:53:13.801,0.913,0.912,10.0,0.9067,2.0,193.0,11.0
2021-01-05 09:53:15.320,0.913,0.9121,20.0,0.9076,10.0,193.0,11.0
2021-01-05 09:53:15.810,0.913,0.9131,30.0,0.9077,2.0,193.0,11.0
2021-01-05 09:53:17.820,0.913,0.9131,30.0,0.9076,10.0,193.0,11.0
2021-01-05 09:53:17.820,0.913,0.9121,10.0,0.9077,2.0,193.0,11.0
2021-01-05 09:53:18.811,0.913,0.9121,30.0,0.9077,2.0,193.0,11.0
2021-01-05 09:53:19.291,0.913,0.9121,30.0,0.907,20.0,193.0,11.0
2021-01-05 09:53:19.810,0.913,0.9121,30.0,0.9071,2.0,193.0,11.0
2021-01-05 09:53:20.311,0.913,0.9121,30.0,0.9071,2.0,193.0,11.0
2021-01-05 09:53:20.830,0.913,0.9112,10.0,0.907,20.0,193.0,11.0
2021-01-05 09:53:21.281,0.913,0.9112,30.0,0.907,22.0,193.0,11.0
2021-01-05 09:53:22.251,0.913,0.9112,30.0,0.907,20.0,193.0,11.0
2021-01-05 09:53:23.170,0.913,0.9112,30.0,0.9071,2.0,193.0,11.0
2021-01-05 09:53:25.191,0.913,0.9112,30.0,0.9071,2.0,193.0,11.0
2021-01-05 09:53:25.581,0.913,0.9112,30.0,0.907,20.0,193.0,11.0
2021-01-05 09:53:26.751,0.913,0.9112,30.0,0.907,20.0,193.0,11.0
2021-01-05 09:53:27.191,0.913,0.9112,30.0,0.9071,2.0,193.0,11.0
2021-01-05 09:53:28.230,0.913,0.9112,10.0,0.9071,2.0,193.0,11.0
2021-01-05 09:53:28.750,0.913,0.9121,20.0,0.9076,10.0,193.0,11.0
2021-01-05 09:53:29.231,0.913,0.9121,20.0,0.9077,2.0,193.0,11.0
2021-01-05 09:53:29.711,0.913,0.913,30.0,0.9077,2.0,193.0,11.0
2021-01-05 09:53:32.001,0.913,0.913,30.0,0.9077,2.0,193.0,11.0
2021-01-05 09:53:32.681,0.913,0.913,30.0,0.9076,30.0,193.0,11.0
2021-01-05 09:53:33.240,0.913,0.913,30.0,0.9078,2.0,193.0,11.0
2021-01-05 09:53:33.640,0.913,0.913,30.0,0.9076,30.0,193.0,11.0
2021-01-05 09:53:34.110,0.913,0.913,30.0,0.9077,2.0,193.0,11.0
2021-01-05 09:53:36.761,0.913,0.912,10.0,0.9076,20.0,193.0,11.0
2021-01-05 09:53:37.211,0.913,0.912,10.0,0.9078,2.0,193.0,11.0
2021-01-05 09:53:37.710,0.913,0.912,30.0,0.9078,2.0,193.0,11.0
2021-01-05 09:53:38.100,0.913,0.912,30.0,0.9078,2.0,193.0,11.0
2021-01-05 09:53:38.761,0.913,0.912,30.0,0.9076,22.0,193.0,11.0
2021-01-05 09:53:40.271,0.913,0.912,30.0,0.9076,22.0,193.0,11.0
2021-01-05 09:53:45.800,0.913,0.912,30.0,0.9076,22.0,193.0,11.0
2021-01-05 09:53:46.261,0.913,0.912,20.0,0.9077,10.0,193.0,11.0
2021-01-05 09:53:46.791,0.913,0.912,20.0,0.9078,2.0,193.0,11.0
2021-01-05 09:53:47.020,0.913,0.913,20.0,0.9078,2.0,193.0,11.0
2021-01-05 09:53:50.820,0.913,0.913,20.0,0.9078,2.0,193.0,11.0
2021-01-05 09:53:51.310,0.913,0.913,20.0,0.9078,2.0,193.0,11.0
2021-01-05 09:53:51.811,0.913,0.913,20.0,0.9088,10.0,193.0,11.0
2021-01-05 09:53:52.311,0.913,0.9142,30.0,0.9088,30.0,193.0,11.0
2021-01-05 09:53:53.171,0.913,0.9142,30.0,0.9088,30.0,193.0,11.0
2021-01-05 09:53:53.721,0.913,0.9142,30.0,0.9088,32.0,193.0,11.0
2021-01-05 09:53:54.230,0.913,0.9142,30.0,0.9088,30.0,193.0,11.0
2021-01-05 09:53:55.090,0.913,0.9132,10.0,0.9088,20.0,193.0,11.0
2021-01-05 09:53:55.721,0.913,0.9132,10.0,0.9089,2.0,193.0,11.0
2021-01-05 09:53:56.220,0.913,0.9132,30.0,0.9078,12.0,193.0,11.0
2021-01-05 09:53:56.691,0.913,0.9132,10.0,0.9087,20.0,193.0,11.0
2021-01-05 09:53:57.200,0.913,0.9132,30.0,0.9079,2.0,193.0,11.0
2021-01-05 09:53:57.630,0.913,0.9132,10.0,0.9087,20.0,193.0,11.0
2021-01-05 09:53:58.270,0.913,0.9132,30.0,0.9079,2.0,193.0,11.0
2021-01-05 09:53:58.591,0.913,0.9132,10.0,0.9079,2.0,193.0,11.0
2021-01-05 09:53:59.071,0.913,0.9132,30.0,0.9079,2.0,193.0,11.0
2021-01-05 09:53:59.701,0.913,0.9132,10.0,0.9079,2.0,193.0,11.0
2021-01-05 09:54:00.241,0.913,0.9132,30.0,0.9079,2.0,193.0,11.0
2021-01-05 09:54:00.690,0.913,0.9132,10.0,0.9079,2.0,193.0,11.0
2021-01-05 09:54:00.771,0.913,0.9132,30.0,0.9079,2.0,193.0,11.0
2021-01-05 09:54:01.670,0.913,0.9132,10.0,0.9079,2.0,193.0,11.0
2021-01-05 09:54:02.020,0.913,0.9132,30.0,0.9079,2.0,193.0,11.0
2021-01-05 09:54:02.771,0.913,0.9132,10.0,0.9079,2.0,193.0,11.0
2021-01-05 09:54:03.180,0.913,0.9132,30.0,0.9079,2.0,193.0,11.0
2021-01-05 09:54:07.241,0.913,0.9132,30.0,0.908,1.0,193.0,11.0
2021-01-05 09:54:08.701,0.913,0.9132,30.0,0.908,1.0,193.0,11.0
2021-01-05 09:54:09.201,0.913,0.9121,10.0,0.908,1.0,193.0,11.0
2021-01-05 09:54:09.691,0.913,0.9121,10.0,0.9076,20.0,193.0,11.0
2021-01-05 09:54:10.240,0.913,0.9121,30.0,0.9076,20.0,193.0,11.0
2021-01-05 09:54:11.231,0.913,0.9121,30.0,0.9076,20.0,193.0,11.0
2021-01-05 09:54:13.201,0.913,0.9121,20.0,0.9078,10.0,193.0,11.0
2021-01-05 09:54:14.100,0.913,0.9121,20.0,0.9078,10.0,193.0,11.0
2021-01-05 09:54:15.260,0.913,0.9121,20.0,0.9079,1.0,193.0,11.0
2021-01-05 09:54:17.700,0.913,0.9121,20.0,0.9079,11.0,193.0,11.0
2021-01-05 09:54:18.241,0.913,0.9132,30.0,0.9079,11.0,193.0,11.0
2021-01-05 09:54:18.751,0.913,0.9132,30.0,0.9079,11.0,193.0,11.0
2021-01-05 09:54:20.700,0.913,0.9132,30.0,0.9079,11.0,193.0,11.0
2021-01-05 09:54:21.761,0.913,0.9132,30.0,0.9079,11.0,193.0,11.0
2021-01-05 09:54:25.251,0.913,0.9132,30.0,0.908,2.0,193.0,11.0
2021-01-05 09:54:30.680,0.913,0.9132,30.0,0.908,2.0,193.0,11.0
2021-01-05 09:54:35.771,0.913,0.9132,30.0,0.9081,2.0,193.0,11.0
2021-01-05 09:54:37.251,0.913,0.9132,30.0,0.9081,2.0,193.0,11.0
2021-01-05 09:54:39.131,0.913,0.9132,30.0,0.9081,2.0,193.0,11.0
2021-01-05 09:54:45.740,0.913,0.9132,30.0,0.9082,2.0,193.0,11.0
2021-01-05 09:54:47.261,0.913,0.9132,30.0,0.9082,22.0,193.0,11.0
2021-01-05 09:54:54.171,0.913,0.9132,20.0,0.9089,10.0,193.0,11.0
2021-01-05 09:54:54.711,0.913,0.9143,30.0,0.909,2.0,193.0,11.0
2021-01-05 09:54:57.710,0.913,0.9143,30.0,0.909,2.0,193.0,11.0
2021-01-05 09:54:58.261,0.913,0.9143,30.0,0.909,2.0,193.0,11.0
2021-01-05 09:54:58.680,0.913,0.9143,20.0,0.9099,10.0,193.0,11.0
2021-01-05 09:54:59.201,0.913,0.9143,20.0,0.91,2.0,193.0,11.0
2021-01-05 09:55:00.240,0.913,0.9153,30.0,0.91,2.0,193.0,11.0
2021-01-05 09:55:01.191,0.913,0.9153,30.0,0.91,2.0,193.0,11.0
2021-01-05 09:55:01.760,0.913,0.9153,30.0,0.91,2.0,193.0,11.0
2021-01-05 09:55:02.271,0.913,0.9153,20.0,0.9109,10.0,193.0,11.0
2021-01-05 09:55:02.761,0.913,0.9153,20.0,0.911,1.0,193.0,11.0
2021-01-05 09:55:03.281,0.913,0.9153,20.0,0.911,1.0,193.0,11.0
2021-01-05 09:55:03.721,0.913,0.9163,30.0,0.911,1.0,193.0,11.0
2021-01-05 09:55:04.280,0.913,0.9163,30.0,0.911,1.0,193.0,11.0
2021-01-05 09:55:04.720,0.913,0.9163,30.0,0.911,1.0,193.0,11.0
2021-01-05 09:55:06.741,0.913,0.9163,30.0,0.911,1.0,193.0,11.0
2021-01-05 09:55:07.031,0.913,0.9163,30.0,0.911,1.0,193.0,11.0
2021-01-05 09:55:12.641,0.913,0.9163,20.0,0.9119,10.0,193.0,11.0
2021-01-05 09:55:13.761,0.913,0.9169,30.0,0.9119,30.0,193.0,11.0
2021-01-05 09:55:14.260,0.913,0.9169,30.0,0.9119,30.0,193.0,11.0
2021-01-05 09:55:14.750,0.913,0.9169,20.0,0.9119,30.0,193.0,11.0
2021-01-05 09:55:16.750,0.913,0.9169,20.0,0.912,2.0,193.0,11.0
2021-01-05 09:55:20.771,0.913,0.9169,20.0,0.912,2.0,193.0,11.0
2021-01-05 09:55:21.270,0.913,0.9169,20.0,0.912,2.0,193.0,11.0
2021-01-05 09:55:22.281,0.913,0.9159,10.0,0.9119,30.0,193.0,11.0
2021-01-05 09:55:23.261,0.913,0.9162,10.0,0.9119,20.0,193.0,11.0
2021-01-05 09:55:23.701,0.913,0.9162,30.0,0.9116,2.0,193.0,11.0
2021-01-05 09:55:24.240,0.913,0.9162,30.0,0.9116,22.0,193.0,11.0
2021-01-05 09:55:29.700,0.913,0.9162,30.0,0.9116,20.0,193.0,11.0
2021-01-05 09:55:30.271,0.913,0.9162,30.0,0.9109,20.0,193.0,11.0
2021-01-05 09:55:30.760,0.913,0.9162,30.0,0.911,1.0,193.0,11.0
2021-01-05 09:55:32.011,0.913,0.9162,30.0,0.9109,20.0,193.0,11.0
2021-01-05 09:55:32.791,0.913,0.9162,30.0,0.911,1.0,193.0,11.0
2021-01-05 09:55:33.281,0.913,0.9162,30.0,0.911,1.0,193.0,11.0
2021-01-05 09:55:33.730,0.913,0.9162,30.0,0.9109,20.0,193.0,11.0
2021-01-05 09:55:34.251,0.913,0.9162,30.0,0.911,1.0,193.0,11.0
2021-01-05 09:55:36.001,0.913,0.9162,30.0,0.9111,1.0,193.0,11.0
2021-01-05 09:55:39.770,0.913,0.9162,30.0,0.9107,10.0,193.0,11.0
2021-01-05 09:55:40.231,0.913,0.9162,30.0,0.9107,10.0,193.0,11.0
2021-01-05 09:55:40.790,0.913,0.9162,30.0,0.9107,10.0,193.0,11.0
2021-01-05 09:55:41.261,0.913,0.9162,30.0,0.9107,10.0,193.0,11.0
2021-01-05 09:55:44.241,0.913,0.9162,30.0,0.9108,2.0,193.0,11.0
2021-01-05 09:55:47.751,0.913,0.9162,30.0,0.9107,10.0,193.0,11.0
2021-01-05 09:55:48.311,0.913,0.9142,10.0,0.9107,10.0,193.0,11.0
2021-01-05 09:55:48.811,0.913,0.9142,30.0,0.9103,20.0,193.0,11.0
2021-01-05 09:55:49.011,0.913,0.9142,30.0,0.9103,20.0,193.0,11.0
2021-01-05 09:55:50.801,0.913,0.9142,30.0,0.9103,20.0,193.0,11.0
2021-01-05 09:55:54.251,0.913,0.9142,30.0,0.9104,2.0,193.0,11.0
2021-01-05 09:55:54.761,0.913,0.9142,30.0,0.9103,20.0,193.0,11.0
2021-01-05 09:55:56.011,0.913,0.9142,30.0,0.9104,2.0,193.0,11.0
2021-01-05 09:55:56.770,0.913,0.9142,30.0,0.9103,20.0,193.0,11.0
2021-01-05 09:55:59.761,0.913,0.9142,30.0,0.9103,22.0,193.0,11.0
2021-01-05 09:56:00.270,0.913,0.9142,30.0,0.9103,20.0,193.0,11.0
2021-01-05 09:56:00.770,0.913,0.9142,30.0,0.9103,20.0,193.0,11.0
2021-01-05 09:56:01.271,0.913,0.9142,30.0,0.9103,20.0,193.0,11.0
2021-01-05 09:56:03.790,0.913,0.9142,30.0,0.9103,20.0,193.0,11.0
2021-01-05 09:56:04.310,0.913,0.9142,30.0,0.9109,10.0,193.0,11.0
2021-01-05 09:56:04.741,0.913,0.9142,10.0,0.9109,30.0,193.0,11.0
2021-01-05 09:56:05.330,0.913,0.9142,10.0,0.911,1.0,193.0,11.0
2021-01-05 09:56:06.310,0.913,0.915,20.0,0.911,1.0,193.0,11.0
2021-01-05 09:56:06.800,0.913,0.9162,20.0,0.911,1.0,193.0,11.0
2021-01-05 09:56:06.940,0.913,0.9162,20.0,0.911,1.0,193.0,11.0
2021-01-05 09:56:09.810,0.913,0.9162,20.0,0.911,1.0,193.0,11.0
2021-01-05 09:56:10.321,0.913,0.9162,20.0,0.911,1.0,193.0,11.0
2021-01-05 09:56:11.820,0.913,0.9162,20.0,0.911,1.0,193.0,11.0
2021-01-05 09:56:12.321,0.913,0.9153,10.0,0.9103,20.0,193.0,11.0
2021-01-05 09:56:12.800,0.913,0.9153,30.0,0.9103,20.0,193.0,11.0
2021-01-05 09:56:14.350,0.913,0.9153,20.0,0.9103,20.0,193.0,11.0
2021-01-05 09:56:14.851,0.913,0.9164,10.0,0.911,10.0,193.0,11.0
2021-01-05 09:56:15.251,0.913,0.9164,30.0,0.911,30.0,193.0,11.0
2021-01-05 09:56:17.681,0.913,0.9164,30.0,0.9111,2.0,193.0,11.0
2021-01-05 09:56:21.800,0.913,0.9164,30.0,0.9111,2.0,193.0,11.0
2021-01-05 09:56:22.330,0.913,0.9164,30.0,0.9111,2.0,193.0,11.0
2021-01-05 09:56:27.771,0.913,0.9164,30.0,0.9112,2.0,193.0,11.0
2021-01-05 09:56:37.801,0.913,0.9164,30.0,0.9113,2.0,193.0,11.0
2021-01-05 09:56:39.291,0.913,0.9164,20.0,0.9113,2.0,193.0,11.0
2021-01-05 09:56:39.291,0.913,0.9139,10.0,0.911,2.0,193.0,11.0
2021-01-05 09:56:40.321,0.913,0.9139,30.0,0.9108,2.0,193.0,11.0
2021-01-05 09:56:40.790,0.913,0.9139,30.0,0.9103,20.0,193.0,11.0
2021-01-05 09:56:41.270,0.913,0.9139,10.0,0.9104,2.0,193.0,11.0
2021-01-05 09:56:42.770,0.913,0.9139,10.0,0.9104,2.0,193.0,11.0
2021-01-05 09:56:43.291,0.913,0.9146,20.0,0.9104,2.0,193.0,11.0
2021-01-05 09:56:43.750,0.913,0.9152,30.0,0.9104,2.0,193.0,11.0
2021-01-05 09:56:45.300,0.913,0.9152,30.0,0.9104,2.0,193.0,11.0
2021-01-05 09:56:45.810,0.913,0.9152,30.0,0.9104,2.0,193.0,11.0
2021-01-05 09:56:47.310,0.913,0.9152,30.0,0.9103,20.0,193.0,11.0
2021-01-05 09:56:47.821,0.913,0.9152,30.0,0.9098,10.0,193.0,11.0
2021-01-05 09:56:48.351,0.913,0.9152,30.0,0.9098,10.0,193.0,11.0
2021-01-05 09:56:48.801,0.913,0.9142,10.0,0.9096,22.0,193.0,11.0
2021-01-05 09:56:49.300,0.913,0.9142,30.0,0.9096,22.0,193.0,11.0
2021-01-05 09:56:50.320,0.913,0.9142,30.0,0.9096,22.0,193.0,11.0
2021-01-05 09:56:50.860,0.913,0.9142,30.0,0.9096,20.0,193.0,11.0
2021-01-05 09:56:51.271,0.913,0.9142,30.0,0.9093,2.0,193.0,11.0
2021-01-05 09:56:53.271,0.913,0.9142,30.0,0.9093,2.0,193.0,11.0
2021-01-05 09:56:57.780,0.913,0.9142,30.0,0.9088,30.0,193.0,11.0
2021-01-05 09:56:58.291,0.913,0.9142,30.0,0.9088,32.0,193.0,11.0
2021-01-05 09:56:58.790,0.913,0.9142,30.0,0.9088,32.0,193.0,11.0
2021-01-05 09:56:59.290,0.913,0.9142,30.0,0.9088,32.0,193.0,11.0
2021-01-05 09:57:02.300,0.913,0.9142,20.0,0.9088,22.0,193.0,11.0
2021-01-05 09:57:02.711,0.913,0.9131,10.0,0.9088,20.0,193.0,11.0
2021-01-05 09:57:02.801,0.913,0.9131,30.0,0.9088,20.0,193.0,11.0
2021-01-05 09:57:03.820,0.913,0.9131,30.0,0.9088,20.0,193.0,11.0
2021-01-05 09:57:04.300,0.913,0.9131,30.0,0.9077,30.0,193.0,11.0
2021-01-05 09:57:04.821,0.913,0.9131,30.0,0.9078,2.0,193.0,11.0
2021-01-05 09:57:05.011,0.913,0.9131,30.0,0.9077,30.0,193.0,11.0
2021-01-05 09:57:05.820,0.913,0.9131,30.0,0.9077,30.0,193.0,11.0
2021-01-05 09:57:06.321,0.913,0.9131,30.0,0.9077,30.0,193.0,11.0
2021-01-05 09:57:09.301,0.913,0.9131,30.0,0.9078,1.0,193.0,11.0
2021-01-05 09:57:10.351,0.913,0.9131,30.0,0.9078,1.0,193.0,11.0
2021-01-05 09:57:10.811,0.913,0.9131,30.0,0.9078,1.0,193.0,11.0
2021-01-05 09:57:15.321,0.913,0.9131,20.0,0.9078,1.0,193.0,11.0
2021-01-05 09:57:15.851,0.913,0.9138,10.0,0.9087,10.0,193.0,11.0
2021-01-05 09:57:16.301,0.913,0.9138,10.0,0.9088,2.0,193.0,11.0
2021-01-05 09:57:17.311,0.913,0.914,10.0,0.9088,2.0,193.0,11.0
2021-01-05 09:57:17.840,0.913,0.914,10.0,0.9088,2.0,193.0,11.0
2021-01-05 09:57:18.291,0.913,0.914,10.0,0.9088,2.0,193.0,11.0
2021-01-05 09:57:19.321,0.913,0.914,10.0,0.9088,2.0,193.0,11.0
2021-01-05 09:57:19.861,0.913,0.914,10.0,0.9088,2.0,193.0,11.0
2021-01-05 09:57:26.291,0.913,0.914,10.0,0.9087,30.0,193.0,11.0
2021-01-05 09:57:27.301,0.913,0.914,10.0,0.9088,2.0,193.0,11.0
2021-01-05 09:57:27.770,0.913,0.914,10.0,0.9087,30.0,193.0,11.0
2021-01-05 09:57:28.260,0.913,0.914,10.0,0.9088,2.0,193.0,11.0
2021-01-05 09:57:32.290,0.913,0.9141,10.0,0.9088,2.0,193.0,11.0
2021-01-05 09:57:35.821,0.913,0.9141,10.0,0.9088,2.0,193.0,11.0
2021-01-05 09:57:38.701,0.913,0.9141,10.0,0.9089,2.0,193.0,11.0
2021-01-05 09:57:41.331,0.913,0.9141,10.0,0.9087,30.0,193.0,11.0
2021-01-05 09:57:42.291,0.913,0.9141,10.0,0.9087,32.0,193.0,11.0
2021-01-05 09:57:45.790,0.913,0.9141,10.0,0.9087,32.0,193.0,11.0
2021-01-05 09:57:47.280,0.913,0.9141,10.0,0.9087,30.0,193.0,11.0
2021-01-05 09:57:47.820,0.913,0.9128,10.0,0.9087,20.0,193.0,11.0
2021-01-05 09:57:48.840,0.913,0.9128,30.0,0.9078,1.0,193.0,11.0
2021-01-05 09:57:49.361,0.913,0.9128,30.0,0.9078,1.0,193.0,11.0
2021-01-05 09:57:50.350,0.913,0.9116,10.0,0.9077,20.0,193.0,11.0
2021-01-05 09:57:50.821,0.913,0.9116,10.0,0.9077,20.0,193.0,11.0
2021-01-05 09:57:51.311,0.913,0.9116,30.0,0.9077,20.0,193.0,11.0
2021-01-05 09:57:51.830,0.913,0.9116,40.0,0.9077,20.0,193.0,11.0
2021-01-05 09:57:52.310,0.913,0.9116,40.0,0.9077,20.0,193.0,11.0
2021-01-05 09:57:52.761,0.913,0.9116,40.0,0.9077,20.0,193.0,11.0
2021-01-05 09:57:53.051,0.913,0.9116,40.0,0.9076,20.0,193.0,11.0
2021-01-05 09:57:54.060,0.913,0.9116,40.0,0.9072,20.0,193.0,11.0
2021-01-05 09:57:54.761,0.913,0.9116,40.0,0.9062,30.0,193.0,11.0
2021-01-05 09:57:54.761,0.913,0.9116,40.0,0.9073,2.0,193.0,11.0
2021-01-05 09:57:55.741,0.913,0.9116,40.0,0.9074,2.0,193.0,11.0
2021-01-05 09:57:56.260,0.913,0.9116,40.0,0.9074,2.0,193.0,11.0
2021-01-05 09:57:56.790,0.913,0.9116,40.0,0.9073,20.0,193.0,11.0
2021-01-05 09:57:58.290,0.913,0.9116,40.0,0.9074,1.0,193.0,11.0
2021-01-05 09:58:01.301,0.913,0.9116,40.0,0.9074,1.0,193.0,11.0
2021-01-05 09:58:01.781,0.913,0.9116,40.0,0.9074,1.0,193.0,11.0
2021-01-05 09:58:07.300,0.913,0.9116,40.0,0.9075,2.0,193.0,11.0
2021-01-05 09:58:08.280,0.913,0.9116,40.0,0.9073,20.0,193.0,11.0
2021-01-05 09:58:08.791,0.913,0.9116,30.0,0.9076,2.0,193.0,11.0
2021-01-05 09:58:09.271,0.913,0.9116,30.0,0.9076,22.0,193.0,11.0
2021-01-05 09:58:09.651,0.913,0.9116,30.0,0.9076,22.0,193.0,11.0
2021-01-05 09:58:09.771,0.913,0.9116,30.0,0.9076,20.0,193.0,11.0
2021-01-05 09:58:10.741,0.913,0.9116,30.0,0.9076,20.0,193.0,11.0
2021-01-05 09:58:15.321,0.913,0.9116,30.0,0.9076,21.0,193.0,11.0
2021-01-05 09:58:15.810,0.913,0.9116,20.0,0.9076,21.0,193.0,11.0
2021-01-05 09:58:16.331,0.913,0.9126,10.0,0.9076,21.0,193.0,11.0
2021-01-05 09:58:22.350,0.913,0.9126,10.0,0.9076,21.0,193.0,11.0
2021-01-05 09:58:25.041,0.913,0.9126,10.0,0.9077,2.0,193.0,11.0
2021-01-05 09:58:26.780,0.913,0.9126,10.0,0.9076,21.0,193.0,11.0
2021-01-05 09:58:27.281,0.913,0.9126,10.0,0.9078,2.0,193.0,11.0
2021-01-05 09:58:27.781,0.913,0.9126,10.0,0.9076,21.0,193.0,11.0
2021-01-05 09:58:28.190,0.913,0.9126,10.0,0.9076,21.0,193.0,11.0
2021-01-05 09:58:28.791,0.913,0.9126,10.0,0.9076,20.0,193.0,11.0
2021-01-05 09:58:29.291,0.913,0.9126,10.0,0.9076,20.0,193.0,11.0
2021-01-05 09:58:29.811,0.913,0.9126,10.0,0.9076,20.0,193.0,11.0
2021-01-05 09:58:31.771,0.913,0.9126,10.0,0.9076,22.0,193.0,11.0
2021-01-05 09:58:33.281,0.913,0.9126,10.0,0.9076,20.0,193.0,11.0
2021-01-05 09:58:34.311,0.913,0.9126,10.0,0.9076,22.0,193.0,11.0
2021-01-05 09:58:37.321,0.913,0.9126,10.0,0.9077,2.0,193.0,11.0
2021-01-05 09:58:38.051,0.913,0.9126,10.0,0.9076,20.0,193.0,11.0
2021-01-05 09:58:38.800,0.913,0.9126,10.0,0.9076,22.0,193.0,11.0
2021-01-05 09:58:39.830,0.913,0.9126,10.0,0.9076,20.0,193.0,11.0
2021-01-05 09:58:40.341,0.913,0.9126,10.0,0.9076,22.0,193.0,11.0
2021-01-05 09:58:40.800,0.913,0.9126,10.0,0.9076,20.0,193.0,11.0
2021-01-05 09:58:41.841,0.913,0.9126,10.0,0.9076,20.0,193.0,11.0
2021-01-05 09:58:42.300,0.913,0.9126,10.0,0.9076,20.0,193.0,11.0
2021-01-05 09:58:42.781,0.913,0.9126,10.0,0.9076,20.0,193.0,11.0
2021-01-05 09:58:48.311,0.913,0.9126,10.0,0.9072,10.0,193.0,11.0
2021-01-05 09:58:48.801,0.913,0.9126,10.0,0.9072,10.0,193.0,11.0
2021-01-05 09:58:50.300,0.913,0.9126,10.0,0.9072,10.0,193.0,11.0
2021-01-05 09:58:51.151,0.913,0.9126,10.0,0.9072,10.0,193.0,11.0
2021-01-05 09:58:51.800,0.913,0.9126,10.0,0.9072,10.0,193.0,11.0
2021-01-05 09:58:52.670,0.913,0.9126,10.0,0.9072,10.0,193.0,11.0
2021-01-05 09:58:53.740,0.913,0.9115,10.0,0.907,20.0,193.0,11.0
2021-01-05 09:58:54.280,0.913,0.9115,10.0,0.907,20.0,193.0,11.0
2021-01-05 09:58:54.691,0.913,0.9115,30.0,0.9062,20.0,193.0,11.0
2021-01-05 09:58:55.260,0.913,0.9115,30.0,0.9063,2.0,193.0,11.0
2021-01-05 09:58:55.711,0.913,0.9115,30.0,0.9062,20.0,193.0,11.0
2021-01-05 09:58:56.240,0.913,0.9099,10.0,0.9062,20.0,193.0,11.0
2021-01-05 09:58:56.770,0.913,0.9099,10.0,0.9062,20.0,193.0,11.0
2021-01-05 09:58:57.260,0.913,0.9099,30.0,0.9056,20.0,193.0,11.0
2021-01-05 09:58:57.771,0.913,0.9099,30.0,0.9055,2.0,193.0,11.0
2021-01-05 09:58:58.261,0.913,0.9099,30.0,0.9054,2.0,193.0,11.0
2021-01-05 09:58:58.731,0.913,0.9099,30.0,0.9052,2.0,193.0,11.0
2021-01-05 09:58:59.260,0.913,0.9099,30.0,0.905,30.0,193.0,11.0
2021-01-05 09:58:59.730,0.913,0.9099,30.0,0.905,20.0,193.0,11.0
2021-01-05 09:58:59.730,0.913,0.9094,10.0,0.905,22.0,193.0,11.0
2021-01-05 09:59:00.710,0.913,0.9094,10.0,0.905,20.0,193.0,11.0
2021-01-05 09:59:01.751,0.913,0.9094,10.0,0.904,30.0,193.0,11.0
2021-01-05 09:59:02.191,0.913,0.9094,10.0,0.9041,2.0,193.0,11.0
2021-01-05 09:59:03.280,0.913,0.9094,10.0,0.9041,2.0,193.0,11.0
2021-01-05 09:59:08.740,0.913,0.908,10.0,0.904,30.0,193.0,11.0
2021-01-05 09:59:09.251,0.913,0.908,10.0,0.904,30.0,193.0,11.0
2021-01-05 09:59:09.781,0.913,0.908,30.0,0.904,20.0,193.0,11.0
2021-01-05 09:59:10.271,0.913,0.908,10.0,0.9032,20.0,193.0,11.0
2021-01-05 09:59:10.750,0.913,0.908,30.0,0.9032,20.0,193.0,11.0
2021-01-05 09:59:11.180,0.913,0.908,30.0,0.9032,20.0,193.0,11.0
2021-01-05 09:59:11.720,0.913,0.908,30.0,0.9032,20.0,193.0,11.0
2021-01-05 09:59:14.790,0.913,0.908,30.0,0.9039,10.0,193.0,11.0
2021-01-05 09:59:15.210,0.913,0.908,30.0,0.9039,30.0,193.0,11.0
2021-01-05 09:59:15.791,0.913,0.908,30.0,0.904,1.0,193.0,11.0
2021-01-05 09:59:16.050,0.913,0.908,20.0,0.904,1.0,193.0,11.0
2021-01-05 09:59:17.041,0.913,0.9088,20.0,0.904,1.0,193.0,11.0
2021-01-05 09:59:18.150,0.913,0.9088,20.0,0.904,1.0,193.0,11.0
2021-01-05 09:59:18.891,0.913,0.9088,20.0,0.904,1.0,193.0,11.0
2021-01-05 09:59:21.041,0.913,0.9088,20.0,0.904,1.0,193.0,11.0
2021-01-05 09:59:25.771,0.913,0.9088,20.0,0.9041,2.0,193.0,11.0
2021-01-05 09:59:26.760,0.913,0.9088,20.0,0.9041,2.0,193.0,11.0
2021-01-05 09:59:35.751,0.913,0.9088,20.0,0.904,1.0,193.0,11.0
2021-01-05 09:59:36.141,0.913,0.9088,20.0,0.9042,2.0,193.0,11.0
2021-01-05 09:59:36.750,0.913,0.9088,20.0,0.9042,2.0,193.0,11.0
2021-01-05 09:59:38.171,0.913,0.9088,20.0,0.9042,2.0,193.0,11.0
2021-01-05 09:59:39.731,0.913,0.9088,20.0,0.9042,2.0,193.0,11.0
2021-01-05 09:59:42.761,0.913,0.9088,20.0,0.904,1.0,193.0,11.0
2021-01-05 09:59:43.281,0.913,0.9088,20.0,0.904,1.0,193.0,11.0
2021-01-05 09:59:45.300,0.913,0.9088,20.0,0.9041,2.0,193.0,11.0
2021-01-05 09:59:45.781,0.913,0.9088,20.0,0.9041,2.0,193.0,11.0
2021-01-05 09:59:46.271,0.913,0.9088,20.0,0.904,1.0,193.0,11.0
2021-01-05 09:59:46.760,0.913,0.9088,20.0,0.904,1.0,193.0,11.0
2021-01-05 09:59:47.800,0.913,0.9088,20.0,0.9041,2.0,193.0,11.0
2021-01-05 09:59:48.801,0.913,0.9088,20.0,0.904,1.0,193.0,11.0
2021-01-05 09:59:49.281,0.913,0.9088,20.0,0.9041,2.0,193.0,11.0
2021-01-05 09:59:51.801,0.913,0.9088,20.0,0.9041,2.0,193.0,11.0
2021-01-05 09:59:52.260,0.913,0.9088,20.0,0.904,1.0,193.0,11.0
2021-01-05 09:59:52.760,0.913,0.9088,20.0,0.9041,2.0,193.0,11.0
2021-01-05 09:59:56.771,0.913,0.9088,20.0,0.9039,30.0,193.0,11.0
2021-01-05 09:59:57.280,0.913,0.9088,20.0,0.9039,30.0,193.0,11.0
2021-01-05 09:59:57.791,0.913,0.9088,20.0,0.9039,20.0,193.0,11.0
2021-01-05 09:59:58.281,0.913,0.9082,10.0,0.9032,20.0,193.0,11.0
2021-01-05 09:59:58.771,0.913,0.9082,30.0,0.9032,20.0,193.0,11.0
2021-01-05 10:00:00.271,0.913,0.9082,30.0,0.9032,20.0,193.0,11.0
2021-01-05 10:00:00.790,0.913,0.9069,10.0,0.9026,20.0,193.0,11.0
2021-01-05 10:00:01.320,0.913,0.9069,20.0,0.9024,2.0,193.0,11.0
2021-01-05 10:00:01.831,0.913,0.9069,20.0,0.9024,20.0,193.0,11.0
2021-01-05 10:00:02.340,0.913,0.9069,20.0,0.9022,2.0,193.0,11.0
2021-01-05 10:00:03.330,0.913,0.9069,20.0,0.9022,2.0,193.0,11.0
2021-01-05 10:00:03.850,0.913,0.9082,10.0,0.9028,10.0,193.0,11.0
2021-01-05 10:00:04.290,0.913,0.9082,30.0,0.9029,1.0,193.0,11.0
2021-01-05 10:00:04.861,0.913,0.9082,20.0,0.9029,1.0,193.0,11.0
2021-01-05 10:00:05.341,0.913,0.909,30.0,0.9038,10.0,193.0,11.0
2021-01-05 10:00:05.850,0.913,0.909,30.0,0.9038,30.0,193.0,11.0
2021-01-05 10:00:06.321,0.913,0.909,30.0,0.9038,30.0,193.0,11.0
2021-01-05 10:00:06.801,0.913,0.909,30.0,0.9038,30.0,193.0,11.0
2021-01-05 10:00:07.341,0.913,0.909,30.0,0.9038,30.0,193.0,11.0
2021-01-05 10:00:07.860,0.913,0.909,30.0,0.9039,2.0,193.0,11.0
2021-01-05 10:00:10.340,0.913,0.909,30.0,0.9038,30.0,193.0,11.0
2021-01-05 10:00:10.851,0.913,0.909,30.0,0.9038,32.0,193.0,11.0
2021-01-05 10:00:12.351,0.913,0.909,20.0,0.9038,32.0,193.0,11.0
2021-01-05 10:00:12.860,0.913,0.909,20.0,0.9038,22.0,193.0,11.0
2021-01-05 10:00:13.321,0.913,0.9106,10.0,0.9051,10.0,193.0,11.0
2021-01-05 10:00:13.861,0.913,0.9106,10.0,0.9051,30.0,193.0,11.0
2021-01-05 10:00:14.320,0.913,0.9111,30.0,0.9051,20.0,193.0,11.0
2021-01-05 10:00:15.350,0.913,0.9111,20.0,0.9062,30.0,193.0,11.0
2021-01-05 10:00:15.861,0.913,0.9111,20.0,0.9063,2.0,193.0,11.0
2021-01-05 10:00:16.341,0.913,0.9111,20.0,0.9063,2.0,193.0,11.0
2021-01-05 10:00:16.850,0.913,0.9111,20.0,0.9063,2.0,193.0,11.0
2021-01-05 10:00:17.381,0.913,0.9111,20.0,0.9063,2.0,193.0,11.0
2021-01-05 10:00:17.861,0.913,0.9117,20.0,0.9063,2.0,193.0,11.0
2021-01-05 10:00:18.360,0.913,0.9123,30.0,0.9072,10.0,193.0,11.0
2021-01-05 10:00:18.850,0.913,0.9123,30.0,0.9073,2.0,193.0,11.0
2021-01-05 10:00:19.350,0.913,0.9123,30.0,0.9073,2.0,193.0,11.0
2021-01-05 10:00:19.851,0.913,0.9123,30.0,0.9073,2.0,193.0,11.0
2021-01-05 10:00:20.850,0.913,0.9123,30.0,0.9073,2.0,193.0,11.0
2021-01-05 10:00:22.360,0.913,0.9123,30.0,0.9073,2.0,193.0,11.0
2021-01-05 10:00:22.760,0.913,0.9116,10.0,0.9072,20.0,193.0,11.0
2021-01-05 10:00:23.280,0.913,0.9116,30.0,0.9063,2.0,193.0,11.0
2021-01-05 10:00:24.241,0.913,0.9116,30.0,0.9063,2.0,193.0,11.0
2021-01-05 10:00:25.261,0.913,0.9113,10.0,0.9063,2.0,193.0,11.0
2021-01-05 10:00:26.780,0.913,0.9113,10.0,0.9064,2.0,193.0,11.0
2021-01-05 10:00:26.780,0.913,0.9113,10.0,0.9064,2.0,193.0,11.0
2021-01-05 10:00:27.770,0.913,0.9113,10.0,0.9062,30.0,193.0,11.0
2021-01-05 10:00:28.240,0.913,0.9113,10.0,0.9062,30.0,193.0,11.0
2021-01-05 10:00:28.780,0.913,0.9113,10.0,0.9062,30.0,193.0,11.0
2021-01-05 10:00:31.270,0.913,0.9113,10.0,0.9063,2.0,193.0,11.0
2021-01-05 10:00:31.800,0.913,0.9113,10.0,0.9063,2.0,193.0,11.0
2021-01-05 10:00:32.280,0.913,0.9116,20.0,0.9073,10.0,193.0,11.0
2021-01-05 10:00:32.801,0.913,0.9123,20.0,0.9073,30.0,193.0,11.0
2021-01-05 10:00:33.800,0.913,0.9111,10.0,0.9063,2.0,193.0,11.0
2021-01-05 10:00:34.290,0.913,0.9111,30.0,0.9063,2.0,193.0,11.0
2021-01-05 10:00:35.051,0.913,0.9111,30.0,0.9063,2.0,193.0,11.0
2021-01-05 10:00:38.801,0.913,0.9111,10.0,0.9063,2.0,193.0,11.0
2021-01-05 10:00:39.331,0.913,0.9111,10.0,0.9063,2.0,193.0,11.0
2021-01-05 10:00:39.740,0.913,0.9117,20.0,0.9073,10.0,193.0,11.0
2021-01-05 10:00:40.330,0.913,0.9123,20.0,0.9074,2.0,193.0,11.0
2021-01-05 10:00:43.321,0.913,0.9123,20.0,0.9074,2.0,193.0,11.0
2021-01-05 10:00:49.801,0.913,0.9109,10.0,0.9074,2.0,193.0,11.0
2021-01-05 10:00:50.331,0.913,0.9109,30.0,0.9063,2.0,193.0,11.0
2021-01-05 10:00:50.850,0.913,0.9109,30.0,0.9064,2.0,193.0,11.0
2021-01-05 10:00:51.301,0.913,0.9109,30.0,0.9064,2.0,193.0,11.0
2021-01-05 10:00:52.250,0.913,0.9109,30.0,0.9064,2.0,193.0,11.0
2021-01-05 10:00:52.780,0.913,0.9109,30.0,0.9062,20.0,193.0,11.0
2021-01-05 10:00:53.731,0.913,0.9102,10.0,0.9062,20.0,193.0,11.0
2021-01-05 10:00:54.240,0.913,0.9102,30.0,0.9048,30.0,193.0,11.0
2021-01-05 10:00:54.761,0.913,0.9102,30.0,0.9049,2.0,193.0,11.0
2021-01-05 10:00:55.270,0.913,0.9102,30.0,0.9049,2.0,193.0,11.0
2021-01-05 10:00:56.261,0.913,0.9102,30.0,0.9049,2.0,193.0,11.0
2021-01-05 10:00:56.780,0.913,0.9089,10.0,0.9049,2.0,193.0,11.0
2021-01-05 10:00:57.301,0.913,0.9089,10.0,0.9049,2.0,193.0,11.0
2021-01-05 10:00:57.810,0.913,0.9089,10.0,0.9049,2.0,193.0,11.0
2021-01-05 10:00:58.300,0.913,0.9089,10.0,0.9049,2.0,193.0,11.0
2021-01-05 10:00:58.300,0.913,0.9089,20.0,0.9042,20.0,193.0,11.0
2021-01-05 10:00:59.260,0.913,0.9089,10.0,0.9042,20.0,193.0,11.0
2021-01-05 10:00:59.710,0.913,0.9089,10.0,0.9042,20.0,193.0,11.0
2021-01-05 10:01:00.330,0.913,0.9089,10.0,0.9042,22.0,193.0,11.0
2021-01-05 10:01:01.320,0.913,0.9093,20.0,0.9042,22.0,193.0,11.0
2021-01-05 10:01:01.831,0.913,0.9093,20.0,0.9048,10.0,193.0,11.0
2021-01-05 10:01:02.320,0.913,0.9093,20.0,0.9049,2.0,193.0,11.0
2021-01-05 10:01:03.350,0.913,0.9093,20.0,0.9049,2.0,193.0,11.0
2021-01-05 10:01:03.750,0.913,0.9093,20.0,0.9049,2.0,193.0,11.0
2021-01-05 10:01:04.781,0.913,0.9093,20.0,0.9049,2.0,193.0,11.0
2021-01-05 10:01:05.300,0.913,0.9102,30.0,0.9049,2.0,193.0,11.0
2021-01-05 10:01:06.341,0.913,0.9102,30.0,0.9049,2.0,193.0,11.0
2021-01-05 10:01:06.850,0.913,0.9102,30.0,0.9049,2.0,193.0,11.0
2021-01-05 10:01:09.321,0.913,0.9102,30.0,0.9049,2.0,193.0,11.0
2021-01-05 10:01:12.301,0.913,0.9102,30.0,0.9048,30.0,193.0,11.0
2021-01-05 10:01:12.771,0.913,0.9082,10.0,0.9048,30.0,193.0,11.0
2021-01-05 10:01:13.351,0.913,0.9082,30.0,0.9048,31.0,193.0,11.0
2021-01-05 10:01:13.830,0.913,0.9082,30.0,0.9048,30.0,193.0,11.0
2021-01-05 10:01:15.751,0.913,0.9082,30.0,0.9048,30.0,193.0,11.0
2021-01-05 10:01:16.360,0.913,0.9082,30.0,0.9049,1.0,193.0,11.0
2021-01-05 10:01:16.750,0.913,0.9082,30.0,0.9048,30.0,193.0,11.0
2021-01-05 10:01:17.320,0.913,0.9082,30.0,0.9048,30.0,193.0,11.0
2021-01-05 10:01:18.350,0.913,0.9082,30.0,0.9048,20.0,193.0,11.0
