,last,ask1,asize1,bid1,bsize1,oi,volume
2021-01-05 09:25:00.080,,0.4123,3.0,0.3783,1.0,10309.0,
2021-01-05 09:30:00.451,0.4123,0.4123,6.0,0.3795,2.0,10306.0,3.0
2021-01-05 09:30:00.991,0.3783,0.3783,7.0,0.3774,2.0,10308.0,6.0
2021-01-05 09:30:01.481,0.3783,0.412,5.0,0.3774,2.0,10308.0,13.0
2021-01-05 09:30:01.990,0.3783,0.4014,20.0,0.3919,20.0,10308.0,13.0
2021-01-05 09:30:02.440,0.3783,0.4006,20.0,0.3911,20.0,10308.0,13.0
2021-01-05 09:30:03.471,0.3783,0.4022,20.0,0.3927,20.0,10308.0,13.0
2021-01-05 09:30:04.430,0.3783,0.4014,20.0,0.3919,20.0,10308.0,13.0
2021-01-05 09:30:05.010,0.3783,0.4001,20.0,0.3906,20.0,10308.0,13.0
2021-01-05 09:30:05.990,0.3783,0.4001,20.0,0.3774,2.0,10308.0,13.0
2021-01-05 09:30:06.480,0.3783,0.3992,20.0,0.3897,20.0,10308.0,13.0
2021-01-05 09:30:06.971,0.3783,0.3975,20.0,0.388,20.0,10308.0,13.0
2021-01-05 09:30:10.501,0.3783,0.397,20.0,0.3875,20.0,10308.0,13.0
2021-01-05 09:30:11.521,0.3783,0.3965,20.0,0.3869,20.0,10308.0,13.0
2021-01-05 09:30:13.000,0.3783,0.3977,20.0,0.3882,20.0,10308.0,13.0
2021-01-05 09:30:13.501,0.3783,0.3982,20.0,0.3887,20.0,10308.0,13.0
2021-01-05 09:30:13.941,0.3783,0.3982,20.0,0.3882,20.0,10308.0,13.0
2021-01-05 09:30:14.521,0.3783,0.3982,20.0,0.3884,1.0,10308.0,13.0
2021-01-05 09:30:15.040,0.3783,0.3982,20.0,0.3887,20.0,10308.0,13.0
2021-01-05 09:30:16.531,0.3783,0.3988,20.0,0.3893,20.0,10308.0,13.0
2021-01-05 09:30:17.021,0.3783,0.412,5.0,0.3893,20.0,10308.0,13.0
2021-01-05 09:30:17.641,0.3783,0.3993,20.0,0.3898,20.0,10308.0,13.0
2021-01-05 09:30:18.231,0.3783,0.3993,20.0,0.3909,20.0,10308.0,13.0
2021-01-05 09:30:19.251,0.3783,0.4009,20.0,0.3909,20.0,10308.0,13.0
2021-01-05 09:30:20.240,0.3783,0.4009,20.0,0.3915,20.0,10308.0,13.0
2021-01-05 09:30:20.740,0.3783,0.4009,20.0,0.3909,20.0,10308.0,13.0
2021-01-05 09:30:21.241,0.3783,0.4003,20.0,0.3909,20.0,10308.0,13.0
2021-01-05 09:30:21.741,0.3783,0.4009,20.0,0.3909,20.0,10308.0,13.0
2021-01-05 09:30:22.240,0.3783,0.3997,20.0,0.3902,20.0,10308.0,13.0
2021-01-05 09:30:23.670,0.3783,0.3997,20.0,0.3902,20.0,10308.0,13.0
2021-01-05 09:30:24.161,0.3783,0.3989,20.0,0.3894,20.0,10308.0,13.0
2021-01-05 09:30:25.160,0.3783,0.3981,20.0,0.3885,20.0,10308.0,13.0
2021-01-05 09:30:30.171,0.3783,0.3981,20.0,0.3885,20.0,10308.0,13.0
2021-01-05 09:30:30.620,0.3783,0.3989,20.0,0.3894,20.0,10308.0,13.0
2021-01-05 09:30:31.631,0.3783,0.3994,20.0,0.3899,20.0,10308.0,13.0
2021-01-05 09:30:32.140,0.3783,0.3994,20.0,0.3899,20.0,10308.0,13.0
2021-01-05 09:30:32.620,0.3783,0.4,20.0,0.3904,20.0,10308.0,13.0
2021-01-05 09:30:33.671,0.3783,0.3972,10.0,0.3904,20.0,10308.0,13.0
2021-01-05 09:30:34.191,0.3783,0.3972,30.0,0.3904,20.0,10308.0,13.0
2021-01-05 09:30:34.670,0.3783,0.3972,30.0,0.3904,20.0,10308.0,13.0
2021-01-05 09:30:36.170,0.3783,0.3972,30.0,0.3899,20.0,10308.0,13.0
2021-01-05 09:30:38.700,0.3783,0.3972,30.0,0.3904,20.0,10308.0,13.0
2021-01-05 09:30:42.181,0.3972,0.3972,29.0,0.3904,20.0,10309.0,14.0
2021-01-05 09:30:42.550,0.3972,0.3972,29.0,0.39,25.0,10309.0,14.0
2021-01-05 09:30:43.180,0.3972,0.3972,29.0,0.3906,20.0,10309.0,14.0
2021-01-05 09:30:43.480,0.3972,0.3972,29.0,0.3906,20.0,10309.0,14.0
2021-01-05 09:30:44.181,0.3972,0.3972,29.0,0.3912,20.0,10309.0,14.0
2021-01-05 09:30:44.650,0.3972,0.3972,29.0,0.3912,20.0,10309.0,14.0
2021-01-05 09:30:45.161,0.3972,0.3972,29.0,0.3912,20.0,10309.0,14.0
2021-01-05 09:30:46.200,0.3972,0.3976,10.0,0.3912,20.0,10309.0,14.0
2021-01-05 09:30:46.671,0.3972,0.3976,10.0,0.3917,20.0,10309.0,14.0
2021-01-05 09:30:47.681,0.3972,0.3976,10.0,0.3923,20.0,10309.0,14.0
2021-01-05 09:30:48.711,0.3972,0.3982,10.0,0.3923,30.0,10309.0,14.0
2021-01-05 09:30:49.210,0.3972,0.3982,10.0,0.3923,30.0,10309.0,14.0
2021-01-05 09:30:49.700,0.3972,0.3982,10.0,0.3923,30.0,10309.0,14.0
2021-01-05 09:30:50.171,0.3972,0.3982,10.0,0.3923,20.0,10309.0,14.0
2021-01-05 09:30:54.670,0.3923,0.3982,10.0,0.391,10.0,10309.0,34.0
2021-01-05 09:30:55.081,0.3923,0.3982,10.0,0.391,10.0,10309.0,34.0
2021-01-05 09:30:55.671,0.3923,0.3982,10.0,0.391,10.0,10309.0,34.0
2021-01-05 09:30:56.170,0.3923,0.3982,10.0,0.3917,9.0,10309.0,34.0
2021-01-05 09:30:56.660,0.3923,0.3982,10.0,0.3917,19.0,10309.0,34.0
2021-01-05 09:30:57.171,0.3923,0.3982,10.0,0.393,20.0,10309.0,34.0
2021-01-05 09:30:57.600,0.3923,0.3982,10.0,0.393,20.0,10309.0,34.0
2021-01-05 09:30:58.091,0.3923,0.3982,10.0,0.393,20.0,10309.0,34.0
2021-01-05 09:30:59.171,0.3923,0.3982,10.0,0.393,30.0,10309.0,34.0
2021-01-05 09:30:59.640,0.3923,0.3981,10.0,0.393,20.0,10309.0,34.0
2021-01-05 09:31:00.161,0.3923,0.3981,10.0,0.3917,29.0,10309.0,34.0
2021-01-05 09:31:00.681,0.3923,0.3981,10.0,0.3924,20.0,10309.0,34.0
2021-01-05 09:31:01.140,0.3923,0.3981,30.0,0.3917,29.0,10309.0,34.0
2021-01-05 09:31:01.680,0.3923,0.3968,10.0,0.3917,29.0,10309.0,34.0
2021-01-05 09:31:02.170,0.3923,0.3968,10.0,0.3917,29.0,10309.0,34.0
2021-01-05 09:31:02.681,0.3923,0.3968,10.0,0.3917,29.0,10309.0,34.0
2021-01-05 09:31:03.131,0.3923,0.3968,10.0,0.3917,29.0,10309.0,34.0
2021-01-05 09:31:03.680,0.3923,0.3968,20.0,0.3917,29.0,10309.0,34.0
2021-01-05 09:31:04.181,0.3923,0.3968,20.0,0.3917,29.0,10309.0,34.0
2021-01-05 09:31:06.681,0.3923,0.3968,10.0,0.3917,29.0,10309.0,34.0
2021-01-05 09:31:08.650,0.3923,0.3968,10.0,0.3917,29.0,10309.0,34.0
2021-01-05 09:31:09.101,0.3923,0.3971,10.0,0.3917,29.0,10309.0,34.0
2021-01-05 09:31:09.701,0.3923,0.3971,10.0,0.3917,29.0,10309.0,34.0
2021-01-05 09:31:11.701,0.3923,0.3971,10.0,0.3917,29.0,10309.0,34.0
2021-01-05 09:31:12.711,0.3923,0.3971,10.0,0.3917,29.0,10309.0,34.0
2021-01-05 09:31:15.110,0.3923,0.3971,10.0,0.3917,29.0,10309.0,34.0
2021-01-05 09:31:16.711,0.3923,0.3935,20.0,0.3917,29.0,10309.0,34.0
2021-01-05 09:31:17.201,0.3935,0.3946,10.0,0.3917,29.0,10289.0,54.0
2021-01-05 09:31:17.710,0.3935,0.3955,10.0,0.3917,29.0,10289.0,54.0
2021-01-05 09:31:18.201,0.3935,0.3962,10.0,0.3917,29.0,10289.0,54.0
2021-01-05 09:31:19.150,0.3935,0.3962,10.0,0.3917,9.0,10289.0,54.0
2021-01-05 09:31:19.721,0.3935,0.3972,10.0,0.3917,29.0,10289.0,54.0
2021-01-05 09:31:20.171,0.3935,0.3971,14.0,0.3918,14.0,10289.0,54.0
2021-01-05 09:31:20.701,0.3935,0.3971,14.0,0.3923,20.0,10289.0,54.0
2021-01-05 09:31:21.221,0.3935,0.3971,14.0,0.393,25.0,10289.0,54.0
2021-01-05 09:31:21.671,0.3935,0.3971,14.0,0.393,45.0,10289.0,54.0
2021-01-05 09:31:22.211,0.3935,0.3971,14.0,0.393,45.0,10289.0,54.0
2021-01-05 09:31:23.171,0.3935,0.3947,10.0,0.393,45.0,10289.0,54.0
2021-01-05 09:31:23.640,0.3947,0.3947,8.0,0.393,45.0,10289.0,56.0
2021-01-05 09:31:24.161,0.3947,0.3953,10.0,0.393,45.0,10289.0,56.0
2021-01-05 09:31:24.660,0.3947,0.3953,10.0,0.393,45.0,10289.0,56.0
2021-01-05 09:31:25.150,0.3947,0.3953,10.0,0.393,45.0,10289.0,56.0
2021-01-05 09:31:25.640,0.3947,0.3959,10.0,0.393,45.0,10289.0,56.0
2021-01-05 09:31:26.141,0.3947,0.3959,10.0,0.393,45.0,10289.0,56.0
2021-01-05 09:31:27.171,0.3947,0.3959,10.0,0.393,45.0,10289.0,56.0
2021-01-05 09:31:27.590,0.3947,0.3958,10.0,0.393,45.0,10289.0,56.0
2021-01-05 09:31:28.091,0.3947,0.3958,24.0,0.393,45.0,10289.0,56.0
2021-01-05 09:31:28.610,0.3947,0.3955,10.0,0.393,45.0,10289.0,56.0
2021-01-05 09:31:29.171,0.3947,0.3959,10.0,0.393,45.0,10289.0,56.0
2021-01-05 09:31:30.170,0.3947,0.3958,10.0,0.393,46.0,10289.0,56.0
2021-01-05 09:31:30.671,0.3947,0.3959,10.0,0.393,46.0,10289.0,56.0
2021-01-05 09:31:31.150,0.3947,0.3958,24.0,0.393,46.0,10289.0,56.0
2021-01-05 09:31:31.661,0.3947,0.3958,14.0,0.393,46.0,10289.0,56.0
2021-01-05 09:31:32.191,0.3947,0.3958,24.0,0.393,46.0,10289.0,56.0
2021-01-05 09:31:33.190,0.3947,0.3958,14.0,0.393,46.0,10289.0,56.0
2021-01-05 09:31:34.181,0.3947,0.3958,14.0,0.393,46.0,10289.0,56.0
2021-01-05 09:31:34.681,0.3947,0.3957,10.0,0.393,46.0,10289.0,56.0
2021-01-05 09:31:35.190,0.3947,0.3958,10.0,0.393,46.0,10289.0,56.0
2021-01-05 09:31:35.670,0.3947,0.3957,14.0,0.393,46.0,10289.0,56.0
2021-01-05 09:31:36.181,0.3947,0.3957,17.0,0.393,46.0,10289.0,56.0
2021-01-05 09:31:36.690,0.3947,0.3955,10.0,0.393,46.0,10289.0,56.0
2021-01-05 09:31:37.191,0.3947,0.3954,3.0,0.393,46.0,10289.0,56.0
2021-01-05 09:31:37.620,0.3947,0.3954,3.0,0.393,46.0,10289.0,56.0
2021-01-05 09:31:38.190,0.3947,0.3954,3.0,0.393,46.0,10289.0,56.0
2021-01-05 09:31:38.690,0.3947,0.3954,3.0,0.393,46.0,10289.0,56.0
2021-01-05 09:31:39.210,0.3947,0.3954,3.0,0.393,46.0,10289.0,56.0
2021-01-05 09:31:39.710,0.3947,0.3954,3.0,0.393,46.0,10289.0,56.0
2021-01-05 09:31:40.200,0.3947,0.3954,3.0,0.393,46.0,10289.0,56.0
2021-01-05 09:31:40.711,0.3954,0.3962,10.0,0.393,56.0,10289.0,59.0
2021-01-05 09:31:41.191,0.3954,0.3969,10.0,0.393,56.0,10289.0,59.0
2021-01-05 09:31:41.700,0.3954,0.3974,10.0,0.393,66.0,10289.0,59.0
2021-01-05 09:31:42.211,0.3954,0.397,10.0,0.393,66.0,10289.0,59.0
2021-01-05 09:31:42.711,0.3954,0.397,10.0,0.393,46.0,10289.0,59.0
2021-01-05 09:31:43.191,0.3954,0.3967,10.0,0.393,46.0,10289.0,59.0
2021-01-05 09:31:43.710,0.3954,0.3966,10.0,0.3931,10.0,10289.0,59.0
2021-01-05 09:31:44.190,0.3954,0.3965,14.0,0.3931,10.0,10289.0,59.0
2021-01-05 09:31:44.691,0.3954,0.3961,10.0,0.393,36.0,10289.0,59.0
2021-01-05 09:31:45.170,0.3954,0.3963,10.0,0.3934,10.0,10289.0,59.0
2021-01-05 09:31:45.700,0.3954,0.3967,10.0,0.3934,10.0,10289.0,59.0
2021-01-05 09:31:46.090,0.3954,0.3972,10.0,0.3934,10.0,10289.0,59.0
2021-01-05 09:31:46.701,0.3954,0.3971,14.0,0.3934,10.0,10289.0,59.0
2021-01-05 09:31:47.191,0.3954,0.3971,14.0,0.3934,10.0,10289.0,59.0
2021-01-05 09:31:47.711,0.3954,0.3971,14.0,0.3934,10.0,10289.0,59.0
2021-01-05 09:31:48.691,0.3954,0.3971,14.0,0.3934,10.0,10289.0,59.0
2021-01-05 09:31:49.221,0.3954,0.3971,19.0,0.3934,10.0,10289.0,59.0
2021-01-05 09:31:49.711,0.3954,0.3977,13.0,0.3935,10.0,10289.0,59.0
2021-01-05 09:31:50.191,0.3954,0.3977,3.0,0.3941,10.0,10289.0,59.0
2021-01-05 09:31:50.710,0.3954,0.3976,1.0,0.3951,10.0,10289.0,59.0
2021-01-05 09:31:51.210,0.3954,0.3976,1.0,0.3951,30.0,10289.0,59.0
2021-01-05 09:31:51.210,0.3954,0.3976,1.0,0.3951,30.0,10289.0,59.0
2021-01-05 09:31:52.220,0.3954,0.3976,1.0,0.3956,10.0,10289.0,59.0
2021-01-05 09:31:52.360,0.3954,0.3976,1.0,0.3956,30.0,10289.0,59.0
2021-01-05 09:31:53.171,0.3954,0.3976,1.0,0.3956,30.0,10289.0,59.0
2021-01-05 09:31:53.530,0.3976,0.3982,10.0,0.3962,10.0,10289.0,60.0
2021-01-05 09:31:54.151,0.3976,0.3975,1.0,0.3962,30.0,10289.0,60.0
2021-01-05 09:31:54.520,0.3976,0.3975,1.0,0.3962,30.0,10289.0,60.0
2021-01-05 09:31:55.150,0.3976,0.3975,1.0,0.3962,30.0,10289.0,60.0
2021-01-05 09:31:55.670,0.3975,0.3985,10.0,0.3969,10.0,10289.0,61.0
2021-01-05 09:31:56.110,0.3975,0.3985,10.0,0.3969,30.0,10289.0,61.0
2021-01-05 09:31:56.591,0.3975,0.3993,10.0,0.397,1.0,10289.0,61.0
2021-01-05 09:31:57.171,0.3975,0.3993,5.0,0.397,1.0,10289.0,61.0
2021-01-05 09:31:57.180,0.3975,0.3998,20.0,0.397,1.0,10289.0,61.0
2021-01-05 09:31:58.150,0.3969,0.3998,20.0,0.3969,21.0,10279.0,71.0
2021-01-05 09:31:59.180,0.3969,0.3997,1.0,0.3971,1.0,10279.0,71.0
2021-01-05 09:31:59.660,0.3969,0.3997,1.0,0.3971,1.0,10279.0,71.0
2021-01-05 09:32:00.150,0.3969,0.3997,1.0,0.3971,1.0,10279.0,71.0
2021-01-05 09:32:00.650,0.3969,0.3997,1.0,0.3971,1.0,10279.0,71.0
2021-01-05 09:32:01.170,0.3969,0.3997,1.0,0.3971,1.0,10279.0,71.0
2021-01-05 09:32:01.670,0.3969,0.3997,1.0,0.3971,1.0,10279.0,71.0
2021-01-05 09:32:02.171,0.3969,0.3996,14.0,0.3971,1.0,10279.0,71.0
2021-01-05 09:32:02.671,0.3969,0.3995,3.0,0.3971,1.0,10279.0,71.0
2021-01-05 09:32:03.180,0.3971,0.3995,3.0,0.3969,30.0,10279.0,72.0
2021-01-05 09:32:03.641,0.3969,0.3994,14.0,0.3969,2.0,10308.0,101.0
2021-01-05 09:32:04.150,0.3969,0.3993,3.0,0.3959,10.0,10311.0,104.0
2021-01-05 09:32:04.630,0.3969,0.3993,23.0,0.397,1.0,10311.0,104.0
2021-01-05 09:32:05.141,0.3969,0.3993,23.0,0.397,1.0,10311.0,104.0
2021-01-05 09:32:05.660,0.3969,0.3993,23.0,0.397,1.0,10311.0,104.0
2021-01-05 09:32:06.161,0.3969,0.3993,23.0,0.397,1.0,10311.0,104.0
2021-01-05 09:32:06.680,0.3969,0.3993,3.0,0.397,1.0,10311.0,104.0
2021-01-05 09:32:07.070,0.3969,0.3993,27.0,0.397,1.0,10311.0,104.0
2021-01-05 09:32:07.671,0.3969,0.3992,14.0,0.397,1.0,10311.0,104.0
2021-01-05 09:32:08.171,0.3969,0.3993,27.0,0.397,1.0,10311.0,104.0
2021-01-05 09:32:08.651,0.3969,0.3993,7.0,0.397,1.0,10311.0,104.0
2021-01-05 09:32:09.141,0.3969,0.3992,1.0,0.397,1.0,10311.0,104.0
2021-01-05 09:32:09.681,0.3969,0.3993,7.0,0.397,1.0,10311.0,104.0
2021-01-05 09:32:10.161,0.3969,0.3993,3.0,0.397,1.0,10311.0,104.0
2021-01-05 09:32:10.630,0.3969,0.3993,3.0,0.397,1.0,10311.0,104.0
2021-01-05 09:32:11.170,0.3969,0.3993,3.0,0.397,1.0,10311.0,104.0
2021-01-05 09:32:11.650,0.3969,0.3993,3.0,0.397,1.0,10311.0,104.0
2021-01-05 09:32:12.161,0.3969,0.3993,7.0,0.397,1.0,10311.0,104.0
2021-01-05 09:32:12.670,0.3969,0.3993,23.0,0.397,1.0,10311.0,104.0
2021-01-05 09:32:13.171,0.3969,0.3993,47.0,0.397,1.0,10311.0,104.0
2021-01-05 09:32:13.680,0.397,0.397,19.0,0.396,10.0,10311.0,105.0
2021-01-05 09:32:14.180,0.397,0.397,13.0,0.396,10.0,10311.0,111.0
2021-01-05 09:32:14.560,0.397,0.397,12.0,0.396,10.0,10311.0,112.0
2021-01-05 09:32:15.171,0.397,0.397,12.0,0.396,10.0,10311.0,112.0
2021-01-05 09:32:15.671,0.397,0.397,10.0,0.396,10.0,10309.0,114.0
2021-01-05 09:32:16.151,0.397,0.397,10.0,0.396,10.0,10309.0,114.0
2021-01-05 09:32:17.161,0.397,0.397,10.0,0.396,10.0,10309.0,114.0
2021-01-05 09:32:17.651,0.397,0.3982,10.0,0.396,10.0,10299.0,124.0
2021-01-05 09:32:18.130,0.397,0.399,10.0,0.3959,10.0,10299.0,124.0
2021-01-05 09:32:18.670,0.397,0.3993,23.0,0.3958,10.0,10299.0,124.0
2021-01-05 09:32:19.670,0.397,0.3993,23.0,0.3969,10.0,10299.0,124.0
2021-01-05 09:32:20.151,0.397,0.3993,27.0,0.3969,30.0,10299.0,124.0
2021-01-05 09:32:20.600,0.397,0.3993,23.0,0.3964,30.0,10299.0,124.0
2021-01-05 09:32:21.171,0.397,0.3993,27.0,0.3964,30.0,10299.0,124.0
2021-01-05 09:32:21.680,0.397,0.3993,23.0,0.3964,20.0,10299.0,124.0
2021-01-05 09:32:22.181,0.397,0.3993,23.0,0.3962,10.0,10299.0,124.0
2021-01-05 09:32:22.660,0.397,0.3993,23.0,0.3962,10.0,10299.0,124.0
2021-01-05 09:32:24.160,0.397,0.3993,23.0,0.3962,10.0,10299.0,124.0
2021-01-05 09:32:24.640,0.397,0.3993,23.0,0.3962,10.0,10299.0,124.0
2021-01-05 09:32:25.170,0.397,0.3993,27.0,0.3962,20.0,10299.0,124.0
2021-01-05 09:32:25.670,0.397,0.3993,23.0,0.3962,40.0,10299.0,124.0
2021-01-05 09:32:26.171,0.397,0.3993,23.0,0.3967,10.0,10299.0,124.0
2021-01-05 09:32:26.650,0.397,0.3993,3.0,0.3967,20.0,10299.0,124.0
2021-01-05 09:32:27.151,0.397,0.3993,7.0,0.3967,20.0,10299.0,124.0
2021-01-05 09:32:27.641,0.397,0.4003,10.0,0.3967,20.0,10299.0,124.0
2021-01-05 09:32:28.171,0.397,0.4003,10.0,0.3967,10.0,10299.0,124.0
2021-01-05 09:32:28.630,0.397,0.4003,10.0,0.3967,10.0,10299.0,124.0
2021-01-05 09:32:29.180,0.397,0.4003,14.0,0.3967,30.0,10299.0,124.0
2021-01-05 09:32:30.171,0.397,0.4003,14.0,0.3967,30.0,10299.0,124.0
2021-01-05 09:32:30.671,0.397,0.4003,14.0,0.3967,10.0,10299.0,124.0
2021-01-05 09:32:31.151,0.397,0.4003,10.0,0.3967,10.0,10299.0,124.0
2021-01-05 09:32:31.691,0.397,0.4003,10.0,0.3967,10.0,10299.0,124.0
2021-01-05 09:32:32.121,0.397,0.4,10.0,0.3967,30.0,10299.0,124.0
2021-01-05 09:32:32.690,0.397,0.4,10.0,0.3967,10.0,10299.0,124.0
2021-01-05 09:32:33.141,0.397,0.4,10.0,0.3967,10.0,10299.0,124.0
2021-01-05 09:32:33.671,0.397,0.4,10.0,0.3967,10.0,10299.0,124.0
2021-01-05 09:32:34.171,0.397,0.4,10.0,0.3963,10.0,10299.0,124.0
2021-01-05 09:32:34.691,0.397,0.4,10.0,0.3963,10.0,10299.0,124.0
2021-01-05 09:32:35.170,0.397,0.4,10.0,0.3963,10.0,10299.0,124.0
2021-01-05 09:32:35.671,0.397,0.4,10.0,0.3963,10.0,10299.0,124.0
2021-01-05 09:32:36.190,0.397,0.4,10.0,0.3968,2.0,10299.0,124.0
2021-01-05 09:32:36.691,0.397,0.4,10.0,0.3968,22.0,10299.0,124.0
2021-01-05 09:32:37.150,0.397,0.4,4.0,0.3968,22.0,10299.0,124.0
2021-01-05 09:32:38.190,0.397,0.4003,10.0,0.3968,22.0,10299.0,124.0
2021-01-05 09:32:39.200,0.397,0.4,14.0,0.3968,22.0,10299.0,124.0
2021-01-05 09:32:39.630,0.397,0.4,4.0,0.3968,22.0,10299.0,124.0
2021-01-05 09:32:40.641,0.397,0.4003,10.0,0.3968,22.0,10299.0,124.0
2021-01-05 09:32:41.690,0.397,0.4003,14.0,0.3968,22.0,10299.0,124.0
2021-01-05 09:32:42.201,0.397,0.4003,10.0,0.3968,22.0,10299.0,124.0
2021-01-05 09:32:42.700,0.397,0.4003,10.0,0.3968,22.0,10299.0,124.0
2021-01-05 09:32:43.190,0.397,0.4,2.0,0.3968,22.0,10299.0,124.0
2021-01-05 09:32:43.580,0.397,0.4,2.0,0.3968,22.0,10299.0,124.0
2021-01-05 09:32:44.700,0.397,0.3998,10.0,0.3968,22.0,10299.0,124.0
2021-01-05 09:32:45.100,0.397,0.3998,40.0,0.3968,22.0,10299.0,124.0
2021-01-05 09:32:45.580,0.397,0.3998,34.0,0.3968,22.0,10299.0,124.0
2021-01-05 09:32:46.160,0.397,0.3998,30.0,0.3968,22.0,10299.0,124.0
2021-01-05 09:32:46.610,0.397,0.3998,30.0,0.3968,22.0,10299.0,124.0
2021-01-05 09:32:47.701,0.397,0.3998,30.0,0.3968,22.0,10299.0,124.0
2021-01-05 09:32:48.181,0.397,0.3998,34.0,0.397,10.0,10299.0,124.0
2021-01-05 09:32:48.690,0.397,0.3998,10.0,0.3968,22.0,10289.0,134.0
2021-01-05 09:32:49.030,0.397,0.3998,10.0,0.3974,10.0,10289.0,134.0
2021-01-05 09:32:49.670,0.397,0.4,2.0,0.3975,10.0,10289.0,134.0
2021-01-05 09:32:50.171,0.4,0.4013,10.0,0.3986,10.0,10287.0,136.0
2021-01-05 09:32:50.700,0.4,0.4013,10.0,0.3982,10.0,10287.0,136.0
2021-01-05 09:32:51.170,0.4,0.4014,10.0,0.3983,20.0,10287.0,136.0
2021-01-05 09:32:51.701,0.4,0.4016,3.0,0.3988,10.0,10287.0,136.0
2021-01-05 09:32:52.191,0.4,0.4016,13.0,0.3988,20.0,10287.0,136.0
2021-01-05 09:32:52.191,0.4,0.4016,13.0,0.3983,30.0,10287.0,136.0
2021-01-05 09:32:53.161,0.4,0.4016,13.0,0.3983,30.0,10287.0,136.0
2021-01-05 09:32:53.641,0.4,0.4016,13.0,0.3983,30.0,10287.0,136.0
2021-01-05 09:32:54.181,0.4,0.4016,17.0,0.3983,10.0,10287.0,136.0
2021-01-05 09:32:55.161,0.4,0.4014,3.0,0.3983,10.0,10287.0,136.0
2021-01-05 09:32:55.670,0.4,0.4014,3.0,0.3983,10.0,10287.0,136.0
2021-01-05 09:32:56.150,0.4,0.4014,3.0,0.3985,10.0,10287.0,136.0
2021-01-05 09:32:56.611,0.4,0.4014,3.0,0.399,10.0,10287.0,136.0
2021-01-05 09:32:57.181,0.4,0.4014,3.0,0.399,10.0,10287.0,136.0
2021-01-05 09:32:57.600,0.4,0.4014,3.0,0.399,10.0,10287.0,136.0
2021-01-05 09:32:58.171,0.4,0.4014,3.0,0.399,10.0,10287.0,136.0
2021-01-05 09:32:58.651,0.4,0.4014,3.0,0.399,10.0,10287.0,136.0
2021-01-05 09:32:59.621,0.4,0.4014,3.0,0.399,20.0,10287.0,136.0
2021-01-05 09:33:00.651,0.4,0.4014,3.0,0.399,20.0,10287.0,136.0
2021-01-05 09:33:00.651,0.4,0.4014,3.0,0.399,10.0,10287.0,136.0
2021-01-05 09:33:01.661,0.4,0.4014,3.0,0.399,10.0,10287.0,136.0
2021-01-05 09:33:02.130,0.4,0.4014,3.0,0.3983,30.0,10287.0,136.0
2021-01-05 09:33:02.651,0.4,0.4014,3.0,0.3983,10.0,10287.0,136.0
2021-01-05 09:33:03.171,0.4,0.4008,10.0,0.3983,10.0,10287.0,136.0
2021-01-05 09:33:03.681,0.4,0.4008,20.0,0.3981,10.0,10287.0,136.0
2021-01-05 09:33:04.140,0.4,0.4008,38.0,0.3981,10.0,10287.0,136.0
2021-01-05 09:33:04.630,0.4008,0.4007,1.0,0.3979,10.0,10287.0,138.0
2021-01-05 09:33:05.181,0.4008,0.4006,14.0,0.3969,10.0,10287.0,138.0
2021-01-05 09:33:05.690,0.4008,0.4004,10.0,0.3968,2.0,10287.0,138.0
2021-01-05 09:33:06.170,0.3968,0.4004,10.0,0.3961,10.0,10289.0,140.0
2021-01-05 09:33:06.651,0.3968,0.4003,17.0,0.3969,1.0,10289.0,140.0
2021-01-05 09:33:07.171,0.3968,0.3997,10.0,0.3969,1.0,10289.0,140.0
2021-01-05 09:33:07.601,0.3968,0.4002,10.0,0.3969,1.0,10289.0,140.0
2021-01-05 09:33:08.191,0.3968,0.4002,30.0,0.3969,1.0,10289.0,140.0
2021-01-05 09:33:08.681,0.3968,0.3999,10.0,0.3969,1.0,10289.0,140.0
2021-01-05 09:33:09.181,0.3968,0.3999,10.0,0.3969,1.0,10289.0,140.0
2021-01-05 09:33:09.630,0.3968,0.4002,20.0,0.3969,21.0,10289.0,140.0
2021-01-05 09:33:10.180,0.3968,0.4002,24.0,0.3969,1.0,10289.0,140.0
2021-01-05 09:33:10.681,0.3968,0.3995,10.0,0.3969,1.0,10289.0,140.0
2021-01-05 09:33:11.180,0.3968,0.3995,30.0,0.3969,1.0,10289.0,140.0
2021-01-05 09:33:11.670,0.3968,0.3995,30.0,0.3969,1.0,10289.0,140.0
2021-01-05 09:33:12.181,0.3968,0.3995,30.0,0.3969,1.0,10289.0,140.0
2021-01-05 09:33:12.650,0.3968,0.3995,20.0,0.3969,1.0,10289.0,140.0
2021-01-05 09:33:12.990,0.3968,0.3995,20.0,0.3969,1.0,10289.0,140.0
2021-01-05 09:33:13.691,0.3968,0.3993,10.0,0.3969,1.0,10289.0,140.0
2021-01-05 09:33:14.160,0.3968,0.3993,10.0,0.3969,1.0,10289.0,140.0
2021-01-05 09:33:14.650,0.3968,0.3993,40.0,0.3969,1.0,10289.0,140.0
2021-01-05 09:33:15.140,0.3968,0.3993,44.0,0.3969,1.0,10289.0,140.0
2021-01-05 09:33:15.651,0.3968,0.3988,10.0,0.3969,1.0,10289.0,140.0
2021-01-05 09:33:16.181,0.3968,0.3988,10.0,0.3969,1.0,10289.0,140.0
2021-01-05 09:33:16.671,0.3968,0.3984,10.0,0.3969,1.0,10289.0,140.0
2021-01-05 09:33:17.190,0.3969,0.3979,10.0,0.3965,10.0,10289.0,141.0
2021-01-05 09:33:17.691,0.3969,0.3979,10.0,0.397,1.0,10289.0,141.0
2021-01-05 09:33:18.160,0.3977,0.3977,4.0,0.3951,20.0,10295.0,158.0
2021-01-05 09:33:18.680,0.3977,0.398,10.0,0.3951,30.0,10295.0,158.0
2021-01-05 09:33:19.191,0.3977,0.3976,1.0,0.3952,1.0,10295.0,158.0
2021-01-05 09:33:19.660,0.3977,0.3976,1.0,0.3952,1.0,10295.0,158.0
2021-01-05 09:33:20.171,0.3977,0.3974,10.0,0.3952,11.0,10295.0,158.0
2021-01-05 09:33:20.680,0.3977,0.3974,10.0,0.3952,11.0,10295.0,158.0
2021-01-05 09:33:21.160,0.3977,0.3974,10.0,0.3952,11.0,10295.0,158.0
2021-01-05 09:33:21.681,0.3977,0.3974,10.0,0.3952,1.0,10295.0,158.0
2021-01-05 09:33:22.150,0.3977,0.3974,14.0,0.3952,1.0,10295.0,158.0
2021-01-05 09:33:22.670,0.3952,0.3974,10.0,0.3949,10.0,10295.0,159.0
2021-01-05 09:33:23.151,0.3952,0.397,10.0,0.3953,1.0,10295.0,159.0
2021-01-05 09:33:23.660,0.3952,0.397,10.0,0.3953,1.0,10295.0,159.0
2021-01-05 09:33:24.171,0.3952,0.397,20.0,0.3953,1.0,10295.0,159.0
2021-01-05 09:33:24.651,0.3952,0.3975,10.0,0.3953,1.0,10295.0,159.0
2021-01-05 09:33:25.151,0.3952,0.3975,14.0,0.3953,1.0,10295.0,159.0
2021-01-05 09:33:25.671,0.3952,0.3974,1.0,0.3953,1.0,10295.0,159.0
2021-01-05 09:33:26.161,0.3952,0.3974,1.0,0.3953,11.0,10295.0,159.0
2021-01-05 09:33:26.651,0.3952,0.3974,1.0,0.3953,11.0,10295.0,159.0
2021-01-05 09:33:27.171,0.3952,0.3974,1.0,0.3953,1.0,10295.0,159.0
2021-01-05 09:33:27.681,0.3952,0.3974,1.0,0.3956,10.0,10295.0,159.0
2021-01-05 09:33:28.180,0.3952,0.3974,1.0,0.3956,10.0,10295.0,159.0
2021-01-05 09:33:28.630,0.3952,0.3974,5.0,0.3951,20.0,10295.0,159.0
2021-01-05 09:33:29.171,0.3952,0.3974,1.0,0.3951,20.0,10295.0,159.0
2021-01-05 09:33:29.681,0.3952,0.3974,1.0,0.3952,1.0,10295.0,159.0
2021-01-05 09:33:31.680,0.3952,0.3974,1.0,0.3952,1.0,10295.0,159.0
2021-01-05 09:33:32.170,0.3952,0.3974,1.0,0.3952,15.0,10295.0,159.0
2021-01-05 09:33:32.620,0.3952,0.3974,1.0,0.3952,15.0,10295.0,159.0
2021-01-05 09:33:33.680,0.3952,0.3974,5.0,0.3952,1.0,10295.0,159.0
2021-01-05 09:33:35.181,0.3952,0.3952,4.0,0.3951,20.0,10294.0,160.0
2021-01-05 09:33:35.680,0.3952,0.3972,10.0,0.3952,3.0,10290.0,164.0
2021-01-05 09:33:36.001,0.3952,0.3976,3.0,0.3951,24.0,10290.0,164.0
2021-01-05 09:33:36.681,0.3952,0.3971,1.0,0.3951,10.0,10290.0,164.0
2021-01-05 09:33:37.190,0.3952,0.3971,1.0,0.3952,1.0,10290.0,164.0
2021-01-05 09:33:37.640,0.3952,0.3971,21.0,0.3952,1.0,10290.0,164.0
2021-01-05 09:33:38.120,0.3952,0.3952,4.0,0.3948,10.0,10289.0,165.0
2021-01-05 09:33:38.571,0.3952,0.3952,2.0,0.3948,10.0,10287.0,167.0
2021-01-05 09:33:39.201,0.3952,0.3964,10.0,0.3948,10.0,10285.0,169.0
2021-01-05 09:33:39.641,0.3952,0.3968,10.0,0.395,10.0,10285.0,169.0
2021-01-05 09:33:39.760,0.3952,0.3963,1.0,0.395,10.0,10285.0,169.0
2021-01-05 09:33:40.690,0.3952,0.3963,1.0,0.3947,10.0,10285.0,169.0
2021-01-05 09:33:41.161,0.3952,0.3963,1.0,0.3948,14.0,10285.0,169.0
2021-01-05 09:33:41.691,0.3952,0.3963,1.0,0.3946,20.0,10285.0,169.0
2021-01-05 09:33:42.160,0.3952,0.3963,1.0,0.3951,10.0,10285.0,169.0
2021-01-05 09:33:42.640,0.3952,0.3963,1.0,0.3951,10.0,10285.0,169.0
2021-01-05 09:33:43.180,0.3963,0.3974,10.0,0.3951,30.0,10285.0,170.0
2021-01-05 09:33:43.180,0.3963,0.3974,10.0,0.3957,10.0,10285.0,170.0
2021-01-05 09:33:44.110,0.3963,0.3973,1.0,0.3957,30.0,10285.0,170.0
2021-01-05 09:33:44.671,0.3963,0.3973,11.0,0.3957,30.0,10285.0,170.0
2021-01-05 09:33:45.180,0.3963,0.3973,1.0,0.3957,30.0,10285.0,170.0
2021-01-05 09:33:46.161,0.3963,0.3973,1.0,0.3957,30.0,10285.0,170.0
2021-01-05 09:33:46.680,0.3963,0.3973,1.0,0.3962,10.0,10285.0,170.0
2021-01-05 09:33:47.191,0.3963,0.3973,1.0,0.3962,20.0,10285.0,170.0
2021-01-05 09:33:47.681,0.3962,0.3974,10.0,0.3962,15.0,10280.0,175.0
2021-01-05 09:33:48.171,0.3962,0.3974,10.0,0.3957,20.0,10280.0,175.0
2021-01-05 09:33:48.680,0.3962,0.3974,10.0,0.3973,1.0,10280.0,175.0
2021-01-05 09:33:49.041,0.3973,0.3973,1.0,0.3958,1.0,10281.0,176.0
2021-01-05 09:33:49.681,0.3973,0.3973,1.0,0.3957,20.0,10281.0,176.0
2021-01-05 09:33:50.130,0.3973,0.3973,1.0,0.3967,10.0,10281.0,176.0
2021-01-05 09:33:50.570,0.3973,0.3972,1.0,0.3967,20.0,10281.0,176.0
2021-01-05 09:33:51.141,0.3967,0.3973,1.0,0.3959,10.0,10281.0,185.0
2021-01-05 09:33:51.581,0.3967,0.3973,1.0,0.3957,20.0,10281.0,185.0
2021-01-05 09:33:52.190,0.3967,0.3973,1.0,0.3957,20.0,10281.0,185.0
2021-01-05 09:33:52.661,0.3967,0.3973,1.0,0.3962,10.0,10281.0,185.0
2021-01-05 09:33:53.171,0.3967,0.3973,1.0,0.3962,10.0,10281.0,185.0
2021-01-05 09:33:53.650,0.3967,0.3973,1.0,0.3958,10.0,10281.0,185.0
2021-01-05 09:33:54.180,0.3967,0.3973,1.0,0.3958,10.0,10281.0,185.0
2021-01-05 09:33:54.610,0.3967,0.3973,1.0,0.3959,1.0,10281.0,185.0
2021-01-05 09:33:55.181,0.3967,0.3973,1.0,0.3965,10.0,10281.0,185.0
2021-01-05 09:33:55.650,0.3967,0.3973,1.0,0.3968,10.0,10281.0,185.0
2021-01-05 09:33:56.120,0.3967,0.3973,1.0,0.3958,10.0,10281.0,185.0
2021-01-05 09:33:56.681,0.3967,0.3973,1.0,0.3958,10.0,10281.0,185.0
2021-01-05 09:33:57.161,0.3967,0.3973,1.0,0.3957,20.0,10281.0,185.0
2021-01-05 09:33:57.671,0.3967,0.3973,1.0,0.3957,20.0,10281.0,185.0
2021-01-05 09:33:58.170,0.3967,0.3976,3.0,0.3957,20.0,10281.0,185.0
2021-01-05 09:33:58.670,0.3967,0.3976,3.0,0.3957,20.0,10281.0,185.0
2021-01-05 09:33:59.140,0.3967,0.3976,3.0,0.3962,10.0,10281.0,185.0
2021-01-05 09:33:59.690,0.3967,0.3976,3.0,0.3962,30.0,10281.0,185.0
2021-01-05 09:34:00.191,0.3967,0.3976,3.0,0.3963,14.0,10281.0,185.0
2021-01-05 09:34:00.671,0.3976,0.3986,10.0,0.3963,15.0,10281.0,188.0
2021-01-05 09:34:01.081,0.3976,0.399,10.0,0.3963,15.0,10281.0,188.0
2021-01-05 09:34:01.661,0.3976,0.399,10.0,0.3963,15.0,10281.0,188.0
2021-01-05 09:34:02.170,0.3976,0.3989,14.0,0.3963,11.0,10281.0,188.0
2021-01-05 09:34:02.671,0.3976,0.3989,14.0,0.3963,11.0,10281.0,188.0
2021-01-05 09:34:03.171,0.3976,0.3989,14.0,0.3968,10.0,10281.0,188.0
2021-01-05 09:34:03.411,0.3976,0.3989,14.0,0.3968,30.0,10281.0,188.0
2021-01-05 09:34:04.070,0.3976,0.3989,14.0,0.3968,30.0,10281.0,188.0
2021-01-05 09:34:04.671,0.3976,0.3989,14.0,0.3969,1.0,10281.0,188.0
2021-01-05 09:34:05.121,0.3976,0.3993,10.0,0.3973,10.0,10281.0,188.0
2021-01-05 09:34:05.630,0.3976,0.3992,14.0,0.3973,10.0,10281.0,188.0
2021-01-05 09:34:06.191,0.3976,0.3992,14.0,0.3973,30.0,10281.0,188.0
2021-01-05 09:34:06.671,0.3976,0.3997,10.0,0.3982,10.0,10281.0,188.0
2021-01-05 09:34:07.130,0.3976,0.3996,14.0,0.3982,10.0,10281.0,188.0
2021-01-05 09:34:07.601,0.3976,0.3997,14.0,0.3982,10.0,10281.0,188.0
2021-01-05 09:34:08.171,0.3976,0.3997,10.0,0.399,10.0,10281.0,188.0
2021-01-05 09:34:08.690,0.3997,0.4007,10.0,0.399,30.0,10281.0,192.0
2021-01-05 09:34:09.170,0.3997,0.4006,14.0,0.399,20.0,10281.0,192.0
2021-01-05 09:34:09.670,0.3997,0.4006,28.0,0.3991,1.0,10281.0,192.0
2021-01-05 09:34:10.140,0.3997,0.4006,14.0,0.3991,1.0,10281.0,192.0
2021-01-05 09:34:10.690,0.3997,0.4006,14.0,0.3991,1.0,10281.0,192.0
2021-01-05 09:34:11.151,0.3991,0.4006,18.0,0.398,20.0,10281.0,193.0
2021-01-05 09:34:11.681,0.3992,0.3999,10.0,0.3973,21.0,10281.0,194.0
2021-01-05 09:34:12.121,0.3992,0.3999,10.0,0.3981,1.0,10281.0,194.0
2021-01-05 09:34:12.621,0.3992,0.3998,15.0,0.3981,1.0,10281.0,194.0
2021-01-05 09:34:13.191,0.3992,0.3998,18.0,0.3981,1.0,10281.0,194.0
2021-01-05 09:34:13.671,0.3992,0.3998,15.0,0.3981,1.0,10281.0,194.0
2021-01-05 09:34:14.181,0.3981,0.3996,10.0,0.3973,21.0,10282.0,195.0
2021-01-05 09:34:14.691,0.3981,0.3992,10.0,0.3973,1.0,10282.0,195.0
2021-01-05 09:34:15.181,0.3981,0.3985,10.0,0.3974,1.0,10282.0,195.0
2021-01-05 09:34:15.681,0.3981,0.3985,3.0,0.3974,1.0,10282.0,195.0
2021-01-05 09:34:16.190,0.3981,0.3984,1.0,0.3973,1.0,10282.0,195.0
2021-01-05 09:34:16.630,0.3981,0.3984,1.0,0.3973,1.0,10282.0,195.0
2021-01-05 09:34:17.181,0.3981,0.3984,1.0,0.3973,1.0,10282.0,195.0
2021-01-05 09:34:17.690,0.3981,0.3984,1.0,0.3974,10.0,10282.0,195.0
2021-01-05 09:34:18.201,0.3981,0.3984,1.0,0.3978,10.0,10282.0,195.0
2021-01-05 09:34:18.620,0.3981,0.3984,1.0,0.3978,20.0,10282.0,195.0
2021-01-05 09:34:19.041,0.3981,0.3991,10.0,0.3984,1.0,10282.0,195.0
2021-01-05 09:34:19.700,0.3981,0.3995,3.0,0.3984,1.0,10282.0,195.0
2021-01-05 09:34:19.961,0.3981,0.3995,3.0,0.3984,1.0,10282.0,195.0
2021-01-05 09:34:20.651,0.3981,0.3995,3.0,0.3984,1.0,10282.0,195.0
2021-01-05 09:34:21.200,0.3981,0.3995,3.0,0.3984,1.0,10282.0,195.0
2021-01-05 09:34:21.690,0.3981,0.3997,1.0,0.3984,1.0,10282.0,195.0
2021-01-05 09:34:22.151,0.3981,0.4001,10.0,0.3984,1.0,10282.0,195.0
2021-01-05 09:34:22.651,0.3981,0.4001,24.0,0.3984,1.0,10282.0,195.0
2021-01-05 09:34:23.090,0.3981,0.3997,3.0,0.3985,1.0,10282.0,195.0
2021-01-05 09:34:24.170,0.3981,0.4001,10.0,0.3985,1.0,10282.0,195.0
2021-01-05 09:34:24.600,0.3981,0.4,14.0,0.3984,1.0,10282.0,195.0
2021-01-05 09:34:25.171,0.3981,0.4,14.0,0.3984,1.0,10282.0,195.0
2021-01-05 09:34:25.671,0.3981,0.3999,1.0,0.3984,1.0,10282.0,195.0
2021-01-05 09:34:26.170,0.3981,0.3999,1.0,0.3984,1.0,10282.0,195.0
2021-01-05 09:34:28.621,0.3981,0.3999,1.0,0.3984,1.0,10282.0,195.0
2021-01-05 09:34:29.090,0.3981,0.3998,14.0,0.3984,1.0,10282.0,195.0
2021-01-05 09:34:29.601,0.3981,0.3998,24.0,0.3984,1.0,10282.0,195.0
2021-01-05 09:34:30.141,0.3981,0.3998,25.0,0.3984,1.0,10282.0,195.0
2021-01-05 09:34:30.671,0.3981,0.3998,25.0,0.3984,1.0,10282.0,195.0
2021-01-05 09:34:31.190,0.3981,0.3998,24.0,0.3984,1.0,10282.0,195.0
2021-01-05 09:34:31.691,0.3981,0.3998,10.0,0.3984,21.0,10282.0,195.0
2021-01-05 09:34:32.150,0.3981,0.3998,13.0,0.3984,21.0,10282.0,195.0
2021-01-05 09:34:33.691,0.3981,0.3998,13.0,0.3987,10.0,10282.0,195.0
2021-01-05 09:34:34.171,0.3981,0.3998,13.0,0.3987,10.0,10282.0,195.0
2021-01-05 09:34:34.640,0.3981,0.4003,10.0,0.3987,10.0,10282.0,195.0
2021-01-05 09:34:35.130,0.3981,0.4006,10.0,0.3987,10.0,10282.0,195.0
2021-01-05 09:34:35.570,0.3981,0.4009,10.0,0.3991,10.0,10282.0,195.0
2021-01-05 09:34:36.171,0.3981,0.4009,10.0,0.3991,10.0,10282.0,195.0
2021-01-05 09:34:36.680,0.3981,0.4009,13.0,0.3991,10.0,10282.0,195.0
2021-01-05 09:34:37.161,0.3981,0.4012,30.0,0.3992,1.0,10282.0,195.0
2021-01-05 09:34:37.700,0.3981,0.4012,30.0,0.3996,10.0,10282.0,195.0
2021-01-05 09:34:38.171,0.3981,0.4012,10.0,0.3999,10.0,10282.0,195.0
2021-01-05 09:34:38.611,0.3981,0.4012,10.0,0.3999,20.0,10282.0,195.0
2021-01-05 09:34:39.091,0.3981,0.4012,10.0,0.3999,10.0,10282.0,195.0
2021-01-05 09:34:39.470,0.3981,0.4012,10.0,0.3996,10.0,10282.0,195.0
2021-01-05 09:34:40.171,0.3981,0.4012,13.0,0.4,10.0,10282.0,195.0
2021-01-05 09:34:40.530,0.3981,0.4011,1.0,0.3995,10.0,10282.0,195.0
2021-01-05 09:34:41.201,0.3981,0.4015,10.0,0.4001,1.0,10282.0,195.0
2021-01-05 09:34:41.700,0.3981,0.4019,20.0,0.3999,20.0,10282.0,195.0
2021-01-05 09:34:42.171,0.3981,0.4019,20.0,0.3999,20.0,10282.0,195.0
2021-01-05 09:34:42.680,0.3981,0.4019,23.0,0.4,1.0,10282.0,195.0
2021-01-05 09:34:44.071,0.3981,0.4018,1.0,0.4,1.0,10282.0,195.0
2021-01-05 09:34:44.701,0.3981,0.4018,4.0,0.4002,10.0,10282.0,195.0
2021-01-05 09:34:45.200,0.3981,0.4018,4.0,0.4005,10.0,10282.0,195.0
2021-01-05 09:34:45.421,0.3981,0.4018,1.0,0.4005,10.0,10282.0,195.0
2021-01-05 09:34:46.120,0.3981,0.4023,10.0,0.401,10.0,10282.0,195.0
2021-01-05 09:34:46.660,0.3981,0.4024,20.0,0.401,10.0,10282.0,195.0
2021-01-05 09:34:47.181,0.3981,0.4024,23.0,0.401,10.0,10282.0,195.0
2021-01-05 09:34:47.701,0.3981,0.4024,20.0,0.401,10.0,10282.0,195.0
2021-01-05 09:34:48.700,0.3981,0.4024,23.0,0.401,10.0,10282.0,195.0
2021-01-05 09:34:49.701,0.3981,0.4024,20.0,0.401,10.0,10282.0,195.0
2021-01-05 09:34:50.161,0.3981,0.4024,20.0,0.4004,10.0,10282.0,195.0
2021-01-05 09:34:50.700,0.3981,0.4023,14.0,0.4004,10.0,10282.0,195.0
2021-01-05 09:34:51.200,0.3981,0.4023,15.0,0.4007,10.0,10282.0,195.0
2021-01-05 09:34:51.630,0.3981,0.4023,15.0,0.4003,10.0,10282.0,195.0
2021-01-05 09:34:52.220,0.3981,0.4023,15.0,0.4008,1.0,10282.0,195.0
2021-01-05 09:34:52.650,0.3981,0.4023,15.0,0.4008,1.0,10282.0,195.0
2021-01-05 09:34:53.180,0.3981,0.4024,20.0,0.4008,1.0,10282.0,195.0
2021-01-05 09:34:53.651,0.3981,0.4024,20.0,0.4008,1.0,10282.0,195.0
2021-01-05 09:34:54.170,0.3981,0.4024,20.0,0.4008,1.0,10282.0,195.0
2021-01-05 09:34:54.631,0.3981,0.4025,10.0,0.4008,21.0,10282.0,195.0
2021-01-05 09:34:55.161,0.3981,0.4025,3.0,0.4022,10.0,10282.0,195.0
2021-01-05 09:34:55.680,0.4025,0.4034,10.0,0.4022,10.0,10279.0,198.0
2021-01-05 09:34:56.141,0.4025,0.4034,10.0,0.4022,10.0,10279.0,198.0
2021-01-05 09:34:56.681,0.4025,0.404,10.0,0.4029,10.0,10279.0,198.0
2021-01-05 09:34:57.130,0.4025,0.4043,10.0,0.4029,10.0,10279.0,198.0
2021-01-05 09:34:57.651,0.4025,0.4043,10.0,0.403,1.0,10279.0,198.0
2021-01-05 09:34:58.640,0.4025,0.4043,10.0,0.403,1.0,10279.0,198.0
2021-01-05 09:34:59.151,0.4025,0.4043,10.0,0.403,11.0,10279.0,198.0
2021-01-05 09:35:00.160,0.4025,0.4044,10.0,0.403,11.0,10279.0,198.0
2021-01-05 09:35:00.630,0.4025,0.4044,10.0,0.403,11.0,10279.0,198.0
2021-01-05 09:35:01.070,0.4025,0.4043,14.0,0.403,11.0,10279.0,198.0
2021-01-05 09:35:01.620,0.4025,0.4043,14.0,0.403,1.0,10279.0,198.0
2021-01-05 09:35:02.181,0.403,0.4043,14.0,0.4024,10.0,10280.0,199.0
2021-01-05 09:35:02.680,0.403,0.4043,14.0,0.402,10.0,10280.0,199.0
2021-01-05 09:35:03.180,0.403,0.4042,1.0,0.402,10.0,10280.0,199.0
2021-01-05 09:35:03.510,0.403,0.4041,26.0,0.4019,10.0,10280.0,199.0
2021-01-05 09:35:04.181,0.4041,0.4041,23.0,0.4021,1.0,10280.0,202.0
2021-01-05 09:35:05.180,0.4041,0.4041,23.0,0.4021,1.0,10280.0,202.0
2021-01-05 09:35:05.671,0.4041,0.4041,23.0,0.4021,11.0,10280.0,202.0
2021-01-05 09:35:06.180,0.4041,0.4041,10.0,0.4021,1.0,10280.0,202.0
2021-01-05 09:35:06.680,0.4041,0.404,14.0,0.4021,1.0,10280.0,202.0
2021-01-05 09:35:07.131,0.4041,0.4041,10.0,0.4021,1.0,10280.0,202.0
2021-01-05 09:35:07.650,0.4041,0.4042,1.0,0.4022,34.0,10280.0,202.0
2021-01-05 09:35:08.171,0.4041,0.4042,1.0,0.4027,10.0,10280.0,202.0
2021-01-05 09:35:09.191,0.4041,0.4049,10.0,0.4035,10.0,10280.0,202.0
2021-01-05 09:35:09.700,0.4041,0.4055,10.0,0.4036,14.0,10280.0,202.0
2021-01-05 09:35:10.180,0.4041,0.4055,24.0,0.4036,34.0,10280.0,202.0
2021-01-05 09:35:10.691,0.4041,0.4055,14.0,0.4043,10.0,10280.0,202.0
2021-01-05 09:35:11.160,0.4041,0.4056,10.0,0.4043,10.0,10280.0,202.0
2021-01-05 09:35:11.671,0.4041,0.4056,10.0,0.4051,10.0,10280.0,202.0
2021-01-05 09:35:12.101,0.4051,0.4063,10.0,0.4048,10.0,10280.0,204.0
2021-01-05 09:35:12.391,0.4051,0.4062,14.0,0.4052,1.0,10280.0,204.0
2021-01-05 09:35:13.181,0.4052,0.406,16.0,0.4042,10.0,10281.0,205.0
2021-01-05 09:35:13.371,0.4043,0.4056,16.0,0.4037,10.0,10281.0,210.0
2021-01-05 09:35:14.191,0.4043,0.405,16.0,0.4043,1.0,10281.0,210.0
2021-01-05 09:35:14.691,0.4043,0.4043,1.0,0.4029,10.0,10281.0,210.0
2021-01-05 09:35:15.171,0.4043,0.4042,14.0,0.403,10.0,10281.0,210.0
2021-01-05 09:35:15.451,0.4043,0.4042,14.0,0.4036,10.0,10281.0,210.0
2021-01-05 09:35:16.151,0.4043,0.4047,10.0,0.4039,10.0,10281.0,210.0
2021-01-05 09:35:16.681,0.4043,0.4046,14.0,0.4036,10.0,10281.0,210.0
2021-01-05 09:35:17.190,0.4043,0.4046,14.0,0.4036,10.0,10281.0,210.0
2021-01-05 09:35:17.680,0.4043,0.4046,14.0,0.4036,10.0,10281.0,210.0
2021-01-05 09:35:18.170,0.4043,0.4046,16.0,0.4036,10.0,10281.0,210.0
2021-01-05 09:35:18.641,0.4036,0.4046,16.0,0.4031,9.0,10281.0,211.0
2021-01-05 09:35:19.180,0.4036,0.4046,16.0,0.4031,9.0,10281.0,211.0
2021-01-05 09:35:19.670,0.4036,0.4045,1.0,0.4031,9.0,10281.0,211.0
2021-01-05 09:35:20.120,0.4036,0.4044,14.0,0.4031,10.0,10281.0,211.0
2021-01-05 09:35:20.681,0.4036,0.4044,14.0,0.4031,10.0,10281.0,211.0
2021-01-05 09:35:21.180,0.4044,0.4044,5.0,0.4031,10.0,10281.0,220.0
2021-01-05 09:35:21.601,0.4044,0.4048,10.0,0.4044,3.0,10281.0,221.0
2021-01-05 09:35:22.171,0.4044,0.405,1.0,0.4045,10.0,10281.0,221.0
2021-01-05 09:35:22.631,0.4044,0.4056,10.0,0.4044,13.0,10281.0,221.0
2021-01-05 09:35:23.151,0.4044,0.4055,14.0,0.4044,13.0,10281.0,221.0
2021-01-05 09:35:23.680,0.4044,0.4055,14.0,0.4044,13.0,10281.0,221.0
2021-01-05 09:35:24.171,0.4044,0.4055,34.0,0.4044,3.0,10281.0,221.0
2021-01-05 09:35:24.671,0.4044,0.4055,34.0,0.4045,11.0,10281.0,221.0
2021-01-05 09:35:25.111,0.4044,0.4055,14.0,0.4046,10.0,10281.0,221.0
2021-01-05 09:35:25.660,0.4044,0.4056,10.0,0.4045,11.0,10281.0,221.0
2021-01-05 09:35:26.160,0.4044,0.4056,10.0,0.4045,11.0,10281.0,221.0
2021-01-05 09:35:26.651,0.4044,0.4056,24.0,0.4045,11.0,10281.0,221.0
2021-01-05 09:35:27.130,0.4044,0.4056,24.0,0.4045,11.0,10281.0,221.0
2021-01-05 09:35:27.641,0.4044,0.4056,10.0,0.4045,11.0,10281.0,221.0
2021-01-05 09:35:28.171,0.4044,0.4055,14.0,0.4045,1.0,10281.0,221.0
2021-01-05 09:35:29.641,0.4044,0.4055,14.0,0.4045,1.0,10281.0,221.0
2021-01-05 09:35:30.121,0.4044,0.4055,14.0,0.4046,10.0,10281.0,221.0
2021-01-05 09:35:30.690,0.4046,0.4056,10.0,0.4046,8.0,10281.0,223.0
2021-01-05 09:35:31.170,0.4046,0.4056,10.0,0.4046,10.0,10281.0,223.0
2021-01-05 09:35:31.600,0.4046,0.4055,14.0,0.4045,1.0,10281.0,223.0
2021-01-05 09:35:32.150,0.4046,0.4055,34.0,0.4046,10.0,10281.0,223.0
2021-01-05 09:35:33.160,0.4046,0.4055,20.0,0.4046,10.0,10281.0,223.0
2021-01-05 09:35:33.650,0.4046,0.4055,20.0,0.4046,10.0,10281.0,223.0
2021-01-05 09:35:34.190,0.4046,0.4058,10.0,0.4046,10.0,10281.0,223.0
2021-01-05 09:35:35.200,0.4046,0.4058,10.0,0.4055,3.0,10281.0,223.0
2021-01-05 09:35:35.600,0.4046,0.4061,10.0,0.4055,3.0,10281.0,223.0
2021-01-05 09:35:36.180,0.4046,0.4061,10.0,0.4055,3.0,10281.0,223.0
2021-01-05 09:35:36.581,0.4046,0.4067,30.0,0.4056,10.0,10281.0,223.0
2021-01-05 09:35:37.171,0.4046,0.4066,14.0,0.4056,10.0,10281.0,223.0
2021-01-05 09:35:37.581,0.4046,0.4066,14.0,0.4055,13.0,10281.0,223.0
2021-01-05 09:35:38.190,0.4046,0.4066,14.0,0.4057,1.0,10281.0,223.0
2021-01-05 09:35:38.651,0.4046,0.4066,14.0,0.4057,1.0,10281.0,223.0
2021-01-05 09:35:39.140,0.4057,0.4066,24.0,0.4055,3.0,10282.0,224.0
2021-01-05 09:35:39.690,0.4055,0.4066,14.0,0.405,10.0,10282.0,227.0
2021-01-05 09:35:40.191,0.4055,0.4066,16.0,0.4049,10.0,10282.0,227.0
2021-01-05 09:35:41.190,0.4055,0.4065,1.0,0.405,1.0,10282.0,227.0
2021-01-05 09:35:41.680,0.405,0.4064,14.0,0.4047,10.0,10283.0,228.0
2021-01-05 09:35:42.160,0.405,0.4064,14.0,0.405,10.0,10283.0,228.0
2021-01-05 09:35:42.410,0.405,0.4064,14.0,0.4049,10.0,10283.0,228.0
2021-01-05 09:35:43.190,0.405,0.4064,14.0,0.4049,10.0,10283.0,228.0
2021-01-05 09:35:43.661,0.405,0.4063,1.0,0.4049,10.0,10283.0,228.0
2021-01-05 09:35:44.101,0.405,0.4066,10.0,0.4049,10.0,10283.0,228.0
2021-01-05 09:35:45.071,0.405,0.4067,20.0,0.4053,10.0,10283.0,228.0
2021-01-05 09:35:45.670,0.4067,0.4067,19.0,0.4056,10.0,10283.0,229.0
2021-01-05 09:35:46.141,0.4067,0.4072,30.0,0.4067,2.0,10283.0,229.0
2021-01-05 09:35:46.700,0.4067,0.4072,20.0,0.4067,12.0,10283.0,229.0
2021-01-05 09:35:47.691,0.4067,0.4078,10.0,0.4067,12.0,10283.0,229.0
2021-01-05 09:35:48.181,0.4067,0.4079,20.0,0.4067,12.0,10283.0,229.0
2021-01-05 09:35:48.181,0.4067,0.4079,30.0,0.4067,2.0,10283.0,229.0
2021-01-05 09:35:49.001,0.4067,0.4079,20.0,0.4068,11.0,10283.0,229.0
2021-01-05 09:35:49.701,0.4067,0.4079,20.0,0.4068,11.0,10283.0,229.0
2021-01-05 09:35:50.150,0.4067,0.4079,20.0,0.4068,1.0,10283.0,229.0
2021-01-05 09:35:51.710,0.4067,0.4079,20.0,0.4068,1.0,10283.0,229.0
2021-01-05 09:35:52.190,0.4067,0.4078,14.0,0.4068,1.0,10283.0,229.0
2021-01-05 09:35:53.111,0.4067,0.4078,14.0,0.4068,11.0,10283.0,229.0
2021-01-05 09:35:54.161,0.4067,0.4078,14.0,0.4068,1.0,10283.0,229.0
2021-01-05 09:35:54.640,0.4068,0.4068,1.0,0.4063,10.0,10284.0,230.0
2021-01-05 09:35:55.141,0.4063,0.4068,1.0,0.405,10.0,10284.0,234.0
2021-01-05 09:35:55.691,0.4063,0.4068,1.0,0.4051,14.0,10284.0,234.0
2021-01-05 09:35:56.121,0.4063,0.4067,15.0,0.4059,10.0,10284.0,234.0
2021-01-05 09:35:56.661,0.4063,0.4067,15.0,0.4059,10.0,10284.0,234.0
2021-01-05 09:35:57.141,0.4063,0.4067,15.0,0.4059,10.0,10284.0,234.0
2021-01-05 09:35:57.681,0.4063,0.4067,14.0,0.4059,10.0,10284.0,234.0
2021-01-05 09:35:58.150,0.4063,0.407,20.0,0.4059,10.0,10284.0,234.0
2021-01-05 09:35:58.701,0.4063,0.407,20.0,0.4059,10.0,10284.0,234.0
2021-01-05 09:35:59.160,0.407,0.4075,10.0,0.4059,10.0,10284.0,238.0
2021-01-05 09:36:00.201,0.407,0.4078,10.0,0.406,15.0,10284.0,238.0
2021-01-05 09:36:00.680,0.407,0.4079,20.0,0.406,15.0,10284.0,238.0
2021-01-05 09:36:01.671,0.407,0.4079,20.0,0.406,15.0,10284.0,238.0
2021-01-05 09:36:02.170,0.407,0.4078,15.0,0.4061,10.0,10284.0,238.0
2021-01-05 09:36:02.701,0.4061,0.4078,15.0,0.4061,7.0,10284.0,241.0
2021-01-05 09:36:03.150,0.4061,0.4077,16.0,0.406,1.0,10284.0,243.0
2021-01-05 09:36:03.700,0.4061,0.4076,1.0,0.406,1.0,10284.0,243.0
2021-01-05 09:36:04.201,0.406,0.4073,16.0,0.4053,10.0,10285.0,244.0
2021-01-05 09:36:04.670,0.406,0.4073,46.0,0.4052,10.0,10285.0,244.0
2021-01-05 09:36:05.150,0.406,0.4073,46.0,0.4054,1.0,10285.0,244.0
2021-01-05 09:36:05.690,0.406,0.4073,30.0,0.4055,10.0,10285.0,244.0
2021-01-05 09:36:06.180,0.406,0.4072,14.0,0.4056,24.0,10285.0,244.0
2021-01-05 09:36:06.691,0.406,0.4072,14.0,0.4056,24.0,10285.0,244.0
2021-01-05 09:36:09.161,0.406,0.4072,14.0,0.4056,10.0,10285.0,244.0
2021-01-05 09:36:09.691,0.406,0.4071,10.0,0.4054,21.0,10285.0,244.0
2021-01-05 09:36:10.101,0.406,0.4071,21.0,0.4054,1.0,10285.0,244.0
2021-01-05 09:36:10.671,0.406,0.4065,10.0,0.405,10.0,10285.0,244.0
2021-01-05 09:36:11.180,0.406,0.4064,14.0,0.4049,10.0,10285.0,244.0
2021-01-05 09:36:11.651,0.406,0.4064,14.0,0.4049,10.0,10285.0,244.0
2021-01-05 09:36:12.181,0.406,0.4063,1.0,0.4049,10.0,10285.0,244.0
2021-01-05 09:36:12.690,0.406,0.4063,1.0,0.405,14.0,10285.0,244.0
2021-01-05 09:36:13.190,0.406,0.4063,1.0,0.405,14.0,10285.0,244.0
2021-01-05 09:36:14.690,0.406,0.4063,1.0,0.4051,10.0,10285.0,244.0
2021-01-05 09:36:15.170,0.406,0.4063,1.0,0.405,10.0,10285.0,244.0
2021-01-05 09:36:15.660,0.406,0.4063,1.0,0.405,24.0,10285.0,244.0
2021-01-05 09:36:16.150,0.406,0.4063,15.0,0.405,10.0,10285.0,244.0
2021-01-05 09:36:16.250,0.406,0.4063,1.0,0.405,24.0,10285.0,244.0
2021-01-05 09:36:17.180,0.406,0.4063,1.0,0.405,10.0,10285.0,244.0
2021-01-05 09:36:17.651,0.406,0.4063,1.0,0.4056,1.0,10285.0,244.0
2021-01-05 09:36:18.181,0.406,0.4063,1.0,0.4056,1.0,10285.0,244.0
2021-01-05 09:36:18.680,0.4056,0.4063,14.0,0.4049,10.0,10285.0,245.0
2021-01-05 09:36:19.151,0.4056,0.4065,20.0,0.4051,10.0,10285.0,245.0
2021-01-05 09:36:19.691,0.4056,0.4064,14.0,0.4051,10.0,10285.0,245.0
2021-01-05 09:36:20.161,0.4056,0.4064,14.0,0.405,10.0,10285.0,245.0
2021-01-05 09:36:21.120,0.4056,0.4064,14.0,0.4048,10.0,10285.0,245.0
2021-01-05 09:36:21.691,0.4056,0.4064,14.0,0.4047,10.0,10285.0,245.0
2021-01-05 09:36:22.171,0.4056,0.4063,1.0,0.4048,10.0,10285.0,245.0
2021-01-05 09:36:22.611,0.4056,0.4063,1.0,0.4047,14.0,10285.0,245.0
2021-01-05 09:36:23.191,0.4056,0.4063,1.0,0.4048,10.0,10285.0,245.0
2021-01-05 09:36:23.681,0.4056,0.4063,1.0,0.4049,14.0,10285.0,245.0
2021-01-05 09:36:24.171,0.4056,0.4063,1.0,0.4049,14.0,10285.0,245.0
2021-01-05 09:36:24.701,0.4063,0.4068,10.0,0.4049,14.0,10284.0,246.0
2021-01-05 09:36:25.471,0.4063,0.4068,30.0,0.405,1.0,10284.0,246.0
2021-01-05 09:36:26.171,0.4063,0.4067,1.0,0.405,1.0,10284.0,246.0
2021-01-05 09:36:26.651,0.4063,0.4067,1.0,0.4051,24.0,10284.0,246.0
2021-01-05 09:36:27.070,0.4063,0.4067,1.0,0.4051,14.0,10284.0,246.0
2021-01-05 09:36:27.690,0.4063,0.4067,1.0,0.4052,26.0,10284.0,246.0
2021-01-05 09:36:28.120,0.4067,0.4071,10.0,0.4056,16.0,10283.0,247.0
2021-01-05 09:36:28.681,0.4067,0.4075,11.0,0.4067,1.0,10283.0,247.0
2021-01-05 09:36:29.100,0.4067,0.4077,13.0,0.4071,4.0,10283.0,247.0
2021-01-05 09:36:29.661,0.4067,0.4077,13.0,0.4067,15.0,10283.0,247.0
2021-01-05 09:36:30.161,0.4067,0.4077,3.0,0.4069,10.0,10283.0,247.0
2021-01-05 09:36:30.651,0.4067,0.4077,3.0,0.4069,10.0,10283.0,247.0
2021-01-05 09:36:31.181,0.4067,0.4077,3.0,0.4069,10.0,10283.0,247.0
2021-01-05 09:36:32.130,0.4067,0.4077,3.0,0.4069,10.0,10283.0,247.0
2021-01-05 09:36:32.660,0.4067,0.4077,3.0,0.4069,10.0,10283.0,247.0
2021-01-05 09:36:33.200,0.4067,0.4077,3.0,0.4063,10.0,10283.0,247.0
2021-01-05 09:36:33.670,0.4067,0.4077,3.0,0.4064,14.0,10283.0,247.0
2021-01-05 09:36:35.150,0.4067,0.4077,3.0,0.4065,1.0,10283.0,247.0
2021-01-05 09:36:35.701,0.4067,0.4077,3.0,0.4065,1.0,10283.0,247.0
2021-01-05 09:36:36.191,0.4067,0.4077,3.0,0.4065,15.0,10283.0,247.0
2021-01-05 09:36:36.700,0.4077,0.4083,10.0,0.4065,1.0,10283.0,250.0
2021-01-05 09:36:37.190,0.4077,0.4082,14.0,0.4066,24.0,10283.0,250.0
2021-01-05 09:36:38.041,0.4077,0.4082,14.0,0.4066,14.0,10283.0,250.0
2021-01-05 09:36:40.191,0.4077,0.4082,14.0,0.4066,14.0,10283.0,250.0
2021-01-05 09:36:40.700,0.4077,0.4082,14.0,0.4067,10.0,10283.0,250.0
2021-01-05 09:36:41.201,0.4077,0.4082,14.0,0.4066,10.0,10283.0,250.0
2021-01-05 09:36:41.641,0.4077,0.4082,14.0,0.4065,11.0,10283.0,250.0
2021-01-05 09:36:41.751,0.4077,0.4082,14.0,0.4067,10.0,10283.0,250.0
2021-01-05 09:36:42.690,0.4077,0.4082,14.0,0.4065,11.0,10283.0,250.0
2021-01-05 09:36:43.700,0.4077,0.4081,1.0,0.4065,21.0,10283.0,250.0
2021-01-05 09:36:44.200,0.4077,0.4084,16.0,0.4065,21.0,10283.0,250.0
2021-01-05 09:36:45.191,0.4077,0.4085,20.0,0.4071,10.0,10283.0,250.0
2021-01-05 09:36:45.631,0.4077,0.4084,14.0,0.4071,10.0,10283.0,250.0
2021-01-05 09:36:46.190,0.4077,0.4085,20.0,0.4075,10.0,10283.0,250.0
2021-01-05 09:36:46.501,0.4077,0.4089,10.0,0.4075,10.0,10283.0,250.0
2021-01-05 09:36:47.130,0.4077,0.4089,10.0,0.4079,10.0,10283.0,250.0
2021-01-05 09:36:47.660,0.4077,0.4091,20.0,0.4081,10.0,10283.0,250.0
2021-01-05 09:36:48.130,0.4077,0.4091,20.0,0.4081,10.0,10283.0,250.0
2021-01-05 09:36:48.630,0.4075,0.4091,34.0,0.4074,10.0,10284.0,270.0
2021-01-05 09:36:49.170,0.4075,0.4091,10.0,0.4075,34.0,10284.0,270.0
2021-01-05 09:36:49.700,0.4075,0.4096,20.0,0.4075,25.0,10284.0,270.0
2021-01-05 09:36:50.201,0.4075,0.4095,14.0,0.4075,35.0,10284.0,270.0
2021-01-05 09:36:50.670,0.4075,0.4095,15.0,0.4075,25.0,10284.0,270.0
2021-01-05 09:36:51.171,0.4075,0.4095,15.0,0.4075,15.0,10284.0,270.0
2021-01-05 09:36:51.671,0.4075,0.4095,15.0,0.4076,10.0,10284.0,270.0
2021-01-05 09:36:52.180,0.4075,0.4095,15.0,0.4076,10.0,10284.0,270.0
2021-01-05 09:36:52.691,0.4075,0.4095,15.0,0.4077,14.0,10284.0,270.0
2021-01-05 09:36:53.191,0.4075,0.4095,15.0,0.4077,14.0,10284.0,270.0
2021-01-05 09:36:53.671,0.4082,0.4095,15.0,0.4077,14.0,10284.0,280.0
2021-01-05 09:36:54.180,0.4082,0.4095,15.0,0.4077,14.0,10284.0,280.0
2021-01-05 09:36:54.631,0.4082,0.4095,15.0,0.4075,1.0,10284.0,280.0
2021-01-05 09:36:55.171,0.4073,0.4095,15.0,0.4074,10.0,10285.0,300.0
2021-01-05 09:36:55.651,0.4074,0.4095,15.0,0.4074,14.0,10285.0,310.0
2021-01-05 09:36:56.141,0.4074,0.4095,15.0,0.407,10.0,10285.0,310.0
2021-01-05 09:36:56.691,0.4074,0.4095,15.0,0.4071,14.0,10285.0,310.0
2021-01-05 09:36:57.171,0.4074,0.4095,15.0,0.4071,15.0,10285.0,310.0
2021-01-05 09:36:57.601,0.4074,0.4095,15.0,0.4071,15.0,10285.0,310.0
2021-01-05 09:36:58.610,0.4074,0.4095,15.0,0.4071,15.0,10285.0,310.0
2021-01-05 09:36:59.690,0.4074,0.4095,15.0,0.4071,15.0,10285.0,310.0
2021-01-05 09:37:01.630,0.4074,0.4095,25.0,0.4072,10.0,10285.0,310.0
2021-01-05 09:37:02.191,0.4074,0.4093,10.0,0.4071,11.0,10285.0,310.0
2021-01-05 09:37:02.640,0.4074,0.4093,10.0,0.4072,14.0,10285.0,310.0
2021-01-05 09:37:03.151,0.4074,0.4092,14.0,0.4072,24.0,10285.0,310.0
2021-01-05 09:37:03.630,0.4074,0.4092,14.0,0.4072,14.0,10285.0,310.0
2021-01-05 09:37:04.200,0.4069,0.4088,16.0,0.4064,10.0,10286.0,320.0
2021-01-05 09:37:04.690,0.4069,0.4088,26.0,0.4065,14.0,10286.0,320.0
2021-01-05 09:37:05.140,0.4069,0.4088,46.0,0.4065,14.0,10286.0,320.0
2021-01-05 09:37:05.701,0.4069,0.4084,16.0,0.406,10.0,10286.0,320.0
2021-01-05 09:37:06.171,0.4069,0.4084,16.0,0.4061,14.0,10286.0,320.0
2021-01-05 09:37:06.171,0.4069,0.4084,16.0,0.4061,14.0,10286.0,320.0
2021-01-05 09:37:07.180,0.4069,0.4083,1.0,0.4061,14.0,10286.0,320.0
2021-01-05 09:37:07.681,0.4069,0.4082,14.0,0.4061,14.0,10286.0,320.0
2021-01-05 09:37:08.200,0.4069,0.4082,14.0,0.4061,24.0,10286.0,320.0
2021-01-05 09:37:08.630,0.4069,0.4082,14.0,0.4061,24.0,10286.0,320.0
2021-01-05 09:37:09.170,0.4069,0.4083,1.0,0.4064,16.0,10286.0,320.0
2021-01-05 09:37:09.660,0.4069,0.4083,1.0,0.4064,26.0,10286.0,320.0
2021-01-05 09:37:10.121,0.4069,0.4083,15.0,0.4064,26.0,10286.0,320.0
2021-01-05 09:37:10.701,0.4069,0.4082,10.0,0.406,26.0,10286.0,320.0
2021-01-05 09:37:11.201,0.4069,0.4081,14.0,0.4059,10.0,10286.0,320.0
2021-01-05 09:37:11.700,0.4069,0.4081,14.0,0.406,14.0,10286.0,320.0
2021-01-05 09:37:12.131,0.4069,0.408,16.0,0.4057,10.0,10286.0,320.0
2021-01-05 09:37:12.620,0.4069,0.408,16.0,0.4058,14.0,10286.0,320.0
2021-01-05 09:37:13.181,0.4069,0.408,16.0,0.4058,14.0,10286.0,320.0
2021-01-05 09:37:13.681,0.4069,0.4079,1.0,0.4058,26.0,10286.0,320.0
2021-01-05 09:37:14.171,0.4069,0.4078,14.0,0.4058,16.0,10286.0,320.0
2021-01-05 09:37:14.651,0.4069,0.4078,14.0,0.4058,16.0,10286.0,320.0
2021-01-05 09:37:15.160,0.4069,0.4079,1.0,0.4062,16.0,10286.0,320.0
2021-01-05 09:37:15.671,0.4069,0.4079,1.0,0.4062,26.0,10286.0,320.0
2021-01-05 09:37:16.461,0.4069,0.4079,21.0,0.4062,10.0,10286.0,320.0
2021-01-05 09:37:17.200,0.4069,0.4078,14.0,0.4063,14.0,10286.0,320.0
2021-01-05 09:37:17.671,0.4069,0.4078,14.0,0.4063,14.0,10286.0,320.0
2021-01-05 09:37:18.710,0.4069,0.4078,14.0,0.4063,14.0,10286.0,320.0
2021-01-05 09:37:18.891,0.4069,0.4078,14.0,0.4063,14.0,10286.0,320.0
2021-01-05 09:37:19.711,0.4069,0.4078,14.0,0.4063,14.0,10286.0,320.0
2021-01-05 09:37:20.211,0.4069,0.4079,1.0,0.4063,14.0,10286.0,320.0
2021-01-05 09:37:20.691,0.4069,0.4079,15.0,0.4063,14.0,10286.0,320.0
2021-01-05 09:37:21.200,0.4069,0.4079,1.0,0.4063,14.0,10286.0,320.0
2021-01-05 09:37:21.701,0.4069,0.4078,14.0,0.4058,16.0,10286.0,320.0
2021-01-05 09:37:22.030,0.4069,0.4078,16.0,0.4056,10.0,10286.0,320.0
2021-01-05 09:37:22.641,0.4069,0.4078,16.0,0.4057,14.0,10286.0,320.0
2021-01-05 09:37:23.150,0.4069,0.4078,16.0,0.4057,14.0,10286.0,320.0
2021-01-05 09:37:23.661,0.4069,0.4078,16.0,0.4057,14.0,10286.0,320.0
2021-01-05 09:37:24.080,0.4069,0.4078,16.0,0.4057,14.0,10286.0,320.0
2021-01-05 09:37:24.631,0.4069,0.4078,16.0,0.4057,14.0,10286.0,320.0
2021-01-05 09:37:25.200,0.4069,0.4078,16.0,0.4057,24.0,10286.0,320.0
2021-01-05 09:37:25.670,0.4069,0.4078,16.0,0.4057,14.0,10286.0,320.0
2021-01-05 09:37:26.650,0.4069,0.4078,16.0,0.4057,14.0,10286.0,320.0
2021-01-05 09:37:27.130,0.4069,0.4078,16.0,0.4057,14.0,10286.0,320.0
2021-01-05 09:37:28.151,0.4069,0.4078,16.0,0.4057,14.0,10286.0,320.0
2021-01-05 09:37:29.130,0.4069,0.4078,16.0,0.4057,24.0,10286.0,320.0
2021-01-05 09:37:30.191,0.4069,0.4075,10.0,0.4057,14.0,10286.0,320.0
2021-01-05 09:37:30.650,0.4069,0.4074,14.0,0.4057,24.0,10286.0,320.0
2021-01-05 09:37:31.190,0.4069,0.4074,14.0,0.4057,14.0,10286.0,320.0
2021-01-05 09:37:31.691,0.4069,0.4073,1.0,0.4057,14.0,10286.0,320.0
2021-01-05 09:37:31.950,0.4069,0.4073,1.0,0.4057,14.0,10286.0,320.0
2021-01-05 09:37:32.651,0.4069,0.4073,1.0,0.4058,16.0,10286.0,320.0
2021-01-05 09:37:33.180,0.4073,0.4082,20.0,0.4062,16.0,10285.0,321.0
2021-01-05 09:37:33.681,0.4073,0.4081,14.0,0.4062,16.0,10285.0,321.0
2021-01-05 09:37:34.200,0.4073,0.4081,15.0,0.4062,16.0,10285.0,321.0
2021-01-05 09:37:35.170,0.4073,0.4081,1.0,0.4062,16.0,10285.0,321.0
2021-01-05 09:37:35.650,0.4073,0.408,14.0,0.4062,16.0,10285.0,321.0
2021-01-05 09:37:36.200,0.4073,0.408,14.0,0.4062,16.0,10285.0,321.0
2021-01-05 09:37:36.671,0.4073,0.408,14.0,0.4062,16.0,10285.0,321.0
2021-01-05 09:37:37.691,0.4073,0.4077,16.0,0.4057,26.0,10285.0,321.0
2021-01-05 09:37:38.161,0.4073,0.4077,16.0,0.4057,16.0,10285.0,321.0
2021-01-05 09:37:38.651,0.4073,0.4074,16.0,0.4054,26.0,10285.0,321.0
2021-01-05 09:37:39.170,0.4073,0.4074,36.0,0.4054,26.0,10285.0,321.0
2021-01-05 09:37:39.700,0.4073,0.4074,36.0,0.4054,16.0,10285.0,321.0
2021-01-05 09:37:40.161,0.4073,0.4071,16.0,0.4051,16.0,10285.0,321.0
2021-01-05 09:37:40.701,0.4073,0.4071,16.0,0.4051,16.0,10285.0,321.0
2021-01-05 09:37:41.051,0.4073,0.4071,16.0,0.4051,16.0,10285.0,321.0
2021-01-05 09:37:41.660,0.4073,0.407,1.0,0.4051,16.0,10285.0,321.0
2021-01-05 09:37:42.130,0.4073,0.4069,14.0,0.4051,16.0,10285.0,321.0
2021-01-05 09:37:42.691,0.4073,0.4069,14.0,0.4051,26.0,10285.0,321.0
2021-01-05 09:37:43.181,0.4073,0.4069,34.0,0.4051,26.0,10285.0,321.0
2021-01-05 09:37:43.671,0.4073,0.4068,16.0,0.4051,10.0,10285.0,321.0
2021-01-05 09:37:44.190,0.4073,0.4068,16.0,0.4051,14.0,10285.0,321.0
2021-01-05 09:37:44.651,0.4073,0.4065,16.0,0.4045,16.0,10285.0,321.0
2021-01-05 09:37:45.191,0.4073,0.4065,16.0,0.4045,16.0,10285.0,321.0
2021-01-05 09:37:45.250,0.4073,0.4065,16.0,0.4045,16.0,10285.0,321.0
2021-01-05 09:37:46.161,0.4073,0.4064,1.0,0.4045,16.0,10285.0,321.0
2021-01-05 09:37:46.601,0.4073,0.4063,14.0,0.4045,16.0,10285.0,321.0
2021-01-05 09:37:47.210,0.4073,0.4063,14.0,0.4045,16.0,10285.0,321.0
2021-01-05 09:37:47.661,0.4073,0.4064,21.0,0.4048,16.0,10285.0,321.0
2021-01-05 09:37:48.201,0.4073,0.4064,1.0,0.4051,16.0,10285.0,321.0
2021-01-05 09:37:48.700,0.4073,0.4064,15.0,0.4051,16.0,10285.0,321.0
2021-01-05 09:37:49.190,0.4073,0.4064,1.0,0.4051,16.0,10285.0,321.0
2021-01-05 09:37:49.670,0.4051,0.4064,35.0,0.4051,15.0,10284.0,322.0
2021-01-05 09:37:50.220,0.4051,0.4064,1.0,0.4051,15.0,10284.0,322.0
2021-01-05 09:37:50.721,0.4051,0.4064,1.0,0.4051,15.0,10284.0,322.0
2021-01-05 09:37:51.691,0.4051,0.4064,1.0,0.4054,16.0,10284.0,322.0
2021-01-05 09:37:52.191,0.4051,0.4064,1.0,0.4054,16.0,10284.0,322.0
2021-01-05 09:37:52.300,0.4051,0.4064,1.0,0.4054,16.0,10284.0,322.0
2021-01-05 09:37:53.680,0.4051,0.4064,1.0,0.4054,16.0,10284.0,322.0
2021-01-05 09:37:54.170,0.4051,0.4064,1.0,0.4054,16.0,10284.0,322.0
2021-01-05 09:37:55.190,0.4051,0.4064,1.0,0.4051,15.0,10284.0,322.0
2021-01-05 09:37:55.691,0.4051,0.4064,1.0,0.4053,16.0,10284.0,322.0
2021-01-05 09:37:56.121,0.4051,0.4064,1.0,0.4053,16.0,10284.0,322.0
2021-01-05 09:37:56.611,0.4053,0.4064,1.0,0.4053,14.0,10284.0,324.0
2021-01-05 09:37:57.170,0.4053,0.4064,21.0,0.4049,16.0,10284.0,324.0
2021-01-05 09:37:57.601,0.4053,0.4061,10.0,0.4046,16.0,10284.0,324.0
2021-01-05 09:37:58.141,0.4053,0.406,14.0,0.4044,1.0,10284.0,324.0
2021-01-05 09:37:58.141,0.4053,0.406,14.0,0.4045,14.0,10284.0,324.0
2021-01-05 09:37:59.130,0.4053,0.406,14.0,0.4045,14.0,10284.0,324.0
2021-01-05 09:38:00.680,0.4053,0.4059,1.0,0.4049,16.0,10284.0,324.0
2021-01-05 09:38:01.180,0.4053,0.4059,1.0,0.4049,16.0,10284.0,324.0
2021-01-05 09:38:02.190,0.4053,0.4059,1.0,0.4049,16.0,10284.0,324.0
2021-01-05 09:38:02.680,0.4053,0.4059,1.0,0.4049,16.0,10284.0,324.0
2021-01-05 09:38:03.191,0.4053,0.4059,1.0,0.4049,16.0,10284.0,324.0
2021-01-05 09:38:04.090,0.4059,0.4064,10.0,0.4052,16.0,10283.0,325.0
2021-01-05 09:38:04.680,0.4059,0.4065,6.0,0.4052,16.0,10283.0,325.0
2021-01-05 09:38:05.181,0.4059,0.4065,6.0,0.4052,16.0,10283.0,325.0
2021-01-05 09:38:05.681,0.4059,0.4065,6.0,0.4052,16.0,10283.0,325.0
2021-01-05 09:38:06.151,0.4059,0.4065,20.0,0.4052,16.0,10283.0,325.0
2021-01-05 09:38:06.691,0.4059,0.4065,6.0,0.4055,16.0,10283.0,325.0
2021-01-05 09:38:07.200,0.4059,0.4065,6.0,0.4058,16.0,10283.0,325.0
2021-01-05 09:38:07.590,0.4065,0.4065,4.0,0.4061,16.0,10281.0,327.0
2021-01-05 09:38:08.011,0.4065,0.4065,3.0,0.4061,16.0,10280.0,328.0
2021-01-05 09:38:09.160,0.4065,0.4073,10.0,0.4065,5.0,10277.0,331.0
2021-01-05 09:38:09.611,0.4065,0.408,10.0,0.4066,15.0,10277.0,331.0
2021-01-05 09:38:10.180,0.4065,0.4085,26.0,0.4066,17.0,10277.0,331.0
2021-01-05 09:38:10.670,0.4065,0.4085,26.0,0.4066,16.0,10277.0,331.0
2021-01-05 09:38:11.141,0.4065,0.4084,2.0,0.4066,36.0,10277.0,331.0
2021-01-05 09:38:11.701,0.4065,0.4083,14.0,0.4066,36.0,10277.0,331.0
2021-01-05 09:38:12.191,0.4065,0.4078,16.0,0.406,10.0,10277.0,331.0
2021-01-05 09:38:12.691,0.4065,0.4078,16.0,0.4061,14.0,10277.0,331.0
2021-01-05 09:38:12.981,0.4065,0.4079,10.0,0.4062,16.0,10277.0,331.0
2021-01-05 09:38:13.690,0.4065,0.4078,14.0,0.4063,1.0,10277.0,331.0
2021-01-05 09:38:14.141,0.4065,0.4083,26.0,0.4065,16.0,10277.0,331.0
2021-01-05 09:38:14.691,0.4065,0.4086,16.0,0.4068,16.0,10277.0,331.0
2021-01-05 09:38:15.150,0.4065,0.4087,13.0,0.4071,16.0,10277.0,331.0
2021-01-05 09:38:15.290,0.4065,0.4087,17.0,0.4073,16.0,10277.0,331.0
2021-01-05 09:38:16.210,0.4065,0.4086,1.0,0.4073,16.0,10277.0,331.0
2021-01-05 09:38:16.731,0.4065,0.4085,14.0,0.4073,16.0,10277.0,331.0
2021-01-05 09:38:17.190,0.4065,0.4086,1.0,0.4073,16.0,10277.0,331.0
2021-01-05 09:38:17.701,0.4065,0.4086,15.0,0.4073,16.0,10277.0,331.0
2021-01-05 09:38:18.231,0.4065,0.4086,14.0,0.4073,16.0,10277.0,331.0
2021-01-05 09:38:18.660,0.4065,0.4086,14.0,0.4073,16.0,10277.0,331.0
2021-01-05 09:38:19.230,0.4065,0.4085,1.0,0.4073,16.0,10277.0,331.0
2021-01-05 09:38:19.670,0.4065,0.4085,1.0,0.4073,26.0,10277.0,331.0
2021-01-05 09:38:20.231,0.4065,0.4085,1.0,0.4073,16.0,10277.0,331.0
2021-01-05 09:38:20.690,0.4065,0.4085,1.0,0.4073,26.0,10277.0,331.0
2021-01-05 09:38:21.180,0.4065,0.4085,1.0,0.4076,16.0,10277.0,331.0
2021-01-05 09:38:21.670,0.4085,0.4087,3.0,0.4079,16.0,10276.0,332.0
2021-01-05 09:38:22.210,0.4085,0.4095,10.0,0.408,10.0,10276.0,332.0
2021-01-05 09:38:22.661,0.4085,0.4098,16.0,0.4081,14.0,10276.0,332.0
2021-01-05 09:38:23.201,0.4085,0.4101,16.0,0.4083,16.0,10276.0,332.0
2021-01-05 09:38:23.660,0.4085,0.4101,16.0,0.4083,16.0,10276.0,332.0
2021-01-05 09:38:24.141,0.4085,0.41,1.0,0.4085,16.0,10276.0,332.0
2021-01-05 09:38:25.700,0.4085,0.4103,10.0,0.4086,1.0,10276.0,332.0
2021-01-05 09:38:26.100,0.4085,0.4102,14.0,0.4087,14.0,10276.0,332.0
2021-01-05 09:38:26.601,0.4085,0.4101,2.0,0.4087,14.0,10276.0,332.0
2021-01-05 09:38:27.201,0.4085,0.4101,2.0,0.4087,14.0,10276.0,332.0
2021-01-05 09:38:27.691,0.4085,0.41,14.0,0.4087,14.0,10276.0,332.0
2021-01-05 09:38:28.171,0.4085,0.4101,2.0,0.4087,14.0,10276.0,332.0
2021-01-05 09:38:28.680,0.4085,0.4105,26.0,0.4087,14.0,10276.0,332.0
2021-01-05 09:38:29.170,0.4085,0.4104,1.0,0.4088,1.0,10276.0,332.0
2021-01-05 09:38:29.600,0.4085,0.4103,14.0,0.4088,1.0,10276.0,332.0
2021-01-05 09:38:30.061,0.4085,0.4103,15.0,0.4089,14.0,10276.0,332.0
2021-01-05 09:38:30.670,0.4085,0.4103,15.0,0.4089,14.0,10276.0,332.0
2021-01-05 09:38:31.181,0.4085,0.4103,15.0,0.4089,14.0,10276.0,332.0
2021-01-05 09:38:31.650,0.4085,0.4103,15.0,0.4089,24.0,10276.0,332.0
2021-01-05 09:38:32.171,0.4085,0.4103,1.0,0.409,16.0,10276.0,332.0
2021-01-05 09:38:32.701,0.4085,0.4103,1.0,0.409,16.0,10276.0,332.0
2021-01-05 09:38:33.191,0.4103,0.4107,10.0,0.4094,16.0,10275.0,333.0
2021-01-05 09:38:33.700,0.4103,0.4111,10.0,0.4098,16.0,10275.0,333.0
2021-01-05 09:38:34.201,0.4103,0.4117,10.0,0.4101,16.0,10275.0,333.0
2021-01-05 09:38:35.200,0.4103,0.4121,14.0,0.4104,16.0,10275.0,333.0
2021-01-05 09:38:35.621,0.4103,0.4126,10.0,0.4107,16.0,10275.0,333.0
2021-01-05 09:38:36.130,0.4103,0.4125,15.0,0.4107,16.0,10275.0,333.0
2021-01-05 09:38:36.691,0.4103,0.4125,15.0,0.4107,36.0,10275.0,333.0
2021-01-05 09:38:37.131,0.4103,0.4125,15.0,0.4108,10.0,10275.0,333.0
2021-01-05 09:38:37.680,0.4103,0.4125,1.0,0.411,16.0,10275.0,333.0
2021-01-05 09:38:38.161,0.4103,0.4129,10.0,0.4111,1.0,10275.0,333.0
2021-01-05 09:38:38.660,0.4103,0.4129,10.0,0.4113,16.0,10275.0,333.0
2021-01-05 09:38:39.161,0.4103,0.4132,10.0,0.4116,16.0,10275.0,333.0
2021-01-05 09:38:39.661,0.4103,0.4137,26.0,0.4116,16.0,10275.0,333.0
2021-01-05 09:38:40.141,0.4103,0.4137,10.0,0.4125,16.0,10275.0,333.0
2021-01-05 09:38:40.591,0.4103,0.414,10.0,0.4125,16.0,10275.0,333.0
2021-01-05 09:38:41.140,0.4103,0.4139,1.0,0.4125,16.0,10275.0,333.0
2021-01-05 09:38:41.640,0.4103,0.4145,16.0,0.4126,1.0,10275.0,333.0
2021-01-05 09:38:42.191,0.4103,0.4144,1.0,0.4127,14.0,10275.0,333.0
2021-01-05 09:38:42.700,0.4103,0.4143,14.0,0.4127,14.0,10275.0,333.0
2021-01-05 09:38:43.190,0.4103,0.4142,1.0,0.4127,14.0,10275.0,333.0
2021-01-05 09:38:43.701,0.4103,0.4142,1.0,0.4127,24.0,10275.0,333.0
2021-01-05 09:38:44.200,0.4103,0.4142,1.0,0.4127,14.0,10275.0,333.0
2021-01-05 09:38:44.690,0.4103,0.4141,16.0,0.4126,1.0,10275.0,333.0
2021-01-05 09:38:45.180,0.4103,0.4139,16.0,0.4126,1.0,10275.0,333.0
2021-01-05 09:38:45.580,0.4103,0.4139,16.0,0.4126,1.0,10275.0,333.0
2021-01-05 09:38:46.200,0.4103,0.4139,16.0,0.4126,1.0,10275.0,333.0
2021-01-05 09:38:46.631,0.4103,0.4139,16.0,0.4126,1.0,10275.0,333.0
2021-01-05 09:38:47.140,0.4103,0.4136,16.0,0.4126,1.0,10275.0,333.0
2021-01-05 09:38:47.691,0.4126,0.4133,16.0,0.4119,10.0,10276.0,334.0
2021-01-05 09:38:48.200,0.4126,0.413,16.0,0.4113,10.0,10276.0,334.0
2021-01-05 09:38:48.650,0.4126,0.413,16.0,0.412,1.0,10276.0,334.0
2021-01-05 09:38:49.130,0.4126,0.412,1.0,0.4106,26.0,10276.0,334.0
2021-01-05 09:38:49.670,0.4126,0.412,1.0,0.411,10.0,10276.0,334.0
2021-01-05 09:38:50.110,0.4126,0.412,1.0,0.411,10.0,10276.0,334.0
2021-01-05 09:38:50.651,0.4126,0.4124,16.0,0.411,10.0,10276.0,334.0
2021-01-05 09:38:51.170,0.4126,0.4126,10.0,0.411,10.0,10276.0,334.0
2021-01-05 09:38:51.301,0.4126,0.4126,10.0,0.4115,16.0,10276.0,334.0
2021-01-05 09:38:52.140,0.4126,0.4131,10.0,0.4118,16.0,10276.0,334.0
2021-01-05 09:38:52.630,0.4126,0.4135,10.0,0.4121,16.0,10276.0,334.0
2021-01-05 09:38:53.191,0.4126,0.4139,10.0,0.4121,16.0,10276.0,334.0
2021-01-05 09:38:54.200,0.4126,0.4138,14.0,0.4122,1.0,10276.0,334.0
2021-01-05 09:38:54.690,0.4126,0.4138,14.0,0.4122,1.0,10276.0,334.0
2021-01-05 09:38:55.191,0.4126,0.4138,14.0,0.4123,14.0,10276.0,334.0
2021-01-05 09:38:55.700,0.4126,0.4143,26.0,0.4125,16.0,10276.0,334.0
2021-01-05 09:38:56.190,0.4126,0.4147,26.0,0.4128,16.0,10276.0,334.0
2021-01-05 09:38:57.181,0.4126,0.4144,16.0,0.4125,16.0,10276.0,334.0
2021-01-05 09:38:57.640,0.4126,0.4144,26.0,0.4129,1.0,10276.0,334.0
2021-01-05 09:38:58.161,0.4125,0.4143,2.0,0.4122,16.0,10286.0,344.0
2021-01-05 09:38:58.670,0.4125,0.4138,16.0,0.4119,16.0,10286.0,344.0
2021-01-05 09:38:59.060,0.4125,0.4135,16.0,0.4116,16.0,10286.0,344.0
2021-01-05 09:39:00.111,0.4125,0.4135,26.0,0.4117,1.0,10286.0,344.0
2021-01-05 09:39:00.660,0.4125,0.4135,26.0,0.4118,14.0,10286.0,344.0
2021-01-05 09:39:01.120,0.4125,0.4135,26.0,0.4118,14.0,10286.0,344.0
2021-01-05 09:39:02.170,0.4125,0.4135,16.0,0.4118,14.0,10286.0,344.0
2021-01-05 09:39:02.660,0.4125,0.4138,16.0,0.4119,16.0,10286.0,344.0
2021-01-05 09:39:03.150,0.4125,0.4138,16.0,0.4119,16.0,10286.0,344.0
2021-01-05 09:39:03.671,0.4125,0.4135,16.0,0.4117,1.0,10286.0,344.0
2021-01-05 09:39:04.161,0.4125,0.4135,16.0,0.4118,14.0,10286.0,344.0
2021-01-05 09:39:04.610,0.4125,0.4134,1.0,0.4118,14.0,10286.0,344.0
2021-01-05 09:39:05.211,0.4125,0.4133,16.0,0.4118,14.0,10286.0,344.0
2021-01-05 09:39:05.701,0.4125,0.4133,16.0,0.4118,14.0,10286.0,344.0
2021-01-05 09:39:06.650,0.4125,0.4133,16.0,0.4118,14.0,10286.0,344.0
2021-01-05 09:39:07.200,0.4125,0.4132,1.0,0.4118,14.0,10286.0,344.0
2021-01-05 09:39:07.680,0.4125,0.4131,14.0,0.4118,14.0,10286.0,344.0
2021-01-05 09:39:08.131,0.4125,0.4131,14.0,0.4118,14.0,10286.0,344.0
2021-01-05 09:39:08.650,0.4125,0.4131,14.0,0.4118,14.0,10286.0,344.0
2021-01-05 09:39:09.161,0.4125,0.413,1.0,0.4118,14.0,10286.0,344.0
2021-01-05 09:39:09.601,0.4125,0.413,1.0,0.4118,14.0,10286.0,344.0
2021-01-05 09:39:10.150,0.4125,0.4135,26.0,0.4118,14.0,10286.0,344.0
2021-01-05 09:39:10.721,0.4125,0.4137,20.0,0.4119,16.0,10286.0,344.0
2021-01-05 09:39:11.201,0.4125,0.414,10.0,0.4122,16.0,10286.0,344.0
2021-01-05 09:39:11.701,0.4125,0.4136,1.0,0.4122,16.0,10286.0,344.0
2021-01-05 09:39:12.150,0.4125,0.4141,16.0,0.4122,16.0,10286.0,344.0
2021-01-05 09:39:12.690,0.4125,0.4141,16.0,0.4122,26.0,10286.0,344.0
2021-01-05 09:39:13.161,0.4125,0.4141,16.0,0.4123,1.0,10286.0,344.0
2021-01-05 09:39:13.720,0.4125,0.414,3.0,0.4124,14.0,10286.0,344.0
2021-01-05 09:39:14.160,0.4125,0.4139,14.0,0.4124,14.0,10286.0,344.0
2021-01-05 09:39:15.220,0.4125,0.414,2.0,0.4125,16.0,10286.0,344.0
2021-01-05 09:39:15.720,0.4125,0.414,14.0,0.4125,16.0,10286.0,344.0
2021-01-05 09:39:16.121,0.4125,0.4144,16.0,0.4125,26.0,10286.0,344.0
2021-01-05 09:39:17.151,0.4125,0.4143,1.0,0.4125,26.0,10286.0,344.0
2021-01-05 09:39:17.650,0.4125,0.4142,15.0,0.4125,26.0,10286.0,344.0
2021-01-05 09:39:18.221,0.4125,0.4141,16.0,0.4123,1.0,10286.0,344.0
2021-01-05 09:39:18.671,0.4125,0.414,1.0,0.4124,14.0,10286.0,344.0
2021-01-05 09:39:19.710,0.4125,0.4139,14.0,0.4124,14.0,10286.0,344.0
2021-01-05 09:39:20.221,0.4125,0.4139,14.0,0.4125,16.0,10286.0,344.0
2021-01-05 09:39:20.741,0.4125,0.4144,16.0,0.4126,1.0,10286.0,344.0
2021-01-05 09:39:21.231,0.4125,0.4144,16.0,0.4127,14.0,10286.0,344.0
2021-01-05 09:39:21.231,0.4125,0.4145,10.0,0.4127,16.0,10286.0,344.0
2021-01-05 09:39:22.140,0.4125,0.4144,14.0,0.4127,16.0,10286.0,344.0
2021-01-05 09:39:22.651,0.4125,0.4144,14.0,0.4129,10.0,10286.0,344.0
2021-01-05 09:39:23.150,0.4125,0.4143,3.0,0.413,14.0,10286.0,344.0
2021-01-05 09:39:24.151,0.4125,0.4142,14.0,0.413,15.0,10286.0,344.0
2021-01-05 09:39:25.210,0.4125,0.4142,14.0,0.413,15.0,10286.0,344.0
2021-01-05 09:39:25.690,0.4125,0.4142,14.0,0.413,15.0,10286.0,344.0
2021-01-05 09:39:26.130,0.4125,0.4145,10.0,0.413,14.0,10286.0,344.0
2021-01-05 09:39:26.681,0.4125,0.4144,14.0,0.413,14.0,10286.0,344.0
2021-01-05 09:39:27.210,0.4125,0.4144,14.0,0.4131,1.0,10286.0,344.0
2021-01-05 09:39:27.711,0.4125,0.4143,1.0,0.4131,1.0,10286.0,344.0
2021-01-05 09:39:28.220,0.4125,0.4142,1.0,0.4132,14.0,10286.0,344.0
2021-01-05 09:39:28.710,0.4125,0.4142,15.0,0.4132,14.0,10286.0,344.0
2021-01-05 09:39:29.231,0.4125,0.4142,15.0,0.4132,14.0,10286.0,344.0
2021-01-05 09:39:29.721,0.4125,0.4142,1.0,0.4125,6.0,10286.0,364.0
2021-01-05 09:39:30.220,0.4125,0.4141,18.0,0.4126,14.0,10286.0,364.0
2021-01-05 09:39:30.721,0.4125,0.4141,18.0,0.4126,25.0,10286.0,364.0
2021-01-05 09:39:31.121,0.4125,0.4141,18.0,0.4126,1.0,10286.0,364.0
2021-01-05 09:39:31.701,0.4125,0.4141,18.0,0.4126,1.0,10286.0,364.0
2021-01-05 09:39:32.141,0.4125,0.414,1.0,0.4126,1.0,10286.0,364.0
2021-01-05 09:39:32.700,0.4125,0.4139,14.0,0.4126,1.0,10286.0,364.0
2021-01-05 09:39:33.180,0.4125,0.4139,14.0,0.4127,14.0,10286.0,364.0
2021-01-05 09:39:33.180,0.4125,0.4139,14.0,0.4127,14.0,10286.0,364.0
2021-01-05 09:39:34.210,0.4125,0.4139,14.0,0.4127,14.0,10286.0,364.0
2021-01-05 09:39:34.681,0.4125,0.4139,14.0,0.4127,14.0,10286.0,364.0
2021-01-05 09:39:35.171,0.4125,0.4138,1.0,0.4127,14.0,10286.0,364.0
2021-01-05 09:39:35.701,0.4125,0.4138,1.0,0.4126,1.0,10286.0,364.0
2021-01-05 09:39:36.231,0.4125,0.4137,14.0,0.4126,14.0,10286.0,364.0
2021-01-05 09:39:36.660,0.4125,0.4137,14.0,0.4126,14.0,10286.0,364.0
2021-01-05 09:39:37.221,0.4125,0.4137,14.0,0.4126,14.0,10286.0,364.0
2021-01-05 09:39:38.650,0.4125,0.4137,14.0,0.4126,14.0,10286.0,364.0
2021-01-05 09:39:39.241,0.4125,0.4141,16.0,0.4122,16.0,10286.0,364.0
2021-01-05 09:39:39.751,0.4125,0.4141,16.0,0.4122,16.0,10286.0,364.0
2021-01-05 09:39:40.110,0.4125,0.4142,20.0,0.4123,1.0,10286.0,364.0
2021-01-05 09:39:40.721,0.4125,0.4141,14.0,0.4125,16.0,10286.0,364.0
2021-01-05 09:39:41.220,0.4122,0.414,2.0,0.4122,7.0,10287.0,374.0
2021-01-05 09:39:41.750,0.4122,0.4139,14.0,0.4124,26.0,10287.0,374.0
2021-01-05 09:39:42.210,0.4122,0.4139,14.0,0.4122,7.0,10287.0,374.0
2021-01-05 09:39:42.740,0.4122,0.4139,14.0,0.4122,7.0,10287.0,374.0
2021-01-05 09:39:43.191,0.4122,0.4138,17.0,0.4119,26.0,10287.0,374.0
2021-01-05 09:39:43.570,0.4122,0.4135,16.0,0.4119,10.0,10287.0,374.0
2021-01-05 09:39:44.231,0.4122,0.4135,16.0,0.412,15.0,10287.0,374.0
2021-01-05 09:39:44.680,0.412,0.4138,17.0,0.412,5.0,10297.0,384.0
2021-01-05 09:39:45.251,0.412,0.4138,16.0,0.412,5.0,10297.0,384.0
2021-01-05 09:39:45.750,0.412,0.4137,1.0,0.4122,16.0,10297.0,384.0
2021-01-05 09:39:46.040,0.412,0.4137,1.0,0.4123,1.0,10297.0,384.0
2021-01-05 09:39:46.711,0.412,0.4137,1.0,0.4128,16.0,10297.0,384.0
2021-01-05 09:39:47.250,0.4137,0.4145,10.0,0.4128,26.0,10296.0,385.0
2021-01-05 09:39:47.710,0.4137,0.4144,14.0,0.4128,26.0,10296.0,385.0
2021-01-05 09:39:48.711,0.4137,0.4143,1.0,0.4128,16.0,10296.0,385.0
2021-01-05 09:39:49.241,0.4137,0.4143,2.0,0.4128,26.0,10296.0,385.0
2021-01-05 09:39:49.711,0.4137,0.4143,16.0,0.4129,1.0,10296.0,385.0
2021-01-05 09:39:50.121,0.4137,0.4143,16.0,0.413,14.0,10296.0,385.0
2021-01-05 09:39:50.701,0.4137,0.4149,20.0,0.4143,3.0,10296.0,385.0
2021-01-05 09:39:51.241,0.4137,0.4155,10.0,0.4138,16.0,10296.0,385.0
2021-01-05 09:39:51.730,0.4137,0.4159,11.0,0.4141,16.0,10296.0,385.0
2021-01-05 09:39:52.251,0.4137,0.4155,10.0,0.4141,26.0,10296.0,385.0
2021-01-05 09:39:52.591,0.4137,0.4155,10.0,0.4141,10.0,10296.0,385.0
2021-01-05 09:39:53.181,0.4137,0.4151,10.0,0.4139,1.0,10296.0,385.0
2021-01-05 09:39:53.630,0.4137,0.4143,10.0,0.4139,1.0,10296.0,385.0
2021-01-05 09:39:54.191,0.4137,0.4145,20.0,0.4139,1.0,10296.0,385.0
2021-01-05 09:39:54.691,0.4137,0.4144,1.0,0.4132,16.0,10296.0,385.0
2021-01-05 09:39:55.181,0.4137,0.4153,20.0,0.4138,16.0,10296.0,385.0
2021-01-05 09:39:55.640,0.4138,0.4149,10.0,0.4138,1.0,10296.0,400.0
2021-01-05 09:39:56.120,0.4149,0.4155,20.0,0.4141,16.0,10296.0,405.0
2021-01-05 09:39:56.691,0.4149,0.4154,1.0,0.414,10.0,10296.0,405.0
2021-01-05 09:39:56.841,0.4149,0.4153,15.0,0.4141,14.0,10296.0,405.0
2021-01-05 09:39:57.580,0.4149,0.4153,15.0,0.4135,26.0,10296.0,405.0
2021-01-05 09:39:58.170,0.4135,0.415,10.0,0.4135,10.0,10296.0,420.0
2021-01-05 09:39:58.600,0.4135,0.415,10.0,0.4136,15.0,10296.0,420.0
2021-01-05 09:39:59.061,0.4135,0.4149,14.0,0.4136,15.0,10296.0,420.0
2021-01-05 09:39:59.670,0.4135,0.4149,14.0,0.4136,15.0,10296.0,420.0
2021-01-05 09:40:00.631,0.4135,0.4149,14.0,0.4136,15.0,10296.0,420.0
2021-01-05 09:40:01.201,0.4135,0.4149,14.0,0.4136,14.0,10296.0,420.0
2021-01-05 09:40:01.551,0.4135,0.4141,10.0,0.4133,10.0,10296.0,420.0
2021-01-05 09:40:02.200,0.4133,0.4141,10.0,0.4128,10.0,10301.0,441.0
2021-01-05 09:40:02.671,0.4133,0.4134,10.0,0.4128,10.0,10301.0,441.0
2021-01-05 09:40:03.171,0.4133,0.4137,10.0,0.4123,10.0,10301.0,441.0
2021-01-05 09:40:03.691,0.4133,0.4137,10.0,0.4124,14.0,10301.0,441.0
2021-01-05 09:40:04.160,0.4133,0.4141,10.0,0.4124,14.0,10301.0,441.0
2021-01-05 09:40:04.700,0.4133,0.4137,10.0,0.4124,24.0,10301.0,441.0
2021-01-05 09:40:05.170,0.4133,0.4137,10.0,0.4125,1.0,10301.0,441.0
2021-01-05 09:40:05.701,0.4133,0.4137,10.0,0.4125,1.0,10301.0,441.0
2021-01-05 09:40:06.200,0.4133,0.4136,1.0,0.4126,14.0,10301.0,441.0
2021-01-05 09:40:06.701,0.4133,0.4136,1.0,0.4126,14.0,10301.0,441.0
2021-01-05 09:40:07.191,0.4133,0.4135,14.0,0.4126,14.0,10301.0,441.0
2021-01-05 09:40:07.700,0.4133,0.4134,1.0,0.4125,1.0,10301.0,441.0
2021-01-05 09:40:08.110,0.4133,0.4133,1.0,0.4119,10.0,10301.0,441.0
2021-01-05 09:40:08.690,0.4133,0.4132,14.0,0.412,14.0,10301.0,441.0
2021-01-05 09:40:09.191,0.4133,0.4132,16.0,0.4117,10.0,10301.0,441.0
2021-01-05 09:40:09.691,0.4133,0.4131,1.0,0.4117,10.0,10301.0,441.0
2021-01-05 09:40:10.150,0.4133,0.413,14.0,0.4117,20.0,10301.0,441.0
2021-01-05 09:40:10.680,0.4133,0.413,15.0,0.4118,14.0,10301.0,441.0
2021-01-05 09:40:11.170,0.4133,0.413,15.0,0.4118,14.0,10301.0,441.0
2021-01-05 09:40:11.671,0.4133,0.413,15.0,0.4118,14.0,10301.0,441.0
2021-01-05 09:40:12.190,0.4133,0.4129,1.0,0.4112,20.0,10301.0,441.0
2021-01-05 09:40:12.680,0.4133,0.4129,17.0,0.4113,14.0,10301.0,441.0
2021-01-05 09:40:13.170,0.4133,0.4128,1.0,0.4113,14.0,10301.0,441.0
2021-01-05 09:40:13.700,0.4133,0.4125,16.0,0.4111,10.0,10301.0,441.0
2021-01-05 09:40:14.150,0.4133,0.4125,16.0,0.4105,10.0,10301.0,441.0
2021-01-05 09:40:14.701,0.4133,0.4125,16.0,0.4106,14.0,10301.0,441.0
2021-01-05 09:40:15.120,0.4133,0.4125,16.0,0.4106,14.0,10301.0,441.0
2021-01-05 09:40:15.690,0.4133,0.4125,16.0,0.4106,15.0,10301.0,441.0
2021-01-05 09:40:16.520,0.4133,0.4124,11.0,0.4106,15.0,10301.0,441.0
2021-01-05 09:40:17.191,0.4133,0.412,10.0,0.4106,15.0,10301.0,441.0
2021-01-05 09:40:17.661,0.4133,0.4119,15.0,0.4106,15.0,10301.0,441.0
2021-01-05 09:40:17.661,0.4133,0.4119,15.0,0.4106,14.0,10301.0,441.0
2021-01-05 09:40:18.641,0.4133,0.4119,14.0,0.4106,14.0,10301.0,441.0
2021-01-05 09:40:19.711,0.4133,0.4124,26.0,0.4106,14.0,10301.0,441.0
2021-01-05 09:40:20.191,0.4133,0.4127,16.0,0.4119,5.0,10301.0,441.0
2021-01-05 09:40:20.691,0.4133,0.4123,1.0,0.4111,10.0,10301.0,441.0
2021-01-05 09:40:21.200,0.4133,0.4132,16.0,0.4123,1.0,10301.0,441.0
2021-01-05 09:40:21.701,0.4133,0.4131,2.0,0.4123,1.0,10301.0,441.0
2021-01-05 09:40:22.210,0.4133,0.413,14.0,0.4123,1.0,10301.0,441.0
2021-01-05 09:40:22.591,0.4133,0.413,14.0,0.4123,1.0,10301.0,441.0
2021-01-05 09:40:23.200,0.4133,0.4131,2.0,0.4116,26.0,10301.0,441.0
2021-01-05 09:40:23.701,0.4131,0.4139,16.0,0.4117,2.0,10301.0,443.0
2021-01-05 09:40:24.160,0.4131,0.4137,16.0,0.4131,2.0,10301.0,443.0
2021-01-05 09:40:24.241,0.4131,0.4137,16.0,0.4119,26.0,10301.0,445.0
2021-01-05 09:40:25.121,0.4131,0.4137,16.0,0.4119,16.0,10301.0,445.0
2021-01-05 09:40:25.551,0.4131,0.4136,1.0,0.4119,16.0,10301.0,445.0
2021-01-05 09:40:26.181,0.4131,0.4135,14.0,0.412,1.0,10301.0,445.0
2021-01-05 09:40:26.621,0.4131,0.4135,14.0,0.4121,14.0,10301.0,445.0
2021-01-05 09:40:27.140,0.4131,0.4135,14.0,0.4121,15.0,10301.0,445.0
2021-01-05 09:40:27.701,0.4131,0.4136,1.0,0.4122,16.0,10301.0,445.0
2021-01-05 09:40:28.200,0.4131,0.4136,15.0,0.4122,16.0,10301.0,445.0
2021-01-05 09:40:28.690,0.4131,0.4136,15.0,0.4122,16.0,10301.0,445.0
2021-01-05 09:40:29.170,0.4131,0.4136,1.0,0.4122,26.0,10301.0,445.0
2021-01-05 09:40:30.150,0.4131,0.4136,1.0,0.4122,36.0,10301.0,445.0
2021-01-05 09:40:30.700,0.4131,0.4136,15.0,0.4122,36.0,10301.0,445.0
2021-01-05 09:40:31.101,0.4131,0.4136,1.0,0.4122,36.0,10301.0,445.0
2021-01-05 09:40:32.611,0.4131,0.4136,1.0,0.4122,26.0,10301.0,445.0
2021-01-05 09:40:33.161,0.4131,0.4135,14.0,0.4122,10.0,10301.0,445.0
2021-01-05 09:40:33.551,0.4115,0.4134,18.0,0.4117,10.0,10302.0,455.0
2021-01-05 09:40:34.171,0.4115,0.4134,28.0,0.4118,14.0,10302.0,455.0
2021-01-05 09:40:35.201,0.4115,0.4134,28.0,0.4118,14.0,10302.0,455.0
2021-01-05 09:40:35.681,0.4115,0.4134,16.0,0.4118,14.0,10302.0,455.0
2021-01-05 09:40:36.161,0.4115,0.4135,6.0,0.4118,14.0,10302.0,455.0
2021-01-05 09:40:36.620,0.4115,0.4134,14.0,0.4119,1.0,10302.0,455.0
2021-01-05 09:40:37.201,0.4115,0.4134,14.0,0.4119,1.0,10302.0,455.0
2021-01-05 09:40:37.700,0.4115,0.4134,14.0,0.412,16.0,10302.0,455.0
2021-01-05 09:40:38.130,0.4115,0.4134,14.0,0.412,16.0,10302.0,455.0
2021-01-05 09:40:38.651,0.4115,0.4134,14.0,0.412,16.0,10302.0,455.0
2021-01-05 09:40:39.041,0.4115,0.4134,14.0,0.4119,20.0,10302.0,455.0
2021-01-05 09:40:39.681,0.4115,0.4134,14.0,0.412,14.0,10302.0,455.0
2021-01-05 09:40:40.061,0.4115,0.4133,2.0,0.412,14.0,10302.0,455.0
2021-01-05 09:40:40.670,0.4115,0.4133,18.0,0.412,10.0,10302.0,455.0
2021-01-05 09:40:41.191,0.4115,0.4133,18.0,0.412,10.0,10302.0,455.0
2021-01-05 09:40:41.640,0.4115,0.413,16.0,0.4117,10.0,10302.0,455.0
2021-01-05 09:40:42.180,0.4115,0.4129,1.0,0.4117,14.0,10302.0,455.0
2021-01-05 09:40:43.191,0.4115,0.4129,1.0,0.4111,16.0,10302.0,455.0
2021-01-05 09:40:43.621,0.4115,0.4128,14.0,0.4111,16.0,10302.0,455.0
2021-01-05 09:40:44.180,0.4115,0.4128,14.0,0.4111,16.0,10302.0,455.0
2021-01-05 09:40:44.610,0.4115,0.4127,1.0,0.4111,16.0,10302.0,455.0
2021-01-05 09:40:45.131,0.4115,0.4127,1.0,0.4111,16.0,10302.0,455.0
2021-01-05 09:40:45.621,0.4115,0.4126,14.0,0.4111,16.0,10302.0,455.0
2021-01-05 09:40:47.611,0.4115,0.4125,1.0,0.4111,16.0,10302.0,455.0
2021-01-05 09:40:48.160,0.4115,0.4125,1.0,0.4111,16.0,10302.0,455.0
2021-01-05 09:40:48.700,0.4115,0.4124,14.0,0.4109,20.0,10302.0,455.0
2021-01-05 09:40:49.111,0.4115,0.4124,14.0,0.4112,1.0,10302.0,455.0
2021-01-05 09:40:49.640,0.4115,0.4124,14.0,0.4112,1.0,10302.0,455.0
2021-01-05 09:40:50.181,0.4115,0.4123,1.0,0.4113,14.0,10302.0,455.0
2021-01-05 09:40:50.671,0.4115,0.4123,1.0,0.4113,14.0,10302.0,455.0
2021-01-05 09:40:51.021,0.4115,0.4123,1.0,0.4113,14.0,10302.0,455.0
2021-01-05 09:40:51.601,0.4115,0.4122,14.0,0.4109,20.0,10302.0,455.0
2021-01-05 09:40:52.081,0.4115,0.4122,14.0,0.4109,20.0,10302.0,455.0
2021-01-05 09:40:52.650,0.4115,0.4122,14.0,0.411,14.0,10302.0,455.0
2021-01-05 09:40:53.140,0.4115,0.4122,14.0,0.4111,1.0,10302.0,455.0
2021-01-05 09:40:53.651,0.4115,0.4122,14.0,0.4111,1.0,10302.0,455.0
2021-01-05 09:40:54.141,0.4115,0.4122,14.0,0.4112,14.0,10302.0,455.0
2021-01-05 09:40:54.521,0.4115,0.4122,14.0,0.4112,14.0,10302.0,455.0
2021-01-05 09:40:55.111,0.4115,0.4127,16.0,0.4112,14.0,10302.0,455.0
2021-01-05 09:40:55.681,0.4115,0.4127,16.0,0.4112,14.0,10302.0,455.0
2021-01-05 09:40:56.121,0.4115,0.413,16.0,0.4113,1.0,10302.0,455.0
2021-01-05 09:40:56.600,0.4115,0.4132,10.0,0.4114,16.0,10302.0,455.0
2021-01-05 09:40:57.180,0.4115,0.4131,14.0,0.4114,16.0,10302.0,455.0
2021-01-05 09:40:57.710,0.4115,0.4131,14.0,0.4114,16.0,10302.0,455.0
2021-01-05 09:40:57.710,0.4115,0.413,2.0,0.4114,16.0,10302.0,455.0
2021-01-05 09:40:58.721,0.4115,0.413,2.0,0.4113,1.0,10302.0,455.0
2021-01-05 09:40:58.980,0.4115,0.4129,14.0,0.4114,14.0,10302.0,455.0
2021-01-05 09:40:59.721,0.4115,0.4129,14.0,0.4114,14.0,10302.0,455.0
2021-01-05 09:41:00.150,0.4115,0.4128,1.0,0.4114,14.0,10302.0,455.0
2021-01-05 09:41:00.611,0.4115,0.4128,1.0,0.4114,14.0,10302.0,455.0
2021-01-05 09:41:01.041,0.4115,0.4127,14.0,0.4114,14.0,10302.0,455.0
2021-01-05 09:41:01.650,0.4115,0.4127,14.0,0.4114,14.0,10302.0,455.0
2021-01-05 09:41:02.190,0.4115,0.4127,14.0,0.4114,14.0,10302.0,455.0
2021-01-05 09:41:02.661,0.4115,0.4127,14.0,0.4114,14.0,10302.0,455.0
2021-01-05 09:41:03.110,0.4115,0.4126,1.0,0.4114,14.0,10302.0,455.0
2021-01-05 09:41:03.721,0.4115,0.4131,16.0,0.4114,14.0,10302.0,455.0
2021-01-05 09:41:04.180,0.4125,0.4131,16.0,0.4115,2.0,10301.0,456.0
2021-01-05 09:41:04.680,0.4125,0.413,1.0,0.4115,2.0,10301.0,456.0
2021-01-05 09:41:05.220,0.4125,0.4129,14.0,0.4116,14.0,10301.0,456.0
2021-01-05 09:41:05.660,0.4125,0.4129,14.0,0.4116,14.0,10301.0,456.0
2021-01-05 09:41:06.221,0.4125,0.4129,14.0,0.4116,14.0,10301.0,456.0
2021-01-05 09:41:06.620,0.4125,0.413,1.0,0.4116,14.0,10301.0,456.0
2021-01-05 09:41:07.100,0.4125,0.413,1.0,0.4116,14.0,10301.0,456.0
2021-01-05 09:41:07.611,0.413,0.4135,6.0,0.4117,18.0,10300.0,457.0
2021-01-05 09:41:08.201,0.413,0.4134,14.0,0.413,1.0,10300.0,457.0
2021-01-05 09:41:08.701,0.413,0.4133,1.0,0.4119,10.0,10300.0,458.0
2021-01-05 09:41:09.210,0.413,0.4133,1.0,0.412,14.0,10300.0,458.0
2021-01-05 09:41:09.650,0.413,0.4133,14.0,0.4121,1.0,10300.0,458.0
2021-01-05 09:41:10.220,0.413,0.4133,14.0,0.4121,1.0,10300.0,458.0
2021-01-05 09:41:10.710,0.413,0.4135,6.0,0.4122,14.0,10300.0,458.0
2021-01-05 09:41:11.140,0.413,0.4135,6.0,0.4123,17.0,10300.0,458.0
2021-01-05 09:41:11.711,0.413,0.4135,6.0,0.4123,18.0,10300.0,458.0
2021-01-05 09:41:12.151,0.413,0.4135,6.0,0.4123,18.0,10300.0,458.0
2021-01-05 09:41:12.710,0.413,0.4135,6.0,0.4123,16.0,10300.0,458.0
2021-01-05 09:41:13.161,0.413,0.4134,16.0,0.4121,20.0,10300.0,458.0
2021-01-05 09:41:13.701,0.413,0.4134,16.0,0.4117,16.0,10300.0,458.0
2021-01-05 09:41:14.160,0.413,0.4133,1.0,0.4124,10.0,10300.0,458.0
2021-01-05 09:41:14.671,0.413,0.4133,1.0,0.4119,10.0,10300.0,458.0
2021-01-05 09:41:15.180,0.413,0.4132,14.0,0.412,14.0,10300.0,458.0
2021-01-05 09:41:15.651,0.413,0.4131,1.0,0.4115,16.0,10300.0,458.0
2021-01-05 09:41:16.210,0.413,0.4131,1.0,0.4115,16.0,10300.0,458.0
2021-01-05 09:41:16.500,0.413,0.413,15.0,0.4116,1.0,10300.0,458.0
2021-01-05 09:41:17.211,0.413,0.413,15.0,0.4117,14.0,10300.0,458.0
2021-01-05 09:41:17.670,0.413,0.413,1.0,0.4117,14.0,10300.0,458.0
2021-01-05 09:41:18.200,0.413,0.4134,16.0,0.4117,14.0,10300.0,458.0
2021-01-05 09:41:18.600,0.413,0.4134,16.0,0.4117,24.0,10300.0,458.0
2021-01-05 09:41:19.161,0.413,0.4133,1.0,0.4117,29.0,10300.0,458.0
2021-01-05 09:41:19.570,0.413,0.4132,14.0,0.4117,29.0,10300.0,458.0
2021-01-05 09:41:20.070,0.413,0.4132,14.0,0.4118,1.0,10300.0,458.0
2021-01-05 09:41:20.721,0.413,0.4132,14.0,0.4118,1.0,10300.0,458.0
2021-01-05 09:41:21.190,0.413,0.4132,14.0,0.4119,14.0,10300.0,458.0
2021-01-05 09:41:21.551,0.413,0.4132,14.0,0.4119,14.0,10300.0,458.0
2021-01-05 09:41:22.190,0.413,0.4132,14.0,0.4119,19.0,10300.0,458.0
2021-01-05 09:41:22.700,0.413,0.4135,6.0,0.412,16.0,10300.0,458.0
2021-01-05 09:41:23.061,0.413,0.4134,14.0,0.412,31.0,10300.0,458.0
2021-01-05 09:41:24.150,0.413,0.4134,14.0,0.4118,11.0,10300.0,458.0
2021-01-05 09:41:24.651,0.413,0.4134,14.0,0.4119,14.0,10300.0,458.0
2021-01-05 09:41:25.120,0.413,0.4134,14.0,0.4121,10.0,10300.0,458.0
2021-01-05 09:41:25.641,0.413,0.4135,6.0,0.4121,20.0,10300.0,458.0
2021-01-05 09:41:26.190,0.413,0.4135,6.0,0.4122,18.0,10300.0,458.0
2021-01-05 09:41:26.651,0.413,0.4135,6.0,0.4122,19.0,10300.0,458.0
2021-01-05 09:41:27.131,0.4135,0.4142,26.0,0.4123,10.0,10294.0,464.0
2021-01-05 09:41:27.570,0.4135,0.4142,16.0,0.4125,10.0,10294.0,464.0
2021-01-05 09:41:28.011,0.4135,0.4141,1.0,0.4125,10.0,10294.0,464.0
2021-01-05 09:41:28.540,0.4135,0.414,15.0,0.4126,14.0,10294.0,464.0
2021-01-05 09:41:29.010,0.4135,0.4139,1.0,0.4126,14.0,10294.0,464.0
2021-01-05 09:41:29.640,0.4135,0.4139,1.0,0.4126,34.0,10294.0,464.0
2021-01-05 09:41:30.180,0.4135,0.414,1.0,0.4126,34.0,10294.0,464.0
2021-01-05 09:41:30.711,0.4135,0.4141,1.0,0.4126,36.0,10294.0,464.0
2021-01-05 09:41:31.181,0.4135,0.414,14.0,0.4126,36.0,10294.0,464.0
2021-01-05 09:41:31.700,0.4135,0.414,14.0,0.4127,1.0,10294.0,464.0
2021-01-05 09:41:32.220,0.4135,0.4145,16.0,0.4128,14.0,10294.0,464.0
2021-01-05 09:41:32.670,0.4135,0.4145,16.0,0.4128,14.0,10294.0,464.0
2021-01-05 09:41:33.171,0.4135,0.4145,16.0,0.4128,14.0,10294.0,464.0
2021-01-05 09:41:33.680,0.4135,0.4143,16.0,0.4128,14.0,10294.0,464.0
2021-01-05 09:41:34.120,0.4135,0.4143,16.0,0.4127,1.0,10294.0,464.0
2021-01-05 09:41:34.720,0.4135,0.4143,16.0,0.4127,15.0,10294.0,464.0
2021-01-05 09:41:35.221,0.4135,0.4143,16.0,0.4127,1.0,10294.0,464.0
2021-01-05 09:41:35.721,0.4135,0.4148,16.0,0.4128,16.0,10294.0,464.0
2021-01-05 09:41:36.070,0.4135,0.4149,10.0,0.4131,16.0,10294.0,464.0
2021-01-05 09:41:36.720,0.4135,0.4148,14.0,0.4133,16.0,10294.0,464.0
2021-01-05 09:41:37.210,0.4135,0.4148,14.0,0.4133,16.0,10294.0,464.0
2021-01-05 09:41:37.711,0.4135,0.4152,16.0,0.4133,26.0,10294.0,464.0
2021-01-05 09:41:38.220,0.4135,0.4155,16.0,0.4136,16.0,10294.0,464.0
2021-01-05 09:41:38.650,0.4135,0.4155,16.0,0.4136,16.0,10294.0,464.0
2021-01-05 09:41:39.221,0.4135,0.4153,16.0,0.4134,27.0,10294.0,464.0
2021-01-05 09:41:40.231,0.4135,0.4152,3.0,0.4134,27.0,10294.0,464.0
2021-01-05 09:41:40.721,0.4135,0.4151,14.0,0.4134,27.0,10294.0,464.0
2021-01-05 09:41:41.130,0.4135,0.4151,16.0,0.4134,11.0,10294.0,464.0
2021-01-05 09:41:41.730,0.4135,0.4149,16.0,0.4134,15.0,10294.0,464.0
2021-01-05 09:41:42.201,0.4135,0.4148,1.0,0.4134,15.0,10294.0,464.0
2021-01-05 09:41:42.690,0.4135,0.4146,16.0,0.4134,1.0,10294.0,464.0
2021-01-05 09:41:43.720,0.4135,0.4146,16.0,0.4134,1.0,10294.0,464.0
2021-01-05 09:41:44.220,0.4135,0.4145,1.0,0.4134,1.0,10294.0,464.0
2021-01-05 09:41:44.671,0.4135,0.4144,14.0,0.4134,1.0,10294.0,464.0
2021-01-05 09:41:45.171,0.4135,0.4144,14.0,0.4134,1.0,10294.0,464.0
2021-01-05 09:41:45.701,0.4135,0.4143,1.0,0.4134,1.0,10294.0,464.0
2021-01-05 09:41:46.241,0.4135,0.4142,1.0,0.4134,1.0,10294.0,464.0
2021-01-05 09:41:46.661,0.4135,0.4141,14.0,0.4134,1.0,10294.0,464.0
2021-01-05 09:41:47.201,0.4135,0.4142,1.0,0.4134,14.0,10294.0,464.0
2021-01-05 09:41:47.710,0.4135,0.4147,16.0,0.4131,20.0,10294.0,464.0
2021-01-05 09:41:48.181,0.4135,0.4152,16.0,0.4142,1.0,10294.0,464.0
2021-01-05 09:41:48.740,0.4135,0.4151,1.0,0.4142,1.0,10294.0,464.0
2021-01-05 09:41:49.191,0.4135,0.415,14.0,0.4143,1.0,10294.0,464.0
2021-01-05 09:41:49.620,0.415,0.415,10.0,0.4143,1.0,10294.0,468.0
2021-01-05 09:41:50.231,0.415,0.4151,1.0,0.4144,14.0,10294.0,468.0
2021-01-05 09:41:50.751,0.415,0.4156,10.0,0.4145,1.0,10294.0,468.0
2021-01-05 09:41:51.251,0.415,0.4155,17.0,0.4145,1.0,10294.0,468.0
2021-01-05 09:41:51.760,0.415,0.4155,17.0,0.4136,16.0,10294.0,468.0
2021-01-05 09:41:52.261,0.415,0.4155,16.0,0.414,10.0,10294.0,468.0
2021-01-05 09:41:52.690,0.415,0.4158,16.0,0.4141,14.0,10294.0,468.0
2021-01-05 09:41:53.201,0.415,0.4161,10.0,0.4143,16.0,10294.0,468.0
2021-01-05 09:41:54.161,0.415,0.416,14.0,0.4144,1.0,10294.0,468.0
2021-01-05 09:41:54.670,0.415,0.416,14.0,0.4145,14.0,10294.0,468.0
2021-01-05 09:41:55.671,0.415,0.416,14.0,0.4146,1.0,10294.0,468.0
2021-01-05 09:41:56.151,0.415,0.416,14.0,0.4146,1.0,10294.0,468.0
2021-01-05 09:41:56.670,0.415,0.416,14.0,0.4147,14.0,10294.0,468.0
2021-01-05 09:41:57.110,0.415,0.416,14.0,0.4147,14.0,10294.0,468.0
2021-01-05 09:41:57.640,0.415,0.416,14.0,0.4147,14.0,10294.0,468.0
2021-01-05 09:41:58.140,0.415,0.4159,2.0,0.4147,24.0,10294.0,468.0
2021-01-05 09:41:58.660,0.415,0.4159,2.0,0.4147,14.0,10294.0,468.0
2021-01-05 09:41:59.131,0.415,0.4158,14.0,0.4147,14.0,10294.0,468.0
2021-01-05 09:42:00.151,0.415,0.4162,16.0,0.4147,14.0,10294.0,468.0
2021-01-05 09:42:00.701,0.415,0.4165,16.0,0.4147,24.0,10294.0,468.0
2021-01-05 09:42:01.131,0.415,0.4165,16.0,0.4148,1.0,10294.0,468.0
2021-01-05 09:42:01.651,0.415,0.4165,16.0,0.4149,10.0,10294.0,468.0
2021-01-05 09:42:02.201,0.415,0.4165,16.0,0.415,14.0,10294.0,468.0
2021-01-05 09:42:02.641,0.415,0.4168,26.0,0.415,14.0,10294.0,468.0
2021-01-05 09:42:03.161,0.415,0.4167,1.0,0.415,14.0,10294.0,468.0
2021-01-05 09:42:03.690,0.415,0.4166,14.0,0.415,14.0,10294.0,468.0
2021-01-05 09:42:04.110,0.415,0.4165,1.0,0.415,14.0,10294.0,468.0
2021-01-05 09:42:04.500,0.415,0.4165,17.0,0.415,14.0,10294.0,468.0
2021-01-05 09:42:05.211,0.415,0.4165,17.0,0.415,14.0,10294.0,468.0
2021-01-05 09:42:05.711,0.415,0.4168,16.0,0.415,14.0,10294.0,468.0
2021-01-05 09:42:06.181,0.415,0.4168,16.0,0.415,14.0,10294.0,468.0
2021-01-05 09:42:06.690,0.415,0.4168,16.0,0.415,14.0,10294.0,468.0
2021-01-05 09:42:07.230,0.415,0.4168,16.0,0.415,14.0,10294.0,468.0
2021-01-05 09:42:07.691,0.415,0.4168,16.0,0.415,14.0,10294.0,468.0
2021-01-05 09:42:08.721,0.415,0.4168,16.0,0.415,14.0,10294.0,468.0
2021-01-05 09:42:09.230,0.415,0.4168,16.0,0.4151,10.0,10294.0,468.0
2021-01-05 09:42:09.570,0.415,0.4168,16.0,0.4152,14.0,10294.0,468.0
2021-01-05 09:42:10.200,0.415,0.4168,16.0,0.4152,14.0,10294.0,468.0
2021-01-05 09:42:10.681,0.415,0.4168,16.0,0.4153,1.0,10294.0,468.0
2021-01-05 09:42:11.211,0.415,0.4173,26.0,0.4154,16.0,10294.0,468.0
2021-01-05 09:42:11.691,0.415,0.4173,16.0,0.4154,16.0,10294.0,468.0
2021-01-05 09:42:12.210,0.415,0.4176,26.0,0.4157,16.0,10294.0,468.0
2021-01-05 09:42:12.721,0.415,0.4176,26.0,0.4157,16.0,10294.0,468.0
2021-01-05 09:42:13.211,0.415,0.4174,16.0,0.4156,10.0,10294.0,468.0
2021-01-05 09:42:13.211,0.415,0.4174,16.0,0.4157,14.0,10294.0,468.0
2021-01-05 09:42:14.150,0.415,0.4174,16.0,0.4157,15.0,10294.0,468.0
2021-01-05 09:42:15.151,0.415,0.4174,16.0,0.4157,15.0,10294.0,468.0
2021-01-05 09:42:16.181,0.415,0.4174,16.0,0.4157,15.0,10294.0,468.0
2021-01-05 09:42:16.701,0.415,0.4174,16.0,0.4157,15.0,10294.0,468.0
2021-01-05 09:42:17.241,0.415,0.4174,16.0,0.4157,15.0,10294.0,468.0
2021-01-05 09:42:17.681,0.415,0.4173,1.0,0.4157,15.0,10294.0,468.0
2021-01-05 09:42:18.100,0.415,0.4172,14.0,0.4157,15.0,10294.0,468.0
2021-01-05 09:42:18.701,0.415,0.417,16.0,0.4157,1.0,10294.0,468.0
2021-01-05 09:42:19.210,0.415,0.417,16.0,0.4157,1.0,10294.0,468.0
2021-01-05 09:42:19.721,0.415,0.4169,1.0,0.4157,1.0,10294.0,468.0
2021-01-05 09:42:20.150,0.415,0.4168,14.0,0.4157,1.0,10294.0,468.0
2021-01-05 09:42:20.720,0.415,0.4168,14.0,0.4157,1.0,10294.0,468.0
2021-01-05 09:42:21.621,0.415,0.4168,14.0,0.4157,1.0,10294.0,468.0
2021-01-05 09:42:22.221,0.415,0.4167,1.0,0.4158,14.0,10294.0,468.0
2021-01-05 09:42:22.570,0.415,0.4172,26.0,0.4158,14.0,10294.0,468.0
2021-01-05 09:42:23.191,0.415,0.4172,16.0,0.4158,14.0,10294.0,468.0
2021-01-05 09:42:23.631,0.415,0.4172,16.0,0.4158,14.0,10294.0,468.0
2021-01-05 09:42:24.151,0.415,0.4172,16.0,0.4158,24.0,10294.0,468.0
2021-01-05 09:42:24.670,0.415,0.4172,16.0,0.4158,14.0,10294.0,468.0
2021-01-05 09:42:25.200,0.415,0.4175,16.0,0.4158,14.0,10294.0,468.0
2021-01-05 09:42:25.471,0.415,0.4175,16.0,0.4159,10.0,10294.0,468.0
2021-01-05 09:42:26.130,0.415,0.4175,16.0,0.4159,10.0,10294.0,468.0
2021-01-05 09:42:26.641,0.415,0.4175,16.0,0.416,14.0,10294.0,468.0
2021-01-05 09:42:27.171,0.415,0.4175,16.0,0.416,14.0,10294.0,468.0
2021-01-05 09:42:27.651,0.415,0.4174,1.0,0.416,14.0,10294.0,468.0
2021-01-05 09:42:28.130,0.415,0.4173,14.0,0.416,14.0,10294.0,468.0
2021-01-05 09:42:29.720,0.415,0.4173,14.0,0.416,24.0,10294.0,468.0
2021-01-05 09:42:30.470,0.415,0.4172,1.0,0.416,14.0,10294.0,468.0
2021-01-05 09:42:31.200,0.415,0.4172,1.0,0.416,24.0,10294.0,468.0
2021-01-05 09:42:31.720,0.415,0.4176,10.0,0.416,24.0,10294.0,468.0
2021-01-05 09:42:32.081,0.415,0.4175,14.0,0.416,24.0,10294.0,468.0
2021-01-05 09:42:34.210,0.415,0.4174,1.0,0.416,14.0,10294.0,468.0
2021-01-05 09:42:34.731,0.415,0.4174,1.0,0.416,14.0,10294.0,468.0
2021-01-05 09:42:35.151,0.416,0.4173,14.0,0.4161,1.0,10294.0,475.0
2021-01-05 09:42:35.701,0.416,0.4173,14.0,0.4161,1.0,10294.0,475.0
2021-01-05 09:42:36.141,0.416,0.4173,14.0,0.4162,14.0,10294.0,475.0
2021-01-05 09:42:36.650,0.416,0.4173,14.0,0.4162,14.0,10294.0,475.0
2021-01-05 09:42:37.080,0.416,0.4177,10.0,0.4162,14.0,10294.0,475.0
2021-01-05 09:42:37.751,0.416,0.4176,14.0,0.4162,14.0,10294.0,475.0
2021-01-05 09:42:38.200,0.416,0.4175,1.0,0.4162,14.0,10294.0,475.0
2021-01-05 09:42:39.211,0.416,0.4174,14.0,0.4162,14.0,10294.0,475.0
2021-01-05 09:42:40.221,0.416,0.4177,10.0,0.4162,24.0,10294.0,475.0
2021-01-05 09:42:40.721,0.416,0.4176,14.0,0.4162,24.0,10294.0,475.0
2021-01-05 09:42:41.161,0.416,0.4176,14.0,0.4162,26.0,10294.0,475.0
2021-01-05 09:42:41.731,0.416,0.4177,10.0,0.4162,26.0,10294.0,475.0
2021-01-05 09:42:42.250,0.416,0.4178,10.0,0.4164,16.0,10294.0,475.0
2021-01-05 09:42:42.711,0.416,0.4181,10.0,0.4164,16.0,10294.0,475.0
2021-01-05 09:42:43.251,0.416,0.418,14.0,0.4165,1.0,10294.0,475.0
2021-01-05 09:42:43.741,0.416,0.418,15.0,0.4166,14.0,10294.0,475.0
2021-01-05 09:42:44.211,0.416,0.418,14.0,0.4166,15.0,10294.0,475.0
2021-01-05 09:42:44.751,0.416,0.4179,1.0,0.4167,10.0,10294.0,475.0
2021-01-05 09:42:45.191,0.416,0.4179,10.0,0.4167,1.0,10294.0,475.0
2021-01-05 09:42:45.650,0.416,0.4179,14.0,0.4168,14.0,10294.0,475.0
2021-01-05 09:42:46.240,0.416,0.418,10.0,0.4168,15.0,10294.0,475.0
2021-01-05 09:42:46.741,0.416,0.4179,14.0,0.4168,15.0,10294.0,475.0
2021-01-05 09:42:47.231,0.416,0.4183,10.0,0.4168,15.0,10294.0,475.0
2021-01-05 09:42:47.690,0.416,0.4182,14.0,0.4168,15.0,10294.0,475.0
2021-01-05 09:42:48.171,0.416,0.4182,14.0,0.4168,14.0,10294.0,475.0
2021-01-05 09:42:48.720,0.416,0.4181,1.0,0.4168,14.0,10294.0,475.0
2021-01-05 09:42:49.110,0.416,0.4181,1.0,0.4168,14.0,10294.0,475.0
2021-01-05 09:42:50.261,0.416,0.418,14.0,0.4168,14.0,10294.0,475.0
2021-01-05 09:42:50.720,0.416,0.418,14.0,0.4168,14.0,10294.0,475.0
2021-01-05 09:42:51.060,0.416,0.418,14.0,0.4168,14.0,10294.0,475.0
2021-01-05 09:42:52.251,0.416,0.418,14.0,0.4167,1.0,10294.0,475.0
2021-01-05 09:42:52.601,0.416,0.418,14.0,0.4168,14.0,10294.0,475.0
2021-01-05 09:42:53.640,0.416,0.4179,1.0,0.4169,10.0,10294.0,475.0
2021-01-05 09:42:54.191,0.416,0.4179,1.0,0.4169,10.0,10294.0,475.0
2021-01-05 09:42:54.191,0.416,0.4179,15.0,0.417,14.0,10294.0,475.0
2021-01-05 09:42:55.190,0.416,0.4179,1.0,0.4169,10.0,10294.0,475.0
2021-01-05 09:42:55.701,0.416,0.4183,10.0,0.4169,10.0,10294.0,475.0
2021-01-05 09:42:56.191,0.416,0.4182,14.0,0.417,14.0,10294.0,475.0
2021-01-05 09:42:56.631,0.416,0.4182,14.0,0.417,14.0,10294.0,475.0
2021-01-05 09:42:57.171,0.416,0.4182,14.0,0.417,14.0,10294.0,475.0
2021-01-05 09:42:57.661,0.416,0.4182,14.0,0.417,14.0,10294.0,475.0
2021-01-05 09:42:58.220,0.416,0.4187,16.0,0.417,14.0,10294.0,475.0
2021-01-05 09:42:58.731,0.416,0.4186,2.0,0.417,14.0,10294.0,475.0
2021-01-05 09:42:59.230,0.416,0.4184,16.0,0.4169,10.0,10294.0,475.0
2021-01-05 09:42:59.651,0.416,0.4186,2.0,0.4167,27.0,10294.0,475.0
2021-01-05 09:43:00.131,0.416,0.4185,14.0,0.4167,17.0,10294.0,475.0
2021-01-05 09:43:00.721,0.416,0.4185,14.0,0.4167,17.0,10294.0,475.0
2021-01-05 09:43:01.201,0.416,0.4185,14.0,0.4167,17.0,10294.0,475.0
2021-01-05 09:43:01.701,0.416,0.4184,1.0,0.4167,17.0,10294.0,475.0
2021-01-05 09:43:02.150,0.416,0.4184,1.0,0.4167,27.0,10294.0,475.0
2021-01-05 09:43:02.681,0.416,0.4189,20.0,0.417,16.0,10294.0,475.0
2021-01-05 09:43:03.241,0.416,0.4188,14.0,0.417,16.0,10294.0,475.0
2021-01-05 09:43:03.701,0.416,0.4188,14.0,0.417,16.0,10294.0,475.0
2021-01-05 09:43:04.231,0.416,0.4187,1.0,0.417,16.0,10294.0,475.0
2021-01-05 09:43:04.240,0.416,0.4187,18.0,0.417,10.0,10294.0,475.0
2021-01-05 09:43:05.251,0.416,0.4187,18.0,0.4171,14.0,10294.0,475.0
2021-01-05 09:43:05.681,0.416,0.4182,16.0,0.4167,1.0,10294.0,475.0
2021-01-05 09:43:06.171,0.416,0.4181,1.0,0.4167,14.0,10294.0,475.0
2021-01-05 09:43:06.471,0.416,0.4181,1.0,0.4164,10.0,10294.0,475.0
2021-01-05 09:43:07.231,0.416,0.418,14.0,0.4165,14.0,10294.0,475.0
2021-01-05 09:43:07.610,0.416,0.418,14.0,0.4165,15.0,10294.0,475.0
2021-01-05 09:43:08.200,0.416,0.4179,1.0,0.4165,15.0,10294.0,475.0
2021-01-05 09:43:08.701,0.416,0.4179,17.0,0.4165,15.0,10294.0,475.0
2021-01-05 09:43:09.231,0.416,0.4179,17.0,0.4165,15.0,10294.0,475.0
2021-01-05 09:43:09.740,0.416,0.4179,17.0,0.4165,15.0,10294.0,475.0
2021-01-05 09:43:10.150,0.416,0.4178,1.0,0.4165,25.0,10294.0,475.0
2021-01-05 09:43:10.150,0.416,0.4182,16.0,0.4165,25.0,10294.0,475.0
2021-01-05 09:43:11.750,0.416,0.4185,26.0,0.4166,16.0,10294.0,475.0
2021-01-05 09:43:12.171,0.416,0.4185,16.0,0.4166,16.0,10294.0,475.0
2021-01-05 09:43:12.730,0.416,0.4181,1.0,0.4166,16.0,10294.0,475.0
2021-01-05 09:43:13.210,0.416,0.418,14.0,0.4166,16.0,10294.0,475.0
2021-01-05 09:43:13.740,0.416,0.4179,1.0,0.4165,1.0,10294.0,475.0
2021-01-05 09:43:14.270,0.416,0.4179,1.0,0.4166,14.0,10294.0,475.0
2021-01-05 09:43:15.241,0.416,0.4178,15.0,0.4165,1.0,10294.0,475.0
2021-01-05 09:43:15.711,0.416,0.4176,16.0,0.4165,1.0,10294.0,475.0
2021-01-05 09:43:16.270,0.416,0.4176,16.0,0.4165,1.0,10294.0,475.0
2021-01-05 09:43:16.720,0.416,0.4176,16.0,0.4165,1.0,10294.0,475.0
2021-01-05 09:43:17.271,0.416,0.4177,1.0,0.4165,15.0,10294.0,475.0
2021-01-05 09:43:17.690,0.416,0.4175,1.0,0.4161,10.0,10294.0,475.0
2021-01-05 09:43:18.230,0.416,0.4175,1.0,0.4162,14.0,10294.0,475.0
2021-01-05 09:43:18.741,0.416,0.4174,14.0,0.4162,14.0,10294.0,475.0
2021-01-05 09:43:19.761,0.416,0.4174,14.0,0.4162,14.0,10294.0,475.0
2021-01-05 09:43:20.731,0.416,0.4174,14.0,0.4162,14.0,10294.0,475.0
2021-01-05 09:43:21.250,0.416,0.4181,10.0,0.4163,17.0,10294.0,475.0
2021-01-05 09:43:21.701,0.416,0.418,14.0,0.4164,10.0,10294.0,475.0
2021-01-05 09:43:22.281,0.416,0.418,15.0,0.4165,14.0,10294.0,475.0
2021-01-05 09:43:22.671,0.416,0.418,14.0,0.4165,15.0,10294.0,475.0
2021-01-05 09:43:23.190,0.416,0.418,14.0,0.4166,16.0,10294.0,475.0
2021-01-05 09:43:24.120,0.416,0.418,14.0,0.4167,1.0,10294.0,475.0
2021-01-05 09:43:24.631,0.416,0.418,14.0,0.4168,14.0,10294.0,475.0
2021-01-05 09:43:24.890,0.416,0.418,10.0,0.4169,1.0,10294.0,475.0
2021-01-05 09:43:25.651,0.416,0.4183,10.0,0.4169,1.0,10294.0,475.0
2021-01-05 09:43:26.181,0.416,0.4185,10.0,0.417,14.0,10294.0,475.0
2021-01-05 09:43:26.621,0.416,0.4184,14.0,0.417,14.0,10294.0,475.0
2021-01-05 09:43:27.190,0.416,0.4184,14.0,0.417,14.0,10294.0,475.0
2021-01-05 09:43:27.591,0.416,0.4184,14.0,0.417,14.0,10294.0,475.0
2021-01-05 09:43:29.080,0.416,0.4184,14.0,0.417,14.0,10294.0,475.0
2021-01-05 09:43:30.050,0.416,0.4184,14.0,0.4171,1.0,10294.0,475.0
2021-01-05 09:43:30.701,0.416,0.4183,1.0,0.4172,14.0,10294.0,475.0
2021-01-05 09:43:31.111,0.416,0.4183,1.0,0.4172,14.0,10294.0,475.0
2021-01-05 09:43:31.720,0.416,0.4182,14.0,0.4172,14.0,10294.0,475.0
2021-01-05 09:43:32.181,0.416,0.4182,14.0,0.4172,14.0,10294.0,475.0
2021-01-05 09:43:32.701,0.416,0.4188,26.0,0.4172,14.0,10294.0,475.0
2021-01-05 09:43:33.141,0.416,0.4185,16.0,0.4166,16.0,10294.0,475.0
2021-01-05 09:43:34.221,0.416,0.4185,16.0,0.4167,1.0,10294.0,475.0
2021-01-05 09:43:34.661,0.416,0.4184,1.0,0.4168,14.0,10294.0,475.0
2021-01-05 09:43:35.160,0.416,0.4183,14.0,0.4168,14.0,10294.0,475.0
2021-01-05 09:43:35.681,0.416,0.4183,14.0,0.4168,14.0,10294.0,475.0
2021-01-05 09:43:36.661,0.416,0.4183,14.0,0.4168,14.0,10294.0,475.0
2021-01-05 09:43:37.181,0.416,0.4182,1.0,0.4168,14.0,10294.0,475.0
2021-01-05 09:43:37.631,0.416,0.4182,1.0,0.4168,14.0,10294.0,475.0
2021-01-05 09:43:38.221,0.4168,0.4181,14.0,0.4168,4.0,10294.0,485.0
2021-01-05 09:43:39.241,0.4168,0.4184,1.0,0.4168,4.0,10294.0,485.0
2021-01-05 09:43:39.711,0.4168,0.4183,14.0,0.4168,4.0,10294.0,485.0
2021-01-05 09:43:40.731,0.4168,0.4183,14.0,0.4168,4.0,10294.0,485.0
2021-01-05 09:43:41.730,0.4168,0.4183,14.0,0.4168,4.0,10294.0,485.0
2021-01-05 09:43:42.191,0.4168,0.4183,14.0,0.4168,4.0,10294.0,485.0
2021-01-05 09:43:43.231,0.4168,0.4182,18.0,0.4168,4.0,10294.0,485.0
2021-01-05 09:43:43.711,0.4168,0.4182,28.0,0.4167,1.0,10294.0,485.0
2021-01-05 09:43:44.251,0.4168,0.4182,18.0,0.4167,1.0,10294.0,485.0
2021-01-05 09:43:45.221,0.4168,0.4182,16.0,0.4168,14.0,10294.0,485.0
2021-01-05 09:43:45.720,0.4168,0.4182,16.0,0.4168,14.0,10294.0,485.0
2021-01-05 09:43:46.151,0.4168,0.4183,10.0,0.4168,14.0,10294.0,485.0
2021-01-05 09:43:46.151,0.4168,0.4182,15.0,0.4168,14.0,10294.0,485.0
2021-01-05 09:43:47.250,0.4168,0.4182,15.0,0.4168,14.0,10294.0,485.0
2021-01-05 09:43:47.661,0.4168,0.4182,15.0,0.4168,14.0,10294.0,485.0
2021-01-05 09:43:48.220,0.4168,0.4182,15.0,0.4168,14.0,10294.0,485.0
2021-01-05 09:43:48.641,0.4168,0.4181,2.0,0.4167,1.0,10294.0,485.0
2021-01-05 09:43:49.221,0.4168,0.4179,16.0,0.4167,1.0,10294.0,485.0
2021-01-05 09:43:49.511,0.4167,0.4179,16.0,0.416,26.0,10295.0,486.0
2021-01-05 09:43:50.110,0.4167,0.4176,16.0,0.416,26.0,10295.0,486.0
2021-01-05 09:43:50.721,0.4167,0.4175,1.0,0.4156,16.0,10295.0,486.0
2021-01-05 09:43:51.221,0.4167,0.4174,14.0,0.4161,1.0,10295.0,486.0
2021-01-05 09:43:51.660,0.4167,0.4174,14.0,0.4161,1.0,10295.0,486.0
2021-01-05 09:43:52.200,0.4167,0.4174,14.0,0.4161,1.0,10295.0,486.0
2021-01-05 09:43:52.681,0.4167,0.4173,1.0,0.4161,1.0,10295.0,486.0
2021-01-05 09:43:53.201,0.4167,0.4172,1.0,0.4161,1.0,10295.0,486.0
2021-01-05 09:43:53.610,0.4167,0.4171,14.0,0.4156,16.0,10295.0,486.0
2021-01-05 09:43:53.931,0.4167,0.4171,14.0,0.4156,16.0,10295.0,486.0
2021-01-05 09:43:54.191,0.4167,0.4171,14.0,0.4152,36.0,10295.0,486.0
2021-01-05 09:43:54.901,0.4167,0.4171,14.0,0.4153,1.0,10295.0,486.0
2021-01-05 09:43:55.660,0.4167,0.417,1.0,0.4154,14.0,10295.0,486.0
2021-01-05 09:43:56.200,0.4167,0.417,1.0,0.4154,14.0,10295.0,486.0
2021-01-05 09:43:56.721,0.4167,0.4169,14.0,0.4154,14.0,10295.0,486.0
2021-01-05 09:43:57.230,0.4167,0.4169,14.0,0.4154,14.0,10295.0,486.0
2021-01-05 09:43:57.650,0.4167,0.4169,14.0,0.4155,1.0,10295.0,486.0
2021-01-05 09:43:58.181,0.4167,0.4169,14.0,0.4155,1.0,10295.0,486.0
2021-01-05 09:43:58.711,0.4167,0.4169,14.0,0.4156,14.0,10295.0,486.0
2021-01-05 09:43:59.170,0.4167,0.4169,14.0,0.4156,14.0,10295.0,486.0
2021-01-05 09:44:00.131,0.4167,0.4168,1.0,0.4152,16.0,10295.0,486.0
2021-01-05 09:44:00.701,0.4167,0.4168,1.0,0.415,10.0,10295.0,486.0
