,last,ask1,asize1,bid1,bsize1,oi,volume
2021-01-05 09:25:00.080,,0.7852,1.0,0.74,1.0,1330.0,
2021-01-05 09:30:00.451,,0.7864,1.0,0.74,21.0,1330.0,
2021-01-05 09:30:00.991,,0.7473,20.0,0.74,1.0,1330.0,
2021-01-05 09:30:01.481,,0.7473,20.0,0.74,1.0,1330.0,
2021-01-05 09:30:01.990,0.74,0.7439,20.0,0.736,20.0,1330.0,1.0
2021-01-05 09:30:02.501,0.7439,0.7429,20.0,0.7316,20.0,1330.0,4.0
2021-01-05 09:30:03.471,0.7439,0.745,20.0,0.7337,20.0,1330.0,4.0
2021-01-05 09:30:04.430,0.744,0.744,19.0,0.7327,20.0,1330.0,6.0
2021-01-05 09:30:05.010,0.744,0.7431,20.0,0.7316,20.0,1330.0,6.0
2021-01-05 09:30:05.990,0.744,0.7431,20.0,0.72,1.0,1330.0,6.0
2021-01-05 09:30:06.480,0.744,0.7412,20.0,0.7299,20.0,1330.0,6.0
2021-01-05 09:30:06.971,0.744,0.7398,20.0,0.7285,20.0,1330.0,6.0
2021-01-05 09:30:08.001,0.7389,0.7389,17.0,0.7276,20.0,1330.0,9.0
2021-01-05 09:30:08.520,0.7389,0.7389,20.0,0.7276,20.0,1330.0,12.0
2021-01-05 09:30:08.960,0.7389,0.7389,17.0,0.7276,20.0,1330.0,15.0
2021-01-05 09:30:09.490,0.7389,0.7389,19.0,0.7276,20.0,1330.0,16.0
2021-01-05 09:30:09.970,0.7389,0.7389,20.0,0.7276,20.0,1330.0,18.0
2021-01-05 09:30:11.000,0.7389,0.7389,15.0,0.7276,20.0,1332.0,23.0
2021-01-05 09:30:11.521,0.7389,0.7379,20.0,0.7266,20.0,1332.0,26.0
2021-01-05 09:30:13.000,0.7389,0.7395,20.0,0.7282,20.0,1332.0,26.0
2021-01-05 09:30:15.040,0.7389,0.7403,20.0,0.729,20.0,1332.0,26.0
2021-01-05 09:30:15.991,0.7389,0.7403,20.0,0.729,20.0,1332.0,26.0
2021-01-05 09:30:17.021,0.7389,0.7413,20.0,0.73,20.0,1332.0,26.0
2021-01-05 09:30:17.641,0.7389,0.7413,20.0,0.73,20.0,1332.0,26.0
2021-01-05 09:30:18.231,0.7389,0.7413,20.0,0.7314,20.0,1332.0,26.0
2021-01-05 09:30:19.251,0.7389,0.7427,20.0,0.7314,20.0,1332.0,26.0
2021-01-05 09:30:19.751,0.7389,0.7435,20.0,0.7322,20.0,1332.0,26.0
2021-01-05 09:30:20.740,0.7389,0.7435,20.0,0.7314,20.0,1332.0,26.0
2021-01-05 09:30:21.241,0.7389,0.7424,20.0,0.7314,20.0,1332.0,26.0
2021-01-05 09:30:21.741,0.7389,0.7435,20.0,0.7314,20.0,1332.0,26.0
2021-01-05 09:30:22.240,0.7389,0.7418,20.0,0.7305,20.0,1332.0,26.0
2021-01-05 09:30:24.140,0.7389,0.7408,20.0,0.7295,20.0,1332.0,26.0
2021-01-05 09:30:24.661,0.7389,0.7408,20.0,0.7295,20.0,1332.0,26.0
2021-01-05 09:30:25.160,0.7389,0.7408,20.0,0.7295,20.0,1332.0,26.0
2021-01-05 09:30:25.671,0.7389,0.7398,20.0,0.7285,20.0,1332.0,26.0
2021-01-05 09:30:30.171,0.7389,0.7398,20.0,0.7285,20.0,1332.0,26.0
2021-01-05 09:30:30.620,0.7389,0.7408,20.0,0.7296,20.0,1332.0,26.0
2021-01-05 09:30:31.631,0.7389,0.7408,20.0,0.7296,20.0,1332.0,26.0
2021-01-05 09:30:32.631,0.7389,0.7408,20.0,0.7309,20.0,1332.0,26.0
2021-01-05 09:30:33.171,0.7389,0.7408,20.0,0.7309,20.0,1332.0,26.0
2021-01-05 09:30:33.651,0.7389,0.7408,20.0,0.7309,20.0,1332.0,26.0
2021-01-05 09:30:34.191,0.7389,0.7408,20.0,0.7309,20.0,1332.0,26.0
2021-01-05 09:30:36.170,0.7389,0.7408,20.0,0.7296,20.0,1332.0,26.0
2021-01-05 09:30:36.691,0.7389,0.7408,20.0,0.7296,20.0,1332.0,26.0
2021-01-05 09:30:37.171,0.7389,0.7408,20.0,0.7306,20.0,1332.0,26.0
2021-01-05 09:30:38.141,0.7389,0.7408,20.0,0.7306,20.0,1332.0,26.0
2021-01-05 09:30:43.480,0.7389,0.7408,20.0,0.7306,20.0,1332.0,26.0
2021-01-05 09:30:44.181,0.7389,0.7408,20.0,0.7318,20.0,1332.0,26.0
2021-01-05 09:30:44.650,0.7389,0.7408,20.0,0.7318,20.0,1332.0,26.0
2021-01-05 09:30:45.161,0.7389,0.7408,20.0,0.7318,20.0,1332.0,26.0
2021-01-05 09:30:47.691,0.7389,0.7408,20.0,0.7331,20.0,1332.0,26.0
2021-01-05 09:30:48.711,0.7389,0.7408,20.0,0.7331,30.0,1332.0,26.0
2021-01-05 09:30:49.210,0.7389,0.7408,20.0,0.7331,20.0,1332.0,26.0
2021-01-05 09:30:50.171,0.7389,0.7408,20.0,0.7331,20.0,1332.0,26.0
2021-01-05 09:30:52.651,0.7389,0.7408,20.0,0.7331,20.0,1332.0,26.0
2021-01-05 09:30:55.081,0.7389,0.7408,20.0,0.734,20.0,1332.0,26.0
2021-01-05 09:30:55.671,0.7389,0.7408,20.0,0.734,20.0,1332.0,26.0
2021-01-05 09:30:56.170,0.7389,0.7408,20.0,0.734,20.0,1332.0,26.0
2021-01-05 09:30:58.140,0.7389,0.7408,20.0,0.7331,20.0,1332.0,26.0
2021-01-05 09:30:59.171,0.7389,0.7408,20.0,0.7331,20.0,1332.0,26.0
2021-01-05 09:30:59.640,0.7389,0.7408,20.0,0.7331,20.0,1332.0,26.0
2021-01-05 09:31:00.161,0.7389,0.7408,20.0,0.7321,20.0,1332.0,26.0
2021-01-05 09:31:00.681,0.7389,0.7408,20.0,0.7333,20.0,1332.0,26.0
2021-01-05 09:31:01.150,0.7389,0.7408,20.0,0.7321,20.0,1332.0,26.0
2021-01-05 09:31:01.680,0.7389,0.7408,20.0,0.7321,20.0,1332.0,26.0
2021-01-05 09:31:02.170,0.7389,0.7408,20.0,0.7305,20.0,1332.0,26.0
2021-01-05 09:31:02.681,0.7389,0.7408,20.0,0.7314,20.0,1332.0,26.0
2021-01-05 09:31:03.131,0.7389,0.7408,20.0,0.7314,20.0,1332.0,26.0
2021-01-05 09:31:03.680,0.7389,0.7408,20.0,0.7305,20.0,1332.0,26.0
2021-01-05 09:31:04.181,0.7389,0.7408,20.0,0.7305,20.0,1332.0,26.0
2021-01-05 09:31:04.671,0.7389,0.7408,20.0,0.7305,20.0,1332.0,26.0
2021-01-05 09:31:06.681,0.7389,0.7408,20.0,0.7318,20.0,1332.0,26.0
2021-01-05 09:31:07.190,0.7389,0.7408,20.0,0.7318,20.0,1332.0,26.0
2021-01-05 09:31:07.670,0.7389,0.7408,20.0,0.7318,20.0,1332.0,26.0
2021-01-05 09:31:08.650,0.7389,0.7411,10.0,0.733,20.0,1332.0,26.0
2021-01-05 09:31:09.101,0.7389,0.7411,10.0,0.7318,20.0,1332.0,26.0
2021-01-05 09:31:09.701,0.7389,0.7411,10.0,0.7318,20.0,1332.0,26.0
2021-01-05 09:31:10.690,0.7389,0.7411,10.0,0.7326,20.0,1332.0,26.0
2021-01-05 09:31:11.170,0.7389,0.7411,10.0,0.7326,20.0,1332.0,26.0
2021-01-05 09:31:11.701,0.7389,0.7411,10.0,0.733,4.0,1332.0,26.0
2021-01-05 09:31:12.190,0.7389,0.7411,10.0,0.733,4.0,1332.0,26.0
2021-01-05 09:31:12.621,0.7389,0.7411,20.0,0.733,4.0,1332.0,26.0
2021-01-05 09:31:15.710,0.7389,0.7411,20.0,0.733,4.0,1332.0,26.0
2021-01-05 09:31:18.720,0.7389,0.7411,10.0,0.733,4.0,1332.0,26.0
2021-01-05 09:31:19.150,0.7389,0.7411,10.0,0.733,4.0,1332.0,26.0
2021-01-05 09:31:19.721,0.7389,0.7411,10.0,0.733,4.0,1332.0,26.0
2021-01-05 09:31:20.171,0.7389,0.7411,30.0,0.733,4.0,1332.0,26.0
2021-01-05 09:31:20.701,0.7389,0.7411,30.0,0.7337,20.0,1332.0,26.0
2021-01-05 09:31:21.221,0.7389,0.7411,30.0,0.733,4.0,1332.0,26.0
2021-01-05 09:31:21.671,0.7389,0.7411,30.0,0.733,4.0,1332.0,26.0
2021-01-05 09:31:23.171,0.7389,0.7411,30.0,0.733,4.0,1332.0,26.0
2021-01-05 09:31:23.640,0.7389,0.7378,10.0,0.733,4.0,1332.0,26.0
2021-01-05 09:31:24.610,0.7389,0.7378,10.0,0.733,4.0,1332.0,26.0
2021-01-05 09:31:29.641,0.7389,0.7378,10.0,0.733,4.0,1332.0,26.0
2021-01-05 09:31:30.170,0.7389,0.7378,10.0,0.733,4.0,1332.0,26.0
2021-01-05 09:31:32.191,0.7389,0.7378,10.0,0.733,4.0,1332.0,26.0
2021-01-05 09:31:38.190,0.7389,0.7396,10.0,0.733,4.0,1332.0,26.0
2021-01-05 09:31:38.690,0.7389,0.7396,10.0,0.733,4.0,1332.0,26.0
2021-01-05 09:31:39.210,0.7389,0.7396,10.0,0.733,4.0,1332.0,26.0
2021-01-05 09:31:40.200,0.7389,0.7396,10.0,0.733,4.0,1332.0,26.0
2021-01-05 09:31:41.191,0.7389,0.7396,10.0,0.7331,2.0,1332.0,26.0
2021-01-05 09:31:41.691,0.7389,0.7396,10.0,0.7336,20.0,1332.0,26.0
2021-01-05 09:31:42.211,0.7389,0.7396,10.0,0.7336,30.0,1332.0,26.0
2021-01-05 09:31:43.191,0.7389,0.7407,10.0,0.7337,2.0,1332.0,26.0
2021-01-05 09:31:44.691,0.7389,0.7407,30.0,0.7337,2.0,1332.0,26.0
2021-01-05 09:31:45.170,0.7389,0.7407,30.0,0.7337,12.0,1332.0,26.0
2021-01-05 09:31:45.700,0.7389,0.7407,30.0,0.7337,12.0,1332.0,26.0
2021-01-05 09:31:46.171,0.7389,0.7407,10.0,0.7337,12.0,1332.0,26.0
2021-01-05 09:31:49.221,0.7389,0.7407,30.0,0.7337,12.0,1332.0,26.0
2021-01-05 09:31:50.191,0.7389,0.7407,20.0,0.7337,12.0,1332.0,26.0
2021-01-05 09:31:50.710,0.7389,0.7414,10.0,0.7346,20.0,1332.0,26.0
2021-01-05 09:31:51.210,0.7389,0.7414,10.0,0.7347,2.0,1332.0,26.0
2021-01-05 09:31:52.220,0.7389,0.7414,10.0,0.7347,2.0,1332.0,26.0
2021-01-05 09:31:52.621,0.7389,0.7414,10.0,0.7347,12.0,1332.0,26.0
2021-01-05 09:31:53.171,0.7389,0.7423,10.0,0.7354,20.0,1332.0,26.0
2021-01-05 09:31:53.640,0.7389,0.7424,20.0,0.7354,20.0,1332.0,26.0
2021-01-05 09:31:54.151,0.7389,0.7424,20.0,0.7368,10.0,1332.0,26.0
2021-01-05 09:31:54.681,0.7389,0.7424,20.0,0.7368,30.0,1332.0,26.0
2021-01-05 09:31:55.150,0.7389,0.7424,20.0,0.7369,2.0,1332.0,26.0
2021-01-05 09:31:55.670,0.7389,0.7424,20.0,0.7369,2.0,1332.0,26.0
2021-01-05 09:31:56.110,0.7389,0.7438,30.0,0.7369,2.0,1332.0,26.0
2021-01-05 09:31:57.171,0.7389,0.7438,30.0,0.7369,2.0,1332.0,26.0
2021-01-05 09:31:58.171,0.7389,0.7438,20.0,0.7369,2.0,1332.0,26.0
2021-01-05 09:31:59.660,0.7369,0.7438,20.0,0.737,2.0,1330.0,28.0
2021-01-05 09:32:00.150,0.7369,0.7438,20.0,0.737,2.0,1330.0,28.0
2021-01-05 09:32:01.670,0.7369,0.7438,20.0,0.7368,30.0,1330.0,28.0
2021-01-05 09:32:02.671,0.7369,0.7438,20.0,0.7368,30.0,1330.0,28.0
2021-01-05 09:32:03.180,0.7369,0.7445,20.0,0.7368,10.0,1330.0,28.0
2021-01-05 09:32:03.641,0.7369,0.7445,40.0,0.7368,30.0,1330.0,28.0
2021-01-05 09:32:04.161,0.7369,0.7445,40.0,0.7368,30.0,1330.0,28.0
2021-01-05 09:32:04.661,0.7369,0.7445,30.0,0.7368,30.0,1330.0,28.0
2021-01-05 09:32:05.141,0.7369,0.7445,30.0,0.7368,30.0,1330.0,28.0
2021-01-05 09:32:05.660,0.7369,0.7445,20.0,0.7368,20.0,1330.0,28.0
2021-01-05 09:32:06.161,0.7369,0.7445,20.0,0.7369,2.0,1330.0,28.0
2021-01-05 09:32:06.680,0.7369,0.7445,20.0,0.7369,2.0,1330.0,28.0
2021-01-05 09:32:13.171,0.7369,0.7445,20.0,0.7369,2.0,1330.0,28.0
2021-01-05 09:32:14.180,0.7369,0.7445,20.0,0.7369,2.0,1330.0,28.0
2021-01-05 09:32:16.151,0.7369,0.7445,20.0,0.737,2.0,1330.0,28.0
2021-01-05 09:32:18.130,0.7369,0.7445,20.0,0.737,2.0,1330.0,28.0
2021-01-05 09:32:18.670,0.7369,0.7445,20.0,0.737,2.0,1330.0,28.0
2021-01-05 09:32:19.640,0.7369,0.7445,20.0,0.737,2.0,1330.0,28.0
2021-01-05 09:32:21.171,0.7369,0.7445,20.0,0.7368,20.0,1330.0,28.0
2021-01-05 09:32:22.181,0.7369,0.7445,20.0,0.7368,20.0,1330.0,28.0
2021-01-05 09:32:24.160,0.7369,0.7445,20.0,0.7369,2.0,1330.0,28.0
2021-01-05 09:32:24.640,0.7369,0.7444,1.0,0.7369,2.0,1330.0,28.0
2021-01-05 09:32:26.171,0.7369,0.7445,20.0,0.7369,2.0,1330.0,28.0
2021-01-05 09:32:27.670,0.7369,0.7445,20.0,0.7369,2.0,1330.0,28.0
2021-01-05 09:32:28.630,0.7369,0.7445,20.0,0.7369,2.0,1330.0,28.0
2021-01-05 09:32:34.171,0.7369,0.7445,20.0,0.737,2.0,1330.0,28.0
2021-01-05 09:32:41.690,0.7369,0.7445,20.0,0.7378,10.0,1330.0,28.0
2021-01-05 09:32:42.700,0.7369,0.7445,20.0,0.7379,2.0,1330.0,28.0
2021-01-05 09:32:43.190,0.7369,0.7445,20.0,0.7379,2.0,1330.0,28.0
2021-01-05 09:32:43.580,0.7369,0.7445,20.0,0.7378,30.0,1330.0,28.0
2021-01-05 09:32:44.700,0.7369,0.7445,20.0,0.7378,30.0,1330.0,28.0
2021-01-05 09:32:45.580,0.7369,0.7445,20.0,0.7378,30.0,1330.0,28.0
2021-01-05 09:32:46.160,0.7369,0.7445,20.0,0.7378,30.0,1330.0,28.0
2021-01-05 09:32:49.670,0.7369,0.7454,10.0,0.7382,10.0,1330.0,28.0
2021-01-05 09:32:50.171,0.7369,0.746,10.0,0.7394,20.0,1330.0,28.0
2021-01-05 09:32:50.700,0.7369,0.746,10.0,0.7382,36.0,1330.0,28.0
2021-01-05 09:32:51.170,0.7369,0.746,10.0,0.7386,20.0,1330.0,28.0
2021-01-05 09:32:51.701,0.7369,0.7469,10.0,0.7386,20.0,1330.0,28.0
2021-01-05 09:32:52.191,0.7369,0.7469,10.0,0.7386,20.0,1330.0,28.0
2021-01-05 09:32:52.191,0.7369,0.7469,10.0,0.7386,20.0,1330.0,28.0
2021-01-05 09:32:54.671,0.7369,0.747,10.0,0.7386,20.0,1330.0,28.0
2021-01-05 09:32:55.161,0.7369,0.747,10.0,0.7386,22.0,1330.0,28.0
2021-01-05 09:32:55.670,0.7369,0.7471,30.0,0.7386,22.0,1330.0,28.0
2021-01-05 09:32:56.611,0.7369,0.7471,20.0,0.7386,22.0,1330.0,28.0
2021-01-05 09:33:03.171,0.7369,0.7446,10.0,0.7386,22.0,1330.0,28.0
2021-01-05 09:33:03.681,0.7369,0.7446,30.0,0.7386,20.0,1330.0,28.0
2021-01-05 09:33:04.140,0.7369,0.7446,20.0,0.7386,20.0,1330.0,28.0
2021-01-05 09:33:04.651,0.7369,0.7446,20.0,0.7386,20.0,1330.0,28.0
2021-01-05 09:33:05.181,0.7369,0.7454,30.0,0.7386,20.0,1330.0,28.0
2021-01-05 09:33:05.690,0.7369,0.7454,30.0,0.7373,30.0,1330.0,28.0
2021-01-05 09:33:06.681,0.7369,0.7454,30.0,0.7373,30.0,1330.0,28.0
2021-01-05 09:33:07.171,0.7369,0.7445,20.0,0.7373,20.0,1330.0,28.0
2021-01-05 09:33:07.601,0.7369,0.7452,10.0,0.7373,20.0,1330.0,28.0
2021-01-05 09:33:08.681,0.7369,0.7452,10.0,0.7374,2.0,1330.0,28.0
2021-01-05 09:33:10.180,0.7369,0.7454,30.0,0.7374,2.0,1330.0,28.0
2021-01-05 09:33:10.681,0.7369,0.7454,30.0,0.7374,2.0,1330.0,28.0
2021-01-05 09:33:14.650,0.7369,0.7454,30.0,0.7374,2.0,1330.0,28.0
2021-01-05 09:33:15.651,0.7369,0.742,10.0,0.7373,20.0,1330.0,28.0
2021-01-05 09:33:16.590,0.7369,0.742,30.0,0.7373,20.0,1330.0,28.0
2021-01-05 09:33:17.190,0.7369,0.742,30.0,0.7373,20.0,1330.0,28.0
2021-01-05 09:33:18.160,0.7369,0.742,30.0,0.7362,20.0,1330.0,28.0
2021-01-05 09:33:18.680,0.7369,0.742,30.0,0.7362,20.0,1330.0,28.0
2021-01-05 09:33:19.191,0.7369,0.742,30.0,0.7362,20.0,1330.0,28.0
2021-01-05 09:33:20.171,0.7369,0.742,30.0,0.7362,20.0,1330.0,28.0
2021-01-05 09:33:20.680,0.7369,0.742,30.0,0.7362,20.0,1330.0,28.0
2021-01-05 09:33:21.160,0.7369,0.742,30.0,0.7362,20.0,1330.0,28.0
2021-01-05 09:33:21.681,0.7369,0.742,30.0,0.7362,20.0,1330.0,28.0
2021-01-05 09:33:22.670,0.7369,0.74,10.0,0.7362,20.0,1330.0,28.0
2021-01-05 09:33:23.051,0.7369,0.74,30.0,0.7349,30.0,1330.0,28.0
2021-01-05 09:33:23.641,0.7369,0.74,30.0,0.7349,20.0,1330.0,28.0
2021-01-05 09:33:24.661,0.7369,0.74,30.0,0.7349,20.0,1330.0,28.0
2021-01-05 09:33:26.161,0.7369,0.74,30.0,0.7352,16.0,1330.0,28.0
2021-01-05 09:33:27.441,0.7369,0.7417,10.0,0.736,10.0,1330.0,28.0
2021-01-05 09:33:28.180,0.7369,0.7418,10.0,0.736,30.0,1330.0,28.0
2021-01-05 09:33:35.690,0.7369,0.7418,10.0,0.736,30.0,1330.0,28.0
2021-01-05 09:33:38.120,0.7369,0.7418,10.0,0.736,30.0,1330.0,28.0
2021-01-05 09:33:38.621,0.7369,0.7418,20.0,0.736,30.0,1330.0,28.0
2021-01-05 09:33:39.201,0.7369,0.7418,20.0,0.736,30.0,1330.0,28.0
2021-01-05 09:33:39.641,0.7369,0.7418,10.0,0.736,30.0,1330.0,28.0
2021-01-05 09:33:40.690,0.7369,0.742,20.0,0.736,20.0,1330.0,28.0
2021-01-05 09:33:41.161,0.7369,0.742,20.0,0.7352,16.0,1330.0,28.0
2021-01-05 09:33:42.640,0.7369,0.742,20.0,0.7352,16.0,1330.0,28.0
2021-01-05 09:33:43.681,0.7369,0.742,20.0,0.7352,16.0,1330.0,28.0
2021-01-05 09:33:44.110,0.7369,0.742,20.0,0.7352,16.0,1330.0,28.0
2021-01-05 09:33:44.671,0.7369,0.742,20.0,0.7352,26.0,1330.0,28.0
2021-01-05 09:33:45.660,0.7369,0.742,20.0,0.7353,2.0,1330.0,28.0
2021-01-05 09:33:47.191,0.7369,0.742,20.0,0.7353,2.0,1330.0,28.0
2021-01-05 09:33:48.171,0.7369,0.742,20.0,0.7353,2.0,1330.0,28.0
2021-01-05 09:33:50.130,0.7369,0.742,20.0,0.7364,10.0,1330.0,28.0
2021-01-05 09:33:50.670,0.7369,0.742,20.0,0.7364,30.0,1330.0,28.0
2021-01-05 09:33:51.141,0.7369,0.742,20.0,0.7364,30.0,1330.0,28.0
2021-01-05 09:33:51.581,0.7369,0.742,20.0,0.7364,30.0,1330.0,28.0
2021-01-05 09:33:55.650,0.7369,0.742,20.0,0.7364,30.0,1330.0,28.0
2021-01-05 09:33:58.170,0.7369,0.7427,16.0,0.7364,30.0,1330.0,28.0
2021-01-05 09:33:58.670,0.7369,0.7428,20.0,0.7367,16.0,1330.0,28.0
2021-01-05 09:33:59.140,0.7369,0.7434,10.0,0.7367,16.0,1330.0,28.0
2021-01-05 09:33:59.590,0.7369,0.7434,10.0,0.7367,16.0,1330.0,28.0
2021-01-05 09:34:00.191,0.7369,0.7434,10.0,0.7367,16.0,1330.0,28.0
2021-01-05 09:34:00.671,0.7369,0.7436,20.0,0.7372,20.0,1330.0,28.0
2021-01-05 09:34:01.081,0.7369,0.7436,20.0,0.7372,20.0,1330.0,28.0
2021-01-05 09:34:02.170,0.7369,0.7436,20.0,0.7367,16.0,1330.0,28.0
2021-01-05 09:34:02.671,0.7369,0.7436,20.0,0.7367,16.0,1330.0,28.0
2021-01-05 09:34:03.171,0.7369,0.7436,20.0,0.7368,2.0,1330.0,28.0
2021-01-05 09:34:05.630,0.7369,0.7436,20.0,0.7368,2.0,1330.0,28.0
2021-01-05 09:34:06.671,0.7369,0.7436,20.0,0.7396,10.0,1330.0,28.0
2021-01-05 09:34:07.130,0.7369,0.7436,20.0,0.7396,30.0,1330.0,28.0
2021-01-05 09:34:07.311,0.7369,0.7444,30.0,0.7396,30.0,1330.0,28.0
2021-01-05 09:34:08.171,0.7369,0.7444,20.0,0.7396,30.0,1330.0,28.0
2021-01-05 09:34:08.630,0.7369,0.7455,30.0,0.7396,30.0,1330.0,28.0
2021-01-05 09:34:09.670,0.7369,0.7455,30.0,0.7396,30.0,1330.0,28.0
2021-01-05 09:34:14.181,0.7369,0.7437,10.0,0.7396,20.0,1330.0,28.0
2021-01-05 09:34:14.691,0.7369,0.7437,30.0,0.7396,1.0,1330.0,28.0
2021-01-05 09:34:15.181,0.7369,0.7437,30.0,0.7396,1.0,1330.0,28.0
2021-01-05 09:34:15.681,0.7369,0.7436,1.0,0.7396,1.0,1330.0,28.0
2021-01-05 09:34:16.190,0.7369,0.7436,1.0,0.7396,1.0,1330.0,28.0
2021-01-05 09:34:16.630,0.7369,0.7437,30.0,0.7396,1.0,1330.0,28.0
2021-01-05 09:34:17.181,0.7369,0.7437,30.0,0.7396,1.0,1330.0,28.0
2021-01-05 09:34:17.690,0.7369,0.7437,30.0,0.7396,1.0,1330.0,28.0
2021-01-05 09:34:18.201,0.7369,0.7437,30.0,0.7396,1.0,1330.0,28.0
2021-01-05 09:34:19.700,0.7369,0.7437,30.0,0.7396,1.0,1330.0,28.0
2021-01-05 09:34:21.690,0.7369,0.7437,10.0,0.7396,1.0,1330.0,28.0
2021-01-05 09:34:22.151,0.7369,0.7446,20.0,0.7396,1.0,1330.0,28.0
2021-01-05 09:34:22.651,0.7369,0.7455,20.0,0.7396,1.0,1330.0,28.0
2021-01-05 09:34:24.600,0.7369,0.7455,20.0,0.7396,1.0,1330.0,28.0
2021-01-05 09:34:31.190,0.7369,0.7455,20.0,0.7396,1.0,1330.0,28.0
2021-01-05 09:34:32.150,0.7369,0.7455,20.0,0.7396,6.0,1330.0,28.0
2021-01-05 09:34:33.691,0.7369,0.7455,20.0,0.7396,6.0,1330.0,28.0
2021-01-05 09:34:34.171,0.7369,0.7455,20.0,0.7396,6.0,1330.0,28.0
2021-01-05 09:34:35.130,0.7369,0.7455,20.0,0.7397,16.0,1330.0,28.0
2021-01-05 09:34:35.691,0.7369,0.7463,30.0,0.7397,16.0,1330.0,28.0
2021-01-05 09:34:36.680,0.7369,0.7463,30.0,0.7455,5.0,1330.0,28.0
2021-01-05 09:34:37.161,0.7455,0.7463,30.0,0.7427,20.0,1330.0,33.0
2021-01-05 09:34:37.700,0.7455,0.7463,20.0,0.7416,10.0,1330.0,33.0
2021-01-05 09:34:38.171,0.7455,0.7463,20.0,0.7416,30.0,1330.0,33.0
2021-01-05 09:34:38.690,0.7455,0.7473,36.0,0.7416,30.0,1330.0,33.0
2021-01-05 09:34:39.091,0.7455,0.7473,36.0,0.7416,20.0,1330.0,33.0
2021-01-05 09:34:40.171,0.7455,0.7473,20.0,0.7416,22.0,1330.0,33.0
2021-01-05 09:34:40.271,0.7455,0.7473,20.0,0.7416,20.0,1330.0,33.0
2021-01-05 09:34:40.920,0.7455,0.7486,46.0,0.7416,22.0,1330.0,33.0
2021-01-05 09:34:41.700,0.7455,0.7486,36.0,0.7416,22.0,1330.0,33.0
2021-01-05 09:34:42.171,0.7455,0.7486,36.0,0.7416,22.0,1330.0,33.0
2021-01-05 09:34:44.151,0.7455,0.7486,36.0,0.7416,20.0,1330.0,33.0
2021-01-05 09:34:45.200,0.7455,0.7486,36.0,0.7416,26.0,1330.0,33.0
2021-01-05 09:34:45.721,0.7455,0.7486,36.0,0.7416,20.0,1330.0,33.0
2021-01-05 09:34:46.660,0.7455,0.7486,36.0,0.7416,25.0,1330.0,33.0
2021-01-05 09:34:47.181,0.7455,0.7486,36.0,0.7416,31.0,1330.0,33.0
2021-01-05 09:34:47.701,0.7455,0.7486,36.0,0.7417,2.0,1330.0,33.0
2021-01-05 09:34:48.700,0.7455,0.7486,36.0,0.7417,2.0,1330.0,33.0
2021-01-05 09:34:49.210,0.7455,0.7486,36.0,0.7417,2.0,1330.0,33.0
2021-01-05 09:34:49.701,0.7455,0.7486,36.0,0.7417,2.0,1330.0,33.0
2021-01-05 09:34:50.700,0.7455,0.7486,36.0,0.7416,25.0,1330.0,33.0
2021-01-05 09:34:51.701,0.7455,0.7486,36.0,0.7416,25.0,1330.0,33.0
2021-01-05 09:34:54.631,0.7455,0.7486,20.0,0.7437,10.0,1330.0,33.0
2021-01-05 09:34:55.161,0.7455,0.7494,30.0,0.7437,36.0,1330.0,33.0
2021-01-05 09:34:55.680,0.7455,0.7494,30.0,0.7437,30.0,1330.0,33.0
2021-01-05 09:34:56.141,0.7455,0.7494,20.0,0.7437,30.0,1330.0,33.0
2021-01-05 09:34:56.681,0.7455,0.7504,20.0,0.7457,10.0,1330.0,33.0
2021-01-05 09:34:57.130,0.7455,0.7504,20.0,0.7457,10.0,1330.0,33.0
2021-01-05 09:34:57.651,0.7455,0.7504,20.0,0.7457,30.0,1330.0,33.0
2021-01-05 09:34:58.160,0.7455,0.7504,20.0,0.7457,30.0,1330.0,33.0
2021-01-05 09:34:59.170,0.7455,0.7515,30.0,0.7457,30.0,1330.0,33.0
2021-01-05 09:34:59.660,0.7455,0.7515,30.0,0.7457,30.0,1330.0,33.0
2021-01-05 09:35:02.680,0.7455,0.7515,30.0,0.7457,10.0,1330.0,33.0
2021-01-05 09:35:03.660,0.7455,0.7495,10.0,0.7449,20.0,1330.0,33.0
2021-01-05 09:35:04.181,0.7455,0.7495,20.0,0.7449,20.0,1330.0,33.0
2021-01-05 09:35:05.180,0.7455,0.7503,36.0,0.7449,20.0,1330.0,33.0
2021-01-05 09:35:05.671,0.7455,0.7503,36.0,0.7441,10.0,1330.0,33.0
2021-01-05 09:35:06.180,0.7455,0.7503,36.0,0.744,2.0,1330.0,33.0
2021-01-05 09:35:07.131,0.7455,0.7503,20.0,0.7447,16.0,1330.0,33.0
2021-01-05 09:35:07.650,0.7455,0.7503,20.0,0.7458,16.0,1330.0,33.0
2021-01-05 09:35:08.190,0.7455,0.7512,16.0,0.7458,36.0,1330.0,33.0
2021-01-05 09:35:08.680,0.7455,0.7512,16.0,0.7458,36.0,1330.0,33.0
2021-01-05 09:35:09.191,0.7455,0.7515,20.0,0.747,16.0,1330.0,33.0
2021-01-05 09:35:09.700,0.7455,0.7515,20.0,0.747,16.0,1330.0,33.0
2021-01-05 09:35:10.180,0.7455,0.7523,20.0,0.747,36.0,1330.0,33.0
2021-01-05 09:35:10.691,0.7455,0.7523,20.0,0.747,36.0,1330.0,33.0
2021-01-05 09:35:11.160,0.7455,0.7523,20.0,0.747,36.0,1330.0,33.0
2021-01-05 09:35:11.680,0.7455,0.7523,20.0,0.747,36.0,1330.0,33.0
2021-01-05 09:35:12.101,0.7455,0.7523,20.0,0.747,42.0,1330.0,33.0
2021-01-05 09:35:12.691,0.7455,0.7523,20.0,0.747,36.0,1330.0,33.0
2021-01-05 09:35:13.640,0.7455,0.7519,10.0,0.747,16.0,1330.0,33.0
2021-01-05 09:35:14.191,0.7455,0.7508,16.0,0.746,10.0,1330.0,33.0
2021-01-05 09:35:14.700,0.7455,0.7508,16.0,0.7455,16.0,1330.0,33.0
2021-01-05 09:35:15.200,0.7455,0.7508,36.0,0.7455,16.0,1330.0,33.0
2021-01-05 09:35:15.701,0.7455,0.7508,16.0,0.7455,16.0,1330.0,33.0
2021-01-05 09:35:16.151,0.7455,0.7508,36.0,0.7456,2.0,1330.0,33.0
2021-01-05 09:35:16.681,0.7455,0.7508,36.0,0.7456,20.0,1330.0,33.0
2021-01-05 09:35:17.680,0.7455,0.7508,36.0,0.7456,20.0,1330.0,33.0
2021-01-05 09:35:18.170,0.7455,0.7508,36.0,0.7455,16.0,1330.0,33.0
2021-01-05 09:35:20.170,0.7455,0.7508,36.0,0.7455,16.0,1330.0,33.0
2021-01-05 09:35:20.690,0.7455,0.7508,36.0,0.7455,16.0,1330.0,33.0
2021-01-05 09:35:21.620,0.7455,0.7508,36.0,0.7456,2.0,1330.0,33.0
2021-01-05 09:35:22.171,0.7455,0.7508,20.0,0.7466,16.0,1330.0,33.0
2021-01-05 09:35:22.650,0.7455,0.7508,20.0,0.7466,16.0,1330.0,33.0
2021-01-05 09:35:23.151,0.7455,0.7517,10.0,0.7466,16.0,1330.0,33.0
2021-01-05 09:35:24.171,0.7455,0.7517,10.0,0.7466,16.0,1330.0,33.0
2021-01-05 09:35:25.170,0.7455,0.7517,10.0,0.7466,16.0,1330.0,33.0
2021-01-05 09:35:25.660,0.7455,0.7517,10.0,0.7466,18.0,1330.0,33.0
2021-01-05 09:35:27.641,0.7455,0.7517,10.0,0.7466,16.0,1330.0,33.0
2021-01-05 09:35:29.641,0.7455,0.7517,10.0,0.7466,16.0,1330.0,33.0
2021-01-05 09:35:30.121,0.7455,0.7517,10.0,0.7467,2.0,1330.0,33.0
2021-01-05 09:35:30.690,0.7455,0.7517,10.0,0.7467,2.0,1330.0,33.0
2021-01-05 09:35:31.700,0.7455,0.7517,10.0,0.7466,21.0,1330.0,33.0
2021-01-05 09:35:32.691,0.7455,0.7517,10.0,0.7466,21.0,1330.0,33.0
2021-01-05 09:35:34.190,0.7455,0.7517,10.0,0.7476,16.0,1330.0,33.0
2021-01-05 09:35:35.200,0.7455,0.7517,10.0,0.7476,36.0,1330.0,33.0
2021-01-05 09:35:35.690,0.7455,0.7518,20.0,0.748,10.0,1330.0,33.0
2021-01-05 09:35:36.601,0.7455,0.753,36.0,0.748,10.0,1330.0,33.0
2021-01-05 09:35:38.651,0.7455,0.753,36.0,0.748,10.0,1330.0,33.0
2021-01-05 09:35:40.191,0.7455,0.753,36.0,0.748,10.0,1330.0,33.0
2021-01-05 09:35:43.190,0.7455,0.753,36.0,0.748,12.0,1330.0,33.0
2021-01-05 09:35:43.661,0.7455,0.753,36.0,0.748,10.0,1330.0,33.0
2021-01-05 09:35:44.101,0.7455,0.753,36.0,0.748,10.0,1330.0,33.0
2021-01-05 09:35:45.071,0.7455,0.753,36.0,0.7481,2.0,1330.0,33.0
2021-01-05 09:35:45.670,0.7455,0.753,20.0,0.7489,16.0,1330.0,33.0
2021-01-05 09:35:46.170,0.7455,0.7539,30.0,0.7489,36.0,1330.0,33.0
2021-01-05 09:35:46.441,0.7455,0.7539,30.0,0.7489,36.0,1330.0,33.0
2021-01-05 09:35:47.691,0.7455,0.7539,30.0,0.749,2.0,1330.0,33.0
2021-01-05 09:35:48.181,0.7455,0.7539,20.0,0.7499,16.0,1330.0,33.0
2021-01-05 09:35:48.181,0.7455,0.7539,20.0,0.7499,16.0,1330.0,33.0
2021-01-05 09:35:49.180,0.7455,0.7553,36.0,0.7499,36.0,1330.0,33.0
2021-01-05 09:35:53.111,0.7455,0.7553,36.0,0.7499,36.0,1330.0,33.0
2021-01-05 09:35:54.161,0.7455,0.7553,36.0,0.7499,36.0,1330.0,33.0
2021-01-05 09:35:54.640,0.7455,0.7543,16.0,0.7499,20.0,1330.0,33.0
2021-01-05 09:35:55.181,0.7455,0.7536,10.0,0.7489,36.0,1330.0,33.0
2021-01-05 09:35:56.140,0.7455,0.7533,16.0,0.7489,20.0,1330.0,33.0
2021-01-05 09:35:56.690,0.7455,0.7533,16.0,0.7489,20.0,1330.0,33.0
2021-01-05 09:35:57.160,0.7455,0.7533,36.0,0.7489,20.0,1330.0,33.0
2021-01-05 09:35:57.681,0.7455,0.7533,36.0,0.7488,20.0,1330.0,33.0
2021-01-05 09:35:58.150,0.7455,0.7533,36.0,0.7479,36.0,1330.0,33.0
2021-01-05 09:35:58.701,0.7455,0.7533,36.0,0.748,2.0,1330.0,33.0
2021-01-05 09:35:59.640,0.7455,0.7533,20.0,0.749,16.0,1330.0,33.0
2021-01-05 09:36:00.611,0.7455,0.7533,20.0,0.749,36.0,1330.0,33.0
2021-01-05 09:36:01.671,0.7455,0.7533,20.0,0.749,36.0,1330.0,33.0
2021-01-05 09:36:02.170,0.7455,0.7543,36.0,0.749,36.0,1330.0,33.0
2021-01-05 09:36:02.701,0.7455,0.7543,36.0,0.749,36.0,1330.0,33.0
2021-01-05 09:36:03.150,0.7455,0.7543,36.0,0.749,36.0,1330.0,33.0
2021-01-05 09:36:04.201,0.7455,0.7533,16.0,0.7479,36.0,1330.0,33.0
2021-01-05 09:36:04.670,0.7455,0.7533,16.0,0.7487,20.0,1330.0,33.0
2021-01-05 09:36:05.150,0.7455,0.7533,36.0,0.7479,36.0,1330.0,33.0
2021-01-05 09:36:05.690,0.7455,0.7533,36.0,0.7479,36.0,1330.0,33.0
2021-01-05 09:36:06.700,0.7455,0.7532,10.0,0.7479,36.0,1330.0,33.0
2021-01-05 09:36:09.691,0.7455,0.7532,10.0,0.7479,36.0,1330.0,33.0
2021-01-05 09:36:10.160,0.7455,0.7532,10.0,0.7479,36.0,1330.0,33.0
2021-01-05 09:36:25.191,0.7455,0.7532,10.0,0.7479,36.0,1330.0,33.0
2021-01-05 09:36:25.690,0.7455,0.7532,10.0,0.7479,36.0,1330.0,33.0
2021-01-05 09:36:26.651,0.7455,0.7533,36.0,0.7479,36.0,1330.0,33.0
2021-01-05 09:36:27.160,0.7455,0.7533,36.0,0.7479,36.0,1330.0,33.0
2021-01-05 09:36:27.690,0.7455,0.7533,20.0,0.7489,16.0,1330.0,33.0
2021-01-05 09:36:28.190,0.7455,0.7533,20.0,0.7489,16.0,1330.0,33.0
2021-01-05 09:36:28.681,0.7455,0.7542,16.0,0.7489,36.0,1330.0,33.0
2021-01-05 09:36:29.171,0.7455,0.7535,20.0,0.7489,16.0,1330.0,33.0
2021-01-05 09:36:29.661,0.7455,0.7542,16.0,0.7489,36.0,1330.0,33.0
2021-01-05 09:36:30.161,0.7455,0.7542,16.0,0.7489,16.0,1330.0,33.0
2021-01-05 09:36:30.700,0.7455,0.7542,16.0,0.7489,42.0,1330.0,33.0
2021-01-05 09:36:31.181,0.7455,0.7542,16.0,0.7489,16.0,1330.0,33.0
2021-01-05 09:36:31.690,0.7455,0.7542,16.0,0.7489,36.0,1330.0,33.0
2021-01-05 09:36:32.130,0.7455,0.7542,16.0,0.7489,16.0,1330.0,33.0
2021-01-05 09:36:32.660,0.7455,0.7542,16.0,0.7489,36.0,1330.0,33.0
2021-01-05 09:36:33.200,0.7455,0.7542,16.0,0.7489,16.0,1330.0,33.0
2021-01-05 09:36:33.670,0.7455,0.7542,16.0,0.7489,36.0,1330.0,33.0
2021-01-05 09:36:34.091,0.7455,0.7542,16.0,0.7489,16.0,1330.0,33.0
2021-01-05 09:36:34.671,0.7455,0.7542,16.0,0.7489,36.0,1330.0,33.0
2021-01-05 09:36:36.700,0.7455,0.7542,16.0,0.7497,10.0,1330.0,33.0
2021-01-05 09:36:37.190,0.7455,0.7542,16.0,0.7497,30.0,1330.0,33.0
2021-01-05 09:36:40.191,0.7455,0.7542,16.0,0.7497,30.0,1330.0,33.0
2021-01-05 09:36:45.191,0.7455,0.7542,16.0,0.7498,2.0,1330.0,33.0
2021-01-05 09:36:45.631,0.7455,0.7543,20.0,0.7501,16.0,1330.0,33.0
2021-01-05 09:36:46.190,0.7455,0.7543,20.0,0.7502,2.0,1330.0,33.0
2021-01-05 09:36:46.651,0.7455,0.7555,36.0,0.7502,2.0,1330.0,33.0
2021-01-05 09:36:47.130,0.7455,0.7546,20.0,0.7515,10.0,1330.0,33.0
2021-01-05 09:36:47.660,0.7455,0.7555,36.0,0.7515,10.0,1330.0,33.0
2021-01-05 09:36:48.130,0.7455,0.7547,20.0,0.7515,30.0,1330.0,33.0
2021-01-05 09:36:48.630,0.7455,0.7555,36.0,0.7515,10.0,1330.0,33.0
2021-01-05 09:36:49.170,0.7455,0.7555,20.0,0.7515,30.0,1330.0,33.0
2021-01-05 09:36:49.700,0.7455,0.7555,20.0,0.7515,10.0,1330.0,33.0
2021-01-05 09:36:50.201,0.7455,0.7567,36.0,0.7515,30.0,1330.0,33.0
2021-01-05 09:36:53.680,0.7455,0.7567,36.0,0.7515,32.0,1330.0,33.0
2021-01-05 09:36:54.180,0.7455,0.7567,36.0,0.7515,30.0,1330.0,33.0
2021-01-05 09:36:56.141,0.7455,0.7565,10.0,0.7515,20.0,1330.0,33.0
2021-01-05 09:36:56.691,0.7455,0.7565,10.0,0.7515,20.0,1330.0,33.0
2021-01-05 09:36:58.610,0.7455,0.7565,10.0,0.7513,16.0,1330.0,33.0
2021-01-05 09:36:59.181,0.7455,0.7565,10.0,0.7513,16.0,1330.0,33.0
2021-01-05 09:37:01.640,0.7455,0.7565,10.0,0.7513,16.0,1330.0,33.0
2021-01-05 09:37:04.200,0.7455,0.7552,16.0,0.7498,16.0,1330.0,33.0
2021-01-05 09:37:04.690,0.7455,0.7552,16.0,0.7498,16.0,1330.0,33.0
2021-01-05 09:37:05.140,0.7455,0.7552,36.0,0.7498,16.0,1330.0,33.0
2021-01-05 09:37:05.701,0.7455,0.7552,36.0,0.7498,16.0,1330.0,33.0
2021-01-05 09:37:08.630,0.7455,0.7552,36.0,0.7498,38.0,1330.0,33.0
2021-01-05 09:37:09.660,0.7455,0.7552,36.0,0.75,10.0,1330.0,33.0
2021-01-05 09:37:10.140,0.7455,0.7552,36.0,0.75,10.0,1330.0,33.0
2021-01-05 09:37:10.701,0.7455,0.7552,36.0,0.75,10.0,1330.0,33.0
2021-01-05 09:37:11.201,0.7455,0.7552,36.0,0.75,10.0,1330.0,33.0
2021-01-05 09:37:13.681,0.7455,0.7552,36.0,0.75,10.0,1330.0,33.0
2021-01-05 09:37:14.651,0.7455,0.7552,36.0,0.75,30.0,1330.0,33.0
2021-01-05 09:37:15.160,0.7455,0.7552,36.0,0.75,30.0,1330.0,33.0
2021-01-05 09:37:15.700,0.7455,0.7552,36.0,0.75,30.0,1330.0,33.0
2021-01-05 09:37:16.461,0.7455,0.7552,36.0,0.75,20.0,1330.0,33.0
2021-01-05 09:37:22.030,0.7455,0.7542,16.0,0.75,20.0,1330.0,33.0
2021-01-05 09:37:23.150,0.7455,0.7542,36.0,0.7492,16.0,1330.0,33.0
2021-01-05 09:37:33.180,0.7455,0.7542,20.0,0.7503,16.0,1330.0,33.0
2021-01-05 09:37:33.701,0.7455,0.7542,20.0,0.7503,16.0,1330.0,33.0
2021-01-05 09:37:34.200,0.7455,0.7552,20.0,0.7503,16.0,1330.0,33.0
2021-01-05 09:37:34.340,0.7455,0.7552,20.0,0.7503,36.0,1330.0,33.0
2021-01-05 09:37:35.170,0.7455,0.7552,20.0,0.7503,36.0,1330.0,33.0
2021-01-05 09:37:35.650,0.7455,0.7552,20.0,0.7503,36.0,1330.0,33.0
2021-01-05 09:37:37.180,0.7455,0.7544,16.0,0.7503,20.0,1330.0,33.0
2021-01-05 09:37:37.691,0.7455,0.7544,36.0,0.7497,16.0,1330.0,33.0
2021-01-05 09:37:38.651,0.7455,0.7544,36.0,0.7497,16.0,1330.0,33.0
2021-01-05 09:37:39.170,0.7455,0.7544,36.0,0.7497,16.0,1330.0,33.0
2021-01-05 09:37:39.700,0.7455,0.7544,36.0,0.7497,16.0,1330.0,33.0
2021-01-05 09:37:40.161,0.7455,0.7535,16.0,0.7487,36.0,1330.0,33.0
2021-01-05 09:37:40.701,0.7455,0.7535,36.0,0.7487,36.0,1330.0,33.0
2021-01-05 09:37:44.651,0.7455,0.7535,36.0,0.7487,16.0,1330.0,33.0
2021-01-05 09:37:45.191,0.7455,0.7526,16.0,0.7479,36.0,1330.0,33.0
2021-01-05 09:37:45.650,0.7455,0.7526,36.0,0.7479,36.0,1330.0,33.0
2021-01-05 09:37:46.601,0.7455,0.7526,36.0,0.7479,36.0,1330.0,33.0
2021-01-05 09:37:48.201,0.7455,0.7526,20.0,0.7488,16.0,1330.0,33.0
2021-01-05 09:37:48.700,0.7455,0.7526,20.0,0.7488,16.0,1330.0,33.0
2021-01-05 09:37:51.691,0.7455,0.7526,20.0,0.7488,36.0,1330.0,33.0
2021-01-05 09:37:56.611,0.7455,0.7526,20.0,0.7488,36.0,1330.0,33.0
2021-01-05 09:37:57.170,0.7455,0.7526,20.0,0.7488,16.0,1330.0,33.0
2021-01-05 09:37:57.601,0.7455,0.7525,16.0,0.7479,20.0,1330.0,33.0
2021-01-05 09:37:59.130,0.7455,0.7525,16.0,0.7479,20.0,1330.0,33.0
2021-01-05 09:38:00.680,0.7455,0.7525,16.0,0.7479,26.0,1330.0,33.0
2021-01-05 09:38:01.180,0.7455,0.7525,16.0,0.7479,20.0,1330.0,33.0
2021-01-05 09:38:01.681,0.7455,0.7525,16.0,0.7479,26.0,1330.0,33.0
2021-01-05 09:38:03.691,0.7455,0.7525,16.0,0.7479,20.0,1330.0,33.0
2021-01-05 09:38:04.190,0.7455,0.7526,20.0,0.749,16.0,1330.0,33.0
2021-01-05 09:38:04.680,0.7455,0.7526,20.0,0.749,16.0,1330.0,33.0
2021-01-05 09:38:05.181,0.7455,0.7526,20.0,0.749,36.0,1330.0,33.0
2021-01-05 09:38:06.691,0.7455,0.7526,20.0,0.749,36.0,1330.0,33.0
2021-01-05 09:38:07.690,0.7455,0.7546,16.0,0.7499,16.0,1330.0,33.0
2021-01-05 09:38:08.151,0.7455,0.7546,36.0,0.7499,36.0,1330.0,33.0
2021-01-05 09:38:09.331,0.7455,0.7546,36.0,0.7499,42.0,1330.0,33.0
2021-01-05 09:38:10.180,0.7455,0.7546,36.0,0.7499,36.0,1330.0,33.0
2021-01-05 09:38:13.110,0.7455,0.7546,36.0,0.7499,42.0,1330.0,33.0
2021-01-05 09:38:13.690,0.7455,0.7546,36.0,0.7499,42.0,1330.0,33.0
2021-01-05 09:38:14.691,0.7455,0.7546,20.0,0.7508,16.0,1330.0,33.0
2021-01-05 09:38:15.150,0.7455,0.7555,16.0,0.7508,36.0,1330.0,33.0
2021-01-05 09:38:15.730,0.7455,0.7555,16.0,0.7508,36.0,1330.0,33.0
2021-01-05 09:38:16.210,0.7455,0.7555,16.0,0.7508,36.0,1330.0,33.0
2021-01-05 09:38:20.671,0.7455,0.7558,20.0,0.7517,16.0,1330.0,33.0
2021-01-05 09:38:21.670,0.7455,0.7564,16.0,0.7517,36.0,1330.0,33.0
2021-01-05 09:38:22.210,0.7455,0.7564,16.0,0.7517,36.0,1330.0,33.0
2021-01-05 09:38:22.661,0.7455,0.7564,16.0,0.7517,36.0,1330.0,33.0
2021-01-05 09:38:23.201,0.7455,0.7566,20.0,0.7527,16.0,1330.0,33.0
2021-01-05 09:38:23.681,0.7455,0.7566,20.0,0.7527,16.0,1330.0,33.0
2021-01-05 09:38:24.141,0.7455,0.7574,36.0,0.7527,36.0,1330.0,33.0
2021-01-05 09:38:24.690,0.7455,0.7574,36.0,0.7527,36.0,1330.0,33.0
2021-01-05 09:38:25.101,0.7455,0.7574,36.0,0.7527,36.0,1330.0,33.0
2021-01-05 09:38:25.700,0.7455,0.7574,36.0,0.7527,36.0,1330.0,33.0
2021-01-05 09:38:26.100,0.7455,0.7574,36.0,0.7527,36.0,1330.0,33.0
2021-01-05 09:38:26.601,0.7455,0.7574,36.0,0.7527,36.0,1330.0,33.0
2021-01-05 09:38:27.691,0.7455,0.7574,36.0,0.7527,36.0,1330.0,33.0
2021-01-05 09:38:28.171,0.7455,0.7574,36.0,0.7527,36.0,1330.0,33.0
2021-01-05 09:38:28.680,0.7455,0.7574,36.0,0.7527,36.0,1330.0,33.0
2021-01-05 09:38:29.191,0.7455,0.7574,36.0,0.7527,36.0,1330.0,33.0
2021-01-05 09:38:29.641,0.7455,0.7574,36.0,0.7527,36.0,1330.0,33.0
2021-01-05 09:38:30.670,0.7455,0.7574,36.0,0.7527,36.0,1330.0,33.0
2021-01-05 09:38:31.181,0.7455,0.7574,36.0,0.7527,36.0,1330.0,33.0
2021-01-05 09:38:31.700,0.7455,0.7574,36.0,0.7527,36.0,1330.0,33.0
2021-01-05 09:38:32.171,0.7455,0.7574,36.0,0.7527,36.0,1330.0,33.0
2021-01-05 09:38:32.701,0.7455,0.7574,20.0,0.7535,16.0,1330.0,33.0
2021-01-05 09:38:33.191,0.7455,0.7574,20.0,0.7535,16.0,1330.0,33.0
2021-01-05 09:38:33.700,0.7455,0.7588,20.0,0.7545,16.0,1330.0,33.0
2021-01-05 09:38:34.201,0.7455,0.7588,20.0,0.7545,36.0,1330.0,33.0
2021-01-05 09:38:35.200,0.7455,0.7588,20.0,0.7545,36.0,1330.0,33.0
2021-01-05 09:38:35.700,0.7455,0.7599,20.0,0.7556,16.0,1330.0,33.0
2021-01-05 09:38:36.180,0.7455,0.7599,20.0,0.7556,16.0,1330.0,33.0
2021-01-05 09:38:36.691,0.7455,0.7599,20.0,0.7556,36.0,1330.0,33.0
2021-01-05 09:38:37.050,0.7455,0.7599,20.0,0.7556,36.0,1330.0,33.0
2021-01-05 09:38:37.680,0.7455,0.7599,20.0,0.7556,36.0,1330.0,33.0
2021-01-05 09:38:38.161,0.7455,0.7599,20.0,0.7556,36.0,1330.0,33.0
2021-01-05 09:38:38.660,0.7455,0.7599,20.0,0.7556,36.0,1330.0,33.0
2021-01-05 09:38:39.161,0.7455,0.7609,20.0,0.7567,16.0,1330.0,33.0
2021-01-05 09:38:39.901,0.7455,0.7615,16.0,0.7567,36.0,1330.0,33.0
2021-01-05 09:38:40.591,0.7455,0.7625,16.0,0.7577,16.0,1330.0,33.0
2021-01-05 09:38:41.190,0.7455,0.7625,16.0,0.7577,36.0,1330.0,33.0
2021-01-05 09:38:41.670,0.7455,0.7625,16.0,0.7577,36.0,1330.0,33.0
2021-01-05 09:38:42.170,0.7455,0.7625,16.0,0.7577,36.0,1330.0,33.0
2021-01-05 09:38:42.700,0.7455,0.7625,16.0,0.7577,36.0,1330.0,33.0
2021-01-05 09:38:43.190,0.7455,0.7625,16.0,0.7577,36.0,1330.0,33.0
2021-01-05 09:38:43.701,0.7455,0.7625,16.0,0.7577,36.0,1330.0,33.0
2021-01-05 09:38:44.200,0.7455,0.7625,16.0,0.7577,36.0,1330.0,33.0
2021-01-05 09:38:44.690,0.7455,0.7625,16.0,0.7577,36.0,1330.0,33.0
2021-01-05 09:38:45.201,0.7455,0.7626,20.0,0.7567,20.0,1330.0,33.0
2021-01-05 09:38:45.580,0.7455,0.7616,16.0,0.7567,36.0,1330.0,33.0
2021-01-05 09:38:46.200,0.7455,0.7616,36.0,0.7567,36.0,1330.0,33.0
2021-01-05 09:38:46.631,0.7455,0.7616,36.0,0.7567,36.0,1330.0,33.0
2021-01-05 09:38:47.140,0.7455,0.7616,36.0,0.7567,36.0,1330.0,33.0
2021-01-05 09:38:47.691,0.7455,0.7616,36.0,0.7567,36.0,1330.0,33.0
2021-01-05 09:38:48.200,0.7455,0.7605,16.0,0.7564,1.0,1330.0,33.0
2021-01-05 09:38:49.130,0.7455,0.7605,36.0,0.7564,1.0,1330.0,33.0
2021-01-05 09:38:49.670,0.7455,0.7605,36.0,0.7564,1.0,1330.0,33.0
2021-01-05 09:38:50.110,0.7455,0.7605,36.0,0.7564,1.0,1330.0,33.0
2021-01-05 09:38:51.170,0.7455,0.7605,36.0,0.7564,21.0,1330.0,33.0
2021-01-05 09:38:51.691,0.7455,0.7605,16.0,0.7564,21.0,1330.0,33.0
2021-01-05 09:38:52.150,0.7455,0.7616,36.0,0.7567,16.0,1330.0,33.0
2021-01-05 09:38:52.671,0.7455,0.7616,36.0,0.7567,16.0,1330.0,33.0
2021-01-05 09:38:53.191,0.7455,0.7616,36.0,0.7567,16.0,1330.0,33.0
2021-01-05 09:38:53.620,0.7455,0.7616,36.0,0.7567,16.0,1330.0,33.0
2021-01-05 09:38:54.690,0.7455,0.7616,36.0,0.757,10.0,1330.0,33.0
2021-01-05 09:38:55.191,0.7455,0.7616,36.0,0.757,10.0,1330.0,33.0
2021-01-05 09:38:55.700,0.7455,0.7616,20.0,0.7578,16.0,1330.0,33.0
2021-01-05 09:38:56.190,0.7455,0.7625,36.0,0.7578,36.0,1330.0,33.0
2021-01-05 09:38:57.181,0.7455,0.7625,36.0,0.7578,36.0,1330.0,33.0
2021-01-05 09:38:57.640,0.7455,0.7625,36.0,0.7578,36.0,1330.0,33.0
2021-01-05 09:38:58.161,0.7455,0.7625,36.0,0.7578,36.0,1330.0,33.0
2021-01-05 09:38:58.670,0.7455,0.7614,16.0,0.7568,16.0,1330.0,33.0
2021-01-05 09:38:59.060,0.7455,0.7614,36.0,0.7568,16.0,1330.0,33.0
2021-01-05 09:38:59.700,0.7455,0.7614,36.0,0.7568,16.0,1330.0,33.0
2021-01-05 09:39:00.660,0.7455,0.7614,36.0,0.7568,16.0,1330.0,33.0
2021-01-05 09:39:01.160,0.7455,0.7614,36.0,0.7568,16.0,1330.0,33.0
2021-01-05 09:39:02.201,0.7455,0.7614,36.0,0.7568,16.0,1330.0,33.0
2021-01-05 09:39:02.660,0.7455,0.7614,36.0,0.7568,16.0,1330.0,33.0
2021-01-05 09:39:03.150,0.7455,0.7614,36.0,0.7568,16.0,1330.0,33.0
2021-01-05 09:39:04.161,0.7455,0.7614,36.0,0.7568,16.0,1330.0,33.0
2021-01-05 09:39:04.610,0.7455,0.7614,36.0,0.7568,16.0,1330.0,33.0
2021-01-05 09:39:05.211,0.7455,0.7614,36.0,0.7568,16.0,1330.0,33.0
2021-01-05 09:39:06.650,0.7455,0.7614,36.0,0.7568,16.0,1330.0,33.0
2021-01-05 09:39:07.200,0.7455,0.7614,36.0,0.7568,16.0,1330.0,33.0
2021-01-05 09:39:08.131,0.7455,0.7614,36.0,0.7568,16.0,1330.0,33.0
2021-01-05 09:39:08.690,0.7455,0.7614,36.0,0.7568,16.0,1330.0,33.0
2021-01-05 09:39:09.161,0.7455,0.7614,36.0,0.7568,16.0,1330.0,33.0
2021-01-05 09:39:09.601,0.7455,0.7614,36.0,0.7568,16.0,1330.0,33.0
2021-01-05 09:39:10.191,0.7455,0.7614,36.0,0.7568,16.0,1330.0,33.0
2021-01-05 09:39:10.721,0.7455,0.7614,36.0,0.7568,16.0,1330.0,33.0
2021-01-05 09:39:11.201,0.7455,0.7614,36.0,0.7568,16.0,1330.0,33.0
2021-01-05 09:39:11.701,0.7455,0.7614,36.0,0.7568,16.0,1330.0,33.0
2021-01-05 09:39:12.220,0.7455,0.7614,36.0,0.7568,16.0,1330.0,33.0
2021-01-05 09:39:12.690,0.7455,0.7614,36.0,0.7568,16.0,1330.0,33.0
2021-01-05 09:39:13.720,0.7455,0.7614,36.0,0.7568,16.0,1330.0,33.0
2021-01-05 09:39:14.160,0.7455,0.7614,36.0,0.7568,16.0,1330.0,33.0
2021-01-05 09:39:15.220,0.7455,0.7614,20.0,0.7578,16.0,1330.0,33.0
2021-01-05 09:39:15.720,0.7455,0.7614,20.0,0.7578,16.0,1330.0,33.0
2021-01-05 09:39:16.121,0.7455,0.7624,16.0,0.7578,36.0,1330.0,33.0
2021-01-05 09:39:16.711,0.7455,0.7624,16.0,0.7578,16.0,1330.0,33.0
2021-01-05 09:39:17.191,0.7455,0.7624,16.0,0.7578,36.0,1330.0,33.0
2021-01-05 09:39:17.650,0.7455,0.7624,16.0,0.7578,36.0,1330.0,33.0
2021-01-05 09:39:18.221,0.7455,0.7624,16.0,0.7578,36.0,1330.0,33.0
2021-01-05 09:39:19.710,0.7455,0.7624,16.0,0.7578,36.0,1330.0,33.0
2021-01-05 09:39:20.221,0.7455,0.7624,16.0,0.7578,36.0,1330.0,33.0
2021-01-05 09:39:20.741,0.7455,0.7624,16.0,0.7578,36.0,1330.0,33.0
2021-01-05 09:39:21.231,0.7455,0.7624,16.0,0.7578,36.0,1330.0,33.0
2021-01-05 09:39:21.671,0.7455,0.7624,16.0,0.7578,36.0,1330.0,33.0
2021-01-05 09:39:22.651,0.7455,0.7624,16.0,0.7578,36.0,1330.0,33.0
2021-01-05 09:39:23.200,0.7455,0.7624,16.0,0.7578,36.0,1330.0,33.0
2021-01-05 09:39:23.710,0.7455,0.7624,16.0,0.7578,36.0,1330.0,33.0
2021-01-05 09:39:24.151,0.7455,0.7624,16.0,0.7578,36.0,1330.0,33.0
2021-01-05 09:39:25.700,0.7455,0.7624,16.0,0.7578,36.0,1330.0,33.0
2021-01-05 09:39:26.130,0.7455,0.7624,16.0,0.7578,36.0,1330.0,33.0
2021-01-05 09:39:27.210,0.7455,0.7624,16.0,0.7578,36.0,1330.0,33.0
2021-01-05 09:39:27.711,0.7455,0.7624,16.0,0.7578,36.0,1330.0,33.0
2021-01-05 09:39:28.220,0.7455,0.7624,16.0,0.7578,36.0,1330.0,33.0
2021-01-05 09:39:29.231,0.7455,0.7624,16.0,0.7578,36.0,1330.0,33.0
2021-01-05 09:39:29.721,0.7455,0.7624,16.0,0.7578,36.0,1330.0,33.0
2021-01-05 09:39:30.220,0.7455,0.7624,16.0,0.7578,36.0,1330.0,33.0
2021-01-05 09:39:30.721,0.7455,0.7624,16.0,0.7578,36.0,1330.0,33.0
2021-01-05 09:39:31.121,0.7455,0.7624,16.0,0.7578,36.0,1330.0,33.0
2021-01-05 09:39:31.701,0.7455,0.7624,16.0,0.7578,36.0,1330.0,33.0
2021-01-05 09:39:32.700,0.7455,0.7624,16.0,0.7578,36.0,1330.0,33.0
2021-01-05 09:39:34.210,0.7455,0.7624,16.0,0.7578,36.0,1330.0,33.0
2021-01-05 09:39:34.681,0.7455,0.7624,16.0,0.7578,36.0,1330.0,33.0
2021-01-05 09:39:35.701,0.7455,0.7624,16.0,0.7578,36.0,1330.0,33.0
2021-01-05 09:39:36.231,0.7455,0.7624,16.0,0.7578,36.0,1330.0,33.0
2021-01-05 09:39:37.221,0.7455,0.7624,16.0,0.7578,36.0,1330.0,33.0
2021-01-05 09:39:39.241,0.7455,0.7624,16.0,0.7578,36.0,1330.0,33.0
2021-01-05 09:39:41.220,0.7455,0.7615,16.0,0.7568,16.0,1330.0,33.0
2021-01-05 09:39:41.750,0.7455,0.7615,36.0,0.7568,16.0,1330.0,33.0
2021-01-05 09:39:42.210,0.7455,0.7615,36.0,0.7568,16.0,1330.0,33.0
2021-01-05 09:39:42.740,0.7455,0.7615,36.0,0.7568,16.0,1330.0,33.0
2021-01-05 09:39:43.191,0.7455,0.7615,36.0,0.7568,16.0,1330.0,33.0
2021-01-05 09:39:43.660,0.7455,0.7615,36.0,0.7568,16.0,1330.0,33.0
2021-01-05 09:39:44.231,0.7455,0.7615,36.0,0.7568,16.0,1330.0,33.0
2021-01-05 09:39:45.251,0.7455,0.7615,36.0,0.7568,16.0,1330.0,33.0
2021-01-05 09:39:45.750,0.7455,0.7615,36.0,0.7568,16.0,1330.0,33.0
2021-01-05 09:39:46.190,0.7455,0.7615,36.0,0.7568,16.0,1330.0,33.0
2021-01-05 09:39:46.711,0.7455,0.7615,20.0,0.7578,16.0,1330.0,33.0
2021-01-05 09:39:47.250,0.7455,0.7615,20.0,0.7578,16.0,1330.0,33.0
2021-01-05 09:39:47.731,0.7455,0.7624,16.0,0.7578,16.0,1330.0,33.0
2021-01-05 09:39:48.221,0.7455,0.7624,16.0,0.7578,16.0,1330.0,33.0
2021-01-05 09:39:48.711,0.7455,0.7624,16.0,0.7578,16.0,1330.0,33.0
2021-01-05 09:39:49.241,0.7455,0.7624,16.0,0.7578,16.0,1330.0,33.0
2021-01-05 09:39:49.711,0.7455,0.7624,16.0,0.7578,16.0,1330.0,33.0
2021-01-05 09:39:50.180,0.7455,0.7624,16.0,0.7578,16.0,1330.0,33.0
2021-01-05 09:39:50.710,0.7455,0.7624,16.0,0.7578,16.0,1330.0,33.0
2021-01-05 09:39:51.241,0.7455,0.7625,20.0,0.7589,16.0,1330.0,33.0
2021-01-05 09:39:51.730,0.7455,0.7635,46.0,0.7589,16.0,1330.0,33.0
2021-01-05 09:39:52.251,0.7455,0.7635,46.0,0.7589,16.0,1330.0,33.0
2021-01-05 09:39:52.670,0.7455,0.7635,46.0,0.7589,16.0,1330.0,33.0
2021-01-05 09:39:53.630,0.7455,0.7616,10.0,0.7589,16.0,1330.0,33.0
2021-01-05 09:39:54.191,0.7455,0.7616,30.0,0.7589,16.0,1330.0,33.0
2021-01-05 09:39:55.181,0.7455,0.7616,30.0,0.7589,16.0,1330.0,33.0
2021-01-05 09:39:55.640,0.7455,0.7616,30.0,0.7589,16.0,1330.0,33.0
2021-01-05 09:39:56.120,0.7455,0.7616,20.0,0.7589,16.0,1330.0,33.0
2021-01-05 09:39:56.691,0.7455,0.7635,16.0,0.7589,16.0,1330.0,33.0
2021-01-05 09:39:57.181,0.7455,0.7635,36.0,0.7589,16.0,1330.0,33.0
2021-01-05 09:39:57.580,0.7455,0.7635,36.0,0.7589,16.0,1330.0,33.0
2021-01-05 09:39:58.201,0.7455,0.7635,36.0,0.7589,16.0,1330.0,33.0
2021-01-05 09:39:58.600,0.7455,0.7635,36.0,0.7589,16.0,1330.0,33.0
2021-01-05 09:40:00.631,0.7455,0.7635,36.0,0.7589,16.0,1330.0,33.0
2021-01-05 09:40:01.201,0.7455,0.7635,36.0,0.7589,16.0,1330.0,33.0
2021-01-05 09:40:01.570,0.7455,0.7625,16.0,0.7578,16.0,1330.0,33.0
2021-01-05 09:40:02.200,0.7455,0.7614,10.0,0.7578,16.0,1330.0,33.0
2021-01-05 09:40:02.671,0.7455,0.7614,10.0,0.7578,16.0,1330.0,33.0
2021-01-05 09:40:03.171,0.7455,0.7614,30.0,0.7578,16.0,1330.0,33.0
2021-01-05 09:40:03.691,0.7455,0.7614,30.0,0.7578,16.0,1330.0,33.0
2021-01-05 09:40:04.160,0.7455,0.7614,30.0,0.7578,16.0,1330.0,33.0
2021-01-05 09:40:04.700,0.7455,0.7614,30.0,0.7578,16.0,1330.0,33.0
2021-01-05 09:40:06.200,0.7455,0.7614,30.0,0.7578,16.0,1330.0,33.0
2021-01-05 09:40:06.701,0.7455,0.7614,30.0,0.7572,20.0,1330.0,33.0
2021-01-05 09:40:08.200,0.7455,0.7614,30.0,0.7572,20.0,1330.0,33.0
2021-01-05 09:40:09.191,0.7455,0.7606,16.0,0.7564,1.0,1330.0,33.0
2021-01-05 09:40:10.150,0.7455,0.7606,36.0,0.7564,1.0,1330.0,33.0
2021-01-05 09:40:10.680,0.7455,0.7606,36.0,0.7564,1.0,1330.0,33.0
2021-01-05 09:40:11.170,0.7455,0.7606,36.0,0.7564,1.0,1330.0,33.0
2021-01-05 09:40:11.671,0.7455,0.7606,36.0,0.7564,1.0,1330.0,33.0
2021-01-05 09:40:12.190,0.7455,0.7606,36.0,0.7564,1.0,1330.0,33.0
2021-01-05 09:40:12.680,0.7455,0.7606,36.0,0.7564,1.0,1330.0,33.0
2021-01-05 09:40:13.170,0.7455,0.7606,36.0,0.7564,1.0,1330.0,33.0
2021-01-05 09:40:13.400,0.7455,0.7606,36.0,0.7564,1.0,1330.0,33.0
2021-01-05 09:40:14.150,0.7455,0.7597,16.0,0.7564,1.0,1330.0,33.0
2021-01-05 09:40:14.701,0.7455,0.7597,16.0,0.7564,1.0,1330.0,33.0
2021-01-05 09:40:15.120,0.7455,0.7597,36.0,0.7564,1.0,1330.0,33.0
2021-01-05 09:40:15.690,0.7455,0.7597,36.0,0.7564,1.0,1330.0,33.0
2021-01-05 09:40:16.610,0.7455,0.7597,36.0,0.7564,1.0,1330.0,33.0
2021-01-05 09:40:17.191,0.7455,0.759,10.0,0.7564,1.0,1330.0,33.0
2021-01-05 09:40:17.661,0.7455,0.759,10.0,0.7564,1.0,1330.0,33.0
2021-01-05 09:40:17.661,0.7455,0.759,10.0,0.7564,1.0,1330.0,33.0
2021-01-05 09:40:18.701,0.7455,0.759,10.0,0.7564,1.0,1330.0,33.0
2021-01-05 09:40:19.711,0.7455,0.759,10.0,0.7564,1.0,1330.0,33.0
2021-01-05 09:40:20.191,0.7455,0.759,10.0,0.7564,21.0,1330.0,33.0
2021-01-05 09:40:20.691,0.7455,0.759,10.0,0.7564,21.0,1330.0,33.0
2021-01-05 09:40:21.200,0.7455,0.7597,20.0,0.7564,21.0,1330.0,33.0
2021-01-05 09:40:21.701,0.7455,0.7606,36.0,0.7564,21.0,1330.0,33.0
2021-01-05 09:40:22.650,0.7455,0.7606,36.0,0.7564,21.0,1330.0,33.0
2021-01-05 09:40:24.681,0.7455,0.7606,36.0,0.7564,21.0,1330.0,33.0
2021-01-05 09:40:25.121,0.7455,0.7606,36.0,0.7564,21.0,1330.0,33.0
2021-01-05 09:40:25.570,0.7455,0.7606,36.0,0.7564,21.0,1330.0,33.0
2021-01-05 09:40:26.181,0.7455,0.7606,36.0,0.7564,21.0,1330.0,33.0
2021-01-05 09:40:26.650,0.7455,0.7606,36.0,0.7564,21.0,1330.0,33.0
2021-01-05 09:40:27.701,0.7455,0.7606,20.0,0.757,16.0,1330.0,33.0
2021-01-05 09:40:28.200,0.7455,0.7606,20.0,0.757,16.0,1330.0,33.0
2021-01-05 09:40:28.690,0.7455,0.7615,30.0,0.757,16.0,1330.0,33.0
2021-01-05 09:40:29.170,0.7455,0.7607,20.0,0.757,16.0,1330.0,33.0
2021-01-05 09:40:29.681,0.7455,0.7615,30.0,0.757,16.0,1330.0,33.0
2021-01-05 09:40:30.700,0.7455,0.7615,30.0,0.757,16.0,1330.0,33.0
2021-01-05 09:40:33.191,0.7455,0.7615,30.0,0.757,16.0,1330.0,33.0
2021-01-05 09:40:33.551,0.7455,0.7607,16.0,0.7564,21.0,1330.0,33.0
2021-01-05 09:40:34.561,0.7455,0.7607,36.0,0.7564,21.0,1330.0,33.0
2021-01-05 09:40:36.161,0.7455,0.7607,36.0,0.7564,21.0,1330.0,33.0
2021-01-05 09:40:36.620,0.7455,0.7607,36.0,0.7564,21.0,1330.0,33.0
2021-01-05 09:40:37.700,0.7455,0.7607,36.0,0.7564,21.0,1330.0,33.0
2021-01-05 09:40:38.130,0.7455,0.7607,36.0,0.7564,21.0,1330.0,33.0
2021-01-05 09:40:39.681,0.7455,0.7607,36.0,0.7564,21.0,1330.0,33.0
2021-01-05 09:40:40.151,0.7455,0.7607,36.0,0.7564,21.0,1330.0,33.0
2021-01-05 09:40:41.191,0.7455,0.7607,36.0,0.7564,21.0,1330.0,33.0
2021-01-05 09:40:41.640,0.7455,0.7607,36.0,0.7564,21.0,1330.0,33.0
2021-01-05 09:40:43.621,0.7455,0.7607,36.0,0.7564,21.0,1330.0,33.0
2021-01-05 09:40:44.180,0.7455,0.7607,36.0,0.7564,21.0,1330.0,33.0
2021-01-05 09:40:48.700,0.7455,0.7607,36.0,0.7564,21.0,1330.0,33.0
2021-01-05 09:40:49.111,0.7455,0.7607,36.0,0.7564,21.0,1330.0,33.0
2021-01-05 09:40:50.181,0.7455,0.7607,36.0,0.7564,21.0,1330.0,33.0
2021-01-05 09:40:53.651,0.7455,0.7607,36.0,0.7564,21.0,1330.0,33.0
2021-01-05 09:40:54.521,0.7455,0.7597,10.0,0.7564,21.0,1330.0,33.0
2021-01-05 09:40:55.111,0.7455,0.7597,30.0,0.7564,21.0,1330.0,33.0
2021-01-05 09:40:55.251,0.7455,0.7597,30.0,0.7564,21.0,1330.0,33.0
2021-01-05 09:40:56.121,0.7455,0.7597,30.0,0.7564,21.0,1330.0,33.0
2021-01-05 09:40:56.711,0.7455,0.7597,20.0,0.7564,21.0,1330.0,33.0
2021-01-05 09:40:57.180,0.7455,0.7597,20.0,0.7564,21.0,1330.0,33.0
2021-01-05 09:40:57.710,0.7455,0.7607,36.0,0.7564,21.0,1330.0,33.0
2021-01-05 09:40:58.721,0.7455,0.7607,36.0,0.7564,21.0,1330.0,33.0
2021-01-05 09:40:58.980,0.7455,0.7607,36.0,0.7564,21.0,1330.0,33.0
2021-01-05 09:40:59.721,0.7455,0.7607,36.0,0.7564,21.0,1330.0,33.0
2021-01-05 09:41:01.041,0.7455,0.7607,36.0,0.7564,21.0,1330.0,33.0
2021-01-05 09:41:01.650,0.7455,0.7607,36.0,0.7564,21.0,1330.0,33.0
2021-01-05 09:41:02.661,0.7455,0.7607,36.0,0.7564,21.0,1330.0,33.0
2021-01-05 09:41:03.110,0.7455,0.7607,36.0,0.7564,21.0,1330.0,33.0
2021-01-05 09:41:04.180,0.7455,0.7607,36.0,0.7564,21.0,1330.0,33.0
2021-01-05 09:41:04.680,0.7455,0.7607,36.0,0.7564,21.0,1330.0,33.0
2021-01-05 09:41:05.220,0.7455,0.7607,36.0,0.7564,21.0,1330.0,33.0
2021-01-05 09:41:05.660,0.7455,0.7607,36.0,0.7564,21.0,1330.0,33.0
2021-01-05 09:41:06.221,0.7455,0.7607,36.0,0.7564,21.0,1330.0,33.0
2021-01-05 09:41:07.100,0.7455,0.7607,36.0,0.7564,21.0,1330.0,33.0
2021-01-05 09:41:08.201,0.7455,0.7607,36.0,0.7564,21.0,1330.0,33.0
2021-01-05 09:41:08.701,0.7455,0.7607,36.0,0.7564,21.0,1330.0,33.0
2021-01-05 09:41:09.661,0.7455,0.7607,36.0,0.7564,21.0,1330.0,33.0
2021-01-05 09:41:10.220,0.7455,0.7607,36.0,0.7564,21.0,1330.0,33.0
2021-01-05 09:41:10.710,0.7455,0.7607,20.0,0.7569,16.0,1330.0,33.0
2021-01-05 09:41:11.210,0.7455,0.7607,20.0,0.7569,16.0,1330.0,33.0
2021-01-05 09:41:11.711,0.7455,0.7616,36.0,0.7569,16.0,1330.0,33.0
2021-01-05 09:41:12.151,0.7455,0.7616,36.0,0.7569,16.0,1330.0,33.0
2021-01-05 09:41:12.710,0.7455,0.7616,36.0,0.7569,16.0,1330.0,33.0
2021-01-05 09:41:13.161,0.7455,0.7616,36.0,0.7569,16.0,1330.0,33.0
2021-01-05 09:41:13.711,0.7455,0.7616,36.0,0.7569,16.0,1330.0,33.0
2021-01-05 09:41:14.160,0.7455,0.7616,36.0,0.7569,16.0,1330.0,33.0
2021-01-05 09:41:14.671,0.7455,0.7616,36.0,0.7569,16.0,1330.0,33.0
2021-01-05 09:41:15.180,0.7455,0.7616,36.0,0.7569,16.0,1330.0,33.0
2021-01-05 09:41:15.651,0.7455,0.7616,36.0,0.7569,16.0,1330.0,33.0
2021-01-05 09:41:18.200,0.7455,0.7616,36.0,0.7569,16.0,1330.0,33.0
2021-01-05 09:41:18.600,0.7455,0.7616,36.0,0.7569,16.0,1330.0,33.0
2021-01-05 09:41:19.161,0.7455,0.7616,36.0,0.7569,16.0,1330.0,33.0
2021-01-05 09:41:20.070,0.7455,0.7616,36.0,0.7569,16.0,1330.0,33.0
2021-01-05 09:41:22.700,0.7455,0.7616,36.0,0.7569,16.0,1330.0,33.0
2021-01-05 09:41:23.061,0.7455,0.7616,36.0,0.7569,16.0,1330.0,33.0
2021-01-05 09:41:24.171,0.7455,0.7616,36.0,0.7569,16.0,1330.0,33.0
2021-01-05 09:41:25.120,0.7455,0.7616,36.0,0.7569,16.0,1330.0,33.0
2021-01-05 09:41:25.641,0.7455,0.7616,36.0,0.7569,16.0,1330.0,33.0
2021-01-05 09:41:27.131,0.7455,0.7616,36.0,0.7569,16.0,1330.0,33.0
2021-01-05 09:41:27.710,0.7455,0.7616,36.0,0.7569,16.0,1330.0,33.0
2021-01-05 09:41:28.171,0.7455,0.7616,36.0,0.7569,16.0,1330.0,33.0
2021-01-05 09:41:28.540,0.7455,0.7616,36.0,0.7569,16.0,1330.0,33.0
2021-01-05 09:41:29.690,0.7455,0.7616,36.0,0.7569,16.0,1330.0,33.0
2021-01-05 09:41:32.670,0.7455,0.7616,36.0,0.7569,16.0,1330.0,33.0
2021-01-05 09:41:33.171,0.7455,0.7616,36.0,0.7569,16.0,1330.0,33.0
2021-01-05 09:41:33.680,0.7455,0.7616,36.0,0.7569,16.0,1330.0,33.0
2021-01-05 09:41:34.120,0.7455,0.7616,36.0,0.7569,16.0,1330.0,33.0
2021-01-05 09:41:35.221,0.7455,0.7616,36.0,0.7569,16.0,1330.0,33.0
2021-01-05 09:41:35.721,0.7455,0.7616,36.0,0.7569,16.0,1330.0,33.0
2021-01-05 09:41:36.070,0.7455,0.7616,20.0,0.7581,16.0,1330.0,33.0
2021-01-05 09:41:36.720,0.7455,0.7627,16.0,0.7581,36.0,1330.0,33.0
2021-01-05 09:41:37.210,0.7455,0.7627,16.0,0.7581,36.0,1330.0,33.0
2021-01-05 09:41:37.711,0.7455,0.7627,16.0,0.7583,10.0,1330.0,33.0
2021-01-05 09:41:38.220,0.7455,0.7627,16.0,0.7583,10.0,1330.0,33.0
2021-01-05 09:41:38.710,0.7455,0.7627,16.0,0.7583,10.0,1330.0,33.0
2021-01-05 09:41:41.130,0.7455,0.7627,16.0,0.7583,10.0,1330.0,33.0
2021-01-05 09:41:41.730,0.7455,0.7627,16.0,0.7583,10.0,1330.0,33.0
2021-01-05 09:41:42.700,0.7455,0.7627,16.0,0.7583,10.0,1330.0,33.0
2021-01-05 09:41:43.080,0.7455,0.7627,16.0,0.7583,10.0,1330.0,33.0
2021-01-05 09:41:44.671,0.7455,0.7627,16.0,0.7583,10.0,1330.0,33.0
2021-01-05 09:41:45.190,0.7455,0.7627,16.0,0.7583,10.0,1330.0,33.0
2021-01-05 09:41:45.701,0.7455,0.7627,16.0,0.7583,10.0,1330.0,33.0
2021-01-05 09:41:46.241,0.7455,0.7627,16.0,0.7583,10.0,1330.0,33.0
2021-01-05 09:41:46.661,0.7455,0.7624,10.0,0.7581,36.0,1330.0,33.0
2021-01-05 09:41:47.201,0.7455,0.7627,16.0,0.7581,36.0,1330.0,33.0
2021-01-05 09:41:48.181,0.7455,0.7627,16.0,0.7581,36.0,1330.0,33.0
2021-01-05 09:41:49.191,0.7455,0.7627,16.0,0.7581,36.0,1330.0,33.0
2021-01-05 09:41:49.750,0.7455,0.7627,16.0,0.7581,36.0,1330.0,33.0
2021-01-05 09:41:50.231,0.7455,0.7627,16.0,0.7581,36.0,1330.0,33.0
2021-01-05 09:41:51.251,0.7455,0.7627,16.0,0.7581,36.0,1330.0,33.0
2021-01-05 09:41:52.261,0.7455,0.7627,16.0,0.7581,36.0,1330.0,33.0
2021-01-05 09:41:52.690,0.7455,0.7631,20.0,0.7592,16.0,1330.0,33.0
2021-01-05 09:41:53.151,0.7455,0.7639,16.0,0.7592,36.0,1330.0,33.0
2021-01-05 09:41:54.161,0.7455,0.7639,16.0,0.7592,36.0,1330.0,33.0
2021-01-05 09:41:55.160,0.7455,0.7639,16.0,0.7592,36.0,1330.0,33.0
2021-01-05 09:41:55.671,0.7455,0.7639,16.0,0.7592,36.0,1330.0,33.0
2021-01-05 09:41:56.151,0.7455,0.7639,16.0,0.7592,46.0,1330.0,33.0
2021-01-05 09:41:56.680,0.7455,0.7639,16.0,0.7592,46.0,1330.0,33.0
2021-01-05 09:41:57.110,0.7455,0.7639,16.0,0.7592,46.0,1330.0,33.0
2021-01-05 09:41:57.640,0.7455,0.7639,16.0,0.7592,46.0,1330.0,33.0
2021-01-05 09:41:58.140,0.7455,0.7639,16.0,0.7592,46.0,1330.0,33.0
2021-01-05 09:41:58.660,0.7455,0.7639,16.0,0.7592,46.0,1330.0,33.0
2021-01-05 09:41:59.131,0.7455,0.7639,16.0,0.7592,46.0,1330.0,33.0
2021-01-05 09:41:59.700,0.7455,0.7639,16.0,0.7592,46.0,1330.0,33.0
2021-01-05 09:42:00.151,0.7455,0.7639,16.0,0.7592,46.0,1330.0,33.0
2021-01-05 09:42:00.701,0.7455,0.7639,16.0,0.7592,46.0,1330.0,33.0
2021-01-05 09:42:01.651,0.7455,0.7639,16.0,0.7592,46.0,1330.0,33.0
2021-01-05 09:42:02.201,0.7455,0.7639,16.0,0.7592,46.0,1330.0,33.0
2021-01-05 09:42:02.641,0.7455,0.7648,16.0,0.7601,16.0,1330.0,33.0
2021-01-05 09:42:03.690,0.7455,0.7648,16.0,0.7601,36.0,1330.0,33.0
2021-01-05 09:42:04.500,0.7455,0.7648,16.0,0.7601,36.0,1330.0,33.0
2021-01-05 09:42:05.211,0.7455,0.7648,16.0,0.7601,36.0,1330.0,33.0
2021-01-05 09:42:06.181,0.7455,0.7648,16.0,0.7601,36.0,1330.0,33.0
2021-01-05 09:42:06.690,0.7455,0.7648,16.0,0.7601,36.0,1330.0,33.0
2021-01-05 09:42:09.230,0.7455,0.7648,16.0,0.7601,36.0,1330.0,33.0
2021-01-05 09:42:10.220,0.7455,0.7648,16.0,0.7601,36.0,1330.0,33.0
2021-01-05 09:42:11.211,0.7455,0.7648,16.0,0.7601,36.0,1330.0,33.0
2021-01-05 09:42:11.651,0.7455,0.765,20.0,0.761,16.0,1330.0,33.0
2021-01-05 09:42:12.210,0.7455,0.765,20.0,0.761,36.0,1330.0,33.0
2021-01-05 09:42:13.211,0.7455,0.765,20.0,0.761,36.0,1330.0,33.0
2021-01-05 09:42:13.731,0.7455,0.765,20.0,0.761,36.0,1330.0,33.0
2021-01-05 09:42:15.170,0.7455,0.765,20.0,0.761,36.0,1330.0,33.0
2021-01-05 09:42:16.181,0.7455,0.765,20.0,0.761,36.0,1330.0,33.0
2021-01-05 09:42:16.701,0.7455,0.765,20.0,0.761,36.0,1330.0,33.0
2021-01-05 09:42:17.241,0.7455,0.765,20.0,0.761,36.0,1330.0,33.0
2021-01-05 09:42:18.701,0.7455,0.765,20.0,0.761,36.0,1330.0,33.0
2021-01-05 09:42:20.150,0.7455,0.765,20.0,0.761,36.0,1330.0,33.0
2021-01-05 09:42:21.621,0.7455,0.765,20.0,0.761,36.0,1330.0,33.0
2021-01-05 09:42:22.221,0.7455,0.765,20.0,0.761,36.0,1330.0,33.0
2021-01-05 09:42:23.631,0.7455,0.765,20.0,0.761,36.0,1330.0,33.0
2021-01-05 09:42:24.151,0.7455,0.765,20.0,0.761,36.0,1330.0,33.0
2021-01-05 09:42:24.670,0.7455,0.765,20.0,0.761,36.0,1330.0,33.0
2021-01-05 09:42:25.621,0.7455,0.765,20.0,0.761,36.0,1330.0,33.0
2021-01-05 09:42:26.130,0.7455,0.765,20.0,0.761,36.0,1330.0,33.0
2021-01-05 09:42:27.171,0.7455,0.765,20.0,0.761,36.0,1330.0,33.0
2021-01-05 09:42:29.720,0.7455,0.765,20.0,0.761,36.0,1330.0,33.0
2021-01-05 09:42:30.710,0.7455,0.765,20.0,0.761,36.0,1330.0,33.0
2021-01-05 09:42:31.200,0.7455,0.765,20.0,0.761,36.0,1330.0,33.0
2021-01-05 09:42:33.230,0.7455,0.765,20.0,0.761,36.0,1330.0,33.0
2021-01-05 09:42:34.210,0.7455,0.765,20.0,0.761,36.0,1330.0,33.0
2021-01-05 09:42:36.650,0.7455,0.765,20.0,0.761,36.0,1330.0,33.0
2021-01-05 09:42:37.251,0.7455,0.765,20.0,0.761,36.0,1330.0,33.0
2021-01-05 09:42:40.221,0.7455,0.765,20.0,0.761,36.0,1330.0,33.0
2021-01-05 09:42:41.731,0.7455,0.765,20.0,0.761,36.0,1330.0,33.0
2021-01-05 09:42:42.250,0.7455,0.765,20.0,0.7614,10.0,1330.0,33.0
2021-01-05 09:42:42.711,0.7455,0.765,20.0,0.7614,10.0,1330.0,33.0
2021-01-05 09:42:43.251,0.7455,0.765,20.0,0.7614,10.0,1330.0,33.0
2021-01-05 09:42:43.741,0.7455,0.765,20.0,0.7614,10.0,1330.0,33.0
2021-01-05 09:42:44.211,0.7455,0.765,20.0,0.7614,10.0,1330.0,33.0
2021-01-05 09:42:44.751,0.7455,0.7656,16.0,0.7614,10.0,1330.0,33.0
2021-01-05 09:42:45.191,0.7455,0.7656,16.0,0.761,36.0,1330.0,33.0
2021-01-05 09:42:46.240,0.7455,0.7658,20.0,0.7619,16.0,1330.0,33.0
2021-01-05 09:42:46.741,0.7455,0.7658,20.0,0.7619,16.0,1330.0,33.0
2021-01-05 09:42:47.231,0.7455,0.7658,20.0,0.7619,36.0,1330.0,33.0
2021-01-05 09:42:48.171,0.7455,0.7658,20.0,0.7619,36.0,1330.0,33.0
2021-01-05 09:42:48.720,0.7455,0.7658,20.0,0.7619,36.0,1330.0,33.0
2021-01-05 09:42:49.750,0.7455,0.7658,20.0,0.7619,36.0,1330.0,33.0
2021-01-05 09:42:51.060,0.7455,0.7658,20.0,0.7619,36.0,1330.0,33.0
2021-01-05 09:42:53.640,0.7455,0.7658,20.0,0.7619,36.0,1330.0,33.0
2021-01-05 09:42:55.190,0.7455,0.7658,20.0,0.7619,36.0,1330.0,33.0
2021-01-05 09:42:55.701,0.7455,0.7658,20.0,0.7619,36.0,1330.0,33.0
2021-01-05 09:42:56.191,0.7455,0.7658,20.0,0.7619,36.0,1330.0,33.0
2021-01-05 09:42:58.220,0.7455,0.7658,20.0,0.7619,36.0,1330.0,33.0
2021-01-05 09:42:58.731,0.7455,0.7658,20.0,0.7619,36.0,1330.0,33.0
2021-01-05 09:42:59.230,0.7455,0.7658,20.0,0.7619,36.0,1330.0,33.0
2021-01-05 09:42:59.730,0.7455,0.7658,20.0,0.7619,36.0,1330.0,33.0
2021-01-05 09:43:00.200,0.7455,0.7658,20.0,0.7619,36.0,1330.0,33.0
2021-01-05 09:43:00.721,0.7455,0.7658,20.0,0.7619,36.0,1330.0,33.0
2021-01-05 09:43:01.211,0.7455,0.7658,20.0,0.7619,36.0,1330.0,33.0
2021-01-05 09:43:02.150,0.7455,0.7658,20.0,0.7619,36.0,1330.0,33.0
2021-01-05 09:43:02.681,0.7455,0.7658,20.0,0.7621,10.0,1330.0,33.0
2021-01-05 09:43:03.701,0.7455,0.7658,20.0,0.7621,10.0,1330.0,33.0
2021-01-05 09:43:04.740,0.7455,0.7658,20.0,0.7621,10.0,1330.0,33.0
2021-01-05 09:43:05.251,0.7455,0.7658,20.0,0.7621,10.0,1330.0,33.0
2021-01-05 09:43:05.731,0.7455,0.7658,20.0,0.7621,10.0,1330.0,33.0
2021-01-05 09:43:06.171,0.7455,0.7658,20.0,0.7621,10.0,1330.0,33.0
2021-01-05 09:43:06.751,0.7455,0.7658,20.0,0.7621,10.0,1330.0,33.0
2021-01-05 09:43:07.231,0.7455,0.7658,20.0,0.7621,10.0,1330.0,33.0
2021-01-05 09:43:07.710,0.7455,0.7658,20.0,0.7621,10.0,1330.0,33.0
2021-01-05 09:43:08.200,0.7455,0.7658,20.0,0.7621,10.0,1330.0,33.0
2021-01-05 09:43:08.701,0.7455,0.7658,20.0,0.7621,10.0,1330.0,33.0
2021-01-05 09:43:09.231,0.7455,0.7658,20.0,0.7621,10.0,1330.0,33.0
2021-01-05 09:43:09.740,0.7455,0.7658,20.0,0.7619,16.0,1330.0,33.0
2021-01-05 09:43:10.150,0.7455,0.7658,20.0,0.7619,36.0,1330.0,33.0
2021-01-05 09:43:11.750,0.7455,0.7658,20.0,0.7619,36.0,1330.0,33.0
2021-01-05 09:43:13.210,0.7455,0.7658,20.0,0.7619,16.0,1330.0,33.0
2021-01-05 09:43:13.740,0.7455,0.7658,20.0,0.7619,16.0,1330.0,33.0
2021-01-05 09:43:14.270,0.7455,0.7658,20.0,0.7619,16.0,1330.0,33.0
2021-01-05 09:43:15.241,0.7455,0.7656,16.0,0.761,20.0,1330.0,33.0
2021-01-05 09:43:15.771,0.7455,0.7656,16.0,0.761,20.0,1330.0,33.0
2021-01-05 09:43:16.720,0.7455,0.7656,16.0,0.761,20.0,1330.0,33.0
2021-01-05 09:43:17.271,0.7455,0.7656,16.0,0.761,20.0,1330.0,33.0
2021-01-05 09:43:17.771,0.7455,0.7656,16.0,0.761,20.0,1330.0,33.0
2021-01-05 09:43:18.270,0.7455,0.7656,16.0,0.761,20.0,1330.0,33.0
2021-01-05 09:43:21.271,0.7656,0.7656,15.0,0.761,20.0,1331.0,34.0
2021-01-05 09:43:21.701,0.7656,0.7656,15.0,0.761,20.0,1331.0,34.0
2021-01-05 09:43:22.281,0.7656,0.7656,15.0,0.761,20.0,1331.0,34.0
2021-01-05 09:43:22.671,0.7656,0.7656,15.0,0.761,20.0,1331.0,34.0
2021-01-05 09:43:23.190,0.7656,0.7658,20.0,0.7618,16.0,1331.0,34.0
2021-01-05 09:43:23.651,0.7656,0.7658,20.0,0.7618,36.0,1331.0,34.0
2021-01-05 09:43:24.120,0.7656,0.7658,20.0,0.7618,36.0,1331.0,34.0
2021-01-05 09:43:25.201,0.7656,0.7658,20.0,0.7618,36.0,1331.0,34.0
2021-01-05 09:43:25.701,0.7656,0.7658,20.0,0.7618,36.0,1331.0,34.0
2021-01-05 09:43:26.181,0.7656,0.7658,20.0,0.7618,36.0,1331.0,34.0
2021-01-05 09:43:26.621,0.7656,0.7658,20.0,0.7618,36.0,1331.0,34.0
2021-01-05 09:43:27.190,0.7656,0.7658,20.0,0.7618,36.0,1331.0,34.0
2021-01-05 09:43:27.620,0.7656,0.7658,20.0,0.7618,36.0,1331.0,34.0
2021-01-05 09:43:29.080,0.7656,0.7658,20.0,0.7618,36.0,1331.0,34.0
2021-01-05 09:43:29.660,0.7656,0.7658,20.0,0.7618,36.0,1331.0,34.0
2021-01-05 09:43:31.111,0.7656,0.7658,20.0,0.7618,36.0,1331.0,34.0
2021-01-05 09:43:31.720,0.7656,0.7658,20.0,0.7618,36.0,1331.0,34.0
2021-01-05 09:43:32.701,0.7656,0.7658,20.0,0.7618,36.0,1331.0,34.0
2021-01-05 09:43:33.141,0.7656,0.7658,20.0,0.7618,36.0,1331.0,34.0
2021-01-05 09:43:34.221,0.7656,0.7658,20.0,0.7618,36.0,1331.0,34.0
2021-01-05 09:43:34.691,0.7656,0.7658,20.0,0.7618,36.0,1331.0,34.0
2021-01-05 09:43:35.160,0.7656,0.7658,20.0,0.7618,36.0,1331.0,34.0
2021-01-05 09:43:35.681,0.7656,0.7658,20.0,0.7618,36.0,1331.0,34.0
2021-01-05 09:43:36.661,0.7656,0.7658,20.0,0.7618,36.0,1331.0,34.0
2021-01-05 09:43:38.221,0.7656,0.7658,20.0,0.7618,36.0,1331.0,34.0
2021-01-05 09:43:39.241,0.7656,0.7658,20.0,0.7618,36.0,1331.0,34.0
2021-01-05 09:43:40.731,0.7656,0.7658,20.0,0.7618,36.0,1331.0,34.0
2021-01-05 09:43:41.730,0.7656,0.7658,20.0,0.7618,36.0,1331.0,34.0
2021-01-05 09:43:43.231,0.7656,0.7658,20.0,0.7618,36.0,1331.0,34.0
2021-01-05 09:43:43.711,0.7656,0.7658,20.0,0.7618,36.0,1331.0,34.0
2021-01-05 09:43:44.670,0.7656,0.7658,20.0,0.7618,36.0,1331.0,34.0
2021-01-05 09:43:45.221,0.7656,0.7658,20.0,0.7618,36.0,1331.0,34.0
2021-01-05 09:43:45.720,0.7656,0.7658,20.0,0.7618,36.0,1331.0,34.0
2021-01-05 09:43:46.151,0.7656,0.7658,20.0,0.7618,36.0,1331.0,34.0
2021-01-05 09:43:46.151,0.7656,0.7658,20.0,0.7618,36.0,1331.0,34.0
2021-01-05 09:43:47.250,0.7656,0.7658,20.0,0.7618,36.0,1331.0,34.0
2021-01-05 09:43:47.661,0.7656,0.7658,20.0,0.7618,36.0,1331.0,34.0
2021-01-05 09:43:48.220,0.7656,0.7658,20.0,0.7618,36.0,1331.0,34.0
2021-01-05 09:43:48.721,0.7656,0.7658,20.0,0.7618,36.0,1331.0,34.0
2021-01-05 09:43:49.601,0.7656,0.7658,20.0,0.7618,36.0,1331.0,34.0
2021-01-05 09:43:50.170,0.7656,0.7654,16.0,0.7618,20.0,1331.0,34.0
2021-01-05 09:43:50.721,0.7656,0.7654,16.0,0.761,20.0,1331.0,34.0
2021-01-05 09:43:51.660,0.7656,0.7654,16.0,0.761,20.0,1331.0,34.0
2021-01-05 09:43:52.200,0.7656,0.7654,16.0,0.761,20.0,1331.0,34.0
2021-01-05 09:43:52.681,0.7656,0.7654,16.0,0.761,20.0,1331.0,34.0
2021-01-05 09:43:53.201,0.7656,0.7654,16.0,0.761,20.0,1331.0,34.0
2021-01-05 09:43:53.610,0.7656,0.7654,16.0,0.761,20.0,1331.0,34.0
2021-01-05 09:43:54.191,0.7656,0.7654,26.0,0.761,20.0,1331.0,34.0
2021-01-05 09:43:55.660,0.7656,0.7654,26.0,0.761,20.0,1331.0,34.0
2021-01-05 09:43:57.650,0.7656,0.7654,26.0,0.761,20.0,1331.0,34.0
2021-01-05 09:43:58.190,0.7656,0.7654,26.0,0.761,20.0,1331.0,34.0
2021-01-05 09:43:58.711,0.7656,0.7654,26.0,0.761,20.0,1331.0,34.0
2021-01-05 09:43:59.170,0.7656,0.7654,26.0,0.761,20.0,1331.0,34.0
2021-01-05 09:44:00.131,0.7656,0.7654,26.0,0.761,20.0,1331.0,34.0
2021-01-05 09:44:00.701,0.7656,0.7654,26.0,0.761,20.0,1331.0,34.0
2021-01-05 09:44:01.621,0.7656,0.7654,26.0,0.761,20.0,1331.0,34.0
2021-01-05 09:44:02.711,0.7656,0.7654,10.0,0.761,20.0,1331.0,34.0
2021-01-05 09:44:03.231,0.7656,0.7644,16.0,0.7602,20.0,1331.0,34.0
2021-01-05 09:44:03.750,0.7656,0.7644,36.0,0.7602,20.0,1331.0,34.0
2021-01-05 09:44:04.230,0.7656,0.7644,36.0,0.7602,20.0,1331.0,34.0
2021-01-05 09:44:04.751,0.7656,0.7644,36.0,0.7597,16.0,1331.0,34.0
2021-01-05 09:44:05.260,0.7656,0.7635,16.0,0.7595,10.0,1331.0,34.0
2021-01-05 09:44:05.750,0.7656,0.7635,36.0,0.7592,20.0,1331.0,34.0
2021-01-05 09:44:06.261,0.7656,0.7635,36.0,0.7592,20.0,1331.0,34.0
2021-01-05 09:44:06.770,0.7656,0.7635,36.0,0.7592,20.0,1331.0,34.0
2021-01-05 09:44:07.281,0.7656,0.7635,36.0,0.7592,20.0,1331.0,34.0
2021-01-05 09:44:07.750,0.7656,0.7635,36.0,0.7592,20.0,1331.0,34.0
2021-01-05 09:44:08.261,0.7656,0.7635,36.0,0.7592,20.0,1331.0,34.0
2021-01-05 09:44:08.760,0.7656,0.7635,36.0,0.7592,20.0,1331.0,34.0
2021-01-05 09:44:09.150,0.7656,0.7635,36.0,0.7592,20.0,1331.0,34.0
2021-01-05 09:44:09.780,0.7656,0.7635,36.0,0.7592,20.0,1331.0,34.0
2021-01-05 09:44:10.280,0.7656,0.7635,36.0,0.7592,20.0,1331.0,34.0
2021-01-05 09:44:10.781,0.7656,0.7635,36.0,0.7592,20.0,1331.0,34.0
2021-01-05 09:44:11.271,0.7656,0.7635,36.0,0.7592,20.0,1331.0,34.0
2021-01-05 09:44:12.270,0.7656,0.7635,36.0,0.7592,20.0,1331.0,34.0
2021-01-05 09:44:12.781,0.7656,0.7635,36.0,0.7592,20.0,1331.0,34.0
2021-01-05 09:44:13.230,0.7656,0.7635,36.0,0.7592,20.0,1331.0,34.0
2021-01-05 09:44:14.260,0.7656,0.7635,36.0,0.7592,20.0,1331.0,34.0
2021-01-05 09:44:15.280,0.7656,0.7635,36.0,0.7592,20.0,1331.0,34.0
2021-01-05 09:44:15.780,0.7656,0.7635,36.0,0.7592,20.0,1331.0,34.0
2021-01-05 09:44:17.280,0.7656,0.7635,36.0,0.7592,20.0,1331.0,34.0
2021-01-05 09:44:17.770,0.7656,0.7635,36.0,0.7592,20.0,1331.0,34.0
2021-01-05 09:44:18.231,0.7656,0.7635,36.0,0.7592,20.0,1331.0,34.0
2021-01-05 09:44:18.780,0.7656,0.7635,36.0,0.7592,20.0,1331.0,34.0
2021-01-05 09:44:19.261,0.7656,0.7635,36.0,0.7592,25.0,1331.0,34.0
2021-01-05 09:44:19.801,0.7656,0.7635,36.0,0.7592,20.0,1331.0,34.0
2021-01-05 09:44:20.300,0.7656,0.7635,36.0,0.7592,20.0,1331.0,34.0
2021-01-05 09:44:20.780,0.7656,0.7635,36.0,0.7592,20.0,1331.0,34.0
2021-01-05 09:44:21.270,0.7656,0.7635,36.0,0.7592,20.0,1331.0,34.0
2021-01-05 09:44:21.760,0.7656,0.7635,36.0,0.7592,20.0,1331.0,34.0
2021-01-05 09:44:22.131,0.7656,0.7635,36.0,0.7592,20.0,1331.0,34.0
2021-01-05 09:44:22.580,0.7656,0.7635,36.0,0.7592,20.0,1331.0,34.0
2021-01-05 09:44:25.660,0.7656,0.7635,36.0,0.7592,20.0,1331.0,34.0
2021-01-05 09:44:26.201,0.7656,0.7635,36.0,0.7592,20.0,1331.0,34.0
2021-01-05 09:44:26.701,0.7656,0.7635,36.0,0.7592,20.0,1331.0,34.0
2021-01-05 09:44:27.201,0.7656,0.7635,36.0,0.7592,20.0,1331.0,34.0
2021-01-05 09:44:28.680,0.7656,0.7635,36.0,0.7592,20.0,1331.0,34.0
2021-01-05 09:44:29.200,0.7656,0.7635,36.0,0.7592,20.0,1331.0,34.0
2021-01-05 09:44:29.640,0.7656,0.7635,36.0,0.7592,20.0,1331.0,34.0
2021-01-05 09:44:30.201,0.7656,0.7635,36.0,0.7592,20.0,1331.0,34.0
2021-01-05 09:44:30.720,0.7656,0.7635,36.0,0.7592,20.0,1331.0,34.0
2021-01-05 09:44:32.220,0.7656,0.7635,36.0,0.7592,20.0,1331.0,34.0
2021-01-05 09:44:32.691,0.7656,0.7635,36.0,0.7592,20.0,1331.0,34.0
2021-01-05 09:44:33.730,0.7656,0.7635,36.0,0.7592,20.0,1331.0,34.0
2021-01-05 09:44:34.141,0.7656,0.7635,20.0,0.7584,20.0,1331.0,34.0
2021-01-05 09:44:34.520,0.7656,0.7626,16.0,0.7584,20.0,1331.0,34.0
2021-01-05 09:44:35.740,0.7656,0.7626,36.0,0.7584,20.0,1331.0,34.0
2021-01-05 09:44:36.220,0.7656,0.7626,36.0,0.7584,20.0,1331.0,34.0
2021-01-05 09:44:36.741,0.7656,0.7626,36.0,0.7584,20.0,1331.0,34.0
2021-01-05 09:44:37.240,0.7656,0.7626,36.0,0.7584,20.0,1331.0,34.0
2021-01-05 09:44:37.751,0.7656,0.7626,36.0,0.7584,20.0,1331.0,34.0
2021-01-05 09:44:38.201,0.7656,0.7626,36.0,0.7584,20.0,1331.0,34.0
2021-01-05 09:44:39.661,0.7656,0.7626,36.0,0.7584,20.0,1331.0,34.0
2021-01-05 09:44:40.250,0.7656,0.7626,36.0,0.7584,20.0,1331.0,34.0
2021-01-05 09:44:41.251,0.7656,0.7626,36.0,0.7584,20.0,1331.0,34.0
2021-01-05 09:44:42.250,0.7656,0.7626,36.0,0.7584,20.0,1331.0,34.0
2021-01-05 09:44:44.260,0.7656,0.7626,36.0,0.7584,20.0,1331.0,34.0
2021-01-05 09:44:44.761,0.7656,0.7626,36.0,0.7584,20.0,1331.0,34.0
2021-01-05 09:44:45.261,0.7656,0.7626,36.0,0.7584,20.0,1331.0,34.0
2021-01-05 09:44:45.760,0.7656,0.7626,36.0,0.7584,20.0,1331.0,34.0
2021-01-05 09:44:46.271,0.7656,0.7626,36.0,0.7584,20.0,1331.0,34.0
2021-01-05 09:44:46.771,0.7656,0.7626,36.0,0.7584,20.0,1331.0,34.0
2021-01-05 09:44:47.770,0.7656,0.7626,36.0,0.7584,20.0,1331.0,34.0
2021-01-05 09:44:49.800,0.7656,0.7626,36.0,0.7584,20.0,1331.0,34.0
2021-01-05 09:44:50.300,0.7656,0.7626,36.0,0.7584,20.0,1331.0,34.0
2021-01-05 09:44:50.811,0.7656,0.7626,36.0,0.7584,25.0,1331.0,34.0
2021-01-05 09:44:51.231,0.7656,0.7626,36.0,0.7584,20.0,1331.0,34.0
2021-01-05 09:44:51.810,0.7656,0.7626,36.0,0.7584,20.0,1331.0,34.0
2021-01-05 09:44:53.201,0.7656,0.7626,36.0,0.7584,20.0,1331.0,34.0
2021-01-05 09:44:53.710,0.7656,0.7626,36.0,0.7584,20.0,1331.0,34.0
2021-01-05 09:44:54.970,0.7656,0.7626,36.0,0.7584,20.0,1331.0,34.0
2021-01-05 09:44:56.220,0.7656,0.7626,36.0,0.7584,20.0,1331.0,34.0
2021-01-05 09:44:56.720,0.7656,0.7626,36.0,0.7584,20.0,1331.0,34.0
2021-01-05 09:44:57.680,0.7656,0.7626,36.0,0.7584,20.0,1331.0,34.0
2021-01-05 09:44:58.120,0.7656,0.7626,36.0,0.7584,20.0,1331.0,34.0
2021-01-05 09:44:58.720,0.7656,0.7626,36.0,0.7584,20.0,1331.0,34.0
2021-01-05 09:44:59.711,0.7656,0.7626,36.0,0.7584,20.0,1331.0,34.0
2021-01-05 09:45:01.221,0.7656,0.7617,16.0,0.7576,20.0,1331.0,34.0
2021-01-05 09:45:01.680,0.7656,0.7617,16.0,0.7576,20.0,1331.0,34.0
2021-01-05 09:45:02.061,0.7656,0.7617,36.0,0.7576,20.0,1331.0,34.0
2021-01-05 09:45:03.680,0.7656,0.7617,36.0,0.7576,20.0,1331.0,34.0
2021-01-05 09:45:04.191,0.7656,0.7617,36.0,0.7576,20.0,1331.0,34.0
2021-01-05 09:45:04.700,0.7656,0.7617,36.0,0.7571,16.0,1331.0,34.0
2021-01-05 09:45:05.221,0.7656,0.7606,16.0,0.7568,20.0,1331.0,34.0
2021-01-05 09:45:05.720,0.7656,0.7599,10.0,0.7564,1.0,1331.0,34.0
2021-01-05 09:45:06.220,0.7656,0.7599,10.0,0.7564,1.0,1331.0,34.0
2021-01-05 09:45:06.721,0.7656,0.7606,36.0,0.7564,1.0,1331.0,34.0
2021-01-05 09:45:07.130,0.7656,0.7606,36.0,0.7564,1.0,1331.0,34.0
2021-01-05 09:45:07.540,0.7656,0.7606,36.0,0.7564,1.0,1331.0,34.0
2021-01-05 09:45:08.181,0.7656,0.7606,36.0,0.7564,1.0,1331.0,34.0
2021-01-05 09:45:09.190,0.7656,0.7606,36.0,0.7564,1.0,1331.0,34.0
2021-01-05 09:45:09.720,0.7656,0.7606,36.0,0.7564,1.0,1331.0,34.0
2021-01-05 09:45:10.200,0.7656,0.7606,36.0,0.7564,1.0,1331.0,34.0
2021-01-05 09:45:10.700,0.7656,0.7606,36.0,0.7564,1.0,1331.0,34.0
2021-01-05 09:45:11.091,0.7656,0.7606,36.0,0.7564,1.0,1331.0,34.0
2021-01-05 09:45:11.720,0.7656,0.7606,36.0,0.7564,1.0,1331.0,34.0
2021-01-05 09:45:12.150,0.7656,0.7606,36.0,0.7564,1.0,1331.0,34.0
2021-01-05 09:45:12.701,0.7656,0.7597,16.0,0.7564,1.0,1331.0,34.0
2021-01-05 09:45:13.220,0.7656,0.7597,16.0,0.7564,1.0,1331.0,34.0
2021-01-05 09:45:13.681,0.7656,0.7597,36.0,0.7564,1.0,1331.0,34.0
2021-01-05 09:45:14.701,0.7656,0.7597,36.0,0.7564,1.0,1331.0,34.0
2021-01-05 09:45:15.230,0.7656,0.7597,36.0,0.7564,1.0,1331.0,34.0
2021-01-05 09:45:15.721,0.7656,0.7597,36.0,0.7564,1.0,1331.0,34.0
2021-01-05 09:45:16.230,0.7656,0.7587,16.0,0.7564,1.0,1331.0,34.0
2021-01-05 09:45:17.220,0.7656,0.7587,16.0,0.7564,1.0,1331.0,34.0
2021-01-05 09:45:17.731,0.7656,0.7581,10.0,0.7564,1.0,1331.0,34.0
2021-01-05 09:45:18.230,0.7656,0.7581,10.0,0.7564,1.0,1331.0,34.0
2021-01-05 09:45:18.691,0.7656,0.7581,30.0,0.7564,1.0,1331.0,34.0
2021-01-05 09:45:19.191,0.7656,0.7581,30.0,0.7564,1.0,1331.0,34.0
2021-01-05 09:45:21.191,0.7656,0.7581,20.0,0.7564,1.0,1331.0,34.0
2021-01-05 09:45:22.240,0.7656,0.7581,20.0,0.7564,1.0,1331.0,34.0
2021-01-05 09:45:22.710,0.7656,0.7581,20.0,0.7564,1.0,1331.0,34.0
2021-01-05 09:45:23.160,0.7656,0.7581,20.0,0.7564,1.0,1331.0,34.0
2021-01-05 09:45:23.671,0.7656,0.7581,20.0,0.7564,1.0,1331.0,34.0
2021-01-05 09:45:24.701,0.7656,0.7581,20.0,0.7564,1.0,1331.0,34.0
2021-01-05 09:45:25.690,0.7656,0.7581,20.0,0.7564,1.0,1331.0,34.0
2021-01-05 09:45:26.220,0.7656,0.7581,20.0,0.7564,1.0,1331.0,34.0
2021-01-05 09:45:26.681,0.7656,0.7581,20.0,0.7564,1.0,1331.0,34.0
2021-01-05 09:45:27.211,0.7656,0.7581,20.0,0.7564,1.0,1331.0,34.0
2021-01-05 09:45:27.711,0.7656,0.7581,20.0,0.7564,1.0,1331.0,34.0
2021-01-05 09:45:29.140,0.7656,0.7581,20.0,0.7564,1.0,1331.0,34.0
2021-01-05 09:45:29.701,0.7656,0.7596,16.0,0.7564,1.0,1331.0,34.0
2021-01-05 09:45:31.211,0.7656,0.7596,16.0,0.7564,1.0,1331.0,34.0
2021-01-05 09:45:32.160,0.7656,0.7596,16.0,0.7564,1.0,1331.0,34.0
2021-01-05 09:45:33.180,0.7656,0.7596,16.0,0.7564,1.0,1331.0,34.0
2021-01-05 09:45:34.220,0.7656,0.7596,16.0,0.7564,1.0,1331.0,34.0
2021-01-05 09:45:35.190,0.7656,0.7596,16.0,0.7564,1.0,1331.0,34.0
2021-01-05 09:45:35.731,0.7656,0.7596,16.0,0.7564,1.0,1331.0,34.0
2021-01-05 09:45:36.730,0.7656,0.7597,20.0,0.7564,1.0,1331.0,34.0
2021-01-05 09:45:39.210,0.7656,0.7597,20.0,0.7564,1.0,1331.0,34.0
2021-01-05 09:45:39.710,0.7656,0.7597,20.0,0.7564,1.0,1331.0,34.0
2021-01-05 09:45:40.240,0.7656,0.7597,20.0,0.7564,1.0,1331.0,34.0
2021-01-05 09:45:42.240,0.7656,0.7597,20.0,0.7564,1.0,1331.0,34.0
2021-01-05 09:45:42.711,0.7656,0.7597,20.0,0.7564,1.0,1331.0,34.0
2021-01-05 09:45:43.220,0.7656,0.7597,20.0,0.7564,1.0,1331.0,34.0
2021-01-05 09:45:43.710,0.7656,0.7597,20.0,0.7564,1.0,1331.0,34.0
2021-01-05 09:45:44.201,0.7656,0.7597,20.0,0.7564,1.0,1331.0,34.0
2021-01-05 09:45:45.220,0.7656,0.7597,20.0,0.7564,1.0,1331.0,34.0
2021-01-05 09:45:45.681,0.7656,0.7597,20.0,0.7564,1.0,1331.0,34.0
2021-01-05 09:45:46.240,0.7656,0.7597,20.0,0.7564,1.0,1331.0,34.0
2021-01-05 09:45:46.751,0.7656,0.7597,20.0,0.7564,1.0,1331.0,34.0
2021-01-05 09:45:47.241,0.7656,0.7597,20.0,0.7564,1.0,1331.0,34.0
2021-01-05 09:45:48.741,0.7656,0.7597,20.0,0.7564,1.0,1331.0,34.0
2021-01-05 09:45:50.251,0.7656,0.7597,20.0,0.7564,1.0,1331.0,34.0
2021-01-05 09:45:50.750,0.7656,0.7597,20.0,0.7564,1.0,1331.0,34.0
2021-01-05 09:45:52.641,0.7656,0.7597,20.0,0.7564,1.0,1331.0,34.0
2021-01-05 09:45:55.230,0.7656,0.7597,20.0,0.7564,1.0,1331.0,34.0
2021-01-05 09:45:55.711,0.7656,0.7597,20.0,0.7564,1.0,1331.0,34.0
2021-01-05 09:45:56.631,0.7656,0.7597,20.0,0.7564,1.0,1331.0,34.0
2021-01-05 09:45:58.231,0.7656,0.7597,20.0,0.7564,1.0,1331.0,34.0
2021-01-05 09:45:58.711,0.7656,0.7597,20.0,0.7564,1.0,1331.0,34.0
2021-01-05 09:45:59.230,0.7656,0.7597,20.0,0.7564,1.0,1331.0,34.0
2021-01-05 09:46:00.730,0.7656,0.7615,16.0,0.7568,16.0,1331.0,34.0
2021-01-05 09:46:01.230,0.7656,0.7615,16.0,0.7568,16.0,1331.0,34.0
2021-01-05 09:46:02.221,0.7656,0.7615,16.0,0.7568,36.0,1331.0,34.0
2021-01-05 09:46:02.711,0.7656,0.7615,16.0,0.7568,36.0,1331.0,34.0
2021-01-05 09:46:03.120,0.7656,0.7615,16.0,0.7568,36.0,1331.0,34.0
2021-01-05 09:46:03.731,0.7656,0.7615,16.0,0.7568,36.0,1331.0,34.0
2021-01-05 09:46:04.171,0.7656,0.7615,16.0,0.7568,36.0,1331.0,34.0
2021-01-05 09:46:05.691,0.7656,0.7615,16.0,0.7568,36.0,1331.0,34.0
2021-01-05 09:46:06.221,0.7656,0.7615,16.0,0.7568,41.0,1331.0,34.0
2021-01-05 09:46:06.690,0.7656,0.7615,16.0,0.7568,41.0,1331.0,34.0
2021-01-05 09:46:09.600,0.7656,0.7615,16.0,0.7568,46.0,1331.0,34.0
2021-01-05 09:46:10.221,0.7656,0.7627,26.0,0.758,16.0,1331.0,34.0
2021-01-05 09:46:10.720,0.7656,0.7627,26.0,0.758,36.0,1331.0,34.0
2021-01-05 09:46:11.721,0.7656,0.7627,26.0,0.758,36.0,1331.0,34.0
2021-01-05 09:46:12.190,0.7656,0.7627,26.0,0.758,39.0,1331.0,34.0
2021-01-05 09:46:12.601,0.7656,0.7627,26.0,0.758,39.0,1331.0,34.0
2021-01-05 09:46:13.681,0.7656,0.7627,26.0,0.758,39.0,1331.0,34.0
2021-01-05 09:46:14.230,0.7656,0.7627,26.0,0.758,44.0,1331.0,34.0
2021-01-05 09:46:15.231,0.7656,0.7627,26.0,0.758,39.0,1331.0,34.0
2021-01-05 09:46:15.730,0.7656,0.7627,26.0,0.758,44.0,1331.0,34.0
2021-01-05 09:46:16.041,0.7656,0.7627,26.0,0.758,44.0,1331.0,34.0
2021-01-05 09:46:17.221,0.7656,0.7627,26.0,0.758,44.0,1331.0,34.0
2021-01-05 09:46:17.751,0.7656,0.7627,26.0,0.758,45.0,1331.0,34.0
2021-01-05 09:46:18.180,0.7656,0.7627,10.0,0.7589,16.0,1331.0,34.0
2021-01-05 09:46:18.721,0.7656,0.7627,10.0,0.7589,16.0,1331.0,34.0
2021-01-05 09:46:19.171,0.7656,0.7627,10.0,0.7589,36.0,1331.0,34.0
2021-01-05 09:46:19.661,0.7656,0.7627,10.0,0.7589,16.0,1331.0,34.0
2021-01-05 09:46:20.210,0.7656,0.7633,20.0,0.7589,16.0,1331.0,34.0
2021-01-05 09:46:20.691,0.7656,0.7633,20.0,0.7589,16.0,1331.0,34.0
2021-01-05 09:46:21.240,0.7656,0.7633,20.0,0.7589,36.0,1331.0,34.0
2021-01-05 09:46:21.611,0.7656,0.7633,20.0,0.7589,16.0,1331.0,34.0
2021-01-05 09:46:22.220,0.7656,0.7633,20.0,0.7589,16.0,1331.0,34.0
2021-01-05 09:46:22.690,0.7656,0.7633,20.0,0.7589,16.0,1331.0,34.0
2021-01-05 09:46:23.201,0.7656,0.7633,20.0,0.7589,36.0,1331.0,34.0
2021-01-05 09:46:24.221,0.7656,0.7633,20.0,0.7589,36.0,1331.0,34.0
2021-01-05 09:46:25.211,0.7656,0.7633,20.0,0.7589,36.0,1331.0,34.0
2021-01-05 09:46:25.651,0.7656,0.7633,20.0,0.7589,36.0,1331.0,34.0
2021-01-05 09:46:27.201,0.7656,0.7633,20.0,0.7589,36.0,1331.0,34.0
2021-01-05 09:46:27.720,0.7656,0.7633,20.0,0.7589,36.0,1331.0,34.0
2021-01-05 09:46:29.151,0.7656,0.7633,20.0,0.7589,36.0,1331.0,34.0
2021-01-05 09:46:29.710,0.7656,0.7633,20.0,0.7589,36.0,1331.0,34.0
2021-01-05 09:46:32.701,0.7656,0.7633,20.0,0.7589,36.0,1331.0,34.0
2021-01-05 09:46:33.210,0.7656,0.7633,20.0,0.7589,36.0,1331.0,34.0
2021-01-05 09:46:33.660,0.7656,0.7633,20.0,0.7589,36.0,1331.0,34.0
2021-01-05 09:46:35.231,0.7656,0.7633,20.0,0.7589,36.0,1331.0,34.0
2021-01-05 09:46:35.721,0.7656,0.7633,20.0,0.7589,36.0,1331.0,34.0
2021-01-05 09:46:36.221,0.7656,0.7633,20.0,0.7589,36.0,1331.0,34.0
2021-01-05 09:46:36.730,0.7656,0.7633,20.0,0.7589,36.0,1331.0,34.0
2021-01-05 09:46:37.750,0.7656,0.7633,20.0,0.7589,36.0,1331.0,34.0
2021-01-05 09:46:38.201,0.7656,0.7626,16.0,0.7589,20.0,1331.0,34.0
2021-01-05 09:46:38.741,0.7656,0.7626,16.0,0.7589,20.0,1331.0,34.0
2021-01-05 09:46:39.210,0.7656,0.7623,10.0,0.758,20.0,1331.0,34.0
2021-01-05 09:46:40.230,0.7656,0.7623,10.0,0.758,20.0,1331.0,34.0
2021-01-05 09:46:40.670,0.7656,0.7623,10.0,0.758,20.0,1331.0,34.0
2021-01-05 09:46:41.250,0.7656,0.7623,10.0,0.758,20.0,1331.0,34.0
2021-01-05 09:46:41.661,0.7656,0.7623,10.0,0.758,20.0,1331.0,34.0
2021-01-05 09:46:42.230,0.7656,0.7623,10.0,0.758,20.0,1331.0,34.0
2021-01-05 09:46:45.711,0.7656,0.7623,10.0,0.758,20.0,1331.0,34.0
2021-01-05 09:46:46.251,0.7656,0.7623,10.0,0.758,20.0,1331.0,34.0
2021-01-05 09:46:46.671,0.7656,0.7626,16.0,0.758,20.0,1331.0,34.0
2021-01-05 09:46:47.701,0.7656,0.7626,16.0,0.758,20.0,1331.0,34.0
2021-01-05 09:46:49.251,0.7656,0.7626,16.0,0.758,20.0,1331.0,34.0
2021-01-05 09:46:50.170,0.7656,0.7626,16.0,0.758,25.0,1331.0,34.0
2021-01-05 09:46:50.661,0.758,0.7626,16.0,0.758,24.0,1330.0,35.0
2021-01-05 09:46:51.261,0.758,0.7626,16.0,0.758,20.0,1330.0,35.0
2021-01-05 09:46:51.731,0.758,0.7626,16.0,0.758,20.0,1330.0,35.0
2021-01-05 09:46:52.711,0.758,0.7626,16.0,0.758,20.0,1330.0,35.0
2021-01-05 09:46:53.201,0.758,0.7626,16.0,0.758,20.0,1330.0,35.0
2021-01-05 09:46:53.681,0.758,0.7626,16.0,0.758,25.0,1330.0,35.0
2021-01-05 09:46:54.221,0.758,0.7626,16.0,0.758,25.0,1330.0,35.0
2021-01-05 09:46:54.701,0.758,0.7626,16.0,0.758,20.0,1330.0,35.0
2021-01-05 09:46:56.221,0.758,0.7626,16.0,0.758,20.0,1330.0,35.0
2021-01-05 09:46:56.711,0.758,0.7626,16.0,0.758,25.0,1330.0,35.0
2021-01-05 09:46:57.080,0.758,0.7626,16.0,0.758,25.0,1330.0,35.0
2021-01-05 09:46:57.741,0.758,0.7626,16.0,0.758,20.0,1330.0,35.0
2021-01-05 09:46:58.131,0.758,0.7626,16.0,0.758,20.0,1330.0,35.0
2021-01-05 09:46:58.720,0.758,0.7626,16.0,0.758,20.0,1330.0,35.0
2021-01-05 09:46:59.191,0.758,0.7626,16.0,0.758,20.0,1330.0,35.0
2021-01-05 09:47:00.741,0.758,0.7626,16.0,0.758,20.0,1330.0,35.0
2021-01-05 09:47:01.210,0.7626,0.7617,15.0,0.758,20.0,1330.0,36.0
2021-01-05 09:47:01.721,0.7626,0.7617,35.0,0.757,36.0,1330.0,36.0
2021-01-05 09:47:02.230,0.7626,0.7617,15.0,0.757,16.0,1330.0,36.0
2021-01-05 09:47:02.741,0.7626,0.7605,10.0,0.757,20.0,1330.0,36.0
2021-01-05 09:47:03.220,0.7626,0.7605,10.0,0.7564,6.0,1330.0,36.0
2021-01-05 09:47:03.740,0.7626,0.7605,30.0,0.7564,26.0,1330.0,36.0
2021-01-05 09:47:04.211,0.7626,0.7605,30.0,0.7564,26.0,1330.0,36.0
2021-01-05 09:47:05.250,0.7626,0.7605,20.0,0.7564,26.0,1330.0,36.0
2021-01-05 09:47:06.251,0.7626,0.7597,16.0,0.7564,26.0,1330.0,36.0
2021-01-05 09:47:06.391,0.7626,0.7597,16.0,0.7564,6.0,1330.0,36.0
2021-01-05 09:47:07.221,0.7626,0.7597,16.0,0.7564,6.0,1330.0,36.0
2021-01-05 09:47:07.740,0.7626,0.7597,36.0,0.7564,6.0,1330.0,36.0
2021-01-05 09:47:08.230,0.7626,0.7597,36.0,0.7564,6.0,1330.0,36.0
2021-01-05 09:47:08.700,0.7626,0.7588,16.0,0.7564,6.0,1330.0,36.0
2021-01-05 09:47:09.751,0.7626,0.7588,36.0,0.7564,6.0,1330.0,36.0
2021-01-05 09:47:10.260,0.7564,0.7588,36.0,0.7556,5.0,1331.0,42.0
2021-01-05 09:47:11.250,0.7564,0.7588,36.0,0.7556,5.0,1331.0,42.0
2021-01-05 09:47:11.751,0.7564,0.7577,16.0,0.7556,5.0,1331.0,42.0
2021-01-05 09:47:12.241,0.7564,0.7577,36.0,0.7556,5.0,1331.0,42.0
2021-01-05 09:47:12.731,0.7577,0.7577,35.0,0.7556,5.0,1331.0,43.0
2021-01-05 09:47:13.201,0.7577,0.7577,35.0,0.7556,5.0,1331.0,43.0
2021-01-05 09:47:14.220,0.7577,0.7577,35.0,0.7556,5.0,1331.0,43.0
2021-01-05 09:47:15.230,0.7577,0.7577,35.0,0.7556,5.0,1331.0,43.0
2021-01-05 09:47:15.701,0.7556,0.7577,35.0,0.7538,20.0,1331.0,48.0
2021-01-05 09:47:16.241,0.7556,0.7577,35.0,0.753,36.0,1331.0,48.0
2021-01-05 09:47:16.731,0.7556,0.7577,35.0,0.753,36.0,1331.0,48.0
2021-01-05 09:47:17.251,0.7556,0.7577,35.0,0.753,36.0,1331.0,48.0
2021-01-05 09:47:18.221,0.7556,0.7577,35.0,0.753,36.0,1331.0,48.0
2021-01-05 09:47:18.621,0.7556,0.7577,35.0,0.753,36.0,1331.0,48.0
2021-01-05 09:47:19.111,0.7556,0.7567,16.0,0.753,20.0,1331.0,48.0
2021-01-05 09:47:19.760,0.7556,0.7567,36.0,0.753,20.0,1331.0,48.0
2021-01-05 09:47:20.761,0.7556,0.7565,10.0,0.7526,5.0,1331.0,48.0
2021-01-05 09:47:21.760,0.7556,0.7565,10.0,0.7526,5.0,1331.0,48.0
2021-01-05 09:47:22.240,0.7556,0.7565,10.0,0.7526,5.0,1331.0,48.0
2021-01-05 09:47:22.580,0.7556,0.7565,10.0,0.7526,5.0,1331.0,48.0
2021-01-05 09:47:23.151,0.7556,0.7557,16.0,0.7526,5.0,1331.0,48.0
2021-01-05 09:47:23.700,0.7556,0.7557,36.0,0.7526,5.0,1331.0,48.0
2021-01-05 09:47:24.221,0.7556,0.7557,36.0,0.7526,5.0,1331.0,48.0
2021-01-05 09:47:25.241,0.7556,0.7557,36.0,0.7526,5.0,1331.0,48.0
2021-01-05 09:47:25.710,0.7556,0.7557,36.0,0.7526,5.0,1331.0,48.0
2021-01-05 09:47:26.680,0.7556,0.7557,36.0,0.7526,5.0,1331.0,48.0
2021-01-05 09:47:27.241,0.7556,0.7557,36.0,0.7526,5.0,1331.0,48.0
2021-01-05 09:47:27.721,0.7556,0.7557,36.0,0.7526,5.0,1331.0,48.0
2021-01-05 09:47:28.230,0.7556,0.7557,36.0,0.7526,5.0,1331.0,48.0
2021-01-05 09:47:30.720,0.7556,0.7557,36.0,0.7526,5.0,1331.0,48.0
2021-01-05 09:47:32.681,0.7556,0.7557,36.0,0.7526,5.0,1331.0,48.0
2021-01-05 09:47:34.231,0.7556,0.7557,36.0,0.7526,5.0,1331.0,48.0
2021-01-05 09:47:34.750,0.7556,0.7557,36.0,0.7526,5.0,1331.0,48.0
2021-01-05 09:47:35.221,0.7556,0.7557,36.0,0.7526,5.0,1331.0,48.0
2021-01-05 09:47:35.740,0.7556,0.7557,36.0,0.7526,5.0,1331.0,48.0
2021-01-05 09:47:36.241,0.7556,0.7557,36.0,0.7526,5.0,1331.0,48.0
2021-01-05 09:47:36.721,0.7556,0.7557,36.0,0.7526,5.0,1331.0,48.0
2021-01-05 09:47:37.251,0.7556,0.7557,36.0,0.7526,5.0,1331.0,48.0
2021-01-05 09:47:38.260,0.7556,0.7557,36.0,0.7526,5.0,1331.0,48.0
2021-01-05 09:47:38.731,0.7556,0.7557,36.0,0.7526,5.0,1331.0,48.0
2021-01-05 09:47:39.261,0.7556,0.7557,36.0,0.7526,5.0,1331.0,48.0
2021-01-05 09:47:40.260,0.7556,0.7557,36.0,0.7526,5.0,1331.0,48.0
2021-01-05 09:47:40.761,0.7556,0.7557,36.0,0.7526,5.0,1331.0,48.0
2021-01-05 09:47:41.731,0.7556,0.7557,36.0,0.7526,5.0,1331.0,48.0
2021-01-05 09:47:42.250,0.7556,0.7557,20.0,0.7526,5.0,1331.0,48.0
2021-01-05 09:47:42.761,0.7556,0.7548,16.0,0.7526,5.0,1331.0,48.0
2021-01-05 09:47:43.251,0.7556,0.7548,37.0,0.7526,5.0,1331.0,48.0
2021-01-05 09:47:43.720,0.7556,0.7548,36.0,0.7526,5.0,1331.0,48.0
2021-01-05 09:47:44.010,0.7556,0.7548,36.0,0.7526,5.0,1331.0,48.0
2021-01-05 09:47:46.260,0.7556,0.7548,36.0,0.7526,5.0,1331.0,48.0
2021-01-05 09:47:47.270,0.7556,0.7548,36.0,0.7526,5.0,1331.0,48.0
2021-01-05 09:47:48.261,0.7556,0.7548,36.0,0.7526,5.0,1331.0,48.0
2021-01-05 09:47:49.260,0.7556,0.7548,36.0,0.7526,5.0,1331.0,48.0
2021-01-05 09:47:49.771,0.7556,0.7548,36.0,0.7526,5.0,1331.0,48.0
2021-01-05 09:47:50.271,0.7556,0.7548,20.0,0.7526,5.0,1331.0,48.0
2021-01-05 09:47:50.751,0.7556,0.7557,16.0,0.7526,5.0,1331.0,48.0
2021-01-05 09:47:51.270,0.7556,0.7557,36.0,0.7526,5.0,1331.0,48.0
2021-01-05 09:47:51.781,0.7556,0.7557,20.0,0.7526,5.0,1331.0,48.0
2021-01-05 09:47:52.271,0.7556,0.7557,20.0,0.7526,5.0,1331.0,48.0
2021-01-05 09:47:52.730,0.7556,0.7567,20.0,0.7526,5.0,1331.0,48.0
2021-01-05 09:47:53.231,0.7556,0.7567,20.0,0.7526,5.0,1331.0,48.0
2021-01-05 09:47:54.230,0.7556,0.756,16.0,0.7526,5.0,1331.0,48.0
2021-01-05 09:47:54.741,0.7556,0.756,16.0,0.7526,5.0,1331.0,48.0
2021-01-05 09:47:55.241,0.7556,0.7567,20.0,0.7526,5.0,1331.0,48.0
2021-01-05 09:47:55.740,0.7556,0.757,26.0,0.7526,5.0,1331.0,48.0
2021-01-05 09:47:56.251,0.7556,0.757,16.0,0.7526,5.0,1331.0,48.0
2021-01-05 09:47:56.751,0.7556,0.7576,20.0,0.7533,16.0,1331.0,48.0
2021-01-05 09:47:57.250,0.7556,0.7576,20.0,0.7533,16.0,1331.0,48.0
2021-01-05 09:47:57.750,0.7556,0.7576,20.0,0.7526,5.0,1331.0,48.0
2021-01-05 09:47:58.261,0.7556,0.7566,16.0,0.7526,5.0,1331.0,48.0
2021-01-05 09:47:58.781,0.7556,0.7566,16.0,0.7526,5.0,1331.0,48.0
2021-01-05 09:47:59.200,0.7556,0.7566,16.0,0.7526,5.0,1331.0,48.0
2021-01-05 09:47:59.751,0.7556,0.7566,36.0,0.7526,5.0,1331.0,48.0
2021-01-05 09:48:00.791,0.7556,0.7566,20.0,0.7526,5.0,1331.0,48.0
2021-01-05 09:48:01.261,0.7556,0.7557,16.0,0.7526,5.0,1331.0,48.0
2021-01-05 09:48:01.791,0.7556,0.7557,36.0,0.7526,5.0,1331.0,48.0
2021-01-05 09:48:02.260,0.7556,0.7557,36.0,0.7526,5.0,1331.0,48.0
2021-01-05 09:48:02.781,0.7556,0.7557,20.0,0.7526,5.0,1331.0,48.0
2021-01-05 09:48:03.261,0.7556,0.7548,16.0,0.7526,5.0,1331.0,48.0
2021-01-05 09:48:03.791,0.7556,0.7548,36.0,0.7526,5.0,1331.0,48.0
2021-01-05 09:48:04.790,0.7556,0.7548,36.0,0.7526,5.0,1331.0,48.0
2021-01-05 09:48:05.261,0.7556,0.7548,36.0,0.7526,5.0,1331.0,48.0
2021-01-05 09:48:06.291,0.7556,0.7548,36.0,0.7526,5.0,1331.0,48.0
2021-01-05 09:48:06.781,0.7556,0.7548,36.0,0.7526,5.0,1331.0,48.0
2021-01-05 09:48:07.280,0.7556,0.7548,36.0,0.7526,5.0,1331.0,48.0
2021-01-05 09:48:07.760,0.7526,0.7548,36.0,0.7522,5.0,1331.0,53.0
2021-01-05 09:48:08.281,0.7526,0.7548,36.0,0.7522,5.0,1331.0,53.0
2021-01-05 09:48:09.291,0.7526,0.7548,36.0,0.7522,5.0,1331.0,53.0
2021-01-05 09:48:09.751,0.7526,0.7548,36.0,0.7522,5.0,1331.0,53.0
2021-01-05 09:48:10.801,0.7522,0.7519,5.0,0.7514,5.0,1331.0,58.0
2021-01-05 09:48:11.291,0.7522,0.7537,16.0,0.7514,5.0,1331.0,58.0
2021-01-05 09:48:11.791,0.7522,0.7537,36.0,0.7514,5.0,1331.0,58.0
2021-01-05 09:48:12.751,0.7522,0.7537,20.0,0.7514,5.0,1331.0,58.0
2021-01-05 09:48:13.281,0.7522,0.7546,16.0,0.7514,5.0,1331.0,58.0
2021-01-05 09:48:13.760,0.7522,0.7546,36.0,0.7514,6.0,1331.0,58.0
2021-01-05 09:48:14.300,0.7522,0.7546,36.0,0.7514,6.0,1331.0,58.0
2021-01-05 09:48:14.791,0.7522,0.7546,36.0,0.7514,6.0,1331.0,58.0
2021-01-05 09:48:15.310,0.7522,0.7546,20.0,0.7514,6.0,1331.0,58.0
2021-01-05 09:48:15.831,0.7522,0.7559,16.0,0.7514,6.0,1331.0,58.0
2021-01-05 09:48:16.321,0.7522,0.7567,20.0,0.7514,6.0,1331.0,58.0
2021-01-05 09:48:16.801,0.7522,0.7567,20.0,0.7522,16.0,1331.0,58.0
2021-01-05 09:48:17.300,0.7522,0.7567,20.0,0.7522,36.0,1331.0,58.0
2021-01-05 09:48:17.811,0.7522,0.7567,20.0,0.7522,36.0,1331.0,58.0
2021-01-05 09:48:18.330,0.7522,0.7567,20.0,0.7522,36.0,1331.0,58.0
2021-01-05 09:48:18.831,0.7522,0.7567,20.0,0.7522,36.0,1331.0,58.0
2021-01-05 09:48:19.331,0.7522,0.7567,20.0,0.7522,46.0,1331.0,58.0
2021-01-05 09:48:20.311,0.7522,0.7567,20.0,0.7522,30.0,1331.0,58.0
2021-01-05 09:48:20.791,0.7522,0.7577,16.0,0.7531,16.0,1331.0,58.0
2021-01-05 09:48:21.340,0.7522,0.7577,16.0,0.7531,16.0,1331.0,58.0
2021-01-05 09:48:21.800,0.7522,0.7577,16.0,0.7531,16.0,1331.0,58.0
2021-01-05 09:48:22.301,0.7522,0.7577,16.0,0.7531,16.0,1331.0,58.0
2021-01-05 09:48:22.731,0.7522,0.7577,16.0,0.7531,16.0,1331.0,58.0
2021-01-05 09:48:23.021,0.7522,0.7577,16.0,0.7531,16.0,1331.0,58.0
2021-01-05 09:48:23.730,0.7522,0.7577,16.0,0.7531,16.0,1331.0,58.0
2021-01-05 09:48:24.731,0.7522,0.7577,16.0,0.7531,16.0,1331.0,58.0
2021-01-05 09:48:25.730,0.7522,0.7577,16.0,0.7531,16.0,1331.0,58.0
2021-01-05 09:48:26.101,0.7577,0.7577,15.0,0.7531,16.0,1331.0,59.0
2021-01-05 09:48:26.621,0.7577,0.7577,15.0,0.7531,16.0,1331.0,59.0
2021-01-05 09:48:27.181,0.7577,0.7581,30.0,0.754,16.0,1331.0,59.0
2021-01-05 09:48:28.041,0.7577,0.7587,16.0,0.7547,10.0,1331.0,59.0
2021-01-05 09:48:28.731,0.7577,0.7587,16.0,0.7547,10.0,1331.0,59.0
2021-01-05 09:48:29.011,0.7577,0.7591,20.0,0.7549,16.0,1331.0,59.0
2021-01-05 09:48:30.210,0.7577,0.7591,20.0,0.7549,16.0,1331.0,59.0
2021-01-05 09:48:31.140,0.7577,0.7591,20.0,0.7549,17.0,1331.0,59.0
2021-01-05 09:48:31.710,0.7577,0.7591,20.0,0.7549,37.0,1331.0,59.0
2021-01-05 09:48:32.200,0.7577,0.7596,16.0,0.7549,37.0,1331.0,59.0
2021-01-05 09:48:32.631,0.7577,0.76,20.0,0.7562,16.0,1331.0,59.0
2021-01-05 09:48:33.190,0.7577,0.76,20.0,0.7562,16.0,1331.0,59.0
2021-01-05 09:48:33.680,0.7577,0.7609,36.0,0.7562,36.0,1331.0,59.0
2021-01-05 09:48:34.141,0.7577,0.7609,16.0,0.7562,16.0,1331.0,59.0
2021-01-05 09:48:34.721,0.7577,0.7609,36.0,0.7562,16.0,1331.0,59.0
2021-01-05 09:48:35.220,0.7577,0.7609,16.0,0.7562,16.0,1331.0,59.0
2021-01-05 09:48:35.691,0.7577,0.7609,36.0,0.7562,16.0,1331.0,59.0
2021-01-05 09:48:36.210,0.7577,0.7609,16.0,0.7562,16.0,1331.0,59.0
2021-01-05 09:48:36.730,0.7577,0.7609,36.0,0.7562,16.0,1331.0,59.0
2021-01-05 09:48:37.211,0.7577,0.7599,16.0,0.7552,16.0,1331.0,59.0
2021-01-05 09:48:37.681,0.7577,0.7593,10.0,0.7552,16.0,1331.0,59.0
2021-01-05 09:48:38.211,0.7577,0.7593,10.0,0.7552,16.0,1331.0,59.0
2021-01-05 09:48:41.231,0.7577,0.7593,10.0,0.7552,16.0,1331.0,59.0
2021-01-05 09:48:42.190,0.7577,0.7593,10.0,0.7552,16.0,1331.0,59.0
2021-01-05 09:48:42.661,0.7577,0.7599,36.0,0.7552,16.0,1331.0,59.0
2021-01-05 09:48:43.740,0.7577,0.7599,36.0,0.7552,16.0,1331.0,59.0
2021-01-05 09:48:45.020,0.7577,0.7599,36.0,0.7552,16.0,1331.0,59.0
2021-01-05 09:48:45.531,0.7577,0.7599,20.0,0.7561,16.0,1331.0,59.0
2021-01-05 09:48:45.840,0.7577,0.7607,16.0,0.7561,36.0,1331.0,59.0
2021-01-05 09:48:47.021,0.7577,0.7607,16.0,0.7561,36.0,1331.0,59.0
2021-01-05 09:48:47.511,0.7577,0.7607,16.0,0.7561,36.0,1331.0,59.0
2021-01-05 09:48:47.911,0.7577,0.7607,16.0,0.7561,36.0,1331.0,59.0
2021-01-05 09:48:48.330,0.7577,0.7607,16.0,0.7561,36.0,1331.0,59.0
2021-01-05 09:48:49.361,0.7577,0.7607,16.0,0.7561,36.0,1331.0,59.0
2021-01-05 09:48:50.030,0.7577,0.7607,16.0,0.7561,36.0,1331.0,59.0
2021-01-05 09:48:51.031,0.7577,0.7607,16.0,0.7561,36.0,1331.0,59.0
2021-01-05 09:48:51.540,0.7577,0.7607,16.0,0.7561,36.0,1331.0,59.0
2021-01-05 09:48:52.020,0.7577,0.7607,16.0,0.7561,36.0,1331.0,59.0
2021-01-05 09:48:52.510,0.7577,0.7607,16.0,0.7561,36.0,1331.0,59.0
2021-01-05 09:48:52.700,0.7577,0.7607,16.0,0.7561,16.0,1331.0,59.0
2021-01-05 09:48:53.000,0.7577,0.7613,10.0,0.757,16.0,1331.0,59.0
2021-01-05 09:48:53.711,0.7577,0.7609,20.0,0.757,16.0,1331.0,59.0
2021-01-05 09:48:54.091,0.7577,0.7609,20.0,0.757,36.0,1331.0,59.0
2021-01-05 09:48:54.681,0.7577,0.7617,46.0,0.757,16.0,1331.0,59.0
2021-01-05 09:48:55.201,0.7577,0.7617,46.0,0.757,36.0,1331.0,59.0
2021-01-05 09:48:55.680,0.7577,0.7617,46.0,0.757,16.0,1331.0,59.0
2021-01-05 09:48:56.200,0.7577,0.7617,46.0,0.757,36.0,1331.0,59.0
2021-01-05 09:48:56.731,0.7577,0.7617,46.0,0.757,41.0,1331.0,59.0
2021-01-05 09:48:57.171,0.7577,0.7617,36.0,0.757,41.0,1331.0,59.0
2021-01-05 09:48:58.160,0.7577,0.7617,20.0,0.758,16.0,1331.0,59.0
2021-01-05 09:48:58.610,0.7577,0.7617,20.0,0.758,16.0,1331.0,59.0
2021-01-05 09:48:59.161,0.7577,0.7627,36.0,0.758,36.0,1331.0,59.0
2021-01-05 09:48:59.691,0.7577,0.7627,16.0,0.758,16.0,1331.0,59.0
2021-01-05 09:49:00.260,0.7577,0.7627,36.0,0.758,36.0,1331.0,59.0
2021-01-05 09:49:00.761,0.7577,0.7627,16.0,0.758,16.0,1331.0,59.0
2021-01-05 09:49:01.261,0.7577,0.7627,36.0,0.758,36.0,1331.0,59.0
2021-01-05 09:49:01.681,0.7577,0.7627,16.0,0.758,16.0,1331.0,59.0
2021-01-05 09:49:02.261,0.7577,0.7627,36.0,0.758,36.0,1331.0,59.0
2021-01-05 09:49:02.790,0.7577,0.7627,36.0,0.758,16.0,1331.0,59.0
2021-01-05 09:49:03.291,0.7577,0.7627,36.0,0.758,16.0,1331.0,59.0
2021-01-05 09:49:03.791,0.7577,0.7627,36.0,0.758,16.0,1331.0,59.0
2021-01-05 09:49:04.250,0.7577,0.7627,36.0,0.758,36.0,1331.0,59.0
2021-01-05 09:49:04.780,0.7577,0.7627,36.0,0.758,16.0,1331.0,59.0
2021-01-05 09:49:05.301,0.7577,0.7627,36.0,0.758,16.0,1331.0,59.0
2021-01-05 09:49:05.790,0.7577,0.7627,36.0,0.758,16.0,1331.0,59.0
2021-01-05 09:49:06.290,0.7577,0.7627,36.0,0.758,16.0,1331.0,59.0
2021-01-05 09:49:06.820,0.7577,0.7627,36.0,0.758,36.0,1331.0,59.0
2021-01-05 09:49:07.291,0.7577,0.7627,36.0,0.758,36.0,1331.0,59.0
2021-01-05 09:49:07.790,0.7577,0.7627,36.0,0.758,36.0,1331.0,59.0
2021-01-05 09:49:08.251,0.7577,0.7627,20.0,0.757,20.0,1331.0,59.0
2021-01-05 09:49:08.830,0.7577,0.7616,16.0,0.757,36.0,1331.0,59.0
2021-01-05 09:49:09.260,0.7577,0.7616,36.0,0.757,36.0,1331.0,59.0
2021-01-05 09:49:09.821,0.7577,0.7616,20.0,0.7549,1.0,1331.0,59.0
2021-01-05 09:49:10.330,0.7577,0.7606,16.0,0.7559,16.0,1331.0,59.0
2021-01-05 09:49:10.831,0.7577,0.7606,36.0,0.7559,16.0,1331.0,59.0
2021-01-05 09:49:11.321,0.7577,0.7606,36.0,0.7559,18.0,1331.0,59.0
2021-01-05 09:49:11.850,0.7577,0.7606,36.0,0.7559,28.0,1331.0,59.0
2021-01-05 09:49:12.270,0.7577,0.7606,20.0,0.7559,7.0,1331.0,59.0
2021-01-05 09:49:12.850,0.7577,0.7615,16.0,0.7568,16.0,1331.0,59.0
2021-01-05 09:49:13.310,0.7577,0.7615,36.0,0.7568,16.0,1331.0,59.0
2021-01-05 09:49:14.261,0.7577,0.7615,36.0,0.7568,16.0,1331.0,59.0
2021-01-05 09:49:16.341,0.7577,0.7615,36.0,0.7568,16.0,1331.0,59.0
2021-01-05 09:49:16.821,0.7577,0.7615,36.0,0.7568,16.0,1331.0,59.0
2021-01-05 09:49:17.300,0.7577,0.7615,36.0,0.7568,16.0,1331.0,59.0
2021-01-05 09:49:20.291,0.7577,0.7615,36.0,0.7568,16.0,1331.0,59.0
2021-01-05 09:49:21.330,0.7577,0.7615,36.0,0.7568,21.0,1331.0,59.0
2021-01-05 09:49:21.831,0.7577,0.7615,20.0,0.7568,5.0,1331.0,59.0
2021-01-05 09:49:22.150,0.7577,0.7624,16.0,0.7577,16.0,1331.0,59.0
2021-01-05 09:49:22.300,0.7577,0.7624,16.0,0.7577,16.0,1331.0,59.0
2021-01-05 09:49:23.201,0.7577,0.7624,36.0,0.7577,36.0,1331.0,59.0
2021-01-05 09:49:24.671,0.7577,0.7624,36.0,0.7577,36.0,1331.0,59.0
2021-01-05 09:49:25.710,0.7577,0.7624,36.0,0.7577,36.0,1331.0,59.0
2021-01-05 09:49:26.171,0.7577,0.7624,36.0,0.7577,36.0,1331.0,59.0
2021-01-05 09:49:29.210,0.7577,0.7624,36.0,0.7577,36.0,1331.0,59.0
2021-01-05 09:49:30.140,0.7577,0.7624,36.0,0.7577,36.0,1331.0,59.0
2021-01-05 09:49:30.640,0.7577,0.7624,36.0,0.7577,36.0,1331.0,59.0
2021-01-05 09:49:31.621,0.7577,0.7624,36.0,0.7577,41.0,1331.0,59.0
2021-01-05 09:49:32.701,0.7577,0.7624,36.0,0.7577,41.0,1331.0,59.0
2021-01-05 09:49:33.191,0.7577,0.7624,36.0,0.7577,41.0,1331.0,59.0
2021-01-05 09:49:34.171,0.7577,0.7624,36.0,0.7577,46.0,1331.0,59.0
2021-01-05 09:49:34.701,0.7577,0.7624,36.0,0.7577,52.0,1331.0,59.0
2021-01-05 09:49:35.120,0.7577,0.7624,36.0,0.7577,46.0,1331.0,59.0
2021-01-05 09:49:35.711,0.7577,0.7624,36.0,0.7577,52.0,1331.0,59.0
2021-01-05 09:49:36.171,0.7577,0.7624,36.0,0.7577,46.0,1331.0,59.0
2021-01-05 09:49:36.570,0.7577,0.7624,20.0,0.7586,16.0,1331.0,59.0
2021-01-05 09:49:37.260,0.7577,0.7633,16.0,0.7586,36.0,1331.0,59.0
2021-01-05 09:49:37.680,0.7577,0.7633,16.0,0.7586,36.0,1331.0,59.0
2021-01-05 09:49:38.180,0.7577,0.7633,16.0,0.7586,45.0,1331.0,59.0
2021-01-05 09:49:39.231,0.7577,0.7633,16.0,0.7586,44.0,1331.0,59.0
2021-01-05 09:49:39.761,0.7577,0.7633,16.0,0.7586,50.0,1331.0,59.0
2021-01-05 09:49:40.170,0.7577,0.7633,16.0,0.7586,55.0,1331.0,59.0
2021-01-05 09:49:40.581,0.7577,0.7634,10.0,0.7595,16.0,1331.0,59.0
2021-01-05 09:49:41.211,0.7577,0.7634,10.0,0.7595,16.0,1331.0,59.0
2021-01-05 09:49:41.701,0.7577,0.7634,10.0,0.7595,36.0,1331.0,59.0
2021-01-05 09:49:42.210,0.7577,0.7634,10.0,0.7595,36.0,1331.0,59.0
2021-01-05 09:49:42.700,0.7577,0.7634,10.0,0.7595,36.0,1331.0,59.0
2021-01-05 09:49:43.111,0.7577,0.7634,10.0,0.7595,36.0,1331.0,59.0
2021-01-05 09:49:43.741,0.7577,0.7634,10.0,0.7595,36.0,1331.0,59.0
2021-01-05 09:49:44.760,0.7577,0.7634,10.0,0.7595,36.0,1331.0,59.0
2021-01-05 09:49:45.171,0.7577,0.7634,10.0,0.7595,36.0,1331.0,59.0
2021-01-05 09:49:46.170,0.7577,0.7634,10.0,0.7595,36.0,1331.0,59.0
2021-01-05 09:49:46.610,0.7577,0.7634,10.0,0.7595,36.0,1331.0,59.0
2021-01-05 09:49:47.161,0.7577,0.7634,10.0,0.7595,36.0,1331.0,59.0
2021-01-05 09:49:47.691,0.7577,0.7635,20.0,0.7595,36.0,1331.0,59.0
2021-01-05 09:49:48.260,0.7577,0.7635,20.0,0.7595,36.0,1331.0,59.0
2021-01-05 09:49:48.761,0.7577,0.7635,20.0,0.7595,36.0,1331.0,59.0
2021-01-05 09:49:49.741,0.7577,0.7635,20.0,0.7595,36.0,1331.0,59.0
2021-01-05 09:49:50.221,0.7577,0.7635,20.0,0.7595,36.0,1331.0,59.0
2021-01-05 09:49:51.760,0.7577,0.7632,16.0,0.7595,20.0,1331.0,59.0
2021-01-05 09:49:52.260,0.7577,0.7632,16.0,0.7595,20.0,1331.0,59.0
2021-01-05 09:49:52.711,0.7577,0.7632,16.0,0.7586,23.0,1331.0,59.0
2021-01-05 09:49:53.220,0.7577,0.7632,16.0,0.7586,20.0,1331.0,59.0
2021-01-05 09:49:53.731,0.7577,0.7632,16.0,0.7586,20.0,1331.0,59.0
2021-01-05 09:49:54.231,0.7577,0.7623,16.0,0.7586,20.0,1331.0,59.0
2021-01-05 09:49:54.721,0.7577,0.7623,16.0,0.7586,20.0,1331.0,59.0
2021-01-05 09:49:55.210,0.7577,0.7623,36.0,0.7576,36.0,1331.0,59.0
2021-01-05 09:49:55.681,0.7577,0.7623,36.0,0.7576,36.0,1331.0,59.0
2021-01-05 09:49:56.230,0.7577,0.7623,36.0,0.7576,36.0,1331.0,59.0
2021-01-05 09:49:56.701,0.7577,0.7623,36.0,0.7576,36.0,1331.0,59.0
2021-01-05 09:49:57.141,0.7577,0.7623,36.0,0.7576,36.0,1331.0,59.0
2021-01-05 09:49:57.631,0.7577,0.7614,16.0,0.7576,20.0,1331.0,59.0
2021-01-05 09:49:58.240,0.7577,0.7614,16.0,0.7576,20.0,1331.0,59.0
2021-01-05 09:49:58.680,0.7577,0.7614,36.0,0.7576,20.0,1331.0,59.0
2021-01-05 09:49:59.220,0.7577,0.7614,36.0,0.7567,36.0,1331.0,59.0
2021-01-05 09:49:59.731,0.7577,0.7614,36.0,0.7567,36.0,1331.0,59.0
2021-01-05 09:50:00.111,0.7577,0.7605,16.0,0.7567,20.0,1331.0,59.0
2021-01-05 09:50:00.720,0.7577,0.7605,36.0,0.7558,36.0,1331.0,59.0
2021-01-05 09:50:01.621,0.7577,0.7605,36.0,0.7558,36.0,1331.0,59.0
2021-01-05 09:50:02.241,0.7577,0.7605,36.0,0.7558,36.0,1331.0,59.0
2021-01-05 09:50:02.680,0.7577,0.7605,36.0,0.7558,36.0,1331.0,59.0
2021-01-05 09:50:03.210,0.7577,0.7605,36.0,0.7558,36.0,1331.0,59.0
2021-01-05 09:50:04.241,0.7577,0.759,16.0,0.7549,1.0,1331.0,59.0
2021-01-05 09:50:04.710,0.7577,0.759,16.0,0.7549,1.0,1331.0,59.0
2021-01-05 09:50:05.231,0.7577,0.7581,16.0,0.7549,1.0,1331.0,59.0
2021-01-05 09:50:05.690,0.7577,0.7581,16.0,0.7549,1.0,1331.0,59.0
2021-01-05 09:50:06.310,0.7577,0.7581,16.0,0.7549,1.0,1331.0,59.0
2021-01-05 09:50:07.211,0.7577,0.759,20.0,0.7549,1.0,1331.0,59.0
2021-01-05 09:50:07.740,0.7577,0.759,20.0,0.7549,1.0,1331.0,59.0
2021-01-05 09:50:08.251,0.7577,0.759,20.0,0.7549,1.0,1331.0,59.0
2021-01-05 09:50:08.760,0.7577,0.759,20.0,0.7549,1.0,1331.0,59.0
2021-01-05 09:50:09.090,0.7577,0.759,20.0,0.7549,1.0,1331.0,59.0
2021-01-05 09:50:09.640,0.7577,0.759,20.0,0.7549,1.0,1331.0,59.0
2021-01-05 09:50:10.641,0.7577,0.759,20.0,0.7549,1.0,1331.0,59.0
2021-01-05 09:50:11.761,0.7577,0.759,20.0,0.7549,1.0,1331.0,59.0
2021-01-05 09:50:12.170,0.7577,0.759,20.0,0.7549,1.0,1331.0,59.0
2021-01-05 09:50:12.761,0.7577,0.759,20.0,0.7549,1.0,1331.0,59.0
2021-01-05 09:50:13.230,0.7577,0.759,20.0,0.7549,1.0,1331.0,59.0
2021-01-05 09:50:13.670,0.7577,0.7584,16.0,0.7549,1.0,1331.0,59.0
2021-01-05 09:50:14.241,0.7577,0.7584,16.0,0.7549,1.0,1331.0,59.0
2021-01-05 09:50:14.700,0.7577,0.7584,16.0,0.7549,1.0,1331.0,59.0
2021-01-05 09:50:16.191,0.7577,0.7584,16.0,0.7549,1.0,1331.0,59.0
2021-01-05 09:50:16.761,0.7577,0.7584,16.0,0.7549,1.0,1331.0,59.0
2021-01-05 09:50:17.230,0.7577,0.7584,16.0,0.7549,1.0,1331.0,59.0
2021-01-05 09:50:17.770,0.7577,0.7584,16.0,0.7549,1.0,1331.0,59.0
2021-01-05 09:50:18.271,0.7577,0.7584,16.0,0.7549,1.0,1331.0,59.0
2021-01-05 09:50:19.260,0.7577,0.7584,16.0,0.7549,1.0,1331.0,59.0
2021-01-05 09:50:19.700,0.7577,0.7584,16.0,0.7549,1.0,1331.0,59.0
2021-01-05 09:50:20.680,0.7577,0.759,20.0,0.7549,1.0,1331.0,59.0
2021-01-05 09:50:22.250,0.7577,0.759,20.0,0.7549,1.0,1331.0,59.0
2021-01-05 09:50:22.661,0.7577,0.759,20.0,0.7549,1.0,1331.0,59.0
2021-01-05 09:50:23.220,0.7577,0.7593,16.0,0.7549,1.0,1331.0,59.0
2021-01-05 09:50:23.710,0.7577,0.7593,16.0,0.7549,1.0,1331.0,59.0
2021-01-05 09:50:24.240,0.7577,0.7593,16.0,0.7549,6.0,1331.0,59.0
2021-01-05 09:50:24.720,0.7577,0.7593,16.0,0.7549,1.0,1331.0,59.0
2021-01-05 09:50:25.241,0.7577,0.7593,36.0,0.7549,1.0,1331.0,59.0
2021-01-05 09:50:25.740,0.7577,0.7593,36.0,0.7549,1.0,1331.0,59.0
2021-01-05 09:50:26.741,0.7577,0.7593,36.0,0.7549,1.0,1331.0,59.0
2021-01-05 09:50:27.210,0.7577,0.7593,36.0,0.7549,1.0,1331.0,59.0
2021-01-05 09:50:27.661,0.7577,0.7593,36.0,0.7549,1.0,1331.0,59.0
2021-01-05 09:50:28.731,0.7577,0.7593,20.0,0.7556,16.0,1331.0,59.0
2021-01-05 09:50:29.160,0.7577,0.7603,16.0,0.7556,36.0,1331.0,59.0
