,last,ask1,asize1,bid1,bsize1,oi,volume
2021-01-05 09:25:00.080,,0.7479,1.0,0.6679,1.0,2561.0,
2021-01-05 09:30:00.451,,0.7479,1.0,0.7049,20.0,2561.0,
2021-01-05 09:30:00.991,,0.7568,1.0,0.7049,20.0,2561.0,
2021-01-05 09:30:00.991,,0.7752,1.0,0.7049,20.0,2561.0,
2021-01-05 09:30:02.011,,0.7188,20.0,0.7081,20.0,2561.0,
2021-01-05 09:30:02.440,,0.7198,20.0,0.7091,20.0,2561.0,
2021-01-05 09:30:03.471,,0.7176,20.0,0.7069,20.0,2561.0,
2021-01-05 09:30:04.430,,0.7185,20.0,0.7078,20.0,2561.0,
2021-01-05 09:30:05.010,,1.1247,3.0,0.7078,20.0,2561.0,
2021-01-05 09:30:15.991,,1.1247,3.0,0.7078,20.0,2561.0,
2021-01-05 09:30:16.531,,0.7224,20.0,0.7117,20.0,2561.0,
2021-01-05 09:30:17.021,,0.7224,20.0,0.7078,20.0,2561.0,
2021-01-05 09:30:17.641,,0.7212,20.0,0.7105,20.0,2561.0,
2021-01-05 09:30:17.870,,0.72,20.0,0.7105,20.0,2561.0,
2021-01-05 09:30:18.750,,0.72,20.0,0.7105,20.0,2561.0,
2021-01-05 09:30:19.251,,0.72,20.0,0.7093,20.0,2561.0,
2021-01-05 09:30:19.751,,0.7192,20.0,0.7085,20.0,2561.0,
2021-01-05 09:30:20.740,,0.72,20.0,0.7093,20.0,2561.0,
2021-01-05 09:30:21.241,,0.72,20.0,0.7093,20.0,2561.0,
2021-01-05 09:30:22.240,,0.721,20.0,0.7103,20.0,2561.0,
2021-01-05 09:30:24.140,,0.7219,20.0,0.7112,20.0,2561.0,
2021-01-05 09:30:25.160,,0.7229,20.0,0.7122,20.0,2561.0,
2021-01-05 09:30:27.671,,0.7229,20.0,0.7112,20.0,2561.0,
2021-01-05 09:30:28.161,,0.7229,20.0,0.7112,20.0,2561.0,
2021-01-05 09:30:28.670,,0.7229,20.0,0.7119,20.0,2561.0,
2021-01-05 09:30:30.171,,0.7222,20.0,0.7112,20.0,2561.0,
2021-01-05 09:30:31.121,,0.7215,20.0,0.7112,20.0,2561.0,
2021-01-05 09:30:32.140,,0.7215,20.0,0.7104,20.0,2561.0,
2021-01-05 09:30:32.631,,0.7205,20.0,0.7104,20.0,2561.0,
2021-01-05 09:30:33.171,,0.7205,20.0,0.7104,20.0,2561.0,
2021-01-05 09:30:34.670,,0.7205,20.0,0.7097,20.0,2561.0,
2021-01-05 09:30:35.121,,0.7205,20.0,0.7102,10.0,2561.0,
2021-01-05 09:30:36.170,,0.7215,20.0,0.7104,20.0,2561.0,
2021-01-05 09:30:37.171,,0.7208,20.0,0.7104,20.0,2561.0,
2021-01-05 09:30:43.180,,0.7201,20.0,0.7104,20.0,2561.0,
2021-01-05 09:30:43.180,,0.7201,20.0,0.7104,20.0,2561.0,
2021-01-05 09:30:44.181,,0.7201,20.0,0.7104,20.0,2561.0,
2021-01-05 09:30:44.650,,0.7201,20.0,0.7104,20.0,2561.0,
2021-01-05 09:30:46.200,,0.7192,20.0,0.7104,20.0,2561.0,
2021-01-05 09:30:47.691,,0.7185,20.0,0.7104,20.0,2561.0,
2021-01-05 09:30:48.711,,0.7185,20.0,0.7104,20.0,2561.0,
2021-01-05 09:30:49.700,,0.7185,20.0,0.7104,20.0,2561.0,
2021-01-05 09:30:52.651,,0.7185,20.0,0.7104,20.0,2561.0,
2021-01-05 09:30:55.081,,0.7176,20.0,0.7104,20.0,2561.0,
2021-01-05 09:30:58.140,,0.7185,20.0,0.7104,20.0,2561.0,
2021-01-05 09:30:59.171,,0.7185,20.0,0.7104,20.0,2561.0,
2021-01-05 09:30:59.640,,0.7185,20.0,0.7104,20.0,2561.0,
2021-01-05 09:31:00.161,,0.7194,20.0,0.7104,20.0,2561.0,
2021-01-05 09:31:00.681,,0.7183,20.0,0.7104,20.0,2561.0,
2021-01-05 09:31:01.140,,0.7194,20.0,0.7104,20.0,2561.0,
2021-01-05 09:31:02.170,,0.7233,10.0,0.7102,10.0,2561.0,
2021-01-05 09:31:02.681,,0.7197,20.0,0.7102,10.0,2561.0,
2021-01-05 09:31:03.680,,0.7204,20.0,0.7102,10.0,2561.0,
2021-01-05 09:31:05.670,,0.7204,20.0,0.7102,10.0,2561.0,
2021-01-05 09:31:06.681,,0.7191,20.0,0.7102,10.0,2561.0,
2021-01-05 09:31:08.650,,0.718,20.0,0.7102,10.0,2561.0,
2021-01-05 09:31:09.051,,0.7191,20.0,0.7102,10.0,2561.0,
2021-01-05 09:31:09.701,,0.7191,20.0,0.7102,10.0,2561.0,
2021-01-05 09:31:10.690,,0.7184,20.0,0.7102,10.0,2561.0,
2021-01-05 09:31:12.711,,0.7191,20.0,0.7102,10.0,2561.0,
2021-01-05 09:31:13.710,,0.7191,20.0,0.7102,10.0,2561.0,
2021-01-05 09:31:14.690,,0.7191,20.0,0.7102,10.0,2561.0,
2021-01-05 09:31:16.180,,0.7191,20.0,0.7102,10.0,2561.0,
2021-01-05 09:31:17.201,,0.7184,20.0,0.7102,10.0,2561.0,
2021-01-05 09:31:18.201,,0.7184,20.0,0.7102,10.0,2561.0,
2021-01-05 09:31:19.150,,0.7184,20.0,0.7102,10.0,2561.0,
2021-01-05 09:31:19.721,,0.7184,20.0,0.7102,30.0,2561.0,
2021-01-05 09:31:20.171,,0.7184,20.0,0.7102,30.0,2561.0,
2021-01-05 09:31:20.630,,0.717,20.0,0.7102,30.0,2561.0,
2021-01-05 09:31:21.221,,0.7184,20.0,0.7102,30.0,2561.0,
2021-01-05 09:31:22.211,,0.7184,20.0,0.7102,30.0,2561.0,
2021-01-05 09:31:22.211,,0.7184,20.0,0.7102,30.0,2561.0,
2021-01-05 09:31:23.171,,0.7184,20.0,0.7124,10.0,2561.0,
2021-01-05 09:31:23.640,,0.7184,20.0,0.7128,10.0,2561.0,
2021-01-05 09:31:24.660,,0.7184,20.0,0.7128,10.0,2561.0,
2021-01-05 09:31:25.150,,0.7184,20.0,0.7128,10.0,2561.0,
2021-01-05 09:31:25.640,,0.7184,20.0,0.7128,10.0,2561.0,
2021-01-05 09:31:26.141,,0.7184,20.0,0.7128,10.0,2561.0,
2021-01-05 09:31:26.681,,0.7184,20.0,0.7128,10.0,2561.0,
2021-01-05 09:31:27.171,,0.7184,20.0,0.7128,10.0,2561.0,
2021-01-05 09:31:27.601,,0.7184,20.0,0.7128,10.0,2561.0,
2021-01-05 09:31:28.610,,0.7184,20.0,0.7128,10.0,2561.0,
2021-01-05 09:31:29.171,,0.7184,20.0,0.7128,10.0,2561.0,
2021-01-05 09:31:30.170,,0.7184,20.0,0.7128,10.0,2561.0,
2021-01-05 09:31:30.671,,0.7184,20.0,0.7128,10.0,2561.0,
2021-01-05 09:31:31.150,,0.7184,20.0,0.7128,10.0,2561.0,
2021-01-05 09:31:31.661,,0.7184,20.0,0.7128,10.0,2561.0,
2021-01-05 09:31:32.191,,0.7184,20.0,0.7128,10.0,2561.0,
2021-01-05 09:31:32.671,,0.7184,20.0,0.7128,10.0,2561.0,
2021-01-05 09:31:33.190,,0.7184,20.0,0.7128,10.0,2561.0,
2021-01-05 09:31:34.181,,0.7184,20.0,0.7128,10.0,2561.0,
2021-01-05 09:31:34.681,,0.7184,20.0,0.7128,10.0,2561.0,
2021-01-05 09:31:35.190,,0.7184,20.0,0.7128,10.0,2561.0,
2021-01-05 09:31:35.670,,0.7184,20.0,0.7128,10.0,2561.0,
2021-01-05 09:31:36.181,,0.7184,20.0,0.7128,10.0,2561.0,
2021-01-05 09:31:36.690,,0.7184,20.0,0.7128,10.0,2561.0,
2021-01-05 09:31:37.191,,0.7184,20.0,0.7128,10.0,2561.0,
2021-01-05 09:31:38.190,,0.7175,20.0,0.7109,10.0,2561.0,
2021-01-05 09:31:39.210,,0.7175,20.0,0.7107,10.0,2561.0,
2021-01-05 09:31:39.710,,0.7175,20.0,0.7109,10.0,2561.0,
2021-01-05 09:31:40.711,,0.7166,20.0,0.7102,10.0,2561.0,
2021-01-05 09:31:41.191,,0.7166,20.0,0.7102,10.0,2561.0,
2021-01-05 09:31:41.700,,0.7166,20.0,0.7102,10.0,2561.0,
2021-01-05 09:31:42.211,,0.7166,20.0,0.7102,10.0,2561.0,
2021-01-05 09:31:43.191,,0.7166,20.0,0.7104,10.0,2561.0,
2021-01-05 09:31:43.710,,0.7166,20.0,0.7106,10.0,2561.0,
2021-01-05 09:31:44.190,,0.7175,20.0,0.7106,10.0,2561.0,
2021-01-05 09:31:44.691,,0.7175,20.0,0.7111,10.0,2561.0,
2021-01-05 09:31:45.170,,0.7175,20.0,0.7101,20.0,2561.0,
2021-01-05 09:31:45.700,,0.7175,20.0,0.7105,10.0,2561.0,
2021-01-05 09:31:46.171,,0.7175,20.0,0.7101,10.0,2561.0,
2021-01-05 09:31:46.701,,0.7166,20.0,0.7101,10.0,2561.0,
2021-01-05 09:31:47.191,,0.7166,20.0,0.7101,10.0,2561.0,
2021-01-05 09:31:47.690,,0.7168,20.0,0.7101,10.0,2561.0,
2021-01-05 09:31:49.221,,0.7168,20.0,0.7101,10.0,2561.0,
2021-01-05 09:31:49.711,,0.7164,10.0,0.71,20.0,2561.0,
2021-01-05 09:31:50.191,,0.7164,10.0,0.7092,20.0,2561.0,
2021-01-05 09:31:50.710,,0.7158,20.0,0.7092,20.0,2561.0,
2021-01-05 09:31:51.210,,0.7158,20.0,0.7092,20.0,2561.0,
2021-01-05 09:31:52.220,,0.7158,20.0,0.7088,10.0,2561.0,
2021-01-05 09:31:52.621,,0.7158,20.0,0.7084,20.0,2561.0,
2021-01-05 09:31:53.171,,0.7151,20.0,0.7077,30.0,2561.0,
2021-01-05 09:31:53.630,,0.7134,10.0,0.7077,20.0,2561.0,
2021-01-05 09:31:54.151,,0.7134,30.0,0.7077,20.0,2561.0,
2021-01-05 09:31:54.641,,0.7134,30.0,0.7077,20.0,2561.0,
2021-01-05 09:31:55.150,,0.7134,30.0,0.7077,20.0,2561.0,
2021-01-05 09:31:55.670,,0.7134,30.0,0.7077,20.0,2561.0,
2021-01-05 09:31:56.110,,0.7134,30.0,0.7069,30.0,2561.0,
2021-01-05 09:31:57.171,,0.7134,30.0,0.7069,30.0,2561.0,
2021-01-05 09:31:58.171,,0.7134,30.0,0.7072,10.0,2561.0,
2021-01-05 09:31:59.180,,0.7134,30.0,0.7069,40.0,2561.0,
2021-01-05 09:31:59.660,,0.7134,30.0,0.7072,10.0,2561.0,
2021-01-05 09:32:00.150,,0.7134,30.0,0.7073,10.0,2561.0,
2021-01-05 09:32:00.650,,0.7134,30.0,0.7069,30.0,2561.0,
2021-01-05 09:32:01.170,,0.7134,30.0,0.7069,30.0,2561.0,
2021-01-05 09:32:01.670,,0.7134,30.0,0.7073,10.0,2561.0,
2021-01-05 09:32:02.171,,0.7134,30.0,0.7075,10.0,2561.0,
2021-01-05 09:32:02.671,,0.7134,30.0,0.708,10.0,2561.0,
2021-01-05 09:32:03.180,,0.7134,10.0,0.708,10.0,2561.0,
2021-01-05 09:32:03.641,,0.7134,30.0,0.708,30.0,2561.0,
2021-01-05 09:32:04.161,,0.7134,30.0,0.7081,10.0,2561.0,
2021-01-05 09:32:04.661,,0.7134,30.0,0.708,20.0,2561.0,
2021-01-05 09:32:05.141,,0.7134,30.0,0.7073,20.0,2561.0,
2021-01-05 09:32:05.660,,0.7134,30.0,0.7074,10.0,2561.0,
2021-01-05 09:32:06.161,,0.7134,30.0,0.7073,20.0,2561.0,
2021-01-05 09:32:06.680,,0.7134,30.0,0.7069,30.0,2561.0,
2021-01-05 09:32:07.070,,0.7134,30.0,0.7071,10.0,2561.0,
2021-01-05 09:32:07.671,,0.7134,20.0,0.7071,10.0,2561.0,
2021-01-05 09:32:08.100,,0.7151,20.0,0.7071,10.0,2561.0,
2021-01-05 09:32:08.670,,0.7151,30.0,0.7069,20.0,2561.0,
2021-01-05 09:32:09.141,,0.7146,10.0,0.7069,20.0,2561.0,
2021-01-05 09:32:09.681,,0.7147,10.0,0.7069,20.0,2561.0,
2021-01-05 09:32:10.161,,0.7151,20.0,0.7069,20.0,2561.0,
2021-01-05 09:32:10.630,,0.7146,10.0,0.7069,20.0,2561.0,
2021-01-05 09:32:11.170,,0.7149,10.0,0.7069,20.0,2561.0,
2021-01-05 09:32:11.650,,0.7151,20.0,0.7069,20.0,2561.0,
2021-01-05 09:32:12.161,,0.7151,20.0,0.7071,10.0,2561.0,
2021-01-05 09:32:12.670,,0.7151,20.0,0.7072,10.0,2561.0,
2021-01-05 09:32:13.171,,0.7151,20.0,0.7072,10.0,2561.0,
2021-01-05 09:32:14.180,,0.7151,20.0,0.7072,10.0,2561.0,
2021-01-05 09:32:14.660,,0.7151,20.0,0.7069,20.0,2561.0,
2021-01-05 09:32:15.171,,0.715,10.0,0.7069,20.0,2561.0,
2021-01-05 09:32:15.671,,0.7147,10.0,0.7069,20.0,2561.0,
2021-01-05 09:32:16.151,,0.7149,10.0,0.7069,20.0,2561.0,
2021-01-05 09:32:17.161,,0.7151,20.0,0.7069,20.0,2561.0,
2021-01-05 09:32:17.651,,0.7149,10.0,0.7069,20.0,2561.0,
2021-01-05 09:32:18.670,,0.7145,10.0,0.7069,20.0,2561.0,
2021-01-05 09:32:19.670,,0.7145,10.0,0.7069,20.0,2561.0,
2021-01-05 09:32:20.671,,0.7151,30.0,0.7069,20.0,2561.0,
2021-01-05 09:32:21.171,,0.7151,20.0,0.7069,20.0,2561.0,
2021-01-05 09:32:21.680,,0.7151,20.0,0.7072,10.0,2561.0,
2021-01-05 09:32:21.960,,0.7151,20.0,0.7072,10.0,2561.0,
2021-01-05 09:32:24.091,,0.7151,20.0,0.7069,20.0,2561.0,
2021-01-05 09:32:24.640,,0.7151,20.0,0.7069,20.0,2561.0,
2021-01-05 09:32:25.170,,0.7147,10.0,0.7069,20.0,2561.0,
2021-01-05 09:32:25.670,,0.7151,30.0,0.7069,20.0,2561.0,
2021-01-05 09:32:26.171,,0.7151,20.0,0.7069,20.0,2561.0,
2021-01-05 09:32:26.650,,0.7143,10.0,0.7069,20.0,2561.0,
2021-01-05 09:32:27.151,,0.7143,30.0,0.7069,20.0,2561.0,
2021-01-05 09:32:27.670,,0.7127,10.0,0.7069,20.0,2561.0,
2021-01-05 09:32:28.171,,0.7127,30.0,0.7062,30.0,2561.0,
2021-01-05 09:32:28.630,,0.7127,30.0,0.7062,30.0,2561.0,
2021-01-05 09:32:29.650,,0.7127,30.0,0.7062,30.0,2561.0,
2021-01-05 09:32:30.171,,0.7127,30.0,0.7062,30.0,2561.0,
2021-01-05 09:32:31.151,,0.7127,30.0,0.7062,30.0,2561.0,
2021-01-05 09:32:31.691,,0.7127,30.0,0.7062,30.0,2561.0,
2021-01-05 09:32:32.121,,0.7127,30.0,0.7062,30.0,2561.0,
2021-01-05 09:32:33.141,,0.7127,30.0,0.7062,30.0,2561.0,
2021-01-05 09:32:33.671,,0.7127,30.0,0.7062,30.0,2561.0,
2021-01-05 09:32:34.171,,0.7127,30.0,0.7062,30.0,2561.0,
2021-01-05 09:32:34.691,,0.7127,30.0,0.7062,30.0,2561.0,
2021-01-05 09:32:35.170,,0.7127,30.0,0.7062,30.0,2561.0,
2021-01-05 09:32:35.671,,0.7127,30.0,0.7062,30.0,2561.0,
2021-01-05 09:32:38.670,,0.7127,30.0,0.7062,40.0,2561.0,
2021-01-05 09:32:39.200,,0.7127,30.0,0.7062,30.0,2561.0,
2021-01-05 09:32:39.630,,0.7127,30.0,0.7062,30.0,2561.0,
2021-01-05 09:32:41.690,,0.7127,30.0,0.7062,30.0,2561.0,
2021-01-05 09:32:42.201,,0.7127,30.0,0.7062,30.0,2561.0,
2021-01-05 09:32:42.700,,0.7127,30.0,0.7062,30.0,2561.0,
2021-01-05 09:32:43.190,,0.7127,30.0,0.7062,30.0,2561.0,
2021-01-05 09:32:43.580,,0.7127,30.0,0.7062,30.0,2561.0,
2021-01-05 09:32:44.151,,0.7127,30.0,0.7062,30.0,2561.0,
2021-01-05 09:32:44.700,,0.7127,30.0,0.7063,2.0,2561.0,
2021-01-05 09:32:45.580,,0.7127,30.0,0.7062,30.0,2561.0,
2021-01-05 09:32:46.160,,0.7127,30.0,0.7062,30.0,2561.0,
2021-01-05 09:32:47.701,,0.7127,30.0,0.7062,30.0,2561.0,
2021-01-05 09:32:48.181,,0.7127,30.0,0.7062,30.0,2561.0,
2021-01-05 09:32:48.690,,0.7127,30.0,0.7062,30.0,2561.0,
2021-01-05 09:32:49.190,,0.7127,30.0,0.7062,30.0,2561.0,
2021-01-05 09:32:49.670,,0.7115,10.0,0.7042,10.0,2561.0,
2021-01-05 09:32:50.171,,0.7114,10.0,0.7036,10.0,2561.0,
2021-01-05 09:32:50.700,,0.7115,30.0,0.7045,10.0,2561.0,
2021-01-05 09:32:51.170,,0.7115,30.0,0.7042,20.0,2561.0,
2021-01-05 09:32:51.701,,0.711,10.0,0.7042,20.0,2561.0,
2021-01-05 09:32:52.191,,0.7115,10.0,0.7036,10.0,2561.0,
2021-01-05 09:32:52.671,,0.7115,30.0,0.7036,30.0,2561.0,
2021-01-05 09:32:53.161,,0.7115,30.0,0.7039,10.0,2561.0,
2021-01-05 09:32:53.641,,0.7115,30.0,0.7043,10.0,2561.0,
2021-01-05 09:32:54.181,,0.7115,30.0,0.7048,10.0,2561.0,
2021-01-05 09:32:54.671,,0.7115,30.0,0.705,10.0,2561.0,
2021-01-05 09:32:55.170,,0.7115,30.0,0.7048,20.0,2561.0,
2021-01-05 09:32:55.670,,0.7115,30.0,0.7048,20.0,2561.0,
2021-01-05 09:32:56.150,,0.7115,30.0,0.7048,20.0,2561.0,
2021-01-05 09:32:56.611,,0.7115,30.0,0.7037,10.0,2561.0,
2021-01-05 09:32:57.181,,0.7115,30.0,0.7042,10.0,2561.0,
2021-01-05 09:32:57.600,,0.7115,30.0,0.7044,10.0,2561.0,
2021-01-05 09:32:58.171,,0.7115,30.0,0.7044,20.0,2561.0,
2021-01-05 09:32:58.651,,0.7115,30.0,0.7039,10.0,2561.0,
2021-01-05 09:32:59.621,,0.7115,30.0,0.7036,40.0,2561.0,
2021-01-05 09:33:00.111,,0.7115,30.0,0.7036,40.0,2561.0,
2021-01-05 09:33:00.651,,0.7115,30.0,0.7037,10.0,2561.0,
2021-01-05 09:33:01.141,,0.7115,10.0,0.7041,10.0,2561.0,
2021-01-05 09:33:01.661,,0.7115,30.0,0.7045,10.0,2561.0,
2021-01-05 09:33:02.130,,0.7115,30.0,0.7045,10.0,2561.0,
2021-01-05 09:33:02.620,,0.7115,20.0,0.706,10.0,2561.0,
2021-01-05 09:33:03.171,,0.7115,20.0,0.706,30.0,2561.0,
2021-01-05 09:33:03.681,,0.7115,20.0,0.706,20.0,2561.0,
2021-01-05 09:33:04.140,,0.7115,20.0,0.706,20.0,2561.0,
2021-01-05 09:33:04.651,,0.7134,30.0,0.706,20.0,2561.0,
2021-01-05 09:33:05.181,,0.7134,10.0,0.706,30.0,2561.0,
2021-01-05 09:33:05.690,,0.7134,10.0,0.7061,10.0,2561.0,
2021-01-05 09:33:06.170,,0.7134,30.0,0.7064,10.0,2561.0,
2021-01-05 09:33:07.171,,0.7134,30.0,0.7068,30.0,2561.0,
2021-01-05 09:33:07.601,,0.7134,30.0,0.7068,20.0,2561.0,
2021-01-05 09:33:08.191,,0.7134,30.0,0.7068,20.0,2561.0,
2021-01-05 09:33:08.681,,0.7134,30.0,0.706,20.0,2561.0,
2021-01-05 09:33:09.181,,0.7134,30.0,0.706,20.0,2561.0,
2021-01-05 09:33:09.651,,0.7134,30.0,0.706,20.0,2561.0,
2021-01-05 09:33:10.180,,0.7134,30.0,0.706,20.0,2561.0,
2021-01-05 09:33:10.681,,0.7134,20.0,0.7082,10.0,2561.0,
2021-01-05 09:33:11.180,,0.7134,20.0,0.7082,30.0,2561.0,
2021-01-05 09:33:11.670,,0.7134,20.0,0.7082,30.0,2561.0,
2021-01-05 09:33:12.181,,0.7134,20.0,0.7082,30.0,2561.0,
2021-01-05 09:33:12.650,,0.7134,20.0,0.7082,30.0,2561.0,
2021-01-05 09:33:13.100,,0.7134,20.0,0.7082,30.0,2561.0,
2021-01-05 09:33:13.691,,0.7134,20.0,0.7082,30.0,2561.0,
2021-01-05 09:33:14.070,,0.7134,20.0,0.7082,30.0,2561.0,
2021-01-05 09:33:14.650,,0.7134,20.0,0.7082,30.0,2561.0,
2021-01-05 09:33:15.140,,0.7134,20.0,0.7082,30.0,2561.0,
2021-01-05 09:33:16.181,,0.7134,20.0,0.7082,30.0,2561.0,
2021-01-05 09:33:16.671,,0.7134,20.0,0.7099,10.0,2561.0,
2021-01-05 09:33:17.190,,0.7143,20.0,0.7099,10.0,2561.0,
2021-01-05 09:33:17.691,,0.7143,20.0,0.7099,30.0,2561.0,
2021-01-05 09:33:18.160,,0.7143,20.0,0.7099,10.0,2561.0,
2021-01-05 09:33:18.680,,0.7143,20.0,0.7099,30.0,2561.0,
2021-01-05 09:33:19.191,,0.7143,20.0,0.7099,10.0,2561.0,
2021-01-05 09:33:19.660,,0.7143,20.0,0.7099,30.0,2561.0,
2021-01-05 09:33:20.171,,0.7143,20.0,0.7099,10.0,2561.0,
2021-01-05 09:33:20.680,,0.7143,20.0,0.7099,30.0,2561.0,
2021-01-05 09:33:21.160,,0.7143,20.0,0.7099,10.0,2561.0,
2021-01-05 09:33:21.681,,0.7143,20.0,0.7099,30.0,2561.0,
2021-01-05 09:33:22.150,,0.7143,20.0,0.7099,10.0,2561.0,
2021-01-05 09:33:22.670,,0.7143,20.0,0.7099,30.0,2561.0,
2021-01-05 09:33:23.151,,0.7143,20.0,0.7099,30.0,2561.0,
2021-01-05 09:33:23.660,,0.7143,20.0,0.7099,32.0,2561.0,
2021-01-05 09:33:24.171,,0.7143,20.0,0.7099,30.0,2561.0,
2021-01-05 09:33:24.661,,0.7143,20.0,0.7099,30.0,2561.0,
2021-01-05 09:33:25.671,,0.7143,20.0,0.7099,30.0,2561.0,
2021-01-05 09:33:26.161,,0.7143,20.0,0.7099,30.0,2561.0,
2021-01-05 09:33:27.171,,0.7146,10.0,0.7099,30.0,2561.0,
2021-01-05 09:33:27.681,,0.7146,10.0,0.7099,30.0,2561.0,
2021-01-05 09:33:28.180,,0.7146,10.0,0.7099,30.0,2561.0,
2021-01-05 09:33:28.670,,0.7146,10.0,0.7099,30.0,2561.0,
2021-01-05 09:33:29.171,,0.7146,10.0,0.7099,30.0,2561.0,
2021-01-05 09:33:30.180,,0.7146,10.0,0.7099,30.0,2561.0,
2021-01-05 09:33:31.680,,0.7146,10.0,0.7099,30.0,2561.0,
2021-01-05 09:33:32.170,,0.7146,10.0,0.7099,30.0,2561.0,
2021-01-05 09:33:35.690,,0.7146,10.0,0.7099,30.0,2561.0,
2021-01-05 09:33:36.681,,0.7146,10.0,0.7099,30.0,2561.0,
2021-01-05 09:33:37.190,,0.7146,10.0,0.7099,30.0,2561.0,
2021-01-05 09:33:37.640,,0.7146,10.0,0.7099,30.0,2561.0,
2021-01-05 09:33:38.621,,0.7146,10.0,0.7099,30.0,2561.0,
2021-01-05 09:33:39.201,,0.7146,10.0,0.7099,30.0,2561.0,
2021-01-05 09:33:39.641,,0.7146,10.0,0.7099,30.0,2561.0,
2021-01-05 09:33:40.160,,0.7146,10.0,0.7099,30.0,2561.0,
2021-01-05 09:33:41.161,,0.7146,10.0,0.7099,30.0,2561.0,
2021-01-05 09:33:41.691,,0.7146,10.0,0.7099,30.0,2561.0,
2021-01-05 09:33:42.160,,0.7151,20.0,0.7099,20.0,2561.0,
2021-01-05 09:33:43.180,,0.7151,20.0,0.7082,30.0,2561.0,
2021-01-05 09:33:44.110,,0.7151,20.0,0.7083,2.0,2561.0,
2021-01-05 09:33:44.671,,0.7151,20.0,0.7083,2.0,2561.0,
2021-01-05 09:33:45.180,,0.7151,20.0,0.7083,2.0,2561.0,
2021-01-05 09:33:45.660,,0.7151,20.0,0.7082,30.0,2561.0,
2021-01-05 09:33:46.161,,0.7151,20.0,0.7082,30.0,2561.0,
2021-01-05 09:33:46.680,,0.7151,20.0,0.7082,30.0,2561.0,
2021-01-05 09:33:47.191,,0.7151,20.0,0.7082,30.0,2561.0,
2021-01-05 09:33:48.680,,0.7151,20.0,0.7082,30.0,2561.0,
2021-01-05 09:33:49.051,,0.7137,10.0,0.7082,20.0,2561.0,
2021-01-05 09:33:49.681,,0.7137,30.0,0.7082,20.0,2561.0,
2021-01-05 09:33:50.180,,0.7137,30.0,0.7082,20.0,2561.0,
2021-01-05 09:33:50.670,,0.7137,30.0,0.7067,30.0,2561.0,
2021-01-05 09:33:51.141,,0.7137,30.0,0.7068,12.0,2561.0,
2021-01-05 09:33:51.581,,0.7137,30.0,0.707,10.0,2561.0,
2021-01-05 09:33:52.190,,0.7137,30.0,0.7072,10.0,2561.0,
2021-01-05 09:33:52.661,,0.7137,30.0,0.7068,2.0,2561.0,
2021-01-05 09:33:53.171,,0.7137,30.0,0.7068,12.0,2561.0,
2021-01-05 09:33:53.650,,0.7137,30.0,0.7072,10.0,2561.0,
2021-01-05 09:33:54.610,,0.7137,30.0,0.7071,10.0,2561.0,
2021-01-05 09:33:55.181,,0.7137,30.0,0.707,10.0,2561.0,
2021-01-05 09:33:55.650,,0.7137,30.0,0.7068,12.0,2561.0,
2021-01-05 09:33:56.120,,0.7137,30.0,0.707,10.0,2561.0,
2021-01-05 09:33:56.681,,0.7137,30.0,0.7071,2.0,2561.0,
2021-01-05 09:33:57.171,,0.7137,30.0,0.7071,2.0,2561.0,
2021-01-05 09:33:57.671,,0.7137,30.0,0.7071,2.0,2561.0,
2021-01-05 09:33:58.170,,0.7137,30.0,0.7068,2.0,2561.0,
2021-01-05 09:33:58.670,,0.7137,30.0,0.7068,2.0,2561.0,
2021-01-05 09:33:59.140,,0.7137,30.0,0.7067,20.0,2561.0,
2021-01-05 09:33:59.690,,0.7137,30.0,0.7067,20.0,2561.0,
2021-01-05 09:34:00.191,,0.7129,16.0,0.7067,20.0,2561.0,
2021-01-05 09:34:00.671,,0.7129,36.0,0.7067,20.0,2561.0,
2021-01-05 09:34:01.661,,0.7129,36.0,0.7067,20.0,2561.0,
2021-01-05 09:34:02.170,,0.7129,36.0,0.7067,20.0,2561.0,
2021-01-05 09:34:02.671,,0.7129,36.0,0.7067,20.0,2561.0,
2021-01-05 09:34:03.171,,0.7129,36.0,0.7067,20.0,2561.0,
2021-01-05 09:34:03.670,,0.7129,36.0,0.7067,20.0,2561.0,
2021-01-05 09:34:05.121,,0.7129,36.0,0.7067,20.0,2561.0,
2021-01-05 09:34:06.671,,0.7113,10.0,0.7067,20.0,2561.0,
2021-01-05 09:34:07.130,,0.7113,30.0,0.7052,30.0,2561.0,
2021-01-05 09:34:07.601,,0.7113,30.0,0.7052,20.0,2561.0,
2021-01-05 09:34:08.171,,0.7113,30.0,0.7052,20.0,2561.0,
2021-01-05 09:34:08.690,,0.7092,10.0,0.7052,20.0,2561.0,
2021-01-05 09:34:09.170,,0.7092,30.0,0.7052,20.0,2561.0,
2021-01-05 09:34:09.670,,0.7092,30.0,0.7052,20.0,2561.0,
2021-01-05 09:34:10.140,,0.7092,30.0,0.7052,20.0,2561.0,
2021-01-05 09:34:10.690,,0.7092,30.0,0.7052,20.0,2561.0,
2021-01-05 09:34:11.681,,0.71,20.0,0.7059,10.0,2561.0,
2021-01-05 09:34:12.121,,0.71,20.0,0.7059,10.0,2561.0,
2021-01-05 09:34:12.640,,0.7111,10.0,0.7059,30.0,2561.0,
2021-01-05 09:34:13.191,,0.7111,10.0,0.7059,30.0,2561.0,
2021-01-05 09:34:13.681,,0.7111,10.0,0.7059,30.0,2561.0,
2021-01-05 09:34:14.181,,0.7111,10.0,0.7059,30.0,2561.0,
2021-01-05 09:34:14.691,,0.7111,10.0,0.7059,10.0,2561.0,
2021-01-05 09:34:15.181,,0.7115,20.0,0.7081,10.0,2561.0,
2021-01-05 09:34:15.681,,0.7115,20.0,0.7081,10.0,2561.0,
2021-01-05 09:34:16.190,,0.7128,30.0,0.7081,10.0,2561.0,
2021-01-05 09:34:16.630,,0.7128,30.0,0.7081,10.0,2561.0,
2021-01-05 09:34:17.070,,0.7112,10.0,0.707,20.0,2561.0,
2021-01-05 09:34:17.690,,0.7112,10.0,0.707,20.0,2561.0,
2021-01-05 09:34:18.201,,0.7112,30.0,0.7065,10.0,2561.0,
2021-01-05 09:34:18.620,,0.7112,10.0,0.7065,10.0,2561.0,
2021-01-05 09:34:19.041,,0.7112,30.0,0.7065,10.0,2561.0,
2021-01-05 09:34:19.700,,0.7112,30.0,0.7065,10.0,2561.0,
2021-01-05 09:34:20.180,,0.7112,30.0,0.7065,10.0,2561.0,
2021-01-05 09:34:20.651,,0.7112,30.0,0.7065,10.0,2561.0,
2021-01-05 09:34:21.200,,0.7112,30.0,0.7065,10.0,2561.0,
2021-01-05 09:34:21.690,,0.7112,30.0,0.7065,10.0,2561.0,
2021-01-05 09:34:22.151,,0.7102,10.0,0.7059,20.0,2561.0,
2021-01-05 09:34:22.651,,0.7102,30.0,0.7049,36.0,2561.0,
2021-01-05 09:34:24.600,,0.7102,30.0,0.7049,36.0,2561.0,
2021-01-05 09:34:25.171,,0.7102,30.0,0.7049,36.0,2561.0,
2021-01-05 09:34:25.671,,0.7102,30.0,0.7049,36.0,2561.0,
2021-01-05 09:34:26.641,,0.7102,30.0,0.7049,36.0,2561.0,
2021-01-05 09:34:27.150,,0.7102,30.0,0.7049,36.0,2561.0,
2021-01-05 09:34:29.601,,0.7102,30.0,0.7049,36.0,2561.0,
2021-01-05 09:34:30.170,,0.7102,30.0,0.7049,36.0,2561.0,
2021-01-05 09:34:30.681,,0.7102,30.0,0.7049,36.0,2561.0,
2021-01-05 09:34:31.190,,0.7102,30.0,0.7049,36.0,2561.0,
2021-01-05 09:34:31.691,,0.7102,30.0,0.7049,20.0,2561.0,
2021-01-05 09:34:32.121,,0.7102,30.0,0.7041,30.0,2561.0,
2021-01-05 09:34:32.690,,0.7102,30.0,0.7041,30.0,2561.0,
2021-01-05 09:34:33.090,,0.7102,30.0,0.7041,30.0,2561.0,
2021-01-05 09:34:33.691,,0.7102,30.0,0.7041,30.0,2561.0,
2021-01-05 09:34:34.171,,0.7102,30.0,0.7041,30.0,2561.0,
2021-01-05 09:34:34.640,,0.7102,30.0,0.7041,30.0,2561.0,
2021-01-05 09:34:35.130,,0.7102,30.0,0.7041,30.0,2561.0,
2021-01-05 09:34:35.691,,0.7102,30.0,0.7041,30.0,2561.0,
2021-01-05 09:34:36.171,,0.7102,30.0,0.7041,30.0,2561.0,
2021-01-05 09:34:36.680,,0.7102,30.0,0.7041,30.0,2561.0,
2021-01-05 09:34:37.700,,0.708,10.0,0.7041,20.0,2561.0,
2021-01-05 09:34:38.171,,0.708,30.0,0.7034,36.0,2561.0,
2021-01-05 09:34:38.690,,0.708,30.0,0.7034,20.0,2561.0,
2021-01-05 09:34:39.091,,0.708,30.0,0.7034,20.0,2561.0,
2021-01-05 09:34:40.171,,0.708,20.0,0.7034,20.0,2561.0,
2021-01-05 09:34:40.651,,0.708,20.0,0.702,10.0,2561.0,
2021-01-05 09:34:41.201,,0.708,20.0,0.7018,36.0,2561.0,
2021-01-05 09:34:41.700,,0.708,20.0,0.7018,36.0,2561.0,
2021-01-05 09:34:42.171,,0.708,20.0,0.7018,36.0,2561.0,
2021-01-05 09:34:42.680,,0.708,20.0,0.7018,36.0,2561.0,
2021-01-05 09:34:44.701,,0.708,20.0,0.7018,36.0,2561.0,
2021-01-05 09:34:45.200,,0.708,20.0,0.7018,36.0,2561.0,
2021-01-05 09:34:45.721,,0.708,20.0,0.7018,36.0,2561.0,
2021-01-05 09:34:46.201,,0.708,20.0,0.7018,36.0,2561.0,
2021-01-05 09:34:46.660,,0.708,20.0,0.7018,36.0,2561.0,
2021-01-05 09:34:47.701,,0.708,20.0,0.7018,36.0,2561.0,
2021-01-05 09:34:49.210,,0.708,20.0,0.7018,36.0,2561.0,
2021-01-05 09:34:50.220,,0.708,20.0,0.7018,36.0,2561.0,
2021-01-05 09:34:51.200,,0.708,20.0,0.7018,36.0,2561.0,
2021-01-05 09:34:51.701,,0.708,20.0,0.7018,36.0,2561.0,
2021-01-05 09:34:52.220,,0.708,20.0,0.7018,36.0,2561.0,
2021-01-05 09:34:52.650,,0.708,20.0,0.7018,36.0,2561.0,
2021-01-05 09:34:53.180,,0.708,20.0,0.7018,36.0,2561.0,
2021-01-05 09:34:53.651,,0.7065,10.0,0.7018,36.0,2561.0,
2021-01-05 09:34:54.170,,0.7065,30.0,0.7018,36.0,2561.0,
2021-01-05 09:34:54.631,,0.7065,30.0,0.7018,20.0,2561.0,
2021-01-05 09:34:55.161,,0.7049,10.0,0.7018,20.0,2561.0,
2021-01-05 09:34:55.680,,0.7049,10.0,0.701,20.0,2561.0,
2021-01-05 09:34:56.131,,0.7049,10.0,0.7002,30.0,2561.0,
2021-01-05 09:34:56.681,,0.7049,10.0,0.7002,30.0,2561.0,
2021-01-05 09:34:57.171,,0.7049,10.0,0.7002,30.0,2561.0,
2021-01-05 09:34:58.160,,0.7049,10.0,0.7002,30.0,2561.0,
2021-01-05 09:34:58.640,,0.7049,10.0,0.7002,30.0,2561.0,
2021-01-05 09:34:59.170,,0.7049,10.0,0.7002,30.0,2561.0,
2021-01-05 09:34:59.660,,0.7049,10.0,0.7002,30.0,2561.0,
2021-01-05 09:35:00.640,,0.7049,10.0,0.7002,30.0,2561.0,
2021-01-05 09:35:01.170,,0.7049,10.0,0.7002,30.0,2561.0,
2021-01-05 09:35:01.620,,0.7049,10.0,0.7002,30.0,2561.0,
2021-01-05 09:35:02.680,,0.7049,10.0,0.7002,30.0,2561.0,
2021-01-05 09:35:03.180,,0.7049,10.0,0.7002,30.0,2561.0,
2021-01-05 09:35:03.660,,0.7049,10.0,0.7002,30.0,2561.0,
2021-01-05 09:35:04.181,,0.7049,10.0,0.7002,30.0,2561.0,
2021-01-05 09:35:05.180,,0.7065,30.0,0.7002,20.0,2561.0,
2021-01-05 09:35:05.671,,0.7065,30.0,0.7002,20.0,2561.0,
2021-01-05 09:35:06.180,,0.7065,30.0,0.7002,20.0,2561.0,
2021-01-05 09:35:06.680,,0.7065,30.0,0.7002,20.0,2561.0,
2021-01-05 09:35:07.131,,0.7063,10.0,0.7002,20.0,2561.0,
2021-01-05 09:35:07.650,,0.7048,16.0,0.7002,20.0,2561.0,
2021-01-05 09:35:07.961,,0.7048,36.0,0.6995,30.0,2561.0,
2021-01-05 09:35:09.191,,0.7036,16.0,0.6995,20.0,2561.0,
2021-01-05 09:35:09.700,,0.7036,16.0,0.6995,20.0,2561.0,
2021-01-05 09:35:10.180,,0.7036,36.0,0.698,36.0,2561.0,
2021-01-05 09:35:10.691,,0.7036,36.0,0.698,36.0,2561.0,
2021-01-05 09:35:11.120,,0.7036,36.0,0.698,36.0,2561.0,
2021-01-05 09:35:11.680,,0.7036,36.0,0.698,36.0,2561.0,
2021-01-05 09:35:12.101,,0.7036,36.0,0.698,36.0,2561.0,
2021-01-05 09:35:13.181,,0.7036,36.0,0.698,36.0,2561.0,
2021-01-05 09:35:13.371,,0.7036,16.0,0.6994,10.0,2561.0,
2021-01-05 09:35:14.191,,0.7041,10.0,0.6996,16.0,2561.0,
2021-01-05 09:35:14.700,,0.7048,20.0,0.6996,26.0,2561.0,
2021-01-05 09:35:15.050,,0.7051,16.0,0.6996,26.0,2561.0,
2021-01-05 09:35:15.701,,0.7051,16.0,0.6996,26.0,2561.0,
2021-01-05 09:35:16.201,,0.7051,16.0,0.6996,26.0,2561.0,
2021-01-05 09:35:16.681,,0.7051,16.0,0.6996,26.0,2561.0,
2021-01-05 09:35:17.680,,0.7051,16.0,0.6996,26.0,2561.0,
2021-01-05 09:35:18.681,,0.7051,16.0,0.6996,26.0,2561.0,
2021-01-05 09:35:20.170,,0.7051,16.0,0.6996,26.0,2561.0,
2021-01-05 09:35:20.690,,0.7051,16.0,0.6996,26.0,2561.0,
2021-01-05 09:35:21.180,,0.7051,16.0,0.6996,26.0,2561.0,
2021-01-05 09:35:21.620,,0.7043,10.0,0.6996,26.0,2561.0,
2021-01-05 09:35:22.171,,0.7043,30.0,0.6996,26.0,2561.0,
2021-01-05 09:35:22.650,,0.7041,16.0,0.6996,10.0,2561.0,
2021-01-05 09:35:23.680,,0.7041,16.0,0.6996,10.0,2561.0,
2021-01-05 09:35:24.171,,0.7041,16.0,0.6996,10.0,2561.0,
2021-01-05 09:35:24.671,,0.7041,16.0,0.6996,10.0,2561.0,
2021-01-05 09:35:25.170,,0.7041,16.0,0.6996,10.0,2561.0,
2021-01-05 09:35:25.660,,0.7041,16.0,0.6996,10.0,2561.0,
2021-01-05 09:35:26.160,,0.7041,16.0,0.6996,10.0,2561.0,
2021-01-05 09:35:26.651,,0.7041,16.0,0.6996,10.0,2561.0,
2021-01-05 09:35:27.641,,0.7041,16.0,0.6996,10.0,2561.0,
2021-01-05 09:35:28.171,,0.7041,16.0,0.6996,10.0,2561.0,
2021-01-05 09:35:29.641,,0.7041,16.0,0.6996,10.0,2561.0,
2021-01-05 09:35:30.121,,0.7041,16.0,0.6996,10.0,2561.0,
2021-01-05 09:35:30.690,,0.7041,16.0,0.6996,10.0,2561.0,
2021-01-05 09:35:31.170,,0.7041,16.0,0.6996,10.0,2561.0,
2021-01-05 09:35:31.700,,0.7041,16.0,0.6996,10.0,2561.0,
2021-01-05 09:35:32.161,,0.7041,16.0,0.6996,10.0,2561.0,
2021-01-05 09:35:32.691,,0.7041,16.0,0.6996,10.0,2561.0,
2021-01-05 09:35:33.191,,0.7041,16.0,0.6996,10.0,2561.0,
2021-01-05 09:35:33.650,,0.7041,16.0,0.6996,10.0,2561.0,
2021-01-05 09:35:34.190,,0.7041,16.0,0.6996,10.0,2561.0,
2021-01-05 09:35:34.691,,0.7041,16.0,0.6996,10.0,2561.0,
2021-01-05 09:35:35.200,,0.7027,10.0,0.6994,20.0,2561.0,
2021-01-05 09:35:35.600,,0.7027,10.0,0.6994,20.0,2561.0,
2021-01-05 09:35:36.180,,0.7027,30.0,0.698,30.0,2561.0,
2021-01-05 09:35:36.620,,0.7027,30.0,0.698,30.0,2561.0,
2021-01-05 09:35:37.581,,0.7027,30.0,0.698,30.0,2561.0,
2021-01-05 09:35:38.651,,0.7027,30.0,0.698,30.0,2561.0,
2021-01-05 09:35:40.191,,0.7027,30.0,0.698,30.0,2561.0,
2021-01-05 09:35:41.190,,0.7027,30.0,0.698,30.0,2561.0,
2021-01-05 09:35:41.680,,0.7027,10.0,0.698,30.0,2561.0,
2021-01-05 09:35:42.160,,0.7027,10.0,0.698,30.0,2561.0,
2021-01-05 09:35:42.670,,0.7027,10.0,0.698,30.0,2561.0,
2021-01-05 09:35:43.190,,0.7027,30.0,0.698,30.0,2561.0,
2021-01-05 09:35:43.661,,0.7027,30.0,0.698,30.0,2561.0,
2021-01-05 09:35:44.101,,0.7027,30.0,0.698,30.0,2561.0,
2021-01-05 09:35:45.670,,0.7027,30.0,0.698,30.0,2561.0,
2021-01-05 09:35:46.170,,0.7027,30.0,0.698,30.0,2561.0,
2021-01-05 09:35:46.700,,0.7027,30.0,0.698,30.0,2561.0,
2021-01-05 09:35:47.201,,0.7017,16.0,0.698,30.0,2561.0,
2021-01-05 09:35:47.680,,0.7012,10.0,0.698,20.0,2561.0,
2021-01-05 09:35:48.181,,0.7012,10.0,0.6965,30.0,2561.0,
2021-01-05 09:35:48.650,,0.7012,10.0,0.6965,30.0,2561.0,
2021-01-05 09:35:49.190,,0.7012,10.0,0.6965,30.0,2561.0,
2021-01-05 09:35:50.150,,0.7012,10.0,0.6965,30.0,2561.0,
2021-01-05 09:35:50.680,,0.7012,10.0,0.6965,30.0,2561.0,
2021-01-05 09:35:51.710,,0.7012,10.0,0.6965,30.0,2561.0,
2021-01-05 09:35:54.161,,0.7012,10.0,0.6965,30.0,2561.0,
2021-01-05 09:35:54.640,,0.7012,10.0,0.6965,30.0,2561.0,
2021-01-05 09:35:55.181,,0.7017,20.0,0.6982,10.0,2561.0,
2021-01-05 09:35:55.691,,0.7027,20.0,0.6982,30.0,2561.0,
2021-01-05 09:35:56.121,,0.7027,20.0,0.6982,30.0,2561.0,
2021-01-05 09:35:56.690,,0.7027,20.0,0.6982,30.0,2561.0,
2021-01-05 09:35:57.681,,0.7027,20.0,0.6982,30.0,2561.0,
2021-01-05 09:35:59.640,,0.7027,20.0,0.6982,30.0,2561.0,
2021-01-05 09:36:00.201,,0.7027,20.0,0.6982,30.0,2561.0,
2021-01-05 09:36:00.680,,0.7027,20.0,0.6982,30.0,2561.0,
2021-01-05 09:36:01.671,,0.7027,20.0,0.6982,20.0,2561.0,
2021-01-05 09:36:02.170,,0.7027,20.0,0.6973,36.0,2561.0,
2021-01-05 09:36:02.701,,0.7027,20.0,0.6973,36.0,2561.0,
2021-01-05 09:36:03.200,,0.7027,20.0,0.6973,36.0,2561.0,
2021-01-05 09:36:04.201,,0.7027,20.0,0.6974,2.0,2561.0,
2021-01-05 09:36:04.620,,0.7027,20.0,0.6974,2.0,2561.0,
2021-01-05 09:36:05.150,,0.7027,20.0,0.6973,36.0,2561.0,
2021-01-05 09:36:05.690,,0.7027,20.0,0.6973,36.0,2561.0,
2021-01-05 09:36:06.180,,0.7027,20.0,0.6973,36.0,2561.0,
2021-01-05 09:36:06.700,,0.7027,20.0,0.6981,10.0,2561.0,
2021-01-05 09:36:07.181,,0.7027,20.0,0.6981,30.0,2561.0,
2021-01-05 09:36:09.161,,0.7027,20.0,0.6981,30.0,2561.0,
2021-01-05 09:36:09.691,,0.7027,20.0,0.6981,30.0,2561.0,
2021-01-05 09:36:10.160,,0.7027,20.0,0.6981,30.0,2561.0,
2021-01-05 09:36:10.671,,0.7028,26.0,0.6981,30.0,2561.0,
2021-01-05 09:36:11.180,,0.7028,26.0,0.6981,30.0,2561.0,
2021-01-05 09:36:11.651,,0.7028,26.0,0.6981,30.0,2561.0,
2021-01-05 09:36:14.150,,0.7028,26.0,0.6981,30.0,2561.0,
2021-01-05 09:36:15.170,,0.7028,26.0,0.6981,30.0,2561.0,
2021-01-05 09:36:16.150,,0.7028,26.0,0.6981,30.0,2561.0,
2021-01-05 09:36:17.180,,0.7028,26.0,0.6981,30.0,2561.0,
2021-01-05 09:36:18.680,,0.7028,26.0,0.6981,32.0,2561.0,
2021-01-05 09:36:19.151,,0.7028,26.0,0.6981,30.0,2561.0,
2021-01-05 09:36:21.120,,0.7028,10.0,0.6984,16.0,2561.0,
2021-01-05 09:36:21.691,,0.7034,20.0,0.6992,10.0,2561.0,
2021-01-05 09:36:22.171,,0.7034,20.0,0.6992,10.0,2561.0,
2021-01-05 09:36:22.680,,0.7034,20.0,0.6992,30.0,2561.0,
2021-01-05 09:36:23.191,,0.7034,20.0,0.6992,10.0,2561.0,
2021-01-05 09:36:23.681,,0.7034,20.0,0.6992,30.0,2561.0,
2021-01-05 09:36:24.171,,0.7034,20.0,0.6992,10.0,2561.0,
2021-01-05 09:36:24.701,,0.7034,20.0,0.6992,30.0,2561.0,
2021-01-05 09:36:25.191,,0.7026,10.0,0.6984,16.0,2561.0,
2021-01-05 09:36:25.650,,0.7034,20.0,0.6992,20.0,2561.0,
2021-01-05 09:36:26.171,,0.7034,20.0,0.6984,16.0,2561.0,
2021-01-05 09:36:26.651,,0.7034,20.0,0.6984,16.0,2561.0,
2021-01-05 09:36:27.070,,0.7027,16.0,0.6981,20.0,2561.0,
2021-01-05 09:36:27.690,,0.7027,16.0,0.6981,20.0,2561.0,
2021-01-05 09:36:28.190,,0.7027,36.0,0.6974,30.0,2561.0,
2021-01-05 09:36:28.681,,0.7027,16.0,0.6974,30.0,2561.0,
2021-01-05 09:36:29.171,,0.7023,10.0,0.6974,20.0,2561.0,
2021-01-05 09:36:29.661,,0.7023,10.0,0.6974,20.0,2561.0,
2021-01-05 09:36:30.161,,0.7023,30.0,0.6974,20.0,2561.0,
2021-01-05 09:36:30.700,,0.7023,30.0,0.6974,20.0,2561.0,
2021-01-05 09:36:33.200,,0.7023,30.0,0.6974,20.0,2561.0,
2021-01-05 09:36:33.670,,0.7023,30.0,0.6974,20.0,2561.0,
2021-01-05 09:36:34.091,,0.7023,30.0,0.6974,20.0,2561.0,
2021-01-05 09:36:35.150,,0.7023,30.0,0.6974,20.0,2561.0,
2021-01-05 09:36:35.701,,0.7023,30.0,0.6974,20.0,2561.0,
2021-01-05 09:36:36.191,,0.7023,30.0,0.6974,20.0,2561.0,
2021-01-05 09:36:36.700,,0.7023,30.0,0.6974,20.0,2561.0,
2021-01-05 09:36:38.041,,0.7023,30.0,0.6974,20.0,2561.0,
2021-01-05 09:36:40.191,,0.7023,30.0,0.6974,20.0,2561.0,
2021-01-05 09:36:40.700,,0.7023,30.0,0.6974,20.0,2561.0,
2021-01-05 09:36:41.201,,0.7023,30.0,0.6974,20.0,2561.0,
2021-01-05 09:36:41.641,,0.7023,30.0,0.6974,20.0,2561.0,
2021-01-05 09:36:43.700,,0.7023,30.0,0.6974,20.0,2561.0,
2021-01-05 09:36:44.200,,0.7023,30.0,0.6974,20.0,2561.0,
2021-01-05 09:36:45.191,,0.7002,10.0,0.6974,20.0,2561.0,
2021-01-05 09:36:45.631,,0.7002,10.0,0.6974,20.0,2561.0,
2021-01-05 09:36:46.190,,0.7002,10.0,0.6974,20.0,2561.0,
2021-01-05 09:36:46.651,,0.7002,10.0,0.696,36.0,2561.0,
2021-01-05 09:36:47.130,,0.7002,10.0,0.696,36.0,2561.0,
2021-01-05 09:36:47.660,,0.7002,10.0,0.696,36.0,2561.0,
2021-01-05 09:36:48.630,,0.7002,10.0,0.696,36.0,2561.0,
2021-01-05 09:36:49.031,,0.7002,10.0,0.696,20.0,2561.0,
2021-01-05 09:36:50.190,,0.7002,10.0,0.696,20.0,2561.0,
2021-01-05 09:36:50.670,,0.7002,10.0,0.696,20.0,2561.0,
2021-01-05 09:36:53.191,,0.7002,10.0,0.696,20.0,2561.0,
2021-01-05 09:36:53.680,,0.7002,10.0,0.696,20.0,2561.0,
2021-01-05 09:36:54.180,,0.7002,10.0,0.696,20.0,2561.0,
2021-01-05 09:36:54.631,,0.7002,10.0,0.696,20.0,2561.0,
2021-01-05 09:36:55.171,,0.7002,10.0,0.696,20.0,2561.0,
2021-01-05 09:36:55.651,,0.7002,10.0,0.696,20.0,2561.0,
2021-01-05 09:36:56.141,,0.7002,10.0,0.696,20.0,2561.0,
2021-01-05 09:36:56.691,,0.7002,10.0,0.696,20.0,2561.0,
2021-01-05 09:36:57.630,,0.7002,10.0,0.696,20.0,2561.0,
2021-01-05 09:36:59.181,,0.7002,10.0,0.696,20.0,2561.0,
2021-01-05 09:36:59.690,,0.7002,10.0,0.696,20.0,2561.0,
2021-01-05 09:37:02.191,,0.7002,10.0,0.696,20.0,2561.0,
2021-01-05 09:37:02.640,,0.7002,10.0,0.696,20.0,2561.0,
2021-01-05 09:37:03.151,,0.7002,10.0,0.696,20.0,2561.0,
2021-01-05 09:37:03.630,,0.7002,10.0,0.696,20.0,2561.0,
2021-01-05 09:37:04.200,,0.7019,16.0,0.6963,16.0,2561.0,
2021-01-05 09:37:04.690,,0.7019,16.0,0.6963,16.0,2561.0,
2021-01-05 09:37:05.701,,0.7019,16.0,0.6963,16.0,2561.0,
2021-01-05 09:37:06.700,,0.7019,16.0,0.6963,16.0,2561.0,
2021-01-05 09:37:07.180,,0.7019,16.0,0.6963,16.0,2561.0,
2021-01-05 09:37:07.681,,0.7019,16.0,0.6963,16.0,2561.0,
2021-01-05 09:37:08.200,,0.7019,16.0,0.6963,16.0,2561.0,
2021-01-05 09:37:08.630,,0.7019,16.0,0.6963,16.0,2561.0,
2021-01-05 09:37:09.170,,0.7008,10.0,0.6963,16.0,2561.0,
2021-01-05 09:37:09.660,,0.7008,10.0,0.6963,16.0,2561.0,
2021-01-05 09:37:10.140,,0.7008,10.0,0.6963,16.0,2561.0,
2021-01-05 09:37:10.701,,0.7008,10.0,0.6963,16.0,2561.0,
2021-01-05 09:37:12.620,,0.7008,10.0,0.6963,16.0,2561.0,
2021-01-05 09:37:13.181,,0.7019,16.0,0.6976,10.0,2561.0,
2021-01-05 09:37:13.681,,0.7019,16.0,0.6976,10.0,2561.0,
2021-01-05 09:37:14.171,,0.7019,16.0,0.6976,30.0,2561.0,
2021-01-05 09:37:14.651,,0.7019,16.0,0.6976,10.0,2561.0,
2021-01-05 09:37:15.200,,0.7019,16.0,0.6976,30.0,2561.0,
2021-01-05 09:37:15.700,,0.7019,16.0,0.6976,10.0,2561.0,
2021-01-05 09:37:16.201,,0.7019,16.0,0.6976,30.0,2561.0,
2021-01-05 09:37:16.501,,0.7019,16.0,0.6976,10.0,2561.0,
2021-01-05 09:37:17.200,,0.7019,16.0,0.6976,30.0,2561.0,
2021-01-05 09:37:17.671,,0.7019,16.0,0.6963,16.0,2561.0,
2021-01-05 09:37:18.061,,0.7019,16.0,0.6976,20.0,2561.0,
2021-01-05 09:37:18.710,,0.7019,16.0,0.6963,16.0,2561.0,
2021-01-05 09:37:19.021,,0.7019,16.0,0.6963,16.0,2561.0,
2021-01-05 09:37:19.711,,0.7019,16.0,0.6963,16.0,2561.0,
2021-01-05 09:37:21.200,,0.7019,16.0,0.6963,16.0,2561.0,
2021-01-05 09:37:21.701,,0.7019,16.0,0.6963,16.0,2561.0,
2021-01-05 09:37:22.030,,0.7019,16.0,0.6963,16.0,2561.0,
2021-01-05 09:37:23.150,,0.7019,16.0,0.6963,16.0,2561.0,
2021-01-05 09:37:23.701,,0.7019,16.0,0.6963,16.0,2561.0,
2021-01-05 09:37:24.080,,0.7023,20.0,0.6973,16.0,2561.0,
2021-01-05 09:37:24.631,,0.7023,20.0,0.6973,36.0,2561.0,
2021-01-05 09:37:25.200,,0.7023,20.0,0.6973,36.0,2561.0,
2021-01-05 09:37:25.670,,0.7023,20.0,0.6973,36.0,2561.0,
2021-01-05 09:37:26.650,,0.7023,20.0,0.6973,36.0,2561.0,
2021-01-05 09:37:27.130,,0.7023,20.0,0.6973,36.0,2561.0,
2021-01-05 09:37:29.130,,0.7023,20.0,0.6973,36.0,2561.0,
2021-01-05 09:37:30.191,,0.7023,20.0,0.6973,36.0,2561.0,
2021-01-05 09:37:30.650,,0.7023,20.0,0.6973,36.0,2561.0,
2021-01-05 09:37:31.190,,0.7023,20.0,0.6973,36.0,2561.0,
2021-01-05 09:37:32.181,,0.7023,20.0,0.6973,36.0,2561.0,
2021-01-05 09:37:32.651,,0.7023,20.0,0.6973,36.0,2561.0,
2021-01-05 09:37:33.180,,0.7012,16.0,0.6973,20.0,2561.0,
2021-01-05 09:37:33.701,,0.7012,16.0,0.6973,20.0,2561.0,
2021-01-05 09:37:34.200,,0.7012,16.0,0.6961,16.0,2561.0,
2021-01-05 09:37:34.500,,0.7012,16.0,0.6961,16.0,2561.0,
2021-01-05 09:37:35.170,,0.7012,36.0,0.6961,16.0,2561.0,
2021-01-05 09:37:35.650,,0.7012,36.0,0.6961,16.0,2561.0,
2021-01-05 09:37:36.200,,0.7012,36.0,0.6961,16.0,2561.0,
2021-01-05 09:37:37.691,,0.702,16.0,0.6972,16.0,2561.0,
2021-01-05 09:37:38.651,,0.702,16.0,0.6972,36.0,2561.0,
2021-01-05 09:37:39.170,,0.702,16.0,0.6972,36.0,2561.0,
2021-01-05 09:37:40.701,,0.702,16.0,0.6972,36.0,2561.0,
2021-01-05 09:37:41.131,,0.702,16.0,0.6972,36.0,2561.0,
2021-01-05 09:37:42.130,,0.702,16.0,0.6972,36.0,2561.0,
2021-01-05 09:37:42.691,,0.702,16.0,0.6972,36.0,2561.0,
2021-01-05 09:37:43.181,,0.7023,20.0,0.6981,16.0,2561.0,
2021-01-05 09:37:43.671,,0.7029,16.0,0.6983,10.0,2561.0,
2021-01-05 09:37:44.190,,0.7029,16.0,0.6983,10.0,2561.0,
2021-01-05 09:37:44.651,,0.7029,16.0,0.6983,10.0,2561.0,
2021-01-05 09:37:45.650,,0.7029,16.0,0.6983,10.0,2561.0,
2021-01-05 09:37:46.601,,0.7029,16.0,0.6983,10.0,2561.0,
2021-01-05 09:37:47.210,,0.7029,16.0,0.6983,10.0,2561.0,
2021-01-05 09:37:47.661,,0.7029,16.0,0.6983,10.0,2561.0,
2021-01-05 09:37:48.201,,0.7029,16.0,0.6983,10.0,2561.0,
2021-01-05 09:37:48.700,,0.7029,16.0,0.6983,10.0,2561.0,
2021-01-05 09:37:49.670,,0.7029,16.0,0.6983,10.0,2561.0,
2021-01-05 09:37:50.220,,0.7029,16.0,0.6983,10.0,2561.0,
2021-01-05 09:37:51.691,,0.7029,16.0,0.6983,10.0,2561.0,
2021-01-05 09:37:52.191,,0.7029,16.0,0.6983,10.0,2561.0,
2021-01-05 09:37:52.660,,0.7029,16.0,0.6983,10.0,2561.0,
2021-01-05 09:37:53.680,,0.7029,16.0,0.6983,10.0,2561.0,
2021-01-05 09:37:54.170,,0.7029,16.0,0.6983,10.0,2561.0,
2021-01-05 09:37:56.121,,0.7029,16.0,0.6983,10.0,2561.0,
2021-01-05 09:37:56.611,,0.7029,16.0,0.6983,10.0,2561.0,
2021-01-05 09:37:57.170,,0.7029,16.0,0.6983,10.0,2561.0,
2021-01-05 09:37:57.601,,0.7029,16.0,0.6984,2.0,2561.0,
2021-01-05 09:37:58.141,,0.7029,16.0,0.6984,2.0,2561.0,
2021-01-05 09:37:58.640,,0.7029,16.0,0.6983,10.0,2561.0,
2021-01-05 09:37:59.161,,0.7029,16.0,0.6983,10.0,2561.0,
2021-01-05 09:37:59.670,,0.7029,16.0,0.6983,10.0,2561.0,
2021-01-05 09:38:01.180,,0.7029,16.0,0.6983,10.0,2561.0,
2021-01-05 09:38:02.181,,0.7029,16.0,0.6983,10.0,2561.0,
2021-01-05 09:38:03.191,,0.7029,16.0,0.6983,10.0,2561.0,
2021-01-05 09:38:04.190,,0.7029,16.0,0.6983,10.0,2561.0,
2021-01-05 09:38:05.181,,0.7029,16.0,0.6983,10.0,2561.0,
2021-01-05 09:38:07.200,,0.7018,16.0,0.6983,10.0,2561.0,
2021-01-05 09:38:07.690,,0.7013,10.0,0.6981,20.0,2561.0,
2021-01-05 09:38:08.151,,0.7013,10.0,0.6972,20.0,2561.0,
2021-01-05 09:38:09.160,,0.7013,10.0,0.6972,20.0,2561.0,
2021-01-05 09:38:09.611,,0.7009,16.0,0.6972,20.0,2561.0,
2021-01-05 09:38:10.180,,0.7009,36.0,0.6961,36.0,2561.0,
2021-01-05 09:38:10.670,,0.7009,36.0,0.6961,36.0,2561.0,
2021-01-05 09:38:11.141,,0.7009,36.0,0.6961,36.0,2561.0,
2021-01-05 09:38:11.701,,0.7009,16.0,0.6961,36.0,2561.0,
2021-01-05 09:38:12.691,,0.7009,16.0,0.6961,36.0,2561.0,
2021-01-05 09:38:13.110,,0.7009,16.0,0.6961,36.0,2561.0,
2021-01-05 09:38:13.690,,0.7009,16.0,0.6961,36.0,2561.0,
2021-01-05 09:38:14.141,,0.7009,16.0,0.6961,36.0,2561.0,
2021-01-05 09:38:14.691,,0.7009,16.0,0.6961,36.0,2561.0,
2021-01-05 09:38:15.150,,0.7009,16.0,0.6961,36.0,2561.0,
2021-01-05 09:38:15.730,,0.7,16.0,0.6961,20.0,2561.0,
2021-01-05 09:38:16.210,,0.7,16.0,0.6961,20.0,2561.0,
2021-01-05 09:38:16.731,,0.7,16.0,0.6952,36.0,2561.0,
2021-01-05 09:38:17.190,,0.7,16.0,0.6952,36.0,2561.0,
2021-01-05 09:38:18.231,,0.7,16.0,0.6952,36.0,2561.0,
2021-01-05 09:38:18.660,,0.7,16.0,0.6952,36.0,2561.0,
2021-01-05 09:38:19.230,,0.7,16.0,0.6952,36.0,2561.0,
2021-01-05 09:38:19.670,,0.7,16.0,0.6952,36.0,2561.0,
2021-01-05 09:38:20.690,,0.7,16.0,0.6952,36.0,2561.0,
2021-01-05 09:38:21.670,,0.7,16.0,0.6952,36.0,2561.0,
2021-01-05 09:38:22.210,,0.7,16.0,0.6952,36.0,2561.0,
2021-01-05 09:38:22.531,,0.6991,16.0,0.6952,20.0,2561.0,
2021-01-05 09:38:23.201,,0.6991,36.0,0.6952,20.0,2561.0,
2021-01-05 09:38:23.681,,0.6991,36.0,0.6952,20.0,2561.0,
2021-01-05 09:38:24.141,,0.6991,36.0,0.6952,20.0,2561.0,
2021-01-05 09:38:24.671,,0.6988,10.0,0.6952,20.0,2561.0,
2021-01-05 09:38:25.101,,0.6988,10.0,0.6943,36.0,2561.0,
2021-01-05 09:38:25.700,,0.6988,10.0,0.6943,36.0,2561.0,
2021-01-05 09:38:26.100,,0.6988,10.0,0.6943,36.0,2561.0,
2021-01-05 09:38:26.701,,0.6988,10.0,0.6943,36.0,2561.0,
2021-01-05 09:38:28.171,,0.6988,10.0,0.6943,36.0,2561.0,
2021-01-05 09:38:28.680,,0.6988,10.0,0.6943,36.0,2561.0,
2021-01-05 09:38:29.191,,0.6988,10.0,0.6943,36.0,2561.0,
2021-01-05 09:38:29.641,,0.6988,10.0,0.6943,36.0,2561.0,
2021-01-05 09:38:30.670,,0.6988,10.0,0.6943,36.0,2561.0,
2021-01-05 09:38:31.181,,0.6988,10.0,0.6943,36.0,2561.0,
2021-01-05 09:38:31.700,,0.6988,10.0,0.6943,36.0,2561.0,
2021-01-05 09:38:32.171,,0.6982,16.0,0.6943,20.0,2561.0,
2021-01-05 09:38:32.701,,0.6982,36.0,0.6934,36.0,2561.0,
2021-01-05 09:38:33.070,,0.6982,36.0,0.6934,36.0,2561.0,
2021-01-05 09:38:33.700,,0.6973,16.0,0.6934,20.0,2561.0,
2021-01-05 09:38:34.201,,0.6973,36.0,0.6925,36.0,2561.0,
2021-01-05 09:38:34.681,,0.6973,36.0,0.6925,36.0,2561.0,
2021-01-05 09:38:35.700,,0.6963,16.0,0.6925,20.0,2561.0,
2021-01-05 09:38:36.180,,0.6963,16.0,0.6925,20.0,2561.0,
2021-01-05 09:38:36.691,,0.6963,36.0,0.6914,36.0,2561.0,
2021-01-05 09:38:37.160,,0.6963,36.0,0.6914,36.0,2561.0,
2021-01-05 09:38:37.680,,0.6963,36.0,0.6914,36.0,2561.0,
2021-01-05 09:38:38.161,,0.6963,36.0,0.6914,36.0,2561.0,
2021-01-05 09:38:39.161,,0.6954,16.0,0.6914,20.0,2561.0,
2021-01-05 09:38:39.661,,0.6954,36.0,0.6907,30.0,2561.0,
2021-01-05 09:38:39.901,,0.6949,10.0,0.6907,20.0,2561.0,
2021-01-05 09:38:40.591,,0.6945,16.0,0.6899,10.0,2561.0,
2021-01-05 09:38:41.190,,0.6945,36.0,0.6899,10.0,2561.0,
2021-01-05 09:38:41.670,,0.6945,36.0,0.6899,10.0,2561.0,
2021-01-05 09:38:42.191,,0.6945,36.0,0.6899,10.0,2561.0,
2021-01-05 09:38:42.700,,0.6945,36.0,0.6899,10.0,2561.0,
2021-01-05 09:38:43.701,,0.6945,36.0,0.6899,10.0,2561.0,
2021-01-05 09:38:44.200,,0.6945,36.0,0.6899,10.0,2561.0,
2021-01-05 09:38:44.690,,0.6945,36.0,0.6899,10.0,2561.0,
2021-01-05 09:38:45.201,,0.6945,16.0,0.6899,10.0,2561.0,
2021-01-05 09:38:45.580,,0.6949,10.0,0.6905,16.0,2561.0,
2021-01-05 09:38:46.200,,0.6949,10.0,0.6905,36.0,2561.0,
2021-01-05 09:38:46.631,,0.6949,10.0,0.6905,36.0,2561.0,
2021-01-05 09:38:47.140,,0.6949,10.0,0.6905,36.0,2561.0,
2021-01-05 09:38:47.691,,0.6949,10.0,0.6905,36.0,2561.0,
2021-01-05 09:38:48.200,,0.6963,20.0,0.6905,20.0,2561.0,
2021-01-05 09:38:48.650,,0.6963,16.0,0.6914,16.0,2561.0,
2021-01-05 09:38:49.130,,0.6963,16.0,0.6914,36.0,2561.0,
2021-01-05 09:38:50.110,,0.6963,36.0,0.6914,36.0,2561.0,
2021-01-05 09:38:51.170,,0.6963,36.0,0.6914,36.0,2561.0,
2021-01-05 09:38:51.691,,0.6963,36.0,0.6914,36.0,2561.0,
2021-01-05 09:38:52.150,,0.6953,16.0,0.6914,20.0,2561.0,
2021-01-05 09:38:52.671,,0.6953,16.0,0.6905,36.0,2561.0,
2021-01-05 09:38:53.191,,0.6953,36.0,0.6905,36.0,2561.0,
2021-01-05 09:38:53.620,,0.6953,36.0,0.6905,36.0,2561.0,
2021-01-05 09:38:54.690,,0.6941,10.0,0.6905,36.0,2561.0,
2021-01-05 09:38:54.690,,0.6941,10.0,0.6905,36.0,2561.0,
2021-01-05 09:38:55.700,,0.6941,10.0,0.6905,20.0,2561.0,
2021-01-05 09:38:56.190,,0.6944,36.0,0.6905,20.0,2561.0,
2021-01-05 09:38:57.200,,0.6944,16.0,0.6905,20.0,2561.0,
2021-01-05 09:38:57.640,,0.6944,36.0,0.6905,20.0,2561.0,
2021-01-05 09:38:58.190,,0.6944,36.0,0.6905,20.0,2561.0,
2021-01-05 09:38:58.670,,0.6948,10.0,0.6906,16.0,2561.0,
2021-01-05 09:38:59.060,,0.6948,10.0,0.6906,16.0,2561.0,
2021-01-05 09:39:00.601,,0.6948,10.0,0.6906,16.0,2561.0,
2021-01-05 09:39:01.160,,0.6948,10.0,0.6906,16.0,2561.0,
2021-01-05 09:39:02.201,,0.6948,10.0,0.6906,16.0,2561.0,
2021-01-05 09:39:02.660,,0.6948,10.0,0.6906,16.0,2561.0,
2021-01-05 09:39:03.150,,0.6948,10.0,0.6906,16.0,2561.0,
2021-01-05 09:39:04.161,,0.6953,16.0,0.6906,16.0,2561.0,
2021-01-05 09:39:04.610,,0.6953,16.0,0.6906,16.0,2561.0,
2021-01-05 09:39:05.211,,0.6953,16.0,0.6906,16.0,2561.0,
2021-01-05 09:39:07.200,,0.6953,16.0,0.6906,16.0,2561.0,
2021-01-05 09:39:07.680,,0.6953,36.0,0.6906,16.0,2561.0,
2021-01-05 09:39:08.131,,0.6953,36.0,0.6906,16.0,2561.0,
2021-01-05 09:39:08.690,,0.6953,36.0,0.6906,16.0,2561.0,
2021-01-05 09:39:09.161,,0.6953,36.0,0.6906,16.0,2561.0,
2021-01-05 09:39:09.601,,0.6953,36.0,0.6906,16.0,2561.0,
2021-01-05 09:39:10.191,,0.6953,36.0,0.6906,16.0,2561.0,
2021-01-05 09:39:10.721,,0.6945,10.0,0.6906,16.0,2561.0,
2021-01-05 09:39:11.201,,0.6944,16.0,0.6905,20.0,2561.0,
2021-01-05 09:39:11.701,,0.6944,16.0,0.6905,20.0,2561.0,
2021-01-05 09:39:12.220,,0.6944,16.0,0.6905,20.0,2561.0,
2021-01-05 09:39:12.690,,0.6944,16.0,0.6905,20.0,2561.0,
2021-01-05 09:39:13.720,,0.6944,16.0,0.6905,20.0,2561.0,
2021-01-05 09:39:14.160,,0.6944,16.0,0.6905,20.0,2561.0,
2021-01-05 09:39:15.720,,0.6944,16.0,0.6905,20.0,2561.0,
2021-01-05 09:39:16.121,,0.6944,16.0,0.6905,20.0,2561.0,
2021-01-05 09:39:16.711,,0.6944,16.0,0.6905,20.0,2561.0,
2021-01-05 09:39:17.191,,0.6944,16.0,0.6905,20.0,2561.0,
2021-01-05 09:39:17.650,,0.6944,16.0,0.6905,20.0,2561.0,
2021-01-05 09:39:18.221,,0.6944,16.0,0.6905,20.0,2561.0,
2021-01-05 09:39:19.710,,0.6944,16.0,0.6905,20.0,2561.0,
2021-01-05 09:39:20.221,,0.6944,16.0,0.6905,20.0,2561.0,
2021-01-05 09:39:20.741,,0.6944,16.0,0.6905,20.0,2561.0,
2021-01-05 09:39:21.231,,0.6944,16.0,0.6905,20.0,2561.0,
2021-01-05 09:39:21.671,,0.6944,16.0,0.6905,20.0,2561.0,
2021-01-05 09:39:22.651,,0.6944,16.0,0.6905,20.0,2561.0,
2021-01-05 09:39:23.200,,0.6944,16.0,0.6905,20.0,2561.0,
2021-01-05 09:39:23.710,,0.6944,16.0,0.6905,20.0,2561.0,
2021-01-05 09:39:24.151,,0.6944,16.0,0.6905,20.0,2561.0,
2021-01-05 09:39:25.700,,0.6944,16.0,0.6905,20.0,2561.0,
2021-01-05 09:39:26.130,,0.6944,16.0,0.6905,20.0,2561.0,
2021-01-05 09:39:27.210,,0.6944,16.0,0.6905,20.0,2561.0,
2021-01-05 09:39:27.711,,0.6944,16.0,0.6905,20.0,2561.0,
2021-01-05 09:39:28.220,,0.6944,16.0,0.6905,20.0,2561.0,
2021-01-05 09:39:29.231,,0.6944,16.0,0.6905,20.0,2561.0,
2021-01-05 09:39:29.721,,0.6944,16.0,0.6905,20.0,2561.0,
2021-01-05 09:39:30.220,,0.6944,16.0,0.6905,20.0,2561.0,
2021-01-05 09:39:30.721,,0.6944,16.0,0.6905,20.0,2561.0,
2021-01-05 09:39:31.121,,0.6944,16.0,0.6905,20.0,2561.0,
2021-01-05 09:39:31.701,,0.6944,16.0,0.6905,20.0,2561.0,
2021-01-05 09:39:32.700,,0.6944,16.0,0.6905,20.0,2561.0,
2021-01-05 09:39:34.681,,0.6944,16.0,0.6905,20.0,2561.0,
2021-01-05 09:39:35.701,,0.6944,16.0,0.6905,20.0,2561.0,
2021-01-05 09:39:37.221,,0.6944,16.0,0.6905,20.0,2561.0,
2021-01-05 09:39:37.730,,0.6944,16.0,0.6905,20.0,2561.0,
2021-01-05 09:39:39.241,,0.6944,16.0,0.6905,20.0,2561.0,
2021-01-05 09:39:41.220,,0.6953,36.0,0.6906,16.0,2561.0,
2021-01-05 09:39:41.750,,0.6953,46.0,0.6906,16.0,2561.0,
2021-01-05 09:39:42.210,,0.6953,46.0,0.6906,16.0,2561.0,
2021-01-05 09:39:42.740,,0.6953,26.0,0.6906,16.0,2561.0,
2021-01-05 09:39:43.191,,0.6953,26.0,0.6906,16.0,2561.0,
2021-01-05 09:39:43.660,,0.6953,26.0,0.6907,1.0,2561.0,
2021-01-05 09:39:44.680,,0.6953,16.0,0.6906,16.0,2561.0,
2021-01-05 09:39:45.251,,0.6953,16.0,0.6906,16.0,2561.0,
2021-01-05 09:39:46.190,,0.6953,36.0,0.6906,16.0,2561.0,
2021-01-05 09:39:46.711,,0.6953,36.0,0.6906,16.0,2561.0,
2021-01-05 09:39:47.710,,0.6953,36.0,0.6906,16.0,2561.0,
2021-01-05 09:39:48.221,,0.6953,36.0,0.6906,16.0,2561.0,
2021-01-05 09:39:48.720,,0.6953,36.0,0.6906,16.0,2561.0,
2021-01-05 09:39:49.241,,0.6953,36.0,0.6906,16.0,2561.0,
2021-01-05 09:39:49.711,,0.6952,10.0,0.6906,16.0,2561.0,
2021-01-05 09:39:50.710,,0.6941,16.0,0.6905,20.0,2561.0,
2021-01-05 09:39:51.241,,0.6941,16.0,0.6899,20.0,2561.0,
2021-01-05 09:39:51.730,,0.6941,36.0,0.6899,20.0,2561.0,
2021-01-05 09:39:52.251,,0.6941,16.0,0.6899,20.0,2561.0,
2021-01-05 09:39:52.251,,0.6941,36.0,0.6899,20.0,2561.0,
2021-01-05 09:39:53.630,,0.6941,36.0,0.6899,20.0,2561.0,
2021-01-05 09:39:54.191,,0.6941,36.0,0.6899,20.0,2561.0,
2021-01-05 09:39:54.691,,0.6941,36.0,0.6899,20.0,2561.0,
2021-01-05 09:39:55.181,,0.6941,36.0,0.6899,20.0,2561.0,
2021-01-05 09:39:55.461,,0.6941,36.0,0.6899,20.0,2561.0,
2021-01-05 09:39:56.120,,0.6941,36.0,0.6899,20.0,2561.0,
2021-01-05 09:39:56.691,,0.6941,16.0,0.6899,20.0,2561.0,
2021-01-05 09:39:57.181,,0.6941,16.0,0.6899,40.0,2561.0,
2021-01-05 09:39:57.580,,0.6941,16.0,0.6899,40.0,2561.0,
2021-01-05 09:39:58.201,,0.6941,16.0,0.6899,40.0,2561.0,
2021-01-05 09:39:58.600,,0.6941,16.0,0.6899,30.0,2561.0,
2021-01-05 09:40:00.631,,0.6941,16.0,0.6899,30.0,2561.0,
2021-01-05 09:40:01.201,,0.6941,16.0,0.6899,30.0,2561.0,
2021-01-05 09:40:01.570,,0.6941,16.0,0.6899,30.0,2561.0,
2021-01-05 09:40:02.200,,0.695,16.0,0.6903,16.0,2561.0,
2021-01-05 09:40:02.671,,0.695,16.0,0.6918,10.0,2561.0,
2021-01-05 09:40:03.171,,0.695,16.0,0.6918,10.0,2561.0,
2021-01-05 09:40:03.691,,0.695,16.0,0.6918,10.0,2561.0,
2021-01-05 09:40:04.160,,0.695,16.0,0.6918,10.0,2561.0,
2021-01-05 09:40:04.700,,0.695,16.0,0.6918,10.0,2561.0,
2021-01-05 09:40:05.701,,0.695,16.0,0.6918,10.0,2561.0,
2021-01-05 09:40:06.701,,0.695,16.0,0.6918,10.0,2561.0,
2021-01-05 09:40:07.700,,0.695,16.0,0.6918,10.0,2561.0,
2021-01-05 09:40:08.110,,0.6953,20.0,0.6918,10.0,2561.0,
2021-01-05 09:40:09.191,,0.6959,16.0,0.6913,20.0,2561.0,
2021-01-05 09:40:09.841,,0.6959,16.0,0.6913,20.0,2561.0,
2021-01-05 09:40:10.680,,0.6959,16.0,0.6913,20.0,2561.0,
2021-01-05 09:40:11.170,,0.6959,16.0,0.6913,20.0,2561.0,
2021-01-05 09:40:11.671,,0.6959,16.0,0.6913,20.0,2561.0,
2021-01-05 09:40:12.190,,0.6959,16.0,0.6913,20.0,2561.0,
2021-01-05 09:40:12.680,,0.696,20.0,0.6921,16.0,2561.0,
2021-01-05 09:40:13.170,,0.6968,36.0,0.6921,36.0,2561.0,
2021-01-05 09:40:13.400,,0.6968,36.0,0.6921,36.0,2561.0,
2021-01-05 09:40:14.150,,0.6968,36.0,0.6921,36.0,2561.0,
2021-01-05 09:40:14.701,,0.6968,36.0,0.6921,36.0,2561.0,
2021-01-05 09:40:16.610,,0.6968,36.0,0.693,10.0,2561.0,
2021-01-05 09:40:17.191,,0.6968,36.0,0.693,30.0,2561.0,
2021-01-05 09:40:17.661,,0.6968,36.0,0.693,30.0,2561.0,
2021-01-05 09:40:18.161,,0.6968,36.0,0.693,30.0,2561.0,
2021-01-05 09:40:18.701,,0.6968,36.0,0.693,30.0,2561.0,
2021-01-05 09:40:19.711,,0.6968,36.0,0.693,30.0,2561.0,
2021-01-05 09:40:20.191,,0.6968,36.0,0.693,30.0,2561.0,
2021-01-05 09:40:20.691,,0.6968,36.0,0.693,30.0,2561.0,
2021-01-05 09:40:21.200,,0.6959,10.0,0.6921,36.0,2561.0,
2021-01-05 09:40:21.701,,0.6959,30.0,0.6921,36.0,2561.0,
2021-01-05 09:40:22.591,,0.6959,30.0,0.6921,36.0,2561.0,
2021-01-05 09:40:23.200,,0.6959,30.0,0.6921,36.0,2561.0,
2021-01-05 09:40:23.701,,0.6959,46.0,0.6921,20.0,2561.0,
2021-01-05 09:40:24.251,,0.6959,46.0,0.6912,46.0,2561.0,
2021-01-05 09:40:25.121,,0.6959,46.0,0.6912,46.0,2561.0,
2021-01-05 09:40:26.650,,0.6959,46.0,0.6912,46.0,2561.0,
2021-01-05 09:40:27.140,,0.6959,46.0,0.6912,46.0,2561.0,
2021-01-05 09:40:27.701,,0.6959,46.0,0.6912,46.0,2561.0,
2021-01-05 09:40:28.110,,0.6959,46.0,0.6912,46.0,2561.0,
2021-01-05 09:40:28.690,,0.6959,46.0,0.6912,46.0,2561.0,
2021-01-05 09:40:30.160,,0.6959,46.0,0.6912,46.0,2561.0,
2021-01-05 09:40:32.611,,0.6959,46.0,0.6912,46.0,2561.0,
2021-01-05 09:40:33.191,,0.6959,46.0,0.6912,46.0,2561.0,
2021-01-05 09:40:33.681,,0.6959,46.0,0.6912,46.0,2561.0,
2021-01-05 09:40:34.601,,0.6959,46.0,0.6912,46.0,2561.0,
2021-01-05 09:40:35.201,,0.6959,46.0,0.6912,46.0,2561.0,
2021-01-05 09:40:36.620,,0.6959,46.0,0.6912,46.0,2561.0,
2021-01-05 09:40:37.700,,0.6959,46.0,0.6912,46.0,2561.0,
2021-01-05 09:40:38.130,,0.6959,46.0,0.6912,46.0,2561.0,
2021-01-05 09:40:39.681,,0.6959,46.0,0.6912,46.0,2561.0,
2021-01-05 09:40:40.151,,0.6959,46.0,0.6912,46.0,2561.0,
2021-01-05 09:40:41.191,,0.6959,46.0,0.6912,46.0,2561.0,
2021-01-05 09:40:41.640,,0.6959,30.0,0.6921,16.0,2561.0,
2021-01-05 09:40:42.201,,0.6959,30.0,0.6921,36.0,2561.0,
2021-01-05 09:40:44.161,,0.6959,30.0,0.6921,36.0,2561.0,
2021-01-05 09:40:44.610,,0.6959,30.0,0.6921,36.0,2561.0,
2021-01-05 09:40:48.700,,0.6968,36.0,0.6927,10.0,2561.0,
2021-01-05 09:40:49.111,,0.6961,20.0,0.6927,10.0,2561.0,
2021-01-05 09:40:49.640,,0.6968,36.0,0.6927,10.0,2561.0,
2021-01-05 09:40:50.181,,0.6968,36.0,0.6927,10.0,2561.0,
2021-01-05 09:40:50.671,,0.6968,36.0,0.6927,10.0,2561.0,
2021-01-05 09:40:51.601,,0.6968,36.0,0.6927,10.0,2561.0,
2021-01-05 09:40:53.651,,0.6968,36.0,0.6927,10.0,2561.0,
2021-01-05 09:40:54.141,,0.6968,36.0,0.6927,10.0,2561.0,
2021-01-05 09:40:54.661,,0.6968,36.0,0.6927,10.0,2561.0,
2021-01-05 09:40:55.111,,0.6968,36.0,0.6927,10.0,2561.0,
2021-01-05 09:40:55.681,,0.6968,36.0,0.6927,10.0,2561.0,
2021-01-05 09:40:56.121,,0.6968,36.0,0.6927,10.0,2561.0,
2021-01-05 09:40:56.711,,0.6968,36.0,0.6921,36.0,2561.0,
2021-01-05 09:40:57.180,,0.6968,36.0,0.6921,36.0,2561.0,
2021-01-05 09:40:57.710,,0.6968,36.0,0.6921,36.0,2561.0,
2021-01-05 09:40:58.721,,0.6968,36.0,0.6921,36.0,2561.0,
2021-01-05 09:40:58.980,,0.6968,36.0,0.6921,36.0,2561.0,
2021-01-05 09:40:59.721,,0.6968,36.0,0.6921,36.0,2561.0,
2021-01-05 09:41:01.041,,0.6968,36.0,0.6921,36.0,2561.0,
2021-01-05 09:41:01.650,,0.6968,36.0,0.6921,36.0,2561.0,
2021-01-05 09:41:02.190,,0.6968,36.0,0.6921,36.0,2561.0,
2021-01-05 09:41:02.661,,0.6968,36.0,0.6921,36.0,2561.0,
2021-01-05 09:41:03.110,,0.6968,36.0,0.6921,36.0,2561.0,
2021-01-05 09:41:04.180,,0.6968,36.0,0.6921,36.0,2561.0,
2021-01-05 09:41:04.680,,0.6968,36.0,0.6921,36.0,2561.0,
2021-01-05 09:41:05.220,,0.6968,36.0,0.6921,36.0,2561.0,
2021-01-05 09:41:05.660,,0.6968,36.0,0.6921,36.0,2561.0,
2021-01-05 09:41:06.221,,0.6968,36.0,0.6921,36.0,2561.0,
2021-01-05 09:41:07.100,,0.6968,36.0,0.6921,36.0,2561.0,
2021-01-05 09:41:08.201,,0.6959,10.0,0.6921,36.0,2561.0,
2021-01-05 09:41:08.701,,0.6959,10.0,0.6921,36.0,2561.0,
2021-01-05 09:41:09.210,,0.6959,30.0,0.6921,36.0,2561.0,
2021-01-05 09:41:09.650,,0.6959,10.0,0.6921,36.0,2561.0,
2021-01-05 09:41:10.220,,0.6959,30.0,0.6921,36.0,2561.0,
2021-01-05 09:41:10.710,,0.6958,16.0,0.6912,30.0,2561.0,
2021-01-05 09:41:11.210,,0.6958,16.0,0.6912,20.0,2561.0,
2021-01-05 09:41:11.711,,0.6958,16.0,0.6912,20.0,2561.0,
2021-01-05 09:41:12.151,,0.6958,16.0,0.6912,20.0,2561.0,
2021-01-05 09:41:12.710,,0.6958,16.0,0.6912,20.0,2561.0,
2021-01-05 09:41:12.710,,0.6958,16.0,0.6912,20.0,2561.0,
2021-01-05 09:41:13.711,,0.6958,16.0,0.6912,20.0,2561.0,
2021-01-05 09:41:14.160,,0.6958,16.0,0.6912,20.0,2561.0,
2021-01-05 09:41:14.671,,0.6958,16.0,0.6912,20.0,2561.0,
2021-01-05 09:41:15.180,,0.6958,16.0,0.6912,20.0,2561.0,
2021-01-05 09:41:18.200,,0.6958,16.0,0.6912,20.0,2561.0,
2021-01-05 09:41:18.600,,0.6958,16.0,0.6912,20.0,2561.0,
2021-01-05 09:41:19.161,,0.6958,16.0,0.6912,20.0,2561.0,
2021-01-05 09:41:20.070,,0.6958,16.0,0.6912,20.0,2561.0,
2021-01-05 09:41:22.700,,0.6958,16.0,0.6912,20.0,2561.0,
2021-01-05 09:41:23.061,,0.6958,16.0,0.6912,20.0,2561.0,
2021-01-05 09:41:24.171,,0.6958,16.0,0.6912,20.0,2561.0,
2021-01-05 09:41:24.651,,0.6958,16.0,0.6912,20.0,2561.0,
2021-01-05 09:41:25.120,,0.6958,16.0,0.6912,20.0,2561.0,
2021-01-05 09:41:25.641,,0.6958,16.0,0.6912,20.0,2561.0,
2021-01-05 09:41:27.131,,0.6958,16.0,0.6912,20.0,2561.0,
2021-01-05 09:41:27.710,,0.6958,16.0,0.6912,20.0,2561.0,
2021-01-05 09:41:28.171,,0.6958,16.0,0.6912,20.0,2561.0,
2021-01-05 09:41:28.540,,0.6958,16.0,0.6912,20.0,2561.0,
2021-01-05 09:41:29.690,,0.6958,16.0,0.6912,20.0,2561.0,
2021-01-05 09:41:31.181,,0.6958,16.0,0.6912,20.0,2561.0,
2021-01-05 09:41:32.670,,0.6958,16.0,0.6912,20.0,2561.0,
2021-01-05 09:41:33.171,,0.6958,16.0,0.6912,20.0,2561.0,
2021-01-05 09:41:33.680,,0.6958,16.0,0.6912,20.0,2561.0,
2021-01-05 09:41:34.120,,0.6958,16.0,0.6912,20.0,2561.0,
2021-01-05 09:41:35.221,,0.6958,16.0,0.6912,20.0,2561.0,
2021-01-05 09:41:35.721,,0.6958,16.0,0.6912,20.0,2561.0,
2021-01-05 09:41:36.070,,0.6948,16.0,0.6905,20.0,2561.0,
2021-01-05 09:41:36.720,,0.6948,36.0,0.6905,20.0,2561.0,
2021-01-05 09:41:37.210,,0.6948,36.0,0.6905,20.0,2561.0,
2021-01-05 09:41:37.711,,0.6939,10.0,0.6905,20.0,2561.0,
2021-01-05 09:41:38.220,,0.6939,10.0,0.6901,16.0,2561.0,
2021-01-05 09:41:38.710,,0.6939,30.0,0.6901,16.0,2561.0,
2021-01-05 09:41:41.130,,0.6939,30.0,0.6901,16.0,2561.0,
2021-01-05 09:41:41.730,,0.6939,30.0,0.6901,16.0,2561.0,
2021-01-05 09:41:42.690,,0.6948,36.0,0.6907,10.0,2561.0,
2021-01-05 09:41:43.080,,0.6948,36.0,0.6907,30.0,2561.0,
2021-01-05 09:41:44.220,,0.6948,36.0,0.6907,30.0,2561.0,
2021-01-05 09:41:44.671,,0.6948,36.0,0.6907,30.0,2561.0,
2021-01-05 09:41:45.190,,0.6948,36.0,0.6907,30.0,2561.0,
2021-01-05 09:41:45.701,,0.6948,36.0,0.6907,30.0,2561.0,
2021-01-05 09:41:46.241,,0.6948,36.0,0.6907,30.0,2561.0,
2021-01-05 09:41:47.201,,0.6948,36.0,0.6907,20.0,2561.0,
2021-01-05 09:41:48.181,,0.6948,36.0,0.6901,16.0,2561.0,
2021-01-05 09:41:49.191,,0.6948,36.0,0.6901,16.0,2561.0,
2021-01-05 09:41:49.750,,0.6948,36.0,0.6901,16.0,2561.0,
2021-01-05 09:41:50.231,,0.6948,36.0,0.6901,16.0,2561.0,
2021-01-05 09:41:51.251,,0.6948,36.0,0.6901,16.0,2561.0,
2021-01-05 09:41:51.760,,0.6948,36.0,0.6901,16.0,2561.0,
2021-01-05 09:41:52.261,,0.6948,36.0,0.6901,16.0,2561.0,
2021-01-05 09:41:52.690,,0.6939,16.0,0.6899,10.0,2561.0,
2021-01-05 09:41:53.151,,0.6939,36.0,0.6899,10.0,2561.0,
2021-01-05 09:41:53.681,,0.6939,36.0,0.6899,10.0,2561.0,
2021-01-05 09:41:55.160,,0.6939,36.0,0.6899,10.0,2561.0,
2021-01-05 09:41:55.671,,0.6939,36.0,0.6899,10.0,2561.0,
2021-01-05 09:41:56.151,,0.693,10.0,0.6899,10.0,2561.0,
2021-01-05 09:41:56.670,,0.693,30.0,0.6899,10.0,2561.0,
2021-01-05 09:41:57.110,,0.693,30.0,0.6899,10.0,2561.0,
2021-01-05 09:41:57.640,,0.693,30.0,0.6899,10.0,2561.0,
2021-01-05 09:41:58.140,,0.693,30.0,0.6899,10.0,2561.0,
2021-01-05 09:41:58.660,,0.693,30.0,0.6899,10.0,2561.0,
2021-01-05 09:41:59.131,,0.693,30.0,0.6899,10.0,2561.0,
2021-01-05 09:42:00.151,,0.693,30.0,0.6899,10.0,2561.0,
2021-01-05 09:42:00.701,,0.693,30.0,0.6899,10.0,2561.0,
2021-01-05 09:42:01.651,,0.693,30.0,0.6899,10.0,2561.0,
2021-01-05 09:42:02.201,,0.693,30.0,0.6899,10.0,2561.0,
2021-01-05 09:42:02.710,,0.693,30.0,0.6899,10.0,2561.0,
2021-01-05 09:42:04.641,,0.693,30.0,0.6899,10.0,2561.0,
2021-01-05 09:42:05.211,,0.693,30.0,0.6899,10.0,2561.0,
2021-01-05 09:42:06.181,,0.693,30.0,0.6899,10.0,2561.0,
2021-01-05 09:42:06.690,,0.693,30.0,0.6899,10.0,2561.0,
2021-01-05 09:42:07.230,,0.693,46.0,0.6899,10.0,2561.0,
2021-01-05 09:42:08.660,,0.693,46.0,0.6899,10.0,2561.0,
2021-01-05 09:42:09.230,,0.693,46.0,0.6899,10.0,2561.0,
2021-01-05 09:42:10.220,,0.693,46.0,0.6899,10.0,2561.0,
2021-01-05 09:42:11.211,,0.693,46.0,0.6899,10.0,2561.0,
2021-01-05 09:42:11.691,,0.693,46.0,0.6899,10.0,2561.0,
2021-01-05 09:42:12.210,,0.692,16.0,0.6899,10.0,2561.0,
2021-01-05 09:42:12.721,,0.692,36.0,0.6899,10.0,2561.0,
2021-01-05 09:42:13.211,,0.692,36.0,0.6899,10.0,2561.0,
2021-01-05 09:42:13.731,,0.692,36.0,0.6899,10.0,2561.0,
2021-01-05 09:42:15.170,,0.692,36.0,0.6899,10.0,2561.0,
2021-01-05 09:42:16.181,,0.692,36.0,0.6899,10.0,2561.0,
2021-01-05 09:42:16.701,,0.692,36.0,0.6899,10.0,2561.0,
2021-01-05 09:42:17.241,,0.692,36.0,0.6899,10.0,2561.0,
2021-01-05 09:42:18.701,,0.692,20.0,0.6899,10.0,2561.0,
2021-01-05 09:42:19.721,,0.693,36.0,0.6899,10.0,2561.0,
2021-01-05 09:42:20.150,,0.693,36.0,0.6899,10.0,2561.0,
2021-01-05 09:42:20.680,,0.693,36.0,0.6899,10.0,2561.0,
2021-01-05 09:42:22.221,,0.693,36.0,0.6899,10.0,2561.0,
2021-01-05 09:42:24.151,,0.693,36.0,0.6899,10.0,2561.0,
2021-01-05 09:42:24.670,,0.693,36.0,0.6899,10.0,2561.0,
2021-01-05 09:42:25.621,,0.693,36.0,0.6899,10.0,2561.0,
2021-01-05 09:42:26.130,,0.693,36.0,0.6899,10.0,2561.0,
2021-01-05 09:42:27.171,,0.693,36.0,0.6899,10.0,2561.0,
2021-01-05 09:42:29.720,,0.693,36.0,0.6899,10.0,2561.0,
2021-01-05 09:42:30.710,,0.693,36.0,0.6899,10.0,2561.0,
2021-01-05 09:42:31.200,,0.693,36.0,0.6899,10.0,2561.0,
2021-01-05 09:42:31.720,,0.6921,16.0,0.6899,10.0,2561.0,
2021-01-05 09:42:32.721,,0.6921,36.0,0.6899,10.0,2561.0,
2021-01-05 09:42:33.230,,0.6921,36.0,0.6899,10.0,2561.0,
2021-01-05 09:42:34.210,,0.6921,36.0,0.6899,10.0,2561.0,
2021-01-05 09:42:35.701,,0.6921,36.0,0.6899,10.0,2561.0,
2021-01-05 09:42:36.650,,0.6921,36.0,0.6899,10.0,2561.0,
2021-01-05 09:42:37.251,,0.6921,36.0,0.6899,10.0,2561.0,
2021-01-05 09:42:40.221,,0.6921,36.0,0.6899,10.0,2561.0,
2021-01-05 09:42:41.731,,0.6916,10.0,0.6899,10.0,2561.0,
2021-01-05 09:42:42.250,,0.6916,10.0,0.6899,10.0,2561.0,
2021-01-05 09:42:42.711,,0.6916,10.0,0.6899,10.0,2561.0,
2021-01-05 09:42:43.251,,0.6916,10.0,0.6899,10.0,2561.0,
2021-01-05 09:42:43.741,,0.6916,10.0,0.6899,10.0,2561.0,
2021-01-05 09:42:44.211,,0.6916,10.0,0.6899,10.0,2561.0,
2021-01-05 09:42:44.751,,0.6916,10.0,0.6899,10.0,2561.0,
2021-01-05 09:42:45.191,,0.6921,36.0,0.6899,10.0,2561.0,
2021-01-05 09:42:46.240,,0.6921,36.0,0.6899,10.0,2561.0,
2021-01-05 09:42:46.741,0.6899,0.6921,36.0,0.6883,20.0,2571.0,10.0
2021-01-05 09:42:47.231,0.6899,0.6921,36.0,0.6874,36.0,2571.0,10.0
2021-01-05 09:42:48.171,0.6899,0.6921,36.0,0.6874,36.0,2571.0,10.0
2021-01-05 09:42:48.720,0.6899,0.6921,36.0,0.6874,36.0,2571.0,10.0
2021-01-05 09:42:49.750,0.6899,0.6921,36.0,0.6874,36.0,2571.0,10.0
2021-01-05 09:42:51.060,0.6899,0.6921,36.0,0.6874,36.0,2571.0,10.0
2021-01-05 09:42:52.251,0.6899,0.6921,36.0,0.6874,36.0,2571.0,10.0
2021-01-05 09:42:53.640,0.6899,0.6921,36.0,0.6874,36.0,2571.0,10.0
2021-01-05 09:42:55.190,0.6899,0.6921,36.0,0.6874,36.0,2571.0,10.0
2021-01-05 09:42:55.701,0.6899,0.6921,36.0,0.6874,36.0,2571.0,10.0
2021-01-05 09:42:56.191,0.6899,0.6909,10.0,0.6874,36.0,2571.0,10.0
2021-01-05 09:42:56.631,0.6899,0.6909,30.0,0.6874,36.0,2571.0,10.0
2021-01-05 09:42:58.220,0.6899,0.6909,30.0,0.6874,36.0,2571.0,10.0
2021-01-05 09:42:58.731,0.6899,0.6909,30.0,0.6874,36.0,2571.0,10.0
2021-01-05 09:42:59.230,0.6899,0.6909,30.0,0.6874,36.0,2571.0,10.0
2021-01-05 09:42:59.730,0.6899,0.6909,30.0,0.6874,36.0,2571.0,10.0
2021-01-05 09:43:00.200,0.6899,0.6909,30.0,0.6874,36.0,2571.0,10.0
2021-01-05 09:43:00.721,0.6899,0.6909,30.0,0.6874,36.0,2571.0,10.0
2021-01-05 09:43:01.211,0.6899,0.6909,30.0,0.6874,36.0,2571.0,10.0
2021-01-05 09:43:01.701,0.6899,0.6909,30.0,0.6874,36.0,2571.0,10.0
2021-01-05 09:43:02.150,0.6899,0.6909,30.0,0.6874,36.0,2571.0,10.0
2021-01-05 09:43:02.681,0.6899,0.6909,30.0,0.6874,20.0,2571.0,10.0
2021-01-05 09:43:03.241,0.6899,0.6909,30.0,0.6865,36.0,2571.0,10.0
2021-01-05 09:43:04.740,0.6899,0.6909,30.0,0.6865,36.0,2571.0,10.0
2021-01-05 09:43:05.251,0.6899,0.6909,30.0,0.6865,37.0,2571.0,10.0
2021-01-05 09:43:05.681,0.6899,0.6909,10.0,0.6865,37.0,2571.0,10.0
2021-01-05 09:43:06.171,0.6899,0.6909,10.0,0.6875,16.0,2571.0,10.0
2021-01-05 09:43:06.680,0.6899,0.6909,10.0,0.6875,16.0,2571.0,10.0
2021-01-05 09:43:07.231,0.6899,0.6909,10.0,0.6875,36.0,2571.0,10.0
2021-01-05 09:43:07.710,0.6899,0.6909,10.0,0.6875,16.0,2571.0,10.0
2021-01-05 09:43:08.181,0.6899,0.6915,20.0,0.6877,10.0,2571.0,10.0
2021-01-05 09:43:08.701,0.6899,0.6921,20.0,0.6877,10.0,2571.0,10.0
2021-01-05 09:43:09.231,0.6899,0.6921,20.0,0.6877,10.0,2571.0,10.0
2021-01-05 09:43:09.740,0.6899,0.6921,20.0,0.6877,10.0,2571.0,10.0
2021-01-05 09:43:10.150,0.6899,0.6921,20.0,0.6877,10.0,2571.0,10.0
2021-01-05 09:43:11.750,0.6899,0.6921,20.0,0.6877,10.0,2571.0,10.0
2021-01-05 09:43:13.210,0.6899,0.6921,20.0,0.6877,10.0,2571.0,10.0
2021-01-05 09:43:13.740,0.6899,0.6921,20.0,0.6877,10.0,2571.0,10.0
2021-01-05 09:43:14.270,0.6899,0.6921,20.0,0.6877,10.0,2571.0,10.0
2021-01-05 09:43:15.711,0.6899,0.6922,16.0,0.6877,10.0,2571.0,10.0
2021-01-05 09:43:16.720,0.6899,0.6922,16.0,0.6877,10.0,2571.0,10.0
2021-01-05 09:43:17.271,0.6899,0.6922,16.0,0.6877,10.0,2571.0,10.0
2021-01-05 09:43:17.771,0.6899,0.6922,16.0,0.6877,10.0,2571.0,10.0
2021-01-05 09:43:18.270,0.6899,0.6922,16.0,0.6877,10.0,2571.0,10.0
2021-01-05 09:43:20.731,0.6899,0.6922,36.0,0.6877,10.0,2571.0,10.0
2021-01-05 09:43:21.271,0.6899,0.6922,36.0,0.6877,10.0,2571.0,10.0
2021-01-05 09:43:21.701,0.6899,0.6922,36.0,0.6877,10.0,2571.0,10.0
2021-01-05 09:43:22.281,0.6899,0.6922,36.0,0.6877,10.0,2571.0,10.0
2021-01-05 09:43:22.671,0.6899,0.6922,36.0,0.6877,10.0,2571.0,10.0
2021-01-05 09:43:23.201,0.6899,0.6922,36.0,0.6877,10.0,2571.0,10.0
2021-01-05 09:43:23.651,0.6899,0.6922,36.0,0.6877,10.0,2571.0,10.0
2021-01-05 09:43:24.120,0.6899,0.6922,36.0,0.6877,10.0,2571.0,10.0
2021-01-05 09:43:25.201,0.6899,0.6922,36.0,0.6877,10.0,2571.0,10.0
2021-01-05 09:43:25.701,0.6899,0.6922,36.0,0.6877,10.0,2571.0,10.0
2021-01-05 09:43:26.181,0.6899,0.6922,36.0,0.6877,10.0,2571.0,10.0
2021-01-05 09:43:26.621,0.6899,0.6922,36.0,0.6877,10.0,2571.0,10.0
2021-01-05 09:43:27.190,0.6899,0.6922,36.0,0.6877,10.0,2571.0,10.0
2021-01-05 09:43:27.620,0.6899,0.6922,36.0,0.6877,10.0,2571.0,10.0
2021-01-05 09:43:29.080,0.6899,0.6922,36.0,0.6877,10.0,2571.0,10.0
2021-01-05 09:43:29.660,0.6899,0.6922,36.0,0.6877,10.0,2571.0,10.0
2021-01-05 09:43:31.111,0.6899,0.6922,36.0,0.6877,10.0,2571.0,10.0
2021-01-05 09:43:31.720,0.6899,0.6922,36.0,0.6877,10.0,2571.0,10.0
2021-01-05 09:43:32.701,0.6899,0.6922,36.0,0.6877,10.0,2571.0,10.0
2021-01-05 09:43:33.141,0.6899,0.6922,36.0,0.6877,10.0,2571.0,10.0
2021-01-05 09:43:34.221,0.6899,0.6922,36.0,0.6877,10.0,2571.0,10.0
2021-01-05 09:43:34.691,0.6899,0.6922,36.0,0.6877,10.0,2571.0,10.0
2021-01-05 09:43:35.160,0.6899,0.6922,36.0,0.6877,10.0,2571.0,10.0
2021-01-05 09:43:35.681,0.6899,0.6922,36.0,0.6875,36.0,2571.0,10.0
2021-01-05 09:43:37.631,0.6899,0.6922,36.0,0.6875,36.0,2571.0,10.0
2021-01-05 09:43:38.221,0.6899,0.6922,36.0,0.6875,36.0,2571.0,10.0
2021-01-05 09:43:38.680,0.6899,0.6922,36.0,0.6875,36.0,2571.0,10.0
2021-01-05 09:43:39.241,0.6899,0.6922,36.0,0.6875,36.0,2571.0,10.0
2021-01-05 09:43:40.731,0.6899,0.6922,36.0,0.6875,36.0,2571.0,10.0
2021-01-05 09:43:41.730,0.6899,0.6922,36.0,0.6875,36.0,2571.0,10.0
2021-01-05 09:43:43.231,0.6899,0.6922,36.0,0.6875,36.0,2571.0,10.0
2021-01-05 09:43:43.711,0.6899,0.6922,36.0,0.6875,36.0,2571.0,10.0
2021-01-05 09:43:44.670,0.6899,0.6922,36.0,0.6875,36.0,2571.0,10.0
2021-01-05 09:43:45.221,0.6899,0.6922,36.0,0.6875,36.0,2571.0,10.0
2021-01-05 09:43:45.720,0.6899,0.6922,36.0,0.6875,36.0,2571.0,10.0
2021-01-05 09:43:46.151,0.6899,0.6922,36.0,0.6875,36.0,2571.0,10.0
2021-01-05 09:43:46.750,0.6899,0.6922,36.0,0.6875,36.0,2571.0,10.0
2021-01-05 09:43:47.250,0.6899,0.6922,36.0,0.6875,36.0,2571.0,10.0
2021-01-05 09:43:47.661,0.6899,0.6922,36.0,0.6875,36.0,2571.0,10.0
2021-01-05 09:43:48.220,0.6899,0.6922,36.0,0.6875,36.0,2571.0,10.0
2021-01-05 09:43:48.721,0.6899,0.6922,36.0,0.6875,36.0,2571.0,10.0
2021-01-05 09:43:49.601,0.6899,0.6922,36.0,0.6875,36.0,2571.0,10.0
2021-01-05 09:43:50.170,0.6899,0.6922,36.0,0.6875,36.0,2571.0,10.0
2021-01-05 09:43:50.721,0.6899,0.6922,16.0,0.6875,36.0,2571.0,10.0
2021-01-05 09:43:51.221,0.6899,0.6922,16.0,0.6876,1.0,2571.0,10.0
2021-01-05 09:43:51.660,0.6899,0.6922,16.0,0.6876,2.0,2571.0,10.0
2021-01-05 09:43:52.200,0.6899,0.6922,16.0,0.6876,2.0,2571.0,10.0
2021-01-05 09:43:52.681,0.6899,0.6922,16.0,0.6876,2.0,2571.0,10.0
2021-01-05 09:43:53.201,0.6899,0.6922,16.0,0.6876,2.0,2571.0,10.0
2021-01-05 09:43:53.610,0.6899,0.6922,16.0,0.6876,2.0,2571.0,10.0
2021-01-05 09:43:54.191,0.6899,0.6922,16.0,0.6885,10.0,2571.0,10.0
2021-01-05 09:43:54.680,0.6899,0.6928,20.0,0.6885,30.0,2571.0,10.0
2021-01-05 09:43:55.660,0.6899,0.6928,20.0,0.6885,30.0,2571.0,10.0
2021-01-05 09:43:57.650,0.6899,0.6928,20.0,0.6885,30.0,2571.0,10.0
2021-01-05 09:43:58.190,0.6899,0.6928,20.0,0.6885,30.0,2571.0,10.0
2021-01-05 09:43:58.711,0.6899,0.6928,20.0,0.6885,30.0,2571.0,10.0
2021-01-05 09:43:59.170,0.6899,0.6928,20.0,0.6885,30.0,2571.0,10.0
2021-01-05 09:44:00.131,0.6899,0.6928,20.0,0.6885,30.0,2571.0,10.0
2021-01-05 09:44:00.701,0.6899,0.6928,20.0,0.6885,30.0,2571.0,10.0
2021-01-05 09:44:03.231,0.6899,0.6928,20.0,0.6886,1.0,2571.0,10.0
2021-01-05 09:44:03.750,0.6899,0.6931,26.0,0.6886,2.0,2571.0,10.0
2021-01-05 09:44:04.230,0.6899,0.6931,10.0,0.6893,16.0,2571.0,10.0
2021-01-05 09:44:04.230,0.6899,0.6931,10.0,0.6893,16.0,2571.0,10.0
2021-01-05 09:44:05.231,0.6899,0.6931,10.0,0.6894,1.0,2571.0,10.0
2021-01-05 09:44:05.681,0.6899,0.694,16.0,0.6901,10.0,2571.0,10.0
2021-01-05 09:44:06.261,0.6899,0.694,16.0,0.6901,30.0,2571.0,10.0
2021-01-05 09:44:06.770,0.6899,0.694,16.0,0.6901,30.0,2571.0,10.0
2021-01-05 09:44:07.281,0.6899,0.694,16.0,0.6901,30.0,2571.0,10.0
2021-01-05 09:44:07.750,0.6899,0.694,16.0,0.6901,30.0,2571.0,10.0
2021-01-05 09:44:08.261,0.6899,0.694,16.0,0.6901,30.0,2571.0,10.0
2021-01-05 09:44:08.760,0.6899,0.694,16.0,0.6901,30.0,2571.0,10.0
2021-01-05 09:44:09.150,0.6899,0.694,16.0,0.6901,30.0,2571.0,10.0
2021-01-05 09:44:09.780,0.6899,0.694,16.0,0.6901,30.0,2571.0,10.0
2021-01-05 09:44:10.280,0.6899,0.6933,10.0,0.6901,20.0,2571.0,10.0
2021-01-05 09:44:10.781,0.6899,0.6933,10.0,0.6894,23.0,2571.0,10.0
2021-01-05 09:44:11.271,0.6899,0.6933,10.0,0.6894,20.0,2571.0,10.0
2021-01-05 09:44:12.270,0.6899,0.6933,10.0,0.6894,20.0,2571.0,10.0
2021-01-05 09:44:12.781,0.6899,0.6933,10.0,0.6894,20.0,2571.0,10.0
2021-01-05 09:44:13.230,0.6899,0.6933,10.0,0.6894,20.0,2571.0,10.0
2021-01-05 09:44:14.260,0.6899,0.6933,10.0,0.6894,20.0,2571.0,10.0
2021-01-05 09:44:15.280,0.6899,0.6933,10.0,0.6894,20.0,2571.0,10.0
2021-01-05 09:44:15.780,0.6899,0.6933,10.0,0.6894,20.0,2571.0,10.0
2021-01-05 09:44:17.280,0.6899,0.6933,10.0,0.6894,20.0,2571.0,10.0
2021-01-05 09:44:17.770,0.6899,0.6933,30.0,0.6894,20.0,2571.0,10.0
2021-01-05 09:44:18.231,0.6899,0.6933,30.0,0.6894,20.0,2571.0,10.0
2021-01-05 09:44:19.261,0.6899,0.6933,30.0,0.6894,20.0,2571.0,10.0
2021-01-05 09:44:19.801,0.6899,0.6933,30.0,0.6894,20.0,2571.0,10.0
2021-01-05 09:44:20.300,0.6899,0.6933,30.0,0.6894,20.0,2571.0,10.0
2021-01-05 09:44:20.780,0.6899,0.6933,30.0,0.6894,20.0,2571.0,10.0
2021-01-05 09:44:21.270,0.6899,0.6933,30.0,0.6894,20.0,2571.0,10.0
2021-01-05 09:44:21.760,0.6899,0.6933,30.0,0.6894,20.0,2571.0,10.0
2021-01-05 09:44:21.981,0.6899,0.6933,30.0,0.6894,20.0,2571.0,10.0
2021-01-05 09:44:22.661,0.6899,0.6933,30.0,0.6894,20.0,2571.0,10.0
2021-01-05 09:44:26.201,0.6899,0.6933,30.0,0.6894,20.0,2571.0,10.0
2021-01-05 09:44:26.701,0.6899,0.6933,10.0,0.6894,20.0,2571.0,10.0
2021-01-05 09:44:27.201,0.6899,0.6933,10.0,0.6894,20.0,2571.0,10.0
2021-01-05 09:44:28.680,0.6899,0.6933,10.0,0.6894,20.0,2571.0,10.0
2021-01-05 09:44:29.200,0.6899,0.6933,10.0,0.6894,20.0,2571.0,10.0
2021-01-05 09:44:29.631,0.6899,0.6933,10.0,0.6894,20.0,2571.0,10.0
2021-01-05 09:44:30.720,0.6899,0.6933,10.0,0.6894,20.0,2571.0,10.0
2021-01-05 09:44:32.220,0.6899,0.694,16.0,0.6894,20.0,2571.0,10.0
2021-01-05 09:44:32.670,0.6899,0.694,16.0,0.6901,10.0,2571.0,10.0
2021-01-05 09:44:33.231,0.6899,0.6941,20.0,0.6902,16.0,2571.0,10.0
2021-01-05 09:44:33.730,0.6899,0.6941,20.0,0.6902,16.0,2571.0,10.0
2021-01-05 09:44:34.141,0.6899,0.6947,30.0,0.6902,16.0,2571.0,10.0
2021-01-05 09:44:34.520,0.6899,0.6947,30.0,0.6902,16.0,2571.0,10.0
2021-01-05 09:44:35.740,0.6899,0.6947,30.0,0.6902,16.0,2571.0,10.0
2021-01-05 09:44:36.220,0.6899,0.6947,30.0,0.6902,16.0,2571.0,10.0
2021-01-05 09:44:37.240,0.6899,0.6947,30.0,0.6902,16.0,2571.0,10.0
2021-01-05 09:44:37.751,0.6899,0.6947,30.0,0.6902,16.0,2571.0,10.0
2021-01-05 09:44:38.201,0.6899,0.6947,30.0,0.6902,16.0,2571.0,10.0
2021-01-05 09:44:39.661,0.6899,0.6947,30.0,0.6902,16.0,2571.0,10.0
2021-01-05 09:44:40.250,0.6899,0.6947,30.0,0.6902,16.0,2571.0,10.0
2021-01-05 09:44:40.740,0.6899,0.6947,30.0,0.6902,16.0,2571.0,10.0
2021-01-05 09:44:41.251,0.6899,0.6947,30.0,0.6903,2.0,2571.0,10.0
2021-01-05 09:44:42.250,0.6899,0.6947,30.0,0.6903,2.0,2571.0,10.0
2021-01-05 09:44:43.251,0.6899,0.6947,30.0,0.6903,2.0,2571.0,10.0
2021-01-05 09:44:43.981,0.6899,0.6947,30.0,0.6902,16.0,2571.0,10.0
2021-01-05 09:44:44.661,0.6899,0.6947,30.0,0.6902,16.0,2571.0,10.0
2021-01-05 09:44:45.261,0.6899,0.6947,30.0,0.6902,16.0,2571.0,10.0
2021-01-05 09:44:45.760,0.6899,0.6947,30.0,0.6902,16.0,2571.0,10.0
2021-01-05 09:44:46.271,0.6899,0.6947,30.0,0.6902,16.0,2571.0,10.0
2021-01-05 09:44:46.771,0.6899,0.6947,30.0,0.6902,16.0,2571.0,10.0
2021-01-05 09:44:47.251,0.6899,0.6947,30.0,0.6902,16.0,2571.0,10.0
2021-01-05 09:44:47.770,0.6899,0.6947,30.0,0.6902,16.0,2571.0,10.0
2021-01-05 09:44:48.271,0.6899,0.6947,30.0,0.6902,16.0,2571.0,10.0
2021-01-05 09:44:49.270,0.6899,0.6947,30.0,0.6902,16.0,2571.0,10.0
2021-01-05 09:44:50.300,0.6899,0.6947,30.0,0.6902,16.0,2571.0,10.0
2021-01-05 09:44:50.811,0.6899,0.6947,30.0,0.6902,16.0,2571.0,10.0
2021-01-05 09:44:51.270,0.6899,0.6947,30.0,0.6902,16.0,2571.0,10.0
2021-01-05 09:44:51.810,0.6899,0.6947,30.0,0.6902,16.0,2571.0,10.0
2021-01-05 09:44:53.201,0.6899,0.6947,30.0,0.6902,16.0,2571.0,10.0
2021-01-05 09:44:53.710,0.6899,0.6947,30.0,0.6902,16.0,2571.0,10.0
2021-01-05 09:44:54.970,0.6899,0.6947,30.0,0.6902,16.0,2571.0,10.0
2021-01-05 09:44:55.700,0.6899,0.6947,30.0,0.6902,16.0,2571.0,10.0
2021-01-05 09:44:56.220,0.6899,0.6947,30.0,0.6902,16.0,2571.0,10.0
2021-01-05 09:44:56.720,0.6899,0.6947,30.0,0.6902,16.0,2571.0,10.0
2021-01-05 09:44:58.120,0.6899,0.6947,30.0,0.6902,16.0,2571.0,10.0
2021-01-05 09:44:58.720,0.6899,0.6947,30.0,0.6902,16.0,2571.0,10.0
2021-01-05 09:44:59.711,0.6899,0.6947,20.0,0.6914,10.0,2571.0,10.0
2021-01-05 09:45:00.061,0.6899,0.6947,20.0,0.6914,30.0,2571.0,10.0
2021-01-05 09:45:00.401,0.6899,0.6947,20.0,0.6914,30.0,2571.0,10.0
2021-01-05 09:45:01.221,0.6899,0.6954,20.0,0.6914,30.0,2571.0,10.0
2021-01-05 09:45:01.680,0.6899,0.6954,20.0,0.6914,30.0,2571.0,10.0
2021-01-05 09:45:02.061,0.6899,0.6954,20.0,0.6914,30.0,2571.0,10.0
2021-01-05 09:45:02.710,0.6899,0.6954,20.0,0.6914,30.0,2571.0,10.0
2021-01-05 09:45:03.190,0.6899,0.6954,20.0,0.6915,1.0,2571.0,10.0
2021-01-05 09:45:03.680,0.6899,0.6954,20.0,0.6915,1.0,2571.0,10.0
2021-01-05 09:45:04.191,0.6899,0.6958,16.0,0.6915,1.0,2571.0,10.0
2021-01-05 09:45:04.700,0.6899,0.696,20.0,0.692,16.0,2571.0,10.0
2021-01-05 09:45:05.221,0.6899,0.696,20.0,0.692,36.0,2571.0,10.0
2021-01-05 09:45:05.720,0.6899,0.6967,16.0,0.693,10.0,2571.0,10.0
2021-01-05 09:45:06.220,0.6899,0.6967,16.0,0.693,10.0,2571.0,10.0
2021-01-05 09:45:06.721,0.6899,0.6968,20.0,0.693,36.0,2571.0,10.0
2021-01-05 09:45:07.130,0.6899,0.6968,20.0,0.693,16.0,2571.0,10.0
2021-01-05 09:45:07.720,0.6899,0.6977,16.0,0.693,16.0,2571.0,10.0
2021-01-05 09:45:08.181,0.6899,0.6977,16.0,0.693,16.0,2571.0,10.0
2021-01-05 09:45:08.700,0.6899,0.6977,36.0,0.693,36.0,2571.0,10.0
2021-01-05 09:45:09.190,0.6899,0.6977,16.0,0.693,16.0,2571.0,10.0
2021-01-05 09:45:09.720,0.6899,0.6977,36.0,0.693,36.0,2571.0,10.0
2021-01-05 09:45:10.200,0.6899,0.6977,16.0,0.693,16.0,2571.0,10.0
2021-01-05 09:45:10.700,0.6899,0.6977,36.0,0.693,16.0,2571.0,10.0
2021-01-05 09:45:11.091,0.6899,0.6977,16.0,0.693,16.0,2571.0,10.0
2021-01-05 09:45:11.720,0.6899,0.6977,36.0,0.693,16.0,2571.0,10.0
2021-01-05 09:45:12.150,0.6899,0.6977,16.0,0.693,16.0,2571.0,10.0
2021-01-05 09:45:12.701,0.6899,0.6977,36.0,0.693,16.0,2571.0,10.0
2021-01-05 09:45:13.220,0.6899,0.6977,16.0,0.693,16.0,2571.0,10.0
2021-01-05 09:45:13.681,0.6899,0.6977,16.0,0.693,16.0,2571.0,10.0
2021-01-05 09:45:15.230,0.6899,0.6977,16.0,0.693,16.0,2571.0,10.0
2021-01-05 09:45:15.721,0.6899,0.6977,16.0,0.693,16.0,2571.0,10.0
2021-01-05 09:45:16.230,0.6899,0.6977,16.0,0.693,16.0,2571.0,10.0
2021-01-05 09:45:16.480,0.6899,0.6985,20.0,0.6944,10.0,2571.0,10.0
2021-01-05 09:45:17.170,0.6899,0.6985,20.0,0.6944,30.0,2571.0,10.0
2021-01-05 09:45:17.731,0.6899,0.6988,16.0,0.6944,30.0,2571.0,10.0
2021-01-05 09:45:18.691,0.6899,0.6988,16.0,0.6944,30.0,2571.0,10.0
2021-01-05 09:45:19.191,0.6899,0.6988,16.0,0.6944,30.0,2571.0,10.0
2021-01-05 09:45:19.731,0.6899,0.6988,16.0,0.6944,30.0,2571.0,10.0
2021-01-05 09:45:21.191,0.6899,0.6988,16.0,0.6944,20.0,2571.0,10.0
2021-01-05 09:45:22.240,0.6899,0.6988,16.0,0.6944,20.0,2571.0,10.0
2021-01-05 09:45:22.710,0.6899,0.6988,16.0,0.6944,20.0,2571.0,10.0
2021-01-05 09:45:23.671,0.6899,0.6988,16.0,0.6944,20.0,2571.0,10.0
2021-01-05 09:45:24.701,0.6899,0.6988,16.0,0.6944,20.0,2571.0,10.0
2021-01-05 09:45:25.690,0.6899,0.6988,16.0,0.6944,20.0,2571.0,10.0
2021-01-05 09:45:26.220,0.6899,0.6988,16.0,0.6944,20.0,2571.0,10.0
2021-01-05 09:45:26.681,0.6899,0.6988,16.0,0.6944,20.0,2571.0,10.0
2021-01-05 09:45:27.211,0.6899,0.6988,16.0,0.6941,16.0,2571.0,10.0
2021-01-05 09:45:27.711,0.6899,0.6988,16.0,0.6941,16.0,2571.0,10.0
2021-01-05 09:45:28.220,0.6899,0.6988,16.0,0.6941,16.0,2571.0,10.0
2021-01-05 09:45:29.140,0.6899,0.6978,16.0,0.6938,20.0,2571.0,10.0
2021-01-05 09:45:30.210,0.6899,0.6978,36.0,0.6931,1.0,2571.0,10.0
2021-01-05 09:45:30.521,0.6899,0.6978,16.0,0.693,16.0,2571.0,10.0
2021-01-05 09:45:31.211,0.6899,0.6978,36.0,0.693,16.0,2571.0,10.0
2021-01-05 09:45:32.160,0.6899,0.6978,36.0,0.693,16.0,2571.0,10.0
2021-01-05 09:45:33.180,0.6899,0.6974,10.0,0.693,16.0,2571.0,10.0
2021-01-05 09:45:34.220,0.6899,0.6974,10.0,0.693,16.0,2571.0,10.0
2021-01-05 09:45:35.190,0.6899,0.6974,10.0,0.693,16.0,2571.0,10.0
2021-01-05 09:45:35.701,0.6899,0.6974,10.0,0.693,16.0,2571.0,10.0
2021-01-05 09:45:37.241,0.6899,0.6968,16.0,0.6928,10.0,2571.0,10.0
2021-01-05 09:45:37.731,0.6899,0.6968,36.0,0.6928,10.0,2571.0,10.0
2021-01-05 09:45:39.210,0.6899,0.6968,36.0,0.6928,10.0,2571.0,10.0
2021-01-05 09:45:39.710,0.6899,0.6968,36.0,0.6928,10.0,2571.0,10.0
2021-01-05 09:45:40.240,0.6899,0.6968,36.0,0.6928,10.0,2571.0,10.0
2021-01-05 09:45:42.240,0.6899,0.6968,36.0,0.6928,10.0,2571.0,10.0
2021-01-05 09:45:42.711,0.6899,0.6968,36.0,0.6928,10.0,2571.0,10.0
2021-01-05 09:45:43.220,0.6899,0.6968,36.0,0.6928,10.0,2571.0,10.0
2021-01-05 09:45:43.710,0.6899,0.6968,36.0,0.6927,20.0,2571.0,10.0
2021-01-05 09:45:44.201,0.6899,0.6968,36.0,0.6921,36.0,2571.0,10.0
2021-01-05 09:45:44.711,0.6899,0.6968,36.0,0.6921,36.0,2571.0,10.0
2021-01-05 09:45:45.220,0.6899,0.6968,36.0,0.6921,36.0,2571.0,10.0
2021-01-05 09:45:45.681,0.6899,0.6968,36.0,0.6921,36.0,2571.0,10.0
2021-01-05 09:45:46.240,0.6899,0.6968,36.0,0.6921,36.0,2571.0,10.0
2021-01-05 09:45:46.751,0.6899,0.6968,36.0,0.6921,36.0,2571.0,10.0
2021-01-05 09:45:47.241,0.6899,0.6968,36.0,0.6921,36.0,2571.0,10.0
2021-01-05 09:45:48.741,0.6899,0.6968,36.0,0.6921,36.0,2571.0,10.0
2021-01-05 09:45:50.251,0.6899,0.6968,36.0,0.6921,36.0,2571.0,10.0
2021-01-05 09:45:50.750,0.6899,0.6968,36.0,0.6921,36.0,2571.0,10.0
2021-01-05 09:45:54.191,0.6899,0.6968,36.0,0.6921,36.0,2571.0,10.0
2021-01-05 09:45:55.230,0.6899,0.6968,36.0,0.6921,36.0,2571.0,10.0
2021-01-05 09:45:55.711,0.6899,0.6968,36.0,0.6921,36.0,2571.0,10.0
2021-01-05 09:45:56.631,0.6899,0.6968,36.0,0.6921,36.0,2571.0,10.0
2021-01-05 09:45:58.231,0.6899,0.6968,36.0,0.6921,36.0,2571.0,10.0
2021-01-05 09:45:58.711,0.6899,0.6968,36.0,0.6921,36.0,2571.0,10.0
2021-01-05 09:45:59.230,0.6899,0.6968,36.0,0.6921,36.0,2571.0,10.0
2021-01-05 09:46:00.210,0.6899,0.6968,36.0,0.6921,36.0,2571.0,10.0
2021-01-05 09:46:00.730,0.6899,0.6958,16.0,0.6913,10.0,2571.0,10.0
2021-01-05 09:46:01.230,0.6899,0.6958,16.0,0.6913,10.0,2571.0,10.0
2021-01-05 09:46:02.221,0.6899,0.6958,36.0,0.6914,10.0,2571.0,10.0
2021-01-05 09:46:02.711,0.6899,0.6958,36.0,0.6914,10.0,2571.0,10.0
2021-01-05 09:46:03.120,0.6899,0.6958,36.0,0.6914,10.0,2571.0,10.0
2021-01-05 09:46:03.731,0.6899,0.6958,36.0,0.6911,16.0,2571.0,10.0
2021-01-05 09:46:04.171,0.6899,0.6958,36.0,0.6911,16.0,2571.0,10.0
2021-01-05 09:46:04.171,0.6899,0.6958,36.0,0.6911,16.0,2571.0,10.0
2021-01-05 09:46:05.691,0.6899,0.6958,36.0,0.6911,16.0,2571.0,10.0
2021-01-05 09:46:06.221,0.6899,0.6958,36.0,0.6911,16.0,2571.0,10.0
2021-01-05 09:46:06.690,0.6899,0.6958,36.0,0.6911,16.0,2571.0,10.0
2021-01-05 09:46:10.221,0.6899,0.6946,16.0,0.6901,10.0,2571.0,10.0
2021-01-05 09:46:10.720,0.6899,0.6946,36.0,0.6901,10.0,2571.0,10.0
2021-01-05 09:46:11.721,0.6899,0.6946,36.0,0.6901,10.0,2571.0,10.0
2021-01-05 09:46:12.190,0.6899,0.6946,36.0,0.6901,10.0,2571.0,10.0
2021-01-05 09:46:13.681,0.6899,0.6946,36.0,0.6901,10.0,2571.0,10.0
2021-01-05 09:46:16.041,0.6899,0.6946,36.0,0.6901,10.0,2571.0,10.0
2021-01-05 09:46:16.631,0.6899,0.6946,36.0,0.6901,10.0,2571.0,10.0
2021-01-05 09:46:17.221,0.6899,0.6946,36.0,0.6901,10.0,2571.0,10.0
2021-01-05 09:46:18.180,0.6899,0.6946,36.0,0.6901,10.0,2571.0,10.0
2021-01-05 09:46:20.210,0.6899,0.6946,36.0,0.6899,16.0,2571.0,10.0
2021-01-05 09:46:20.731,0.6899,0.6946,36.0,0.6899,16.0,2571.0,10.0
2021-01-05 09:46:21.611,0.6899,0.6946,36.0,0.6899,16.0,2571.0,10.0
2021-01-05 09:46:22.220,0.6899,0.6946,36.0,0.6899,16.0,2571.0,10.0
2021-01-05 09:46:22.690,0.6899,0.6946,36.0,0.6899,16.0,2571.0,10.0
2021-01-05 09:46:23.201,0.6899,0.6946,36.0,0.6899,16.0,2571.0,10.0
2021-01-05 09:46:24.221,0.6899,0.6946,36.0,0.6899,16.0,2571.0,10.0
2021-01-05 09:46:25.211,0.6899,0.6946,36.0,0.6899,16.0,2571.0,10.0
2021-01-05 09:46:27.201,0.6899,0.6946,36.0,0.6899,16.0,2571.0,10.0
2021-01-05 09:46:27.720,0.6899,0.6946,36.0,0.6899,16.0,2571.0,10.0
2021-01-05 09:46:29.151,0.6899,0.6946,36.0,0.6899,16.0,2571.0,10.0
2021-01-05 09:46:29.710,0.6899,0.6946,36.0,0.6899,16.0,2571.0,10.0
2021-01-05 09:46:30.721,0.6899,0.6946,36.0,0.6899,16.0,2571.0,10.0
2021-01-05 09:46:31.111,0.6899,0.6946,36.0,0.69,10.0,2571.0,10.0
2021-01-05 09:46:32.701,0.6899,0.6946,36.0,0.6899,26.0,2571.0,10.0
2021-01-05 09:46:33.660,0.6899,0.6946,36.0,0.6899,26.0,2571.0,10.0
2021-01-05 09:46:35.120,0.6899,0.6937,16.0,0.6899,10.0,2571.0,10.0
2021-01-05 09:46:35.721,0.6899,0.6937,16.0,0.6899,10.0,2571.0,10.0
2021-01-05 09:46:36.221,0.6899,0.6937,36.0,0.6899,10.0,2571.0,10.0
2021-01-05 09:46:37.750,0.6899,0.6937,36.0,0.6899,10.0,2571.0,10.0
2021-01-05 09:46:38.201,0.6899,0.6937,20.0,0.69,16.0,2571.0,10.0
2021-01-05 09:46:38.680,0.6899,0.6946,20.0,0.6905,10.0,2571.0,10.0
2021-01-05 09:46:39.210,0.6899,0.6946,20.0,0.6905,10.0,2571.0,10.0
2021-01-05 09:46:39.730,0.6899,0.6946,20.0,0.6905,30.0,2571.0,10.0
2021-01-05 09:46:40.230,0.6899,0.6946,20.0,0.6905,30.0,2571.0,10.0
2021-01-05 09:46:40.670,0.6899,0.6946,20.0,0.6905,10.0,2571.0,10.0
2021-01-05 09:46:41.250,0.6899,0.6946,20.0,0.6905,10.0,2571.0,10.0
2021-01-05 09:46:41.730,0.6899,0.6946,20.0,0.6905,10.0,2571.0,10.0
2021-01-05 09:46:45.711,0.6899,0.6946,20.0,0.6906,10.0,2571.0,10.0
2021-01-05 09:46:46.251,0.6899,0.6946,20.0,0.6905,20.0,2571.0,10.0
2021-01-05 09:46:46.671,0.6899,0.6946,20.0,0.6907,10.0,2571.0,10.0
2021-01-05 09:46:47.701,0.6899,0.6946,20.0,0.6906,10.0,2571.0,10.0
2021-01-05 09:46:49.251,0.6899,0.6946,20.0,0.6908,10.0,2571.0,10.0
2021-01-05 09:46:49.730,0.6899,0.6946,20.0,0.6907,10.0,2571.0,10.0
2021-01-05 09:46:51.261,0.6899,0.6946,20.0,0.6907,10.0,2571.0,10.0
2021-01-05 09:46:51.731,0.6899,0.6946,20.0,0.6907,10.0,2571.0,10.0
2021-01-05 09:46:52.711,0.6899,0.6946,20.0,0.6907,10.0,2571.0,10.0
2021-01-05 09:46:54.221,0.6899,0.6946,20.0,0.6907,10.0,2571.0,10.0
2021-01-05 09:46:54.701,0.6899,0.6946,20.0,0.6907,10.0,2571.0,10.0
2021-01-05 09:46:56.221,0.6899,0.6946,20.0,0.6907,10.0,2571.0,10.0
2021-01-05 09:46:56.711,0.6899,0.6946,20.0,0.6907,10.0,2571.0,10.0
2021-01-05 09:46:57.741,0.6899,0.6946,20.0,0.6907,10.0,2571.0,10.0
2021-01-05 09:46:59.191,0.6899,0.6946,20.0,0.6907,10.0,2571.0,10.0
2021-01-05 09:47:01.210,0.6899,0.6946,20.0,0.6912,10.0,2571.0,10.0
2021-01-05 09:47:01.721,0.6899,0.6956,36.0,0.6912,30.0,2571.0,10.0
2021-01-05 09:47:02.741,0.6899,0.6956,36.0,0.6913,10.0,2571.0,10.0
2021-01-05 09:47:03.220,0.6899,0.6959,10.0,0.692,16.0,2571.0,10.0
2021-01-05 09:47:03.740,0.6899,0.6959,20.0,0.6927,10.0,2571.0,10.0
2021-01-05 09:47:04.751,0.6899,0.6967,36.0,0.6928,10.0,2571.0,10.0
2021-01-05 09:47:05.250,0.6899,0.6967,36.0,0.6927,30.0,2571.0,10.0
2021-01-05 09:47:06.251,0.6899,0.6967,36.0,0.6927,30.0,2571.0,10.0
2021-01-05 09:47:06.750,0.6899,0.6967,20.0,0.693,16.0,2571.0,10.0
2021-01-05 09:47:07.221,0.6899,0.6977,36.0,0.693,16.0,2571.0,10.0
2021-01-05 09:47:07.740,0.6899,0.6977,36.0,0.6931,10.0,2571.0,10.0
2021-01-05 09:47:08.230,0.6899,0.6977,36.0,0.693,26.0,2571.0,10.0
2021-01-05 09:47:09.751,0.6899,0.6977,36.0,0.693,26.0,2571.0,10.0
2021-01-05 09:47:09.880,0.6899,0.6977,20.0,0.694,16.0,2571.0,10.0
2021-01-05 09:47:10.721,0.6899,0.6977,20.0,0.694,36.0,2571.0,10.0
2021-01-05 09:47:11.250,0.6899,0.6977,20.0,0.6941,10.0,2571.0,10.0
2021-01-05 09:47:11.751,0.6899,0.6977,20.0,0.694,46.0,2571.0,10.0
2021-01-05 09:47:12.241,0.6899,0.6987,36.0,0.694,46.0,2571.0,10.0
2021-01-05 09:47:13.201,0.6899,0.6987,36.0,0.694,46.0,2571.0,10.0
2021-01-05 09:47:14.220,0.6899,0.6987,36.0,0.694,46.0,2571.0,10.0
2021-01-05 09:47:15.230,0.6899,0.6987,36.0,0.694,46.0,2571.0,10.0
2021-01-05 09:47:15.701,0.6899,0.6987,36.0,0.694,46.0,2571.0,10.0
2021-01-05 09:47:16.731,0.6899,0.6987,36.0,0.694,46.0,2571.0,10.0
2021-01-05 09:47:17.251,0.6899,0.6987,36.0,0.694,46.0,2571.0,10.0
2021-01-05 09:47:17.760,0.6899,0.6987,36.0,0.694,46.0,2571.0,10.0
2021-01-05 09:47:18.221,0.6899,0.6987,36.0,0.694,46.0,2571.0,10.0
2021-01-05 09:47:18.621,0.6899,0.6987,36.0,0.694,46.0,2571.0,10.0
2021-01-05 09:47:19.111,0.6899,0.6987,20.0,0.6955,10.0,2571.0,10.0
2021-01-05 09:47:19.731,0.6899,0.6999,36.0,0.6955,30.0,2571.0,10.0
2021-01-05 09:47:20.761,0.6899,0.6999,36.0,0.6956,10.0,2571.0,10.0
2021-01-05 09:47:21.760,0.6899,0.6999,36.0,0.6956,10.0,2571.0,10.0
2021-01-05 09:47:22.240,0.6899,0.6999,36.0,0.6956,10.0,2571.0,10.0
2021-01-05 09:47:22.580,0.6899,0.6999,36.0,0.6956,10.0,2571.0,10.0
2021-01-05 09:47:23.151,0.6899,0.6999,20.0,0.6961,16.0,2571.0,10.0
2021-01-05 09:47:23.700,0.6899,0.6999,20.0,0.6961,36.0,2571.0,10.0
2021-01-05 09:47:25.241,0.6899,0.6999,20.0,0.6962,10.0,2571.0,10.0
2021-01-05 09:47:25.710,0.6899,0.6999,20.0,0.6961,46.0,2571.0,10.0
2021-01-05 09:47:27.721,0.6899,0.6999,20.0,0.6961,46.0,2571.0,10.0
2021-01-05 09:47:28.230,0.6899,0.6999,20.0,0.6961,46.0,2571.0,10.0
2021-01-05 09:47:32.170,0.6899,0.6999,20.0,0.6968,10.0,2571.0,10.0
2021-01-05 09:47:33.181,0.6899,0.7008,36.0,0.6968,30.0,2571.0,10.0
2021-01-05 09:47:34.231,0.6899,0.7008,36.0,0.6968,30.0,2571.0,10.0
2021-01-05 09:47:34.750,0.6899,0.7008,36.0,0.6969,10.0,2571.0,10.0
2021-01-05 09:47:35.221,0.6899,0.7008,36.0,0.6969,10.0,2571.0,10.0
2021-01-05 09:47:35.740,0.6899,0.7008,36.0,0.6969,10.0,2571.0,10.0
2021-01-05 09:47:36.241,0.6899,0.7008,36.0,0.6969,10.0,2571.0,10.0
2021-01-05 09:47:36.721,0.6899,0.7008,36.0,0.6969,10.0,2571.0,10.0
2021-01-05 09:47:36.721,0.6899,0.7008,36.0,0.6969,10.0,2571.0,10.0
2021-01-05 09:47:37.251,0.6899,0.7008,36.0,0.6969,10.0,2571.0,10.0
2021-01-05 09:47:38.260,0.6899,0.7008,36.0,0.6969,10.0,2571.0,10.0
2021-01-05 09:47:38.700,0.6899,0.7008,36.0,0.6969,10.0,2571.0,10.0
2021-01-05 09:47:40.260,0.6899,0.7008,36.0,0.6969,10.0,2571.0,10.0
2021-01-05 09:47:40.761,0.6899,0.7008,36.0,0.6969,10.0,2571.0,10.0
2021-01-05 09:47:41.261,0.6899,0.7008,36.0,0.6969,10.0,2571.0,10.0
2021-01-05 09:47:41.731,0.6899,0.7008,36.0,0.6969,10.0,2571.0,10.0
2021-01-05 09:47:43.251,0.6899,0.7008,36.0,0.6969,10.0,2571.0,10.0
2021-01-05 09:47:44.010,0.6899,0.7008,36.0,0.6969,10.0,2571.0,10.0
2021-01-05 09:47:44.680,0.6899,0.7008,36.0,0.6969,10.0,2571.0,10.0
2021-01-05 09:47:46.761,0.6899,0.7008,36.0,0.6969,10.0,2571.0,10.0
2021-01-05 09:47:47.270,0.6899,0.7008,36.0,0.6969,10.0,2571.0,10.0
2021-01-05 09:47:49.260,0.6899,0.7008,36.0,0.6969,10.0,2571.0,10.0
2021-01-05 09:47:49.771,0.6899,0.7008,36.0,0.6969,10.0,2571.0,10.0
2021-01-05 09:47:50.271,0.6899,0.7008,36.0,0.6969,10.0,2571.0,10.0
2021-01-05 09:47:50.751,0.6899,0.7008,36.0,0.6969,10.0,2571.0,10.0
2021-01-05 09:47:51.270,0.6899,0.7008,36.0,0.6969,10.0,2571.0,10.0
2021-01-05 09:47:51.781,0.6899,0.7008,20.0,0.6969,10.0,2571.0,10.0
2021-01-05 09:47:52.271,0.6899,0.6997,16.0,0.6965,10.0,2571.0,10.0
2021-01-05 09:47:52.271,0.6899,0.6997,16.0,0.697,10.0,2571.0,10.0
2021-01-05 09:47:53.231,0.6899,0.6997,36.0,0.6966,10.0,2571.0,10.0
2021-01-05 09:47:53.740,0.6899,0.6997,16.0,0.697,10.0,2571.0,10.0
2021-01-05 09:47:53.740,0.6899,0.7005,36.0,0.6969,10.0,2571.0,10.0
2021-01-05 09:47:54.741,0.6899,0.6998,20.0,0.6969,10.0,2571.0,10.0
2021-01-05 09:47:55.231,0.6899,0.6996,16.0,0.6964,10.0,2571.0,10.0
2021-01-05 09:47:55.740,0.6899,0.6996,16.0,0.6961,10.0,2571.0,10.0
2021-01-05 09:47:56.230,0.6899,0.6996,36.0,0.6963,10.0,2571.0,10.0
2021-01-05 09:47:56.751,0.6899,0.6987,16.0,0.6961,10.0,2571.0,10.0
2021-01-05 09:47:57.250,0.6899,0.6987,16.0,0.6965,10.0,2571.0,10.0
2021-01-05 09:47:57.750,0.6899,0.6996,20.0,0.6964,10.0,2571.0,10.0
2021-01-05 09:47:58.261,0.6899,0.6996,20.0,0.6966,10.0,2571.0,10.0
2021-01-05 09:47:58.261,0.6899,0.6999,10.0,0.6965,10.0,2571.0,10.0
2021-01-05 09:47:59.231,0.6899,0.6999,10.0,0.6964,10.0,2571.0,10.0
2021-01-05 09:48:00.260,0.6899,0.6999,10.0,0.6966,10.0,2571.0,10.0
2021-01-05 09:48:00.791,0.6899,0.6999,10.0,0.6966,10.0,2571.0,10.0
2021-01-05 09:48:01.261,0.6899,0.7005,20.0,0.6966,10.0,2571.0,10.0
2021-01-05 09:48:01.791,0.6899,0.7009,16.0,0.6968,10.0,2571.0,10.0
2021-01-05 09:48:02.260,0.6899,0.7009,16.0,0.6966,10.0,2571.0,10.0
2021-01-05 09:48:02.781,0.6899,0.7009,16.0,0.6966,10.0,2571.0,10.0
2021-01-05 09:48:03.261,0.6899,0.7009,16.0,0.6966,10.0,2571.0,10.0
2021-01-05 09:48:03.791,0.6899,0.7009,16.0,0.6966,10.0,2571.0,10.0
2021-01-05 09:48:04.010,0.6899,0.7009,16.0,0.6966,10.0,2571.0,10.0
2021-01-05 09:48:04.790,0.6899,0.7009,16.0,0.6966,10.0,2571.0,10.0
2021-01-05 09:48:05.261,0.6899,0.7009,16.0,0.6966,10.0,2571.0,10.0
2021-01-05 09:48:06.291,0.6899,0.7009,16.0,0.6966,10.0,2571.0,10.0
2021-01-05 09:48:07.280,0.6899,0.7009,16.0,0.6966,10.0,2571.0,10.0
2021-01-05 09:48:07.760,0.6899,0.7009,16.0,0.6966,10.0,2571.0,10.0
2021-01-05 09:48:08.281,0.6899,0.7021,30.0,0.6966,10.0,2571.0,10.0
2021-01-05 09:48:08.761,0.6899,0.702,16.0,0.6973,16.0,2571.0,10.0
2021-01-05 09:48:09.270,0.6899,0.702,16.0,0.6973,36.0,2571.0,10.0
2021-01-05 09:48:09.751,0.6899,0.702,16.0,0.6973,36.0,2571.0,10.0
2021-01-05 09:48:10.231,0.6899,0.702,16.0,0.6973,46.0,2571.0,10.0
2021-01-05 09:48:10.801,0.6899,0.702,16.0,0.6973,46.0,2571.0,10.0
2021-01-05 09:48:11.791,0.6899,0.702,16.0,0.6973,46.0,2571.0,10.0
2021-01-05 09:48:12.300,0.6899,0.702,16.0,0.6973,46.0,2571.0,10.0
2021-01-05 09:48:12.751,0.6899,0.702,16.0,0.6973,46.0,2571.0,10.0
2021-01-05 09:48:13.281,0.6899,0.702,16.0,0.6973,46.0,2571.0,10.0
2021-01-05 09:48:14.791,0.6899,0.7021,30.0,0.6973,30.0,2571.0,10.0
2021-01-05 09:48:15.310,0.6899,0.701,16.0,0.6973,30.0,2571.0,10.0
2021-01-05 09:48:15.831,0.6899,0.701,36.0,0.6963,16.0,2571.0,10.0
2021-01-05 09:48:16.321,0.6899,0.701,20.0,0.6971,10.0,2571.0,10.0
2021-01-05 09:48:16.321,0.6899,0.6997,16.0,0.6967,10.0,2571.0,10.0
2021-01-05 09:48:17.300,0.6899,0.6997,36.0,0.6967,10.0,2571.0,10.0
2021-01-05 09:48:17.811,0.6899,0.6997,36.0,0.6962,20.0,2571.0,10.0
2021-01-05 09:48:18.330,0.6899,0.6997,36.0,0.6951,30.0,2571.0,10.0
2021-01-05 09:48:18.841,0.6899,0.6997,36.0,0.6951,20.0,2571.0,10.0
2021-01-05 09:48:19.271,0.6899,0.6997,36.0,0.6951,20.0,2571.0,10.0
2021-01-05 09:48:19.800,0.6899,0.6997,36.0,0.6951,20.0,2571.0,10.0
2021-01-05 09:48:20.311,0.6899,0.6997,36.0,0.6951,30.0,2571.0,10.0
2021-01-05 09:48:20.791,0.6899,0.6997,36.0,0.6951,30.0,2571.0,10.0
2021-01-05 09:48:22.731,0.6899,0.6997,36.0,0.6951,30.0,2571.0,10.0
2021-01-05 09:48:23.021,0.6899,0.6997,36.0,0.6951,30.0,2571.0,10.0
2021-01-05 09:48:24.731,0.6899,0.6997,36.0,0.6951,30.0,2571.0,10.0
2021-01-05 09:48:26.101,0.6899,0.6987,16.0,0.6951,30.0,2571.0,10.0
2021-01-05 09:48:26.621,0.6899,0.6977,10.0,0.6951,30.0,2571.0,10.0
2021-01-05 09:48:27.181,0.6899,0.6977,10.0,0.6951,30.0,2571.0,10.0
2021-01-05 09:48:27.701,0.6899,0.6977,30.0,0.6951,30.0,2571.0,10.0
2021-01-05 09:48:28.181,0.6899,0.6976,16.0,0.6944,10.0,2571.0,10.0
2021-01-05 09:48:28.731,0.6899,0.6976,16.0,0.6949,10.0,2571.0,10.0
2021-01-05 09:48:29.121,0.6899,0.6976,16.0,0.6946,10.0,2571.0,10.0
2021-01-05 09:48:30.210,0.6899,0.6976,16.0,0.6943,10.0,2571.0,10.0
2021-01-05 09:48:31.140,0.6899,0.6976,16.0,0.6941,10.0,2571.0,10.0
2021-01-05 09:48:32.200,0.6899,0.6966,16.0,0.6938,10.0,2571.0,10.0
2021-01-05 09:48:32.700,0.6899,0.6966,16.0,0.6929,10.0,2571.0,10.0
2021-01-05 09:48:33.190,0.6899,0.6966,36.0,0.6934,10.0,2571.0,10.0
2021-01-05 09:48:33.680,0.6899,0.6966,16.0,0.6932,10.0,2571.0,10.0
2021-01-05 09:48:34.141,0.6899,0.6966,36.0,0.6937,10.0,2571.0,10.0
2021-01-05 09:48:34.721,0.6899,0.6966,16.0,0.6937,10.0,2571.0,10.0
2021-01-05 09:48:35.220,0.6899,0.6966,16.0,0.6935,10.0,2571.0,10.0
2021-01-05 09:48:35.691,0.6899,0.6965,1.0,0.6935,10.0,2571.0,10.0
2021-01-05 09:48:36.730,0.6899,0.6966,16.0,0.6935,10.0,2571.0,10.0
2021-01-05 09:48:37.211,0.6899,0.6966,16.0,0.6935,10.0,2571.0,10.0
2021-01-05 09:48:37.491,0.6899,0.6966,16.0,0.6935,10.0,2571.0,10.0
2021-01-05 09:48:38.211,0.6899,0.6966,16.0,0.6935,10.0,2571.0,10.0
2021-01-05 09:48:41.231,0.6899,0.6966,16.0,0.6934,10.0,2571.0,10.0
2021-01-05 09:48:42.190,0.6899,0.6966,16.0,0.6936,10.0,2571.0,10.0
2021-01-05 09:48:42.661,0.6899,0.6966,16.0,0.6933,10.0,2571.0,10.0
2021-01-05 09:48:43.231,0.6899,0.6966,16.0,0.6933,10.0,2571.0,10.0
2021-01-05 09:48:43.740,0.6899,0.6966,16.0,0.6935,10.0,2571.0,10.0
2021-01-05 09:48:44.701,0.6899,0.6966,16.0,0.6932,20.0,2571.0,10.0
2021-01-05 09:48:46.011,0.6899,0.6966,16.0,0.6932,20.0,2571.0,10.0
2021-01-05 09:48:46.510,0.6899,0.6966,16.0,0.6932,30.0,2571.0,10.0
2021-01-05 09:48:47.021,0.6899,0.6966,16.0,0.6932,30.0,2571.0,10.0
2021-01-05 09:48:47.911,0.6899,0.6966,16.0,0.6932,20.0,2571.0,10.0
2021-01-05 09:48:48.330,0.6899,0.6966,16.0,0.6933,10.0,2571.0,10.0
2021-01-05 09:48:49.010,0.6899,0.6966,16.0,0.6932,30.0,2571.0,10.0
2021-01-05 09:48:49.361,0.6899,0.6966,16.0,0.6932,20.0,2571.0,10.0
2021-01-05 09:48:50.030,0.6899,0.6966,16.0,0.6933,10.0,2571.0,10.0
2021-01-05 09:48:51.031,0.6899,0.6966,16.0,0.6932,30.0,2571.0,10.0
2021-01-05 09:48:51.540,0.6899,0.6966,16.0,0.6925,10.0,2571.0,10.0
2021-01-05 09:48:52.510,0.6899,0.6956,16.0,0.6923,30.0,2571.0,10.0
2021-01-05 09:48:52.700,0.6899,0.6956,36.0,0.6923,30.0,2571.0,10.0
2021-01-05 09:48:53.000,0.6899,0.6956,36.0,0.6923,20.0,2571.0,10.0
2021-01-05 09:48:53.711,0.6899,0.6956,36.0,0.6923,20.0,2571.0,10.0
2021-01-05 09:48:54.091,0.6899,0.6956,36.0,0.6923,20.0,2571.0,10.0
2021-01-05 09:48:54.681,0.6899,0.6956,36.0,0.6917,10.0,2571.0,10.0
2021-01-05 09:48:55.201,0.6899,0.6956,36.0,0.6916,20.0,2571.0,10.0
2021-01-05 09:48:56.200,0.6899,0.6947,16.0,0.6916,20.0,2571.0,10.0
2021-01-05 09:48:56.711,0.6899,0.6947,36.0,0.6916,20.0,2571.0,10.0
2021-01-05 09:48:57.171,0.6899,0.6947,36.0,0.6916,20.0,2571.0,10.0
2021-01-05 09:48:58.160,0.6899,0.6947,36.0,0.6908,10.0,2571.0,10.0
2021-01-05 09:48:58.750,0.6899,0.6947,36.0,0.6908,10.0,2571.0,10.0
2021-01-05 09:48:59.161,0.6899,0.6947,36.0,0.6914,10.0,2571.0,10.0
2021-01-05 09:49:00.260,0.6899,0.6947,36.0,0.6913,10.0,2571.0,10.0
2021-01-05 09:49:01.261,0.6899,0.6947,36.0,0.6912,10.0,2571.0,10.0
2021-01-05 09:49:02.790,0.6899,0.6947,36.0,0.6916,10.0,2571.0,10.0
2021-01-05 09:49:03.291,0.6899,0.6947,36.0,0.6911,10.0,2571.0,10.0
2021-01-05 09:49:03.791,0.6899,0.6947,36.0,0.6913,10.0,2571.0,10.0
2021-01-05 09:49:04.290,0.6899,0.6947,36.0,0.6911,10.0,2571.0,10.0
2021-01-05 09:49:05.301,0.6899,0.6947,36.0,0.6912,10.0,2571.0,10.0
2021-01-05 09:49:05.790,0.6899,0.6947,36.0,0.6915,10.0,2571.0,10.0
2021-01-05 09:49:06.290,0.6899,0.6947,36.0,0.6917,10.0,2571.0,10.0
2021-01-05 09:49:07.291,0.6899,0.6947,36.0,0.6916,10.0,2571.0,10.0
2021-01-05 09:49:07.291,0.6899,0.6947,36.0,0.6916,10.0,2571.0,10.0
2021-01-05 09:49:09.320,0.6899,0.6947,20.0,0.6916,10.0,2571.0,10.0
2021-01-05 09:49:09.821,0.6899,0.6963,16.0,0.6916,10.0,2571.0,10.0
2021-01-05 09:49:10.330,0.6899,0.6963,16.0,0.6916,10.0,2571.0,10.0
2021-01-05 09:49:11.260,0.6899,0.6963,16.0,0.6916,10.0,2571.0,10.0
2021-01-05 09:49:11.850,0.6899,0.6963,16.0,0.6916,10.0,2571.0,10.0
2021-01-05 09:49:12.850,0.6899,0.6962,1.0,0.6916,10.0,2571.0,10.0
2021-01-05 09:49:13.310,0.6899,0.6953,16.0,0.6916,10.0,2571.0,10.0
2021-01-05 09:49:13.851,0.6899,0.6953,16.0,0.6916,10.0,2571.0,10.0
2021-01-05 09:49:14.261,0.6899,0.6953,16.0,0.6916,10.0,2571.0,10.0
2021-01-05 09:49:15.340,0.6899,0.6953,16.0,0.6916,10.0,2571.0,10.0
2021-01-05 09:49:15.851,0.6899,0.6953,16.0,0.6916,10.0,2571.0,10.0
2021-01-05 09:49:16.821,0.6899,0.6953,16.0,0.6916,10.0,2571.0,10.0
2021-01-05 09:49:17.300,0.6899,0.6953,16.0,0.6916,10.0,2571.0,10.0
2021-01-05 09:49:17.851,0.6899,0.6953,16.0,0.6916,10.0,2571.0,10.0
2021-01-05 09:49:20.840,0.6899,0.6953,16.0,0.6916,10.0,2571.0,10.0
2021-01-05 09:49:21.330,0.6899,0.6953,16.0,0.6916,10.0,2571.0,10.0
2021-01-05 09:49:23.201,0.6899,0.6953,16.0,0.6916,10.0,2571.0,10.0
2021-01-05 09:49:24.661,0.6899,0.6944,16.0,0.6914,10.0,2571.0,10.0
2021-01-05 09:49:25.080,0.6899,0.6944,16.0,0.6914,10.0,2571.0,10.0
2021-01-05 09:49:25.710,0.6899,0.6944,36.0,0.6914,10.0,2571.0,10.0
2021-01-05 09:49:26.171,0.6899,0.6944,16.0,0.6914,10.0,2571.0,10.0
2021-01-05 09:49:26.730,0.6899,0.6944,36.0,0.6914,10.0,2571.0,10.0
2021-01-05 09:49:27.120,0.6899,0.6944,16.0,0.6914,10.0,2571.0,10.0
2021-01-05 09:49:27.731,0.6899,0.6944,36.0,0.6914,10.0,2571.0,10.0
2021-01-05 09:49:29.691,0.6899,0.6944,36.0,0.6914,10.0,2571.0,10.0
2021-01-05 09:49:30.140,0.6899,0.6944,36.0,0.6914,10.0,2571.0,10.0
2021-01-05 09:49:30.640,0.6899,0.6944,36.0,0.6914,10.0,2571.0,10.0
2021-01-05 09:49:31.621,0.6899,0.6944,36.0,0.6913,10.0,2571.0,10.0
2021-01-05 09:49:32.701,0.6899,0.6944,36.0,0.6912,10.0,2571.0,10.0
2021-01-05 09:49:33.621,0.6899,0.6944,36.0,0.691,10.0,2571.0,10.0
2021-01-05 09:49:34.710,0.6899,0.6942,10.0,0.691,10.0,2571.0,10.0
2021-01-05 09:49:37.260,0.6899,0.6942,10.0,0.6909,10.0,2571.0,10.0
2021-01-05 09:49:37.680,0.6899,0.6942,10.0,0.6907,10.0,2571.0,10.0
2021-01-05 09:49:38.061,0.6899,0.6934,16.0,0.6905,10.0,2571.0,10.0
2021-01-05 09:49:38.720,0.6899,0.6934,16.0,0.6904,10.0,2571.0,10.0
2021-01-05 09:49:39.231,0.6899,0.6934,36.0,0.6904,10.0,2571.0,10.0
2021-01-05 09:49:39.761,0.6899,0.6934,36.0,0.6901,10.0,2571.0,10.0
2021-01-05 09:49:40.170,0.6927,0.6927,9.0,0.6901,10.0,2572.0,11.0
2021-01-05 09:49:41.211,0.6927,0.6927,29.0,0.6903,10.0,2572.0,11.0
2021-01-05 09:49:42.210,0.6927,0.6927,29.0,0.6906,10.0,2572.0,11.0
2021-01-05 09:49:42.700,0.6927,0.6927,29.0,0.6908,10.0,2572.0,11.0
2021-01-05 09:49:43.741,0.6927,0.6927,29.0,0.691,10.0,2572.0,11.0
2021-01-05 09:49:44.760,0.6927,0.6927,29.0,0.6908,10.0,2572.0,11.0
2021-01-05 09:49:46.170,0.6927,0.6927,29.0,0.6906,10.0,2572.0,11.0
2021-01-05 09:49:46.610,0.6927,0.6927,29.0,0.6905,10.0,2572.0,11.0
