,last,ask1,asize1,bid1,bsize1,oi,volume
2021-01-05 09:17:39.670,0.2241,0.2241,1.0,0.2241,1.0,26450.0,
2021-01-05 09:17:40.190,0.22,0.22,1.0,0.22,1.0,26450.0,
2021-01-05 09:18:44.691,0.2167,0.2167,1.0,0.2167,1.0,26450.0,
2021-01-05 09:20:56.690,0.2057,0.2057,1.0,0.2057,1.0,26450.0,
2021-01-05 09:21:21.051,0.206,0.206,1.0,0.206,1.0,26450.0,
2021-01-05 09:21:35.321,0.2141,0.2141,1.0,0.2141,1.0,26450.0,
2021-01-05 09:22:01.271,0.215,0.215,1.0,0.215,1.0,26450.0,
2021-01-05 09:22:49.590,0.215,0.215,1.0,0.215,1.0,26450.0,
2021-01-05 09:23:28.681,0.2151,0.2151,1.0,0.2151,1.0,26450.0,
2021-01-05 09:23:35.721,0.2152,0.2152,1.0,0.2152,1.0,26450.0,
2021-01-05 09:24:15.380,0.2152,0.2152,2.0,0.2152,2.0,26450.0,
2021-01-05 09:24:16.911,0.2152,0.2152,3.0,0.2152,3.0,26450.0,
2021-01-05 09:24:20.940,0.216,0.216,11.0,0.216,11.0,26450.0,
2021-01-05 09:24:31.711,0.2165,0.2165,11.0,0.2165,11.0,26450.0,
2021-01-05 09:24:36.731,0.2165,0.2165,11.0,0.2165,11.0,26450.0,
2021-01-05 09:24:37.730,0.2165,0.2165,11.0,0.2165,11.0,26450.0,
2021-01-05 09:24:42.251,0.2165,0.2165,11.0,0.2165,11.0,26450.0,
2021-01-05 09:24:42.760,0.2167,0.2167,18.0,0.2167,18.0,26450.0,
2021-01-05 09:24:43.770,0.218,0.218,19.0,0.218,19.0,26450.0,
2021-01-05 09:24:49.791,0.218,0.218,19.0,0.218,19.0,26450.0,
2021-01-05 09:24:50.790,0.2192,0.2192,19.0,0.2192,19.0,26450.0,
2021-01-05 09:24:56.171,0.22,0.22,32.0,0.22,32.0,26450.0,
2021-01-05 09:24:57.681,0.22,0.22,32.0,0.22,32.0,26450.0,
2021-01-05 09:24:58.171,0.2213,0.2213,36.0,0.2213,36.0,26450.0,
2021-01-05 09:24:58.680,0.2272,0.2272,61.0,0.2272,61.0,26450.0,
2021-01-05 09:24:59.681,0.2272,0.2272,61.0,0.2272,61.0,26450.0,
2021-01-05 09:25:00.080,0.2272,0.2278,1.0,0.2272,4.0,26458.0,61.0
2021-01-05 09:30:00.451,0.2272,0.2229,4.0,0.2215,20.0,26458.0,96.0
2021-01-05 09:30:00.991,0.2247,0.2247,3.0,0.2215,20.0,26463.0,106.0
2021-01-05 09:30:01.481,0.2257,0.2236,10.0,0.2226,20.0,26470.0,113.0
2021-01-05 09:30:01.990,0.2213,0.2224,30.0,0.2204,1.0,26501.0,144.0
2021-01-05 09:30:02.440,0.2224,0.2245,10.0,0.2236,10.0,26531.0,174.0
2021-01-05 09:30:03.010,0.2202,0.2236,10.0,0.2228,9.0,26542.0,196.0
2021-01-05 09:30:03.471,0.2239,0.2269,1.0,0.224,10.0,26542.0,206.0
2021-01-05 09:30:03.980,0.2238,0.2269,1.0,0.22,1.0,26542.0,226.0
2021-01-05 09:30:04.430,0.2238,0.2262,10.0,0.2252,10.0,26542.0,226.0
2021-01-05 09:30:05.010,0.2238,0.2269,1.0,0.2248,20.0,26542.0,226.0
2021-01-05 09:30:05.471,0.227,0.2272,2.0,0.2271,7.0,26540.0,230.0
2021-01-05 09:30:05.971,0.2278,0.2278,4.0,0.2258,20.0,26547.0,252.0
2021-01-05 09:30:06.151,0.2283,0.2283,11.0,0.2259,6.0,26557.0,277.0
2021-01-05 09:30:06.971,0.2283,0.2288,1.0,0.2274,10.0,26557.0,277.0
2021-01-05 09:30:07.471,0.2283,0.2288,3.0,0.2275,16.0,26557.0,277.0
2021-01-05 09:30:07.801,0.2283,0.2288,1.0,0.2275,6.0,26557.0,277.0
2021-01-05 09:30:08.520,0.229,0.229,6.0,0.2282,10.0,26556.0,287.0
2021-01-05 09:30:08.960,0.2292,0.2295,1.0,0.2273,20.0,26556.0,297.0
2021-01-05 09:30:09.490,0.2292,0.2294,5.0,0.2274,6.0,26556.0,297.0
2021-01-05 09:30:09.861,0.2296,0.2288,1.0,0.2274,26.0,26561.0,307.0
2021-01-05 09:30:10.501,0.2293,0.2301,10.0,0.2293,9.0,26566.0,319.0
2021-01-05 09:30:11.000,0.2293,0.2299,2.0,0.2295,30.0,26566.0,323.0
2021-01-05 09:30:11.471,0.23,0.2301,10.0,0.23,8.0,26572.0,331.0
2021-01-05 09:30:11.830,0.2295,0.2305,2.0,0.2301,1.0,26577.0,352.0
2021-01-05 09:30:12.491,0.2301,0.2304,2.0,0.2295,23.0,26578.0,353.0
2021-01-05 09:30:12.900,0.2295,0.2297,12.0,0.2289,10.0,26601.0,376.0
2021-01-05 09:30:13.461,0.2293,0.2294,2.0,0.2288,2.0,26611.0,386.0
2021-01-05 09:30:13.941,0.2288,0.2295,1.0,0.2275,5.0,26613.0,388.0
2021-01-05 09:30:14.521,0.2288,0.2294,5.0,0.2275,5.0,26613.0,388.0
2021-01-05 09:30:14.971,0.2288,0.2292,2.0,0.2286,10.0,26613.0,388.0
2021-01-05 09:30:15.280,0.2288,0.229,2.0,0.2275,5.0,26613.0,388.0
2021-01-05 09:30:15.991,0.2293,0.2293,15.0,0.2275,5.0,26613.0,395.0
2021-01-05 09:30:16.391,0.2293,0.2286,2.0,0.2275,5.0,26613.0,395.0
2021-01-05 09:30:17.021,0.2293,0.2282,2.0,0.2278,10.0,26613.0,395.0
2021-01-05 09:30:17.641,0.2275,0.2272,2.0,0.2259,10.0,26608.0,419.0
2021-01-05 09:30:18.171,0.2275,0.2272,3.0,0.226,10.0,26608.0,419.0
2021-01-05 09:30:18.750,0.2263,0.227,2.0,0.2251,20.0,26608.0,421.0
2021-01-05 09:30:19.251,0.2209,0.2266,2.0,0.22,1.0,26578.0,451.0
2021-01-05 09:30:19.741,0.2209,0.2266,2.0,0.226,10.0,26578.0,451.0
2021-01-05 09:30:20.231,0.226,0.2272,1.0,0.2262,10.0,26578.0,453.0
2021-01-05 09:30:20.740,0.2265,0.2272,1.0,0.22,1.0,26573.0,463.0
2021-01-05 09:30:21.241,0.2272,0.2284,10.0,0.2274,10.0,26572.0,469.0
2021-01-05 09:30:21.741,0.2273,0.2273,16.0,0.2249,2.0,26576.0,473.0
2021-01-05 09:30:22.240,0.2273,0.2289,10.0,0.2277,10.0,26576.0,479.0
2021-01-05 09:30:22.671,0.2289,0.2289,16.0,0.226,1.0,26576.0,503.0
2021-01-05 09:30:23.170,0.2275,0.2278,1.0,0.2275,9.0,26575.0,504.0
2021-01-05 09:30:23.670,0.2279,0.2288,20.0,0.2279,7.0,26575.0,508.0
2021-01-05 09:30:24.140,0.2279,0.2288,20.0,0.2285,10.0,26575.0,508.0
2021-01-05 09:30:24.661,0.2289,0.2293,37.0,0.2289,8.0,26575.0,510.0
2021-01-05 09:30:25.160,0.2274,0.2274,5.0,0.2269,20.0,26575.0,530.0
2021-01-05 09:30:25.660,0.2287,0.2293,27.0,0.2276,2.0,26575.0,543.0
2021-01-05 09:30:26.171,0.2285,0.2293,7.0,0.2288,9.0,26575.0,544.0
2021-01-05 09:30:26.601,0.2277,0.229,2.0,0.2288,10.0,26579.0,550.0
2021-01-05 09:30:27.170,0.2277,0.229,2.0,0.2288,10.0,26579.0,550.0
2021-01-05 09:30:27.671,0.2288,0.2289,1.0,0.2285,10.0,26584.0,555.0
2021-01-05 09:30:28.161,0.2285,0.2289,2.0,0.2284,10.0,26584.0,556.0
2021-01-05 09:30:28.670,0.2289,0.2289,1.0,0.2273,19.0,26582.0,558.0
2021-01-05 09:30:29.141,0.2289,0.2288,6.0,0.2287,10.0,26582.0,558.0
2021-01-05 09:30:29.550,0.2289,0.2293,2.0,0.2287,10.0,26583.0,565.0
2021-01-05 09:30:30.171,0.2289,0.2292,5.0,0.2287,10.0,26583.0,565.0
2021-01-05 09:30:30.620,0.2273,0.2284,16.0,0.2282,10.0,26573.0,590.0
2021-01-05 09:30:31.121,0.2282,0.2284,16.0,0.228,10.0,26583.0,600.0
2021-01-05 09:30:31.661,0.228,0.2284,16.0,0.2279,10.0,26583.0,603.0
2021-01-05 09:30:32.140,0.228,0.2284,36.0,0.2281,10.0,26583.0,603.0
2021-01-05 09:30:32.620,0.228,0.228,5.0,0.2269,10.0,26583.0,603.0
2021-01-05 09:30:33.171,0.226,0.2279,15.0,0.227,10.0,26583.0,604.0
2021-01-05 09:30:33.671,0.226,0.2279,35.0,0.2271,10.0,26583.0,604.0
2021-01-05 09:30:34.141,0.226,0.2277,3.0,0.2258,20.0,26583.0,604.0
2021-01-05 09:30:34.481,0.226,0.2276,20.0,0.2269,10.0,26583.0,604.0
2021-01-05 09:30:35.121,0.226,0.2275,15.0,0.2272,10.0,26583.0,604.0
2021-01-05 09:30:35.680,0.2273,0.2276,20.0,0.2273,2.0,26579.0,624.0
2021-01-05 09:30:36.170,0.2279,0.2279,5.0,0.2275,2.0,26599.0,644.0
2021-01-05 09:30:36.170,0.2279,0.2281,5.0,0.2273,10.0,26599.0,644.0
2021-01-05 09:30:37.171,0.2279,0.228,15.0,0.2275,10.0,26599.0,644.0
2021-01-05 09:30:37.670,0.2275,0.228,20.0,0.226,20.0,26599.0,649.0
2021-01-05 09:30:38.141,0.2275,0.228,20.0,0.2277,10.0,26599.0,649.0
2021-01-05 09:30:38.581,0.2273,0.2281,5.0,0.227,10.0,26608.0,660.0
2021-01-05 09:30:38.750,0.2273,0.2281,5.0,0.2272,10.0,26608.0,660.0
2021-01-05 09:30:39.570,0.2272,0.2281,5.0,0.2278,10.0,26608.0,664.0
2021-01-05 09:30:40.170,0.2272,0.2275,15.0,0.2273,15.0,26608.0,664.0
2021-01-05 09:30:40.690,0.2272,0.2275,15.0,0.2271,10.0,26608.0,664.0
2021-01-05 09:30:41.151,0.2272,0.2275,15.0,0.2272,25.0,26608.0,664.0
2021-01-05 09:30:41.701,0.2272,0.2279,1.0,0.2273,25.0,26608.0,664.0
2021-01-05 09:30:42.181,0.2273,0.2279,1.0,0.2273,10.0,26609.0,668.0
2021-01-05 09:30:42.550,0.2273,0.2278,15.0,0.2275,1.0,26609.0,668.0
2021-01-05 09:30:43.180,0.2275,0.2273,1.0,0.2268,10.0,26610.0,669.0
2021-01-05 09:30:43.681,0.2268,0.2273,1.0,0.227,10.0,26610.0,676.0
2021-01-05 09:30:44.181,0.2268,0.2273,21.0,0.2266,10.0,26610.0,676.0
2021-01-05 09:30:44.650,0.2266,0.2273,21.0,0.2266,10.0,26610.0,679.0
2021-01-05 09:30:45.090,0.2273,0.2272,15.0,0.2265,10.0,26611.0,680.0
2021-01-05 09:30:45.710,0.2273,0.227,50.0,0.2264,10.0,26611.0,680.0
2021-01-05 09:30:46.200,0.2264,0.2269,15.0,0.2258,10.0,26611.0,689.0
2021-01-05 09:30:46.671,0.2258,0.2269,15.0,0.2259,8.0,26611.0,691.0
2021-01-05 09:30:47.191,0.2259,0.2265,10.0,0.2261,10.0,26618.0,698.0
2021-01-05 09:30:47.691,0.2261,0.2263,12.0,0.2253,10.0,26622.0,702.0
2021-01-05 09:30:48.200,0.2261,0.2262,19.0,0.2254,10.0,26622.0,702.0
2021-01-05 09:30:48.711,0.2261,0.2258,3.0,0.2255,2.0,26622.0,702.0
2021-01-05 09:30:49.210,0.2258,0.2258,4.0,0.2256,3.0,26621.0,706.0
2021-01-05 09:30:49.621,0.225,0.2261,1.0,0.2243,20.0,26605.0,740.0
2021-01-05 09:30:50.171,0.225,0.2252,8.0,0.2249,2.0,26605.0,740.0
2021-01-05 09:30:50.651,0.2255,0.226,5.0,0.2252,2.0,26609.0,748.0
2021-01-05 09:30:51.170,0.2252,0.2259,15.0,0.2254,8.0,26611.0,750.0
2021-01-05 09:30:51.641,0.226,0.2261,1.0,0.2248,10.0,26612.0,751.0
2021-01-05 09:30:52.221,0.226,0.226,5.0,0.2251,10.0,26612.0,751.0
2021-01-05 09:30:52.651,0.2249,0.226,10.0,0.225,10.0,26612.0,756.0
2021-01-05 09:30:53.120,0.2249,0.2258,10.0,0.2251,15.0,26612.0,756.0
2021-01-05 09:30:53.660,0.2249,0.2251,1.0,0.2243,20.0,26612.0,756.0
2021-01-05 09:30:54.130,0.2251,0.2257,11.0,0.2251,1.0,26612.0,757.0
2021-01-05 09:30:54.670,0.225,0.2254,8.0,0.2248,10.0,26610.0,759.0
2021-01-05 09:30:55.081,0.2248,0.2253,6.0,0.2245,15.0,26615.0,764.0
2021-01-05 09:30:55.081,0.2248,0.2252,6.0,0.2242,10.0,26615.0,764.0
2021-01-05 09:30:56.170,0.2248,0.2251,10.0,0.2247,10.0,26615.0,764.0
2021-01-05 09:30:56.660,0.2248,0.2249,4.0,0.2242,10.0,26615.0,764.0
2021-01-05 09:30:57.171,0.2248,0.2251,10.0,0.225,10.0,26615.0,764.0
2021-01-05 09:30:57.600,0.2247,0.2247,1.0,0.2239,20.0,26625.0,784.0
2021-01-05 09:30:58.091,0.225,0.225,1.0,0.2249,10.0,26624.0,786.0
2021-01-05 09:30:58.660,0.2253,0.2257,1.0,0.2253,1.0,26623.0,806.0
2021-01-05 09:30:59.081,0.2257,0.2255,3.0,0.2254,10.0,26624.0,808.0
2021-01-05 09:30:59.630,0.2255,0.2261,2.0,0.2258,10.0,26625.0,811.0
2021-01-05 09:31:00.011,0.2256,0.2259,10.0,0.2256,4.0,26632.0,822.0
2021-01-05 09:31:00.211,0.2259,0.2265,25.0,0.226,5.0,26632.0,832.0
2021-01-05 09:31:01.140,0.226,0.2265,10.0,0.226,3.0,26634.0,834.0
2021-01-05 09:31:01.680,0.227,0.227,45.0,0.2265,20.0,26637.0,869.0
2021-01-05 09:31:02.170,0.2265,0.227,38.0,0.2265,9.0,26636.0,877.0
2021-01-05 09:31:02.681,0.227,0.227,22.0,0.2266,11.0,26636.0,893.0
2021-01-05 09:31:03.131,0.2274,0.2274,15.0,0.227,4.0,26639.0,933.0
2021-01-05 09:31:03.680,0.2274,0.2275,4.0,0.2271,5.0,26639.0,933.0
2021-01-05 09:31:04.181,0.2272,0.2273,10.0,0.2272,20.0,26637.0,936.0
2021-01-05 09:31:04.671,0.2273,0.2275,2.0,0.2273,15.0,26636.0,946.0
2021-01-05 09:31:05.190,0.2273,0.2275,2.0,0.2274,25.0,26635.0,947.0
2021-01-05 09:31:05.670,0.2275,0.2279,1.0,0.2255,3.0,26663.0,1001.0
2021-01-05 09:31:06.160,0.2267,0.2276,1.0,0.2267,9.0,26663.0,1003.0
2021-01-05 09:31:06.521,0.2263,0.2269,9.0,0.2264,12.0,26674.0,1026.0
2021-01-05 09:31:07.190,0.226,0.226,74.0,0.2259,15.0,26708.0,1062.0
2021-01-05 09:31:07.651,0.226,0.226,12.0,0.2255,13.0,26761.0,1139.0
2021-01-05 09:31:07.951,0.226,0.2267,10.0,0.2259,10.0,26773.0,1151.0
2021-01-05 09:31:08.600,0.226,0.2259,7.0,0.2255,3.0,26773.0,1151.0
2021-01-05 09:31:09.051,0.2255,0.2259,8.0,0.2256,20.0,26773.0,1154.0
2021-01-05 09:31:09.701,0.2259,0.226,5.0,0.2259,12.0,26780.0,1162.0
2021-01-05 09:31:10.200,0.2259,0.2258,6.0,0.2254,10.0,26793.0,1175.0
2021-01-05 09:31:10.680,0.2257,0.2257,2.0,0.2253,10.0,26794.0,1176.0
2021-01-05 09:31:11.170,0.2257,0.2257,2.0,0.2254,10.0,26794.0,1176.0
2021-01-05 09:31:11.701,0.226,0.226,11.0,0.2257,12.0,26794.0,1189.0
2021-01-05 09:31:12.171,0.226,0.2261,10.0,0.2257,2.0,26794.0,1200.0
2021-01-05 09:31:12.621,0.2261,0.2263,50.0,0.2262,10.0,26794.0,1210.0
2021-01-05 09:31:13.151,0.2263,0.2263,43.0,0.2253,25.0,26804.0,1237.0
2021-01-05 09:31:13.681,0.2262,0.2262,8.0,0.2254,22.0,26806.0,1239.0
2021-01-05 09:31:14.010,0.2262,0.2262,5.0,0.2255,10.0,26807.0,1242.0
2021-01-05 09:31:14.690,0.2263,0.2263,41.0,0.2261,10.0,26807.0,1244.0
2021-01-05 09:31:15.110,0.2263,0.2263,18.0,0.2259,20.0,26811.0,1267.0
2021-01-05 09:31:15.710,0.2263,0.2263,18.0,0.2259,40.0,26811.0,1267.0
2021-01-05 09:31:16.161,0.2259,0.2263,10.0,0.2259,39.0,26818.0,1276.0
2021-01-05 09:31:16.711,0.2263,0.2263,7.0,0.2259,20.0,26821.0,1288.0
2021-01-05 09:31:17.201,0.2259,0.2261,5.0,0.2255,30.0,26821.0,1308.0
2021-01-05 09:31:17.650,0.2259,0.226,5.0,0.2255,20.0,26821.0,1308.0
2021-01-05 09:31:18.171,0.2259,0.2259,30.0,0.2255,15.0,26821.0,1308.0
2021-01-05 09:31:18.720,0.2259,0.2255,2.0,0.2252,20.0,26821.0,1308.0
2021-01-05 09:31:19.150,0.2259,0.2251,5.0,0.2249,1.0,26821.0,1308.0
2021-01-05 09:31:19.721,0.2251,0.2255,2.0,0.2252,10.0,26821.0,1313.0
2021-01-05 09:31:20.161,0.2249,0.2248,6.0,0.2247,15.0,26816.0,1345.0
2021-01-05 09:31:20.630,0.2249,0.2251,27.0,0.2249,3.0,26809.0,1353.0
2021-01-05 09:31:21.221,0.2251,0.2255,1.0,0.2251,41.0,26767.0,1406.0
2021-01-05 09:31:21.671,0.2255,0.2262,10.0,0.2255,20.0,26767.0,1419.0
2021-01-05 09:31:22.211,0.2262,0.2263,12.0,0.2261,10.0,26771.0,1428.0
2021-01-05 09:31:22.620,0.2261,0.2263,12.0,0.2259,10.0,26771.0,1429.0
2021-01-05 09:31:22.950,0.2261,0.2263,2.0,0.2262,10.0,26780.0,1440.0
2021-01-05 09:31:23.621,0.2264,0.2268,5.0,0.2267,47.0,26778.0,1446.0
2021-01-05 09:31:23.980,0.2267,0.2268,5.0,0.2267,32.0,26778.0,1461.0
2021-01-05 09:31:24.610,0.2267,0.2267,22.0,0.2259,10.0,26778.0,1493.0
2021-01-05 09:31:25.131,0.2267,0.2259,10.0,0.2258,15.0,26778.0,1493.0
2021-01-05 09:31:25.630,0.2259,0.226,11.0,0.2255,4.0,26778.0,1503.0
2021-01-05 09:31:25.911,0.226,0.2264,15.0,0.2257,10.0,26777.0,1514.0
2021-01-05 09:31:26.520,0.226,0.2259,30.0,0.2257,20.0,26777.0,1514.0
2021-01-05 09:31:27.060,0.2259,0.2261,10.0,0.2255,4.0,26750.0,1541.0
2021-01-05 09:31:27.601,0.2261,0.2265,15.0,0.2258,10.0,26750.0,1542.0
2021-01-05 09:31:28.101,0.2258,0.2261,2.0,0.2258,9.0,26749.0,1543.0
2021-01-05 09:31:28.520,0.2258,0.2264,7.0,0.2258,7.0,26746.0,1546.0
2021-01-05 09:31:28.931,0.2258,0.2263,1.0,0.2258,7.0,26746.0,1546.0
2021-01-05 09:31:29.641,0.2258,0.2263,1.0,0.2258,4.0,26743.0,1549.0
2021-01-05 09:31:30.170,0.2258,0.2262,1.0,0.2259,10.0,26743.0,1549.0
2021-01-05 09:31:30.671,0.2258,0.2261,7.0,0.2255,14.0,26743.0,1549.0
2021-01-05 09:31:31.150,0.2258,0.2261,7.0,0.2257,10.0,26743.0,1549.0
2021-01-05 09:31:31.641,0.2258,0.2261,7.0,0.2257,10.0,26743.0,1549.0
2021-01-05 09:31:32.191,0.2258,0.2263,1.0,0.2258,20.0,26743.0,1549.0
2021-01-05 09:31:32.671,0.2258,0.226,3.0,0.2258,10.0,26743.0,1549.0
2021-01-05 09:31:33.190,0.2258,0.226,4.0,0.2255,29.0,26743.0,1549.0
2021-01-05 09:31:33.610,0.2258,0.2258,6.0,0.2256,8.0,26743.0,1553.0
2021-01-05 09:31:34.181,0.2258,0.2258,1.0,0.2256,6.0,26743.0,1558.0
2021-01-05 09:31:34.681,0.226,0.226,1.0,0.2259,23.0,26734.0,1568.0
2021-01-05 09:31:35.190,0.226,0.2263,1.0,0.226,1.0,26734.0,1569.0
2021-01-05 09:31:35.670,0.226,0.226,4.0,0.2256,22.0,26733.0,1570.0
2021-01-05 09:31:36.181,0.226,0.226,4.0,0.2256,12.0,26733.0,1570.0
2021-01-05 09:31:36.690,0.226,0.2263,1.0,0.2261,10.0,26729.0,1574.0
2021-01-05 09:31:37.191,0.226,0.2259,23.0,0.2256,12.0,26731.0,1586.0
2021-01-05 09:31:37.620,0.2259,0.2259,22.0,0.2256,2.0,26733.0,1588.0
2021-01-05 09:31:38.190,0.2258,0.2258,15.0,0.2252,15.0,26742.0,1599.0
2021-01-05 09:31:38.621,0.2259,0.2259,9.0,0.2257,10.0,26751.0,1610.0
2021-01-05 09:31:39.210,0.2253,0.2254,11.0,0.225,15.0,26764.0,1625.0
2021-01-05 09:31:39.710,0.2253,0.2249,8.0,0.2247,10.0,26764.0,1625.0
2021-01-05 09:31:40.190,0.2249,0.2248,3.0,0.2246,15.0,26760.0,1629.0
2021-01-05 09:31:40.711,0.2249,0.2245,4.0,0.2241,22.0,26760.0,1629.0
2021-01-05 09:31:41.191,0.2244,0.2244,4.0,0.2241,2.0,26761.0,1630.0
2021-01-05 09:31:41.681,0.2241,0.224,4.0,0.2236,10.0,26763.0,1632.0
2021-01-05 09:31:42.211,0.224,0.2241,10.0,0.224,17.0,26759.0,1636.0
2021-01-05 09:31:42.711,0.224,0.2241,10.0,0.224,17.0,26759.0,1636.0
2021-01-05 09:31:43.191,0.2242,0.2244,3.0,0.224,10.0,26733.0,1672.0
2021-01-05 09:31:43.621,0.2258,0.2258,18.0,0.2246,5.0,26727.0,1695.0
2021-01-05 09:31:44.190,0.2258,0.2253,10.0,0.2248,10.0,26727.0,1695.0
2021-01-05 09:31:44.670,0.2253,0.2254,15.0,0.225,10.0,26729.0,1697.0
2021-01-05 09:31:45.170,0.2253,0.225,10.0,0.2245,20.0,26729.0,1697.0
2021-01-05 09:31:45.621,0.2243,0.2251,3.0,0.2243,9.0,26719.0,1723.0
2021-01-05 09:31:46.011,0.2243,0.2249,12.0,0.2239,20.0,26719.0,1723.0
2021-01-05 09:31:46.701,0.2243,0.2249,12.0,0.2241,10.0,26719.0,1723.0
2021-01-05 09:31:47.191,0.2243,0.2249,15.0,0.2243,10.0,26719.0,1723.0
2021-01-05 09:31:47.690,0.2243,0.2247,10.0,0.2242,6.0,26719.0,1723.0
2021-01-05 09:31:48.211,0.2243,0.2246,26.0,0.2237,12.0,26719.0,1723.0
2021-01-05 09:31:48.670,0.2245,0.2245,27.0,0.2237,22.0,26719.0,1725.0
2021-01-05 09:31:49.221,0.2245,0.2245,11.0,0.2237,12.0,26719.0,1729.0
2021-01-05 09:31:49.671,0.2244,0.2241,9.0,0.2237,2.0,26721.0,1731.0
2021-01-05 09:31:50.151,0.2239,0.2239,11.0,0.2235,20.0,26725.0,1735.0
2021-01-05 09:31:50.710,0.223,0.2238,3.0,0.2233,10.0,26732.0,1744.0
2021-01-05 09:31:51.210,0.223,0.2238,14.0,0.2234,10.0,26732.0,1744.0
2021-01-05 09:31:51.701,0.2234,0.2237,3.0,0.2231,10.0,26740.0,1752.0
2021-01-05 09:31:51.990,0.2231,0.2236,4.0,0.2234,5.0,26748.0,1760.0
2021-01-05 09:31:52.541,0.2234,0.2233,5.0,0.2225,10.0,26748.0,1765.0
2021-01-05 09:31:53.171,0.2234,0.2232,3.0,0.2224,25.0,26748.0,1765.0
2021-01-05 09:31:53.630,0.2234,0.2229,11.0,0.2223,20.0,26748.0,1765.0
2021-01-05 09:31:54.151,0.2225,0.2223,10.0,0.2222,15.0,26749.0,1766.0
2021-01-05 09:31:54.470,0.2225,0.2223,10.0,0.222,15.0,26749.0,1766.0
2021-01-05 09:31:54.681,0.2225,0.2223,13.0,0.2219,20.0,26749.0,1766.0
2021-01-05 09:31:55.670,0.2225,0.2223,13.0,0.2219,20.0,26749.0,1766.0
2021-01-05 09:31:56.110,0.2225,0.2222,11.0,0.2218,10.0,26749.0,1766.0
2021-01-05 09:31:56.681,0.2225,0.2222,11.0,0.2219,10.0,26749.0,1766.0
2021-01-05 09:31:57.171,0.2225,0.2219,10.0,0.2218,10.0,26749.0,1766.0
2021-01-05 09:31:57.651,0.2218,0.2218,4.0,0.2216,30.0,26759.0,1776.0
2021-01-05 09:31:58.171,0.2222,0.2222,7.0,0.2216,40.0,26753.0,1797.0
2021-01-05 09:31:58.531,0.2216,0.2223,13.0,0.2216,12.0,26745.0,1826.0
2021-01-05 09:31:59.180,0.2216,0.2219,1.0,0.2218,10.0,26745.0,1826.0
2021-01-05 09:31:59.620,0.2227,0.2229,10.0,0.2219,1.0,26771.0,1857.0
2021-01-05 09:32:00.150,0.2227,0.2227,10.0,0.2225,10.0,26771.0,1857.0
2021-01-05 09:32:00.561,0.2227,0.2223,10.0,0.2217,15.0,26784.0,1870.0
2021-01-05 09:32:01.091,0.2223,0.2225,1.0,0.2223,8.0,26782.0,1882.0
2021-01-05 09:32:01.620,0.223,0.223,20.0,0.2227,10.0,26794.0,1916.0
2021-01-05 09:32:02.171,0.2234,0.2236,3.0,0.223,26.0,26794.0,1942.0
2021-01-05 09:32:02.671,0.224,0.224,15.0,0.2234,10.0,26801.0,1964.0
2021-01-05 09:32:03.180,0.224,0.224,10.0,0.2236,1.0,26801.0,1964.0
2021-01-05 09:32:03.620,0.224,0.2239,2.0,0.2235,3.0,26801.0,1964.0
2021-01-05 09:32:04.090,0.2239,0.2239,8.0,0.2235,18.0,26799.0,1966.0
2021-01-05 09:32:04.630,0.2237,0.2241,12.0,0.2236,13.0,26809.0,1976.0
2021-01-05 09:32:05.130,0.2236,0.2236,12.0,0.2232,15.0,26809.0,1989.0
2021-01-05 09:32:05.660,0.2236,0.2235,3.0,0.2231,15.0,26809.0,1990.0
2021-01-05 09:32:06.161,0.2231,0.2234,6.0,0.2231,14.0,26818.0,2014.0
2021-01-05 09:32:06.680,0.2231,0.2231,15.0,0.2228,10.0,26819.0,2023.0
2021-01-05 09:32:07.070,0.2231,0.2233,3.0,0.2229,20.0,26819.0,2028.0
2021-01-05 09:32:07.671,0.2231,0.2233,3.0,0.223,10.0,26819.0,2028.0
2021-01-05 09:32:08.171,0.223,0.2232,5.0,0.2229,10.0,26829.0,2038.0
2021-01-05 09:32:08.670,0.2229,0.2231,13.0,0.2224,10.0,26829.0,2045.0
2021-01-05 09:32:09.141,0.2229,0.2228,10.0,0.2221,10.0,26829.0,2045.0
2021-01-05 09:32:09.681,0.2229,0.2227,3.0,0.2223,10.0,26829.0,2045.0
2021-01-05 09:32:10.161,0.2227,0.2227,5.0,0.2226,10.0,26829.0,2048.0
2021-01-05 09:32:10.591,0.2226,0.2227,8.0,0.222,10.0,26831.0,2050.0
2021-01-05 09:32:11.120,0.2227,0.2227,3.0,0.2224,10.0,26826.0,2055.0
2021-01-05 09:32:11.650,0.2231,0.2233,18.0,0.2231,2.0,26820.0,2061.0
2021-01-05 09:32:12.121,0.2234,0.2234,15.0,0.2233,2.0,26820.0,2081.0
2021-01-05 09:32:12.220,0.2234,0.2235,3.0,0.2233,2.0,26820.0,2083.0
2021-01-05 09:32:13.171,0.2235,0.2235,2.0,0.2231,15.0,26820.0,2084.0
2021-01-05 09:32:13.671,0.2229,0.2238,25.0,0.2229,8.0,26798.0,2109.0
2021-01-05 09:32:14.180,0.2229,0.2234,3.0,0.2229,8.0,26798.0,2109.0
2021-01-05 09:32:14.660,0.2229,0.2233,15.0,0.2231,5.0,26798.0,2109.0
2021-01-05 09:32:15.171,0.223,0.223,1.0,0.2229,5.0,26798.0,2118.0
2021-01-05 09:32:15.611,0.2229,0.223,1.0,0.2229,4.0,26799.0,2119.0
2021-01-05 09:32:16.120,0.2229,0.223,3.0,0.2229,4.0,26799.0,2119.0
2021-01-05 09:32:16.520,0.2229,0.223,3.0,0.2229,1.0,26799.0,2122.0
2021-01-05 09:32:17.161,0.2229,0.223,3.0,0.2229,10.0,26800.0,2123.0
2021-01-05 09:32:17.651,0.2229,0.2228,1.0,0.2221,10.0,26810.0,2133.0
2021-01-05 09:32:18.130,0.2228,0.2228,7.0,0.2222,13.0,26811.0,2135.0
2021-01-05 09:32:18.670,0.2227,0.2227,5.0,0.2222,13.0,26804.0,2147.0
2021-01-05 09:32:19.150,0.2227,0.2226,3.0,0.222,10.0,26804.0,2147.0
2021-01-05 09:32:19.640,0.2226,0.2224,8.0,0.2221,13.0,26801.0,2152.0
2021-01-05 09:32:20.151,0.2224,0.2228,12.0,0.2225,10.0,26793.0,2160.0
2021-01-05 09:32:20.571,0.2225,0.2232,15.0,0.2226,23.0,26791.0,2177.0
2021-01-05 09:32:21.130,0.2225,0.2234,20.0,0.2229,10.0,26791.0,2177.0
2021-01-05 09:32:21.680,0.2235,0.2237,3.0,0.2236,6.0,26791.0,2179.0
2021-01-05 09:32:22.181,0.2236,0.2237,3.0,0.2231,20.0,26791.0,2185.0
2021-01-05 09:32:22.660,0.2241,0.2242,15.0,0.2241,2.0,26773.0,2233.0
2021-01-05 09:32:23.140,0.2241,0.2241,5.0,0.2236,13.0,26773.0,2235.0
2021-01-05 09:32:23.580,0.2241,0.2241,5.0,0.2236,13.0,26773.0,2235.0
2021-01-05 09:32:24.100,0.2236,0.2239,10.0,0.2236,12.0,26780.0,2242.0
2021-01-05 09:32:24.640,0.2236,0.2236,12.0,0.2232,13.0,26780.0,2242.0
2021-01-05 09:32:25.170,0.2232,0.2232,1.0,0.2229,13.0,26781.0,2244.0
2021-01-05 09:32:25.670,0.2232,0.2231,3.0,0.223,13.0,26781.0,2244.0
2021-01-05 09:32:26.171,0.2229,0.223,17.0,0.2228,5.0,26794.0,2259.0
2021-01-05 09:32:26.650,0.2228,0.2226,6.0,0.2223,10.0,26799.0,2264.0
2021-01-05 09:32:27.151,0.2226,0.2226,3.0,0.2222,15.0,26799.0,2267.0
2021-01-05 09:32:27.641,0.2222,0.2225,5.0,0.2221,15.0,26799.0,2278.0
2021-01-05 09:32:28.161,0.2221,0.2224,5.0,0.2221,4.0,26798.0,2279.0
2021-01-05 09:32:28.611,0.222,0.2223,5.0,0.222,14.0,26801.0,2287.0
2021-01-05 09:32:29.180,0.222,0.2221,25.0,0.222,12.0,26800.0,2289.0
2021-01-05 09:32:29.631,0.222,0.2223,5.0,0.222,5.0,26775.0,2321.0
2021-01-05 09:32:30.171,0.2223,0.2226,3.0,0.2224,3.0,26770.0,2326.0
2021-01-05 09:32:30.671,0.2223,0.2226,3.0,0.2224,3.0,26770.0,2326.0
2021-01-05 09:32:31.120,0.2223,0.2222,1.0,0.2221,10.0,26765.0,2331.0
2021-01-05 09:32:31.631,0.2222,0.2225,10.0,0.2223,1.0,26765.0,2332.0
2021-01-05 09:32:32.121,0.2222,0.2224,5.0,0.2223,1.0,26765.0,2332.0
2021-01-05 09:32:32.690,0.2222,0.2224,5.0,0.2223,1.0,26765.0,2332.0
2021-01-05 09:32:33.141,0.2222,0.2224,5.0,0.2223,1.0,26765.0,2332.0
2021-01-05 09:32:33.671,0.2223,0.2223,1.0,0.222,15.0,26766.0,2333.0
2021-01-05 09:32:34.171,0.2223,0.2224,5.0,0.2221,48.0,26765.0,2334.0
2021-01-05 09:32:34.691,0.2226,0.2226,2.0,0.2225,12.0,26765.0,2340.0
2021-01-05 09:32:35.170,0.2225,0.223,2.0,0.2225,6.0,26765.0,2346.0
2021-01-05 09:32:35.671,0.2225,0.2229,15.0,0.2224,12.0,26771.0,2352.0
2021-01-05 09:32:36.190,0.2224,0.2228,3.0,0.2222,10.0,26771.0,2364.0
2021-01-05 09:32:36.691,0.2224,0.2225,11.0,0.2222,10.0,26771.0,2364.0
2021-01-05 09:32:37.150,0.2224,0.2225,11.0,0.2221,10.0,26771.0,2364.0
2021-01-05 09:32:37.640,0.2224,0.2225,11.0,0.2222,8.0,26771.0,2364.0
2021-01-05 09:32:38.190,0.2225,0.2228,3.0,0.2226,8.0,26760.0,2375.0
2021-01-05 09:32:38.670,0.2226,0.2228,3.0,0.2226,7.0,26760.0,2376.0
2021-01-05 09:32:39.200,0.2226,0.2226,1.0,0.2223,10.0,26760.0,2376.0
2021-01-05 09:32:39.630,0.2226,0.2226,1.0,0.2221,10.0,26760.0,2376.0
2021-01-05 09:32:40.111,0.2226,0.2226,1.0,0.2221,20.0,26760.0,2376.0
2021-01-05 09:32:40.641,0.2226,0.2223,1.0,0.2221,20.0,26760.0,2376.0
2021-01-05 09:32:41.200,0.2226,0.2223,4.0,0.2221,10.0,26760.0,2376.0
2021-01-05 09:32:41.640,0.2226,0.2222,10.0,0.222,6.0,26760.0,2376.0
2021-01-05 09:32:42.161,0.2226,0.2222,10.0,0.222,16.0,26760.0,2376.0
2021-01-05 09:32:42.700,0.2222,0.2223,4.0,0.222,6.0,26750.0,2386.0
2021-01-05 09:32:43.121,0.2222,0.2223,4.0,0.222,6.0,26750.0,2386.0
2021-01-05 09:32:43.580,0.2223,0.2225,10.0,0.222,6.0,26747.0,2390.0
2021-01-05 09:32:44.151,0.2225,0.2228,13.0,0.2221,13.0,26747.0,2400.0
2021-01-05 09:32:44.700,0.2233,0.2232,13.0,0.2224,2.0,26759.0,2432.0
2021-01-05 09:32:44.990,0.2233,0.2233,25.0,0.2225,10.0,26759.0,2432.0
2021-01-05 09:32:45.580,0.2233,0.2227,10.0,0.2224,13.0,26759.0,2432.0
2021-01-05 09:32:45.851,0.2233,0.2226,3.0,0.2221,23.0,26759.0,2432.0
2021-01-05 09:32:46.610,0.2233,0.2226,3.0,0.2221,5.0,26759.0,2432.0
2021-01-05 09:32:47.201,0.2233,0.2226,6.0,0.2221,5.0,26759.0,2432.0
2021-01-05 09:32:47.651,0.222,0.2221,5.0,0.222,5.0,26757.0,2439.0
2021-01-05 09:32:48.101,0.222,0.2221,6.0,0.2217,20.0,26758.0,2444.0
2021-01-05 09:32:48.690,0.2216,0.222,5.0,0.2216,1.0,26778.0,2465.0
2021-01-05 09:32:49.190,0.222,0.222,44.0,0.2212,10.0,26776.0,2476.0
2021-01-05 09:32:49.611,0.2212,0.2214,10.0,0.2203,13.0,26786.0,2486.0
2021-01-05 09:32:50.171,0.2203,0.2206,10.0,0.2201,5.0,26795.0,2495.0
2021-01-05 09:32:50.650,0.221,0.2212,28.0,0.2205,10.0,26805.0,2506.0
2021-01-05 09:32:51.170,0.2206,0.2209,10.0,0.2202,3.0,26802.0,2517.0
2021-01-05 09:32:51.641,0.22,0.2202,11.0,0.2197,15.0,26802.0,2531.0
2021-01-05 09:32:52.191,0.2209,0.2205,25.0,0.2199,20.0,26806.0,2536.0
2021-01-05 09:32:52.671,0.2206,0.2204,3.0,0.22,12.0,26829.0,2569.0
2021-01-05 09:32:53.080,0.2204,0.221,15.0,0.2205,10.0,26826.0,2572.0
2021-01-05 09:32:53.641,0.2215,0.2213,15.0,0.2207,10.0,26831.0,2602.0
2021-01-05 09:32:54.181,0.2215,0.2216,15.0,0.2213,45.0,26831.0,2602.0
2021-01-05 09:32:54.671,0.2215,0.2217,10.0,0.2214,10.0,26831.0,2602.0
2021-01-05 09:32:55.170,0.2217,0.2216,2.0,0.2213,2.0,26828.0,2610.0
2021-01-05 09:32:55.650,0.2213,0.2213,2.0,0.221,1.0,26826.0,2612.0
2021-01-05 09:32:56.150,0.221,0.2209,4.0,0.2204,25.0,26827.0,2613.0
2021-01-05 09:32:56.561,0.221,0.2205,2.0,0.2201,15.0,26827.0,2613.0
2021-01-05 09:32:57.151,0.2205,0.2208,6.0,0.2205,10.0,26825.0,2615.0
2021-01-05 09:32:57.600,0.2208,0.2213,3.0,0.2209,9.0,26825.0,2621.0
2021-01-05 09:32:58.171,0.2213,0.2212,1.0,0.2209,10.0,26823.0,2626.0
2021-01-05 09:32:58.651,0.2212,0.221,9.0,0.2208,2.0,26823.0,2629.0
2021-01-05 09:32:58.920,0.221,0.2214,10.0,0.2208,1.0,26824.0,2639.0
2021-01-05 09:32:59.621,0.2208,0.2211,10.0,0.2205,10.0,26825.0,2640.0
2021-01-05 09:32:59.890,0.2208,0.2211,10.0,0.2205,10.0,26825.0,2640.0
2021-01-05 09:33:00.651,0.2211,0.2211,8.0,0.2205,23.0,26827.0,2642.0
2021-01-05 09:33:01.141,0.2211,0.2213,3.0,0.2208,10.0,26827.0,2650.0
2021-01-05 09:33:01.661,0.2213,0.2216,1.0,0.2213,3.0,26824.0,2653.0
2021-01-05 09:33:02.130,0.2214,0.2219,18.0,0.2213,2.0,26820.0,2657.0
2021-01-05 09:33:02.620,0.2219,0.2223,13.0,0.2217,2.0,26817.0,2667.0
2021-01-05 09:33:03.121,0.2219,0.2231,10.0,0.2223,6.0,26846.0,2713.0
2021-01-05 09:33:03.681,0.2223,0.2231,10.0,0.2223,1.0,26851.0,2720.0
2021-01-05 09:33:04.140,0.2223,0.2234,3.0,0.2228,10.0,26851.0,2720.0
2021-01-05 09:33:04.651,0.2223,0.2234,3.0,0.223,10.0,26851.0,2720.0
2021-01-05 09:33:05.181,0.2234,0.224,15.0,0.2234,1.0,26848.0,2723.0
2021-01-05 09:33:05.690,0.2235,0.2241,25.0,0.2235,10.0,26840.0,2731.0
2021-01-05 09:33:05.690,0.2235,0.2244,15.0,0.2238,2.0,26840.0,2731.0
2021-01-05 09:33:06.651,0.2238,0.2244,3.0,0.2237,10.0,26840.0,2733.0
2021-01-05 09:33:07.171,0.2244,0.2246,15.0,0.2239,19.0,26837.0,2736.0
2021-01-05 09:33:07.601,0.2239,0.2238,4.0,0.2235,13.0,26837.0,2755.0
2021-01-05 09:33:08.191,0.2235,0.2237,6.0,0.2233,15.0,26832.0,2767.0
2021-01-05 09:33:08.681,0.2233,0.2235,7.0,0.2231,18.0,26832.0,2774.0
2021-01-05 09:33:09.181,0.2233,0.2233,3.0,0.2231,5.0,26832.0,2774.0
2021-01-05 09:33:09.630,0.2233,0.2234,16.0,0.2231,5.0,26832.0,2774.0
2021-01-05 09:33:10.180,0.2234,0.2236,14.0,0.2233,6.0,26832.0,2779.0
2021-01-05 09:33:10.681,0.2236,0.224,1.0,0.2235,15.0,26831.0,2780.0
2021-01-05 09:33:11.150,0.2236,0.224,1.0,0.2235,15.0,26831.0,2780.0
2021-01-05 09:33:11.670,0.2236,0.2238,11.0,0.2237,10.0,26831.0,2780.0
2021-01-05 09:33:12.131,0.2238,0.2237,10.0,0.2233,23.0,26844.0,2795.0
2021-01-05 09:33:12.650,0.2236,0.2236,2.0,0.2231,5.0,26843.0,2796.0
2021-01-05 09:33:13.080,0.2236,0.2233,46.0,0.2231,5.0,26843.0,2796.0
2021-01-05 09:33:13.100,0.2236,0.2232,10.0,0.2231,5.0,26843.0,2796.0
2021-01-05 09:33:14.070,0.2232,0.2232,4.0,0.2231,5.0,26837.0,2802.0
2021-01-05 09:33:14.640,0.224,0.224,18.0,0.2232,1.0,26850.0,2826.0
2021-01-05 09:33:14.940,0.2231,0.2239,12.0,0.2232,13.0,26835.0,2841.0
2021-01-05 09:33:15.651,0.2231,0.2241,20.0,0.2237,10.0,26835.0,2841.0
2021-01-05 09:33:15.881,0.2241,0.2245,25.0,0.2241,6.0,26834.0,2842.0
2021-01-05 09:33:16.590,0.2242,0.2245,3.0,0.2242,14.0,26835.0,2843.0
2021-01-05 09:33:17.190,0.2247,0.2248,8.0,0.2247,2.0,26831.0,2847.0
2021-01-05 09:33:17.691,0.2247,0.2246,2.0,0.2244,10.0,26829.0,2849.0
2021-01-05 09:33:18.160,0.2244,0.2246,2.0,0.2243,10.0,26829.0,2854.0
2021-01-05 09:33:18.680,0.2244,0.2246,2.0,0.2242,10.0,26829.0,2854.0
2021-01-05 09:33:19.191,0.2246,0.2248,8.0,0.2246,1.0,26827.0,2856.0
2021-01-05 09:33:19.660,0.2246,0.2246,2.0,0.2245,20.0,26827.0,2856.0
2021-01-05 09:33:20.171,0.2248,0.2248,6.0,0.2245,20.0,26825.0,2860.0
2021-01-05 09:33:20.551,0.2248,0.2248,5.0,0.2246,2.0,26825.0,2861.0
2021-01-05 09:33:21.160,0.2248,0.2255,28.0,0.2248,6.0,26824.0,2868.0
2021-01-05 09:33:21.681,0.2254,0.2254,24.0,0.2245,13.0,26824.0,2869.0
2021-01-05 09:33:22.150,0.2245,0.2255,28.0,0.2246,10.0,26823.0,2870.0
2021-01-05 09:33:22.670,0.2245,0.2257,10.0,0.225,10.0,26823.0,2870.0
2021-01-05 09:33:23.051,0.2258,0.2257,13.0,0.2251,10.0,26822.0,2871.0
2021-01-05 09:33:23.660,0.2257,0.2258,4.0,0.225,10.0,26822.0,2872.0
2021-01-05 09:33:24.071,0.225,0.2251,20.0,0.2249,10.0,26832.0,2882.0
2021-01-05 09:33:24.651,0.2249,0.2248,10.0,0.2245,10.0,26832.0,2892.0
2021-01-05 09:33:25.151,0.2249,0.2248,10.0,0.2245,10.0,26832.0,2892.0
2021-01-05 09:33:25.541,0.2245,0.2249,13.0,0.2242,10.0,26832.0,2902.0
2021-01-05 09:33:26.161,0.2242,0.2248,2.0,0.2242,5.0,26832.0,2907.0
2021-01-05 09:33:26.651,0.2247,0.2243,9.0,0.2239,10.0,26842.0,2922.0
2021-01-05 09:33:26.741,0.2243,0.2247,4.0,0.2246,3.0,26833.0,2931.0
2021-01-05 09:33:27.441,0.2254,0.2246,12.0,0.2238,13.0,26880.0,2981.0
2021-01-05 09:33:28.180,0.2246,0.2246,2.0,0.2241,10.0,26880.0,2993.0
2021-01-05 09:33:28.630,0.2246,0.2254,30.0,0.2246,6.0,26878.0,2995.0
2021-01-05 09:33:29.171,0.2246,0.2253,28.0,0.2246,14.0,26878.0,2995.0
2021-01-05 09:33:30.040,0.2246,0.2247,1.0,0.2243,10.0,26876.0,2999.0
2021-01-05 09:33:30.670,0.2243,0.2247,1.0,0.2243,9.0,26875.0,3000.0
2021-01-05 09:33:31.131,0.2243,0.2247,16.0,0.2241,10.0,26875.0,3000.0
2021-01-05 09:33:31.680,0.2243,0.2247,1.0,0.2243,10.0,26875.0,3000.0
2021-01-05 09:33:32.141,0.2243,0.2247,1.0,0.2243,10.0,26875.0,3000.0
2021-01-05 09:33:32.620,0.2247,0.2243,1.0,0.2241,10.0,26874.0,3001.0
2021-01-05 09:33:33.121,0.2247,0.2246,3.0,0.2244,8.0,26874.0,3001.0
2021-01-05 09:33:33.680,0.2247,0.2246,53.0,0.2244,8.0,26874.0,3001.0
2021-01-05 09:33:34.070,0.2247,0.2246,53.0,0.2244,8.0,26874.0,3001.0
2021-01-05 09:33:34.420,0.2247,0.2246,53.0,0.2241,10.0,26874.0,3001.0
2021-01-05 09:33:35.181,0.2247,0.2246,53.0,0.2241,10.0,26874.0,3001.0
2021-01-05 09:33:35.690,0.2243,0.2246,53.0,0.2241,10.0,26874.0,3002.0
2021-01-05 09:33:36.101,0.2246,0.2246,52.0,0.2241,12.0,26872.0,3004.0
2021-01-05 09:33:36.681,0.2246,0.2246,23.0,0.2244,10.0,26844.0,3033.0
2021-01-05 09:33:37.190,0.2246,0.2253,3.0,0.2246,44.0,26836.0,3076.0
2021-01-05 09:33:37.640,0.2246,0.2253,3.0,0.2249,2.0,26836.0,3076.0
2021-01-05 09:33:38.120,0.2253,0.2252,3.0,0.225,6.0,26835.0,3077.0
2021-01-05 09:33:38.621,0.2253,0.2252,3.0,0.225,6.0,26835.0,3077.0
2021-01-05 09:33:38.840,0.2252,0.2255,4.0,0.2249,3.0,26834.0,3082.0
2021-01-05 09:33:39.641,0.2249,0.2253,10.0,0.2249,1.0,26834.0,3084.0
2021-01-05 09:33:39.760,0.2247,0.2249,1.0,0.2246,6.0,26833.0,3088.0
2021-01-05 09:33:40.690,0.2246,0.2248,2.0,0.2242,10.0,26833.0,3094.0
2021-01-05 09:33:41.161,0.2246,0.2247,3.0,0.2242,35.0,26833.0,3094.0
2021-01-05 09:33:41.691,0.2246,0.2247,3.0,0.2243,12.0,26833.0,3094.0
2021-01-05 09:33:42.041,0.2242,0.2243,19.0,0.2242,33.0,26832.0,3107.0
2021-01-05 09:33:42.640,0.2242,0.2241,5.0,0.2236,20.0,26832.0,3140.0
2021-01-05 09:33:42.851,0.2242,0.224,3.0,0.2233,15.0,26832.0,3140.0
2021-01-05 09:33:43.180,0.2242,0.2239,1.0,0.2232,10.0,26832.0,3140.0
2021-01-05 09:33:44.110,0.2242,0.2239,1.0,0.2234,10.0,26832.0,3140.0
2021-01-05 09:33:44.671,0.2239,0.224,3.0,0.2236,10.0,26832.0,3141.0
2021-01-05 09:33:45.101,0.2236,0.224,3.0,0.2236,9.0,26831.0,3142.0
2021-01-05 09:33:45.660,0.2236,0.2239,5.0,0.2236,5.0,26831.0,3146.0
2021-01-05 09:33:46.100,0.2236,0.2236,8.0,0.2234,11.0,26831.0,3151.0
2021-01-05 09:33:46.680,0.2233,0.2233,2.0,0.2232,7.0,26833.0,3164.0
2021-01-05 09:33:47.191,0.2232,0.2231,2.0,0.2226,10.0,26835.0,3171.0
2021-01-05 09:33:47.681,0.2232,0.2231,2.0,0.2227,2.0,26835.0,3171.0
2021-01-05 09:33:48.171,0.2234,0.2234,28.0,0.2226,14.0,26854.0,3192.0
2021-01-05 09:33:48.680,0.2234,0.2236,18.0,0.2227,10.0,26854.0,3192.0
2021-01-05 09:33:49.051,0.2234,0.2234,10.0,0.2226,24.0,26854.0,3192.0
2021-01-05 09:33:49.681,0.2234,0.2233,17.0,0.2226,14.0,26854.0,3192.0
2021-01-05 09:33:50.130,0.2234,0.2232,30.0,0.2229,1.0,26854.0,3192.0
2021-01-05 09:33:50.570,0.2229,0.2231,15.0,0.2229,4.0,26855.0,3194.0
2021-01-05 09:33:51.141,0.2231,0.2231,13.0,0.2226,14.0,26851.0,3200.0
2021-01-05 09:33:51.571,0.2231,0.2232,3.0,0.2228,2.0,26851.0,3200.0
2021-01-05 09:33:52.190,0.2231,0.2232,3.0,0.2229,4.0,26851.0,3200.0
2021-01-05 09:33:52.630,0.2229,0.2232,16.0,0.2229,3.0,26851.0,3201.0
2021-01-05 09:33:52.960,0.2229,0.2232,13.0,0.2227,5.0,26851.0,3204.0
2021-01-05 09:33:53.650,0.2227,0.2232,3.0,0.2228,10.0,26851.0,3208.0
2021-01-05 09:33:54.180,0.2227,0.2232,3.0,0.223,2.0,26851.0,3208.0
2021-01-05 09:33:54.610,0.2227,0.2232,3.0,0.223,2.0,26851.0,3208.0
2021-01-05 09:33:54.760,0.223,0.2231,2.0,0.2227,2.0,26849.0,3210.0
2021-01-05 09:33:55.650,0.2227,0.223,3.0,0.2227,1.0,26849.0,3211.0
2021-01-05 09:33:55.971,0.2227,0.223,3.0,0.2227,1.0,26849.0,3211.0
2021-01-05 09:33:56.681,0.2227,0.223,3.0,0.2227,4.0,26849.0,3211.0
2021-01-05 09:33:57.171,0.2227,0.223,13.0,0.2227,7.0,26849.0,3211.0
2021-01-05 09:33:57.671,0.2226,0.2227,1.0,0.2226,8.0,26858.0,3220.0
2021-01-05 09:33:58.170,0.2226,0.2225,2.0,0.2217,1.0,26864.0,3229.0
2021-01-05 09:33:58.591,0.2226,0.2224,2.0,0.2217,4.0,26864.0,3229.0
2021-01-05 09:33:59.140,0.2217,0.2221,14.0,0.2214,5.0,26867.0,3243.0
2021-01-05 09:33:59.590,0.2214,0.222,15.0,0.2214,1.0,26867.0,3247.0
2021-01-05 09:34:00.141,0.2213,0.2214,1.0,0.2208,10.0,26867.0,3249.0
2021-01-05 09:34:00.671,0.2216,0.2213,13.0,0.2209,3.0,26866.0,3259.0
2021-01-05 09:34:01.081,0.2213,0.2214,25.0,0.2206,13.0,26870.0,3266.0
2021-01-05 09:34:01.661,0.2215,0.2215,7.0,0.2214,34.0,26883.0,3305.0
2021-01-05 09:34:02.170,0.2217,0.2219,1.0,0.2215,18.0,26883.0,3308.0
2021-01-05 09:34:02.591,0.2215,0.222,1.0,0.2215,5.0,26883.0,3311.0
2021-01-05 09:34:03.171,0.2214,0.2219,28.0,0.2214,3.0,26881.0,3324.0
2021-01-05 09:34:03.670,0.2214,0.2218,15.0,0.2214,1.0,26879.0,3326.0
2021-01-05 09:34:04.020,0.2214,0.2214,2.0,0.2209,20.0,26880.0,3327.0
2021-01-05 09:34:04.671,0.2214,0.2213,3.0,0.2209,10.0,26880.0,3327.0
2021-01-05 09:34:05.121,0.2214,0.2212,5.0,0.2206,3.0,26880.0,3327.0
2021-01-05 09:34:05.630,0.2214,0.2212,6.0,0.2206,3.0,26880.0,3327.0
2021-01-05 09:34:06.191,0.2214,0.2211,1.0,0.2205,10.0,26880.0,3327.0
2021-01-05 09:34:06.671,0.2214,0.221,5.0,0.2205,10.0,26880.0,3327.0
2021-01-05 09:34:07.130,0.2205,0.221,6.0,0.2205,1.0,26880.0,3336.0
2021-01-05 09:34:07.601,0.2205,0.2204,3.0,0.2203,10.0,26879.0,3337.0
2021-01-05 09:34:08.171,0.2199,0.2199,63.0,0.2196,20.0,26882.0,3388.0
2021-01-05 09:34:08.630,0.2199,0.2195,3.0,0.2193,23.0,26882.0,3419.0
2021-01-05 09:34:09.170,0.2198,0.2199,25.0,0.2198,8.0,26879.0,3431.0
2021-01-05 09:34:09.670,0.2198,0.2199,6.0,0.2198,13.0,26879.0,3452.0
2021-01-05 09:34:10.140,0.2199,0.2206,10.0,0.2202,3.0,26880.0,3458.0
2021-01-05 09:34:10.690,0.2206,0.2209,15.0,0.2205,10.0,26880.0,3468.0
2021-01-05 09:34:11.151,0.2206,0.2211,3.0,0.2205,10.0,26880.0,3468.0
2021-01-05 09:34:11.681,0.2211,0.2214,2.0,0.2211,13.0,26877.0,3471.0
2021-01-05 09:34:12.121,0.2202,0.2202,23.0,0.22,5.0,26882.0,3549.0
2021-01-05 09:34:12.621,0.2202,0.2208,10.0,0.2204,13.0,26884.0,3572.0
2021-01-05 09:34:13.191,0.2202,0.221,3.0,0.2207,10.0,26884.0,3572.0
2021-01-05 09:34:13.521,0.2207,0.2214,1.0,0.2208,3.0,26854.0,3605.0
2021-01-05 09:34:13.911,0.2218,0.2221,13.0,0.2218,35.0,26853.0,3621.0
2021-01-05 09:34:14.691,0.2221,0.2224,3.0,0.2221,1.0,26866.0,3636.0
2021-01-05 09:34:15.181,0.2224,0.2224,2.0,0.2223,1.0,26866.0,3637.0
2021-01-05 09:34:15.681,0.2223,0.2226,10.0,0.2222,15.0,26866.0,3640.0
2021-01-05 09:34:16.190,0.2222,0.2222,23.0,0.2221,15.0,26868.0,3660.0
2021-01-05 09:34:16.620,0.222,0.222,9.0,0.2218,11.0,26874.0,3703.0
2021-01-05 09:34:16.970,0.2215,0.2215,9.0,0.221,13.0,26875.0,3715.0
2021-01-05 09:34:17.690,0.221,0.2213,10.0,0.2209,15.0,26871.0,3719.0
2021-01-05 09:34:18.201,0.221,0.221,10.0,0.2208,1.0,26871.0,3719.0
2021-01-05 09:34:18.620,0.2208,0.2208,1.0,0.2206,1.0,26871.0,3720.0
2021-01-05 09:34:19.041,0.2208,0.2211,10.0,0.2209,2.0,26871.0,3721.0
2021-01-05 09:34:19.350,0.221,0.2215,33.0,0.2209,10.0,26870.0,3724.0
2021-01-05 09:34:19.961,0.2215,0.2214,40.0,0.2206,1.0,26877.0,3737.0
2021-01-05 09:34:20.651,0.2211,0.2213,15.0,0.2206,1.0,26877.0,3747.0
2021-01-05 09:34:21.200,0.2211,0.2211,9.0,0.2202,10.0,26879.0,3749.0
2021-01-05 09:34:21.490,0.2209,0.2209,4.0,0.2205,1.0,26885.0,3755.0
2021-01-05 09:34:22.151,0.2205,0.2208,18.0,0.2201,13.0,26885.0,3756.0
2021-01-05 09:34:22.651,0.2208,0.2208,8.0,0.2202,10.0,26885.0,3766.0
2021-01-05 09:34:23.181,0.2207,0.2207,6.0,0.2203,13.0,26885.0,3767.0
2021-01-05 09:34:23.640,0.2207,0.2207,5.0,0.2202,10.0,26885.0,3768.0
2021-01-05 09:34:24.170,0.2207,0.2208,3.0,0.2202,10.0,26885.0,3768.0
2021-01-05 09:34:24.380,0.2207,0.2208,3.0,0.2207,5.0,26885.0,3773.0
2021-01-05 09:34:25.150,0.2207,0.2206,5.0,0.2202,13.0,26885.0,3778.0
2021-01-05 09:34:25.350,0.2207,0.2205,5.0,0.22,23.0,26885.0,3778.0
2021-01-05 09:34:26.170,0.2205,0.2205,3.0,0.2201,13.0,26885.0,3780.0
2021-01-05 09:34:26.571,0.2205,0.2208,13.0,0.2201,13.0,26885.0,3780.0
2021-01-05 09:34:27.150,0.2205,0.2208,13.0,0.22,33.0,26885.0,3780.0
2021-01-05 09:34:27.321,0.2205,0.2208,13.0,0.22,33.0,26885.0,3780.0
2021-01-05 09:34:28.120,0.2201,0.2208,12.0,0.2201,11.0,26882.0,3783.0
2021-01-05 09:34:28.621,0.2208,0.2208,13.0,0.22,20.0,26880.0,3785.0
2021-01-05 09:34:29.101,0.2201,0.2208,13.0,0.2201,13.0,26879.0,3786.0
2021-01-05 09:34:29.601,0.2201,0.2208,13.0,0.2201,15.0,26877.0,3788.0
2021-01-05 09:34:30.141,0.2202,0.2207,4.0,0.2202,8.0,26872.0,3793.0
2021-01-05 09:34:30.621,0.2203,0.2207,3.0,0.2203,15.0,26866.0,3800.0
2021-01-05 09:34:31.190,0.2202,0.2206,8.0,0.2201,14.0,26859.0,3807.0
2021-01-05 09:34:31.691,0.2202,0.2205,2.0,0.2201,1.0,26859.0,3807.0
2021-01-05 09:34:32.000,0.2201,0.2205,3.0,0.2199,2.0,26860.0,3808.0
2021-01-05 09:34:32.690,0.2201,0.2205,3.0,0.2199,12.0,26860.0,3808.0
2021-01-05 09:34:33.090,0.2201,0.2204,3.0,0.2199,2.0,26860.0,3808.0
2021-01-05 09:34:33.691,0.2199,0.2202,10.0,0.2195,10.0,26862.0,3810.0
2021-01-05 09:34:34.171,0.2195,0.2201,4.0,0.2195,9.0,26861.0,3811.0
2021-01-05 09:34:34.640,0.2195,0.2201,4.0,0.2195,9.0,26861.0,3811.0
2021-01-05 09:34:35.130,0.2195,0.22,15.0,0.2195,9.0,26861.0,3811.0
2021-01-05 09:34:35.570,0.2195,0.2199,13.0,0.2192,2.0,26861.0,3820.0
2021-01-05 09:34:36.171,0.2198,0.2198,1.0,0.2192,2.0,26861.0,3821.0
2021-01-05 09:34:36.680,0.2198,0.2197,18.0,0.2195,30.0,26861.0,3821.0
2021-01-05 09:34:37.161,0.2195,0.2195,14.0,0.2194,1.0,26861.0,3851.0
2021-01-05 09:34:37.700,0.2192,0.2194,15.0,0.2187,20.0,26863.0,3855.0
2021-01-05 09:34:38.171,0.2193,0.2193,28.0,0.2186,3.0,26860.0,3865.0
2021-01-05 09:34:38.690,0.2193,0.2192,28.0,0.2184,3.0,26860.0,3865.0
2021-01-05 09:34:39.091,0.2193,0.2191,16.0,0.2182,20.0,26860.0,3865.0
2021-01-05 09:34:39.470,0.2191,0.219,28.0,0.2182,20.0,26860.0,3866.0
2021-01-05 09:34:40.171,0.2191,0.2188,2.0,0.2182,20.0,26860.0,3866.0
2021-01-05 09:34:40.651,0.2183,0.2189,18.0,0.2183,9.0,26860.0,3867.0
2021-01-05 09:34:40.920,0.2183,0.2187,2.0,0.2181,2.0,26860.0,3867.0
2021-01-05 09:34:41.700,0.2181,0.2181,1.0,0.2177,43.0,26860.0,3869.0
2021-01-05 09:34:42.171,0.2181,0.2188,15.0,0.2183,30.0,26859.0,3870.0
2021-01-05 09:34:42.680,0.2183,0.2187,13.0,0.2183,21.0,26859.0,3879.0
2021-01-05 09:34:43.191,0.2188,0.2188,15.0,0.2183,20.0,26858.0,3881.0
2021-01-05 09:34:43.660,0.2183,0.2188,2.0,0.2183,19.0,26857.0,3883.0
2021-01-05 09:34:44.151,0.2183,0.2188,2.0,0.2183,16.0,26854.0,3886.0
2021-01-05 09:34:44.651,0.2188,0.2188,1.0,0.2183,26.0,26853.0,3887.0
2021-01-05 09:34:45.200,0.2188,0.2187,43.0,0.2183,16.0,26853.0,3887.0
2021-01-05 09:34:45.721,0.2186,0.2186,9.0,0.2183,16.0,26852.0,3888.0
2021-01-05 09:34:46.140,0.2187,0.2185,13.0,0.2183,16.0,26847.0,3901.0
2021-01-05 09:34:46.660,0.2187,0.2187,3.0,0.2183,16.0,26847.0,3901.0
2021-01-05 09:34:47.181,0.2187,0.2187,31.0,0.2183,16.0,26847.0,3901.0
2021-01-05 09:34:47.701,0.2187,0.2185,10.0,0.2183,16.0,26847.0,3901.0
2021-01-05 09:34:47.990,0.2183,0.2185,20.0,0.2183,1.0,26847.0,3916.0
2021-01-05 09:34:48.700,0.2183,0.2185,20.0,0.2178,5.0,26847.0,3918.0
2021-01-05 09:34:49.050,0.2187,0.2187,40.0,0.2179,15.0,26846.0,3939.0
2021-01-05 09:34:49.701,0.2187,0.2188,11.0,0.2183,10.0,26881.0,3979.0
2021-01-05 09:34:50.161,0.2189,0.2189,2.0,0.2188,21.0,26880.0,3991.0
2021-01-05 09:34:50.700,0.219,0.2192,26.0,0.2189,2.0,26880.0,3992.0
2021-01-05 09:34:51.200,0.2192,0.219,10.0,0.2184,13.0,26877.0,4005.0
2021-01-05 09:34:51.651,0.219,0.2193,10.0,0.2188,10.0,26867.0,4015.0
2021-01-05 09:34:52.151,0.2184,0.219,9.0,0.2181,43.0,26867.0,4017.0
2021-01-05 09:34:52.550,0.2184,0.2192,15.0,0.2184,1.0,26867.0,4027.0
2021-01-05 09:34:53.180,0.2181,0.219,10.0,0.2181,25.0,26852.0,4043.0
2021-01-05 09:34:53.651,0.2181,0.2185,10.0,0.2179,31.0,26840.0,4055.0
2021-01-05 09:34:54.170,0.2179,0.2181,25.0,0.2179,26.0,26841.0,4061.0
2021-01-05 09:34:54.621,0.2179,0.2178,10.0,0.2177,1.0,26846.0,4093.0
2021-01-05 09:34:54.811,0.2175,0.2171,10.0,0.217,15.0,26848.0,4095.0
2021-01-05 09:34:55.520,0.217,0.217,4.0,0.2169,1.0,26848.0,4106.0
2021-01-05 09:34:55.970,0.2166,0.2168,5.0,0.2162,25.0,26849.0,4114.0
2021-01-05 09:34:56.681,0.2166,0.2166,12.0,0.2159,15.0,26849.0,4114.0
2021-01-05 09:34:56.681,0.2166,0.2166,12.0,0.216,15.0,26849.0,4114.0
2021-01-05 09:34:57.670,0.2165,0.2165,3.0,0.2158,15.0,26850.0,4115.0
2021-01-05 09:34:58.160,0.2165,0.2165,11.0,0.2157,35.0,26850.0,4115.0
2021-01-05 09:34:58.640,0.2165,0.2166,31.0,0.2159,10.0,26850.0,4115.0
2021-01-05 09:34:58.940,0.2165,0.2164,4.0,0.2157,20.0,26850.0,4115.0
2021-01-05 09:34:59.660,0.2165,0.2164,3.0,0.2157,10.0,26850.0,4115.0
2021-01-05 09:35:00.160,0.2165,0.2163,5.0,0.2159,10.0,26850.0,4115.0
2021-01-05 09:35:00.630,0.2161,0.2161,10.0,0.2153,20.0,26850.0,4131.0
2021-01-05 09:35:01.070,0.2161,0.2159,1.0,0.2156,10.0,26850.0,4131.0
2021-01-05 09:35:01.610,0.2159,0.2163,15.0,0.216,10.0,26850.0,4132.0
2021-01-05 09:35:02.160,0.2163,0.2164,3.0,0.2163,5.0,26850.0,4150.0
2021-01-05 09:35:02.680,0.2163,0.2167,10.0,0.2165,5.0,26847.0,4154.0
2021-01-05 09:35:03.180,0.2171,0.2172,10.0,0.2171,9.0,26837.0,4212.0
2021-01-05 09:35:03.510,0.217,0.2178,10.0,0.2171,10.0,26832.0,4227.0
2021-01-05 09:35:04.061,0.2171,0.2169,10.0,0.2164,9.0,26832.0,4247.0
2021-01-05 09:35:04.621,0.2165,0.2172,10.0,0.2165,22.0,26832.0,4248.0
2021-01-05 09:35:05.180,0.2165,0.217,20.0,0.2164,9.0,26832.0,4248.0
2021-01-05 09:35:05.671,0.2165,0.217,10.0,0.2164,9.0,26832.0,4248.0
2021-01-05 09:35:06.180,0.2165,0.2168,10.0,0.2164,9.0,26832.0,4248.0
2021-01-05 09:35:06.680,0.2161,0.2164,18.0,0.2159,13.0,26832.0,4258.0
2021-01-05 09:35:07.131,0.2171,0.2168,13.0,0.2157,13.0,26866.0,4309.0
2021-01-05 09:35:07.650,0.2171,0.2162,10.0,0.2154,10.0,26866.0,4309.0
2021-01-05 09:35:08.171,0.2171,0.2156,10.0,0.2152,2.0,26866.0,4309.0
2021-01-05 09:35:09.191,0.2151,0.2151,10.0,0.215,10.0,26865.0,4322.0
2021-01-05 09:35:09.700,0.2147,0.2149,5.0,0.2144,10.0,26875.0,4333.0
2021-01-05 09:35:10.130,0.2149,0.2151,10.0,0.2144,25.0,26875.0,4338.0
2021-01-05 09:35:10.691,0.2149,0.2151,3.0,0.2143,39.0,26875.0,4338.0
2021-01-05 09:35:10.960,0.2149,0.215,15.0,0.2143,1.0,26875.0,4338.0
2021-01-05 09:35:11.671,0.215,0.215,15.0,0.2143,1.0,26877.0,4340.0
2021-01-05 09:35:12.101,0.215,0.2149,3.0,0.2143,14.0,26877.0,4340.0
2021-01-05 09:35:12.691,0.215,0.2149,5.0,0.2143,11.0,26877.0,4340.0
2021-01-05 09:35:12.931,0.2149,0.2155,13.0,0.215,10.0,26874.0,4345.0
2021-01-05 09:35:13.640,0.2155,0.2159,15.0,0.2155,35.0,26874.0,4376.0
2021-01-05 09:35:14.191,0.2162,0.2164,4.0,0.2159,87.0,26890.0,4394.0
2021-01-05 09:35:14.691,0.2164,0.2171,3.0,0.2166,2.0,26890.0,4398.0
2021-01-05 09:35:15.171,0.2171,0.2171,17.0,0.2164,14.0,26889.0,4399.0
2021-01-05 09:35:15.690,0.2165,0.2164,8.0,0.216,28.0,26889.0,4405.0
2021-01-05 09:35:16.141,0.2165,0.2162,10.0,0.2159,13.0,26889.0,4405.0
2021-01-05 09:35:16.660,0.2162,0.2169,10.0,0.216,3.0,26889.0,4408.0
2021-01-05 09:35:17.190,0.2162,0.2167,10.0,0.2161,15.0,26889.0,4408.0
2021-01-05 09:35:17.680,0.2162,0.2168,10.0,0.2162,13.0,26889.0,4408.0
2021-01-05 09:35:18.151,0.2167,0.2168,10.0,0.2167,9.0,26889.0,4409.0
2021-01-05 09:35:18.641,0.2168,0.2171,2.0,0.2169,2.0,26889.0,4419.0
2021-01-05 09:35:19.161,0.2172,0.2175,10.0,0.2172,1.0,26885.0,4427.0
2021-01-05 09:35:19.641,0.2175,0.2176,20.0,0.2175,24.0,26891.0,4444.0
2021-01-05 09:35:20.120,0.2175,0.2176,25.0,0.2168,10.0,26895.0,4478.0
2021-01-05 09:35:20.631,0.2175,0.2169,9.0,0.2163,10.0,26895.0,4478.0
2021-01-05 09:35:21.161,0.2169,0.2166,10.0,0.2162,10.0,26894.0,4479.0
2021-01-05 09:35:21.480,0.2162,0.216,1.0,0.2157,13.0,26897.0,4493.0
2021-01-05 09:35:22.141,0.2162,0.2155,24.0,0.2153,13.0,26897.0,4493.0
2021-01-05 09:35:22.521,0.2155,0.2155,7.0,0.2153,13.0,26885.0,4510.0
2021-01-05 09:35:23.130,0.2152,0.2155,1.0,0.2152,31.0,26885.0,4521.0
2021-01-05 09:35:23.680,0.2155,0.2157,10.0,0.2156,1.0,26885.0,4522.0
2021-01-05 09:35:24.671,0.2159,0.2158,5.0,0.2156,1.0,26885.0,4523.0
2021-01-05 09:35:25.170,0.2156,0.2158,5.0,0.2157,10.0,26885.0,4524.0
2021-01-05 09:35:25.660,0.2157,0.2157,15.0,0.2155,8.0,26885.0,4546.0
2021-01-05 09:35:26.160,0.2155,0.2155,1.0,0.2151,10.0,26885.0,4554.0
2021-01-05 09:35:26.651,0.2157,0.2153,1.0,0.215,28.0,26882.0,4564.0
2021-01-05 09:35:27.130,0.2155,0.2158,25.0,0.2155,4.0,26885.0,4575.0
2021-01-05 09:35:27.641,0.2158,0.216,15.0,0.2158,9.0,26893.0,4604.0
2021-01-05 09:35:27.981,0.2158,0.2162,20.0,0.2155,10.0,26893.0,4604.0
2021-01-05 09:35:28.171,0.2158,0.2162,20.0,0.2155,23.0,26893.0,4604.0
2021-01-05 09:35:29.160,0.2158,0.2162,20.0,0.2155,10.0,26893.0,4604.0
2021-01-05 09:35:29.641,0.2158,0.2164,20.0,0.2156,20.0,26893.0,4604.0
2021-01-05 09:35:30.121,0.2156,0.2158,10.0,0.2153,10.0,26893.0,4618.0
2021-01-05 09:35:30.690,0.2156,0.2155,1.0,0.2153,10.0,26893.0,4618.0
2021-01-05 09:35:31.170,0.2155,0.2156,10.0,0.2152,23.0,26888.0,4631.0
2021-01-05 09:35:31.700,0.2155,0.216,20.0,0.2154,10.0,26888.0,4631.0
2021-01-05 09:35:32.161,0.2154,0.2156,10.0,0.2154,1.0,26892.0,4635.0
2021-01-05 09:35:32.630,0.2154,0.2158,10.0,0.2151,23.0,26893.0,4636.0
2021-01-05 09:35:33.191,0.2154,0.2155,10.0,0.215,38.0,26893.0,4636.0
2021-01-05 09:35:33.640,0.2153,0.2154,26.0,0.215,21.0,26897.0,4650.0
2021-01-05 09:35:34.180,0.2154,0.2152,10.0,0.2145,10.0,26915.0,4688.0
2021-01-05 09:35:34.691,0.2153,0.2152,10.0,0.2148,1.0,26915.0,4698.0
2021-01-05 09:35:35.100,0.2148,0.2151,34.0,0.2144,10.0,26919.0,4707.0
2021-01-05 09:35:35.600,0.2148,0.2148,10.0,0.2143,1.0,26919.0,4707.0
2021-01-05 09:35:36.161,0.2147,0.2148,10.0,0.2142,1.0,26915.0,4718.0
2021-01-05 09:35:36.581,0.2142,0.2142,4.0,0.214,20.0,26915.0,4719.0
2021-01-05 09:35:37.171,0.2148,0.2145,10.0,0.2142,1.0,26911.0,4734.0
2021-01-05 09:35:37.581,0.2148,0.2147,10.0,0.2142,1.0,26911.0,4734.0
2021-01-05 09:35:38.190,0.2148,0.2147,10.0,0.2142,14.0,26911.0,4734.0
2021-01-05 09:35:38.651,0.2147,0.215,20.0,0.2146,10.0,26907.0,4744.0
2021-01-05 09:35:39.140,0.215,0.2151,3.0,0.215,12.0,26907.0,4746.0
2021-01-05 09:35:39.690,0.215,0.2154,30.0,0.2151,1.0,26904.0,4756.0
2021-01-05 09:35:40.191,0.2155,0.2157,15.0,0.2154,1.0,26918.0,4788.0
2021-01-05 09:35:40.691,0.2154,0.2158,23.0,0.2151,21.0,26918.0,4789.0
2021-01-05 09:35:41.190,0.2154,0.2157,13.0,0.2151,21.0,26918.0,4789.0
2021-01-05 09:35:41.680,0.2154,0.2158,3.0,0.2153,10.0,26918.0,4789.0
2021-01-05 09:35:42.160,0.2154,0.2155,1.0,0.2151,11.0,26918.0,4789.0
2021-01-05 09:35:42.581,0.2151,0.2153,10.0,0.215,6.0,26918.0,4790.0
2021-01-05 09:35:43.190,0.215,0.215,10.0,0.2142,10.0,26918.0,4796.0
2021-01-05 09:35:43.661,0.215,0.215,3.0,0.2149,20.0,26918.0,4816.0
2021-01-05 09:35:44.041,0.2147,0.2152,10.0,0.2143,25.0,26918.0,4830.0
2021-01-05 09:35:44.681,0.2143,0.2142,1.0,0.2141,2.0,26918.0,4840.0
2021-01-05 09:35:45.071,0.2146,0.2145,10.0,0.2141,2.0,26918.0,4850.0
2021-01-05 09:35:45.411,0.2141,0.2143,10.0,0.2142,5.0,26920.0,4857.0
2021-01-05 09:35:46.141,0.2142,0.2141,5.0,0.2137,1.0,26915.0,4872.0
2021-01-05 09:35:46.700,0.2137,0.2139,10.0,0.2135,5.0,26916.0,4883.0
2021-01-05 09:35:46.990,0.2135,0.214,16.0,0.2135,3.0,26918.0,4895.0
2021-01-05 09:35:47.680,0.2134,0.2138,10.0,0.2134,2.0,26919.0,4909.0
2021-01-05 09:35:48.020,0.2134,0.2136,10.0,0.2131,3.0,26921.0,4911.0
2021-01-05 09:35:48.510,0.2137,0.2138,15.0,0.2136,4.0,26922.0,4922.0
2021-01-05 09:35:48.750,0.2138,0.2135,5.0,0.2131,10.0,26922.0,4928.0
2021-01-05 09:35:49.701,0.2135,0.2138,10.0,0.2135,5.0,26922.0,4933.0
2021-01-05 09:35:49.970,0.2135,0.2138,47.0,0.2131,10.0,26923.0,4939.0
2021-01-05 09:35:50.630,0.2131,0.2135,4.0,0.2133,10.0,26923.0,4941.0
2021-01-05 09:35:51.180,0.2135,0.2135,2.0,0.2132,10.0,26921.0,4943.0
2021-01-05 09:35:51.710,0.2135,0.214,3.0,0.2138,10.0,26919.0,4945.0
2021-01-05 09:35:52.190,0.2138,0.214,18.0,0.2138,3.0,26919.0,4952.0
2021-01-05 09:35:52.661,0.214,0.2142,13.0,0.214,6.0,26931.0,5001.0
2021-01-05 09:35:52.961,0.2139,0.2142,25.0,0.2138,3.0,26933.0,5018.0
2021-01-05 09:35:53.631,0.2142,0.2143,33.0,0.2142,60.0,26943.0,5029.0
2021-01-05 09:35:53.981,0.2142,0.2145,30.0,0.2142,9.0,26960.0,5074.0
2021-01-05 09:35:54.640,0.2145,0.2148,13.0,0.2145,5.0,26956.0,5133.0
2021-01-05 09:35:55.151,0.2149,0.2154,3.0,0.2149,5.0,26957.0,5150.0
2021-01-05 09:35:55.691,0.2154,0.2155,13.0,0.215,3.0,26955.0,5152.0
2021-01-05 09:35:56.121,0.2155,0.2156,10.0,0.215,3.0,26952.0,5155.0
2021-01-05 09:35:56.661,0.2154,0.2154,8.0,0.2146,10.0,26957.0,5170.0
2021-01-05 09:35:57.060,0.2154,0.2153,10.0,0.2147,10.0,26957.0,5170.0
2021-01-05 09:35:57.681,0.2154,0.2153,10.0,0.2147,10.0,26957.0,5170.0
2021-01-05 09:35:58.150,0.2153,0.2152,15.0,0.2147,10.0,26957.0,5180.0
2021-01-05 09:35:58.970,0.2146,0.2146,1.0,0.2144,10.0,26957.0,5190.0
2021-01-05 09:35:59.610,0.215,0.2145,3.0,0.2143,3.0,26961.0,5214.0
2021-01-05 09:36:00.190,0.2141,0.2142,25.0,0.2138,3.0,26963.0,5220.0
2021-01-05 09:36:00.680,0.2141,0.2142,5.0,0.2138,13.0,26963.0,5220.0
2021-01-05 09:36:01.181,0.2144,0.2145,18.0,0.2138,23.0,26963.0,5230.0
2021-01-05 09:36:01.671,0.2138,0.2145,3.0,0.214,10.0,26963.0,5232.0
2021-01-05 09:36:02.170,0.2145,0.215,45.0,0.2145,2.0,26962.0,5239.0
2021-01-05 09:36:02.610,0.215,0.2153,23.0,0.215,1.0,26962.0,5262.0
2021-01-05 09:36:03.150,0.2153,0.2157,20.0,0.215,14.0,26962.0,5273.0
2021-01-05 09:36:03.540,0.2153,0.2158,25.0,0.2153,10.0,26962.0,5273.0
2021-01-05 09:36:04.161,0.2153,0.2159,1.0,0.2158,1.0,26962.0,5276.0
2021-01-05 09:36:04.620,0.2154,0.2157,15.0,0.2153,7.0,26962.0,5279.0
2021-01-05 09:36:05.150,0.2152,0.2155,10.0,0.2148,10.0,26962.0,5296.0
2021-01-05 09:36:05.590,0.2152,0.2153,10.0,0.2148,10.0,26962.0,5296.0
2021-01-05 09:36:06.180,0.2152,0.2154,25.0,0.2148,10.0,26962.0,5296.0
2021-01-05 09:36:06.700,0.2154,0.2154,2.0,0.215,20.0,26966.0,5300.0
2021-01-05 09:36:06.940,0.215,0.2154,2.0,0.215,18.0,26966.0,5302.0
2021-01-05 09:36:07.640,0.215,0.2154,2.0,0.2151,3.0,26966.0,5302.0
2021-01-05 09:36:08.170,0.215,0.2154,2.0,0.2151,3.0,26966.0,5302.0
2021-01-05 09:36:08.700,0.2151,0.2154,2.0,0.2151,11.0,26966.0,5304.0
2021-01-05 09:36:09.161,0.2151,0.2154,2.0,0.2151,11.0,26966.0,5304.0
2021-01-05 09:36:09.691,0.2154,0.2157,10.0,0.2152,38.0,26966.0,5306.0
2021-01-05 09:36:10.101,0.2157,0.2158,2.0,0.2155,20.0,26966.0,5308.0
2021-01-05 09:36:10.671,0.2158,0.2159,1.0,0.2157,10.0,26966.0,5310.0
2021-01-05 09:36:11.180,0.2159,0.2164,45.0,0.2157,20.0,26965.0,5311.0
2021-01-05 09:36:11.651,0.2157,0.2161,10.0,0.2155,10.0,26968.0,5316.0
2021-01-05 09:36:12.181,0.2157,0.216,20.0,0.2158,1.0,26968.0,5316.0
2021-01-05 09:36:12.650,0.2158,0.2158,1.0,0.2153,10.0,26968.0,5317.0
2021-01-05 09:36:13.190,0.2158,0.2158,1.0,0.2153,10.0,26968.0,5317.0
2021-01-05 09:36:13.680,0.2158,0.2159,5.0,0.2154,10.0,26968.0,5330.0
2021-01-05 09:36:14.150,0.2158,0.2159,5.0,0.2153,13.0,26968.0,5330.0
2021-01-05 09:36:14.611,0.2158,0.2159,5.0,0.2153,13.0,26968.0,5330.0
2021-01-05 09:36:15.170,0.2155,0.2159,5.0,0.2155,5.0,26968.0,5335.0
2021-01-05 09:36:15.660,0.2159,0.2159,1.0,0.2156,3.0,26967.0,5339.0
2021-01-05 09:36:16.150,0.2154,0.2161,10.0,0.2154,23.0,26970.0,5350.0
2021-01-05 09:36:16.680,0.2154,0.216,3.0,0.2156,10.0,26970.0,5350.0
2021-01-05 09:36:17.180,0.2154,0.216,18.0,0.2156,10.0,26970.0,5350.0
2021-01-05 09:36:17.670,0.216,0.216,2.0,0.2157,3.0,26967.0,5368.0
2021-01-05 09:36:18.181,0.216,0.216,1.0,0.2156,10.0,26967.0,5369.0
2021-01-05 09:36:18.640,0.2165,0.2165,12.0,0.2157,36.0,26966.0,5371.0
2021-01-05 09:36:18.761,0.2165,0.2162,10.0,0.2155,23.0,26966.0,5371.0
2021-01-05 09:36:19.691,0.2165,0.2162,10.0,0.2156,10.0,26966.0,5371.0
2021-01-05 09:36:20.161,0.2165,0.2164,10.0,0.2157,10.0,26966.0,5371.0
2021-01-05 09:36:20.680,0.2165,0.2165,42.0,0.2158,10.0,26966.0,5371.0
2021-01-05 09:36:21.120,0.2165,0.2165,20.0,0.216,10.0,26966.0,5371.0
2021-01-05 09:36:21.691,0.2165,0.2165,20.0,0.216,10.0,26966.0,5371.0
2021-01-05 09:36:22.171,0.2159,0.216,1.0,0.2159,19.0,26966.0,5372.0
2021-01-05 09:36:22.611,0.216,0.2163,10.0,0.2159,10.0,26966.0,5373.0
2021-01-05 09:36:23.191,0.216,0.2164,10.0,0.2159,10.0,26966.0,5373.0
2021-01-05 09:36:23.681,0.216,0.216,10.0,0.2156,15.0,26966.0,5373.0
2021-01-05 09:36:24.171,0.2156,0.2159,20.0,0.2153,18.0,26969.0,5380.0
2021-01-05 09:36:24.651,0.2147,0.2156,15.0,0.2151,23.0,26955.0,5395.0
2021-01-05 09:36:25.181,0.2147,0.2155,3.0,0.215,28.0,26955.0,5395.0
2021-01-05 09:36:25.471,0.2155,0.2161,35.0,0.2154,10.0,26952.0,5398.0
2021-01-05 09:36:26.171,0.215,0.2154,1.0,0.2153,10.0,26952.0,5428.0
2021-01-05 09:36:26.651,0.215,0.2153,8.0,0.2148,10.0,26952.0,5428.0
2021-01-05 09:36:27.070,0.2156,0.2153,13.0,0.2148,13.0,27002.0,5478.0
2021-01-05 09:36:27.690,0.2149,0.2152,10.0,0.2145,22.0,27002.0,5479.0
2021-01-05 09:36:28.040,0.2145,0.2148,52.0,0.2142,10.0,27004.0,5481.0
2021-01-05 09:36:28.601,0.2145,0.2145,12.0,0.214,13.0,27004.0,5481.0
2021-01-05 09:36:29.141,0.2139,0.2139,10.0,0.2138,3.0,27004.0,5505.0
2021-01-05 09:36:29.661,0.2139,0.214,26.0,0.2136,13.0,27009.0,5517.0
2021-01-05 09:36:30.161,0.2137,0.2141,10.0,0.2135,26.0,27012.0,5528.0
2021-01-05 09:36:30.651,0.2141,0.2142,10.0,0.2139,1.0,27012.0,5538.0
2021-01-05 09:36:31.181,0.2137,0.2142,10.0,0.2137,1.0,27013.0,5548.0
2021-01-05 09:36:31.690,0.2137,0.2143,10.0,0.214,10.0,27013.0,5548.0
2021-01-05 09:36:32.130,0.214,0.2144,10.0,0.214,9.0,27013.0,5549.0
2021-01-05 09:36:32.660,0.2144,0.2144,10.0,0.2139,13.0,27014.0,5559.0
2021-01-05 09:36:33.200,0.2144,0.2149,15.0,0.2143,20.0,27015.0,5560.0
2021-01-05 09:36:33.670,0.2144,0.2148,10.0,0.2143,10.0,27015.0,5560.0
2021-01-05 09:36:34.091,0.2143,0.2143,7.0,0.214,23.0,27018.0,5573.0
2021-01-05 09:36:34.500,0.214,0.2142,3.0,0.2141,10.0,27018.0,5581.0
2021-01-05 09:36:34.971,0.2142,0.2148,10.0,0.2143,7.0,27015.0,5584.0
2021-01-05 09:36:35.701,0.2142,0.2148,13.0,0.2143,7.0,27015.0,5584.0
2021-01-05 09:36:36.041,0.214,0.2143,13.0,0.2138,10.0,27015.0,5601.0
2021-01-05 09:36:36.671,0.214,0.2141,10.0,0.2135,36.0,27015.0,5601.0
2021-01-05 09:36:37.190,0.2135,0.2141,10.0,0.2135,50.0,27015.0,5602.0
2021-01-05 09:36:37.691,0.2135,0.2141,10.0,0.2135,35.0,27015.0,5602.0
2021-01-05 09:36:38.041,0.2135,0.2142,10.0,0.2135,66.0,27015.0,5602.0
2021-01-05 09:36:38.640,0.2135,0.2145,10.0,0.2135,56.0,27015.0,5602.0
2021-01-05 09:36:39.090,0.2135,0.2143,10.0,0.2137,10.0,27015.0,5602.0
2021-01-05 09:36:39.660,0.2135,0.2145,10.0,0.2137,13.0,27015.0,5602.0
2021-01-05 09:36:40.191,0.2135,0.2147,3.0,0.2141,20.0,27015.0,5602.0
2021-01-05 09:36:40.671,0.2135,0.2144,10.0,0.2138,13.0,27015.0,5602.0
2021-01-05 09:36:41.201,0.2135,0.2145,20.0,0.2139,3.0,27015.0,5602.0
2021-01-05 09:36:41.641,0.2135,0.2147,3.0,0.2144,10.0,27015.0,5602.0
2021-01-05 09:36:41.751,0.2135,0.2146,10.0,0.2145,15.0,27015.0,5602.0
2021-01-05 09:36:42.221,0.2146,0.2147,3.0,0.2145,4.0,27018.0,5605.0
2021-01-05 09:36:43.111,0.2146,0.2146,9.0,0.2141,10.0,27018.0,5606.0
2021-01-05 09:36:43.700,0.2145,0.2144,10.0,0.214,20.0,27021.0,5611.0
2021-01-05 09:36:43.950,0.2145,0.2144,10.0,0.2141,3.0,27021.0,5611.0
2021-01-05 09:36:44.680,0.2145,0.2144,10.0,0.2139,28.0,27021.0,5611.0
2021-01-05 09:36:45.191,0.2141,0.2141,2.0,0.2136,10.0,27028.0,5618.0
2021-01-05 09:36:45.631,0.2141,0.214,2.0,0.2135,25.0,27028.0,5618.0
2021-01-05 09:36:46.050,0.2141,0.2139,41.0,0.2135,15.0,27028.0,5618.0
2021-01-05 09:36:46.501,0.2135,0.2135,15.0,0.2131,10.0,27043.0,5633.0
2021-01-05 09:36:47.130,0.2135,0.2135,25.0,0.213,2.0,27043.0,5633.0
2021-01-05 09:36:47.660,0.213,0.213,2.0,0.2128,3.0,27042.0,5635.0
2021-01-05 09:36:48.130,0.213,0.213,4.0,0.2128,3.0,27040.0,5637.0
2021-01-05 09:36:48.630,0.213,0.2133,2.0,0.2128,25.0,27040.0,5641.0
2021-01-05 09:36:49.170,0.213,0.213,10.0,0.2125,3.0,27040.0,5641.0
2021-01-05 09:36:49.700,0.213,0.2133,10.0,0.213,11.0,27042.0,5647.0
2021-01-05 09:36:50.161,0.213,0.2134,25.0,0.213,5.0,27042.0,5647.0
2021-01-05 09:36:50.670,0.213,0.2134,10.0,0.2133,2.0,27042.0,5647.0
2021-01-05 09:36:51.171,0.2134,0.2133,2.0,0.2128,20.0,27045.0,5650.0
2021-01-05 09:36:51.671,0.2134,0.2133,4.0,0.2128,13.0,27045.0,5650.0
2021-01-05 09:36:52.180,0.2134,0.2132,6.0,0.2128,3.0,27045.0,5650.0
2021-01-05 09:36:52.670,0.2132,0.2131,10.0,0.2127,49.0,27045.0,5651.0
2021-01-05 09:36:53.191,0.2132,0.2131,10.0,0.2127,49.0,27045.0,5651.0
2021-01-05 09:36:53.671,0.2132,0.2129,10.0,0.2127,29.0,27045.0,5651.0
2021-01-05 09:36:54.120,0.2129,0.2131,3.0,0.2129,16.0,27045.0,5660.0
2021-01-05 09:36:54.631,0.2131,0.2139,13.0,0.2131,13.0,27042.0,5663.0
2021-01-05 09:36:55.141,0.2131,0.2136,10.0,0.2131,21.0,27042.0,5663.0
2021-01-05 09:36:55.651,0.2136,0.2137,10.0,0.2136,15.0,27042.0,5673.0
2021-01-05 09:36:56.141,0.2136,0.2139,3.0,0.2136,31.0,27042.0,5677.0
2021-01-05 09:36:56.691,0.2136,0.2136,15.0,0.2132,10.0,27053.0,5691.0
2021-01-05 09:36:57.171,0.2136,0.2137,19.0,0.2136,1.0,27053.0,5691.0
2021-01-05 09:36:57.601,0.2136,0.2137,9.0,0.2132,10.0,27053.0,5692.0
2021-01-05 09:36:58.160,0.2137,0.2137,6.0,0.2133,10.0,27053.0,5695.0
2021-01-05 09:36:58.610,0.2137,0.2137,6.0,0.2135,10.0,27053.0,5695.0
2021-01-05 09:36:59.181,0.2135,0.2137,26.0,0.2131,31.0,27053.0,5698.0
2021-01-05 09:36:59.690,0.2135,0.2134,25.0,0.2132,1.0,27053.0,5698.0
2021-01-05 09:37:00.120,0.2135,0.2134,15.0,0.2132,1.0,27053.0,5698.0
2021-01-05 09:37:00.260,0.2132,0.2134,10.0,0.2131,3.0,27052.0,5703.0
2021-01-05 09:37:01.061,0.2134,0.2133,6.0,0.2128,28.0,27052.0,5707.0
2021-01-05 09:37:01.630,0.2133,0.2136,3.0,0.2133,7.0,27046.0,5713.0
2021-01-05 09:37:02.191,0.2136,0.2139,3.0,0.2133,23.0,27043.0,5716.0
2021-01-05 09:37:02.610,0.2136,0.2142,28.0,0.2137,10.0,27043.0,5716.0
2021-01-05 09:37:03.151,0.2137,0.2136,2.0,0.2134,10.0,27043.0,5718.0
2021-01-05 09:37:03.630,0.2141,0.2143,26.0,0.2138,8.0,27041.0,5745.0
2021-01-05 09:37:04.200,0.2143,0.2145,4.0,0.2143,10.0,27038.0,5748.0
2021-01-05 09:37:04.690,0.2147,0.215,20.0,0.2147,1.0,27031.0,5757.0
2021-01-05 09:37:05.140,0.2147,0.2148,10.0,0.2145,2.0,27031.0,5758.0
2021-01-05 09:37:05.660,0.2147,0.2152,25.0,0.2145,3.0,27031.0,5759.0
2021-01-05 09:37:06.171,0.2147,0.2152,15.0,0.2148,1.0,27031.0,5759.0
2021-01-05 09:37:06.700,0.2153,0.2153,15.0,0.2149,4.0,27036.0,5764.0
2021-01-05 09:37:07.180,0.2149,0.2152,20.0,0.2149,1.0,27034.0,5767.0
2021-01-05 09:37:07.681,0.2149,0.215,20.0,0.2148,9.0,27034.0,5767.0
2021-01-05 09:37:08.190,0.2146,0.2146,1.0,0.2145,3.0,27034.0,5785.0
2021-01-05 09:37:08.630,0.2145,0.2144,10.0,0.2137,10.0,27034.0,5788.0
2021-01-05 09:37:09.170,0.2145,0.2143,10.0,0.2138,1.0,27034.0,5788.0
2021-01-05 09:37:09.620,0.2138,0.2142,4.0,0.2137,10.0,27034.0,5789.0
2021-01-05 09:37:10.121,0.2141,0.2145,13.0,0.2144,10.0,27031.0,5809.0
2021-01-05 09:37:10.640,0.2145,0.2149,19.0,0.2146,10.0,27019.0,5823.0
2021-01-05 09:37:11.080,0.2149,0.2149,17.0,0.2147,3.0,27019.0,5825.0
2021-01-05 09:37:11.641,0.2147,0.2147,2.0,0.2144,10.0,27020.0,5845.0
2021-01-05 09:37:12.100,0.2147,0.215,10.0,0.2144,13.0,27018.0,5847.0
2021-01-05 09:37:12.490,0.2147,0.2153,33.0,0.2147,1.0,27018.0,5848.0
2021-01-05 09:37:13.181,0.2147,0.2154,28.0,0.215,10.0,27018.0,5848.0
2021-01-05 09:37:13.621,0.215,0.2148,11.0,0.2143,10.0,27018.0,5858.0
2021-01-05 09:37:14.130,0.215,0.2147,10.0,0.2141,10.0,27018.0,5858.0
2021-01-05 09:37:14.651,0.215,0.2143,10.0,0.2141,10.0,27018.0,5858.0
2021-01-05 09:37:15.101,0.2144,0.2139,10.0,0.2136,15.0,27018.0,5869.0
2021-01-05 09:37:15.671,0.2139,0.2142,1.0,0.2138,10.0,27018.0,5876.0
2021-01-05 09:37:16.190,0.2139,0.2142,11.0,0.2138,10.0,27018.0,5876.0
2021-01-05 09:37:16.461,0.2142,0.2146,3.0,0.2142,10.0,27017.0,5886.0
2021-01-05 09:37:17.200,0.2142,0.2146,3.0,0.2143,23.0,27017.0,5886.0
2021-01-05 09:37:17.671,0.2142,0.2144,24.0,0.2142,23.0,27017.0,5886.0
2021-01-05 09:37:18.061,0.2142,0.2144,24.0,0.2142,10.0,27017.0,5886.0
2021-01-05 09:37:18.710,0.2142,0.2144,24.0,0.2141,10.0,27017.0,5886.0
2021-01-05 09:37:18.891,0.2144,0.2144,33.0,0.2139,5.0,27030.0,5900.0
2021-01-05 09:37:19.711,0.2144,0.2144,23.0,0.214,10.0,27030.0,5900.0
2021-01-05 09:37:20.191,0.2144,0.2144,38.0,0.2139,5.0,27030.0,5900.0
2021-01-05 09:37:20.691,0.2144,0.2144,23.0,0.2139,5.0,27030.0,5900.0
2021-01-05 09:37:21.200,0.2144,0.2144,23.0,0.2143,10.0,27030.0,5900.0
2021-01-05 09:37:21.381,0.2144,0.215,15.0,0.2145,10.0,27007.0,5923.0
2021-01-05 09:37:22.030,0.2144,0.2152,35.0,0.2146,13.0,27007.0,5923.0
2021-01-05 09:37:22.620,0.2144,0.2152,10.0,0.2146,13.0,27007.0,5923.0
2021-01-05 09:37:23.150,0.2144,0.2152,10.0,0.2146,10.0,27007.0,5923.0
2021-01-05 09:37:23.701,0.2144,0.2154,35.0,0.2148,10.0,27007.0,5923.0
2021-01-05 09:37:24.080,0.2144,0.2152,20.0,0.2145,20.0,27007.0,5923.0
2021-01-05 09:37:24.631,0.2144,0.2148,1.0,0.2146,3.0,27007.0,5923.0
2021-01-05 09:37:25.200,0.2146,0.2146,21.0,0.2142,23.0,27010.0,5926.0
2021-01-05 09:37:25.670,0.2146,0.2146,20.0,0.2144,10.0,27010.0,5927.0
2021-01-05 09:37:26.170,0.2146,0.2148,11.0,0.2144,10.0,27009.0,5928.0
2021-01-05 09:37:26.650,0.2146,0.2148,1.0,0.2146,10.0,27009.0,5928.0
2021-01-05 09:37:27.130,0.2145,0.2145,6.0,0.2144,20.0,26999.0,5938.0
2021-01-05 09:37:27.551,0.2145,0.2148,1.0,0.2144,10.0,26993.0,5944.0
2021-01-05 09:37:28.151,0.2145,0.2148,1.0,0.2144,10.0,26993.0,5944.0
2021-01-05 09:37:28.560,0.2144,0.2149,13.0,0.2144,9.0,26996.0,5950.0
2021-01-05 09:37:29.130,0.2144,0.2144,5.0,0.2142,10.0,26996.0,5950.0
2021-01-05 09:37:29.691,0.2146,0.2146,4.0,0.2142,10.0,27005.0,5963.0
2021-01-05 09:37:30.191,0.2148,0.2152,15.0,0.2148,18.0,27005.0,5965.0
2021-01-05 09:37:30.590,0.2148,0.2146,10.0,0.2142,10.0,27005.0,5983.0
2021-01-05 09:37:31.190,0.2147,0.2147,9.0,0.2144,10.0,27006.0,5988.0
2021-01-05 09:37:31.691,0.2144,0.2147,10.0,0.2144,1.0,26997.0,5997.0
2021-01-05 09:37:32.041,0.2142,0.2142,1.0,0.2141,13.0,26998.0,5999.0
2021-01-05 09:37:32.571,0.2141,0.2141,1.0,0.2139,15.0,27001.0,6016.0
2021-01-05 09:37:33.180,0.2136,0.2138,10.0,0.2132,23.0,27006.0,6034.0
2021-01-05 09:37:33.581,0.2134,0.2139,10.0,0.2134,9.0,27005.0,6035.0
2021-01-05 09:37:34.200,0.2139,0.2137,19.0,0.2136,20.0,26995.0,6045.0
2021-01-05 09:37:34.431,0.2137,0.2142,13.0,0.2137,1.0,26976.0,6064.0
2021-01-05 09:37:35.170,0.2144,0.2145,10.0,0.2144,11.0,26983.0,6082.0
2021-01-05 09:37:35.641,0.2144,0.2147,10.0,0.2144,18.0,26985.0,6111.0
2021-01-05 09:37:35.881,0.2144,0.2145,10.0,0.2144,2.0,27001.0,6127.0
2021-01-05 09:37:36.661,0.2146,0.2144,9.0,0.2141,10.0,27003.0,6131.0
2021-01-05 09:37:37.180,0.2144,0.2147,10.0,0.2146,3.0,27003.0,6140.0
2021-01-05 09:37:37.691,0.2147,0.2148,10.0,0.2146,3.0,27003.0,6150.0
2021-01-05 09:37:37.981,0.2148,0.215,23.0,0.2146,3.0,27003.0,6159.0
2021-01-05 09:37:38.651,0.2148,0.2153,13.0,0.2148,10.0,27003.0,6159.0
2021-01-05 09:37:38.951,0.2149,0.2156,35.0,0.215,10.0,26990.0,6172.0
2021-01-05 09:37:39.291,0.2149,0.2155,15.0,0.2151,2.0,26990.0,6172.0
2021-01-05 09:37:40.161,0.2151,0.2156,48.0,0.215,10.0,26988.0,6174.0
2021-01-05 09:37:40.701,0.2151,0.2151,5.0,0.2147,26.0,26988.0,6174.0
2021-01-05 09:37:41.131,0.2151,0.2154,10.0,0.2148,3.0,26985.0,6182.0
2021-01-05 09:37:41.660,0.2151,0.2151,5.0,0.2149,4.0,26985.0,6182.0
2021-01-05 09:37:42.130,0.2151,0.2155,10.0,0.2152,5.0,26985.0,6187.0
2021-01-05 09:37:42.620,0.2152,0.2155,10.0,0.2151,1.0,26982.0,6192.0
2021-01-05 09:37:43.181,0.2151,0.2158,3.0,0.2151,13.0,26982.0,6193.0
2021-01-05 09:37:43.640,0.2154,0.2158,3.0,0.2154,3.0,26981.0,6194.0
2021-01-05 09:37:44.190,0.2154,0.2158,3.0,0.2154,13.0,26981.0,6194.0
2021-01-05 09:37:44.651,0.2156,0.2161,2.0,0.2156,9.0,26978.0,6197.0
2021-01-05 09:37:45.171,0.2156,0.2161,2.0,0.2156,10.0,26978.0,6197.0
2021-01-05 09:37:46.161,0.2156,0.2161,2.0,0.2158,3.0,26978.0,6197.0
2021-01-05 09:37:46.520,0.2158,0.216,1.0,0.2156,10.0,26978.0,6200.0
2021-01-05 09:37:46.950,0.2156,0.2159,18.0,0.2155,10.0,26978.0,6210.0
2021-01-05 09:37:47.661,0.2155,0.2155,25.0,0.2154,3.0,26978.0,6220.0
2021-01-05 09:37:48.080,0.2151,0.2153,3.0,0.2151,19.0,26980.0,6224.0
2021-01-05 09:37:48.520,0.2151,0.2153,3.0,0.2152,26.0,26980.0,6224.0
2021-01-05 09:37:49.190,0.2152,0.2153,1.0,0.2152,36.0,26978.0,6232.0
2021-01-05 09:37:49.670,0.2152,0.2153,1.0,0.2152,64.0,26978.0,6232.0
2021-01-05 09:37:49.961,0.2152,0.2154,2.0,0.2152,21.0,27001.0,6266.0
2021-01-05 09:37:50.681,0.2152,0.2154,1.0,0.2152,9.0,27013.0,6278.0
2021-01-05 09:37:51.100,0.2152,0.2152,17.0,0.215,10.0,27022.0,6287.0
2021-01-05 09:37:51.580,0.2148,0.215,11.0,0.2148,1.0,27024.0,6289.0
2021-01-05 09:37:52.191,0.215,0.2151,15.0,0.2148,1.0,27024.0,6290.0
2021-01-05 09:37:52.631,0.2148,0.2148,1.0,0.2147,10.0,27025.0,6291.0
2021-01-05 09:37:53.161,0.2147,0.2149,3.0,0.2146,1.0,27015.0,6302.0
2021-01-05 09:37:53.620,0.2149,0.2148,13.0,0.2146,1.0,27017.0,6307.0
2021-01-05 09:37:54.160,0.2148,0.215,5.0,0.2147,10.0,27017.0,6308.0
2021-01-05 09:37:54.640,0.2148,0.2148,8.0,0.2147,10.0,27017.0,6309.0
2021-01-05 09:37:55.190,0.2148,0.215,5.0,0.2149,2.0,27009.0,6317.0
2021-01-05 09:37:55.691,0.2149,0.215,5.0,0.2149,1.0,27010.0,6318.0
2021-01-05 09:37:56.121,0.2149,0.2149,1.0,0.2148,1.0,27005.0,6324.0
2021-01-05 09:37:56.611,0.2149,0.2152,5.0,0.2151,2.0,27004.0,6325.0
2021-01-05 09:37:57.170,0.2154,0.2155,7.0,0.2153,1.0,27001.0,6334.0
2021-01-05 09:37:57.601,0.2155,0.2155,5.0,0.2153,12.0,27001.0,6336.0
2021-01-05 09:37:58.091,0.2158,0.2157,13.0,0.2155,1.0,27001.0,6342.0
2021-01-05 09:37:58.640,0.2155,0.2155,3.0,0.2153,25.0,27002.0,6343.0
2021-01-05 09:37:59.130,0.2153,0.2153,26.0,0.2149,11.0,27002.0,6368.0
2021-01-05 09:37:59.601,0.2149,0.2151,10.0,0.2146,1.0,27002.0,6369.0
2021-01-05 09:38:00.100,0.2152,0.215,5.0,0.2146,1.0,27003.0,6370.0
2021-01-05 09:38:00.680,0.2152,0.215,5.0,0.2146,1.0,27003.0,6370.0
2021-01-05 09:38:01.180,0.215,0.2151,3.0,0.2147,6.0,26998.0,6375.0
2021-01-05 09:38:01.681,0.215,0.2151,3.0,0.2147,6.0,26998.0,6375.0
2021-01-05 09:38:02.181,0.215,0.2151,3.0,0.2146,1.0,26998.0,6375.0
2021-01-05 09:38:02.680,0.215,0.215,2.0,0.2146,11.0,26998.0,6375.0
2021-01-05 09:38:02.841,0.2146,0.215,12.0,0.2144,10.0,26998.0,6376.0
2021-01-05 09:38:03.691,0.2146,0.2149,2.0,0.2144,20.0,26998.0,6376.0
2021-01-05 09:38:03.790,0.2144,0.2148,34.0,0.214,20.0,27008.0,6396.0
2021-01-05 09:38:04.680,0.2147,0.2148,28.0,0.2141,10.0,27009.0,6397.0
2021-01-05 09:38:05.181,0.2146,0.2146,19.0,0.214,10.0,27009.0,6398.0
2021-01-05 09:38:05.681,0.2146,0.2146,9.0,0.2142,10.0,27009.0,6398.0
2021-01-05 09:38:06.151,0.2146,0.2146,9.0,0.2141,16.0,27009.0,6398.0
2021-01-05 09:38:06.691,0.2146,0.2144,10.0,0.2138,40.0,27009.0,6398.0
2021-01-05 09:38:07.200,0.2138,0.2138,1.0,0.2135,20.0,27009.0,6403.0
2021-01-05 09:38:07.590,0.2135,0.2137,3.0,0.2131,1.0,27005.0,6408.0
2021-01-05 09:38:08.021,0.2135,0.2137,3.0,0.2133,10.0,27005.0,6408.0
2021-01-05 09:38:09.160,0.2131,0.2135,10.0,0.2129,10.0,27006.0,6409.0
2021-01-05 09:38:09.590,0.2128,0.2135,3.0,0.2128,4.0,27007.0,6410.0
2021-01-05 09:38:10.180,0.2128,0.2133,10.0,0.2128,4.0,27007.0,6410.0
2021-01-05 09:38:10.670,0.2128,0.2132,10.0,0.2127,29.0,27011.0,6414.0
2021-01-05 09:38:11.141,0.2132,0.2131,3.0,0.2128,13.0,27011.0,6418.0
2021-01-05 09:38:11.701,0.2131,0.2133,10.0,0.2131,3.0,27008.0,6421.0
2021-01-05 09:38:12.191,0.2135,0.2135,1.0,0.2134,10.0,26988.0,6451.0
2021-01-05 09:38:12.531,0.2134,0.2136,10.0,0.2131,1.0,26993.0,6458.0
2021-01-05 09:38:13.110,0.2131,0.2132,10.0,0.2128,10.0,26994.0,6459.0
2021-01-05 09:38:13.690,0.2131,0.2131,13.0,0.2127,29.0,26994.0,6459.0
2021-01-05 09:38:14.101,0.2127,0.213,41.0,0.2122,11.0,27023.0,6488.0
2021-01-05 09:38:14.650,0.2127,0.2127,1.0,0.2122,1.0,27023.0,6488.0
2021-01-05 09:38:15.150,0.2123,0.2123,1.0,0.2117,5.0,27038.0,6504.0
2021-01-05 09:38:15.730,0.2117,0.2121,10.0,0.2115,10.0,27043.0,6509.0
2021-01-05 09:38:16.210,0.2117,0.2122,3.0,0.2119,12.0,27043.0,6509.0
2021-01-05 09:38:16.721,0.2122,0.2124,10.0,0.2121,10.0,27043.0,6512.0
2021-01-05 09:38:17.190,0.2118,0.2122,10.0,0.2116,23.0,27033.0,6530.0
2021-01-05 09:38:17.630,0.2116,0.2121,4.0,0.2117,2.0,27034.0,6531.0
2021-01-05 09:38:18.231,0.2117,0.2122,10.0,0.2116,11.0,27034.0,6532.0
2021-01-05 09:38:18.581,0.2122,0.2122,10.0,0.2116,3.0,27035.0,6533.0
2021-01-05 09:38:19.190,0.2116,0.2116,17.0,0.2113,10.0,27035.0,6536.0
2021-01-05 09:38:19.670,0.2116,0.2116,104.0,0.2112,23.0,27035.0,6549.0
2021-01-05 09:38:20.231,0.2116,0.2116,41.0,0.2112,38.0,27082.0,6612.0
2021-01-05 09:38:20.671,0.2116,0.2116,19.0,0.2112,13.0,27092.0,6634.0
2021-01-05 09:38:21.180,0.2116,0.2116,19.0,0.2111,10.0,27092.0,6634.0
2021-01-05 09:38:21.670,0.211,0.2116,55.0,0.2108,10.0,27088.0,6638.0
2021-01-05 09:38:22.141,0.211,0.2113,10.0,0.2106,10.0,27088.0,6638.0
2021-01-05 09:38:22.531,0.211,0.2112,3.0,0.2107,10.0,27088.0,6638.0
2021-01-05 09:38:23.201,0.2103,0.2109,10.0,0.2102,38.0,27088.0,6669.0
2021-01-05 09:38:23.660,0.2103,0.2108,1.0,0.2102,38.0,27088.0,6669.0
2021-01-05 09:38:24.141,0.2103,0.2108,1.0,0.2101,51.0,27088.0,6669.0
2021-01-05 09:38:24.671,0.2101,0.2105,10.0,0.2103,6.0,27088.0,6670.0
2021-01-05 09:38:25.101,0.2103,0.2107,5.0,0.2102,10.0,27098.0,6681.0
2021-01-05 09:38:25.700,0.2103,0.2107,3.0,0.2102,58.0,27098.0,6681.0
2021-01-05 09:38:26.100,0.2103,0.2105,10.0,0.2101,13.0,27098.0,6681.0
2021-01-05 09:38:26.701,0.2107,0.211,10.0,0.2105,30.0,27099.0,6695.0
2021-01-05 09:38:27.151,0.2107,0.211,10.0,0.2107,10.0,27099.0,6695.0
2021-01-05 09:38:27.691,0.2107,0.211,10.0,0.2105,10.0,27099.0,6697.0
2021-01-05 09:38:28.171,0.2106,0.2106,7.0,0.2102,3.0,27102.0,6700.0
2021-01-05 09:38:28.680,0.2106,0.2108,10.0,0.2102,14.0,27102.0,6700.0
2021-01-05 09:38:29.191,0.2106,0.2109,13.0,0.2105,10.0,27102.0,6700.0
2021-01-05 09:38:29.621,0.2105,0.2107,10.0,0.2102,10.0,27092.0,6710.0
2021-01-05 09:38:30.190,0.2105,0.2106,10.0,0.21,1.0,27092.0,6710.0
2021-01-05 09:38:30.670,0.2105,0.2107,20.0,0.21,12.0,27092.0,6710.0
2021-01-05 09:38:31.181,0.2106,0.2106,3.0,0.21,1.0,27099.0,6717.0
2021-01-05 09:38:31.640,0.2106,0.2105,13.0,0.21,11.0,27099.0,6717.0
2021-01-05 09:38:32.090,0.2102,0.2102,9.0,0.21,1.0,27100.0,6718.0
2021-01-05 09:38:32.701,0.21,0.2102,7.0,0.21,30.0,27103.0,6721.0
2021-01-05 09:38:33.191,0.21,0.2099,5.0,0.2093,25.0,27103.0,6751.0
2021-01-05 09:38:33.700,0.209,0.2096,10.0,0.2091,13.0,27103.0,6783.0
2021-01-05 09:38:34.201,0.2091,0.2092,10.0,0.2085,15.0,27103.0,6787.0
2021-01-05 09:38:35.200,0.2091,0.209,10.0,0.2083,1.0,27103.0,6787.0
2021-01-05 09:38:35.700,0.2091,0.2088,10.0,0.2081,20.0,27103.0,6788.0
2021-01-05 09:38:36.130,0.2091,0.2088,15.0,0.2082,1.0,27103.0,6788.0
2021-01-05 09:38:36.691,0.2088,0.2087,15.0,0.208,24.0,27109.0,6794.0
2021-01-05 09:38:37.131,0.2088,0.2085,10.0,0.208,1.0,27109.0,6794.0
2021-01-05 09:38:37.680,0.2082,0.2083,1.0,0.2082,16.0,27109.0,6809.0
2021-01-05 09:38:37.970,0.2081,0.2081,3.0,0.208,1.0,27111.0,6826.0
2021-01-05 09:38:38.601,0.2079,0.208,3.0,0.2076,10.0,27112.0,6836.0
2021-01-05 09:38:39.161,0.2074,0.2078,10.0,0.2074,9.0,27112.0,6840.0
2021-01-05 09:38:39.411,0.2079,0.2078,10.0,0.2071,23.0,27118.0,6850.0
2021-01-05 09:38:40.141,0.2071,0.2072,10.0,0.2065,23.0,27121.0,6863.0
2021-01-05 09:38:40.591,0.2071,0.2072,10.0,0.2066,1.0,27121.0,6863.0
2021-01-05 09:38:41.140,0.2071,0.2075,15.0,0.207,10.0,27121.0,6863.0
2021-01-05 09:38:41.640,0.2071,0.2071,1.0,0.2066,10.0,27122.0,6865.0
2021-01-05 09:38:41.891,0.2071,0.2073,15.0,0.2069,10.0,27122.0,6866.0
2021-01-05 09:38:42.700,0.2073,0.2072,10.0,0.2067,10.0,27122.0,6881.0
2021-01-05 09:38:42.771,0.2072,0.2073,3.0,0.2072,15.0,27122.0,6892.0
2021-01-05 09:38:43.701,0.2072,0.2072,11.0,0.2068,13.0,27119.0,6914.0
2021-01-05 09:38:44.191,0.2072,0.2074,3.0,0.2072,11.0,27119.0,6925.0
2021-01-05 09:38:44.621,0.2074,0.2078,10.0,0.2075,15.0,27116.0,6928.0
2021-01-05 09:38:45.180,0.2075,0.2075,1.0,0.2074,12.0,27113.0,6955.0
2021-01-05 09:38:45.480,0.2075,0.2081,10.0,0.2075,4.0,27112.0,6956.0
2021-01-05 09:38:46.200,0.2075,0.208,10.0,0.2076,10.0,27112.0,6956.0
2021-01-05 09:38:46.521,0.208,0.208,9.0,0.2075,2.0,27112.0,6957.0
2021-01-05 09:38:47.140,0.208,0.2083,1.0,0.208,9.0,27112.0,6963.0
2021-01-05 09:38:47.691,0.2084,0.2084,7.0,0.208,8.0,27111.0,6968.0
2021-01-05 09:38:48.200,0.208,0.2087,3.0,0.2084,10.0,27111.0,6976.0
2021-01-05 09:38:48.650,0.2087,0.2091,48.0,0.2087,2.0,27108.0,6979.0
2021-01-05 09:38:49.130,0.2087,0.2091,10.0,0.2088,3.0,27108.0,6979.0
2021-01-05 09:38:49.670,0.2086,0.2086,4.0,0.2084,23.0,27107.0,7003.0
2021-01-05 09:38:50.091,0.209,0.2089,10.0,0.2084,20.0,27109.0,7012.0
2021-01-05 09:38:50.651,0.2089,0.2091,10.0,0.2089,6.0,27119.0,7022.0
2021-01-05 09:38:51.170,0.2088,0.2088,1.0,0.2084,1.0,27129.0,7032.0
2021-01-05 09:38:51.301,0.2084,0.2083,10.0,0.208,1.0,27131.0,7034.0
2021-01-05 09:38:52.140,0.2079,0.2082,10.0,0.2076,3.0,27132.0,7038.0
2021-01-05 09:38:52.450,0.2079,0.2079,20.0,0.2075,2.0,27132.0,7038.0
2021-01-05 09:38:52.951,0.2079,0.2079,20.0,0.2075,2.0,27132.0,7038.0
2021-01-05 09:38:53.620,0.2079,0.2079,40.0,0.2075,2.0,27132.0,7038.0
2021-01-05 09:38:54.150,0.2079,0.2078,2.0,0.2075,2.0,27132.0,7038.0
2021-01-05 09:38:54.640,0.2079,0.2077,10.0,0.2075,2.0,27132.0,7038.0
2021-01-05 09:38:55.191,0.2075,0.2079,53.0,0.2075,1.0,27132.0,7039.0
2021-01-05 09:38:55.650,0.2076,0.2076,1.0,0.2074,1.0,27143.0,7050.0
2021-01-05 09:38:56.190,0.2074,0.2074,2.0,0.2072,3.0,27144.0,7051.0
2021-01-05 09:38:56.661,0.2074,0.2075,10.0,0.2072,3.0,27144.0,7051.0
2021-01-05 09:38:57.181,0.2076,0.2079,20.0,0.2075,10.0,27146.0,7063.0
2021-01-05 09:38:57.640,0.2075,0.2078,13.0,0.2072,2.0,27146.0,7066.0
2021-01-05 09:38:58.161,0.2078,0.2079,20.0,0.2075,21.0,27144.0,7081.0
2021-01-05 09:38:58.670,0.2082,0.2085,23.0,0.2079,15.0,27148.0,7105.0
2021-01-05 09:38:59.060,0.208,0.2089,10.0,0.208,46.0,27148.0,7108.0
2021-01-05 09:39:00.111,0.208,0.2088,10.0,0.2082,10.0,27148.0,7108.0
2021-01-05 09:39:00.660,0.208,0.2088,10.0,0.2082,10.0,27148.0,7108.0
2021-01-05 09:39:01.160,0.2082,0.2084,10.0,0.2079,28.0,27148.0,7118.0
2021-01-05 09:39:01.700,0.2079,0.2084,10.0,0.2079,16.0,27148.0,7132.0
2021-01-05 09:39:02.170,0.2079,0.2087,12.0,0.2081,10.0,27148.0,7132.0
2021-01-05 09:39:02.660,0.2079,0.2082,20.0,0.2078,15.0,27148.0,7132.0
2021-01-05 09:39:03.150,0.2079,0.2086,3.0,0.2081,3.0,27148.0,7132.0
2021-01-05 09:39:03.671,0.2079,0.2086,3.0,0.2085,2.0,27148.0,7132.0
2021-01-05 09:39:04.161,0.2086,0.209,10.0,0.2085,2.0,27145.0,7135.0
2021-01-05 09:39:04.610,0.2086,0.2089,10.0,0.2086,7.0,27145.0,7135.0
2021-01-05 09:39:05.211,0.2089,0.2089,3.0,0.2086,5.0,27145.0,7142.0
2021-01-05 09:39:05.701,0.2086,0.2092,10.0,0.2085,2.0,27145.0,7146.0
2021-01-05 09:39:06.191,0.2085,0.209,10.0,0.2085,11.0,27145.0,7147.0
2021-01-05 09:39:06.650,0.2085,0.2089,1.0,0.2085,1.0,27145.0,7147.0
2021-01-05 09:39:07.200,0.2085,0.2091,10.0,0.2085,4.0,27145.0,7147.0
2021-01-05 09:39:07.680,0.2085,0.2089,10.0,0.2085,1.0,27145.0,7147.0
2021-01-05 09:39:08.131,0.2083,0.2091,20.0,0.2085,20.0,27146.0,7151.0
2021-01-05 09:39:08.690,0.2089,0.2089,9.0,0.2085,10.0,27147.0,7152.0
2021-01-05 09:39:09.161,0.2089,0.2087,10.0,0.2082,10.0,27147.0,7152.0
2021-01-05 09:39:09.601,0.2089,0.2085,10.0,0.208,3.0,27147.0,7152.0
2021-01-05 09:39:10.101,0.2082,0.2087,20.0,0.2082,18.0,27148.0,7155.0
2021-01-05 09:39:10.660,0.208,0.2081,1.0,0.2077,10.0,27149.0,7166.0
2021-01-05 09:39:11.201,0.2078,0.208,10.0,0.2075,15.0,27154.0,7171.0
2021-01-05 09:39:11.701,0.2078,0.208,10.0,0.2076,13.0,27154.0,7171.0
2021-01-05 09:39:12.150,0.2078,0.2085,40.0,0.2077,40.0,27154.0,7171.0
2021-01-05 09:39:12.690,0.2078,0.2083,10.0,0.2078,10.0,27154.0,7171.0
2021-01-05 09:39:13.170,0.2078,0.2083,10.0,0.2078,10.0,27154.0,7171.0
2021-01-05 09:39:13.720,0.2078,0.2087,13.0,0.2081,10.0,27154.0,7171.0
2021-01-05 09:39:14.160,0.2078,0.2082,2.0,0.208,1.0,27154.0,7171.0
2021-01-05 09:39:14.650,0.208,0.208,5.0,0.2077,20.0,27154.0,7172.0
2021-01-05 09:39:15.220,0.208,0.2079,10.0,0.2077,20.0,27154.0,7172.0
2021-01-05 09:39:15.720,0.208,0.208,18.0,0.2077,20.0,27154.0,7172.0
2021-01-05 09:39:16.121,0.208,0.208,8.0,0.2077,20.0,27154.0,7172.0
2021-01-05 09:39:16.711,0.208,0.208,18.0,0.2077,20.0,27154.0,7172.0
2021-01-05 09:39:17.191,0.208,0.208,33.0,0.2077,20.0,27154.0,7172.0
2021-01-05 09:39:17.641,0.208,0.2083,30.0,0.208,5.0,27149.0,7178.0
2021-01-05 09:39:18.221,0.208,0.2084,10.0,0.208,21.0,27150.0,7179.0
2021-01-05 09:39:18.671,0.2084,0.2085,20.0,0.2081,4.0,27156.0,7185.0
2021-01-05 09:39:19.710,0.2081,0.2084,28.0,0.208,6.0,27159.0,7189.0
2021-01-05 09:39:20.180,0.2082,0.2082,9.0,0.2077,20.0,27165.0,7196.0
2021-01-05 09:39:20.711,0.2077,0.208,9.0,0.2077,17.0,27166.0,7200.0
2021-01-05 09:39:21.231,0.2077,0.2081,1.0,0.2077,7.0,27166.0,7210.0
2021-01-05 09:39:21.671,0.2077,0.208,10.0,0.2077,7.0,27166.0,7210.0
2021-01-05 09:39:22.211,0.2077,0.208,10.0,0.2077,7.0,27166.0,7210.0
2021-01-05 09:39:22.651,0.2077,0.2077,2.0,0.2075,5.0,27161.0,7217.0
2021-01-05 09:39:23.150,0.2077,0.208,18.0,0.2077,1.0,27162.0,7220.0
2021-01-05 09:39:23.700,0.208,0.2083,14.0,0.2079,10.0,27159.0,7238.0
2021-01-05 09:39:24.151,0.2083,0.2082,20.0,0.2076,5.0,27161.0,7240.0
2021-01-05 09:39:24.211,0.2082,0.2082,29.0,0.2076,8.0,27162.0,7241.0
2021-01-05 09:39:25.060,0.2082,0.2081,3.0,0.2077,1.0,27162.0,7241.0
2021-01-05 09:39:25.700,0.2082,0.208,10.0,0.2077,1.0,27162.0,7241.0
2021-01-05 09:39:26.130,0.2082,0.208,10.0,0.2077,1.0,27162.0,7241.0
2021-01-05 09:39:26.681,0.2082,0.208,10.0,0.2077,1.0,27162.0,7241.0
2021-01-05 09:39:27.131,0.2077,0.2081,3.0,0.2076,5.0,27163.0,7242.0
2021-01-05 09:39:27.711,0.2077,0.2079,1.0,0.2076,15.0,27163.0,7242.0
2021-01-05 09:39:28.201,0.2079,0.2081,3.0,0.2076,30.0,27162.0,7243.0
2021-01-05 09:39:28.520,0.2079,0.2081,3.0,0.208,1.0,27162.0,7243.0
2021-01-05 09:39:28.960,0.208,0.2079,10.0,0.2076,5.0,27162.0,7244.0
2021-01-05 09:39:29.721,0.2079,0.2081,3.0,0.208,4.0,27162.0,7254.0
2021-01-05 09:39:29.970,0.2081,0.2087,3.0,0.2084,4.0,27162.0,7257.0
2021-01-05 09:39:30.520,0.2085,0.2085,10.0,0.2084,2.0,27162.0,7263.0
2021-01-05 09:39:31.121,0.2084,0.2089,20.0,0.2083,2.0,27162.0,7265.0
2021-01-05 09:39:31.690,0.2084,0.2089,13.0,0.2083,2.0,27160.0,7270.0
2021-01-05 09:39:32.120,0.2089,0.2088,10.0,0.2083,2.0,27161.0,7271.0
2021-01-05 09:39:32.700,0.2086,0.2086,8.0,0.2081,2.0,27161.0,7275.0
2021-01-05 09:39:33.180,0.2086,0.2086,18.0,0.2081,2.0,27161.0,7275.0
2021-01-05 09:39:33.530,0.2086,0.2086,31.0,0.2081,2.0,27161.0,7275.0
2021-01-05 09:39:33.530,0.2086,0.2086,8.0,0.2081,5.0,27161.0,7275.0
2021-01-05 09:39:34.681,0.2086,0.2088,36.0,0.2082,10.0,27161.0,7275.0
2021-01-05 09:39:35.171,0.2086,0.2088,23.0,0.2082,10.0,27161.0,7275.0
2021-01-05 09:39:35.701,0.2086,0.2088,23.0,0.2084,10.0,27161.0,7275.0
2021-01-05 09:39:36.231,0.2086,0.2087,10.0,0.2081,13.0,27161.0,7275.0
2021-01-05 09:39:36.660,0.2086,0.2087,10.0,0.2084,10.0,27161.0,7275.0
2021-01-05 09:39:37.221,0.2084,0.2088,3.0,0.2084,6.0,27161.0,7279.0
2021-01-05 09:39:37.730,0.2084,0.2088,3.0,0.2084,6.0,27161.0,7279.0
2021-01-05 09:39:38.221,0.2084,0.2088,3.0,0.2084,9.0,27161.0,7279.0
2021-01-05 09:39:38.650,0.2088,0.209,10.0,0.2084,9.0,27160.0,7280.0
2021-01-05 09:39:39.241,0.2088,0.2087,15.0,0.2083,5.0,27160.0,7280.0
2021-01-05 09:39:39.491,0.2088,0.2085,1.0,0.2083,5.0,27160.0,7280.0
2021-01-05 09:39:40.200,0.2087,0.2088,10.0,0.2085,50.0,27160.0,7282.0
2021-01-05 09:39:40.561,0.2085,0.2089,10.0,0.2085,45.0,27160.0,7293.0
2021-01-05 09:39:41.220,0.2089,0.2094,3.0,0.2088,10.0,27160.0,7303.0
2021-01-05 09:39:41.750,0.2085,0.2087,10.0,0.2085,34.0,27136.0,7347.0
2021-01-05 09:39:42.210,0.2088,0.2091,15.0,0.2088,10.0,27139.0,7356.0
2021-01-05 09:39:42.580,0.2091,0.2093,3.0,0.2087,20.0,27139.0,7361.0
2021-01-05 09:39:43.170,0.2091,0.2093,3.0,0.209,10.0,27139.0,7361.0
2021-01-05 09:39:43.570,0.2091,0.2092,5.0,0.2091,10.0,27139.0,7361.0
2021-01-05 09:39:44.231,0.2091,0.2091,1.0,0.209,10.0,27139.0,7361.0
2021-01-05 09:39:44.680,0.2092,0.2092,16.0,0.2087,20.0,27137.0,7364.0
2021-01-05 09:39:45.251,0.2087,0.209,10.0,0.2087,9.0,27137.0,7365.0
2021-01-05 09:39:45.750,0.2087,0.2087,1.0,0.2083,6.0,27137.0,7376.0
2021-01-05 09:39:46.190,0.2083,0.2086,28.0,0.2083,3.0,27143.0,7382.0
2021-01-05 09:39:46.691,0.2085,0.2083,1.0,0.2078,5.0,27183.0,7425.0
2021-01-05 09:39:47.250,0.2085,0.2083,13.0,0.2078,5.0,27183.0,7425.0
2021-01-05 09:39:47.731,0.2085,0.2083,13.0,0.208,10.0,27183.0,7425.0
2021-01-05 09:39:48.140,0.2085,0.2083,53.0,0.2081,10.0,27183.0,7425.0
2021-01-05 09:39:48.711,0.2083,0.2083,59.0,0.2078,15.0,27183.0,7430.0
2021-01-05 09:39:49.241,0.2083,0.2082,11.0,0.2078,5.0,27183.0,7430.0
2021-01-05 09:39:49.531,0.2083,0.2081,10.0,0.2078,5.0,27183.0,7430.0
2021-01-05 09:39:50.121,0.2078,0.2083,72.0,0.208,2.0,27188.0,7435.0
2021-01-05 09:39:50.701,0.2076,0.2078,1.0,0.2075,42.0,27195.0,7442.0
2021-01-05 09:39:51.241,0.2077,0.2077,13.0,0.2069,10.0,27268.0,7522.0
2021-01-05 09:39:51.291,0.2069,0.2069,10.0,0.2067,5.0,27268.0,7524.0
2021-01-05 09:39:52.180,0.2067,0.2072,13.0,0.2069,1.0,27262.0,7538.0
2021-01-05 09:39:52.601,0.2072,0.2075,10.0,0.2073,5.0,27262.0,7551.0
2021-01-05 09:39:53.181,0.2075,0.2076,3.0,0.2074,10.0,27262.0,7561.0
2021-01-05 09:39:53.630,0.2078,0.2083,63.0,0.208,10.0,27259.0,7579.0
2021-01-05 09:39:54.091,0.208,0.208,6.0,0.2076,1.0,27259.0,7589.0
2021-01-05 09:39:54.691,0.2077,0.208,6.0,0.2074,10.0,27259.0,7593.0
2021-01-05 09:39:55.181,0.2075,0.2073,10.0,0.2071,15.0,27259.0,7613.0
2021-01-05 09:39:55.430,0.2075,0.2074,8.0,0.2072,10.0,27259.0,7613.0
2021-01-05 09:39:56.120,0.2068,0.2069,12.0,0.2067,1.0,27262.0,7623.0
2021-01-05 09:39:56.691,0.2069,0.2073,13.0,0.207,11.0,27261.0,7637.0
2021-01-05 09:39:57.181,0.2073,0.2074,17.0,0.2073,1.0,27261.0,7642.0
2021-01-05 09:39:57.551,0.2074,0.2074,2.0,0.2073,1.0,27262.0,7644.0
2021-01-05 09:39:58.170,0.2074,0.2078,15.0,0.2074,3.0,27262.0,7646.0
2021-01-05 09:39:58.600,0.2079,0.2079,15.0,0.2074,16.0,27264.0,7651.0
2021-01-05 09:39:59.050,0.2079,0.2078,13.0,0.2074,3.0,27264.0,7651.0
2021-01-05 09:39:59.670,0.2079,0.2079,35.0,0.2073,10.0,27264.0,7651.0
2021-01-05 09:40:00.181,0.2079,0.2079,10.0,0.2073,33.0,27264.0,7651.0
2021-01-05 09:40:00.610,0.2079,0.2078,10.0,0.2073,23.0,27264.0,7651.0
2021-01-05 09:40:01.201,0.2079,0.2079,3.0,0.2074,10.0,27264.0,7651.0
2021-01-05 09:40:01.570,0.2079,0.208,1.0,0.2078,10.0,27264.0,7651.0
2021-01-05 09:40:02.200,0.2081,0.2083,63.0,0.208,2.0,27264.0,7656.0
2021-01-05 09:40:02.671,0.2083,0.2083,25.0,0.2082,10.0,27241.0,7679.0
2021-01-05 09:40:03.171,0.2082,0.2085,10.0,0.2081,3.0,27216.0,7716.0
2021-01-05 09:40:03.691,0.2082,0.2086,10.0,0.2082,3.0,27216.0,7716.0
2021-01-05 09:40:04.160,0.2083,0.2083,9.0,0.2079,3.0,27220.0,7720.0
2021-01-05 09:40:04.700,0.2083,0.2085,5.0,0.2083,8.0,27220.0,7720.0
2021-01-05 09:40:05.170,0.2083,0.2085,3.0,0.2083,8.0,27220.0,7720.0
2021-01-05 09:40:05.701,0.2085,0.2086,20.0,0.2083,8.0,27219.0,7721.0
2021-01-05 09:40:06.200,0.2085,0.2086,10.0,0.2083,3.0,27219.0,7721.0
2021-01-05 09:40:06.701,0.2085,0.2086,10.0,0.2081,10.0,27219.0,7721.0
2021-01-05 09:40:07.191,0.2085,0.2087,3.0,0.2082,1.0,27219.0,7721.0
2021-01-05 09:40:07.700,0.2087,0.2087,2.0,0.2083,5.0,27218.0,7722.0
2021-01-05 09:40:08.200,0.2087,0.209,20.0,0.2086,10.0,27216.0,7724.0
2021-01-05 09:40:08.690,0.2087,0.2092,10.0,0.209,11.0,27216.0,7724.0
2021-01-05 09:40:09.191,0.2087,0.2093,13.0,0.209,14.0,27216.0,7724.0
2021-01-05 09:40:09.441,0.2093,0.2095,15.0,0.2091,12.0,27215.0,7725.0
2021-01-05 09:40:10.150,0.2091,0.209,10.0,0.2087,1.0,27217.0,7737.0
2021-01-05 09:40:10.680,0.2088,0.2089,20.0,0.2087,1.0,27217.0,7738.0
2021-01-05 09:40:11.170,0.2084,0.2087,2.0,0.2084,9.0,27220.0,7743.0
2021-01-05 09:40:11.671,0.2084,0.2087,2.0,0.2084,9.0,27220.0,7743.0
2021-01-05 09:40:12.190,0.2084,0.209,2.0,0.2088,2.0,27220.0,7743.0
2021-01-05 09:40:12.380,0.209,0.2099,50.0,0.2091,5.0,27220.0,7745.0
2021-01-05 09:40:13.170,0.209,0.2097,20.0,0.2092,5.0,27220.0,7745.0
2021-01-05 09:40:13.700,0.2097,0.2099,28.0,0.2096,10.0,27220.0,7746.0
2021-01-05 09:40:14.150,0.2097,0.2099,8.0,0.2097,2.0,27220.0,7746.0
2021-01-05 09:40:14.701,0.2099,0.2099,6.0,0.2097,12.0,27220.0,7748.0
2021-01-05 09:40:15.191,0.2099,0.2099,5.0,0.2097,12.0,27220.0,7749.0
2021-01-05 09:40:15.690,0.2099,0.2099,5.0,0.2096,10.0,27220.0,7749.0
2021-01-05 09:40:16.140,0.2099,0.2099,5.0,0.2095,35.0,27220.0,7749.0
2021-01-05 09:40:16.610,0.2099,0.2097,1.0,0.2093,15.0,27220.0,7749.0
2021-01-05 09:40:17.191,0.2097,0.2099,5.0,0.2095,10.0,27219.0,7750.0
2021-01-05 09:40:17.661,0.2095,0.2099,4.0,0.2095,23.0,27219.0,7754.0
2021-01-05 09:40:18.161,0.2095,0.2099,4.0,0.2095,7.0,27219.0,7754.0
2021-01-05 09:40:18.701,0.2095,0.2099,4.0,0.2095,17.0,27219.0,7754.0
2021-01-05 09:40:19.190,0.2095,0.2099,4.0,0.2095,3.0,27219.0,7758.0
2021-01-05 09:40:19.711,0.2095,0.2095,4.0,0.2093,15.0,27219.0,7761.0
2021-01-05 09:40:20.191,0.2085,0.2089,1.0,0.2086,15.0,27190.0,7821.0
2021-01-05 09:40:20.691,0.2089,0.2086,2.0,0.2082,12.0,27188.0,7825.0
2021-01-05 09:40:21.200,0.2082,0.2086,2.0,0.2081,10.0,27190.0,7837.0
2021-01-05 09:40:21.701,0.2082,0.2086,2.0,0.2081,10.0,27190.0,7837.0
2021-01-05 09:40:22.210,0.2082,0.2086,2.0,0.2082,5.0,27190.0,7842.0
2021-01-05 09:40:22.591,0.2082,0.2087,10.0,0.208,17.0,27190.0,7842.0
2021-01-05 09:40:23.150,0.2082,0.2085,5.0,0.208,2.0,27190.0,7842.0
2021-01-05 09:40:23.680,0.208,0.2084,15.0,0.208,1.0,27191.0,7843.0
2021-01-05 09:40:24.160,0.208,0.208,1.0,0.2079,3.0,27192.0,7844.0
2021-01-05 09:40:24.681,0.208,0.2086,37.0,0.2079,28.0,27192.0,7845.0
2021-01-05 09:40:24.911,0.208,0.2086,12.0,0.2081,10.0,27192.0,7845.0
2021-01-05 09:40:25.551,0.208,0.2085,15.0,0.2079,13.0,27192.0,7845.0
2021-01-05 09:40:26.181,0.208,0.2086,12.0,0.2082,10.0,27192.0,7845.0
2021-01-05 09:40:26.621,0.208,0.2086,22.0,0.2079,21.0,27192.0,7845.0
2021-01-05 09:40:27.090,0.2079,0.2082,10.0,0.2078,20.0,27198.0,7865.0
2021-01-05 09:40:27.701,0.2079,0.2078,13.0,0.2074,10.0,27198.0,7865.0
2021-01-05 09:40:28.110,0.2078,0.2082,15.0,0.2077,10.0,27198.0,7878.0
2021-01-05 09:40:28.690,0.2078,0.2083,20.0,0.2076,10.0,27198.0,7878.0
2021-01-05 09:40:29.170,0.2078,0.2083,50.0,0.2076,23.0,27198.0,7878.0
2021-01-05 09:40:30.150,0.208,0.208,6.0,0.2075,10.0,27204.0,7884.0
2021-01-05 09:40:30.160,0.208,0.208,2.0,0.2075,10.0,27204.0,7884.0
2021-01-05 09:40:31.101,0.208,0.2079,1.0,0.2076,3.0,27204.0,7884.0
2021-01-05 09:40:31.631,0.2079,0.2082,10.0,0.2081,7.0,27204.0,7885.0
2021-01-05 09:40:31.991,0.2081,0.2081,3.0,0.2076,8.0,27208.0,7892.0
2021-01-05 09:40:32.611,0.2082,0.2084,10.0,0.2083,4.0,27208.0,7905.0
2021-01-05 09:40:33.191,0.2082,0.2088,10.0,0.2084,10.0,27208.0,7905.0
2021-01-05 09:40:33.430,0.2082,0.2092,30.0,0.209,4.0,27208.0,7905.0
2021-01-05 09:40:34.171,0.209,0.209,1.0,0.2086,10.0,27208.0,7909.0
2021-01-05 09:40:34.561,0.209,0.209,1.0,0.2084,20.0,27208.0,7909.0
2021-01-05 09:40:35.201,0.209,0.2086,10.0,0.2084,10.0,27208.0,7909.0
2021-01-05 09:40:35.681,0.209,0.2084,8.0,0.2081,10.0,27208.0,7909.0
2021-01-05 09:40:36.161,0.2078,0.2084,12.0,0.2078,15.0,27208.0,7939.0
2021-01-05 09:40:36.620,0.2078,0.2084,11.0,0.2079,3.0,27208.0,7939.0
2021-01-05 09:40:37.201,0.2084,0.2084,9.0,0.2079,3.0,27210.0,7941.0
2021-01-05 09:40:37.700,0.2084,0.2084,19.0,0.2079,3.0,27210.0,7941.0
2021-01-05 09:40:38.090,0.2084,0.2084,8.0,0.2081,10.0,27210.0,7941.0
2021-01-05 09:40:38.651,0.2084,0.2087,20.0,0.2084,2.0,27210.0,7941.0
2021-01-05 09:40:39.041,0.2084,0.2087,10.0,0.2084,2.0,27210.0,7941.0
2021-01-05 09:40:39.681,0.2084,0.2087,10.0,0.2084,17.0,27210.0,7941.0
2021-01-05 09:40:40.061,0.2084,0.2092,20.0,0.2085,40.0,27210.0,7941.0
2021-01-05 09:40:40.670,0.2092,0.2092,25.0,0.2086,15.0,27210.0,7946.0
2021-01-05 09:40:41.191,0.2092,0.2092,5.0,0.2086,40.0,27210.0,7946.0
2021-01-05 09:40:41.621,0.2092,0.2094,13.0,0.2087,43.0,27210.0,7946.0
2021-01-05 09:40:42.180,0.2092,0.2091,5.0,0.2087,14.0,27210.0,7946.0
2021-01-05 09:40:42.201,0.2092,0.2093,13.0,0.2088,3.0,27210.0,7946.0
2021-01-05 09:40:43.191,0.2092,0.2093,13.0,0.2088,3.0,27210.0,7946.0
2021-01-05 09:40:43.500,0.2092,0.2093,3.0,0.2088,3.0,27210.0,7946.0
2021-01-05 09:40:44.161,0.2093,0.2093,2.0,0.2088,6.0,27209.0,7947.0
2021-01-05 09:40:44.610,0.2093,0.2093,2.0,0.2087,40.0,27209.0,7947.0
2021-01-05 09:40:45.131,0.2093,0.2093,2.0,0.2088,1.0,27209.0,7947.0
2021-01-05 09:40:45.621,0.2093,0.2093,2.0,0.2088,2.0,27209.0,7947.0
2021-01-05 09:40:46.161,0.2093,0.2093,2.0,0.2088,2.0,27209.0,7947.0
2021-01-05 09:40:46.581,0.2093,0.2093,2.0,0.2088,2.0,27209.0,7947.0
2021-01-05 09:40:47.211,0.2093,0.2094,13.0,0.2093,8.0,27209.0,7949.0
2021-01-05 09:40:47.611,0.2093,0.2094,13.0,0.2093,3.0,27214.0,7954.0
2021-01-05 09:40:48.160,0.2088,0.2093,8.0,0.2088,24.0,27216.0,7958.0
2021-01-05 09:40:48.600,0.2093,0.2093,5.0,0.2091,10.0,27219.0,7961.0
2021-01-05 09:40:49.111,0.2093,0.2091,1.0,0.2087,10.0,27219.0,7961.0
2021-01-05 09:40:49.640,0.2093,0.2091,2.0,0.2088,1.0,27219.0,7961.0
2021-01-05 09:40:49.960,0.2093,0.2094,13.0,0.2088,16.0,27219.0,7961.0
2021-01-05 09:40:50.671,0.2093,0.2093,1.0,0.2091,1.0,27219.0,7961.0
2021-01-05 09:40:51.021,0.2093,0.2093,1.0,0.2091,1.0,27219.0,7961.0
2021-01-05 09:40:51.601,0.2093,0.2093,1.0,0.2089,10.0,27219.0,7961.0
2021-01-05 09:40:52.081,0.2093,0.2093,1.0,0.2091,3.0,27219.0,7961.0
2021-01-05 09:40:52.650,0.2093,0.2093,1.0,0.2091,1.0,27219.0,7961.0
2021-01-05 09:40:53.140,0.2093,0.2093,15.0,0.2089,8.0,27219.0,7966.0
2021-01-05 09:40:53.611,0.2094,0.2096,10.0,0.2094,1.0,27219.0,7969.0
2021-01-05 09:40:54.141,0.2094,0.2094,11.0,0.209,4.0,27220.0,7973.0
2021-01-05 09:40:54.521,0.2098,0.2093,2.0,0.2092,10.0,27230.0,7983.0
2021-01-05 09:40:55.111,0.2092,0.2093,2.0,0.209,1.0,27230.0,7985.0
2021-01-05 09:40:55.111,0.2092,0.2092,20.0,0.209,1.0,27230.0,7985.0
2021-01-05 09:40:56.121,0.209,0.209,2.0,0.2088,13.0,27230.0,7986.0
2021-01-05 09:40:56.600,0.2088,0.2089,15.0,0.2083,15.0,27230.0,7987.0
2021-01-05 09:40:57.180,0.2088,0.2089,15.0,0.2082,16.0,27230.0,7987.0
2021-01-05 09:40:57.220,0.2089,0.2092,25.0,0.2089,6.0,27231.0,7988.0
2021-01-05 09:40:57.710,0.2089,0.2092,10.0,0.2089,6.0,27231.0,7988.0
2021-01-05 09:40:58.721,0.2089,0.2093,52.0,0.2089,6.0,27231.0,7988.0
2021-01-05 09:40:58.980,0.2089,0.2091,10.0,0.2089,6.0,27231.0,7988.0
2021-01-05 09:40:59.650,0.2092,0.2093,2.0,0.209,4.0,27235.0,7992.0
2021-01-05 09:41:00.150,0.2092,0.2093,2.0,0.2089,6.0,27235.0,7992.0
2021-01-05 09:41:00.571,0.2092,0.2092,15.0,0.2089,6.0,27235.0,7992.0
2021-01-05 09:41:00.980,0.2092,0.209,20.0,0.2089,6.0,27235.0,7992.0
2021-01-05 09:41:01.441,0.2092,0.2093,5.0,0.2089,6.0,27235.0,7992.0
2021-01-05 09:41:02.190,0.2092,0.2093,5.0,0.2089,9.0,27235.0,7992.0
2021-01-05 09:41:02.661,0.2092,0.2092,10.0,0.2089,9.0,27235.0,7992.0
2021-01-05 09:41:03.110,0.2089,0.2088,20.0,0.2083,10.0,27235.0,7998.0
2021-01-05 09:41:03.640,0.2088,0.2088,10.0,0.2085,10.0,27236.0,7999.0
2021-01-05 09:41:04.180,0.2088,0.2088,13.0,0.2083,4.0,27248.0,8025.0
2021-01-05 09:41:04.680,0.2089,0.2089,6.0,0.2083,4.0,27266.0,8046.0
2021-01-05 09:41:05.220,0.2092,0.2092,3.0,0.209,1.0,27273.0,8056.0
2021-01-05 09:41:05.660,0.209,0.2091,10.0,0.2086,10.0,27273.0,8057.0
2021-01-05 09:41:06.180,0.209,0.2089,14.0,0.2084,20.0,27273.0,8057.0
2021-01-05 09:41:06.620,0.2084,0.2086,30.0,0.2084,10.0,27273.0,8066.0
2021-01-05 09:41:06.960,0.2088,0.2086,10.0,0.2083,54.0,27300.0,8106.0
2021-01-05 09:41:07.611,0.2088,0.2084,10.0,0.2083,54.0,27300.0,8106.0
2021-01-05 09:41:08.130,0.2083,0.2084,10.0,0.2082,3.0,27354.0,8160.0
2021-01-05 09:41:08.651,0.2082,0.2084,10.0,0.2081,1.0,27357.0,8163.0
2021-01-05 09:41:08.850,0.2085,0.2083,2.0,0.2081,11.0,27353.0,8167.0
2021-01-05 09:41:09.650,0.2085,0.2082,10.0,0.2081,1.0,27353.0,8167.0
2021-01-05 09:41:10.220,0.2081,0.2081,8.0,0.2079,10.0,27354.0,8168.0
2021-01-05 09:41:10.691,0.208,0.2081,9.0,0.208,1.0,27363.0,8177.0
2021-01-05 09:41:11.140,0.208,0.208,3.0,0.2076,2.0,27364.0,8178.0
2021-01-05 09:41:11.711,0.2079,0.208,3.0,0.2077,13.0,27364.0,8179.0
2021-01-05 09:41:12.151,0.2079,0.2079,1.0,0.2078,15.0,27364.0,8179.0
2021-01-05 09:41:12.351,0.208,0.2081,1.0,0.2079,1.0,27362.0,8188.0
2021-01-05 09:41:12.800,0.2081,0.2087,10.0,0.2083,3.0,27362.0,8189.0
2021-01-05 09:41:13.670,0.2089,0.2089,7.0,0.2087,1.0,27362.0,8193.0
2021-01-05 09:41:14.160,0.208,0.2082,10.0,0.2076,13.0,27360.0,8222.0
2021-01-05 09:41:14.671,0.2082,0.2087,10.0,0.2083,11.0,27360.0,8231.0
2021-01-05 09:41:14.981,0.2083,0.209,23.0,0.2084,25.0,27360.0,8233.0
2021-01-05 09:41:15.371,0.2083,0.209,13.0,0.2085,15.0,27360.0,8233.0
2021-01-05 09:41:16.210,0.2083,0.209,13.0,0.2087,10.0,27360.0,8233.0
2021-01-05 09:41:16.500,0.2083,0.2088,10.0,0.2087,10.0,27360.0,8233.0
2021-01-05 09:41:17.180,0.2082,0.2087,13.0,0.2083,10.0,27375.0,8258.0
2021-01-05 09:41:17.670,0.2082,0.2087,13.0,0.2082,10.0,27375.0,8258.0
2021-01-05 09:41:18.141,0.2082,0.2087,13.0,0.2085,10.0,27375.0,8258.0
2021-01-05 09:41:18.600,0.2085,0.2087,13.0,0.2084,10.0,27375.0,8259.0
2021-01-05 09:41:19.161,0.2085,0.2084,1.0,0.2079,22.0,27375.0,8259.0
2021-01-05 09:41:19.520,0.2085,0.2084,1.0,0.2079,12.0,27375.0,8259.0
2021-01-05 09:41:19.960,0.2085,0.2086,10.0,0.2082,10.0,27375.0,8259.0
2021-01-05 09:41:20.721,0.2085,0.2086,10.0,0.2082,10.0,27375.0,8259.0
2021-01-05 09:41:21.190,0.2085,0.2085,15.0,0.2082,10.0,27375.0,8259.0
2021-01-05 09:41:21.460,0.2082,0.2084,1.0,0.2082,2.0,27375.0,8267.0
2021-01-05 09:41:22.190,0.2082,0.2081,15.0,0.208,10.0,27375.0,8269.0
2021-01-05 09:41:22.700,0.2082,0.2081,5.0,0.2079,2.0,27375.0,8269.0
2021-01-05 09:41:23.061,0.2082,0.2082,1.0,0.2081,10.0,27375.0,8269.0
2021-01-05 09:41:23.610,0.2082,0.2084,10.0,0.2081,5.0,27375.0,8270.0
2021-01-05 09:41:24.150,0.2082,0.2085,3.0,0.2081,15.0,27375.0,8270.0
2021-01-05 09:41:24.651,0.2081,0.2084,20.0,0.2081,2.0,27380.0,8283.0
2021-01-05 09:41:24.761,0.2081,0.2081,2.0,0.2079,2.0,27380.0,8285.0
2021-01-05 09:41:25.641,0.2079,0.2079,2.0,0.2076,23.0,27382.0,8287.0
2021-01-05 09:41:26.190,0.2076,0.2078,5.0,0.2076,10.0,27385.0,8292.0
2021-01-05 09:41:26.670,0.2076,0.2078,5.0,0.2074,30.0,27385.0,8292.0
2021-01-05 09:41:27.131,0.2078,0.2078,3.0,0.2074,10.0,27386.0,8293.0
2021-01-05 09:41:27.570,0.2078,0.2077,10.0,0.2076,1.0,27386.0,8293.0
2021-01-05 09:41:28.050,0.2076,0.2078,13.0,0.2077,6.0,27391.0,8298.0
2021-01-05 09:41:28.540,0.2076,0.2078,13.0,0.2077,6.0,27391.0,8298.0
2021-01-05 09:41:29.001,0.2077,0.2078,3.0,0.2077,2.0,27395.0,8302.0
2021-01-05 09:41:29.690,0.2077,0.2078,3.0,0.2077,1.0,27396.0,8303.0
2021-01-05 09:41:30.180,0.2077,0.2076,4.0,0.2072,28.0,27397.0,8304.0
2021-01-05 09:41:30.240,0.2077,0.2077,10.0,0.2072,3.0,27397.0,8304.0
2021-01-05 09:41:31.181,0.2077,0.2077,13.0,0.2073,10.0,27397.0,8304.0
2021-01-05 09:41:31.700,0.2077,0.2077,12.0,0.2073,10.0,27397.0,8305.0
2021-01-05 09:41:32.220,0.2077,0.2077,12.0,0.2073,10.0,27397.0,8305.0
2021-01-05 09:41:32.641,0.2077,0.2078,13.0,0.2075,10.0,27396.0,8306.0
2021-01-05 09:41:33.000,0.2078,0.2078,21.0,0.2072,1.0,27397.0,8310.0
2021-01-05 09:41:33.621,0.2078,0.2079,2.0,0.2074,10.0,27397.0,8310.0
2021-01-05 09:41:33.990,0.2078,0.2082,10.0,0.2075,35.0,27397.0,8310.0
2021-01-05 09:41:34.681,0.2075,0.2078,4.0,0.2075,15.0,27397.0,8315.0
2021-01-05 09:41:35.221,0.2075,0.2078,5.0,0.2074,8.0,27397.0,8315.0
2021-01-05 09:41:35.721,0.2074,0.2075,3.0,0.2074,6.0,27399.0,8317.0
2021-01-05 09:41:35.811,0.2073,0.2073,2.0,0.2072,1.0,27406.0,8324.0
2021-01-05 09:41:36.501,0.2064,0.2071,10.0,0.2065,25.0,27409.0,8341.0
2021-01-05 09:41:37.210,0.2069,0.2073,4.0,0.2068,10.0,27407.0,8343.0
2021-01-05 09:41:37.711,0.2069,0.207,9.0,0.2061,25.0,27407.0,8343.0
2021-01-05 09:41:38.220,0.2069,0.2068,1.0,0.2065,10.0,27407.0,8343.0
2021-01-05 09:41:38.650,0.207,0.207,17.0,0.2067,9.0,27405.0,8346.0
2021-01-05 09:41:39.221,0.207,0.207,2.0,0.2066,10.0,27405.0,8346.0
2021-01-05 09:41:39.501,0.207,0.207,2.0,0.2067,1.0,27405.0,8346.0
2021-01-05 09:41:40.231,0.2071,0.2074,26.0,0.207,7.0,27403.0,8349.0
2021-01-05 09:41:40.721,0.2074,0.2074,8.0,0.207,7.0,27402.0,8352.0
2021-01-05 09:41:40.990,0.2075,0.2075,10.0,0.207,7.0,27402.0,8353.0
2021-01-05 09:41:41.730,0.2075,0.2077,15.0,0.2072,10.0,27402.0,8353.0
2021-01-05 09:41:42.101,0.2075,0.2076,3.0,0.2072,10.0,27402.0,8353.0
2021-01-05 09:41:42.690,0.2076,0.2079,10.0,0.2073,15.0,27402.0,8356.0
2021-01-05 09:41:43.071,0.2076,0.2079,10.0,0.2073,15.0,27402.0,8356.0
2021-01-05 09:41:43.720,0.2076,0.2079,10.0,0.2073,10.0,27402.0,8356.0
2021-01-05 09:41:44.220,0.2076,0.2079,10.0,0.2073,10.0,27402.0,8356.0
2021-01-05 09:41:44.671,0.2076,0.2077,10.0,0.2072,10.0,27402.0,8356.0
2021-01-05 09:41:45.171,0.2076,0.2076,20.0,0.2069,20.0,27402.0,8356.0
2021-01-05 09:41:45.701,0.2076,0.2079,13.0,0.2073,10.0,27402.0,8356.0
2021-01-05 09:41:46.191,0.2076,0.2076,10.0,0.2072,10.0,27402.0,8356.0
2021-01-05 09:41:46.661,0.2076,0.2079,13.0,0.2071,40.0,27402.0,8356.0
2021-01-05 09:41:47.201,0.2074,0.2074,19.0,0.2068,15.0,27403.0,8357.0
2021-01-05 09:41:47.710,0.2074,0.2074,19.0,0.2071,5.0,27403.0,8357.0
2021-01-05 09:41:48.181,0.2071,0.207,7.0,0.2065,10.0,27408.0,8362.0
2021-01-05 09:41:48.740,0.2071,0.2069,1.0,0.2065,10.0,27408.0,8362.0
2021-01-05 09:41:49.191,0.207,0.2071,3.0,0.207,10.0,27406.0,8366.0
2021-01-05 09:41:49.451,0.2066,0.2068,17.0,0.2062,35.0,27406.0,8377.0
