,last,ask1,asize1,bid1,bsize1,oi,volume
2021-01-05 09:25:00.080,,0.053,1.0,0.049,1.0,11651.0,
2021-01-05 09:30:00.451,,0.0525,5.0,0.0489,1.0,11651.0,
2021-01-05 09:30:00.991,0.0525,0.0529,11.0,0.0482,1.0,11656.0,5.0
2021-01-05 09:30:02.440,0.0525,0.0529,11.0,0.0482,1.0,11656.0,5.0
2021-01-05 09:30:03.980,0.0525,0.0529,11.0,0.0509,20.0,11656.0,5.0
2021-01-05 09:30:04.430,0.0525,0.0529,11.0,0.0511,20.0,11656.0,5.0
2021-01-05 09:30:05.010,0.0525,0.0529,11.0,0.0513,20.0,11656.0,5.0
2021-01-05 09:30:05.481,0.0529,0.0535,1.0,0.0513,20.0,11666.0,16.0
2021-01-05 09:30:05.990,0.0529,0.0535,1.0,0.0513,20.0,11666.0,16.0
2021-01-05 09:30:06.480,0.0529,0.0535,1.0,0.0518,20.0,11666.0,16.0
2021-01-05 09:30:06.971,0.0529,0.0535,1.0,0.0529,11.0,11666.0,16.0
2021-01-05 09:30:07.471,0.0535,0.0538,1.0,0.0529,31.0,11667.0,17.0
2021-01-05 09:30:11.980,0.0535,0.0538,1.0,0.0529,20.0,11667.0,17.0
2021-01-05 09:30:12.521,0.0535,0.0538,1.0,0.0523,20.0,11667.0,17.0
2021-01-05 09:30:13.000,0.0535,0.0538,1.0,0.052,20.0,11667.0,17.0
2021-01-05 09:30:17.021,0.0535,0.0538,1.0,0.0518,20.0,11667.0,17.0
2021-01-05 09:30:18.231,0.0535,0.0538,1.0,0.0482,1.0,11667.0,17.0
2021-01-05 09:30:18.750,0.0535,0.0538,1.0,0.0515,20.0,11667.0,17.0
2021-01-05 09:30:21.241,0.0535,0.0538,1.0,0.0517,20.0,11667.0,17.0
2021-01-05 09:30:22.240,0.0535,0.0538,1.0,0.0518,20.0,11667.0,17.0
2021-01-05 09:30:24.161,0.0535,0.0538,1.0,0.052,20.0,11667.0,17.0
2021-01-05 09:30:25.160,0.0535,0.0538,1.0,0.052,20.0,11667.0,17.0
2021-01-05 09:30:25.671,0.0535,0.0538,1.0,0.0522,20.0,11667.0,17.0
2021-01-05 09:30:27.671,0.0535,0.0538,1.0,0.052,20.0,11667.0,17.0
2021-01-05 09:30:30.620,0.0535,0.0538,1.0,0.052,20.0,11667.0,17.0
2021-01-05 09:30:31.661,0.0535,0.0538,1.0,0.0517,20.0,11667.0,17.0
2021-01-05 09:30:32.140,0.0535,0.0538,1.0,0.0517,20.0,11667.0,17.0
2021-01-05 09:30:40.170,0.0535,0.0538,11.0,0.0517,20.0,11667.0,17.0
2021-01-05 09:30:40.690,0.0535,0.0538,21.0,0.0517,20.0,11667.0,17.0
2021-01-05 09:30:42.671,0.0538,0.0538,17.0,0.0517,20.0,11667.0,21.0
2021-01-05 09:30:43.180,0.0538,0.0538,17.0,0.0515,20.0,11667.0,21.0
2021-01-05 09:30:43.180,0.0538,0.0538,17.0,0.0517,10.0,11667.0,21.0
2021-01-05 09:30:44.181,0.0538,0.0538,27.0,0.0517,30.0,11667.0,21.0
2021-01-05 09:30:46.200,0.0538,0.0538,27.0,0.0517,30.0,11667.0,21.0
2021-01-05 09:30:47.691,0.0538,0.0538,27.0,0.0517,30.0,11667.0,21.0
2021-01-05 09:30:59.640,0.0538,0.0538,27.0,0.0517,30.0,11667.0,21.0
2021-01-05 09:31:00.161,0.0538,0.0538,27.0,0.0517,30.0,11667.0,21.0
2021-01-05 09:31:00.681,0.0538,0.0538,27.0,0.0524,10.0,11667.0,21.0
2021-01-05 09:31:01.140,0.0538,0.0538,17.0,0.0524,30.0,11667.0,21.0
2021-01-05 09:31:02.170,0.0538,0.0538,17.0,0.0524,10.0,11667.0,21.0
2021-01-05 09:31:02.681,0.0538,0.0538,17.0,0.0524,20.0,11667.0,21.0
2021-01-05 09:31:03.131,0.0538,0.0538,17.0,0.0524,20.0,11667.0,21.0
2021-01-05 09:31:03.680,0.0538,0.0538,17.0,0.0524,20.0,11667.0,21.0
2021-01-05 09:31:04.671,0.0538,0.0538,17.0,0.0524,20.0,11667.0,21.0
2021-01-05 09:31:05.670,0.0538,0.0538,17.0,0.0524,20.0,11667.0,21.0
2021-01-05 09:31:06.681,0.0538,0.0538,17.0,0.0524,20.0,11667.0,21.0
2021-01-05 09:31:08.650,0.0538,0.0538,17.0,0.0524,20.0,11667.0,21.0
2021-01-05 09:31:09.051,0.0538,0.0538,17.0,0.0524,20.0,11667.0,21.0
2021-01-05 09:31:11.701,0.0538,0.0538,37.0,0.0524,40.0,11667.0,21.0
2021-01-05 09:31:12.711,0.0538,0.0538,47.0,0.0524,40.0,11667.0,21.0
2021-01-05 09:31:15.710,0.0538,0.0538,37.0,0.0524,40.0,11667.0,21.0
2021-01-05 09:31:16.711,0.0538,0.0538,37.0,0.0524,20.0,11667.0,21.0
2021-01-05 09:31:18.720,0.0538,0.0538,37.0,0.0524,20.0,11667.0,21.0
2021-01-05 09:31:19.150,0.0538,0.0538,17.0,0.0524,20.0,11667.0,21.0
2021-01-05 09:31:19.721,0.0538,0.0538,17.0,0.0524,10.0,11667.0,21.0
2021-01-05 09:31:20.171,0.0538,0.0538,37.0,0.0524,10.0,11667.0,21.0
2021-01-05 09:31:21.221,0.0538,0.0538,47.0,0.0524,10.0,11667.0,21.0
2021-01-05 09:31:22.620,0.0538,0.0537,5.0,0.0524,10.0,11667.0,21.0
2021-01-05 09:31:23.171,0.0538,0.0537,5.0,0.0524,10.0,11667.0,21.0
2021-01-05 09:31:23.640,0.0538,0.0537,15.0,0.0524,10.0,11667.0,21.0
2021-01-05 09:31:24.660,0.0538,0.0537,15.0,0.0524,10.0,11667.0,21.0
2021-01-05 09:31:25.640,0.0538,0.0537,15.0,0.0524,10.0,11667.0,21.0
2021-01-05 09:31:26.101,0.0538,0.0537,25.0,0.0524,10.0,11667.0,21.0
2021-01-05 09:31:27.171,0.0538,0.0537,25.0,0.0524,10.0,11667.0,21.0
2021-01-05 09:31:29.171,0.0538,0.0537,25.0,0.0524,10.0,11667.0,21.0
2021-01-05 09:31:30.170,0.0538,0.0537,25.0,0.0531,1.0,11667.0,21.0
2021-01-05 09:31:30.671,0.0531,0.0531,1.0,0.0524,10.0,11667.0,22.0
2021-01-05 09:31:31.101,0.0531,0.0531,21.0,0.0524,10.0,11667.0,22.0
2021-01-05 09:31:32.191,0.0531,0.0531,21.0,0.0524,10.0,11667.0,22.0
2021-01-05 09:31:33.190,0.0531,0.0531,21.0,0.0524,10.0,11667.0,22.0
2021-01-05 09:31:34.681,0.0531,0.0531,21.0,0.0524,10.0,11667.0,22.0
2021-01-05 09:31:36.181,0.0531,0.0531,20.0,0.0524,10.0,11667.0,22.0
2021-01-05 09:31:36.690,0.0531,0.0533,30.0,0.0524,10.0,11667.0,22.0
2021-01-05 09:31:37.191,0.0531,0.0533,30.0,0.0524,10.0,11667.0,22.0
2021-01-05 09:31:38.190,0.0531,0.0532,3.0,0.0524,10.0,11667.0,22.0
2021-01-05 09:31:38.690,0.0531,0.0532,3.0,0.0524,10.0,11667.0,22.0
2021-01-05 09:31:39.210,0.0531,0.0532,3.0,0.0524,10.0,11667.0,22.0
2021-01-05 09:31:39.710,0.0531,0.0532,3.0,0.0524,10.0,11667.0,22.0
2021-01-05 09:31:40.200,0.0531,0.0532,3.0,0.0524,10.0,11667.0,22.0
2021-01-05 09:31:40.711,0.0531,0.0532,3.0,0.052,20.0,11667.0,22.0
2021-01-05 09:31:41.191,0.0531,0.0532,13.0,0.052,10.0,11667.0,22.0
2021-01-05 09:31:41.700,0.0531,0.0532,13.0,0.052,10.0,11667.0,22.0
2021-01-05 09:31:42.211,0.0531,0.0532,13.0,0.052,10.0,11667.0,22.0
2021-01-05 09:31:42.711,0.0531,0.0532,13.0,0.052,10.0,11667.0,22.0
2021-01-05 09:31:43.191,0.0531,0.0532,13.0,0.052,10.0,11667.0,22.0
2021-01-05 09:31:44.691,0.0531,0.0532,13.0,0.052,10.0,11667.0,22.0
2021-01-05 09:31:45.170,0.0531,0.0532,13.0,0.052,10.0,11667.0,22.0
2021-01-05 09:31:45.700,0.0531,0.0532,13.0,0.052,10.0,11667.0,22.0
2021-01-05 09:31:46.011,0.0531,0.0532,13.0,0.052,10.0,11667.0,22.0
2021-01-05 09:31:46.701,0.0531,0.0532,13.0,0.052,10.0,11667.0,22.0
2021-01-05 09:31:47.191,0.0531,0.0532,13.0,0.052,10.0,11667.0,22.0
2021-01-05 09:31:47.711,0.0531,0.0532,13.0,0.052,10.0,11667.0,22.0
2021-01-05 09:31:48.211,0.0531,0.0531,3.0,0.052,10.0,11667.0,22.0
2021-01-05 09:31:48.691,0.0531,0.0531,23.0,0.052,10.0,11667.0,22.0
2021-01-05 09:31:49.711,0.0531,0.0531,23.0,0.052,10.0,11667.0,22.0
2021-01-05 09:31:50.191,0.0531,0.0529,10.0,0.0517,20.0,11667.0,22.0
2021-01-05 09:31:50.710,0.0531,0.0528,3.0,0.0517,20.0,11667.0,22.0
2021-01-05 09:31:51.210,0.0531,0.0528,3.0,0.0517,20.0,11667.0,22.0
2021-01-05 09:31:52.220,0.0531,0.0528,3.0,0.0517,20.0,11667.0,22.0
2021-01-05 09:31:52.621,0.0531,0.0528,3.0,0.0517,20.0,11667.0,22.0
2021-01-05 09:31:53.640,0.0531,0.0528,3.0,0.0517,20.0,11667.0,22.0
2021-01-05 09:31:54.151,0.0531,0.0528,3.0,0.0517,20.0,11667.0,22.0
2021-01-05 09:31:54.641,0.0531,0.0528,13.0,0.0517,10.0,11667.0,22.0
2021-01-05 09:31:55.670,0.0531,0.0528,13.0,0.0517,10.0,11667.0,22.0
2021-01-05 09:31:56.681,0.0531,0.0528,13.0,0.0517,10.0,11667.0,22.0
2021-01-05 09:31:57.651,0.0531,0.0528,13.0,0.0517,10.0,11667.0,22.0
2021-01-05 09:31:58.171,0.0531,0.0528,13.0,0.0517,10.0,11667.0,22.0
2021-01-05 09:31:59.180,0.0531,0.0528,13.0,0.0517,10.0,11667.0,22.0
2021-01-05 09:32:00.150,0.0531,0.0528,13.0,0.0517,10.0,11667.0,22.0
2021-01-05 09:32:00.650,0.0531,0.0527,3.0,0.0517,10.0,11667.0,22.0
2021-01-05 09:32:01.170,0.0531,0.0527,23.0,0.0517,10.0,11667.0,22.0
2021-01-05 09:32:01.670,0.0531,0.0527,23.0,0.0517,10.0,11667.0,22.0
2021-01-05 09:32:02.171,0.0531,0.0527,23.0,0.0517,10.0,11667.0,22.0
2021-01-05 09:32:02.671,0.0531,0.0527,23.0,0.0517,10.0,11667.0,22.0
2021-01-05 09:32:03.180,0.0531,0.0527,3.0,0.0517,10.0,11667.0,22.0
2021-01-05 09:32:03.641,0.0531,0.0527,23.0,0.0517,10.0,11667.0,22.0
2021-01-05 09:32:04.661,0.0531,0.0527,23.0,0.0517,10.0,11667.0,22.0
2021-01-05 09:32:05.141,0.0531,0.0527,23.0,0.0517,10.0,11667.0,22.0
2021-01-05 09:32:05.660,0.0531,0.0527,23.0,0.0517,10.0,11667.0,22.0
2021-01-05 09:32:06.161,0.0531,0.0527,23.0,0.0514,20.0,11667.0,22.0
2021-01-05 09:32:06.680,0.0531,0.0527,23.0,0.0513,20.0,11667.0,22.0
2021-01-05 09:32:07.070,0.0531,0.0527,33.0,0.0513,10.0,11667.0,22.0
2021-01-05 09:32:07.671,0.0531,0.0527,33.0,0.0518,10.0,11667.0,22.0
2021-01-05 09:32:08.651,0.0531,0.0527,33.0,0.0518,10.0,11667.0,22.0
2021-01-05 09:32:09.141,0.0531,0.0527,33.0,0.0518,10.0,11667.0,22.0
2021-01-05 09:32:09.681,0.0531,0.0527,33.0,0.0518,10.0,11667.0,22.0
2021-01-05 09:32:10.161,0.0531,0.0527,33.0,0.0518,10.0,11667.0,22.0
2021-01-05 09:32:10.551,0.0531,0.0526,3.0,0.0518,10.0,11667.0,22.0
2021-01-05 09:32:11.170,0.0531,0.0526,3.0,0.0518,10.0,11667.0,22.0
2021-01-05 09:32:11.650,0.0531,0.0526,3.0,0.0518,10.0,11667.0,22.0
2021-01-05 09:32:12.161,0.0531,0.0526,3.0,0.0518,10.0,11667.0,22.0
2021-01-05 09:32:12.670,0.0531,0.0526,3.0,0.0518,10.0,11667.0,22.0
2021-01-05 09:32:13.171,0.0531,0.0526,13.0,0.0518,10.0,11667.0,22.0
2021-01-05 09:32:14.180,0.0531,0.0526,13.0,0.0518,10.0,11667.0,22.0
2021-01-05 09:32:14.660,0.0531,0.0526,13.0,0.0518,10.0,11667.0,22.0
2021-01-05 09:32:15.671,0.0531,0.0526,13.0,0.0518,10.0,11667.0,22.0
2021-01-05 09:32:16.151,0.0531,0.0526,13.0,0.0518,10.0,11667.0,22.0
2021-01-05 09:32:17.161,0.0531,0.0526,13.0,0.0518,10.0,11667.0,22.0
2021-01-05 09:32:17.651,0.0531,0.0526,13.0,0.0518,10.0,11667.0,22.0
2021-01-05 09:32:18.130,0.0531,0.0526,13.0,0.0518,10.0,11667.0,22.0
2021-01-05 09:32:18.670,0.0531,0.0526,13.0,0.0518,10.0,11667.0,22.0
2021-01-05 09:32:19.670,0.0531,0.0526,13.0,0.0518,10.0,11667.0,22.0
2021-01-05 09:32:20.151,0.0531,0.0526,13.0,0.0517,10.0,11667.0,22.0
2021-01-05 09:32:20.671,0.0531,0.0526,13.0,0.0517,10.0,11667.0,22.0
2021-01-05 09:32:21.171,0.0531,0.0526,13.0,0.0517,10.0,11667.0,22.0
2021-01-05 09:32:21.680,0.0531,0.0525,2.0,0.0517,10.0,11667.0,22.0
2021-01-05 09:32:22.181,0.0531,0.0525,32.0,0.0517,10.0,11667.0,22.0
2021-01-05 09:32:22.660,0.0531,0.0525,32.0,0.052,10.0,11667.0,22.0
2021-01-05 09:32:23.140,0.0531,0.0525,22.0,0.052,10.0,11667.0,22.0
2021-01-05 09:32:24.091,0.0531,0.0525,22.0,0.052,10.0,11667.0,22.0
2021-01-05 09:32:25.170,0.0531,0.0525,22.0,0.052,10.0,11667.0,22.0
2021-01-05 09:32:25.670,0.0531,0.0525,22.0,0.052,10.0,11667.0,22.0
2021-01-05 09:32:26.171,0.0531,0.0525,22.0,0.052,10.0,11667.0,22.0
2021-01-05 09:32:26.650,0.0531,0.0525,32.0,0.052,10.0,11667.0,22.0
2021-01-05 09:32:27.151,0.0531,0.0525,32.0,0.0516,20.0,11667.0,22.0
2021-01-05 09:32:27.641,0.0531,0.0525,32.0,0.0516,10.0,11667.0,22.0
2021-01-05 09:32:28.171,0.0531,0.0525,32.0,0.0516,10.0,11667.0,22.0
2021-01-05 09:32:28.630,0.0531,0.0525,32.0,0.0516,10.0,11667.0,22.0
2021-01-05 09:32:29.650,0.0531,0.0525,32.0,0.0516,10.0,11667.0,22.0
2021-01-05 09:32:30.171,0.0531,0.0525,32.0,0.0516,10.0,11667.0,22.0
2021-01-05 09:32:30.671,0.0531,0.0525,12.0,0.0516,10.0,11667.0,22.0
2021-01-05 09:32:31.151,0.0531,0.0525,12.0,0.0516,10.0,11667.0,22.0
2021-01-05 09:32:31.691,0.0531,0.0525,12.0,0.0516,10.0,11667.0,22.0
2021-01-05 09:32:32.121,0.0531,0.0525,12.0,0.0516,10.0,11667.0,22.0
2021-01-05 09:32:34.171,0.0531,0.0525,12.0,0.0516,10.0,11667.0,22.0
2021-01-05 09:32:34.691,0.0531,0.0525,12.0,0.0516,10.0,11667.0,22.0
2021-01-05 09:32:35.170,0.0531,0.0525,12.0,0.0516,10.0,11667.0,22.0
2021-01-05 09:32:35.671,0.0531,0.0525,12.0,0.052,1.0,11667.0,22.0
2021-01-05 09:32:36.691,0.0531,0.0525,32.0,0.052,1.0,11667.0,22.0
2021-01-05 09:32:39.200,0.0531,0.0525,35.0,0.052,1.0,11667.0,22.0
2021-01-05 09:32:39.630,0.0531,0.0525,35.0,0.052,1.0,11667.0,22.0
2021-01-05 09:32:41.690,0.052,0.0525,35.0,0.0516,10.0,11666.0,23.0
2021-01-05 09:32:42.201,0.052,0.0525,35.0,0.0516,10.0,11666.0,23.0
2021-01-05 09:32:42.700,0.052,0.0525,35.0,0.0516,10.0,11666.0,23.0
2021-01-05 09:32:44.700,0.052,0.0525,35.0,0.0516,10.0,11666.0,23.0
2021-01-05 09:32:45.580,0.052,0.0525,35.0,0.0516,10.0,11666.0,23.0
2021-01-05 09:32:46.160,0.052,0.0525,35.0,0.0516,10.0,11666.0,23.0
2021-01-05 09:32:47.701,0.052,0.0525,35.0,0.0516,10.0,11666.0,23.0
2021-01-05 09:32:48.181,0.052,0.0523,10.0,0.0513,10.0,11666.0,23.0
2021-01-05 09:32:48.690,0.052,0.0523,40.0,0.0513,10.0,11666.0,23.0
2021-01-05 09:32:49.190,0.052,0.0523,40.0,0.0513,10.0,11666.0,23.0
2021-01-05 09:32:49.670,0.052,0.0522,10.0,0.051,11.0,11666.0,23.0
2021-01-05 09:32:50.171,0.052,0.0521,3.0,0.051,11.0,11666.0,23.0
2021-01-05 09:32:50.650,0.052,0.0521,10.0,0.051,1.0,11666.0,23.0
2021-01-05 09:32:51.170,0.052,0.0522,3.0,0.051,1.0,11666.0,23.0
2021-01-05 09:32:51.701,0.052,0.0522,3.0,0.051,1.0,11666.0,23.0
2021-01-05 09:32:52.191,0.052,0.0522,3.0,0.051,1.0,11666.0,23.0
2021-01-05 09:32:52.671,0.052,0.0522,3.0,0.051,1.0,11666.0,23.0
2021-01-05 09:32:53.161,0.052,0.0522,3.0,0.051,1.0,11666.0,23.0
2021-01-05 09:32:53.641,0.052,0.0522,3.0,0.051,1.0,11666.0,23.0
2021-01-05 09:32:54.181,0.052,0.0522,3.0,0.051,1.0,11666.0,23.0
2021-01-05 09:32:54.671,0.052,0.0522,3.0,0.051,1.0,11666.0,23.0
2021-01-05 09:32:55.170,0.052,0.0522,3.0,0.051,1.0,11666.0,23.0
2021-01-05 09:32:55.670,0.052,0.0522,3.0,0.051,11.0,11666.0,23.0
2021-01-05 09:32:56.150,0.052,0.0522,3.0,0.051,1.0,11666.0,23.0
2021-01-05 09:32:56.611,0.052,0.0522,3.0,0.051,1.0,11666.0,23.0
2021-01-05 09:32:57.151,0.052,0.0522,3.0,0.051,1.0,11666.0,23.0
2021-01-05 09:32:57.181,0.052,0.0522,3.0,0.051,1.0,11666.0,23.0
2021-01-05 09:32:58.171,0.052,0.0522,3.0,0.051,1.0,11666.0,23.0
2021-01-05 09:32:58.651,0.052,0.0522,3.0,0.051,1.0,11666.0,23.0
2021-01-05 09:32:59.170,0.052,0.0522,3.0,0.051,1.0,11666.0,23.0
2021-01-05 09:32:59.621,0.052,0.0522,3.0,0.051,1.0,11666.0,23.0
2021-01-05 09:33:00.651,0.052,0.0522,3.0,0.051,1.0,11666.0,23.0
2021-01-05 09:33:01.081,0.052,0.0522,23.0,0.051,1.0,11666.0,23.0
2021-01-05 09:33:01.661,0.052,0.0522,23.0,0.051,11.0,11666.0,23.0
2021-01-05 09:33:02.620,0.052,0.0522,23.0,0.0515,10.0,11666.0,23.0
2021-01-05 09:33:03.171,0.052,0.0524,1.0,0.0515,10.0,11666.0,23.0
2021-01-05 09:33:03.681,0.052,0.0524,1.0,0.0515,10.0,11666.0,23.0
2021-01-05 09:33:04.140,0.052,0.0524,1.0,0.0515,10.0,11666.0,23.0
2021-01-05 09:33:04.651,0.052,0.0524,11.0,0.0515,40.0,11666.0,23.0
2021-01-05 09:33:05.181,0.052,0.0524,1.0,0.0515,30.0,11666.0,23.0
2021-01-05 09:33:05.690,0.052,0.0524,1.0,0.0515,30.0,11666.0,23.0
2021-01-05 09:33:06.170,0.052,0.0524,1.0,0.0518,10.0,11666.0,23.0
2021-01-05 09:33:06.681,0.052,0.0524,1.0,0.0518,10.0,11666.0,23.0
2021-01-05 09:33:07.171,0.0524,0.0525,2.0,0.0518,30.0,11667.0,24.0
2021-01-05 09:33:07.601,0.0524,0.0525,2.0,0.0518,10.0,11667.0,24.0
2021-01-05 09:33:08.191,0.0524,0.0525,2.0,0.0518,10.0,11667.0,24.0
2021-01-05 09:33:08.600,0.0524,0.0525,2.0,0.0518,10.0,11667.0,24.0
2021-01-05 09:33:09.181,0.0524,0.0525,2.0,0.0518,10.0,11667.0,24.0
2021-01-05 09:33:09.651,0.0524,0.0525,2.0,0.0518,10.0,11667.0,24.0
2021-01-05 09:33:10.180,0.0524,0.0525,2.0,0.0518,10.0,11667.0,24.0
2021-01-05 09:33:10.681,0.0524,0.0525,2.0,0.0518,10.0,11667.0,24.0
2021-01-05 09:33:11.180,0.0524,0.0525,2.0,0.0518,10.0,11667.0,24.0
2021-01-05 09:33:11.670,0.0524,0.0525,2.0,0.0518,10.0,11667.0,24.0
2021-01-05 09:33:12.650,0.0524,0.0525,2.0,0.0518,10.0,11667.0,24.0
2021-01-05 09:33:13.100,0.0524,0.0525,2.0,0.0518,10.0,11667.0,24.0
2021-01-05 09:33:13.691,0.0524,0.0525,2.0,0.0518,10.0,11667.0,24.0
2021-01-05 09:33:14.160,0.0524,0.0525,2.0,0.0518,10.0,11667.0,24.0
2021-01-05 09:33:14.650,0.0524,0.0525,12.0,0.0518,10.0,11667.0,24.0
2021-01-05 09:33:15.140,0.0524,0.0525,2.0,0.0518,10.0,11667.0,24.0
2021-01-05 09:33:15.651,0.0524,0.0525,2.0,0.0523,10.0,11667.0,24.0
2021-01-05 09:33:16.181,0.0524,0.0525,2.0,0.0523,10.0,11667.0,24.0
2021-01-05 09:33:16.671,0.0524,0.0525,2.0,0.0523,10.0,11667.0,24.0
2021-01-05 09:33:17.190,0.0524,0.0525,2.0,0.0523,10.0,11667.0,24.0
2021-01-05 09:33:18.160,0.0524,0.0525,2.0,0.0523,10.0,11667.0,24.0
2021-01-05 09:33:18.680,0.0524,0.0525,2.0,0.0523,10.0,11667.0,24.0
2021-01-05 09:33:19.191,0.0524,0.0525,2.0,0.0523,10.0,11667.0,24.0
2021-01-05 09:33:19.660,0.0525,0.0525,1.0,0.0523,10.0,11667.0,25.0
2021-01-05 09:33:20.171,0.0525,0.0525,1.0,0.0523,10.0,11667.0,25.0
2021-01-05 09:33:20.680,0.0525,0.0525,1.0,0.0523,10.0,11667.0,25.0
2021-01-05 09:33:21.160,0.0525,0.0525,1.0,0.0523,10.0,11667.0,25.0
2021-01-05 09:33:21.681,0.0525,0.0525,1.0,0.0523,10.0,11667.0,25.0
2021-01-05 09:33:22.670,0.0525,0.053,11.0,0.0523,10.0,11667.0,26.0
2021-01-05 09:33:23.051,0.0525,0.053,11.0,0.0525,10.0,11667.0,26.0
2021-01-05 09:33:23.660,0.0525,0.053,11.0,0.0525,10.0,11667.0,26.0
2021-01-05 09:33:24.171,0.0525,0.053,11.0,0.0525,10.0,11667.0,26.0
2021-01-05 09:33:24.661,0.0525,0.053,1.0,0.0525,10.0,11667.0,26.0
2021-01-05 09:33:25.151,0.0525,0.0523,10.0,0.0521,10.0,11667.0,36.0
2021-01-05 09:33:25.541,0.0523,0.0523,27.0,0.0522,10.0,11670.0,39.0
2021-01-05 09:33:26.161,0.0523,0.0523,47.0,0.0522,10.0,11670.0,39.0
2021-01-05 09:33:26.651,0.0523,0.0523,57.0,0.0522,10.0,11670.0,39.0
2021-01-05 09:33:27.110,0.0523,0.0523,87.0,0.0522,10.0,11670.0,39.0
2021-01-05 09:33:27.681,0.0523,0.0523,87.0,0.0522,10.0,11670.0,39.0
2021-01-05 09:33:28.180,0.0523,0.0523,87.0,0.0522,10.0,11670.0,39.0
2021-01-05 09:33:28.630,0.0523,0.0523,86.0,0.0522,10.0,11671.0,40.0
2021-01-05 09:33:29.171,0.0523,0.0523,86.0,0.0522,10.0,11671.0,40.0
2021-01-05 09:33:29.681,0.0523,0.0523,77.0,0.0522,10.0,11680.0,49.0
2021-01-05 09:33:30.180,0.0523,0.0523,77.0,0.0522,10.0,11680.0,49.0
2021-01-05 09:33:31.680,0.0523,0.0523,77.0,0.0522,10.0,11680.0,49.0
2021-01-05 09:33:35.690,0.0523,0.0523,77.0,0.0522,10.0,11680.0,49.0
2021-01-05 09:33:36.101,0.0523,0.0523,77.0,0.0522,10.0,11680.0,49.0
2021-01-05 09:33:37.190,0.0523,0.0523,77.0,0.0522,10.0,11680.0,49.0
2021-01-05 09:33:37.640,0.0523,0.0523,77.0,0.0522,10.0,11680.0,49.0
2021-01-05 09:33:38.120,0.0523,0.0523,77.0,0.0522,20.0,11680.0,49.0
2021-01-05 09:33:38.621,0.0523,0.0523,77.0,0.0522,10.0,11680.0,49.0
2021-01-05 09:33:39.201,0.0523,0.0523,77.0,0.0522,10.0,11680.0,49.0
2021-01-05 09:33:39.641,0.0523,0.0523,77.0,0.0522,10.0,11680.0,49.0
2021-01-05 09:33:40.160,0.0523,0.0523,77.0,0.0522,10.0,11680.0,49.0
2021-01-05 09:33:40.690,0.0523,0.0523,77.0,0.0522,10.0,11680.0,49.0
2021-01-05 09:33:41.161,0.0523,0.0523,77.0,0.0522,10.0,11680.0,49.0
2021-01-05 09:33:41.691,0.0523,0.0523,77.0,0.0522,10.0,11680.0,49.0
2021-01-05 09:33:42.160,0.0523,0.0523,77.0,0.0522,10.0,11680.0,49.0
2021-01-05 09:33:42.640,0.0522,0.0523,77.0,0.0518,10.0,11670.0,59.0
2021-01-05 09:33:43.180,0.0522,0.0523,77.0,0.052,10.0,11670.0,59.0
2021-01-05 09:33:43.681,0.0522,0.0523,77.0,0.052,10.0,11670.0,59.0
2021-01-05 09:33:44.110,0.0522,0.0523,77.0,0.052,10.0,11670.0,59.0
2021-01-05 09:33:44.671,0.0522,0.0523,87.0,0.052,10.0,11670.0,59.0
2021-01-05 09:33:45.180,0.0522,0.0523,77.0,0.052,10.0,11670.0,59.0
2021-01-05 09:33:45.660,0.0522,0.0523,77.0,0.052,10.0,11670.0,59.0
2021-01-05 09:33:46.161,0.0522,0.0523,77.0,0.052,10.0,11670.0,59.0
2021-01-05 09:33:46.680,0.0522,0.0523,77.0,0.052,10.0,11670.0,59.0
2021-01-05 09:33:47.191,0.0522,0.0523,87.0,0.0516,1.0,11670.0,59.0
2021-01-05 09:33:47.681,0.0522,0.0523,87.0,0.0516,1.0,11670.0,59.0
2021-01-05 09:33:48.171,0.0522,0.0523,87.0,0.0516,1.0,11670.0,59.0
2021-01-05 09:33:48.680,0.0522,0.0523,87.0,0.0516,1.0,11670.0,59.0
2021-01-05 09:33:49.120,0.0522,0.0523,107.0,0.0516,1.0,11670.0,59.0
2021-01-05 09:33:50.670,0.0522,0.0523,107.0,0.0516,1.0,11670.0,59.0
2021-01-05 09:33:51.141,0.0522,0.0523,107.0,0.0516,1.0,11670.0,59.0
2021-01-05 09:33:51.581,0.0522,0.0523,107.0,0.0516,1.0,11670.0,59.0
2021-01-05 09:33:52.190,0.0522,0.0523,107.0,0.0516,1.0,11670.0,59.0
2021-01-05 09:33:52.570,0.0522,0.0523,107.0,0.0516,1.0,11670.0,59.0
2021-01-05 09:33:52.960,0.0522,0.0523,107.0,0.0516,1.0,11670.0,59.0
2021-01-05 09:33:53.650,0.0522,0.0523,107.0,0.0518,10.0,11670.0,59.0
2021-01-05 09:33:54.610,0.0522,0.0523,107.0,0.0518,10.0,11670.0,59.0
2021-01-05 09:33:55.181,0.0518,0.0523,107.0,0.0516,1.0,11670.0,69.0
2021-01-05 09:33:55.650,0.0518,0.0523,107.0,0.0517,10.0,11670.0,69.0
2021-01-05 09:33:56.120,0.0518,0.0523,107.0,0.0516,1.0,11670.0,69.0
2021-01-05 09:33:56.681,0.0518,0.0523,107.0,0.0516,1.0,11670.0,69.0
2021-01-05 09:33:57.171,0.0518,0.0523,107.0,0.0516,1.0,11670.0,69.0
2021-01-05 09:33:57.671,0.0518,0.0523,107.0,0.0516,1.0,11670.0,69.0
2021-01-05 09:33:58.170,0.0516,0.0523,121.0,0.0515,1.0,11669.0,70.0
2021-01-05 09:33:58.670,0.0516,0.0523,107.0,0.0515,1.0,11669.0,70.0
2021-01-05 09:33:59.140,0.0515,0.0522,14.0,0.0511,10.0,11668.0,71.0
2021-01-05 09:33:59.590,0.0515,0.0522,24.0,0.051,1.0,11668.0,71.0
2021-01-05 09:34:00.191,0.0515,0.0522,24.0,0.051,1.0,11668.0,71.0
2021-01-05 09:34:00.671,0.0515,0.0521,3.0,0.051,1.0,11668.0,71.0
2021-01-05 09:34:01.081,0.0515,0.0521,33.0,0.051,1.0,11668.0,71.0
2021-01-05 09:34:01.661,0.0515,0.052,14.0,0.051,11.0,11668.0,71.0
2021-01-05 09:34:02.170,0.0515,0.052,24.0,0.051,11.0,11668.0,71.0
2021-01-05 09:34:02.671,0.0515,0.052,24.0,0.051,11.0,11668.0,71.0
2021-01-05 09:34:03.171,0.0515,0.052,24.0,0.051,11.0,11668.0,71.0
2021-01-05 09:34:03.670,0.0515,0.052,24.0,0.051,11.0,11668.0,71.0
2021-01-05 09:34:04.120,0.0515,0.052,24.0,0.051,11.0,11668.0,71.0
2021-01-05 09:34:04.671,0.0515,0.052,27.0,0.051,11.0,11668.0,71.0
2021-01-05 09:34:05.121,0.0515,0.052,27.0,0.051,11.0,11668.0,71.0
2021-01-05 09:34:05.630,0.0515,0.052,27.0,0.051,11.0,11668.0,71.0
2021-01-05 09:34:06.671,0.0515,0.0518,10.0,0.051,11.0,11668.0,71.0
2021-01-05 09:34:07.130,0.0515,0.0518,40.0,0.051,11.0,11668.0,71.0
2021-01-05 09:34:08.171,0.051,0.0517,3.0,0.0507,10.0,11668.0,82.0
2021-01-05 09:34:08.690,0.051,0.0515,10.0,0.0507,20.0,11668.0,82.0
2021-01-05 09:34:09.170,0.051,0.0515,20.0,0.0506,10.0,11668.0,82.0
2021-01-05 09:34:09.670,0.051,0.0515,30.0,0.0507,10.0,11668.0,82.0
2021-01-05 09:34:10.140,0.051,0.0515,30.0,0.0507,10.0,11668.0,82.0
2021-01-05 09:34:10.690,0.051,0.0515,30.0,0.0508,10.0,11668.0,82.0
2021-01-05 09:34:11.681,0.051,0.0515,30.0,0.0506,10.0,11668.0,82.0
2021-01-05 09:34:12.121,0.051,0.0515,30.0,0.0506,24.0,11668.0,82.0
2021-01-05 09:34:12.640,0.051,0.0515,30.0,0.0508,10.0,11668.0,82.0
2021-01-05 09:34:13.191,0.051,0.0515,30.0,0.0508,10.0,11668.0,82.0
2021-01-05 09:34:13.681,0.051,0.0515,20.0,0.0508,10.0,11668.0,82.0
2021-01-05 09:34:14.181,0.051,0.0516,20.0,0.0508,10.0,11668.0,82.0
2021-01-05 09:34:14.691,0.051,0.0517,13.0,0.0511,10.0,11668.0,82.0
2021-01-05 09:34:15.181,0.051,0.0517,10.0,0.0511,10.0,11668.0,82.0
2021-01-05 09:34:15.681,0.051,0.0517,30.0,0.0511,10.0,11668.0,82.0
2021-01-05 09:34:16.190,0.051,0.0517,10.0,0.0511,10.0,11668.0,82.0
2021-01-05 09:34:16.630,0.051,0.0517,30.0,0.0511,10.0,11668.0,82.0
2021-01-05 09:34:17.181,0.051,0.0517,30.0,0.0511,10.0,11668.0,82.0
2021-01-05 09:34:17.690,0.051,0.0517,30.0,0.0511,10.0,11668.0,82.0
2021-01-05 09:34:18.201,0.051,0.0517,30.0,0.0511,10.0,11668.0,82.0
2021-01-05 09:34:18.620,0.051,0.0517,30.0,0.0511,10.0,11668.0,82.0
2021-01-05 09:34:19.041,0.051,0.0517,30.0,0.0511,10.0,11668.0,82.0
2021-01-05 09:34:19.700,0.051,0.0517,30.0,0.0511,10.0,11668.0,82.0
2021-01-05 09:34:20.180,0.051,0.0517,30.0,0.0511,10.0,11668.0,82.0
2021-01-05 09:34:20.651,0.051,0.0517,30.0,0.0511,10.0,11668.0,82.0
2021-01-05 09:34:21.490,0.0511,0.0517,30.0,0.0507,10.0,11668.0,92.0
2021-01-05 09:34:22.151,0.0511,0.0516,10.0,0.0507,10.0,11668.0,92.0
2021-01-05 09:34:22.651,0.0511,0.0516,20.0,0.0506,10.0,11668.0,92.0
2021-01-05 09:34:23.661,0.0511,0.0516,20.0,0.0505,10.0,11668.0,92.0
2021-01-05 09:34:24.600,0.0511,0.0516,20.0,0.0505,10.0,11668.0,92.0
2021-01-05 09:34:25.150,0.0511,0.0516,20.0,0.0504,20.0,11668.0,92.0
2021-01-05 09:34:25.671,0.0511,0.0515,14.0,0.0505,10.0,11668.0,92.0
2021-01-05 09:34:26.170,0.0511,0.0515,44.0,0.0505,20.0,11668.0,92.0
2021-01-05 09:34:26.641,0.0511,0.0513,12.0,0.0505,10.0,11668.0,92.0
2021-01-05 09:34:27.150,0.0511,0.0513,22.0,0.0504,22.0,11668.0,92.0
2021-01-05 09:34:27.321,0.0511,0.0511,12.0,0.0506,12.0,11668.0,92.0
2021-01-05 09:34:28.120,0.0511,0.0511,22.0,0.0504,12.0,11668.0,92.0
2021-01-05 09:34:28.621,0.0511,0.0509,12.0,0.0504,12.0,11668.0,92.0
2021-01-05 09:34:28.971,0.0511,0.0509,22.0,0.0505,10.0,11668.0,92.0
2021-01-05 09:34:29.601,0.0511,0.0508,12.0,0.0505,10.0,11668.0,92.0
2021-01-05 09:34:30.141,0.0511,0.0507,12.0,0.0505,10.0,11668.0,92.0
2021-01-05 09:34:30.621,0.0511,0.0508,12.0,0.0505,10.0,11668.0,92.0
2021-01-05 09:34:31.190,0.0511,0.0508,12.0,0.0505,10.0,11668.0,92.0
2021-01-05 09:34:31.280,0.0511,0.0509,22.0,0.0505,10.0,11668.0,92.0
2021-01-05 09:34:32.121,0.0511,0.0507,12.0,0.0505,10.0,11668.0,92.0
2021-01-05 09:34:32.690,0.0511,0.0508,12.0,0.0505,10.0,11668.0,92.0
2021-01-05 09:34:33.090,0.0511,0.0507,12.0,0.0505,10.0,11668.0,92.0
2021-01-05 09:34:33.691,0.0511,0.0508,12.0,0.0505,10.0,11668.0,92.0
2021-01-05 09:34:34.171,0.0511,0.0507,12.0,0.0505,10.0,11668.0,92.0
2021-01-05 09:34:34.640,0.0511,0.0507,12.0,0.0505,10.0,11668.0,92.0
2021-01-05 09:34:35.130,0.0511,0.0507,12.0,0.0505,10.0,11668.0,92.0
2021-01-05 09:34:35.670,0.0511,0.0508,12.0,0.0505,10.0,11668.0,92.0
2021-01-05 09:34:36.171,0.0511,0.0508,12.0,0.0505,10.0,11668.0,92.0
2021-01-05 09:34:36.680,0.0511,0.0507,12.0,0.0505,10.0,11668.0,92.0
2021-01-05 09:34:37.161,0.0511,0.0506,12.0,0.0505,10.0,11668.0,92.0
2021-01-05 09:34:37.700,0.0511,0.0507,22.0,0.0502,20.0,11668.0,92.0
2021-01-05 09:34:38.171,0.0511,0.0505,12.0,0.0502,10.0,11668.0,92.0
2021-01-05 09:34:38.690,0.0511,0.0505,12.0,0.0502,10.0,11668.0,92.0
2021-01-05 09:34:39.091,0.0511,0.0505,12.0,0.0503,10.0,11668.0,92.0
2021-01-05 09:34:39.470,0.0511,0.0505,12.0,0.0503,10.0,11668.0,92.0
2021-01-05 09:34:40.171,0.0511,0.0505,12.0,0.0503,10.0,11668.0,92.0
2021-01-05 09:34:40.651,0.0511,0.0505,12.0,0.0503,10.0,11668.0,92.0
2021-01-05 09:34:41.201,0.0511,0.0505,12.0,0.0503,10.0,11668.0,92.0
2021-01-05 09:34:41.700,0.0511,0.0504,12.0,0.0503,10.0,11668.0,92.0
2021-01-05 09:34:42.171,0.0511,0.0506,42.0,0.0503,10.0,11668.0,92.0
2021-01-05 09:34:42.680,0.0511,0.0506,32.0,0.0503,10.0,11668.0,92.0
2021-01-05 09:34:43.191,0.0511,0.0506,20.0,0.0503,10.0,11668.0,92.0
2021-01-05 09:34:43.671,0.0511,0.0506,20.0,0.0503,22.0,11668.0,92.0
2021-01-05 09:34:44.151,0.0511,0.0506,20.0,0.0503,22.0,11668.0,92.0
2021-01-05 09:34:44.701,0.0511,0.0506,20.0,0.0503,22.0,11668.0,92.0
2021-01-05 09:34:45.200,0.0511,0.0506,32.0,0.0503,10.0,11668.0,92.0
2021-01-05 09:34:45.721,0.0511,0.0506,20.0,0.0503,22.0,11668.0,92.0
2021-01-05 09:34:46.201,0.0511,0.0506,32.0,0.0503,10.0,11668.0,92.0
2021-01-05 09:34:46.660,0.0511,0.0506,20.0,0.0503,22.0,11668.0,92.0
2021-01-05 09:34:47.181,0.0511,0.0506,20.0,0.0503,22.0,11668.0,92.0
2021-01-05 09:34:47.701,0.0511,0.0506,32.0,0.0503,10.0,11668.0,92.0
2021-01-05 09:34:48.141,0.0511,0.0506,32.0,0.0503,10.0,11668.0,92.0
2021-01-05 09:34:49.701,0.0511,0.0506,20.0,0.0503,22.0,11668.0,92.0
2021-01-05 09:34:50.220,0.0511,0.0506,20.0,0.0504,12.0,11668.0,92.0
2021-01-05 09:34:50.700,0.0511,0.0506,20.0,0.0504,12.0,11668.0,92.0
2021-01-05 09:34:51.200,0.0511,0.0507,12.0,0.0503,22.0,11668.0,92.0
2021-01-05 09:34:51.701,0.0511,0.0508,32.0,0.0504,12.0,11668.0,92.0
2021-01-05 09:34:52.101,0.0511,0.0507,12.0,0.0503,12.0,11668.0,92.0
2021-01-05 09:34:52.650,0.0511,0.0507,12.0,0.0502,12.0,11668.0,92.0
2021-01-05 09:34:53.180,0.0511,0.0506,12.0,0.05,1.0,11668.0,92.0
2021-01-05 09:34:53.651,0.0511,0.0505,12.0,0.05,1.0,11668.0,92.0
2021-01-05 09:34:54.170,0.0511,0.0504,12.0,0.05,1.0,11668.0,92.0
2021-01-05 09:34:54.631,0.0511,0.0504,32.0,0.05,1.0,11668.0,92.0
2021-01-05 09:34:55.040,0.0511,0.0502,12.0,0.05,1.0,11668.0,92.0
2021-01-05 09:34:55.680,0.0511,0.0502,12.0,0.05,1.0,11668.0,92.0
2021-01-05 09:34:56.141,0.0511,0.0501,12.0,0.05,1.0,11668.0,92.0
2021-01-05 09:34:56.681,0.0511,0.0501,12.0,0.05,1.0,11668.0,92.0
2021-01-05 09:34:57.130,0.05,0.0501,12.0,0.0497,10.0,11668.0,93.0
2021-01-05 09:34:57.670,0.05,0.05,12.0,0.0497,10.0,11668.0,93.0
2021-01-05 09:34:58.160,0.05,0.05,12.0,0.0496,12.0,11668.0,93.0
2021-01-05 09:34:58.640,0.05,0.0501,22.0,0.0496,12.0,11668.0,93.0
2021-01-05 09:34:59.151,0.05,0.05,10.0,0.0494,20.0,11668.0,93.0
2021-01-05 09:34:59.610,0.05,0.0496,2.0,0.0495,12.0,11668.0,93.0
2021-01-05 09:35:00.160,0.0496,0.05,30.0,0.0496,11.0,11668.0,95.0
2021-01-05 09:35:00.630,0.0496,0.05,20.0,0.0496,12.0,11668.0,95.0
2021-01-05 09:35:01.070,0.0496,0.05,34.0,0.0496,12.0,11668.0,95.0
2021-01-05 09:35:01.620,0.0496,0.0499,2.0,0.0496,12.0,11668.0,95.0
2021-01-05 09:35:02.181,0.0496,0.0499,2.0,0.0497,12.0,11668.0,95.0
2021-01-05 09:35:02.680,0.0496,0.0499,2.0,0.0497,12.0,11668.0,95.0
2021-01-05 09:35:03.180,0.0496,0.0499,2.0,0.0497,12.0,11668.0,95.0
2021-01-05 09:35:03.660,0.0496,0.0499,2.0,0.0497,12.0,11668.0,95.0
2021-01-05 09:35:04.061,0.0496,0.0499,12.0,0.0497,12.0,11668.0,95.0
2021-01-05 09:35:05.180,0.0496,0.0499,12.0,0.0496,22.0,11668.0,95.0
2021-01-05 09:35:05.671,0.0496,0.0499,12.0,0.0498,12.0,11668.0,95.0
2021-01-05 09:35:06.180,0.0496,0.0499,2.0,0.0497,22.0,11668.0,95.0
2021-01-05 09:35:06.680,0.0499,0.0501,10.0,0.0499,12.0,11668.0,97.0
2021-01-05 09:35:07.131,0.0499,0.0501,10.0,0.0499,12.0,11680.0,109.0
2021-01-05 09:35:07.650,0.0499,0.05,12.0,0.0496,12.0,11680.0,109.0
2021-01-05 09:35:08.171,0.0499,0.0499,12.0,0.0495,22.0,11680.0,109.0
2021-01-05 09:35:09.191,0.0499,0.0498,12.0,0.0494,10.0,11680.0,109.0
2021-01-05 09:35:09.700,0.0499,0.0498,32.0,0.0494,10.0,11680.0,109.0
2021-01-05 09:35:10.180,0.0499,0.0497,12.0,0.0494,10.0,11680.0,109.0
2021-01-05 09:35:10.691,0.0499,0.0497,12.0,0.0494,10.0,11680.0,109.0
2021-01-05 09:35:11.120,0.0499,0.0497,20.0,0.0494,10.0,11680.0,109.0
2021-01-05 09:35:11.680,0.0499,0.0495,12.0,0.0493,21.0,11680.0,109.0
2021-01-05 09:35:12.101,0.0499,0.0496,12.0,0.0493,21.0,11680.0,109.0
2021-01-05 09:35:12.691,0.0499,0.0497,70.0,0.0494,12.0,11680.0,109.0
2021-01-05 09:35:13.160,0.0499,0.0497,100.0,0.0495,12.0,11680.0,109.0
2021-01-05 09:35:13.640,0.0497,0.0497,108.0,0.0495,22.0,11682.0,111.0
2021-01-05 09:35:14.191,0.0497,0.0497,115.0,0.0496,10.0,11695.0,124.0
2021-01-05 09:35:14.700,0.0497,0.0497,125.0,0.0496,10.0,11695.0,124.0
2021-01-05 09:35:15.200,0.0497,0.0497,111.0,0.0496,24.0,11698.0,138.0
2021-01-05 09:35:15.701,0.0497,0.0497,109.0,0.0496,10.0,11710.0,160.0
2021-01-05 09:35:16.141,0.0497,0.0497,117.0,0.0496,20.0,11722.0,172.0
2021-01-05 09:35:16.681,0.0497,0.0497,149.0,0.0496,20.0,11722.0,172.0
2021-01-05 09:35:17.190,0.0497,0.0497,149.0,0.0496,20.0,11722.0,172.0
2021-01-05 09:35:18.170,0.0497,0.0497,137.0,0.0496,20.0,11722.0,172.0
2021-01-05 09:35:18.681,0.0497,0.0497,137.0,0.0496,32.0,11722.0,172.0
2021-01-05 09:35:19.180,0.0497,0.0497,137.0,0.0496,32.0,11722.0,172.0
2021-01-05 09:35:19.641,0.0497,0.0497,118.0,0.0496,20.0,11741.0,191.0
2021-01-05 09:35:20.120,0.0497,0.0497,106.0,0.0496,34.0,11753.0,203.0
2021-01-05 09:35:20.690,0.0496,0.0496,2.0,0.0494,10.0,11753.0,223.0
2021-01-05 09:35:21.180,0.0497,0.0497,96.0,0.0496,6.0,11753.0,237.0
2021-01-05 09:35:21.601,0.0497,0.0497,98.0,0.0496,6.0,11753.0,247.0
2021-01-05 09:35:22.171,0.0497,0.0497,76.0,0.0496,6.0,11753.0,257.0
2021-01-05 09:35:22.650,0.0497,0.0497,76.0,0.0496,16.0,11753.0,257.0
2021-01-05 09:35:23.151,0.0497,0.0497,76.0,0.0496,16.0,11753.0,257.0
2021-01-05 09:35:23.680,0.0497,0.0497,88.0,0.0496,10.0,11753.0,257.0
2021-01-05 09:35:24.171,0.0497,0.0497,76.0,0.0496,10.0,11753.0,257.0
2021-01-05 09:35:24.671,0.0497,0.0497,88.0,0.0496,10.0,11753.0,257.0
2021-01-05 09:35:25.170,0.0497,0.0497,98.0,0.0496,10.0,11753.0,257.0
2021-01-05 09:35:25.660,0.0496,0.0496,2.0,0.0494,10.0,11753.0,267.0
2021-01-05 09:35:26.160,0.0496,0.0497,86.0,0.0494,22.0,11753.0,267.0
2021-01-05 09:35:26.651,0.0496,0.0497,98.0,0.0494,10.0,11753.0,267.0
2021-01-05 09:35:27.641,0.0496,0.0497,86.0,0.0494,10.0,11753.0,267.0
2021-01-05 09:35:27.981,0.0496,0.0497,86.0,0.0495,12.0,11753.0,267.0
2021-01-05 09:35:30.121,0.0496,0.0497,86.0,0.0494,22.0,11753.0,267.0
2021-01-05 09:35:30.690,0.0496,0.0497,87.0,0.0494,22.0,11753.0,267.0
2021-01-05 09:35:31.170,0.0496,0.0497,77.0,0.0495,10.0,11753.0,267.0
2021-01-05 09:35:31.700,0.0496,0.0497,77.0,0.0495,12.0,11753.0,267.0
2021-01-05 09:35:32.161,0.0496,0.0497,77.0,0.0495,10.0,11753.0,267.0
2021-01-05 09:35:32.630,0.0496,0.0497,89.0,0.0495,10.0,11753.0,267.0
2021-01-05 09:35:33.160,0.0496,0.0497,89.0,0.0494,20.0,11753.0,267.0
2021-01-05 09:35:33.640,0.0496,0.0496,12.0,0.0494,10.0,11753.0,267.0
2021-01-05 09:35:34.180,0.0496,0.0495,12.0,0.0494,10.0,11753.0,267.0
2021-01-05 09:35:34.691,0.0496,0.0496,12.0,0.0494,10.0,11753.0,267.0
2021-01-05 09:35:35.200,0.0496,0.0497,89.0,0.0494,10.0,11753.0,267.0
2021-01-05 09:35:35.600,0.0496,0.0497,99.0,0.0493,13.0,11753.0,267.0
2021-01-05 09:35:36.180,0.0496,0.0497,109.0,0.0493,13.0,11753.0,267.0
2021-01-05 09:35:36.601,0.0496,0.0497,99.0,0.0493,13.0,11753.0,267.0
2021-01-05 09:35:37.581,0.0496,0.0497,77.0,0.0494,12.0,11753.0,267.0
2021-01-05 09:35:38.190,0.0496,0.0497,77.0,0.0494,12.0,11753.0,267.0
2021-01-05 09:35:38.670,0.0496,0.0497,77.0,0.0495,12.0,11753.0,267.0
2021-01-05 09:35:39.140,0.0496,0.0497,77.0,0.0495,12.0,11753.0,267.0
2021-01-05 09:35:39.690,0.0496,0.0497,77.0,0.0495,12.0,11753.0,267.0
2021-01-05 09:35:40.191,0.0496,0.0497,77.0,0.0495,10.0,11753.0,267.0
2021-01-05 09:35:40.691,0.0496,0.0497,77.0,0.0495,10.0,11753.0,267.0
2021-01-05 09:35:41.190,0.0496,0.0497,77.0,0.0495,10.0,11753.0,267.0
2021-01-05 09:35:42.160,0.0496,0.0497,89.0,0.0493,23.0,11753.0,267.0
2021-01-05 09:35:42.581,0.0496,0.0496,12.0,0.0493,11.0,11753.0,267.0
2021-01-05 09:35:43.190,0.0496,0.0496,12.0,0.0493,1.0,11753.0,267.0
2021-01-05 09:35:43.661,0.0496,0.0497,77.0,0.0493,1.0,11753.0,267.0
2021-01-05 09:35:44.041,0.0496,0.0497,77.0,0.0493,1.0,11753.0,267.0
2021-01-05 09:35:44.600,0.0496,0.0495,12.0,0.0493,1.0,11753.0,267.0
2021-01-05 09:35:45.071,0.0496,0.0496,32.0,0.0493,1.0,11753.0,267.0
2021-01-05 09:35:45.670,0.0496,0.0496,32.0,0.0493,1.0,11753.0,267.0
2021-01-05 09:35:46.170,0.0496,0.0495,22.0,0.0493,1.0,11753.0,267.0
2021-01-05 09:35:46.700,0.0496,0.0495,22.0,0.0493,1.0,11753.0,267.0
2021-01-05 09:35:47.201,0.0496,0.0495,22.0,0.0493,1.0,11753.0,267.0
2021-01-05 09:35:47.691,0.0496,0.0494,12.0,0.0493,1.0,11753.0,267.0
2021-01-05 09:35:48.181,0.0493,0.0493,11.0,0.0491,10.0,11754.0,268.0
2021-01-05 09:35:48.650,0.0493,0.0495,32.0,0.0491,32.0,11754.0,268.0
2021-01-05 09:35:49.190,0.0493,0.0494,12.0,0.0491,10.0,11754.0,268.0
2021-01-05 09:35:49.701,0.0493,0.0494,12.0,0.0491,10.0,11754.0,268.0
2021-01-05 09:35:50.121,0.0493,0.0494,12.0,0.0491,10.0,11754.0,268.0
2021-01-05 09:35:50.680,0.0493,0.0495,52.0,0.0491,22.0,11754.0,268.0
2021-01-05 09:35:51.710,0.0493,0.0495,10.0,0.0494,10.0,11754.0,268.0
2021-01-05 09:35:52.190,0.0493,0.0495,10.0,0.0492,12.0,11754.0,268.0
2021-01-05 09:35:52.661,0.0493,0.0495,22.0,0.0491,32.0,11754.0,268.0
2021-01-05 09:35:53.631,0.0493,0.0496,32.0,0.0492,12.0,11754.0,268.0
2021-01-05 09:35:54.161,0.0493,0.0496,22.0,0.0492,32.0,11754.0,268.0
2021-01-05 09:35:54.640,0.0493,0.0497,109.0,0.0493,12.0,11754.0,268.0
2021-01-05 09:35:55.181,0.0493,0.0497,77.0,0.0495,10.0,11754.0,268.0
2021-01-05 09:35:55.691,0.0493,0.0497,77.0,0.0495,22.0,11754.0,268.0
2021-01-05 09:35:56.690,0.0493,0.0497,77.0,0.0494,22.0,11754.0,268.0
2021-01-05 09:35:57.681,0.0493,0.0497,77.0,0.0496,12.0,11754.0,268.0
2021-01-05 09:35:58.150,0.0493,0.0497,77.0,0.0495,12.0,11754.0,268.0
2021-01-05 09:35:59.160,0.0493,0.0497,77.0,0.0495,12.0,11754.0,268.0
2021-01-05 09:36:00.201,0.0493,0.0497,87.0,0.0494,12.0,11754.0,268.0
2021-01-05 09:36:00.680,0.0493,0.0497,77.0,0.0494,12.0,11754.0,268.0
2021-01-05 09:36:01.671,0.0493,0.0497,77.0,0.0494,12.0,11754.0,268.0
2021-01-05 09:36:02.170,0.0493,0.0497,77.0,0.0494,22.0,11754.0,268.0
2021-01-05 09:36:02.701,0.0493,0.0497,77.0,0.0495,22.0,11754.0,268.0
2021-01-05 09:36:03.150,0.0493,0.0497,77.0,0.0495,22.0,11754.0,268.0
2021-01-05 09:36:03.700,0.0493,0.0497,77.0,0.0495,22.0,11754.0,268.0
2021-01-05 09:36:04.201,0.0493,0.0497,77.0,0.0496,12.0,11754.0,268.0
2021-01-05 09:36:04.670,0.0493,0.0497,77.0,0.0496,22.0,11754.0,268.0
2021-01-05 09:36:05.150,0.0493,0.0497,77.0,0.0496,12.0,11754.0,268.0
2021-01-05 09:36:05.690,0.0493,0.0497,87.0,0.0496,12.0,11754.0,268.0
2021-01-05 09:36:06.180,0.0493,0.0497,77.0,0.0496,12.0,11754.0,268.0
2021-01-05 09:36:06.700,0.0493,0.0497,77.0,0.0496,12.0,11754.0,268.0
2021-01-05 09:36:07.640,0.0497,0.0497,75.0,0.0496,12.0,11754.0,270.0
2021-01-05 09:36:08.170,0.0497,0.0497,75.0,0.0496,12.0,11754.0,270.0
2021-01-05 09:36:09.161,0.0497,0.0497,75.0,0.0496,12.0,11754.0,270.0
2021-01-05 09:36:09.691,0.0497,0.0497,75.0,0.0496,12.0,11754.0,270.0
2021-01-05 09:36:10.151,0.0497,0.0497,62.0,0.0495,10.0,11755.0,283.0
2021-01-05 09:36:10.671,0.0497,0.0497,50.0,0.0496,10.0,11755.0,295.0
2021-01-05 09:36:11.180,0.0497,0.0497,50.0,0.0496,10.0,11755.0,295.0
2021-01-05 09:36:11.651,0.0497,0.0497,62.0,0.0496,10.0,11755.0,295.0
2021-01-05 09:36:12.181,0.0497,0.0497,50.0,0.0494,22.0,11755.0,295.0
2021-01-05 09:36:12.690,0.0497,0.0497,62.0,0.0494,10.0,11755.0,295.0
2021-01-05 09:36:13.190,0.0497,0.0497,50.0,0.0494,22.0,11755.0,295.0
2021-01-05 09:36:13.920,0.0497,0.0497,50.0,0.0495,10.0,11755.0,295.0
2021-01-05 09:36:14.690,0.0497,0.0497,50.0,0.0495,10.0,11755.0,295.0
2021-01-05 09:36:15.170,0.0497,0.0497,50.0,0.0495,22.0,11755.0,295.0
2021-01-05 09:36:15.660,0.0497,0.0497,50.0,0.0495,22.0,11755.0,295.0
2021-01-05 09:36:16.150,0.0497,0.0497,50.0,0.0495,32.0,11755.0,295.0
2021-01-05 09:36:18.640,0.0497,0.0497,49.0,0.0496,12.0,11756.0,296.0
2021-01-05 09:36:19.151,0.0497,0.0497,49.0,0.0495,20.0,11756.0,296.0
2021-01-05 09:36:19.691,0.0497,0.0497,49.0,0.0495,32.0,11756.0,296.0
2021-01-05 09:36:20.161,0.0497,0.0497,49.0,0.0496,20.0,11756.0,296.0
2021-01-05 09:36:20.690,0.0497,0.0497,49.0,0.0496,20.0,11756.0,296.0
2021-01-05 09:36:21.191,0.0497,0.0497,49.0,0.0496,32.0,11756.0,296.0
2021-01-05 09:36:21.691,0.0497,0.0497,49.0,0.0496,20.0,11756.0,296.0
2021-01-05 09:36:22.171,0.0497,0.0497,49.0,0.0496,20.0,11756.0,296.0
2021-01-05 09:36:22.680,0.0497,0.0497,49.0,0.0496,30.0,11756.0,296.0
2021-01-05 09:36:23.681,0.0497,0.0497,49.0,0.0496,10.0,11756.0,296.0
2021-01-05 09:36:24.171,0.0497,0.0497,49.0,0.0494,42.0,11756.0,296.0
2021-01-05 09:36:24.701,0.0497,0.0497,49.0,0.0494,42.0,11756.0,296.0
2021-01-05 09:36:25.191,0.0497,0.0497,49.0,0.0494,32.0,11756.0,296.0
2021-01-05 09:36:25.690,0.0497,0.0497,49.0,0.0495,22.0,11756.0,296.0
2021-01-05 09:36:26.171,0.0497,0.0497,49.0,0.0495,10.0,11756.0,296.0
2021-01-05 09:36:26.651,0.0497,0.0497,49.0,0.0495,10.0,11756.0,296.0
2021-01-05 09:36:27.070,0.0497,0.0497,49.0,0.0494,42.0,11756.0,296.0
2021-01-05 09:36:27.690,0.0497,0.0497,49.0,0.0494,22.0,11756.0,296.0
2021-01-05 09:36:28.190,0.0497,0.0497,61.0,0.0494,10.0,11756.0,296.0
2021-01-05 09:36:28.681,0.0497,0.0496,10.0,0.0493,12.0,11756.0,296.0
2021-01-05 09:36:29.171,0.0497,0.0496,22.0,0.0492,22.0,11756.0,296.0
2021-01-05 09:36:29.661,0.0497,0.0496,10.0,0.0493,12.0,11756.0,296.0
2021-01-05 09:36:30.161,0.0497,0.0496,10.0,0.0493,12.0,11756.0,296.0
2021-01-05 09:36:30.700,0.0497,0.0496,10.0,0.0494,12.0,11756.0,296.0
2021-01-05 09:36:31.181,0.0497,0.0496,22.0,0.0493,10.0,11756.0,296.0
2021-01-05 09:36:32.130,0.0497,0.0495,12.0,0.0493,10.0,11756.0,296.0
2021-01-05 09:36:32.660,0.0497,0.0496,22.0,0.0493,10.0,11756.0,296.0
2021-01-05 09:36:33.200,0.0497,0.0497,59.0,0.0495,12.0,11756.0,296.0
2021-01-05 09:36:33.670,0.0497,0.0497,59.0,0.0495,12.0,11756.0,296.0
2021-01-05 09:36:34.091,0.0497,0.0497,81.0,0.0493,32.0,11756.0,296.0
2021-01-05 09:36:35.150,0.0497,0.0497,59.0,0.0495,12.0,11756.0,296.0
2021-01-05 09:36:35.701,0.0497,0.0497,59.0,0.0494,22.0,11756.0,296.0
2021-01-05 09:36:36.191,0.0497,0.0497,59.0,0.0494,12.0,11756.0,296.0
2021-01-05 09:36:36.700,0.0497,0.0497,81.0,0.0493,22.0,11756.0,296.0
2021-01-05 09:36:37.190,0.0497,0.0497,81.0,0.0493,12.0,11756.0,296.0
2021-01-05 09:36:38.120,0.0497,0.0497,71.0,0.0493,12.0,11756.0,296.0
2021-01-05 09:36:38.640,0.0496,0.0496,9.0,0.0493,12.0,11757.0,297.0
2021-01-05 09:36:40.191,0.0496,0.0497,61.0,0.0494,10.0,11757.0,297.0
2021-01-05 09:36:40.700,0.0496,0.0495,12.0,0.0493,20.0,11757.0,297.0
2021-01-05 09:36:41.201,0.0496,0.0495,12.0,0.0493,20.0,11757.0,297.0
2021-01-05 09:36:41.641,0.0496,0.0496,12.0,0.0493,20.0,11757.0,297.0
2021-01-05 09:36:42.200,0.0496,0.0495,12.0,0.0493,20.0,11757.0,297.0
2021-01-05 09:36:42.690,0.0496,0.0497,59.0,0.0493,20.0,11757.0,297.0
2021-01-05 09:36:43.180,0.0496,0.0495,12.0,0.0493,20.0,11757.0,297.0
2021-01-05 09:36:43.700,0.0496,0.0495,12.0,0.0493,10.0,11757.0,297.0
2021-01-05 09:36:44.200,0.0496,0.0495,12.0,0.0493,10.0,11757.0,297.0
2021-01-05 09:36:45.191,0.0496,0.0495,22.0,0.0492,10.0,11757.0,297.0
2021-01-05 09:36:45.631,0.0496,0.0494,12.0,0.0492,10.0,11757.0,297.0
2021-01-05 09:36:46.190,0.0496,0.0493,12.0,0.0491,20.0,11757.0,297.0
2021-01-05 09:36:46.501,0.0496,0.0493,12.0,0.049,11.0,11757.0,297.0
2021-01-05 09:36:47.130,0.0496,0.0493,12.0,0.049,11.0,11757.0,297.0
2021-01-05 09:36:47.660,0.0496,0.0493,12.0,0.049,1.0,11757.0,297.0
2021-01-05 09:36:48.130,0.0496,0.0493,12.0,0.049,1.0,11757.0,297.0
2021-01-05 09:36:48.630,0.0496,0.0494,20.0,0.049,1.0,11757.0,297.0
2021-01-05 09:36:49.181,0.0496,0.0493,10.0,0.049,13.0,11757.0,297.0
2021-01-05 09:36:50.201,0.0496,0.0493,10.0,0.049,13.0,11757.0,297.0
2021-01-05 09:36:50.670,0.0496,0.0493,10.0,0.049,13.0,11757.0,297.0
2021-01-05 09:36:51.171,0.0496,0.0493,10.0,0.049,13.0,11757.0,297.0
2021-01-05 09:36:51.671,0.0496,0.0493,10.0,0.049,13.0,11757.0,297.0
2021-01-05 09:36:53.191,0.0496,0.0493,10.0,0.049,13.0,11757.0,297.0
2021-01-05 09:36:53.680,0.0496,0.0493,22.0,0.049,1.0,11757.0,297.0
2021-01-05 09:36:54.180,0.0496,0.0493,10.0,0.049,13.0,11757.0,297.0
2021-01-05 09:36:54.291,0.0496,0.0494,32.0,0.049,13.0,11757.0,297.0
2021-01-05 09:36:55.171,0.0494,0.0493,12.0,0.049,1.0,11767.0,307.0
2021-01-05 09:36:55.651,0.0494,0.0494,22.0,0.049,23.0,11767.0,307.0
2021-01-05 09:36:56.141,0.0494,0.0494,22.0,0.049,23.0,11767.0,307.0
2021-01-05 09:36:57.630,0.0494,0.0494,10.0,0.0491,12.0,11767.0,307.0
2021-01-05 09:36:58.160,0.0494,0.0494,10.0,0.0491,12.0,11767.0,307.0
2021-01-05 09:36:58.610,0.0494,0.0494,10.0,0.0492,12.0,11767.0,307.0
2021-01-05 09:36:59.181,0.0494,0.0494,10.0,0.0491,12.0,11767.0,307.0
2021-01-05 09:36:59.690,0.0494,0.0494,20.0,0.0491,12.0,11767.0,307.0
2021-01-05 09:37:00.700,0.0494,0.0494,20.0,0.0492,12.0,11767.0,307.0
2021-01-05 09:37:01.640,0.0494,0.0494,20.0,0.0492,12.0,11767.0,307.0
2021-01-05 09:37:02.191,0.0494,0.0494,20.0,0.0492,12.0,11767.0,307.0
2021-01-05 09:37:02.610,0.0494,0.0495,10.0,0.0492,12.0,11767.0,307.0
2021-01-05 09:37:03.151,0.0494,0.0494,10.0,0.0492,12.0,11767.0,307.0
2021-01-05 09:37:03.630,0.0494,0.0495,10.0,0.0492,12.0,11767.0,307.0
2021-01-05 09:37:04.200,0.0495,0.0495,5.0,0.0492,10.0,11772.0,312.0
2021-01-05 09:37:04.690,0.0495,0.0495,5.0,0.0494,12.0,11772.0,312.0
2021-01-05 09:37:05.140,0.0495,0.0495,5.0,0.0492,22.0,11772.0,312.0
2021-01-05 09:37:05.701,0.0495,0.0496,10.0,0.0493,12.0,11772.0,312.0
2021-01-05 09:37:06.171,0.0495,0.0496,10.0,0.0492,10.0,11772.0,312.0
2021-01-05 09:37:06.171,0.0495,0.0496,22.0,0.0492,22.0,11772.0,312.0
2021-01-05 09:37:07.180,0.0495,0.0496,22.0,0.0492,22.0,11772.0,312.0
2021-01-05 09:37:07.681,0.0495,0.0495,12.0,0.0492,10.0,11772.0,312.0
2021-01-05 09:37:08.200,0.0495,0.0494,12.0,0.0492,10.0,11772.0,312.0
2021-01-05 09:37:08.630,0.0495,0.0494,12.0,0.049,43.0,11772.0,312.0
2021-01-05 09:37:09.170,0.0495,0.0493,10.0,0.049,23.0,11772.0,312.0
2021-01-05 09:37:09.660,0.0495,0.0494,12.0,0.049,23.0,11772.0,312.0
2021-01-05 09:37:10.140,0.0495,0.0494,10.0,0.0491,10.0,11772.0,312.0
2021-01-05 09:37:10.701,0.0495,0.0495,22.0,0.0492,10.0,11772.0,312.0
2021-01-05 09:37:11.201,0.0495,0.0495,22.0,0.0492,20.0,11772.0,312.0
2021-01-05 09:37:11.700,0.0495,0.0494,12.0,0.0492,20.0,11772.0,312.0
2021-01-05 09:37:12.131,0.0495,0.0494,12.0,0.0492,20.0,11772.0,312.0
2021-01-05 09:37:13.681,0.0495,0.0493,12.0,0.0492,20.0,11772.0,312.0
2021-01-05 09:37:14.130,0.0495,0.0494,10.0,0.0493,1.0,11772.0,312.0
2021-01-05 09:37:14.651,0.0495,0.0494,22.0,0.0493,1.0,11772.0,312.0
2021-01-05 09:37:15.160,0.0493,0.0493,12.0,0.0492,10.0,11772.0,313.0
2021-01-05 09:37:15.671,0.0493,0.0493,10.0,0.0492,10.0,11772.0,313.0
2021-01-05 09:37:16.190,0.0493,0.0493,10.0,0.0492,10.0,11772.0,313.0
2021-01-05 09:37:16.501,0.0493,0.0495,10.0,0.0492,32.0,11772.0,313.0
2021-01-05 09:37:17.200,0.0493,0.0495,10.0,0.0492,20.0,11772.0,313.0
2021-01-05 09:37:17.671,0.0493,0.0494,12.0,0.0492,20.0,11772.0,313.0
2021-01-05 09:37:18.061,0.0493,0.0494,12.0,0.0492,20.0,11772.0,313.0
2021-01-05 09:37:18.710,0.0493,0.0494,22.0,0.0492,20.0,11772.0,313.0
2021-01-05 09:37:18.891,0.0493,0.0493,10.0,0.0492,10.0,11772.0,313.0
2021-01-05 09:37:19.711,0.0493,0.0493,10.0,0.0492,10.0,11772.0,313.0
2021-01-05 09:37:20.211,0.0493,0.0493,10.0,0.0491,10.0,11772.0,313.0
2021-01-05 09:37:20.691,0.0493,0.0493,10.0,0.0491,10.0,11772.0,313.0
2021-01-05 09:37:21.200,0.0493,0.0494,10.0,0.0491,22.0,11772.0,313.0
2021-01-05 09:37:21.701,0.0493,0.0494,12.0,0.0492,10.0,11772.0,313.0
2021-01-05 09:37:22.030,0.0493,0.0494,12.0,0.0492,10.0,11772.0,313.0
2021-01-05 09:37:23.150,0.0493,0.0494,12.0,0.0493,10.0,11772.0,313.0
2021-01-05 09:37:23.701,0.0493,0.0494,22.0,0.0493,10.0,11772.0,313.0
2021-01-05 09:37:24.080,0.0493,0.0494,22.0,0.0493,10.0,11772.0,313.0
2021-01-05 09:37:24.631,0.0493,0.0494,10.0,0.0493,10.0,11772.0,313.0
2021-01-05 09:37:25.200,0.0493,0.0494,22.0,0.0493,10.0,11772.0,313.0
2021-01-05 09:37:25.670,0.0493,0.0494,10.0,0.0493,10.0,11772.0,313.0
2021-01-05 09:37:26.650,0.0493,0.0494,10.0,0.0493,10.0,11772.0,313.0
2021-01-05 09:37:28.151,0.0493,0.0495,22.0,0.0493,10.0,11772.0,313.0
2021-01-05 09:37:29.130,0.0493,0.0494,22.0,0.0493,10.0,11772.0,313.0
2021-01-05 09:37:30.191,0.0493,0.0495,10.0,0.0493,10.0,11772.0,313.0
2021-01-05 09:37:30.650,0.0493,0.0493,2.0,0.0492,10.0,11772.0,323.0
2021-01-05 09:37:31.190,0.0493,0.0495,10.0,0.0492,32.0,11772.0,323.0
2021-01-05 09:37:31.691,0.0493,0.0495,10.0,0.0492,32.0,11772.0,323.0
2021-01-05 09:37:32.181,0.0493,0.0494,10.0,0.0492,32.0,11772.0,323.0
2021-01-05 09:37:32.651,0.0493,0.0494,10.0,0.0492,20.0,11772.0,323.0
2021-01-05 09:37:33.180,0.0493,0.0494,22.0,0.0492,10.0,11772.0,323.0
2021-01-05 09:37:33.701,0.0493,0.0494,10.0,0.0492,22.0,11772.0,323.0
2021-01-05 09:37:34.200,0.0493,0.0494,10.0,0.0492,22.0,11772.0,323.0
2021-01-05 09:37:34.500,0.0493,0.0494,10.0,0.0492,22.0,11772.0,323.0
2021-01-05 09:37:35.170,0.0493,0.0494,10.0,0.0492,22.0,11772.0,323.0
2021-01-05 09:37:35.650,0.0493,0.0495,10.0,0.0492,22.0,11772.0,323.0
2021-01-05 09:37:36.200,0.0493,0.0494,10.0,0.0492,10.0,11772.0,323.0
2021-01-05 09:37:36.671,0.0493,0.0496,12.0,0.0492,22.0,11772.0,323.0
2021-01-05 09:37:37.180,0.0493,0.0495,22.0,0.0492,10.0,11772.0,323.0
2021-01-05 09:37:37.691,0.0493,0.0495,10.0,0.0492,32.0,11772.0,323.0
2021-01-05 09:37:38.651,0.0493,0.0495,10.0,0.0493,10.0,11772.0,323.0
2021-01-05 09:37:39.170,0.0493,0.0496,22.0,0.0493,10.0,11772.0,323.0
2021-01-05 09:37:39.700,0.0493,0.0496,10.0,0.0493,22.0,11772.0,323.0
2021-01-05 09:37:40.701,0.0493,0.0496,10.0,0.0494,12.0,11772.0,323.0
2021-01-05 09:37:42.130,0.0493,0.0496,10.0,0.0494,12.0,11772.0,323.0
2021-01-05 09:37:43.181,0.0493,0.0496,10.0,0.0494,22.0,11772.0,323.0
2021-01-05 09:37:43.671,0.0493,0.0496,10.0,0.0494,22.0,11772.0,323.0
2021-01-05 09:37:44.651,0.0493,0.0497,59.0,0.0494,22.0,11772.0,323.0
2021-01-05 09:37:45.191,0.0493,0.0497,59.0,0.0495,22.0,11772.0,323.0
2021-01-05 09:37:45.650,0.0493,0.0497,59.0,0.0495,22.0,11772.0,323.0
2021-01-05 09:37:46.180,0.0493,0.0497,59.0,0.0495,22.0,11772.0,323.0
2021-01-05 09:37:46.601,0.0493,0.0497,59.0,0.0495,22.0,11772.0,323.0
2021-01-05 09:37:47.661,0.0493,0.0497,59.0,0.0495,12.0,11772.0,323.0
2021-01-05 09:37:48.700,0.0493,0.0497,59.0,0.0496,12.0,11772.0,323.0
2021-01-05 09:37:49.190,0.0493,0.0497,59.0,0.0494,22.0,11772.0,323.0
2021-01-05 09:37:49.670,0.0493,0.0497,59.0,0.0495,12.0,11772.0,323.0
2021-01-05 09:37:50.220,0.0493,0.0497,59.0,0.0494,22.0,11772.0,323.0
2021-01-05 09:37:50.721,0.0493,0.0497,49.0,0.0494,22.0,11772.0,323.0
2021-01-05 09:37:51.161,0.0493,0.0497,49.0,0.0494,22.0,11772.0,323.0
2021-01-05 09:37:51.691,0.0493,0.0496,10.0,0.0493,22.0,11772.0,323.0
2021-01-05 09:37:52.191,0.0493,0.0497,71.0,0.0493,22.0,11772.0,323.0
2021-01-05 09:37:52.660,0.0493,0.0497,71.0,0.0493,36.0,11772.0,323.0
2021-01-05 09:37:53.161,0.0493,0.0497,71.0,0.0494,10.0,11772.0,323.0
2021-01-05 09:37:53.680,0.0493,0.0497,71.0,0.0493,22.0,11772.0,323.0
2021-01-05 09:37:54.170,0.0493,0.0497,71.0,0.0494,10.0,11772.0,323.0
2021-01-05 09:37:56.121,0.0493,0.0497,61.0,0.0494,10.0,11772.0,323.0
2021-01-05 09:37:56.611,0.0493,0.0497,71.0,0.0494,10.0,11772.0,323.0
2021-01-05 09:37:57.170,0.0493,0.0497,49.0,0.0494,36.0,11772.0,323.0
2021-01-05 09:37:57.601,0.0493,0.0497,49.0,0.0496,10.0,11772.0,323.0
2021-01-05 09:37:58.141,0.0493,0.0497,49.0,0.0496,10.0,11772.0,323.0
2021-01-05 09:37:58.640,0.0493,0.0497,61.0,0.0496,10.0,11772.0,323.0
2021-01-05 09:37:59.161,0.0493,0.0496,10.0,0.0494,10.0,11772.0,323.0
2021-01-05 09:38:00.100,0.0493,0.0497,71.0,0.0494,24.0,11772.0,323.0
2021-01-05 09:38:00.680,0.0493,0.0496,10.0,0.0494,24.0,11772.0,323.0
2021-01-05 09:38:01.180,0.0493,0.0496,10.0,0.0494,24.0,11772.0,323.0
2021-01-05 09:38:02.181,0.0493,0.0496,10.0,0.0494,10.0,11772.0,323.0
2021-01-05 09:38:02.680,0.0493,0.0496,22.0,0.0494,10.0,11772.0,323.0
2021-01-05 09:38:03.191,0.0493,0.0496,22.0,0.0494,10.0,11772.0,323.0
2021-01-05 09:38:04.190,0.0493,0.0494,15.0,0.0492,20.0,11772.0,323.0
2021-01-05 09:38:04.680,0.0493,0.0494,15.0,0.0493,14.0,11772.0,323.0
2021-01-05 09:38:05.181,0.0493,0.0494,15.0,0.0493,14.0,11772.0,323.0
2021-01-05 09:38:06.151,0.0493,0.0494,15.0,0.0493,14.0,11772.0,323.0
2021-01-05 09:38:06.691,0.0493,0.0494,15.0,0.0492,10.0,11772.0,323.0
2021-01-05 09:38:07.200,0.0493,0.0493,12.0,0.0492,14.0,11772.0,323.0
2021-01-05 09:38:07.690,0.0493,0.0493,22.0,0.049,11.0,11772.0,323.0
2021-01-05 09:38:08.151,0.0493,0.0493,22.0,0.0491,14.0,11772.0,323.0
2021-01-05 09:38:09.160,0.0493,0.0493,22.0,0.049,11.0,11772.0,323.0
2021-01-05 09:38:09.681,0.0493,0.0492,12.0,0.049,11.0,11772.0,323.0
2021-01-05 09:38:10.180,0.0493,0.0492,12.0,0.049,15.0,11772.0,323.0
2021-01-05 09:38:10.670,0.0493,0.0492,12.0,0.049,15.0,11772.0,323.0
2021-01-05 09:38:11.141,0.0493,0.0493,22.0,0.049,15.0,11772.0,323.0
2021-01-05 09:38:12.191,0.0493,0.0494,25.0,0.0491,22.0,11772.0,323.0
2021-01-05 09:38:12.691,0.0493,0.0494,37.0,0.0491,2.0,11772.0,323.0
2021-01-05 09:38:13.110,0.0493,0.0494,47.0,0.0491,2.0,11772.0,323.0
2021-01-05 09:38:14.101,0.0493,0.0493,12.0,0.0491,2.0,11772.0,323.0
2021-01-05 09:38:14.691,0.0491,0.0493,22.0,0.0491,1.0,11773.0,324.0
2021-01-05 09:38:15.150,0.0491,0.0493,32.0,0.0491,1.0,11773.0,324.0
2021-01-05 09:38:15.730,0.0491,0.0492,12.0,0.0491,1.0,11773.0,324.0
2021-01-05 09:38:16.210,0.0491,0.0493,32.0,0.0491,1.0,11773.0,324.0
2021-01-05 09:38:16.731,0.0491,0.0493,32.0,0.0491,1.0,11773.0,324.0
2021-01-05 09:38:17.190,0.0491,0.0492,12.0,0.0491,1.0,11773.0,324.0
2021-01-05 09:38:18.231,0.0491,0.0492,12.0,0.0491,1.0,11773.0,324.0
2021-01-05 09:38:18.660,0.0491,0.0491,9.0,0.049,1.0,11774.0,325.0
2021-01-05 09:38:19.230,0.0491,0.0492,22.0,0.049,1.0,11774.0,325.0
2021-01-05 09:38:19.670,0.0491,0.0491,10.0,0.049,1.0,11774.0,325.0
2021-01-05 09:38:20.671,0.0491,0.0491,10.0,0.049,1.0,11774.0,325.0
2021-01-05 09:38:21.180,0.0491,0.0491,10.0,0.049,1.0,11774.0,325.0
2021-01-05 09:38:21.670,0.0491,0.0491,10.0,0.049,1.0,11774.0,325.0
2021-01-05 09:38:22.141,0.049,0.049,12.0,0.0489,1.0,11775.0,326.0
2021-01-05 09:38:22.661,0.049,0.049,22.0,0.0489,1.0,11775.0,326.0
2021-01-05 09:38:23.201,0.0489,0.0489,12.0,0.0485,32.0,11776.0,327.0
2021-01-05 09:38:23.681,0.0489,0.0489,12.0,0.0486,14.0,11776.0,327.0
2021-01-05 09:38:24.141,0.0489,0.0489,12.0,0.0485,32.0,11776.0,327.0
2021-01-05 09:38:24.671,0.0489,0.0488,12.0,0.0486,14.0,11776.0,327.0
2021-01-05 09:38:25.101,0.0489,0.049,10.0,0.0488,12.0,11776.0,327.0
2021-01-05 09:38:25.700,0.0489,0.049,10.0,0.0488,12.0,11776.0,327.0
2021-01-05 09:38:26.100,0.0489,0.049,10.0,0.0488,12.0,11776.0,327.0
2021-01-05 09:38:26.701,0.0489,0.049,10.0,0.0486,22.0,11776.0,327.0
2021-01-05 09:38:27.151,0.0489,0.049,10.0,0.0488,12.0,11776.0,327.0
2021-01-05 09:38:27.691,0.0489,0.049,10.0,0.0487,12.0,11776.0,327.0
2021-01-05 09:38:28.171,0.0489,0.049,22.0,0.0486,22.0,11776.0,327.0
2021-01-05 09:38:28.680,0.0489,0.049,22.0,0.0486,22.0,11776.0,327.0
2021-01-05 09:38:29.191,0.0489,0.049,22.0,0.0487,14.0,11776.0,327.0
2021-01-05 09:38:29.641,0.0489,0.049,22.0,0.0486,22.0,11776.0,327.0
2021-01-05 09:38:30.061,0.0489,0.049,22.0,0.0486,36.0,11776.0,327.0
2021-01-05 09:38:30.670,0.0489,0.049,10.0,0.0487,12.0,11776.0,327.0
2021-01-05 09:38:31.181,0.0489,0.0489,12.0,0.0486,24.0,11776.0,327.0
2021-01-05 09:38:31.650,0.0489,0.049,22.0,0.0486,36.0,11776.0,327.0
2021-01-05 09:38:32.090,0.0489,0.0487,10.0,0.0486,14.0,11776.0,327.0
2021-01-05 09:38:32.701,0.0489,0.0487,10.0,0.0486,14.0,11776.0,327.0
2021-01-05 09:38:33.070,0.0489,0.0487,25.0,0.0485,22.0,11776.0,327.0
2021-01-05 09:38:33.700,0.0489,0.0487,47.0,0.0483,32.0,11776.0,327.0
2021-01-05 09:38:34.201,0.0489,0.0487,35.0,0.0484,26.0,11776.0,327.0
2021-01-05 09:38:35.200,0.0489,0.0487,35.0,0.0484,12.0,11776.0,327.0
2021-01-05 09:38:35.700,0.0489,0.0487,35.0,0.0484,12.0,11776.0,327.0
2021-01-05 09:38:36.130,0.0489,0.0487,35.0,0.0484,12.0,11776.0,327.0
2021-01-05 09:38:36.691,0.0489,0.0487,35.0,0.0484,12.0,11776.0,327.0
2021-01-05 09:38:37.160,0.0489,0.0487,35.0,0.0484,12.0,11776.0,327.0
2021-01-05 09:38:37.680,0.0489,0.0485,10.0,0.0484,12.0,11776.0,327.0
2021-01-05 09:38:38.161,0.0489,0.0485,10.0,0.0484,12.0,11776.0,327.0
2021-01-05 09:38:38.660,0.0489,0.0485,10.0,0.0484,12.0,11776.0,327.0
2021-01-05 09:38:39.161,0.0489,0.0485,10.0,0.0482,13.0,11776.0,327.0
2021-01-05 09:38:39.661,0.0489,0.0485,22.0,0.0482,1.0,11776.0,327.0
2021-01-05 09:38:40.141,0.0482,0.0483,12.0,0.048,6.0,11776.0,328.0
2021-01-05 09:38:40.591,0.0482,0.0483,12.0,0.048,20.0,11776.0,328.0
2021-01-05 09:38:41.190,0.0482,0.0483,10.0,0.0481,12.0,11776.0,328.0
2021-01-05 09:38:41.611,0.0482,0.0483,10.0,0.048,32.0,11776.0,328.0
2021-01-05 09:38:42.191,0.0482,0.0483,10.0,0.0481,12.0,11776.0,328.0
2021-01-05 09:38:42.700,0.0482,0.0483,10.0,0.048,32.0,11776.0,328.0
2021-01-05 09:38:43.190,0.0482,0.0483,10.0,0.0481,12.0,11776.0,328.0
2021-01-05 09:38:43.701,0.0482,0.0483,10.0,0.048,32.0,11776.0,328.0
2021-01-05 09:38:44.200,0.0482,0.0483,10.0,0.0481,12.0,11776.0,328.0
2021-01-05 09:38:44.690,0.0482,0.0484,10.0,0.0482,12.0,11776.0,328.0
2021-01-05 09:38:45.201,0.0482,0.0483,10.0,0.0482,12.0,11776.0,328.0
2021-01-05 09:38:45.580,0.0482,0.0484,10.0,0.0482,12.0,11776.0,328.0
2021-01-05 09:38:46.200,0.0482,0.0484,10.0,0.0482,12.0,11776.0,328.0
2021-01-05 09:38:46.631,0.0482,0.0483,10.0,0.0482,12.0,11776.0,328.0
2021-01-05 09:38:47.140,0.0482,0.0484,10.0,0.0483,12.0,11776.0,328.0
2021-01-05 09:38:47.691,0.0482,0.0484,10.0,0.0481,36.0,11776.0,328.0
2021-01-05 09:38:48.200,0.0482,0.0485,20.0,0.0483,12.0,11776.0,328.0
2021-01-05 09:38:48.650,0.0482,0.0485,32.0,0.0483,14.0,11776.0,328.0
2021-01-05 09:38:49.130,0.0482,0.0485,32.0,0.0483,14.0,11776.0,328.0
2021-01-05 09:38:49.670,0.0482,0.0485,20.0,0.0483,36.0,11776.0,328.0
2021-01-05 09:38:50.110,0.0482,0.0485,20.0,0.0483,14.0,11776.0,328.0
2021-01-05 09:38:50.651,0.0482,0.0485,20.0,0.0482,22.0,11776.0,328.0
2021-01-05 09:38:51.170,0.0482,0.0485,20.0,0.0482,36.0,11776.0,328.0
2021-01-05 09:38:51.691,0.0482,0.0485,32.0,0.0481,22.0,11776.0,328.0
2021-01-05 09:38:52.140,0.0482,0.0485,32.0,0.0481,36.0,11776.0,328.0
2021-01-05 09:38:52.630,0.0482,0.0484,12.0,0.048,28.0,11776.0,328.0
2021-01-05 09:38:53.191,0.0482,0.0485,52.0,0.0481,12.0,11776.0,328.0
2021-01-05 09:38:53.620,0.0482,0.0484,12.0,0.048,42.0,11776.0,328.0
2021-01-05 09:38:54.690,0.0482,0.0484,12.0,0.048,32.0,11776.0,328.0
2021-01-05 09:38:55.191,0.0482,0.0483,10.0,0.048,32.0,11776.0,328.0
2021-01-05 09:38:55.700,0.0482,0.0483,10.0,0.048,18.0,11776.0,328.0
2021-01-05 09:38:56.190,0.048,0.0483,22.0,0.0479,23.0,11791.0,343.0
2021-01-05 09:38:56.661,0.048,0.048,10.0,0.0479,25.0,11791.0,343.0
2021-01-05 09:38:57.200,0.048,0.0483,10.0,0.048,15.0,11791.0,353.0
2021-01-05 09:38:57.640,0.048,0.0481,10.0,0.048,3.0,11791.0,353.0
2021-01-05 09:38:58.161,0.048,0.0481,10.0,0.048,13.0,11791.0,353.0
2021-01-05 09:38:58.670,0.048,0.0481,10.0,0.048,39.0,11791.0,353.0
2021-01-05 09:38:59.060,0.0481,0.0484,32.0,0.048,28.0,11801.0,363.0
2021-01-05 09:38:59.700,0.0481,0.0484,32.0,0.0481,10.0,11801.0,363.0
2021-01-05 09:39:01.160,0.0481,0.0483,12.0,0.048,10.0,11801.0,363.0
2021-01-05 09:39:01.700,0.0481,0.0484,42.0,0.048,36.0,11801.0,363.0
2021-01-05 09:39:02.170,0.0481,0.0484,30.0,0.0481,12.0,11801.0,363.0
2021-01-05 09:39:02.660,0.0481,0.0483,12.0,0.0479,13.0,11801.0,363.0
2021-01-05 09:39:03.150,0.0481,0.0484,52.0,0.048,12.0,11801.0,363.0
2021-01-05 09:39:03.671,0.0481,0.0484,42.0,0.048,26.0,11801.0,363.0
2021-01-05 09:39:04.161,0.0481,0.0484,20.0,0.0481,12.0,11801.0,363.0
2021-01-05 09:39:04.610,0.0481,0.0484,20.0,0.0481,12.0,11801.0,363.0
2021-01-05 09:39:05.701,0.0481,0.0484,21.0,0.0481,12.0,11801.0,363.0
2021-01-05 09:39:07.200,0.0481,0.0484,21.0,0.0481,12.0,11801.0,363.0
2021-01-05 09:39:08.131,0.0481,0.0484,21.0,0.0481,12.0,11801.0,363.0
2021-01-05 09:39:08.690,0.0481,0.0484,33.0,0.048,36.0,11801.0,363.0
2021-01-05 09:39:09.161,0.0481,0.0484,43.0,0.048,36.0,11801.0,363.0
2021-01-05 09:39:09.601,0.0481,0.0484,43.0,0.048,26.0,11801.0,363.0
2021-01-05 09:39:10.191,0.0481,0.0484,31.0,0.0481,12.0,11801.0,363.0
2021-01-05 09:39:10.721,0.0481,0.0483,12.0,0.0479,23.0,11801.0,363.0
2021-01-05 09:39:11.201,0.0481,0.0482,20.0,0.0479,27.0,11801.0,363.0
2021-01-05 09:39:11.701,0.0481,0.0482,20.0,0.0479,27.0,11801.0,363.0
2021-01-05 09:39:12.220,0.0481,0.0482,10.0,0.048,12.0,11801.0,363.0
2021-01-05 09:39:12.690,0.0481,0.0482,10.0,0.0479,13.0,11801.0,363.0
2021-01-05 09:39:13.720,0.0481,0.0483,20.0,0.0481,12.0,11801.0,363.0
2021-01-05 09:39:14.160,0.0481,0.0482,10.0,0.0479,25.0,11801.0,363.0
2021-01-05 09:39:15.220,0.048,0.0482,10.0,0.048,20.0,11801.0,373.0
2021-01-05 09:39:15.320,0.048,0.0482,22.0,0.048,60.0,11801.0,373.0
2021-01-05 09:39:16.121,0.048,0.0482,22.0,0.048,70.0,11801.0,373.0
2021-01-05 09:39:16.711,0.048,0.0481,12.0,0.048,90.0,11801.0,373.0
2021-01-05 09:39:16.961,0.048,0.0481,12.0,0.048,120.0,11801.0,373.0
2021-01-05 09:39:17.650,0.048,0.0482,22.0,0.048,140.0,11801.0,373.0
2021-01-05 09:39:18.221,0.048,0.0482,12.0,0.048,160.0,11801.0,373.0
2021-01-05 09:39:18.671,0.048,0.0483,32.0,0.048,170.0,11801.0,373.0
2021-01-05 09:39:18.980,0.048,0.0482,12.0,0.048,170.0,11801.0,373.0
2021-01-05 09:39:20.221,0.048,0.0482,22.0,0.048,170.0,11801.0,373.0
2021-01-05 09:39:20.741,0.048,0.0482,22.0,0.048,170.0,11801.0,373.0
2021-01-05 09:39:21.231,0.048,0.0482,10.0,0.048,170.0,11801.0,373.0
2021-01-05 09:39:21.671,0.048,0.0481,12.0,0.048,170.0,11801.0,373.0
2021-01-05 09:39:22.211,0.048,0.0481,12.0,0.048,170.0,11801.0,373.0
2021-01-05 09:39:22.651,0.048,0.0481,12.0,0.048,170.0,11801.0,373.0
2021-01-05 09:39:23.200,0.048,0.0482,22.0,0.048,170.0,11801.0,373.0
2021-01-05 09:39:23.710,0.048,0.0482,12.0,0.048,170.0,11801.0,373.0
2021-01-05 09:39:24.151,0.048,0.0481,10.0,0.048,170.0,11801.0,373.0
2021-01-05 09:39:25.700,0.048,0.0481,20.0,0.048,170.0,11801.0,373.0
2021-01-05 09:39:26.161,0.048,0.0481,32.0,0.048,170.0,11801.0,373.0
2021-01-05 09:39:26.681,0.048,0.0481,20.0,0.048,170.0,11801.0,373.0
2021-01-05 09:39:27.210,0.048,0.0481,10.0,0.048,170.0,11801.0,373.0
2021-01-05 09:39:28.710,0.048,0.0481,10.0,0.048,170.0,11801.0,373.0
2021-01-05 09:39:29.721,0.048,0.0481,10.0,0.048,170.0,11801.0,373.0
2021-01-05 09:39:30.220,0.048,0.0484,22.0,0.048,192.0,11801.0,373.0
2021-01-05 09:39:30.650,0.048,0.0482,12.0,0.048,180.0,11801.0,373.0
2021-01-05 09:39:31.121,0.048,0.0484,32.0,0.048,192.0,11801.0,373.0
2021-01-05 09:39:31.701,0.048,0.0483,12.0,0.048,194.0,11801.0,373.0
2021-01-05 09:39:32.700,0.048,0.0482,12.0,0.048,180.0,11801.0,373.0
2021-01-05 09:39:33.180,0.048,0.0484,20.0,0.048,180.0,11801.0,373.0
2021-01-05 09:39:33.530,0.048,0.0484,32.0,0.048,192.0,11801.0,373.0
2021-01-05 09:39:34.210,0.048,0.0484,32.0,0.048,192.0,11801.0,373.0
2021-01-05 09:39:34.681,0.048,0.0484,22.0,0.048,202.0,11801.0,373.0
2021-01-05 09:39:35.171,0.048,0.0484,22.0,0.048,216.0,11801.0,373.0
2021-01-05 09:39:35.701,0.048,0.0485,33.0,0.0481,22.0,11801.0,373.0
2021-01-05 09:39:36.231,0.048,0.0484,22.0,0.0481,10.0,11801.0,373.0
2021-01-05 09:39:36.660,0.048,0.0485,23.0,0.0482,10.0,11801.0,373.0
2021-01-05 09:39:37.221,0.048,0.0485,23.0,0.0482,10.0,11801.0,373.0
2021-01-05 09:39:38.221,0.048,0.0485,23.0,0.0482,10.0,11801.0,373.0
2021-01-05 09:39:39.241,0.048,0.0485,23.0,0.0482,10.0,11801.0,373.0
2021-01-05 09:39:39.751,0.048,0.0485,11.0,0.0482,22.0,11801.0,373.0
2021-01-05 09:39:41.220,0.0486,0.0486,1.0,0.0484,12.0,11811.0,383.0
2021-01-05 09:39:41.750,0.0484,0.0484,10.0,0.0483,10.0,11811.0,385.0
2021-01-05 09:39:42.210,0.0484,0.0486,12.0,0.0483,10.0,11811.0,385.0
2021-01-05 09:39:42.740,0.0484,0.0486,12.0,0.0483,10.0,11811.0,385.0
2021-01-05 09:39:43.191,0.0484,0.0488,20.0,0.0483,10.0,11811.0,385.0
2021-01-05 09:39:43.570,0.0484,0.0487,12.0,0.0484,10.0,11811.0,385.0
2021-01-05 09:39:44.231,0.0484,0.0487,12.0,0.0484,10.0,11811.0,385.0
2021-01-05 09:39:44.680,0.0484,0.0486,12.0,0.0484,10.0,11811.0,385.0
2021-01-05 09:39:45.251,0.0484,0.0487,10.0,0.0484,10.0,11811.0,385.0
2021-01-05 09:39:45.750,0.0484,0.0487,22.0,0.0484,10.0,11811.0,385.0
2021-01-05 09:39:46.190,0.0484,0.0486,22.0,0.0483,10.0,11811.0,385.0
2021-01-05 09:39:46.691,0.0484,0.0486,32.0,0.0482,32.0,11811.0,385.0
2021-01-05 09:39:47.250,0.0484,0.0486,20.0,0.0483,12.0,11811.0,385.0
2021-01-05 09:39:47.731,0.0484,0.0486,32.0,0.0482,32.0,11811.0,385.0
2021-01-05 09:39:48.221,0.0484,0.0486,22.0,0.0484,10.0,11811.0,385.0
2021-01-05 09:39:48.720,0.0484,0.0486,22.0,0.0483,10.0,11811.0,385.0
2021-01-05 09:39:49.241,0.0484,0.0485,12.0,0.0483,10.0,11811.0,385.0
2021-01-05 09:39:49.711,0.0484,0.0485,12.0,0.0483,10.0,11811.0,385.0
2021-01-05 09:39:50.180,0.0484,0.0486,22.0,0.0482,12.0,11811.0,385.0
2021-01-05 09:39:50.710,0.0484,0.0485,12.0,0.0481,42.0,11811.0,385.0
2021-01-05 09:39:51.241,0.0484,0.0484,12.0,0.048,202.0,11811.0,385.0
2021-01-05 09:39:51.730,0.0484,0.0485,32.0,0.0481,12.0,11811.0,385.0
2021-01-05 09:39:52.251,0.0484,0.0484,12.0,0.048,192.0,11811.0,385.0
2021-01-05 09:39:52.601,0.0484,0.0485,22.0,0.0481,12.0,11811.0,385.0
2021-01-05 09:39:52.991,0.0484,0.0485,12.0,0.0482,10.0,11811.0,385.0
2021-01-05 09:39:53.630,0.0484,0.0487,20.0,0.0483,10.0,11811.0,385.0
2021-01-05 09:39:54.091,0.0484,0.0487,34.0,0.0483,20.0,11811.0,385.0
2021-01-05 09:39:54.691,0.0484,0.0486,12.0,0.0483,20.0,11811.0,385.0
2021-01-05 09:39:55.181,0.0484,0.0486,10.0,0.0483,10.0,11811.0,385.0
2021-01-05 09:39:55.461,0.0484,0.0486,24.0,0.0482,20.0,11811.0,385.0
2021-01-05 09:39:56.120,0.0484,0.0485,10.0,0.0484,12.0,11811.0,385.0
2021-01-05 09:39:56.691,0.0484,0.0486,20.0,0.0484,12.0,11799.0,397.0
2021-01-05 09:39:57.181,0.0484,0.0486,22.0,0.0483,10.0,11799.0,397.0
2021-01-05 09:39:57.580,0.0484,0.0486,22.0,0.0482,32.0,11799.0,397.0
2021-01-05 09:39:58.201,0.0484,0.0486,10.0,0.0482,20.0,11799.0,397.0
2021-01-05 09:39:58.600,0.0484,0.0487,12.0,0.0483,22.0,11799.0,397.0
2021-01-05 09:39:59.061,0.0484,0.0486,10.0,0.0483,32.0,11799.0,397.0
2021-01-05 09:39:59.670,0.0484,0.0487,32.0,0.0483,32.0,11799.0,397.0
2021-01-05 09:40:00.610,0.0484,0.0487,56.0,0.0483,22.0,11799.0,397.0
2021-01-05 09:40:01.201,0.0484,0.0487,32.0,0.0483,32.0,11799.0,397.0
2021-01-05 09:40:01.570,0.0484,0.0487,10.0,0.0484,22.0,11799.0,397.0
2021-01-05 09:40:02.200,0.0487,0.0487,2.0,0.0484,32.0,11807.0,405.0
2021-01-05 09:40:02.671,0.0487,0.0488,22.0,0.0484,32.0,11807.0,405.0
2021-01-05 09:40:03.171,0.0487,0.0488,22.0,0.0484,42.0,11807.0,405.0
2021-01-05 09:40:04.160,0.0487,0.0488,22.0,0.0484,22.0,11807.0,405.0
2021-01-05 09:40:04.700,0.0487,0.0488,24.0,0.0485,12.0,11807.0,405.0
2021-01-05 09:40:05.170,0.0487,0.0488,22.0,0.0484,42.0,11807.0,405.0
2021-01-05 09:40:05.701,0.0487,0.0488,32.0,0.0484,22.0,11807.0,405.0
2021-01-05 09:40:06.200,0.0487,0.0487,10.0,0.0484,22.0,11807.0,405.0
2021-01-05 09:40:06.701,0.0487,0.0487,10.0,0.0484,22.0,11807.0,405.0
2021-01-05 09:40:07.700,0.0487,0.0487,10.0,0.0484,22.0,11807.0,405.0
2021-01-05 09:40:08.200,0.0487,0.0487,10.0,0.0484,20.0,11807.0,405.0
2021-01-05 09:40:08.690,0.0487,0.0487,10.0,0.0485,10.0,11807.0,405.0
2021-01-05 09:40:09.191,0.0487,0.0489,12.0,0.0485,22.0,11807.0,405.0
2021-01-05 09:40:09.691,0.0487,0.0489,12.0,0.0485,22.0,11807.0,405.0
2021-01-05 09:40:10.150,0.0487,0.0489,10.0,0.0485,10.0,11807.0,405.0
2021-01-05 09:40:10.680,0.0487,0.0488,12.0,0.0485,10.0,11807.0,405.0
2021-01-05 09:40:11.170,0.0487,0.0488,12.0,0.0485,10.0,11807.0,405.0
2021-01-05 09:40:11.671,0.0487,0.0488,12.0,0.0485,10.0,11807.0,405.0
2021-01-05 09:40:12.190,0.0487,0.049,20.0,0.0485,22.0,11807.0,405.0
2021-01-05 09:40:12.661,0.0487,0.049,26.0,0.0486,22.0,11807.0,405.0
2021-01-05 09:40:13.170,0.0487,0.049,14.0,0.0486,20.0,11807.0,405.0
2021-01-05 09:40:13.700,0.0487,0.0491,22.0,0.0487,22.0,11807.0,405.0
2021-01-05 09:40:14.150,0.0487,0.049,12.0,0.0487,10.0,11807.0,405.0
2021-01-05 09:40:14.701,0.0487,0.0491,22.0,0.0487,32.0,11807.0,405.0
2021-01-05 09:40:15.690,0.0487,0.049,10.0,0.0487,22.0,11807.0,405.0
2021-01-05 09:40:16.140,0.0487,0.049,10.0,0.0487,22.0,11807.0,405.0
2021-01-05 09:40:16.610,0.0487,0.049,32.0,0.0487,10.0,11807.0,405.0
2021-01-05 09:40:17.191,0.0487,0.049,10.0,0.0487,22.0,11807.0,405.0
2021-01-05 09:40:17.661,0.0487,0.049,10.0,0.0487,42.0,11807.0,405.0
2021-01-05 09:40:18.161,0.0487,0.049,10.0,0.0487,32.0,11807.0,405.0
2021-01-05 09:40:18.641,0.0487,0.049,10.0,0.0487,22.0,11807.0,405.0
2021-01-05 09:40:19.190,0.0487,0.049,10.0,0.0487,32.0,11807.0,405.0
2021-01-05 09:40:19.711,0.0487,0.049,10.0,0.0487,32.0,11807.0,405.0
2021-01-05 09:40:20.191,0.0487,0.0489,12.0,0.0486,20.0,11807.0,405.0
2021-01-05 09:40:20.691,0.0487,0.049,32.0,0.0486,32.0,11807.0,405.0
2021-01-05 09:40:21.200,0.0487,0.0487,10.0,0.0486,10.0,11807.0,405.0
2021-01-05 09:40:21.701,0.0487,0.049,22.0,0.0487,2.0,11807.0,405.0
2021-01-05 09:40:22.210,0.0487,0.049,22.0,0.0487,12.0,11807.0,405.0
2021-01-05 09:40:22.591,0.0487,0.0489,12.0,0.0487,2.0,11807.0,405.0
2021-01-05 09:40:23.200,0.0487,0.049,20.0,0.0486,10.0,11807.0,407.0
2021-01-05 09:40:23.701,0.0487,0.0487,2.0,0.0485,20.0,11807.0,407.0
2021-01-05 09:40:24.160,0.0487,0.0487,2.0,0.0485,10.0,11807.0,407.0
2021-01-05 09:40:24.681,0.0487,0.0487,2.0,0.0485,32.0,11807.0,407.0
2021-01-05 09:40:25.121,0.0487,0.0487,2.0,0.0486,10.0,11807.0,407.0
2021-01-05 09:40:25.570,0.0487,0.0487,2.0,0.0486,10.0,11807.0,407.0
2021-01-05 09:40:26.181,0.0487,0.0487,2.0,0.0486,10.0,11807.0,407.0
2021-01-05 09:40:26.621,0.0487,0.0487,12.0,0.0486,10.0,11807.0,407.0
2021-01-05 09:40:27.140,0.0487,0.0487,24.0,0.0484,20.0,11807.0,407.0
2021-01-05 09:40:27.701,0.0487,0.0486,12.0,0.0484,20.0,11807.0,407.0
2021-01-05 09:40:28.200,0.0487,0.0487,24.0,0.0484,24.0,11807.0,407.0
2021-01-05 09:40:28.690,0.0487,0.0486,12.0,0.0484,34.0,11807.0,407.0
2021-01-05 09:40:29.170,0.0487,0.0487,22.0,0.0484,24.0,11807.0,407.0
2021-01-05 09:40:30.160,0.0487,0.0486,12.0,0.0484,10.0,11807.0,407.0
2021-01-05 09:40:30.160,0.0487,0.0486,12.0,0.0484,24.0,11807.0,407.0
2021-01-05 09:40:31.101,0.0487,0.0486,12.0,0.0484,10.0,11807.0,407.0
2021-01-05 09:40:32.611,0.0487,0.0486,12.0,0.0484,10.0,11807.0,407.0
2021-01-05 09:40:33.191,0.0487,0.0487,22.0,0.0485,10.0,11807.0,407.0
2021-01-05 09:40:33.531,0.0487,0.0487,12.0,0.0485,10.0,11807.0,407.0
2021-01-05 09:40:34.171,0.0487,0.0488,22.0,0.0485,10.0,11807.0,407.0
2021-01-05 09:40:34.601,0.0487,0.0488,22.0,0.0485,20.0,11807.0,407.0
2021-01-05 09:40:35.201,0.0487,0.0488,32.0,0.0485,20.0,11807.0,407.0
2021-01-05 09:40:35.681,0.0487,0.0488,20.0,0.0485,32.0,11807.0,407.0
2021-01-05 09:40:36.161,0.0487,0.0488,20.0,0.0485,22.0,11807.0,407.0
2021-01-05 09:40:36.620,0.0487,0.0488,20.0,0.0485,22.0,11807.0,407.0
2021-01-05 09:40:37.700,0.0487,0.0488,32.0,0.0484,32.0,11807.0,407.0
2021-01-05 09:40:38.130,0.0487,0.0488,20.0,0.0485,12.0,11807.0,407.0
2021-01-05 09:40:38.651,0.0487,0.0488,20.0,0.0484,20.0,11807.0,407.0
2021-01-05 09:40:39.041,0.0487,0.0487,12.0,0.0484,20.0,11807.0,407.0
2021-01-05 09:40:39.681,0.0487,0.0487,12.0,0.0484,34.0,11807.0,407.0
2021-01-05 09:40:40.151,0.0487,0.0487,12.0,0.0485,10.0,11807.0,407.0
2021-01-05 09:40:40.670,0.0487,0.0487,12.0,0.0485,10.0,11812.0,412.0
2021-01-05 09:40:41.191,0.0487,0.0488,22.0,0.0485,10.0,11812.0,412.0
2021-01-05 09:40:41.640,0.0487,0.0488,10.0,0.0486,10.0,11812.0,412.0
2021-01-05 09:40:42.180,0.0487,0.0488,10.0,0.0486,10.0,11812.0,412.0
2021-01-05 09:40:43.191,0.0487,0.0488,10.0,0.0486,10.0,11812.0,412.0
2021-01-05 09:40:43.621,0.0487,0.0488,10.0,0.0486,22.0,11812.0,412.0
2021-01-05 09:40:44.180,0.0487,0.0488,10.0,0.0486,22.0,11812.0,412.0
2021-01-05 09:40:45.131,0.0487,0.0488,10.0,0.0486,22.0,11812.0,412.0
2021-01-05 09:40:48.700,0.0487,0.0488,10.0,0.0486,22.0,11812.0,412.0
2021-01-05 09:40:49.111,0.0488,0.0488,5.0,0.0486,10.0,11812.0,417.0
2021-01-05 09:40:50.181,0.0488,0.0488,5.0,0.0486,10.0,11812.0,417.0
2021-01-05 09:40:51.601,0.0488,0.0488,5.0,0.0486,22.0,11812.0,417.0
2021-01-05 09:40:52.661,0.0488,0.0488,5.0,0.0486,32.0,11812.0,417.0
2021-01-05 09:40:53.651,0.0488,0.0488,5.0,0.0486,32.0,11812.0,417.0
2021-01-05 09:40:54.141,0.0488,0.0488,5.0,0.0486,32.0,11812.0,417.0
2021-01-05 09:40:54.521,0.0488,0.0488,5.0,0.0487,12.0,11812.0,417.0
2021-01-05 09:40:55.111,0.0488,0.0488,5.0,0.0486,20.0,11812.0,417.0
2021-01-05 09:40:55.251,0.0488,0.0488,15.0,0.0486,22.0,11812.0,417.0
2021-01-05 09:40:56.121,0.0488,0.0489,10.0,0.0486,22.0,11812.0,417.0
2021-01-05 09:40:56.711,0.0488,0.0488,10.0,0.0485,22.0,11812.0,417.0
2021-01-05 09:40:57.180,0.0488,0.0488,10.0,0.0485,10.0,11812.0,417.0
2021-01-05 09:40:57.560,0.0488,0.0489,10.0,0.0486,12.0,11812.0,417.0
2021-01-05 09:40:58.200,0.0488,0.0489,10.0,0.0486,12.0,11812.0,417.0
2021-01-05 09:40:58.980,0.0488,0.0489,10.0,0.0486,12.0,11812.0,417.0
2021-01-05 09:40:59.721,0.0488,0.0489,10.0,0.0486,12.0,11812.0,417.0
2021-01-05 09:41:01.041,0.0488,0.0489,22.0,0.0485,32.0,11812.0,417.0
2021-01-05 09:41:01.650,0.0488,0.049,32.0,0.0486,12.0,11812.0,417.0
2021-01-05 09:41:02.190,0.0488,0.0489,10.0,0.0486,12.0,11812.0,417.0
2021-01-05 09:41:02.661,0.0488,0.0489,22.0,0.0485,32.0,11812.0,417.0
2021-01-05 09:41:03.110,0.0488,0.0489,12.0,0.0485,32.0,11812.0,417.0
2021-01-05 09:41:04.180,0.0488,0.0489,12.0,0.0485,32.0,11812.0,417.0
2021-01-05 09:41:04.680,0.0488,0.0488,10.0,0.0485,32.0,11812.0,417.0
2021-01-05 09:41:05.220,0.0488,0.0489,10.0,0.0486,12.0,11812.0,417.0
2021-01-05 09:41:05.660,0.0488,0.0489,22.0,0.0485,32.0,11812.0,417.0
2021-01-05 09:41:06.221,0.0488,0.0489,22.0,0.0485,32.0,11812.0,417.0
2021-01-05 09:41:06.710,0.0488,0.0489,46.0,0.0485,32.0,11812.0,417.0
2021-01-05 09:41:07.100,0.0488,0.0488,12.0,0.0485,20.0,11812.0,417.0
2021-01-05 09:41:07.611,0.0488,0.0488,12.0,0.0485,10.0,11812.0,417.0
2021-01-05 09:41:08.130,0.0488,0.0487,10.0,0.0485,10.0,11812.0,417.0
2021-01-05 09:41:08.701,0.0488,0.0488,22.0,0.0484,32.0,11812.0,417.0
2021-01-05 09:41:09.210,0.0488,0.0488,22.0,0.0484,22.0,11812.0,417.0
2021-01-05 09:41:09.661,0.0488,0.0487,12.0,0.0484,10.0,11812.0,417.0
2021-01-05 09:41:10.220,0.0488,0.0488,22.0,0.0484,22.0,11812.0,417.0
2021-01-05 09:41:10.710,0.0488,0.0487,12.0,0.0484,10.0,11812.0,417.0
2021-01-05 09:41:11.210,0.0488,0.0487,12.0,0.0483,22.0,11812.0,417.0
2021-01-05 09:41:11.711,0.0488,0.0488,32.0,0.0484,22.0,11812.0,417.0
2021-01-05 09:41:12.151,0.0488,0.0488,34.0,0.0484,20.0,11812.0,417.0
2021-01-05 09:41:12.710,0.0488,0.0486,12.0,0.0484,20.0,11812.0,417.0
2021-01-05 09:41:13.161,0.0488,0.0488,32.0,0.0484,22.0,11812.0,417.0
2021-01-05 09:41:13.711,0.0488,0.0487,12.0,0.0484,20.0,11812.0,417.0
2021-01-05 09:41:14.160,0.0488,0.0486,22.0,0.0483,10.0,11812.0,417.0
2021-01-05 09:41:14.671,0.0488,0.0488,20.0,0.0485,12.0,11812.0,417.0
2021-01-05 09:41:15.180,0.0488,0.0488,24.0,0.0484,20.0,11812.0,417.0
2021-01-05 09:41:15.371,0.0488,0.0488,32.0,0.0484,22.0,11812.0,417.0
2021-01-05 09:41:16.500,0.0488,0.0487,12.0,0.0484,10.0,11812.0,417.0
2021-01-05 09:41:17.670,0.0488,0.0488,32.0,0.0484,32.0,11812.0,417.0
2021-01-05 09:41:18.200,0.0488,0.0487,10.0,0.0484,32.0,11812.0,417.0
2021-01-05 09:41:18.600,0.0488,0.0488,56.0,0.0484,22.0,11812.0,417.0
2021-01-05 09:41:19.161,0.0488,0.0488,42.0,0.0484,12.0,11812.0,417.0
2021-01-05 09:41:19.570,0.0488,0.0488,56.0,0.0484,12.0,11812.0,417.0
2021-01-05 09:41:20.070,0.0488,0.0488,44.0,0.0485,12.0,11812.0,417.0
2021-01-05 09:41:21.551,0.0488,0.0487,12.0,0.0484,10.0,11812.0,417.0
2021-01-05 09:41:22.190,0.0488,0.0487,12.0,0.0483,32.0,11812.0,417.0
2021-01-05 09:41:22.700,0.0488,0.0487,12.0,0.0483,32.0,11812.0,417.0
2021-01-05 09:41:23.061,0.0488,0.0487,10.0,0.0484,13.0,11812.0,417.0
2021-01-05 09:41:24.171,0.0488,0.0488,52.0,0.0484,13.0,11812.0,417.0
2021-01-05 09:41:24.651,0.0488,0.0487,22.0,0.0484,1.0,11812.0,417.0
2021-01-05 09:41:25.120,0.0488,0.0486,12.0,0.0484,1.0,11812.0,417.0
2021-01-05 09:41:25.641,0.0488,0.0487,12.0,0.0484,1.0,11812.0,417.0
2021-01-05 09:41:26.190,0.0488,0.0486,10.0,0.0484,1.0,11812.0,417.0
2021-01-05 09:41:26.670,0.0488,0.0487,22.0,0.0484,1.0,11812.0,417.0
2021-01-05 09:41:27.131,0.0488,0.0487,46.0,0.0484,1.0,11812.0,417.0
2021-01-05 09:41:27.710,0.0488,0.0485,12.0,0.0484,1.0,11812.0,417.0
2021-01-05 09:41:28.171,0.0488,0.0485,12.0,0.0484,1.0,11812.0,417.0
2021-01-05 09:41:28.540,0.0488,0.0485,12.0,0.0484,1.0,11812.0,417.0
2021-01-05 09:41:29.010,0.0488,0.0485,12.0,0.0484,1.0,11812.0,417.0
2021-01-05 09:41:30.180,0.0488,0.0486,22.0,0.0484,1.0,11812.0,417.0
2021-01-05 09:41:30.670,0.0484,0.0486,22.0,0.0482,42.0,11811.0,418.0
2021-01-05 09:41:31.181,0.0484,0.0486,10.0,0.0483,10.0,11811.0,418.0
2021-01-05 09:41:31.700,0.0484,0.0487,22.0,0.0483,12.0,11811.0,418.0
2021-01-05 09:41:32.220,0.0484,0.0487,46.0,0.0483,22.0,11811.0,418.0
2021-01-05 09:41:32.670,0.0484,0.0487,32.0,0.0483,22.0,11811.0,418.0
2021-01-05 09:41:33.171,0.0484,0.0486,12.0,0.0483,20.0,11811.0,418.0
2021-01-05 09:41:33.680,0.0484,0.0487,20.0,0.0484,12.0,11811.0,418.0
2021-01-05 09:41:34.120,0.0484,0.0487,20.0,0.0484,12.0,11811.0,418.0
2021-01-05 09:41:34.720,0.0484,0.0487,32.0,0.0483,42.0,11811.0,418.0
2021-01-05 09:41:35.221,0.0484,0.0486,12.0,0.0483,20.0,11811.0,418.0
2021-01-05 09:41:35.721,0.0484,0.0487,30.0,0.0482,30.0,11811.0,418.0
2021-01-05 09:41:36.070,0.0484,0.0486,10.0,0.0483,12.0,11811.0,418.0
2021-01-05 09:41:36.720,0.0484,0.0486,22.0,0.0482,22.0,11811.0,418.0
2021-01-05 09:41:37.210,0.0484,0.0486,24.0,0.0483,12.0,11811.0,418.0
2021-01-05 09:41:37.711,0.0484,0.0485,10.0,0.0481,10.0,11811.0,418.0
2021-01-05 09:41:38.220,0.0484,0.0485,42.0,0.0481,12.0,11811.0,418.0
2021-01-05 09:41:38.650,0.0484,0.0485,20.0,0.0482,12.0,11811.0,418.0
2021-01-05 09:41:39.221,0.0484,0.0485,30.0,0.0481,30.0,11811.0,418.0
2021-01-05 09:41:39.521,0.0484,0.0485,30.0,0.0482,12.0,11811.0,418.0
2021-01-05 09:41:40.231,0.0484,0.0485,30.0,0.0482,12.0,11811.0,418.0
2021-01-05 09:41:41.130,0.0484,0.0485,20.0,0.0482,22.0,11811.0,418.0
2021-01-05 09:41:41.730,0.0484,0.0485,20.0,0.0482,32.0,11811.0,418.0
2021-01-05 09:41:42.690,0.0484,0.0485,10.0,0.0484,12.0,11811.0,418.0
2021-01-05 09:41:43.080,0.0484,0.0487,10.0,0.0484,12.0,11811.0,418.0
2021-01-05 09:41:43.720,0.0484,0.0486,10.0,0.0484,12.0,11811.0,418.0
2021-01-05 09:41:44.220,0.0484,0.0487,20.0,0.0484,12.0,11811.0,418.0
2021-01-05 09:41:44.671,0.0484,0.0487,30.0,0.0484,12.0,11811.0,418.0
2021-01-05 09:41:45.190,0.0484,0.0487,56.0,0.0483,12.0,11811.0,418.0
2021-01-05 09:41:45.701,0.0484,0.0487,30.0,0.0484,12.0,11811.0,418.0
2021-01-05 09:41:46.241,0.0484,0.0487,44.0,0.0484,12.0,11811.0,418.0
2021-01-05 09:41:46.661,0.0484,0.0487,44.0,0.0484,12.0,11811.0,418.0
2021-01-05 09:41:47.170,0.0484,0.0486,10.0,0.0483,12.0,11811.0,418.0
2021-01-05 09:41:47.741,0.0484,0.0486,10.0,0.0482,10.0,11811.0,418.0
2021-01-05 09:41:48.181,0.0484,0.0486,24.0,0.0481,20.0,11811.0,418.0
2021-01-05 09:41:48.740,0.0484,0.0486,24.0,0.0483,12.0,11811.0,418.0
2021-01-05 09:41:49.191,0.0484,0.0486,10.0,0.0483,12.0,11811.0,418.0
2021-01-05 09:41:49.451,0.0484,0.0486,24.0,0.0483,12.0,11811.0,418.0
2021-01-05 09:41:50.231,0.0484,0.0484,10.0,0.0483,12.0,11811.0,418.0
2021-01-05 09:41:50.751,0.0484,0.0484,10.0,0.048,200.0,11811.0,418.0
2021-01-05 09:41:51.251,0.0484,0.0485,10.0,0.0482,12.0,11811.0,418.0
2021-01-05 09:41:51.760,0.0484,0.0486,22.0,0.0482,12.0,11811.0,418.0
2021-01-05 09:41:52.261,0.0484,0.0484,12.0,0.0481,10.0,11811.0,418.0
2021-01-05 09:41:52.690,0.0484,0.0484,22.0,0.048,180.0,11811.0,418.0
2021-01-05 09:41:53.201,0.0484,0.0483,12.0,0.048,170.0,11811.0,418.0
2021-01-05 09:41:53.681,0.0484,0.0484,22.0,0.048,182.0,11811.0,418.0
2021-01-05 09:41:54.591,0.0484,0.0484,20.0,0.0481,12.0,11811.0,418.0
2021-01-05 09:41:55.101,0.0484,0.0484,32.0,0.048,182.0,11811.0,418.0
2021-01-05 09:41:55.671,0.0484,0.0484,20.0,0.0481,12.0,11811.0,418.0
2021-01-05 09:41:55.911,0.0484,0.0484,42.0,0.048,182.0,11811.0,418.0
2021-01-05 09:41:56.680,0.0484,0.0484,20.0,0.0482,12.0,11811.0,418.0
2021-01-05 09:41:57.110,0.0484,0.0484,42.0,0.048,182.0,11811.0,418.0
2021-01-05 09:41:57.640,0.0484,0.0484,20.0,0.0481,12.0,11811.0,418.0
2021-01-05 09:41:58.140,0.0484,0.0484,30.0,0.0481,12.0,11811.0,418.0
2021-01-05 09:41:58.660,0.0484,0.0484,20.0,0.0481,12.0,11811.0,418.0
2021-01-05 09:41:59.131,0.0484,0.0484,20.0,0.0481,12.0,11811.0,418.0
2021-01-05 09:41:59.700,0.0484,0.0484,20.0,0.0481,12.0,11811.0,418.0
2021-01-05 09:42:00.151,0.0484,0.0484,20.0,0.0481,12.0,11811.0,418.0
2021-01-05 09:42:00.701,0.0484,0.0483,12.0,0.048,170.0,11811.0,418.0
2021-01-05 09:42:01.181,0.0484,0.0484,32.0,0.048,182.0,11811.0,418.0
2021-01-05 09:42:01.651,0.0484,0.0482,10.0,0.048,170.0,11811.0,418.0
2021-01-05 09:42:02.201,0.0484,0.0482,10.0,0.048,182.0,11811.0,418.0
2021-01-05 09:42:02.710,0.0484,0.0482,10.0,0.048,182.0,11811.0,418.0
2021-01-05 09:42:03.161,0.0484,0.0482,10.0,0.048,182.0,11811.0,418.0
2021-01-05 09:42:03.690,0.0484,0.0482,10.0,0.048,182.0,11811.0,418.0
2021-01-05 09:42:04.641,0.0484,0.0482,10.0,0.048,192.0,11811.0,418.0
2021-01-05 09:42:05.211,0.0484,0.0482,10.0,0.048,170.0,11811.0,418.0
2021-01-05 09:42:06.690,0.0484,0.0482,10.0,0.048,182.0,11811.0,418.0
2021-01-05 09:42:07.230,0.0484,0.0482,10.0,0.048,170.0,11811.0,418.0
2021-01-05 09:42:07.691,0.0484,0.0482,10.0,0.048,170.0,11811.0,418.0
2021-01-05 09:42:08.721,0.0484,0.0482,10.0,0.048,170.0,11811.0,418.0
2021-01-05 09:42:09.230,0.0484,0.0482,10.0,0.048,170.0,11811.0,418.0
2021-01-05 09:42:09.570,0.0484,0.0482,10.0,0.048,170.0,11811.0,418.0
2021-01-05 09:42:10.200,0.0484,0.0482,10.0,0.048,170.0,11811.0,418.0
2021-01-05 09:42:10.681,0.0484,0.0482,10.0,0.048,170.0,11811.0,418.0
2021-01-05 09:42:11.211,0.0484,0.0482,32.0,0.048,170.0,11811.0,418.0
2021-01-05 09:42:11.720,0.0484,0.0482,32.0,0.048,170.0,11811.0,418.0
2021-01-05 09:42:12.210,0.0484,0.0482,46.0,0.048,170.0,11811.0,418.0
2021-01-05 09:42:12.721,0.0484,0.0482,42.0,0.048,170.0,11811.0,418.0
2021-01-05 09:42:13.211,0.0484,0.0482,10.0,0.048,170.0,11811.0,418.0
2021-01-05 09:42:13.731,0.0484,0.0483,42.0,0.0482,1.0,11811.0,418.0
2021-01-05 09:42:14.150,0.0484,0.0483,42.0,0.0482,1.0,11811.0,418.0
2021-01-05 09:42:14.671,0.0482,0.0483,42.0,0.048,170.0,11810.0,419.0
2021-01-05 09:42:15.170,0.0482,0.0483,32.0,0.048,170.0,11810.0,419.0
2021-01-05 09:42:15.650,0.0482,0.0483,22.0,0.048,170.0,11810.0,419.0
2021-01-05 09:42:16.181,0.0482,0.0483,32.0,0.048,170.0,11810.0,419.0
2021-01-05 09:42:16.701,0.0482,0.0483,32.0,0.048,170.0,11810.0,419.0
2021-01-05 09:42:17.241,0.0482,0.0483,20.0,0.048,182.0,11810.0,419.0
2021-01-05 09:42:17.681,0.0482,0.0483,32.0,0.048,170.0,11810.0,419.0
2021-01-05 09:42:18.100,0.0482,0.0483,20.0,0.048,182.0,11810.0,419.0
2021-01-05 09:42:18.701,0.0482,0.0483,10.0,0.0481,12.0,11810.0,419.0
2021-01-05 09:42:19.210,0.0482,0.0484,20.0,0.0481,12.0,11810.0,419.0
2021-01-05 09:42:19.721,0.0482,0.0484,30.0,0.0481,12.0,11810.0,419.0
2021-01-05 09:42:20.150,0.0482,0.0484,30.0,0.0481,12.0,11810.0,419.0
2021-01-05 09:42:20.751,0.0482,0.0484,44.0,0.0481,12.0,11810.0,419.0
2021-01-05 09:42:21.621,0.0482,0.0484,44.0,0.0481,12.0,11810.0,419.0
2021-01-05 09:42:22.221,0.0482,0.0483,10.0,0.048,192.0,11810.0,419.0
2021-01-05 09:42:22.221,0.0482,0.0483,10.0,0.048,180.0,11810.0,419.0
2021-01-05 09:42:22.981,0.0482,0.0483,10.0,0.0481,12.0,11810.0,419.0
2021-01-05 09:42:23.631,0.0482,0.0483,10.0,0.048,182.0,11810.0,419.0
2021-01-05 09:42:24.151,0.0482,0.0484,52.0,0.048,182.0,11810.0,419.0
2021-01-05 09:42:24.670,0.0482,0.0484,56.0,0.048,182.0,11810.0,419.0
2021-01-05 09:42:25.621,0.0482,0.0484,56.0,0.048,182.0,11810.0,419.0
2021-01-05 09:42:26.130,0.0482,0.0484,56.0,0.048,182.0,11810.0,419.0
2021-01-05 09:42:26.701,0.0482,0.0484,56.0,0.048,182.0,11810.0,419.0
2021-01-05 09:42:27.171,0.0482,0.0484,44.0,0.0481,12.0,11810.0,419.0
2021-01-05 09:42:27.651,0.0482,0.0484,44.0,0.0481,12.0,11810.0,419.0
2021-01-05 09:42:29.720,0.0482,0.0484,44.0,0.048,170.0,11810.0,419.0
2021-01-05 09:42:30.220,0.0482,0.0484,56.0,0.048,182.0,11810.0,419.0
2021-01-05 09:42:30.710,0.0482,0.0484,44.0,0.0481,12.0,11810.0,419.0
2021-01-05 09:42:31.200,0.0482,0.0484,56.0,0.048,182.0,11810.0,419.0
2021-01-05 09:42:31.720,0.0482,0.0484,56.0,0.048,182.0,11810.0,419.0
2021-01-05 09:42:33.121,0.0482,0.0484,66.0,0.048,182.0,11810.0,419.0
2021-01-05 09:42:34.210,0.0482,0.0484,40.0,0.0481,12.0,11810.0,419.0
2021-01-05 09:42:35.701,0.0482,0.0484,52.0,0.048,182.0,11810.0,419.0
2021-01-05 09:42:36.141,0.0482,0.0484,52.0,0.048,182.0,11810.0,419.0
2021-01-05 09:42:36.650,0.0482,0.0484,30.0,0.0481,12.0,11810.0,419.0
2021-01-05 09:42:37.251,0.0482,0.0484,66.0,0.048,192.0,11810.0,419.0
2021-01-05 09:42:38.200,0.0482,0.0484,52.0,0.048,192.0,11810.0,419.0
2021-01-05 09:42:40.221,0.0482,0.0484,52.0,0.048,192.0,11810.0,419.0
2021-01-05 09:42:41.731,0.0482,0.0484,52.0,0.048,182.0,11810.0,419.0
2021-01-05 09:42:42.250,0.0482,0.0484,66.0,0.048,182.0,11810.0,419.0
2021-01-05 09:42:42.711,0.0482,0.0484,40.0,0.0481,12.0,11810.0,419.0
2021-01-05 09:42:43.251,0.0482,0.0483,12.0,0.048,170.0,11810.0,419.0
2021-01-05 09:42:43.741,0.0482,0.0484,30.0,0.0481,12.0,11810.0,419.0
2021-01-05 09:42:44.211,0.0482,0.0484,40.0,0.048,180.0,11810.0,419.0
2021-01-05 09:42:44.751,0.0482,0.0482,12.0,0.048,170.0,11810.0,419.0
2021-01-05 09:42:45.191,0.0482,0.0484,52.0,0.048,192.0,11810.0,419.0
2021-01-05 09:42:45.650,0.0482,0.0483,12.0,0.048,180.0,11810.0,419.0
2021-01-05 09:42:46.240,0.0482,0.0483,12.0,0.048,180.0,11810.0,419.0
2021-01-05 09:42:46.741,0.0482,0.0483,12.0,0.048,170.0,11810.0,419.0
2021-01-05 09:42:47.231,0.0482,0.0483,12.0,0.048,170.0,11810.0,419.0
2021-01-05 09:42:47.690,0.0482,0.0483,12.0,0.048,170.0,11810.0,419.0
2021-01-05 09:42:48.171,0.0482,0.0483,22.0,0.048,170.0,11810.0,419.0
2021-01-05 09:42:48.720,0.0482,0.0484,42.0,0.048,182.0,11810.0,419.0
2021-01-05 09:42:49.110,0.0482,0.0484,42.0,0.048,192.0,11810.0,419.0
2021-01-05 09:42:49.750,0.0482,0.0483,12.0,0.048,180.0,11810.0,419.0
2021-01-05 09:42:51.060,0.0482,0.0483,22.0,0.048,180.0,11810.0,419.0
2021-01-05 09:42:52.251,0.0482,0.0484,42.0,0.048,192.0,11810.0,419.0
2021-01-05 09:42:53.640,0.0482,0.0483,12.0,0.048,180.0,11810.0,419.0
2021-01-05 09:42:55.190,0.0482,0.0484,42.0,0.048,192.0,11810.0,419.0
2021-01-05 09:42:55.701,0.0482,0.0483,12.0,0.048,180.0,11810.0,419.0
2021-01-05 09:42:56.191,0.0482,0.0483,22.0,0.048,180.0,11810.0,419.0
2021-01-05 09:42:56.631,0.0482,0.0483,12.0,0.048,180.0,11810.0,419.0
2021-01-05 09:42:58.220,0.0482,0.0482,12.0,0.048,170.0,11810.0,419.0
2021-01-05 09:42:58.731,0.0482,0.0482,12.0,0.048,170.0,11810.0,419.0
2021-01-05 09:42:59.230,0.0482,0.0482,10.0,0.0481,10.0,11810.0,419.0
2021-01-05 09:42:59.730,0.0482,0.0483,10.0,0.048,170.0,11810.0,419.0
2021-01-05 09:42:59.951,0.0482,0.0483,12.0,0.048,170.0,11810.0,419.0
2021-01-05 09:43:00.721,0.0482,0.0483,22.0,0.048,170.0,11810.0,419.0
2021-01-05 09:43:01.211,0.0482,0.0483,10.0,0.048,182.0,11810.0,419.0
2021-01-05 09:43:01.701,0.0482,0.0483,12.0,0.048,170.0,11810.0,419.0
2021-01-05 09:43:02.150,0.0482,0.0483,12.0,0.048,170.0,11810.0,419.0
2021-01-05 09:43:02.681,0.0482,0.0483,22.0,0.048,170.0,11810.0,419.0
2021-01-05 09:43:04.740,0.0482,0.0483,12.0,0.048,180.0,11810.0,419.0
2021-01-05 09:43:05.251,0.0482,0.0483,12.0,0.048,180.0,11810.0,419.0
2021-01-05 09:43:05.681,0.0482,0.0483,12.0,0.048,180.0,11810.0,419.0
2021-01-05 09:43:06.171,0.0482,0.0484,22.0,0.048,202.0,11810.0,419.0
2021-01-05 09:43:06.730,0.0482,0.0484,22.0,0.048,202.0,11810.0,419.0
2021-01-05 09:43:07.231,0.0482,0.0484,10.0,0.0481,12.0,11810.0,419.0
2021-01-05 09:43:07.710,0.0482,0.0485,32.0,0.0481,12.0,11810.0,419.0
2021-01-05 09:43:08.181,0.0482,0.0485,30.0,0.0482,12.0,11810.0,419.0
2021-01-05 09:43:08.701,0.0482,0.0485,30.0,0.0481,10.0,11810.0,419.0
2021-01-05 09:43:09.231,0.0482,0.0485,42.0,0.0481,22.0,11810.0,419.0
2021-01-05 09:43:09.740,0.0482,0.0485,42.0,0.0481,22.0,11810.0,419.0
2021-01-05 09:43:10.150,0.0482,0.0484,32.0,0.048,182.0,11810.0,419.0
2021-01-05 09:43:10.150,0.0482,0.0484,32.0,0.048,192.0,11810.0,419.0
2021-01-05 09:43:11.250,0.0482,0.0484,32.0,0.048,192.0,11810.0,419.0
2021-01-05 09:43:11.750,0.0482,0.0484,32.0,0.048,192.0,11810.0,419.0
2021-01-05 09:43:12.171,0.0482,0.0484,32.0,0.048,192.0,11810.0,419.0
2021-01-05 09:43:13.210,0.0482,0.0485,52.0,0.0481,22.0,11810.0,419.0
2021-01-05 09:43:13.740,0.0482,0.0485,32.0,0.0481,22.0,11810.0,419.0
2021-01-05 09:43:14.270,0.0482,0.0485,20.0,0.0482,12.0,11810.0,419.0
2021-01-05 09:43:15.241,0.0482,0.0485,20.0,0.0482,22.0,11810.0,419.0
2021-01-05 09:43:15.771,0.0482,0.0485,20.0,0.0482,22.0,11810.0,419.0
2021-01-05 09:43:16.270,0.0482,0.0485,20.0,0.0482,22.0,11810.0,419.0
2021-01-05 09:43:16.720,0.0482,0.0485,42.0,0.0482,10.0,11810.0,419.0
2021-01-05 09:43:17.271,0.0482,0.0485,20.0,0.0482,22.0,11810.0,419.0
2021-01-05 09:43:17.771,0.0482,0.0485,30.0,0.0482,22.0,11810.0,419.0
2021-01-05 09:43:18.270,0.0482,0.0485,20.0,0.0483,12.0,11810.0,419.0
2021-01-05 09:43:19.261,0.0482,0.0485,32.0,0.0482,10.0,11810.0,419.0
2021-01-05 09:43:19.751,0.0482,0.0485,32.0,0.0482,10.0,11810.0,419.0
2021-01-05 09:43:20.731,0.0482,0.0485,32.0,0.0482,10.0,11810.0,419.0
2021-01-05 09:43:21.271,0.0482,0.0484,12.0,0.0482,10.0,11810.0,419.0
2021-01-05 09:43:21.701,0.0482,0.0484,12.0,0.0482,10.0,11810.0,419.0
2021-01-05 09:43:22.281,0.0482,0.0484,12.0,0.048,192.0,11810.0,419.0
2021-01-05 09:43:22.671,0.0482,0.0484,12.0,0.048,192.0,11810.0,419.0
2021-01-05 09:43:23.190,0.0482,0.0483,12.0,0.048,190.0,11810.0,419.0
2021-01-05 09:43:23.651,0.0482,0.0484,12.0,0.0481,10.0,11810.0,419.0
2021-01-05 09:43:24.120,0.0482,0.0483,22.0,0.0481,10.0,11810.0,419.0
2021-01-05 09:43:24.631,0.0482,0.0483,22.0,0.0481,10.0,11810.0,419.0
2021-01-05 09:43:25.201,0.0482,0.0483,10.0,0.0481,10.0,11810.0,419.0
2021-01-05 09:43:25.701,0.0482,0.0482,12.0,0.0481,1.0,11810.0,419.0
2021-01-05 09:43:26.181,0.0482,0.0482,12.0,0.0481,1.0,11810.0,419.0
2021-01-05 09:43:26.621,0.0482,0.0482,10.0,0.0481,1.0,11810.0,419.0
2021-01-05 09:43:27.190,0.0482,0.0483,22.0,0.0481,1.0,11810.0,419.0
2021-01-05 09:43:27.591,0.0482,0.0483,10.0,0.0481,1.0,11810.0,419.0
2021-01-05 09:43:28.091,0.0482,0.0483,12.0,0.0481,1.0,11810.0,419.0
2021-01-05 09:43:28.680,0.0482,0.0483,22.0,0.0481,1.0,11810.0,419.0
2021-01-05 09:43:29.080,0.0482,0.0483,22.0,0.0481,1.0,11810.0,419.0
2021-01-05 09:43:30.050,0.0482,0.0483,22.0,0.0481,1.0,11810.0,419.0
2021-01-05 09:43:30.701,0.0482,0.0483,22.0,0.0481,1.0,11810.0,419.0
2021-01-05 09:43:31.111,0.0482,0.0483,32.0,0.0481,1.0,11810.0,419.0
2021-01-05 09:43:31.720,0.0482,0.0482,12.0,0.0481,1.0,11810.0,419.0
2021-01-05 09:43:32.181,0.0482,0.0483,20.0,0.0481,1.0,11810.0,419.0
2021-01-05 09:43:32.680,0.0481,0.0482,10.0,0.048,170.0,11809.0,420.0
2021-01-05 09:43:33.141,0.0481,0.0483,20.0,0.048,182.0,11809.0,420.0
2021-01-05 09:43:33.600,0.0481,0.0483,20.0,0.048,182.0,11809.0,420.0
2021-01-05 09:43:34.221,0.0481,0.0483,20.0,0.048,170.0,11809.0,420.0
2021-01-05 09:43:34.230,0.0481,0.0483,20.0,0.048,182.0,11809.0,420.0
2021-01-05 09:43:35.160,0.048,0.0483,10.0,0.048,182.0,11809.0,430.0
2021-01-05 09:43:35.681,0.048,0.0484,32.0,0.048,182.0,11809.0,430.0
2021-01-05 09:43:36.221,0.048,0.0484,42.0,0.048,182.0,11809.0,430.0
2021-01-05 09:43:36.661,0.048,0.0484,32.0,0.048,182.0,11809.0,430.0
2021-01-05 09:43:37.181,0.048,0.0484,32.0,0.048,196.0,11809.0,430.0
2021-01-05 09:43:38.221,0.0484,0.0484,32.0,0.048,196.0,11819.0,440.0
2021-01-05 09:43:38.680,0.0484,0.0484,20.0,0.0482,12.0,11819.0,440.0
2021-01-05 09:43:39.241,0.0484,0.0484,20.0,0.0482,12.0,11819.0,440.0
2021-01-05 09:43:39.711,0.0484,0.0484,20.0,0.0482,12.0,11819.0,440.0
2021-01-05 09:43:40.361,0.0484,0.0484,20.0,0.0482,12.0,11819.0,440.0
2021-01-05 09:43:41.730,0.0484,0.0484,20.0,0.0482,12.0,11819.0,440.0
2021-01-05 09:43:42.741,0.0484,0.0484,20.0,0.0482,12.0,11819.0,440.0
2021-01-05 09:43:43.231,0.0484,0.0484,10.0,0.0482,12.0,11819.0,440.0
2021-01-05 09:43:43.711,0.0484,0.0484,10.0,0.0483,12.0,11819.0,440.0
2021-01-05 09:43:44.130,0.0484,0.0483,12.0,0.0481,10.0,11819.0,440.0
2021-01-05 09:43:44.670,0.0484,0.0483,22.0,0.0481,10.0,11819.0,440.0
2021-01-05 09:43:44.760,0.0484,0.0483,10.0,0.0482,12.0,11819.0,440.0
2021-01-05 09:43:45.630,0.0484,0.0484,10.0,0.0481,22.0,11819.0,440.0
2021-01-05 09:43:46.051,0.0484,0.0484,12.0,0.0481,10.0,11819.0,440.0
2021-01-05 09:43:46.750,0.0484,0.0483,10.0,0.0481,22.0,11819.0,440.0
2021-01-05 09:43:47.250,0.0484,0.0483,10.0,0.0481,10.0,11819.0,440.0
2021-01-05 09:43:47.661,0.0484,0.0483,10.0,0.0481,10.0,11819.0,440.0
2021-01-05 09:43:48.220,0.0484,0.0484,10.0,0.0481,22.0,11819.0,440.0
2021-01-05 09:43:48.641,0.0484,0.0485,42.0,0.0481,22.0,11819.0,440.0
2021-01-05 09:43:49.221,0.0484,0.0485,30.0,0.0481,10.0,11819.0,440.0
2021-01-05 09:43:49.601,0.0484,0.0484,12.0,0.0481,24.0,11819.0,440.0
2021-01-05 09:43:50.170,0.0484,0.0485,30.0,0.0481,24.0,11819.0,440.0
2021-01-05 09:43:50.650,0.0484,0.0485,42.0,0.0482,10.0,11819.0,440.0
2021-01-05 09:43:51.221,0.0484,0.0485,42.0,0.0482,10.0,11819.0,440.0
2021-01-05 09:43:51.221,0.0484,0.0484,12.0,0.0482,10.0,11819.0,440.0
2021-01-05 09:43:52.100,0.0484,0.0484,12.0,0.0482,10.0,11819.0,440.0
2021-01-05 09:43:52.681,0.0484,0.0485,42.0,0.0482,10.0,11819.0,440.0
2021-01-05 09:43:53.201,0.0484,0.0484,22.0,0.0482,10.0,11819.0,440.0
2021-01-05 09:43:53.610,0.0484,0.0484,12.0,0.0482,10.0,11819.0,440.0
2021-01-05 09:43:54.191,0.0484,0.0485,32.0,0.0482,10.0,11819.0,440.0
2021-01-05 09:43:54.980,0.0484,0.0485,32.0,0.0482,10.0,11819.0,440.0
2021-01-05 09:43:55.660,0.0484,0.0485,32.0,0.0482,10.0,11819.0,440.0
2021-01-05 09:43:56.721,0.0484,0.0485,32.0,0.0482,10.0,11819.0,440.0
2021-01-05 09:43:57.230,0.0484,0.0485,32.0,0.0482,10.0,11819.0,440.0
2021-01-05 09:43:57.650,0.0484,0.0484,12.0,0.0481,20.0,11819.0,440.0
2021-01-05 09:43:58.181,0.0484,0.0484,12.0,0.0481,10.0,11819.0,440.0
2021-01-05 09:43:58.711,0.0484,0.0485,32.0,0.0481,22.0,11819.0,440.0
2021-01-05 09:43:59.170,0.0484,0.0484,22.0,0.0481,10.0,11819.0,440.0
2021-01-05 09:44:00.131,0.0484,0.0485,32.0,0.0484,1.0,11819.0,440.0
2021-01-05 09:44:00.561,0.0484,0.0485,32.0,0.0484,1.0,11819.0,440.0
2021-01-05 09:44:02.711,0.0484,0.0485,32.0,0.0484,1.0,11819.0,440.0
2021-01-05 09:44:03.241,0.0484,0.0484,9.0,0.0481,22.0,11820.0,441.0
2021-01-05 09:44:03.731,0.0484,0.0485,32.0,0.0482,10.0,11820.0,441.0
2021-01-05 09:44:04.230,0.0484,0.0485,32.0,0.0481,12.0,11820.0,441.0
2021-01-05 09:44:04.751,0.0484,0.0485,10.0,0.0483,10.0,11820.0,441.0
2021-01-05 09:44:05.260,0.0484,0.0485,12.0,0.0483,10.0,11820.0,441.0
2021-01-05 09:44:05.750,0.0484,0.0484,10.0,0.0483,10.0,11820.0,441.0
2021-01-05 09:44:06.261,0.0484,0.0485,10.0,0.0483,10.0,11820.0,441.0
2021-01-05 09:44:06.770,0.0484,0.0484,10.0,0.0483,10.0,11820.0,441.0
2021-01-05 09:44:07.281,0.0484,0.0485,20.0,0.0483,10.0,11820.0,441.0
2021-01-05 09:44:08.261,0.0484,0.0485,20.0,0.0483,10.0,11820.0,441.0
2021-01-05 09:44:08.760,0.0484,0.0485,20.0,0.0483,10.0,11820.0,441.0
2021-01-05 09:44:09.780,0.0484,0.0485,20.0,0.0483,10.0,11820.0,441.0
2021-01-05 09:44:10.781,0.0484,0.0485,20.0,0.0483,10.0,11820.0,441.0
2021-01-05 09:44:11.271,0.0484,0.0485,20.0,0.0483,10.0,11820.0,441.0
2021-01-05 09:44:12.270,0.0484,0.0485,20.0,0.0483,10.0,11820.0,441.0
2021-01-05 09:44:12.781,0.0484,0.0485,20.0,0.0483,10.0,11820.0,441.0
2021-01-05 09:44:13.230,0.0484,0.0485,20.0,0.0483,10.0,11820.0,441.0
2021-01-05 09:44:14.260,0.0484,0.0485,20.0,0.0483,10.0,11820.0,441.0
2021-01-05 09:44:14.781,0.0484,0.0485,20.0,0.0483,10.0,11820.0,441.0
2021-01-05 09:44:15.780,0.0484,0.0485,32.0,0.0483,10.0,11820.0,441.0
2021-01-05 09:44:17.280,0.0484,0.0485,32.0,0.0481,36.0,11820.0,441.0
2021-01-05 09:44:17.770,0.0484,0.0485,32.0,0.0481,22.0,11820.0,441.0
2021-01-05 09:44:18.780,0.0484,0.0484,12.0,0.048,182.0,11820.0,441.0
2021-01-05 09:44:19.261,0.0484,0.0484,12.0,0.0481,10.0,11820.0,441.0
2021-01-05 09:44:20.271,0.0484,0.0484,22.0,0.0481,10.0,11820.0,441.0
2021-01-05 09:44:20.780,0.0484,0.0484,32.0,0.0481,10.0,11820.0,441.0
2021-01-05 09:44:22.131,0.0484,0.0484,10.0,0.0481,22.0,11820.0,441.0
2021-01-05 09:44:22.651,0.0484,0.0484,22.0,0.0481,10.0,11820.0,441.0
2021-01-05 09:44:23.130,0.0484,0.0484,22.0,0.0481,10.0,11820.0,441.0
2021-01-05 09:44:26.201,0.0484,0.0484,22.0,0.0481,10.0,11820.0,441.0
2021-01-05 09:44:26.701,0.0484,0.0485,42.0,0.0481,22.0,11820.0,441.0
2021-01-05 09:44:27.201,0.0484,0.0484,10.0,0.0481,22.0,11820.0,441.0
2021-01-05 09:44:29.200,0.0484,0.0485,30.0,0.0481,10.0,11820.0,441.0
2021-01-05 09:44:29.640,0.0484,0.0485,20.0,0.0482,12.0,11820.0,441.0
2021-01-05 09:44:30.201,0.0484,0.0485,20.0,0.0482,12.0,11820.0,441.0
2021-01-05 09:44:31.231,0.0484,0.0485,20.0,0.0482,12.0,11820.0,441.0
2021-01-05 09:44:31.730,0.0484,0.0485,20.0,0.0482,12.0,11820.0,441.0
2021-01-05 09:44:32.691,0.0484,0.0485,10.0,0.0482,12.0,11820.0,441.0
2021-01-05 09:44:33.240,0.0484,0.0486,22.0,0.0482,22.0,11820.0,441.0
2021-01-05 09:44:33.730,0.0484,0.0486,32.0,0.0482,36.0,11820.0,441.0
2021-01-05 09:44:34.141,0.0484,0.0486,32.0,0.0482,56.0,11820.0,441.0
2021-01-05 09:44:34.631,0.0484,0.0485,10.0,0.0482,44.0,11820.0,441.0
2021-01-05 09:44:35.221,0.0484,0.0485,10.0,0.0483,12.0,11820.0,441.0
2021-01-05 09:44:35.740,0.0484,0.0486,32.0,0.0482,56.0,11820.0,441.0
2021-01-05 09:44:36.220,0.0484,0.0486,20.0,0.0483,12.0,11820.0,441.0
2021-01-05 09:44:37.240,0.0484,0.0486,20.0,0.0483,12.0,11820.0,441.0
2021-01-05 09:44:37.751,0.0484,0.0486,20.0,0.0484,12.0,11820.0,441.0
2021-01-05 09:44:38.731,0.0484,0.0486,32.0,0.0482,42.0,11820.0,441.0
2021-01-05 09:44:39.240,0.0484,0.0486,32.0,0.0482,56.0,11820.0,441.0
2021-01-05 09:44:39.661,0.0484,0.0486,20.0,0.0483,12.0,11820.0,441.0
2021-01-05 09:44:40.250,0.0484,0.0487,30.0,0.0482,44.0,11820.0,441.0
2021-01-05 09:44:40.740,0.0484,0.0486,12.0,0.0483,10.0,11820.0,441.0
2021-01-05 09:44:41.251,0.0484,0.0487,32.0,0.0483,22.0,11820.0,441.0
2021-01-05 09:44:41.730,0.0484,0.0487,32.0,0.0483,22.0,11820.0,441.0
2021-01-05 09:44:42.250,0.0484,0.0486,12.0,0.0483,10.0,11820.0,441.0
2021-01-05 09:44:42.731,0.0484,0.0486,12.0,0.0483,10.0,11820.0,441.0
2021-01-05 09:44:43.760,0.0484,0.0487,30.0,0.0483,10.0,11820.0,441.0
2021-01-05 09:44:44.260,0.0484,0.0487,42.0,0.0483,22.0,11820.0,441.0
2021-01-05 09:44:44.761,0.0484,0.0487,30.0,0.0485,12.0,11820.0,441.0
2021-01-05 09:44:45.261,0.0484,0.0487,44.0,0.0483,10.0,11820.0,441.0
2021-01-05 09:44:45.760,0.0484,0.0486,10.0,0.0483,12.0,11820.0,441.0
2021-01-05 09:44:46.271,0.0484,0.0486,10.0,0.0483,12.0,11820.0,441.0
2021-01-05 09:44:46.771,0.0484,0.0486,10.0,0.0485,1.0,11820.0,441.0
2021-01-05 09:44:47.251,0.0485,0.0485,9.0,0.0481,20.0,11821.0,442.0
2021-01-05 09:44:47.770,0.0485,0.0486,32.0,0.0482,12.0,11821.0,442.0
2021-01-05 09:44:48.271,0.0485,0.0486,32.0,0.0482,12.0,11821.0,442.0
2021-01-05 09:44:50.300,0.0485,0.0486,32.0,0.0482,12.0,11821.0,442.0
2021-01-05 09:44:50.811,0.0485,0.0485,12.0,0.0481,22.0,11821.0,442.0
2021-01-05 09:44:51.270,0.0485,0.0485,12.0,0.0481,22.0,11821.0,442.0
2021-01-05 09:44:51.810,0.0485,0.0485,22.0,0.0481,36.0,11821.0,442.0
2021-01-05 09:44:53.201,0.0485,0.0485,10.0,0.0482,12.0,11821.0,442.0
2021-01-05 09:44:53.710,0.0485,0.0485,22.0,0.0481,36.0,11821.0,442.0
2021-01-05 09:44:54.720,0.0485,0.0485,22.0,0.0481,36.0,11821.0,442.0
2021-01-05 09:44:55.150,0.0485,0.0485,10.0,0.0482,12.0,11821.0,442.0
2021-01-05 09:44:55.700,0.0485,0.0485,22.0,0.0481,36.0,11821.0,442.0
2021-01-05 09:44:56.220,0.0485,0.0485,10.0,0.0481,24.0,11821.0,442.0
2021-01-05 09:44:56.720,0.0485,0.0485,10.0,0.0482,12.0,11821.0,442.0
2021-01-05 09:44:57.680,0.0485,0.0485,10.0,0.0482,12.0,11821.0,442.0
2021-01-05 09:44:58.120,0.0485,0.0485,10.0,0.0482,22.0,11821.0,442.0
2021-01-05 09:44:58.720,0.0485,0.0486,10.0,0.0483,22.0,11821.0,442.0
2021-01-05 09:44:59.190,0.0485,0.0486,10.0,0.0483,22.0,11821.0,442.0
2021-01-05 09:44:59.711,0.0485,0.0486,10.0,0.0483,22.0,11821.0,442.0
2021-01-05 09:45:00.061,0.0485,0.0486,10.0,0.0483,10.0,11821.0,442.0
2021-01-05 09:45:00.591,0.0485,0.0486,10.0,0.0483,22.0,11821.0,442.0
2021-01-05 09:45:01.221,0.0485,0.0487,20.0,0.0484,12.0,11821.0,442.0
2021-01-05 09:45:01.680,0.0485,0.0487,10.0,0.0485,22.0,11821.0,442.0
2021-01-05 09:45:02.061,0.0485,0.0487,10.0,0.0485,22.0,11821.0,442.0
2021-01-05 09:45:02.621,0.0485,0.0487,10.0,0.0485,12.0,11821.0,442.0
2021-01-05 09:45:03.190,0.0485,0.0487,10.0,0.0485,12.0,11821.0,442.0
2021-01-05 09:45:03.680,0.0485,0.0487,10.0,0.0484,32.0,11821.0,442.0
2021-01-05 09:45:04.191,0.0485,0.0488,110.0,0.0486,12.0,11821.0,442.0
2021-01-05 09:45:04.700,0.0485,0.0488,110.0,0.0486,12.0,11821.0,442.0
2021-01-05 09:45:05.221,0.0485,0.0488,110.0,0.0486,12.0,11821.0,442.0
2021-01-05 09:45:05.720,0.0485,0.0488,100.0,0.0486,32.0,11821.0,442.0
2021-01-05 09:45:06.220,0.0485,0.0488,100.0,0.0487,12.0,11821.0,442.0
2021-01-05 09:45:06.721,0.0485,0.0488,100.0,0.0487,12.0,11821.0,442.0
2021-01-05 09:45:07.130,0.0485,0.0488,100.0,0.0486,32.0,11821.0,442.0
2021-01-05 09:45:07.720,0.0485,0.0488,100.0,0.0486,12.0,11821.0,442.0
2021-01-05 09:45:08.181,0.0485,0.0487,10.0,0.0485,22.0,11821.0,442.0
2021-01-05 09:45:08.700,0.0485,0.0488,100.0,0.0485,10.0,11821.0,442.0
2021-01-05 09:45:09.111,0.0485,0.0488,100.0,0.0487,12.0,11821.0,442.0
2021-01-05 09:45:09.720,0.0485,0.0488,100.0,0.0487,12.0,11821.0,442.0
2021-01-05 09:45:10.200,0.0485,0.0488,100.0,0.0487,12.0,11821.0,442.0
2021-01-05 09:45:10.700,0.0485,0.0488,100.0,0.0486,14.0,11821.0,442.0
2021-01-05 09:45:11.051,0.0485,0.0488,100.0,0.0486,14.0,11821.0,442.0
2021-01-05 09:45:11.720,0.0485,0.0488,100.0,0.0487,12.0,11821.0,442.0
2021-01-05 09:45:12.150,0.0485,0.0488,100.0,0.0487,12.0,11821.0,442.0
