,last,ask1,asize1,bid1,bsize1,oi,volume
2021-01-05 09:25:00.080,,0.838,1.0,0.7525,1.0,1019.0,
2021-01-05 09:30:00.451,,0.8427,1.0,0.7525,1.0,1019.0,
2021-01-05 09:30:00.991,,0.8726,1.0,0.7358,1.0,1019.0,
2021-01-05 09:30:01.990,,0.7979,20.0,0.7847,20.0,1019.0,
2021-01-05 09:30:02.511,,0.7969,20.0,0.7358,1.0,1019.0,
2021-01-05 09:30:02.611,,0.7969,20.0,0.7837,20.0,1019.0,
2021-01-05 09:30:03.471,,0.7979,20.0,0.7846,20.0,1019.0,
2021-01-05 09:30:03.980,,0.7988,20.0,0.7856,20.0,1019.0,
2021-01-05 09:30:04.430,,0.7979,20.0,0.7846,20.0,1019.0,
2021-01-05 09:30:05.010,,0.7979,20.0,0.7358,1.0,1019.0,
2021-01-05 09:30:05.481,,0.7964,20.0,0.7832,20.0,1019.0,
2021-01-05 09:30:05.990,,0.7964,20.0,0.7358,1.0,1019.0,
2021-01-05 09:30:06.480,,0.795,20.0,0.7818,20.0,1019.0,
2021-01-05 09:30:06.971,,0.795,20.0,0.7358,1.0,1019.0,
2021-01-05 09:30:07.471,,0.793,20.0,0.7798,20.0,1019.0,
2021-01-05 09:30:10.501,,0.7921,20.0,0.7789,20.0,1019.0,
2021-01-05 09:30:12.521,,0.7912,20.0,0.778,20.0,1019.0,
2021-01-05 09:30:13.000,,0.8726,1.0,0.778,20.0,1019.0,
2021-01-05 09:30:13.501,,0.7926,20.0,0.7794,20.0,1019.0,
2021-01-05 09:30:15.520,,0.7926,20.0,0.7794,20.0,1019.0,
2021-01-05 09:30:17.021,,0.7939,20.0,0.7808,20.0,1019.0,
2021-01-05 09:30:17.641,,0.7939,20.0,0.7808,20.0,1019.0,
2021-01-05 09:30:18.231,,0.7939,20.0,0.782,20.0,1019.0,
2021-01-05 09:30:19.251,,0.7955,20.0,0.782,20.0,1019.0,
2021-01-05 09:30:22.240,,0.7942,20.0,0.781,20.0,1019.0,
2021-01-05 09:30:24.161,,0.7933,20.0,0.7801,20.0,1019.0,
2021-01-05 09:30:24.661,,0.7933,20.0,0.7801,20.0,1019.0,
2021-01-05 09:30:25.671,,0.7923,20.0,0.7791,20.0,1019.0,
2021-01-05 09:30:28.670,,0.7923,20.0,0.7791,20.0,1019.0,
2021-01-05 09:30:30.620,,0.7933,20.0,0.78,20.0,1019.0,
2021-01-05 09:30:32.631,,0.7943,20.0,0.7811,20.0,1019.0,
2021-01-05 09:30:36.170,,0.7943,20.0,0.78,20.0,1019.0,
2021-01-05 09:30:36.691,,0.7943,20.0,0.7809,20.0,1019.0,
2021-01-05 09:30:36.691,,0.7943,20.0,0.7809,20.0,1019.0,
2021-01-05 09:30:43.180,,0.7943,20.0,0.7809,20.0,1019.0,
2021-01-05 09:30:43.681,,0.7943,20.0,0.7809,20.0,1019.0,
2021-01-05 09:30:44.181,,0.7943,20.0,0.7819,20.0,1019.0,
2021-01-05 09:30:46.200,,0.7956,20.0,0.7819,20.0,1019.0,
2021-01-05 09:30:47.691,,0.7956,20.0,0.7831,20.0,1019.0,
2021-01-05 09:30:48.200,,0.7956,20.0,0.7831,20.0,1019.0,
2021-01-05 09:30:59.640,,0.7956,20.0,0.7819,20.0,1019.0,
2021-01-05 09:31:00.161,,0.7956,20.0,0.7832,20.0,1019.0,
2021-01-05 09:31:01.150,,0.7956,20.0,0.7819,20.0,1019.0,
2021-01-05 09:31:02.170,,0.7956,20.0,0.7784,10.0,1019.0,
2021-01-05 09:31:02.681,,0.7947,20.0,0.7816,20.0,1019.0,
2021-01-05 09:31:04.181,,0.7947,20.0,0.7807,20.0,1019.0,
2021-01-05 09:31:05.190,,0.7935,20.0,0.7807,20.0,1019.0,
2021-01-05 09:31:06.160,,0.7947,20.0,0.7807,20.0,1019.0,
2021-01-05 09:31:07.190,,0.7947,20.0,0.7818,20.0,1019.0,
2021-01-05 09:31:08.650,,0.7958,30.0,0.7831,20.0,1019.0,
2021-01-05 09:31:09.101,,0.7958,30.0,0.7818,20.0,1019.0,
2021-01-05 09:31:09.701,,0.7958,30.0,0.7818,20.0,1019.0,
2021-01-05 09:31:10.690,,0.7958,30.0,0.7827,20.0,1019.0,
2021-01-05 09:31:12.711,,0.7958,30.0,0.7818,20.0,1019.0,
2021-01-05 09:31:13.170,,0.7958,30.0,0.7828,20.0,1019.0,
2021-01-05 09:31:14.690,,0.7958,30.0,0.7818,20.0,1019.0,
2021-01-05 09:31:17.201,,0.7958,30.0,0.7827,20.0,1019.0,
2021-01-05 09:31:19.150,,0.7958,10.0,0.7827,20.0,1019.0,
2021-01-05 09:31:19.721,,0.7958,30.0,0.7827,20.0,1019.0,
2021-01-05 09:31:20.701,,0.7958,30.0,0.7837,20.0,1019.0,
2021-01-05 09:31:21.221,,0.7958,30.0,0.7827,20.0,1019.0,
2021-01-05 09:31:22.620,,0.7908,10.0,0.7827,20.0,1019.0,
2021-01-05 09:31:23.171,,0.7902,10.0,0.7827,20.0,1019.0,
2021-01-05 09:31:23.640,,0.7903,10.0,0.7827,20.0,1019.0,
2021-01-05 09:31:24.660,,0.7903,10.0,0.7827,20.0,1019.0,
2021-01-05 09:31:25.150,,0.7903,10.0,0.7827,20.0,1019.0,
2021-01-05 09:31:25.640,,0.7903,10.0,0.7827,20.0,1019.0,
2021-01-05 09:31:26.141,,0.7903,10.0,0.7827,20.0,1019.0,
2021-01-05 09:31:26.681,,0.7903,10.0,0.7827,20.0,1019.0,
2021-01-05 09:31:27.171,,0.7903,10.0,0.7827,20.0,1019.0,
2021-01-05 09:31:27.601,,0.7903,10.0,0.7827,20.0,1019.0,
2021-01-05 09:31:28.610,,0.7902,10.0,0.7827,20.0,1019.0,
2021-01-05 09:31:29.171,,0.7903,10.0,0.7827,20.0,1019.0,
2021-01-05 09:31:30.170,,0.7903,10.0,0.7827,20.0,1019.0,
2021-01-05 09:31:30.671,,0.7903,10.0,0.7827,20.0,1019.0,
2021-01-05 09:31:31.150,,0.7903,10.0,0.7827,20.0,1019.0,
2021-01-05 09:31:31.661,,0.7903,10.0,0.7827,20.0,1019.0,
2021-01-05 09:31:32.191,,0.7903,20.0,0.7816,20.0,1019.0,
2021-01-05 09:31:33.190,,0.7903,20.0,0.7816,20.0,1019.0,
2021-01-05 09:31:33.470,,0.7903,20.0,0.7816,20.0,1019.0,
2021-01-05 09:31:34.681,,0.7899,10.0,0.7816,20.0,1019.0,
2021-01-05 09:31:35.670,,0.7902,10.0,0.7816,20.0,1019.0,
2021-01-05 09:31:36.181,,0.79,10.0,0.7817,2.0,1019.0,
2021-01-05 09:31:36.690,,0.7896,10.0,0.7817,2.0,1019.0,
2021-01-05 09:31:37.191,,0.7896,20.0,0.7817,2.0,1019.0,
2021-01-05 09:31:37.620,,0.7901,10.0,0.7817,2.0,1019.0,
2021-01-05 09:31:38.190,,0.7903,10.0,0.7817,2.0,1019.0,
2021-01-05 09:31:39.210,,0.7903,10.0,0.7817,2.0,1019.0,
2021-01-05 09:31:39.710,,0.7903,10.0,0.7817,2.0,1019.0,
2021-01-05 09:31:40.200,,0.7903,10.0,0.7817,2.0,1019.0,
2021-01-05 09:31:40.711,,0.7903,10.0,0.782,10.0,1019.0,
2021-01-05 09:31:41.191,,0.7903,10.0,0.7832,20.0,1019.0,
2021-01-05 09:31:41.700,,0.7903,10.0,0.7832,20.0,1019.0,
2021-01-05 09:31:42.211,,0.7903,10.0,0.7832,20.0,1019.0,
2021-01-05 09:31:43.191,,0.7903,10.0,0.7832,20.0,1019.0,
2021-01-05 09:31:43.621,,0.7907,10.0,0.7843,10.0,1019.0,
2021-01-05 09:31:44.190,,0.7907,10.0,0.7843,30.0,1019.0,
2021-01-05 09:31:44.691,,0.7901,10.0,0.7843,30.0,1019.0,
2021-01-05 09:31:45.170,,0.7911,10.0,0.7843,30.0,1019.0,
2021-01-05 09:31:45.700,,0.7907,10.0,0.7843,20.0,1019.0,
2021-01-05 09:31:46.101,,0.7919,20.0,0.7843,2.0,1019.0,
2021-01-05 09:31:46.701,,0.7919,20.0,0.7843,22.0,1019.0,
2021-01-05 09:31:47.191,,0.7916,10.0,0.7843,20.0,1019.0,
2021-01-05 09:31:47.690,,0.7919,10.0,0.784,2.0,1019.0,
2021-01-05 09:31:48.211,,0.7919,10.0,0.784,22.0,1019.0,
2021-01-05 09:31:49.711,,0.7919,10.0,0.784,22.0,1019.0,
2021-01-05 09:31:50.191,,0.7919,10.0,0.784,22.0,1019.0,
2021-01-05 09:31:50.710,,0.7922,20.0,0.7862,10.0,1019.0,
2021-01-05 09:31:51.210,,0.7922,20.0,0.7862,30.0,1019.0,
2021-01-05 09:31:52.621,,0.7922,20.0,0.7863,2.0,1019.0,
2021-01-05 09:31:53.171,,0.7922,20.0,0.7863,2.0,1019.0,
2021-01-05 09:31:53.530,,0.7922,20.0,0.7863,2.0,1019.0,
2021-01-05 09:31:54.151,,0.7933,20.0,0.7883,10.0,1019.0,
2021-01-05 09:31:54.641,,0.7943,40.0,0.7883,30.0,1019.0,
2021-01-05 09:31:55.150,,0.7943,30.0,0.7883,30.0,1019.0,
2021-01-05 09:31:55.670,,0.7943,30.0,0.7883,30.0,1019.0,
2021-01-05 09:31:57.171,,0.7943,30.0,0.7883,30.0,1019.0,
2021-01-05 09:31:58.171,,0.7943,30.0,0.7883,30.0,1019.0,
2021-01-05 09:31:59.180,,0.7943,30.0,0.7883,30.0,1019.0,
2021-01-05 09:31:59.660,,0.7943,30.0,0.7883,30.0,1019.0,
2021-01-05 09:32:00.150,,0.7943,30.0,0.7883,30.0,1019.0,
2021-01-05 09:32:00.650,,0.7943,30.0,0.7883,30.0,1019.0,
2021-01-05 09:32:01.170,,0.7943,30.0,0.7883,30.0,1019.0,
2021-01-05 09:32:01.670,,0.7943,30.0,0.7883,30.0,1019.0,
2021-01-05 09:32:02.171,,0.7943,30.0,0.7883,30.0,1019.0,
2021-01-05 09:32:02.671,,0.7927,10.0,0.7883,20.0,1019.0,
2021-01-05 09:32:03.180,,0.7927,30.0,0.7863,2.0,1019.0,
2021-01-05 09:32:04.150,,0.7927,30.0,0.7862,20.0,1019.0,
2021-01-05 09:32:04.661,,0.7927,30.0,0.7862,20.0,1019.0,
2021-01-05 09:32:05.141,,0.7927,20.0,0.7862,20.0,1019.0,
2021-01-05 09:32:05.660,,0.7942,10.0,0.7862,20.0,1019.0,
2021-01-05 09:32:06.161,,0.7943,20.0,0.7862,20.0,1019.0,
2021-01-05 09:32:06.680,,0.7948,30.0,0.7861,22.0,1019.0,
2021-01-05 09:32:07.070,,0.7943,10.0,0.7861,22.0,1019.0,
2021-01-05 09:32:08.171,,0.7943,10.0,0.7861,22.0,1019.0,
2021-01-05 09:32:08.670,,0.7948,30.0,0.7861,22.0,1019.0,
2021-01-05 09:32:09.141,,0.7948,30.0,0.7861,22.0,1019.0,
2021-01-05 09:32:09.681,,0.7948,30.0,0.7861,22.0,1019.0,
2021-01-05 09:32:10.161,,0.7948,30.0,0.7861,22.0,1019.0,
2021-01-05 09:32:10.630,,0.7948,40.0,0.7861,22.0,1019.0,
2021-01-05 09:32:11.170,,0.7948,30.0,0.7861,22.0,1019.0,
2021-01-05 09:32:11.650,,0.7948,30.0,0.7861,22.0,1019.0,
2021-01-05 09:32:12.161,,0.7947,10.0,0.7861,22.0,1019.0,
2021-01-05 09:32:12.670,,0.7946,10.0,0.7861,22.0,1019.0,
2021-01-05 09:32:13.171,,0.7948,40.0,0.7861,22.0,1019.0,
2021-01-05 09:32:13.680,,0.7947,10.0,0.7861,22.0,1019.0,
2021-01-05 09:32:14.180,,0.7947,10.0,0.7861,20.0,1019.0,
2021-01-05 09:32:14.660,,0.7948,30.0,0.7861,20.0,1019.0,
2021-01-05 09:32:15.171,,0.7948,30.0,0.7861,20.0,1019.0,
2021-01-05 09:32:15.671,,0.7948,30.0,0.7861,20.0,1019.0,
2021-01-05 09:32:16.151,,0.7948,30.0,0.7861,20.0,1019.0,
2021-01-05 09:32:17.161,,0.7948,40.0,0.7861,20.0,1019.0,
2021-01-05 09:32:17.651,,0.7948,30.0,0.7861,20.0,1019.0,
2021-01-05 09:32:18.130,,0.7948,30.0,0.7862,2.0,1019.0,
2021-01-05 09:32:18.670,,0.7948,30.0,0.7862,2.0,1019.0,
2021-01-05 09:32:19.670,,0.7945,10.0,0.7884,10.0,1019.0,
2021-01-05 09:32:20.151,,0.7945,10.0,0.7884,30.0,1019.0,
2021-01-05 09:32:20.671,,0.7945,10.0,0.7884,30.0,1019.0,
2021-01-05 09:32:21.171,,0.7945,10.0,0.7884,30.0,1019.0,
2021-01-05 09:32:21.680,,0.7943,10.0,0.7884,30.0,1019.0,
2021-01-05 09:32:22.181,,0.7945,10.0,0.7884,30.0,1019.0,
2021-01-05 09:32:22.660,,0.7945,20.0,0.7884,30.0,1019.0,
2021-01-05 09:32:23.140,,0.7945,20.0,0.7884,30.0,1019.0,
2021-01-05 09:32:24.160,,0.7945,10.0,0.7884,30.0,1019.0,
2021-01-05 09:32:24.640,,0.7945,10.0,0.7884,30.0,1019.0,
2021-01-05 09:32:25.170,,0.7945,10.0,0.7884,30.0,1019.0,
2021-01-05 09:32:25.670,,0.7945,10.0,0.7884,30.0,1019.0,
2021-01-05 09:32:26.171,,0.7945,10.0,0.7884,30.0,1019.0,
2021-01-05 09:32:28.171,,0.7945,10.0,0.7884,30.0,1019.0,
2021-01-05 09:32:28.630,,0.7945,10.0,0.7884,30.0,1019.0,
2021-01-05 09:32:29.180,,0.7945,10.0,0.7884,30.0,1019.0,
2021-01-05 09:32:30.171,,0.7945,10.0,0.7884,30.0,1019.0,
2021-01-05 09:32:31.151,,0.7945,10.0,0.7884,30.0,1019.0,
2021-01-05 09:32:31.691,,0.7945,10.0,0.7884,30.0,1019.0,
2021-01-05 09:32:32.121,,0.7945,10.0,0.7884,30.0,1019.0,
2021-01-05 09:32:33.141,,0.7945,10.0,0.7884,30.0,1019.0,
2021-01-05 09:32:33.671,,0.7945,10.0,0.7884,30.0,1019.0,
2021-01-05 09:32:34.171,,0.7945,10.0,0.7884,30.0,1019.0,
2021-01-05 09:32:34.691,,0.7945,10.0,0.7884,30.0,1019.0,
2021-01-05 09:32:35.170,,0.7945,10.0,0.7884,30.0,1019.0,
2021-01-05 09:32:35.671,,0.7945,10.0,0.7884,30.0,1019.0,
2021-01-05 09:32:38.670,,0.7945,10.0,0.7884,30.0,1019.0,
2021-01-05 09:32:39.200,,0.7945,10.0,0.7884,30.0,1019.0,
2021-01-05 09:32:39.630,,0.7945,10.0,0.7884,30.0,1019.0,
2021-01-05 09:32:40.151,,0.7945,10.0,0.7884,30.0,1019.0,
2021-01-05 09:32:41.690,,0.7945,10.0,0.7884,30.0,1019.0,
2021-01-05 09:32:42.201,,0.7945,10.0,0.7884,30.0,1019.0,
2021-01-05 09:32:42.700,,0.7945,10.0,0.7884,30.0,1019.0,
2021-01-05 09:32:43.190,,0.7945,10.0,0.7884,30.0,1019.0,
2021-01-05 09:32:43.580,,0.7945,10.0,0.7884,30.0,1019.0,
2021-01-05 09:32:44.151,,0.7945,10.0,0.7884,30.0,1019.0,
2021-01-05 09:32:44.700,,0.7945,10.0,0.7884,30.0,1019.0,
2021-01-05 09:32:45.580,,0.7945,10.0,0.7884,30.0,1019.0,
2021-01-05 09:32:46.160,,0.7945,10.0,0.7884,30.0,1019.0,
2021-01-05 09:32:47.701,,0.7945,10.0,0.7884,30.0,1019.0,
2021-01-05 09:32:48.181,,0.7945,10.0,0.7884,30.0,1019.0,
2021-01-05 09:32:48.690,,0.7945,10.0,0.7884,30.0,1019.0,
2021-01-05 09:32:48.690,,0.7945,10.0,0.7884,30.0,1019.0,
2021-01-05 09:32:49.670,,0.7962,10.0,0.7889,10.0,1019.0,
2021-01-05 09:32:50.171,,0.798,10.0,0.7889,12.0,1019.0,
2021-01-05 09:32:50.700,,0.7967,10.0,0.7889,10.0,1019.0,
2021-01-05 09:32:51.170,,0.7973,10.0,0.7889,30.0,1019.0,
2021-01-05 09:32:51.701,,0.798,30.0,0.789,2.0,1019.0,
2021-01-05 09:32:52.191,,0.7976,10.0,0.789,20.0,1019.0,
2021-01-05 09:32:53.161,,0.7972,10.0,0.789,20.0,1019.0,
2021-01-05 09:32:53.641,,0.7973,10.0,0.789,20.0,1019.0,
2021-01-05 09:32:54.181,,0.7969,10.0,0.789,20.0,1019.0,
2021-01-05 09:32:54.671,,0.7967,10.0,0.789,20.0,1019.0,
2021-01-05 09:32:55.170,,0.7969,20.0,0.789,20.0,1019.0,
2021-01-05 09:32:55.670,,0.7969,20.0,0.789,20.0,1019.0,
2021-01-05 09:32:56.150,,0.7969,20.0,0.789,20.0,1019.0,
2021-01-05 09:32:56.611,,0.798,30.0,0.789,20.0,1019.0,
2021-01-05 09:32:57.130,,0.7976,10.0,0.789,20.0,1019.0,
2021-01-05 09:32:57.600,,0.798,40.0,0.789,20.0,1019.0,
2021-01-05 09:32:58.651,,0.798,40.0,0.789,20.0,1019.0,
2021-01-05 09:32:59.621,,0.798,30.0,0.789,22.0,1019.0,
2021-01-05 09:33:00.651,,0.798,30.0,0.789,20.0,1019.0,
2021-01-05 09:33:01.081,,0.798,20.0,0.7889,10.0,1019.0,
2021-01-05 09:33:01.661,,0.7975,10.0,0.7889,30.0,1019.0,
2021-01-05 09:33:02.651,,0.7974,10.0,0.7889,30.0,1019.0,
2021-01-05 09:33:03.121,,0.7949,10.0,0.7889,30.0,1019.0,
2021-01-05 09:33:03.681,,0.7949,10.0,0.7889,30.0,1019.0,
2021-01-05 09:33:04.140,,0.7958,10.0,0.7873,20.0,1019.0,
2021-01-05 09:33:04.651,,0.7949,20.0,0.7887,20.0,1019.0,
2021-01-05 09:33:05.181,,0.7958,30.0,0.7873,20.0,1019.0,
2021-01-05 09:33:05.690,,0.7958,40.0,0.7873,20.0,1019.0,
2021-01-05 09:33:06.170,,0.7954,10.0,0.7873,20.0,1019.0,
2021-01-05 09:33:07.171,,0.7951,10.0,0.7873,20.0,1019.0,
2021-01-05 09:33:07.601,,0.7957,10.0,0.7873,20.0,1019.0,
2021-01-05 09:33:08.191,,0.7958,30.0,0.7873,20.0,1019.0,
2021-01-05 09:33:09.181,,0.7958,30.0,0.7873,20.0,1019.0,
2021-01-05 09:33:09.651,,0.7958,30.0,0.7873,20.0,1019.0,
2021-01-05 09:33:10.180,,0.7958,30.0,0.7873,20.0,1019.0,
2021-01-05 09:33:10.681,,0.7958,40.0,0.7873,20.0,1019.0,
2021-01-05 09:33:11.670,,0.7956,10.0,0.7873,20.0,1019.0,
2021-01-05 09:33:12.181,,0.7958,30.0,0.7873,20.0,1019.0,
2021-01-05 09:33:12.650,,0.7958,30.0,0.7873,20.0,1019.0,
2021-01-05 09:33:13.100,,0.7958,30.0,0.7873,20.0,1019.0,
2021-01-05 09:33:13.691,,0.7958,30.0,0.7873,20.0,1019.0,
2021-01-05 09:33:14.160,,0.7958,30.0,0.7873,20.0,1019.0,
2021-01-05 09:33:14.650,,0.7958,30.0,0.7873,20.0,1019.0,
2021-01-05 09:33:15.651,,0.7956,10.0,0.7873,20.0,1019.0,
2021-01-05 09:33:16.181,,0.7954,10.0,0.7873,20.0,1019.0,
2021-01-05 09:33:16.671,,0.7928,10.0,0.7873,20.0,1019.0,
2021-01-05 09:33:17.190,,0.7928,10.0,0.7873,20.0,1019.0,
2021-01-05 09:33:17.691,,0.7928,30.0,0.7873,20.0,1019.0,
2021-01-05 09:33:18.160,,0.7928,10.0,0.7873,20.0,1019.0,
2021-01-05 09:33:18.680,,0.7928,30.0,0.7873,20.0,1019.0,
2021-01-05 09:33:18.921,,0.7928,10.0,0.7873,20.0,1019.0,
2021-01-05 09:33:19.660,,0.7928,30.0,0.7873,20.0,1019.0,
2021-01-05 09:33:19.950,,0.7928,30.0,0.7868,10.0,1019.0,
2021-01-05 09:33:20.680,,0.7928,30.0,0.7868,10.0,1019.0,
2021-01-05 09:33:21.160,,0.7928,30.0,0.7868,10.0,1019.0,
2021-01-05 09:33:21.681,,0.7928,30.0,0.7868,10.0,1019.0,
2021-01-05 09:33:22.150,,0.7928,30.0,0.7868,10.0,1019.0,
2021-01-05 09:33:22.670,,0.7928,30.0,0.7868,10.0,1019.0,
2021-01-05 09:33:23.151,,0.7928,30.0,0.7868,10.0,1019.0,
2021-01-05 09:33:23.660,,0.7928,30.0,0.7868,10.0,1019.0,
2021-01-05 09:33:24.171,,0.7928,30.0,0.7868,10.0,1019.0,
2021-01-05 09:33:24.661,,0.7928,30.0,0.7868,10.0,1019.0,
2021-01-05 09:33:25.671,,0.7928,30.0,0.7868,10.0,1019.0,
2021-01-05 09:33:26.161,,0.7928,30.0,0.7868,10.0,1019.0,
2021-01-05 09:33:27.171,,0.7928,10.0,0.7868,10.0,1019.0,
2021-01-05 09:33:27.681,,0.7928,30.0,0.7868,10.0,1019.0,
2021-01-05 09:33:28.180,,0.7928,10.0,0.7868,10.0,1019.0,
2021-01-05 09:33:28.670,,0.7928,30.0,0.7868,10.0,1019.0,
2021-01-05 09:33:29.171,,0.7928,30.0,0.7868,10.0,1019.0,
2021-01-05 09:33:30.180,,0.7928,30.0,0.7868,10.0,1019.0,
2021-01-05 09:33:31.680,,0.7928,30.0,0.7868,10.0,1019.0,
2021-01-05 09:33:32.170,,0.7928,30.0,0.7868,10.0,1019.0,
2021-01-05 09:33:32.620,,0.7928,30.0,0.7868,10.0,1019.0,
2021-01-05 09:33:33.680,,0.7928,30.0,0.7868,10.0,1019.0,
2021-01-05 09:33:36.681,,0.7928,30.0,0.7868,10.0,1019.0,
2021-01-05 09:33:37.190,,0.7928,30.0,0.7868,10.0,1019.0,
2021-01-05 09:33:37.640,,0.7928,30.0,0.7868,10.0,1019.0,
2021-01-05 09:33:39.201,,0.7928,30.0,0.7868,10.0,1019.0,
2021-01-05 09:33:39.641,,0.7928,30.0,0.7868,10.0,1019.0,
2021-01-05 09:33:40.160,,0.7928,30.0,0.7868,10.0,1019.0,
2021-01-05 09:33:41.161,,0.7928,30.0,0.7868,10.0,1019.0,
2021-01-05 09:33:41.691,,0.7928,30.0,0.7868,10.0,1019.0,
2021-01-05 09:33:42.160,,0.7928,20.0,0.7866,20.0,1019.0,
2021-01-05 09:33:42.640,,0.7928,20.0,0.7866,20.0,1019.0,
2021-01-05 09:33:43.180,,0.7945,14.0,0.7858,10.0,1019.0,
2021-01-05 09:33:43.681,,0.7945,14.0,0.7858,10.0,1019.0,
2021-01-05 09:33:44.110,,0.7945,14.0,0.7858,10.0,1019.0,
2021-01-05 09:33:44.671,,0.7945,14.0,0.7858,10.0,1019.0,
2021-01-05 09:33:45.180,,0.7945,14.0,0.7858,10.0,1019.0,
2021-01-05 09:33:45.660,,0.7945,14.0,0.7858,10.0,1019.0,
2021-01-05 09:33:46.161,,0.7945,14.0,0.7858,10.0,1019.0,
2021-01-05 09:33:46.680,,0.7945,14.0,0.7859,10.0,1019.0,
2021-01-05 09:33:47.191,,0.7945,14.0,0.7861,10.0,1019.0,
2021-01-05 09:33:48.171,,0.7945,14.0,0.7859,10.0,1019.0,
2021-01-05 09:33:48.680,,0.7945,14.0,0.786,2.0,1019.0,
2021-01-05 09:33:49.120,,0.7945,14.0,0.7861,10.0,1019.0,
2021-01-05 09:33:50.180,,0.7945,14.0,0.7891,10.0,1019.0,
2021-01-05 09:33:50.670,,0.7945,14.0,0.7891,30.0,1019.0,
2021-01-05 09:33:51.141,,0.7945,14.0,0.7891,30.0,1019.0,
2021-01-05 09:33:51.581,,0.7945,14.0,0.7891,30.0,1019.0,
2021-01-05 09:33:52.190,,0.7945,14.0,0.7891,30.0,1019.0,
2021-01-05 09:33:52.661,,0.7945,14.0,0.7891,30.0,1019.0,
2021-01-05 09:33:53.650,,0.7945,14.0,0.7891,30.0,1019.0,
2021-01-05 09:33:54.180,,0.7945,14.0,0.7891,30.0,1019.0,
2021-01-05 09:33:54.610,,0.7945,14.0,0.7891,30.0,1019.0,
2021-01-05 09:33:55.181,,0.7945,14.0,0.7891,30.0,1019.0,
2021-01-05 09:33:55.650,,0.7945,14.0,0.7891,30.0,1019.0,
2021-01-05 09:33:56.120,,0.7945,14.0,0.7891,30.0,1019.0,
2021-01-05 09:33:57.171,,0.7945,14.0,0.7891,20.0,1019.0,
2021-01-05 09:33:57.671,,0.7945,14.0,0.7871,30.0,1019.0,
2021-01-05 09:33:58.170,,0.7948,20.0,0.7871,32.0,1019.0,
2021-01-05 09:33:58.670,,0.7961,30.0,0.7871,32.0,1019.0,
2021-01-05 09:33:59.140,,0.7961,30.0,0.7873,10.0,1019.0,
2021-01-05 09:33:59.690,,0.7961,30.0,0.7873,10.0,1019.0,
2021-01-05 09:34:00.191,,0.7961,30.0,0.7876,10.0,1019.0,
2021-01-05 09:34:00.671,,0.7961,30.0,0.7878,10.0,1019.0,
2021-01-05 09:34:01.140,,0.7961,30.0,0.7878,10.0,1019.0,
2021-01-05 09:34:01.661,,0.7961,30.0,0.7871,32.0,1019.0,
2021-01-05 09:34:02.170,,0.7961,30.0,0.7871,32.0,1019.0,
2021-01-05 09:34:02.671,,0.7961,30.0,0.7872,10.0,1019.0,
2021-01-05 09:34:03.171,,0.7961,30.0,0.7876,10.0,1019.0,
2021-01-05 09:34:03.670,,0.796,1.0,0.7874,10.0,1019.0,
2021-01-05 09:34:04.120,,0.796,1.0,0.7876,10.0,1019.0,
2021-01-05 09:34:04.671,,0.796,1.0,0.7876,10.0,1019.0,
2021-01-05 09:34:05.121,,0.796,1.0,0.7879,10.0,1019.0,
2021-01-05 09:34:06.191,,0.796,1.0,0.7879,10.0,1019.0,
2021-01-05 09:34:06.671,,0.796,1.0,0.7904,10.0,1019.0,
2021-01-05 09:34:07.130,,0.796,1.0,0.7904,30.0,1019.0,
2021-01-05 09:34:07.651,,0.796,1.0,0.7904,30.0,1019.0,
2021-01-05 09:34:08.171,,0.796,1.0,0.7904,30.0,1019.0,
2021-01-05 09:34:09.170,,0.796,1.0,0.7904,30.0,1019.0,
2021-01-05 09:34:09.670,,0.796,1.0,0.7904,30.0,1019.0,
2021-01-05 09:34:10.140,,0.796,1.0,0.7904,30.0,1019.0,
2021-01-05 09:34:10.690,,0.796,1.0,0.7904,30.0,1019.0,
2021-01-05 09:34:11.681,,0.796,1.0,0.7904,30.0,1019.0,
2021-01-05 09:34:12.121,,0.796,1.0,0.7904,30.0,1019.0,
2021-01-05 09:34:12.640,,0.796,1.0,0.7904,30.0,1019.0,
2021-01-05 09:34:13.191,,0.796,1.0,0.7904,30.0,1019.0,
2021-01-05 09:34:13.681,,0.796,1.0,0.7904,30.0,1019.0,
2021-01-05 09:34:14.181,,0.796,1.0,0.7904,30.0,1019.0,
2021-01-05 09:34:14.691,,0.7943,10.0,0.7883,10.0,1019.0,
2021-01-05 09:34:15.181,,0.7943,10.0,0.7883,10.0,1019.0,
2021-01-05 09:34:15.681,,0.7942,1.0,0.7883,30.0,1019.0,
2021-01-05 09:34:15.900,,0.7942,1.0,0.7883,10.0,1019.0,
2021-01-05 09:34:16.630,,0.7942,21.0,0.7883,30.0,1019.0,
2021-01-05 09:34:17.181,,0.7942,21.0,0.7883,30.0,1019.0,
2021-01-05 09:34:17.690,,0.7942,21.0,0.7883,30.0,1019.0,
2021-01-05 09:34:18.201,,0.7942,21.0,0.7883,30.0,1019.0,
2021-01-05 09:34:18.620,,0.7942,21.0,0.7883,30.0,1019.0,
2021-01-05 09:34:19.041,,0.7942,21.0,0.7883,30.0,1019.0,
2021-01-05 09:34:19.700,,0.7942,21.0,0.7883,30.0,1019.0,
2021-01-05 09:34:20.180,,0.7942,21.0,0.7883,30.0,1019.0,
2021-01-05 09:34:20.651,,0.7942,21.0,0.7883,30.0,1019.0,
2021-01-05 09:34:21.690,,0.7942,1.0,0.7904,10.0,1019.0,
2021-01-05 09:34:22.151,,0.7959,20.0,0.7904,30.0,1019.0,
2021-01-05 09:34:22.651,,0.7941,1.0,0.7904,30.0,1019.0,
2021-01-05 09:34:23.181,,0.795,20.0,0.7904,30.0,1019.0,
2021-01-05 09:34:23.561,,0.794,1.0,0.7904,30.0,1019.0,
2021-01-05 09:34:24.170,,0.7959,20.0,0.7904,30.0,1019.0,
2021-01-05 09:34:24.600,,0.7939,1.0,0.7904,30.0,1019.0,
2021-01-05 09:34:25.171,,0.7959,20.0,0.7904,30.0,1019.0,
2021-01-05 09:34:25.671,,0.7959,20.0,0.7904,30.0,1019.0,
2021-01-05 09:34:26.641,,0.7959,20.0,0.7904,30.0,1019.0,
2021-01-05 09:34:27.150,,0.7959,20.0,0.7904,30.0,1019.0,
2021-01-05 09:34:28.120,,0.7959,20.0,0.7904,30.0,1019.0,
2021-01-05 09:34:29.601,,0.7959,20.0,0.7904,30.0,1019.0,
2021-01-05 09:34:30.170,,0.7959,20.0,0.7904,30.0,1019.0,
2021-01-05 09:34:30.681,,0.7959,20.0,0.7904,30.0,1019.0,
2021-01-05 09:34:31.190,,0.7959,20.0,0.7904,30.0,1019.0,
2021-01-05 09:34:31.691,,0.7959,20.0,0.7904,30.0,1019.0,
2021-01-05 09:34:33.090,,0.7959,20.0,0.7904,30.0,1019.0,
2021-01-05 09:34:33.691,,0.7959,20.0,0.7904,30.0,1019.0,
2021-01-05 09:34:35.130,,0.7958,1.0,0.7904,30.0,1019.0,
2021-01-05 09:34:35.691,,0.7958,1.0,0.7904,30.0,1019.0,
2021-01-05 09:34:37.700,,0.7958,1.0,0.7922,10.0,1019.0,
2021-01-05 09:34:38.171,,0.7968,20.0,0.7922,30.0,1019.0,
2021-01-05 09:34:38.690,,0.7957,1.0,0.7922,30.0,1019.0,
2021-01-05 09:34:39.070,,0.7982,20.0,0.7922,20.0,1019.0,
2021-01-05 09:34:39.470,,0.7956,1.0,0.7911,10.0,1019.0,
2021-01-05 09:34:40.171,,0.7982,20.0,0.7911,10.0,1019.0,
2021-01-05 09:34:40.651,,0.7982,20.0,0.7911,10.0,1019.0,
2021-01-05 09:34:41.201,,0.7981,1.0,0.7911,10.0,1019.0,
2021-01-05 09:34:42.171,,0.7981,1.0,0.7911,10.0,1019.0,
2021-01-05 09:34:42.680,,0.7981,1.0,0.7911,10.0,1019.0,
2021-01-05 09:34:45.200,,0.7981,1.0,0.7911,10.0,1019.0,
2021-01-05 09:34:46.201,,0.7981,1.0,0.7912,10.0,1019.0,
2021-01-05 09:34:46.660,,0.7981,1.0,0.7911,10.0,1019.0,
2021-01-05 09:34:47.701,,0.7981,1.0,0.7913,10.0,1019.0,
2021-01-05 09:34:48.141,,0.7981,1.0,0.7913,30.0,1019.0,
2021-01-05 09:34:49.210,,0.7981,1.0,0.7913,20.0,1019.0,
2021-01-05 09:34:49.701,,0.7981,1.0,0.7913,20.0,1019.0,
2021-01-05 09:34:50.220,,0.7981,1.0,0.7913,20.0,1019.0,
2021-01-05 09:34:51.200,,0.7981,1.0,0.7913,20.0,1019.0,
2021-01-05 09:34:51.701,,0.7981,1.0,0.7913,20.0,1019.0,
2021-01-05 09:34:52.220,,0.7981,1.0,0.7913,20.0,1019.0,
2021-01-05 09:34:53.180,,0.7981,1.0,0.7913,20.0,1019.0,
2021-01-05 09:34:53.651,,0.7981,1.0,0.7914,10.0,1019.0,
2021-01-05 09:34:54.170,,0.7981,1.0,0.7917,10.0,1019.0,
2021-01-05 09:34:54.631,,0.7981,1.0,0.7944,10.0,1019.0,
2021-01-05 09:34:55.161,,0.7981,1.0,0.7944,30.0,1019.0,
2021-01-05 09:34:55.161,,0.798,1.0,0.7944,10.0,1019.0,
2021-01-05 09:34:56.051,0.798,0.8,20.0,0.7944,30.0,1020.0,1.0
2021-01-05 09:34:56.681,0.798,0.7999,1.0,0.7944,30.0,1020.0,1.0
2021-01-05 09:34:58.160,0.798,0.7999,1.0,0.7944,30.0,1020.0,1.0
2021-01-05 09:34:58.640,0.798,0.7999,1.0,0.7944,30.0,1020.0,1.0
2021-01-05 09:34:59.170,0.798,0.7999,1.0,0.7944,30.0,1020.0,1.0
2021-01-05 09:35:00.160,0.798,0.7999,1.0,0.7944,30.0,1020.0,1.0
2021-01-05 09:35:00.630,0.798,0.7999,1.0,0.7962,10.0,1020.0,1.0
2021-01-05 09:35:00.640,0.798,0.801,20.0,0.7962,10.0,1020.0,1.0
2021-01-05 09:35:01.170,0.798,0.7998,1.0,0.7962,10.0,1020.0,1.0
2021-01-05 09:35:02.160,0.798,0.8007,20.0,0.7962,10.0,1020.0,1.0
2021-01-05 09:35:02.680,0.798,0.8022,30.0,0.7962,10.0,1020.0,1.0
2021-01-05 09:35:03.180,0.798,0.8022,30.0,0.7962,10.0,1020.0,1.0
2021-01-05 09:35:03.660,0.798,0.8008,10.0,0.7944,20.0,1020.0,1.0
2021-01-05 09:35:04.061,0.798,0.8008,20.0,0.7944,20.0,1020.0,1.0
2021-01-05 09:35:04.661,0.798,0.8022,20.0,0.7944,20.0,1020.0,1.0
2021-01-05 09:35:05.180,0.798,0.8022,20.0,0.7944,20.0,1020.0,1.0
2021-01-05 09:35:05.591,0.798,0.8022,20.0,0.7944,20.0,1020.0,1.0
2021-01-05 09:35:06.680,0.798,0.8022,20.0,0.7944,20.0,1020.0,1.0
2021-01-05 09:35:07.131,0.798,0.8022,20.0,0.7944,20.0,1020.0,1.0
2021-01-05 09:35:07.650,0.798,0.8022,20.0,0.7944,20.0,1020.0,1.0
2021-01-05 09:35:08.190,0.798,0.8021,1.0,0.7948,10.0,1020.0,1.0
2021-01-05 09:35:09.191,0.798,0.8021,15.0,0.7964,10.0,1020.0,1.0
2021-01-05 09:35:09.700,0.798,0.8021,15.0,0.7964,10.0,1020.0,1.0
2021-01-05 09:35:10.180,0.798,0.8021,15.0,0.7964,30.0,1020.0,1.0
2021-01-05 09:35:10.691,0.798,0.8021,15.0,0.7964,30.0,1020.0,1.0
2021-01-05 09:35:11.160,0.798,0.8021,15.0,0.7964,30.0,1020.0,1.0
2021-01-05 09:35:11.680,0.798,0.8021,15.0,0.7964,30.0,1020.0,1.0
2021-01-05 09:35:12.101,0.798,0.8021,15.0,0.7964,30.0,1020.0,1.0
2021-01-05 09:35:12.691,0.798,0.8021,15.0,0.7964,30.0,1020.0,1.0
2021-01-05 09:35:13.181,0.798,0.8021,15.0,0.7964,30.0,1020.0,1.0
2021-01-05 09:35:13.640,0.798,0.8021,15.0,0.7964,10.0,1020.0,1.0
2021-01-05 09:35:14.191,0.798,0.8021,15.0,0.7955,34.0,1020.0,1.0
2021-01-05 09:35:14.700,0.798,0.8006,14.0,0.7945,10.0,1020.0,1.0
2021-01-05 09:35:15.200,0.798,0.8006,14.0,0.7947,20.0,1020.0,1.0
2021-01-05 09:35:15.701,0.798,0.8006,34.0,0.7948,2.0,1020.0,1.0
2021-01-05 09:35:16.201,0.798,0.8005,1.0,0.7948,2.0,1020.0,1.0
2021-01-05 09:35:16.681,0.798,0.8005,1.0,0.7948,2.0,1020.0,1.0
2021-01-05 09:35:17.680,0.798,0.8005,1.0,0.7948,2.0,1020.0,1.0
2021-01-05 09:35:18.170,0.798,0.8005,1.0,0.7948,2.0,1020.0,1.0
2021-01-05 09:35:18.681,0.798,0.8005,1.0,0.7947,20.0,1020.0,1.0
2021-01-05 09:35:19.161,0.798,0.8005,1.0,0.7947,20.0,1020.0,1.0
2021-01-05 09:35:20.170,0.798,0.8005,1.0,0.7947,20.0,1020.0,1.0
2021-01-05 09:35:20.690,0.798,0.8005,1.0,0.7947,20.0,1020.0,1.0
2021-01-05 09:35:21.180,0.798,0.8005,1.0,0.7947,30.0,1020.0,1.0
2021-01-05 09:35:21.620,0.798,0.8005,1.0,0.796,14.0,1020.0,1.0
2021-01-05 09:35:22.171,0.798,0.8021,20.0,0.796,34.0,1020.0,1.0
2021-01-05 09:35:22.521,0.798,0.8021,20.0,0.796,34.0,1020.0,1.0
2021-01-05 09:35:23.680,0.798,0.8018,10.0,0.796,34.0,1020.0,1.0
2021-01-05 09:35:24.171,0.798,0.8018,10.0,0.796,34.0,1020.0,1.0
2021-01-05 09:35:24.671,0.798,0.8018,10.0,0.796,34.0,1020.0,1.0
2021-01-05 09:35:25.170,0.798,0.8018,10.0,0.796,34.0,1020.0,1.0
2021-01-05 09:35:25.620,0.798,0.8018,10.0,0.796,34.0,1020.0,1.0
2021-01-05 09:35:26.171,0.798,0.8018,10.0,0.7961,2.0,1020.0,1.0
2021-01-05 09:35:26.651,0.798,0.8018,10.0,0.7961,2.0,1020.0,1.0
2021-01-05 09:35:27.130,0.798,0.8021,20.0,0.7961,2.0,1020.0,1.0
2021-01-05 09:35:27.641,0.798,0.8021,20.0,0.7961,2.0,1020.0,1.0
2021-01-05 09:35:28.171,0.798,0.8021,20.0,0.7961,2.0,1020.0,1.0
2021-01-05 09:35:28.390,0.798,0.8021,20.0,0.7961,2.0,1020.0,1.0
2021-01-05 09:35:30.121,0.798,0.8021,20.0,0.7961,2.0,1020.0,1.0
2021-01-05 09:35:30.690,0.798,0.8021,20.0,0.7961,2.0,1020.0,1.0
2021-01-05 09:35:31.170,0.798,0.8021,20.0,0.7961,2.0,1020.0,1.0
2021-01-05 09:35:31.700,0.798,0.8021,20.0,0.7961,2.0,1020.0,1.0
2021-01-05 09:35:32.161,0.798,0.8021,20.0,0.7961,2.0,1020.0,1.0
2021-01-05 09:35:32.691,0.798,0.8021,20.0,0.7961,2.0,1020.0,1.0
2021-01-05 09:35:33.191,0.798,0.8021,20.0,0.7961,2.0,1020.0,1.0
2021-01-05 09:35:33.650,0.798,0.8021,20.0,0.7962,10.0,1020.0,1.0
2021-01-05 09:35:34.190,0.798,0.8021,20.0,0.7963,12.0,1020.0,1.0
2021-01-05 09:35:34.691,0.798,0.8021,20.0,0.7972,14.0,1020.0,1.0
2021-01-05 09:35:35.200,0.798,0.8037,30.0,0.7973,2.0,1020.0,1.0
2021-01-05 09:35:35.600,0.798,0.8037,30.0,0.7973,2.0,1020.0,1.0
2021-01-05 09:35:36.601,0.798,0.8036,1.0,0.7984,10.0,1020.0,1.0
2021-01-05 09:35:37.171,0.798,0.8036,1.0,0.7984,30.0,1020.0,1.0
2021-01-05 09:35:38.651,0.798,0.8036,1.0,0.7984,30.0,1020.0,1.0
2021-01-05 09:35:39.140,0.798,0.8036,1.0,0.7984,30.0,1020.0,1.0
2021-01-05 09:35:40.691,0.798,0.8036,1.0,0.7984,10.0,1020.0,1.0
2021-01-05 09:35:41.190,0.798,0.8036,1.0,0.7984,10.0,1020.0,1.0
2021-01-05 09:35:41.680,0.798,0.8036,1.0,0.7984,10.0,1020.0,1.0
2021-01-05 09:35:42.160,0.798,0.8036,1.0,0.7984,10.0,1020.0,1.0
2021-01-05 09:35:42.670,0.798,0.8036,1.0,0.7984,10.0,1020.0,1.0
2021-01-05 09:35:43.190,0.798,0.8036,1.0,0.7984,10.0,1020.0,1.0
2021-01-05 09:35:43.661,0.798,0.8036,1.0,0.7984,10.0,1020.0,1.0
2021-01-05 09:35:44.681,0.798,0.8036,1.0,0.7984,10.0,1020.0,1.0
2021-01-05 09:35:45.670,0.798,0.8036,1.0,0.7984,10.0,1020.0,1.0
2021-01-05 09:35:46.170,0.798,0.8036,1.0,0.7985,14.0,1020.0,1.0
2021-01-05 09:35:46.700,0.798,0.8036,1.0,0.7985,14.0,1020.0,1.0
2021-01-05 09:35:47.201,0.798,0.8036,1.0,0.7985,14.0,1020.0,1.0
2021-01-05 09:35:48.181,0.798,0.8037,20.0,0.7986,10.0,1020.0,1.0
2021-01-05 09:35:48.700,0.798,0.8037,20.0,0.7985,14.0,1020.0,1.0
2021-01-05 09:35:49.190,0.798,0.8037,20.0,0.7985,14.0,1020.0,1.0
2021-01-05 09:35:50.150,0.798,0.8037,20.0,0.7985,24.0,1020.0,1.0
2021-01-05 09:35:50.680,0.798,0.8037,20.0,0.7985,14.0,1020.0,1.0
2021-01-05 09:35:51.710,0.798,0.8037,20.0,0.7985,14.0,1020.0,1.0
2021-01-05 09:35:51.710,0.798,0.8037,20.0,0.7985,14.0,1020.0,1.0
2021-01-05 09:35:53.111,0.798,0.8036,1.0,0.7985,14.0,1020.0,1.0
2021-01-05 09:35:54.161,0.798,0.8036,1.0,0.7985,14.0,1020.0,1.0
2021-01-05 09:35:55.181,0.798,0.8036,1.0,0.7985,14.0,1020.0,1.0
2021-01-05 09:35:55.381,0.798,0.8036,21.0,0.7985,34.0,1020.0,1.0
2021-01-05 09:35:56.121,0.798,0.8036,21.0,0.7985,34.0,1020.0,1.0
2021-01-05 09:35:56.690,0.798,0.8036,21.0,0.7985,34.0,1020.0,1.0
2021-01-05 09:35:57.681,0.798,0.8036,21.0,0.7985,34.0,1020.0,1.0
2021-01-05 09:35:59.160,0.798,0.8036,21.0,0.7985,34.0,1020.0,1.0
2021-01-05 09:36:00.201,0.798,0.8036,21.0,0.7985,36.0,1020.0,1.0
2021-01-05 09:36:00.680,0.798,0.8036,21.0,0.7985,34.0,1020.0,1.0
2021-01-05 09:36:01.671,0.798,0.8036,20.0,0.7985,34.0,1020.0,1.0
2021-01-05 09:36:02.170,0.798,0.8035,1.0,0.7985,34.0,1020.0,1.0
2021-01-05 09:36:02.701,0.798,0.8035,21.0,0.7985,34.0,1020.0,1.0
2021-01-05 09:36:03.200,0.798,0.8035,20.0,0.7985,34.0,1020.0,1.0
2021-01-05 09:36:03.700,0.798,0.8034,1.0,0.7985,34.0,1020.0,1.0
2021-01-05 09:36:04.201,0.798,0.8034,20.0,0.7985,34.0,1020.0,1.0
2021-01-05 09:36:04.670,0.798,0.8051,34.0,0.7985,34.0,1020.0,1.0
2021-01-05 09:36:04.971,0.798,0.8051,34.0,0.7985,34.0,1020.0,1.0
2021-01-05 09:36:05.690,0.798,0.8051,34.0,0.7985,34.0,1020.0,1.0
2021-01-05 09:36:06.180,0.798,0.805,1.0,0.7985,34.0,1020.0,1.0
2021-01-05 09:36:06.700,0.798,0.805,1.0,0.7985,34.0,1020.0,1.0
2021-01-05 09:36:09.161,0.798,0.8038,10.0,0.7985,34.0,1020.0,1.0
2021-01-05 09:36:10.160,0.798,0.8038,30.0,0.7985,20.0,1020.0,1.0
2021-01-05 09:36:10.671,0.798,0.8038,30.0,0.7985,20.0,1020.0,1.0
2021-01-05 09:36:11.180,0.798,0.8038,30.0,0.7978,10.0,1020.0,1.0
2021-01-05 09:36:11.651,0.798,0.8038,30.0,0.7978,10.0,1020.0,1.0
2021-01-05 09:36:12.690,0.798,0.8038,30.0,0.7978,10.0,1020.0,1.0
2021-01-05 09:36:13.680,0.798,0.8038,30.0,0.7978,10.0,1020.0,1.0
2021-01-05 09:36:14.150,0.798,0.8038,30.0,0.7978,10.0,1020.0,1.0
2021-01-05 09:36:14.690,0.798,0.8038,30.0,0.7978,10.0,1020.0,1.0
2021-01-05 09:36:15.170,0.798,0.8038,30.0,0.7978,10.0,1020.0,1.0
2021-01-05 09:36:16.150,0.798,0.8038,30.0,0.7978,10.0,1020.0,1.0
2021-01-05 09:36:18.680,0.798,0.8038,30.0,0.7978,10.0,1020.0,1.0
2021-01-05 09:36:19.151,0.798,0.8038,30.0,0.7978,10.0,1020.0,1.0
2021-01-05 09:36:19.691,0.798,0.8038,30.0,0.7978,10.0,1020.0,1.0
2021-01-05 09:36:20.161,0.798,0.8038,30.0,0.7978,10.0,1020.0,1.0
2021-01-05 09:36:21.120,0.798,0.8038,30.0,0.7978,10.0,1020.0,1.0
2021-01-05 09:36:21.691,0.798,0.8038,30.0,0.7978,10.0,1020.0,1.0
2021-01-05 09:36:22.680,0.798,0.8037,1.0,0.7978,10.0,1020.0,1.0
2021-01-05 09:36:23.681,0.798,0.8037,1.0,0.7978,10.0,1020.0,1.0
2021-01-05 09:36:24.171,0.798,0.8037,1.0,0.7978,10.0,1020.0,1.0
2021-01-05 09:36:25.191,0.798,0.8037,1.0,0.7978,10.0,1020.0,1.0
2021-01-05 09:36:25.650,0.798,0.8037,1.0,0.7973,14.0,1020.0,1.0
2021-01-05 09:36:26.651,0.798,0.8037,1.0,0.7973,14.0,1020.0,1.0
2021-01-05 09:36:27.690,0.798,0.8037,1.0,0.7986,14.0,1020.0,1.0
2021-01-05 09:36:28.190,0.798,0.8037,1.0,0.7986,14.0,1020.0,1.0
2021-01-05 09:36:28.601,0.798,0.8037,1.0,0.7986,34.0,1020.0,1.0
2021-01-05 09:36:29.171,0.798,0.8037,1.0,0.7986,14.0,1020.0,1.0
2021-01-05 09:36:29.661,0.798,0.8037,1.0,0.7986,34.0,1020.0,1.0
2021-01-05 09:36:30.161,0.798,0.804,20.0,0.7997,10.0,1020.0,1.0
2021-01-05 09:36:30.700,0.798,0.804,20.0,0.7997,10.0,1020.0,1.0
2021-01-05 09:36:31.181,0.798,0.8051,20.0,0.7997,30.0,1020.0,1.0
2021-01-05 09:36:31.690,0.798,0.8051,20.0,0.7997,10.0,1020.0,1.0
2021-01-05 09:36:32.130,0.798,0.8051,20.0,0.7997,30.0,1020.0,1.0
2021-01-05 09:36:32.660,0.798,0.8051,20.0,0.7997,10.0,1020.0,1.0
2021-01-05 09:36:33.200,0.798,0.8051,20.0,0.7997,30.0,1020.0,1.0
2021-01-05 09:36:33.670,0.798,0.8051,20.0,0.7997,10.0,1020.0,1.0
2021-01-05 09:36:34.091,0.798,0.8051,20.0,0.7997,30.0,1020.0,1.0
2021-01-05 09:36:35.150,0.798,0.8051,20.0,0.7997,30.0,1020.0,1.0
2021-01-05 09:36:35.701,0.798,0.8051,20.0,0.7997,30.0,1020.0,1.0
2021-01-05 09:36:36.191,0.798,0.8051,20.0,0.7997,30.0,1020.0,1.0
2021-01-05 09:36:36.700,0.798,0.8051,20.0,0.7997,30.0,1020.0,1.0
2021-01-05 09:36:37.190,0.798,0.805,1.0,0.7997,30.0,1020.0,1.0
2021-01-05 09:36:38.120,0.798,0.805,1.0,0.7997,30.0,1020.0,1.0
2021-01-05 09:36:40.191,0.798,0.805,1.0,0.7998,10.0,1020.0,1.0
2021-01-05 09:36:40.700,0.798,0.805,1.0,0.7998,10.0,1020.0,1.0
2021-01-05 09:36:41.201,0.798,0.805,1.0,0.7998,10.0,1020.0,1.0
2021-01-05 09:36:43.700,0.798,0.805,1.0,0.7998,10.0,1020.0,1.0
2021-01-05 09:36:45.191,0.798,0.805,1.0,0.7998,10.0,1020.0,1.0
2021-01-05 09:36:45.631,0.798,0.805,1.0,0.8,14.0,1020.0,1.0
2021-01-05 09:36:46.190,0.798,0.805,1.0,0.8018,10.0,1020.0,1.0
2021-01-05 09:36:46.651,0.798,0.805,1.0,0.8018,10.0,1020.0,1.0
2021-01-05 09:36:47.130,0.798,0.805,1.0,0.8018,10.0,1020.0,1.0
2021-01-05 09:36:47.660,0.798,0.805,1.0,0.8018,10.0,1020.0,1.0
2021-01-05 09:36:48.130,0.798,0.805,1.0,0.8018,10.0,1020.0,1.0
2021-01-05 09:36:48.630,0.798,0.805,1.0,0.8018,10.0,1020.0,1.0
2021-01-05 09:36:49.181,0.798,0.8051,20.0,0.8018,10.0,1020.0,1.0
2021-01-05 09:36:49.700,0.798,0.8049,1.0,0.8018,10.0,1020.0,1.0
2021-01-05 09:36:50.201,0.798,0.8051,20.0,0.8018,10.0,1020.0,1.0
2021-01-05 09:36:50.670,0.798,0.8051,20.0,0.8018,10.0,1020.0,1.0
2021-01-05 09:36:51.671,0.798,0.8051,20.0,0.8018,10.0,1020.0,1.0
2021-01-05 09:36:52.180,0.798,0.8066,34.0,0.8018,10.0,1020.0,1.0
2021-01-05 09:36:53.191,0.798,0.8065,1.0,0.8018,10.0,1020.0,1.0
2021-01-05 09:36:53.631,0.798,0.8065,1.0,0.8018,10.0,1020.0,1.0
2021-01-05 09:36:54.180,0.798,0.8065,1.0,0.8018,10.0,1020.0,1.0
2021-01-05 09:36:54.631,0.798,0.8065,1.0,0.8018,10.0,1020.0,1.0
2021-01-05 09:36:55.171,0.798,0.8065,1.0,0.8018,10.0,1020.0,1.0
2021-01-05 09:36:55.651,0.798,0.8065,1.0,0.8018,10.0,1020.0,1.0
2021-01-05 09:36:56.141,0.798,0.8065,1.0,0.8018,10.0,1020.0,1.0
2021-01-05 09:36:56.691,0.798,0.8065,1.0,0.8018,10.0,1020.0,1.0
2021-01-05 09:36:57.630,0.798,0.8065,1.0,0.8018,10.0,1020.0,1.0
2021-01-05 09:36:58.610,0.798,0.8065,1.0,0.8018,10.0,1020.0,1.0
2021-01-05 09:36:59.181,0.798,0.8065,1.0,0.8018,10.0,1020.0,1.0
2021-01-05 09:36:59.690,0.798,0.8065,1.0,0.8018,10.0,1020.0,1.0
2021-01-05 09:37:00.120,0.798,0.8065,1.0,0.8018,10.0,1020.0,1.0
2021-01-05 09:37:01.081,0.798,0.8065,1.0,0.8018,10.0,1020.0,1.0
2021-01-05 09:37:02.191,0.798,0.8065,1.0,0.8018,10.0,1020.0,1.0
2021-01-05 09:37:02.640,0.798,0.8065,1.0,0.8018,10.0,1020.0,1.0
2021-01-05 09:37:03.151,0.798,0.8065,1.0,0.8018,10.0,1020.0,1.0
2021-01-05 09:37:03.630,0.798,0.8065,1.0,0.8018,10.0,1020.0,1.0
2021-01-05 09:37:04.200,0.798,0.8065,21.0,0.8,14.0,1020.0,1.0
2021-01-05 09:37:05.701,0.798,0.8065,21.0,0.8,14.0,1020.0,1.0
2021-01-05 09:37:06.171,0.798,0.8065,21.0,0.8,14.0,1020.0,1.0
2021-01-05 09:37:06.171,0.798,0.8065,21.0,0.8,14.0,1020.0,1.0
2021-01-05 09:37:07.180,0.798,0.8065,21.0,0.8,14.0,1020.0,1.0
2021-01-05 09:37:07.681,0.798,0.8065,21.0,0.8,14.0,1020.0,1.0
2021-01-05 09:37:08.200,0.798,0.8065,21.0,0.8,14.0,1020.0,1.0
2021-01-05 09:37:08.630,0.798,0.8065,21.0,0.8,14.0,1020.0,1.0
2021-01-05 09:37:09.170,0.798,0.8065,21.0,0.8,14.0,1020.0,1.0
2021-01-05 09:37:10.140,0.798,0.8065,21.0,0.8,14.0,1020.0,1.0
2021-01-05 09:37:10.701,0.798,0.8065,21.0,0.8,14.0,1020.0,1.0
2021-01-05 09:37:12.620,0.798,0.8065,21.0,0.8,14.0,1020.0,1.0
2021-01-05 09:37:13.181,0.798,0.8065,21.0,0.8,14.0,1020.0,1.0
2021-01-05 09:37:13.681,0.798,0.8065,21.0,0.8,14.0,1020.0,1.0
2021-01-05 09:37:14.171,0.798,0.8065,21.0,0.8,14.0,1020.0,1.0
2021-01-05 09:37:15.200,0.798,0.8065,21.0,0.8,14.0,1020.0,1.0
2021-01-05 09:37:15.700,0.798,0.8065,21.0,0.8,14.0,1020.0,1.0
2021-01-05 09:37:16.501,0.798,0.8065,21.0,0.8,14.0,1020.0,1.0
2021-01-05 09:37:17.200,0.798,0.8065,21.0,0.8,14.0,1020.0,1.0
2021-01-05 09:37:17.671,0.798,0.8065,21.0,0.8,14.0,1020.0,1.0
2021-01-05 09:37:18.710,0.798,0.8065,21.0,0.8,14.0,1020.0,1.0
2021-01-05 09:37:19.021,0.798,0.8065,21.0,0.8,14.0,1020.0,1.0
2021-01-05 09:37:19.711,0.798,0.8065,21.0,0.8,14.0,1020.0,1.0
2021-01-05 09:37:21.200,0.798,0.8065,21.0,0.8,14.0,1020.0,1.0
2021-01-05 09:37:21.701,0.798,0.8065,21.0,0.8,14.0,1020.0,1.0
2021-01-05 09:37:23.150,0.798,0.8065,21.0,0.8,14.0,1020.0,1.0
2021-01-05 09:37:23.701,0.798,0.8065,21.0,0.8,14.0,1020.0,1.0
2021-01-05 09:37:24.080,0.798,0.8065,21.0,0.8,14.0,1020.0,1.0
2021-01-05 09:37:24.631,0.798,0.8065,21.0,0.8,14.0,1020.0,1.0
2021-01-05 09:37:25.200,0.798,0.8065,21.0,0.8,14.0,1020.0,1.0
2021-01-05 09:37:25.670,0.798,0.8065,21.0,0.8,14.0,1020.0,1.0
2021-01-05 09:37:26.650,0.798,0.8065,21.0,0.8,14.0,1020.0,1.0
2021-01-05 09:37:27.130,0.798,0.8065,21.0,0.8,14.0,1020.0,1.0
2021-01-05 09:37:29.130,0.798,0.8065,21.0,0.8,14.0,1020.0,1.0
2021-01-05 09:37:30.191,0.798,0.8065,21.0,0.8,14.0,1020.0,1.0
2021-01-05 09:37:30.650,0.798,0.8065,21.0,0.8,14.0,1020.0,1.0
2021-01-05 09:37:31.190,0.798,0.8065,21.0,0.8,14.0,1020.0,1.0
2021-01-05 09:37:32.181,0.798,0.8065,21.0,0.8,14.0,1020.0,1.0
2021-01-05 09:37:32.651,0.798,0.8065,21.0,0.8,14.0,1020.0,1.0
2021-01-05 09:37:33.180,0.798,0.8065,21.0,0.8,14.0,1020.0,1.0
2021-01-05 09:37:33.701,0.798,0.8065,21.0,0.8,14.0,1020.0,1.0
2021-01-05 09:37:34.200,0.798,0.8065,21.0,0.8,14.0,1020.0,1.0
2021-01-05 09:37:35.170,0.798,0.8065,21.0,0.8,14.0,1020.0,1.0
2021-01-05 09:37:35.650,0.798,0.8065,21.0,0.8,14.0,1020.0,1.0
2021-01-05 09:37:37.691,0.798,0.8065,21.0,0.8,14.0,1020.0,1.0
2021-01-05 09:37:38.651,0.798,0.8055,14.0,0.7999,14.0,1020.0,1.0
2021-01-05 09:37:39.170,0.798,0.8055,14.0,0.7999,14.0,1020.0,1.0
2021-01-05 09:37:39.641,0.798,0.8055,34.0,0.7999,14.0,1020.0,1.0
2021-01-05 09:37:40.701,0.798,0.8055,34.0,0.7999,14.0,1020.0,1.0
2021-01-05 09:37:41.131,0.798,0.8055,34.0,0.7999,14.0,1020.0,1.0
2021-01-05 09:37:43.671,0.798,0.8055,34.0,0.7999,14.0,1020.0,1.0
2021-01-05 09:37:44.190,0.798,0.8054,1.0,0.7999,14.0,1020.0,1.0
2021-01-05 09:37:44.651,0.798,0.8054,1.0,0.7999,14.0,1020.0,1.0
2021-01-05 09:37:45.191,0.798,0.8044,14.0,0.7992,20.0,1020.0,1.0
2021-01-05 09:37:45.650,0.798,0.8044,34.0,0.7992,20.0,1020.0,1.0
2021-01-05 09:37:47.210,0.798,0.8044,34.0,0.7992,20.0,1020.0,1.0
2021-01-05 09:37:47.661,0.798,0.8044,34.0,0.7992,20.0,1020.0,1.0
2021-01-05 09:37:48.201,0.798,0.8044,34.0,0.7992,20.0,1020.0,1.0
2021-01-05 09:37:49.670,0.798,0.8044,34.0,0.7992,20.0,1020.0,1.0
2021-01-05 09:37:50.220,0.798,0.8044,34.0,0.7992,20.0,1020.0,1.0
2021-01-05 09:37:51.691,0.798,0.8044,20.0,0.8001,14.0,1020.0,1.0
2021-01-05 09:37:52.191,0.798,0.8044,20.0,0.8001,14.0,1020.0,1.0
2021-01-05 09:37:52.660,0.798,0.8055,20.0,0.8001,14.0,1020.0,1.0
2021-01-05 09:37:53.620,0.798,0.8055,20.0,0.8001,14.0,1020.0,1.0
2021-01-05 09:37:54.170,0.798,0.8055,20.0,0.8001,14.0,1020.0,1.0
2021-01-05 09:37:56.121,0.798,0.8055,20.0,0.8001,14.0,1020.0,1.0
2021-01-05 09:37:56.611,0.798,0.8055,20.0,0.8001,14.0,1020.0,1.0
2021-01-05 09:37:57.170,0.798,0.8044,10.0,0.8001,14.0,1020.0,1.0
2021-01-05 09:37:57.601,0.798,0.8043,14.0,0.7988,14.0,1020.0,1.0
2021-01-05 09:37:58.141,0.798,0.8043,14.0,0.7988,14.0,1020.0,1.0
2021-01-05 09:37:58.640,0.798,0.8042,1.0,0.7988,14.0,1020.0,1.0
2021-01-05 09:37:59.161,0.798,0.8042,1.0,0.7988,14.0,1020.0,1.0
2021-01-05 09:37:59.670,0.798,0.8042,1.0,0.7988,14.0,1020.0,1.0
2021-01-05 09:38:01.180,0.798,0.8042,1.0,0.7988,14.0,1020.0,1.0
2021-01-05 09:38:02.181,0.798,0.8042,1.0,0.7988,14.0,1020.0,1.0
2021-01-05 09:38:04.190,0.798,0.8042,1.0,0.7999,14.0,1020.0,1.0
2021-01-05 09:38:05.181,0.798,0.8044,30.0,0.7999,34.0,1020.0,1.0
2021-01-05 09:38:07.200,0.798,0.8044,20.0,0.7999,44.0,1020.0,1.0
2021-01-05 09:38:07.690,0.798,0.8054,14.0,0.7999,44.0,1020.0,1.0
2021-01-05 09:38:08.670,0.798,0.8053,1.0,0.7999,44.0,1020.0,1.0
2021-01-05 09:38:09.160,0.798,0.8055,20.0,0.801,14.0,1020.0,1.0
2021-01-05 09:38:09.611,0.798,0.8055,20.0,0.801,14.0,1020.0,1.0
2021-01-05 09:38:10.180,0.798,0.8065,34.0,0.801,34.0,1020.0,1.0
2021-01-05 09:38:10.670,0.798,0.8065,34.0,0.801,34.0,1020.0,1.0
2021-01-05 09:38:11.141,0.798,0.8065,34.0,0.801,34.0,1020.0,1.0
2021-01-05 09:38:12.191,0.798,0.8065,14.0,0.801,14.0,1020.0,1.0
2021-01-05 09:38:12.691,0.798,0.8065,34.0,0.801,14.0,1020.0,1.0
2021-01-05 09:38:13.110,0.798,0.8065,34.0,0.801,14.0,1020.0,1.0
2021-01-05 09:38:13.690,0.798,0.8065,34.0,0.801,14.0,1020.0,1.0
2021-01-05 09:38:14.141,0.798,0.8065,34.0,0.801,14.0,1020.0,1.0
2021-01-05 09:38:14.691,0.798,0.8065,34.0,0.801,14.0,1020.0,1.0
2021-01-05 09:38:15.150,0.798,0.8065,34.0,0.801,15.0,1020.0,1.0
2021-01-05 09:38:15.730,0.798,0.8065,20.0,0.802,14.0,1020.0,1.0
2021-01-05 09:38:16.210,0.798,0.8065,20.0,0.802,14.0,1020.0,1.0
2021-01-05 09:38:16.731,0.798,0.8076,34.0,0.802,14.0,1020.0,1.0
2021-01-05 09:38:17.190,0.798,0.8076,14.0,0.802,14.0,1020.0,1.0
2021-01-05 09:38:17.701,0.798,0.8076,34.0,0.802,14.0,1020.0,1.0
2021-01-05 09:38:18.231,0.798,0.8076,14.0,0.802,14.0,1020.0,1.0
2021-01-05 09:38:18.660,0.798,0.8076,34.0,0.802,14.0,1020.0,1.0
2021-01-05 09:38:19.230,0.798,0.8076,14.0,0.802,14.0,1020.0,1.0
2021-01-05 09:38:19.670,0.798,0.8076,34.0,0.802,14.0,1020.0,1.0
2021-01-05 09:38:20.231,0.798,0.8076,14.0,0.802,14.0,1020.0,1.0
2021-01-05 09:38:20.690,0.798,0.8076,34.0,0.802,34.0,1020.0,1.0
2021-01-05 09:38:21.670,0.798,0.8076,34.0,0.8028,10.0,1020.0,1.0
2021-01-05 09:38:22.210,0.798,0.8076,34.0,0.8028,10.0,1020.0,1.0
2021-01-05 09:38:22.531,0.798,0.8076,34.0,0.8028,10.0,1020.0,1.0
2021-01-05 09:38:23.201,0.798,0.8076,20.0,0.8032,14.0,1020.0,1.0
2021-01-05 09:38:24.141,0.798,0.8087,14.0,0.8032,34.0,1020.0,1.0
2021-01-05 09:38:24.690,0.798,0.8087,14.0,0.8032,34.0,1020.0,1.0
2021-01-05 09:38:25.101,0.798,0.8087,14.0,0.8032,34.0,1020.0,1.0
2021-01-05 09:38:25.700,0.798,0.8087,14.0,0.8032,34.0,1020.0,1.0
2021-01-05 09:38:26.100,0.798,0.8087,14.0,0.8032,34.0,1020.0,1.0
2021-01-05 09:38:26.601,0.798,0.8087,14.0,0.8032,34.0,1020.0,1.0
2021-01-05 09:38:28.171,0.798,0.8087,14.0,0.8032,34.0,1020.0,1.0
2021-01-05 09:38:29.191,0.798,0.8087,14.0,0.8032,34.0,1020.0,1.0
2021-01-05 09:38:29.641,0.798,0.8087,14.0,0.8032,34.0,1020.0,1.0
2021-01-05 09:38:31.181,0.798,0.8087,14.0,0.8032,34.0,1020.0,1.0
2021-01-05 09:38:31.700,0.798,0.8087,14.0,0.8032,34.0,1020.0,1.0
2021-01-05 09:38:32.171,0.798,0.8091,20.0,0.804,14.0,1020.0,1.0
2021-01-05 09:38:33.191,0.798,0.8091,20.0,0.804,14.0,1020.0,1.0
2021-01-05 09:38:33.700,0.798,0.8097,10.0,0.804,34.0,1020.0,1.0
2021-01-05 09:38:34.201,0.798,0.8097,10.0,0.8053,14.0,1020.0,1.0
2021-01-05 09:38:35.200,0.798,0.8111,34.0,0.8053,34.0,1020.0,1.0
2021-01-05 09:38:35.700,0.798,0.8111,34.0,0.8053,34.0,1020.0,1.0
2021-01-05 09:38:36.130,0.798,0.8111,34.0,0.8053,34.0,1020.0,1.0
2021-01-05 09:38:37.131,0.798,0.8111,34.0,0.8053,34.0,1020.0,1.0
2021-01-05 09:38:37.680,0.798,0.8111,20.0,0.8065,14.0,1020.0,1.0
2021-01-05 09:38:38.161,0.798,0.8123,34.0,0.8065,34.0,1020.0,1.0
2021-01-05 09:38:38.591,0.798,0.8123,34.0,0.8065,34.0,1020.0,1.0
2021-01-05 09:38:40.141,0.798,0.8132,20.0,0.808,14.0,1020.0,1.0
2021-01-05 09:38:40.591,0.798,0.8135,10.0,0.808,14.0,1020.0,1.0
2021-01-05 09:38:41.190,0.798,0.8135,20.0,0.808,14.0,1020.0,1.0
2021-01-05 09:38:41.670,0.798,0.8135,20.0,0.808,14.0,1020.0,1.0
2021-01-05 09:38:42.191,0.798,0.8135,20.0,0.808,14.0,1020.0,1.0
2021-01-05 09:38:42.700,0.798,0.8135,20.0,0.808,14.0,1020.0,1.0
2021-01-05 09:38:43.190,0.798,0.8135,20.0,0.808,14.0,1020.0,1.0
2021-01-05 09:38:43.701,0.798,0.8135,20.0,0.808,14.0,1020.0,1.0
2021-01-05 09:38:44.200,0.798,0.8135,20.0,0.808,14.0,1020.0,1.0
2021-01-05 09:38:44.690,0.798,0.8135,20.0,0.808,14.0,1020.0,1.0
2021-01-05 09:38:45.201,0.798,0.8135,20.0,0.808,14.0,1020.0,1.0
2021-01-05 09:38:45.580,0.798,0.8135,20.0,0.808,14.0,1020.0,1.0
2021-01-05 09:38:46.200,0.798,0.8135,20.0,0.808,14.0,1020.0,1.0
2021-01-05 09:38:47.691,0.798,0.8128,14.0,0.8074,10.0,1020.0,1.0
2021-01-05 09:38:48.200,0.798,0.8128,14.0,0.8074,10.0,1020.0,1.0
2021-01-05 09:38:48.200,0.798,0.8128,34.0,0.8074,10.0,1020.0,1.0
2021-01-05 09:38:49.130,0.798,0.8128,34.0,0.8074,10.0,1020.0,1.0
2021-01-05 09:38:49.691,0.798,0.8128,34.0,0.8074,10.0,1020.0,1.0
2021-01-05 09:38:50.110,0.798,0.8128,34.0,0.8074,10.0,1020.0,1.0
2021-01-05 09:38:51.170,0.798,0.8128,34.0,0.8074,10.0,1020.0,1.0
2021-01-05 09:38:51.691,0.798,0.8128,34.0,0.8074,10.0,1020.0,1.0
2021-01-05 09:38:52.140,0.798,0.8128,34.0,0.8074,10.0,1020.0,1.0
2021-01-05 09:38:52.630,0.798,0.8128,20.0,0.8081,14.0,1020.0,1.0
2021-01-05 09:38:54.690,0.798,0.8128,20.0,0.8081,34.0,1020.0,1.0
2021-01-05 09:38:55.191,0.798,0.8128,20.0,0.8081,34.0,1020.0,1.0
2021-01-05 09:38:55.700,0.798,0.8128,20.0,0.8081,34.0,1020.0,1.0
2021-01-05 09:38:56.190,0.798,0.8128,20.0,0.8081,34.0,1020.0,1.0
2021-01-05 09:38:56.661,0.798,0.8134,1.0,0.8081,34.0,1020.0,1.0
2021-01-05 09:38:57.200,0.798,0.8137,20.0,0.8081,34.0,1020.0,1.0
2021-01-05 09:38:57.640,0.798,0.8137,20.0,0.8081,34.0,1020.0,1.0
2021-01-05 09:38:58.190,0.798,0.8137,20.0,0.8081,34.0,1020.0,1.0
2021-01-05 09:38:58.670,0.798,0.8137,20.0,0.8081,14.0,1020.0,1.0
2021-01-05 09:38:59.060,0.798,0.8137,20.0,0.8081,14.0,1020.0,1.0
2021-01-05 09:39:00.660,0.798,0.8137,20.0,0.8081,14.0,1020.0,1.0
2021-01-05 09:39:01.160,0.798,0.8137,20.0,0.8081,14.0,1020.0,1.0
2021-01-05 09:39:02.201,0.798,0.8137,20.0,0.8081,14.0,1020.0,1.0
2021-01-05 09:39:02.660,0.798,0.8137,20.0,0.8081,14.0,1020.0,1.0
2021-01-05 09:39:03.150,0.798,0.8137,20.0,0.8081,14.0,1020.0,1.0
2021-01-05 09:39:04.161,0.798,0.8137,20.0,0.8081,14.0,1020.0,1.0
2021-01-05 09:39:04.610,0.798,0.8137,20.0,0.8081,14.0,1020.0,1.0
2021-01-05 09:39:05.211,0.798,0.8137,20.0,0.8081,14.0,1020.0,1.0
2021-01-05 09:39:07.200,0.798,0.8136,10.0,0.8081,14.0,1020.0,1.0
2021-01-05 09:39:08.690,0.798,0.8136,10.0,0.8081,14.0,1020.0,1.0
2021-01-05 09:39:09.161,0.798,0.8136,10.0,0.8081,14.0,1020.0,1.0
2021-01-05 09:39:09.601,0.798,0.8136,10.0,0.8081,14.0,1020.0,1.0
2021-01-05 09:39:10.191,0.798,0.8136,10.0,0.8081,14.0,1020.0,1.0
2021-01-05 09:39:10.721,0.798,0.8136,10.0,0.8081,14.0,1020.0,1.0
2021-01-05 09:39:11.201,0.798,0.8137,20.0,0.8081,14.0,1020.0,1.0
2021-01-05 09:39:11.701,0.798,0.8137,20.0,0.8081,14.0,1020.0,1.0
2021-01-05 09:39:12.220,0.798,0.8137,20.0,0.8081,14.0,1020.0,1.0
2021-01-05 09:39:12.690,0.798,0.8137,20.0,0.8081,14.0,1020.0,1.0
2021-01-05 09:39:13.720,0.798,0.8137,20.0,0.8081,14.0,1020.0,1.0
2021-01-05 09:39:14.160,0.798,0.8137,20.0,0.8081,14.0,1020.0,1.0
2021-01-05 09:39:15.220,0.798,0.8137,20.0,0.8093,14.0,1020.0,1.0
2021-01-05 09:39:15.720,0.798,0.8137,20.0,0.8093,14.0,1020.0,1.0
2021-01-05 09:39:16.121,0.798,0.8148,34.0,0.8093,34.0,1020.0,1.0
2021-01-05 09:39:16.711,0.798,0.8148,14.0,0.8093,14.0,1020.0,1.0
2021-01-05 09:39:17.191,0.798,0.8148,34.0,0.8093,34.0,1020.0,1.0
2021-01-05 09:39:17.650,0.798,0.8148,34.0,0.8093,34.0,1020.0,1.0
2021-01-05 09:39:18.221,0.798,0.8148,34.0,0.8093,34.0,1020.0,1.0
2021-01-05 09:39:19.710,0.798,0.8148,34.0,0.8093,34.0,1020.0,1.0
2021-01-05 09:39:20.221,0.798,0.8148,34.0,0.8093,34.0,1020.0,1.0
2021-01-05 09:39:20.741,0.798,0.8148,34.0,0.8093,34.0,1020.0,1.0
2021-01-05 09:39:21.231,0.798,0.8148,34.0,0.8093,34.0,1020.0,1.0
2021-01-05 09:39:21.671,0.798,0.8148,34.0,0.8093,34.0,1020.0,1.0
2021-01-05 09:39:22.651,0.798,0.8148,34.0,0.8093,34.0,1020.0,1.0
2021-01-05 09:39:23.200,0.798,0.8148,34.0,0.8093,34.0,1020.0,1.0
2021-01-05 09:39:23.710,0.798,0.8148,34.0,0.8093,34.0,1020.0,1.0
2021-01-05 09:39:24.151,0.798,0.8148,34.0,0.8093,34.0,1020.0,1.0
2021-01-05 09:39:25.700,0.798,0.8148,34.0,0.8093,34.0,1020.0,1.0
2021-01-05 09:39:26.130,0.798,0.8148,34.0,0.8093,34.0,1020.0,1.0
2021-01-05 09:39:27.210,0.798,0.8148,34.0,0.8093,34.0,1020.0,1.0
2021-01-05 09:39:27.711,0.798,0.8148,34.0,0.8093,34.0,1020.0,1.0
2021-01-05 09:39:28.220,0.798,0.8148,34.0,0.8093,34.0,1020.0,1.0
2021-01-05 09:39:29.231,0.798,0.8148,34.0,0.8093,34.0,1020.0,1.0
2021-01-05 09:39:29.721,0.798,0.8148,34.0,0.8093,34.0,1020.0,1.0
2021-01-05 09:39:30.220,0.798,0.8148,34.0,0.8093,34.0,1020.0,1.0
2021-01-05 09:39:30.721,0.798,0.8148,34.0,0.8093,34.0,1020.0,1.0
2021-01-05 09:39:31.121,0.798,0.8148,34.0,0.8093,34.0,1020.0,1.0
2021-01-05 09:39:31.701,0.798,0.8148,34.0,0.8093,34.0,1020.0,1.0
2021-01-05 09:39:32.141,0.798,0.8148,34.0,0.8093,34.0,1020.0,1.0
2021-01-05 09:39:32.700,0.798,0.8148,34.0,0.8093,34.0,1020.0,1.0
2021-01-05 09:39:34.210,0.798,0.8148,34.0,0.8093,34.0,1020.0,1.0
2021-01-05 09:39:34.681,0.798,0.8148,34.0,0.8093,34.0,1020.0,1.0
2021-01-05 09:39:37.221,0.798,0.8148,34.0,0.8093,34.0,1020.0,1.0
2021-01-05 09:39:37.730,0.798,0.8148,34.0,0.8093,34.0,1020.0,1.0
2021-01-05 09:39:39.241,0.798,0.8148,34.0,0.8093,34.0,1020.0,1.0
2021-01-05 09:39:41.220,0.798,0.8137,24.0,0.8082,14.0,1020.0,1.0
2021-01-05 09:39:41.750,0.798,0.8137,24.0,0.8082,14.0,1020.0,1.0
2021-01-05 09:39:42.210,0.798,0.8137,24.0,0.8082,14.0,1020.0,1.0
2021-01-05 09:39:42.740,0.798,0.8137,24.0,0.8082,14.0,1020.0,1.0
2021-01-05 09:39:43.191,0.798,0.8137,24.0,0.8082,14.0,1020.0,1.0
2021-01-05 09:39:43.570,0.798,0.8137,24.0,0.8082,14.0,1020.0,1.0
2021-01-05 09:39:44.231,0.798,0.8137,24.0,0.8082,14.0,1020.0,1.0
2021-01-05 09:39:45.251,0.798,0.8137,24.0,0.8082,14.0,1020.0,1.0
2021-01-05 09:39:46.190,0.798,0.8137,24.0,0.8082,34.0,1020.0,1.0
2021-01-05 09:39:46.711,0.798,0.8137,24.0,0.8082,34.0,1020.0,1.0
2021-01-05 09:39:48.221,0.798,0.8137,24.0,0.8082,34.0,1020.0,1.0
2021-01-05 09:39:48.720,0.798,0.8137,24.0,0.8082,34.0,1020.0,1.0
2021-01-05 09:39:49.241,0.798,0.8137,24.0,0.8082,34.0,1020.0,1.0
2021-01-05 09:39:49.711,0.798,0.8137,14.0,0.8082,34.0,1020.0,1.0
2021-01-05 09:39:50.710,0.798,0.8137,14.0,0.8082,34.0,1020.0,1.0
2021-01-05 09:39:51.241,0.798,0.815,34.0,0.8094,14.0,1020.0,1.0
2021-01-05 09:39:51.730,0.798,0.815,34.0,0.8094,14.0,1020.0,1.0
2021-01-05 09:39:52.251,0.798,0.815,34.0,0.8094,34.0,1020.0,1.0
2021-01-05 09:39:52.670,0.798,0.815,34.0,0.8094,14.0,1020.0,1.0
2021-01-05 09:39:53.630,0.798,0.813,10.0,0.8094,14.0,1020.0,1.0
2021-01-05 09:39:54.191,0.798,0.813,30.0,0.8094,34.0,1020.0,1.0
2021-01-05 09:39:54.691,0.798,0.813,30.0,0.8094,34.0,1020.0,1.0
2021-01-05 09:39:55.181,0.798,0.813,10.0,0.8094,34.0,1020.0,1.0
2021-01-05 09:39:55.640,0.798,0.813,10.0,0.8094,34.0,1020.0,1.0
2021-01-05 09:39:56.120,0.798,0.813,10.0,0.8094,34.0,1020.0,1.0
2021-01-05 09:39:56.691,0.798,0.815,14.0,0.8094,14.0,1020.0,1.0
2021-01-05 09:39:57.181,0.798,0.8144,20.0,0.8094,14.0,1020.0,1.0
2021-01-05 09:39:57.380,0.798,0.8144,20.0,0.8094,14.0,1020.0,1.0
2021-01-05 09:39:58.201,0.798,0.8144,20.0,0.8094,14.0,1020.0,1.0
2021-01-05 09:39:59.061,0.798,0.8144,20.0,0.8094,14.0,1020.0,1.0
2021-01-05 09:39:59.670,0.798,0.8139,14.0,0.8092,20.0,1020.0,1.0
2021-01-05 09:40:00.631,0.798,0.8139,14.0,0.8092,20.0,1020.0,1.0
2021-01-05 09:40:01.201,0.798,0.8126,10.0,0.8084,14.0,1020.0,1.0
2021-01-05 09:40:02.200,0.798,0.8126,10.0,0.8084,14.0,1020.0,1.0
2021-01-05 09:40:02.671,0.798,0.8126,10.0,0.8082,20.0,1020.0,1.0
2021-01-05 09:40:03.171,0.798,0.8126,10.0,0.8073,20.0,1020.0,1.0
2021-01-05 09:40:03.691,0.798,0.8126,10.0,0.8073,20.0,1020.0,1.0
2021-01-05 09:40:04.160,0.798,0.8126,10.0,0.8073,20.0,1020.0,1.0
2021-01-05 09:40:04.700,0.798,0.8126,10.0,0.8073,20.0,1020.0,1.0
2021-01-05 09:40:05.701,0.798,0.8126,10.0,0.8073,20.0,1020.0,1.0
2021-01-05 09:40:06.701,0.798,0.8126,10.0,0.8073,20.0,1020.0,1.0
2021-01-05 09:40:08.200,0.798,0.8126,10.0,0.8073,20.0,1020.0,1.0
2021-01-05 09:40:08.690,0.798,0.8126,10.0,0.8073,20.0,1020.0,1.0
2021-01-05 09:40:09.191,0.798,0.8127,14.0,0.8073,20.0,1020.0,1.0
2021-01-05 09:40:10.150,0.798,0.8127,14.0,0.8073,20.0,1020.0,1.0
2021-01-05 09:40:10.680,0.798,0.8127,14.0,0.8073,20.0,1020.0,1.0
2021-01-05 09:40:11.671,0.798,0.8127,14.0,0.8073,20.0,1020.0,1.0
2021-01-05 09:40:12.190,0.798,0.8127,14.0,0.8073,20.0,1020.0,1.0
2021-01-05 09:40:12.680,0.798,0.8127,14.0,0.8073,20.0,1020.0,1.0
2021-01-05 09:40:13.170,0.798,0.8127,14.0,0.8073,20.0,1020.0,1.0
2021-01-05 09:40:13.431,0.798,0.8114,14.0,0.8073,20.0,1020.0,1.0
2021-01-05 09:40:14.150,0.798,0.8114,34.0,0.8058,34.0,1020.0,1.0
2021-01-05 09:40:14.701,0.798,0.8114,34.0,0.8058,34.0,1020.0,1.0
2021-01-05 09:40:16.610,0.798,0.8114,34.0,0.8058,34.0,1020.0,1.0
2021-01-05 09:40:17.191,0.798,0.8114,34.0,0.8058,34.0,1020.0,1.0
2021-01-05 09:40:17.661,0.798,0.8105,10.0,0.8058,34.0,1020.0,1.0
2021-01-05 09:40:18.161,0.798,0.8105,10.0,0.8058,34.0,1020.0,1.0
2021-01-05 09:40:18.161,0.798,0.8105,30.0,0.8058,34.0,1020.0,1.0
2021-01-05 09:40:19.711,0.798,0.8105,30.0,0.8058,34.0,1020.0,1.0
2021-01-05 09:40:20.191,0.798,0.8105,10.0,0.8058,34.0,1020.0,1.0
2021-01-05 09:40:20.691,0.798,0.8105,10.0,0.8058,34.0,1020.0,1.0
2021-01-05 09:40:21.200,0.798,0.8114,34.0,0.8068,10.0,1020.0,1.0
2021-01-05 09:40:21.701,0.798,0.8114,34.0,0.8068,30.0,1020.0,1.0
2021-01-05 09:40:22.210,0.798,0.8114,34.0,0.8068,30.0,1020.0,1.0
2021-01-05 09:40:23.200,0.798,0.8114,20.0,0.8069,14.0,1020.0,1.0
2021-01-05 09:40:24.160,0.798,0.8124,34.0,0.8069,14.0,1020.0,1.0
2021-01-05 09:40:24.681,0.798,0.8124,34.0,0.8069,14.0,1020.0,1.0
2021-01-05 09:40:25.121,0.798,0.8124,34.0,0.8069,14.0,1020.0,1.0
2021-01-05 09:40:25.570,0.798,0.8124,34.0,0.8069,14.0,1020.0,1.0
2021-01-05 09:40:26.650,0.798,0.8124,34.0,0.8069,14.0,1020.0,1.0
2021-01-05 09:40:27.140,0.798,0.8124,34.0,0.8069,14.0,1020.0,1.0
2021-01-05 09:40:27.701,0.798,0.8124,34.0,0.8069,14.0,1020.0,1.0
2021-01-05 09:40:28.200,0.798,0.8124,34.0,0.8069,14.0,1020.0,1.0
2021-01-05 09:40:28.690,0.798,0.8124,34.0,0.8069,14.0,1020.0,1.0
2021-01-05 09:40:29.170,0.798,0.8124,34.0,0.8069,14.0,1020.0,1.0
2021-01-05 09:40:30.160,0.798,0.8124,34.0,0.8069,14.0,1020.0,1.0
2021-01-05 09:40:33.191,0.798,0.8124,34.0,0.8069,14.0,1020.0,1.0
2021-01-05 09:40:33.681,0.798,0.8124,34.0,0.8069,14.0,1020.0,1.0
2021-01-05 09:40:34.171,0.798,0.8124,34.0,0.8069,14.0,1020.0,1.0
2021-01-05 09:40:35.201,0.798,0.8124,34.0,0.8069,14.0,1020.0,1.0
2021-01-05 09:40:36.161,0.798,0.8124,34.0,0.8069,14.0,1020.0,1.0
2021-01-05 09:40:36.620,0.798,0.8124,34.0,0.8069,14.0,1020.0,1.0
2021-01-05 09:40:37.700,0.798,0.8124,34.0,0.8069,14.0,1020.0,1.0
2021-01-05 09:40:38.130,0.798,0.8124,34.0,0.8069,14.0,1020.0,1.0
2021-01-05 09:40:39.681,0.798,0.8124,34.0,0.8069,14.0,1020.0,1.0
2021-01-05 09:40:40.151,0.798,0.8124,34.0,0.8069,14.0,1020.0,1.0
2021-01-05 09:40:41.191,0.798,0.8124,34.0,0.8069,14.0,1020.0,1.0
2021-01-05 09:40:41.640,0.798,0.8124,34.0,0.8069,14.0,1020.0,1.0
2021-01-05 09:40:48.700,0.798,0.8124,34.0,0.8069,14.0,1020.0,1.0
2021-01-05 09:40:49.111,0.798,0.8124,44.0,0.8069,14.0,1020.0,1.0
2021-01-05 09:40:50.181,0.798,0.8124,44.0,0.8069,14.0,1020.0,1.0
2021-01-05 09:40:53.651,0.798,0.8124,44.0,0.8069,14.0,1020.0,1.0
2021-01-05 09:40:54.141,0.798,0.8124,44.0,0.8069,14.0,1020.0,1.0
2021-01-05 09:40:54.661,0.798,0.8124,44.0,0.8069,14.0,1020.0,1.0
2021-01-05 09:40:55.111,0.798,0.8124,44.0,0.8069,14.0,1020.0,1.0
2021-01-05 09:40:55.681,0.798,0.8124,44.0,0.8069,14.0,1020.0,1.0
2021-01-05 09:40:56.121,0.798,0.8124,44.0,0.8069,14.0,1020.0,1.0
2021-01-05 09:40:56.711,0.798,0.8124,44.0,0.8069,14.0,1020.0,1.0
2021-01-05 09:40:57.180,0.798,0.8124,44.0,0.8069,14.0,1020.0,1.0
2021-01-05 09:40:57.710,0.798,0.8124,44.0,0.8069,14.0,1020.0,1.0
2021-01-05 09:40:58.721,0.798,0.8124,44.0,0.8069,14.0,1020.0,1.0
2021-01-05 09:40:58.980,0.798,0.8124,44.0,0.8069,14.0,1020.0,1.0
2021-01-05 09:40:59.721,0.798,0.8124,44.0,0.8069,14.0,1020.0,1.0
2021-01-05 09:41:01.041,0.798,0.8124,44.0,0.8069,14.0,1020.0,1.0
2021-01-05 09:41:01.650,0.798,0.8124,44.0,0.8069,14.0,1020.0,1.0
2021-01-05 09:41:02.190,0.798,0.8124,44.0,0.8069,14.0,1020.0,1.0
2021-01-05 09:41:02.661,0.798,0.8124,44.0,0.8069,14.0,1020.0,1.0
2021-01-05 09:41:03.110,0.798,0.8124,44.0,0.8069,14.0,1020.0,1.0
2021-01-05 09:41:04.180,0.798,0.8124,44.0,0.8069,14.0,1020.0,1.0
2021-01-05 09:41:04.680,0.798,0.8124,44.0,0.8069,14.0,1020.0,1.0
2021-01-05 09:41:05.220,0.798,0.8124,44.0,0.8069,14.0,1020.0,1.0
2021-01-05 09:41:05.660,0.798,0.8124,44.0,0.8069,14.0,1020.0,1.0
2021-01-05 09:41:06.221,0.798,0.8124,44.0,0.8069,14.0,1020.0,1.0
2021-01-05 09:41:07.100,0.798,0.8124,44.0,0.8069,14.0,1020.0,1.0
2021-01-05 09:41:08.201,0.798,0.8124,44.0,0.8069,14.0,1020.0,1.0
2021-01-05 09:41:08.701,0.798,0.8124,44.0,0.8069,14.0,1020.0,1.0
2021-01-05 09:41:09.661,0.798,0.8124,44.0,0.8069,14.0,1020.0,1.0
2021-01-05 09:41:10.220,0.798,0.8124,44.0,0.8069,14.0,1020.0,1.0
2021-01-05 09:41:10.710,0.798,0.8124,44.0,0.8069,14.0,1020.0,1.0
2021-01-05 09:41:11.210,0.798,0.8124,34.0,0.8069,14.0,1020.0,1.0
2021-01-05 09:41:11.711,0.798,0.8124,34.0,0.8069,14.0,1020.0,1.0
2021-01-05 09:41:12.151,0.798,0.8124,34.0,0.8069,14.0,1020.0,1.0
2021-01-05 09:41:12.710,0.798,0.8124,34.0,0.8069,14.0,1020.0,1.0
2021-01-05 09:41:13.161,0.798,0.8124,34.0,0.8069,14.0,1020.0,1.0
2021-01-05 09:41:13.711,0.798,0.8124,34.0,0.8069,14.0,1020.0,1.0
2021-01-05 09:41:14.160,0.798,0.8124,14.0,0.8069,14.0,1020.0,1.0
2021-01-05 09:41:15.180,0.798,0.8124,14.0,0.8069,34.0,1020.0,1.0
2021-01-05 09:41:17.670,0.798,0.8124,14.0,0.8069,34.0,1020.0,1.0
2021-01-05 09:41:18.200,0.798,0.8124,14.0,0.8069,34.0,1020.0,1.0
2021-01-05 09:41:18.600,0.798,0.8124,14.0,0.8069,34.0,1020.0,1.0
2021-01-05 09:41:19.161,0.798,0.8124,14.0,0.8069,34.0,1020.0,1.0
2021-01-05 09:41:20.070,0.798,0.8124,14.0,0.8069,34.0,1020.0,1.0
2021-01-05 09:41:20.721,0.798,0.8124,14.0,0.8069,34.0,1020.0,1.0
2021-01-05 09:41:21.190,0.798,0.8124,14.0,0.8069,34.0,1020.0,1.0
2021-01-05 09:41:22.700,0.798,0.8124,14.0,0.8069,34.0,1020.0,1.0
2021-01-05 09:41:23.061,0.798,0.8124,14.0,0.8069,34.0,1020.0,1.0
2021-01-05 09:41:24.171,0.798,0.8124,14.0,0.8069,34.0,1020.0,1.0
2021-01-05 09:41:24.651,0.798,0.8124,14.0,0.8069,34.0,1020.0,1.0
2021-01-05 09:41:25.120,0.798,0.8124,14.0,0.8069,34.0,1020.0,1.0
2021-01-05 09:41:26.190,0.798,0.8124,14.0,0.8069,34.0,1020.0,1.0
2021-01-05 09:41:27.131,0.798,0.8126,20.0,0.808,14.0,1020.0,1.0
2021-01-05 09:41:27.710,0.798,0.8126,20.0,0.808,14.0,1020.0,1.0
2021-01-05 09:41:28.171,0.798,0.8136,34.0,0.808,34.0,1020.0,1.0
2021-01-05 09:41:28.540,0.798,0.8136,14.0,0.808,14.0,1020.0,1.0
2021-01-05 09:41:29.010,0.798,0.8136,34.0,0.808,34.0,1020.0,1.0
2021-01-05 09:41:29.690,0.798,0.8136,34.0,0.808,34.0,1020.0,1.0
2021-01-05 09:41:30.670,0.798,0.8136,34.0,0.808,34.0,1020.0,1.0
2021-01-05 09:41:32.670,0.798,0.8136,34.0,0.808,34.0,1020.0,1.0
2021-01-05 09:41:33.171,0.798,0.8136,34.0,0.808,34.0,1020.0,1.0
2021-01-05 09:41:33.680,0.798,0.8136,34.0,0.808,34.0,1020.0,1.0
2021-01-05 09:41:34.120,0.798,0.8136,34.0,0.808,34.0,1020.0,1.0
2021-01-05 09:41:35.221,0.798,0.8136,34.0,0.808,34.0,1020.0,1.0
2021-01-05 09:41:35.721,0.798,0.8136,34.0,0.808,34.0,1020.0,1.0
2021-01-05 09:41:36.070,0.798,0.8136,34.0,0.808,34.0,1020.0,1.0
2021-01-05 09:41:36.720,0.798,0.8136,34.0,0.808,34.0,1020.0,1.0
2021-01-05 09:41:37.210,0.798,0.8136,34.0,0.808,34.0,1020.0,1.0
2021-01-05 09:41:37.711,0.798,0.8136,20.0,0.8091,14.0,1020.0,1.0
2021-01-05 09:41:38.220,0.798,0.8136,20.0,0.8091,14.0,1020.0,1.0
2021-01-05 09:41:38.710,0.798,0.8147,14.0,0.8091,34.0,1020.0,1.0
2021-01-05 09:41:41.130,0.798,0.8147,14.0,0.8091,34.0,1020.0,1.0
2021-01-05 09:41:41.730,0.798,0.8147,14.0,0.8091,34.0,1020.0,1.0
2021-01-05 09:41:42.690,0.798,0.8135,14.0,0.8089,10.0,1020.0,1.0
2021-01-05 09:41:43.080,0.798,0.8135,34.0,0.8089,10.0,1020.0,1.0
2021-01-05 09:41:44.671,0.798,0.8135,34.0,0.8089,10.0,1020.0,1.0
2021-01-05 09:41:45.190,0.798,0.8135,34.0,0.8089,10.0,1020.0,1.0
2021-01-05 09:41:45.701,0.798,0.8135,34.0,0.8089,10.0,1020.0,1.0
2021-01-05 09:41:47.201,0.798,0.8135,34.0,0.8089,20.0,1020.0,1.0
2021-01-05 09:41:48.181,0.798,0.8135,20.0,0.8091,14.0,1020.0,1.0
2021-01-05 09:41:48.740,0.798,0.8146,14.0,0.8091,34.0,1020.0,1.0
2021-01-05 09:41:49.191,0.798,0.8146,14.0,0.8091,34.0,1020.0,1.0
2021-01-05 09:41:49.750,0.798,0.8146,14.0,0.8091,34.0,1020.0,1.0
2021-01-05 09:41:50.231,0.798,0.8146,14.0,0.8091,34.0,1020.0,1.0
2021-01-05 09:41:51.251,0.798,0.8146,14.0,0.8091,34.0,1020.0,1.0
2021-01-05 09:41:51.760,0.798,0.8146,14.0,0.8091,34.0,1020.0,1.0
2021-01-05 09:41:52.261,0.798,0.8146,14.0,0.8091,34.0,1020.0,1.0
2021-01-05 09:41:52.690,0.798,0.8146,14.0,0.8091,34.0,1020.0,1.0
2021-01-05 09:41:53.201,0.798,0.8149,20.0,0.8102,14.0,1020.0,1.0
2021-01-05 09:41:54.161,0.798,0.8149,20.0,0.8102,34.0,1020.0,1.0
2021-01-05 09:41:55.160,0.798,0.8149,20.0,0.8102,34.0,1020.0,1.0
2021-01-05 09:41:55.671,0.798,0.8149,20.0,0.8102,34.0,1020.0,1.0
2021-01-05 09:41:56.151,0.798,0.8149,20.0,0.8102,34.0,1020.0,1.0
2021-01-05 09:41:56.680,0.798,0.8149,20.0,0.8102,34.0,1020.0,1.0
2021-01-05 09:41:57.110,0.798,0.8157,14.0,0.8102,14.0,1020.0,1.0
2021-01-05 09:41:57.640,0.798,0.8157,34.0,0.8102,14.0,1020.0,1.0
2021-01-05 09:41:58.140,0.798,0.8157,34.0,0.8102,14.0,1020.0,1.0
2021-01-05 09:41:58.630,0.798,0.8157,34.0,0.8102,14.0,1020.0,1.0
2021-01-05 09:41:59.131,0.798,0.8157,34.0,0.8102,14.0,1020.0,1.0
2021-01-05 09:42:00.151,0.798,0.8157,34.0,0.8102,14.0,1020.0,1.0
2021-01-05 09:42:00.701,0.798,0.8157,34.0,0.8102,14.0,1020.0,1.0
2021-01-05 09:42:01.651,0.798,0.8157,34.0,0.8102,14.0,1020.0,1.0
2021-01-05 09:42:02.201,0.798,0.8157,34.0,0.8102,14.0,1020.0,1.0
2021-01-05 09:42:02.710,0.798,0.8157,34.0,0.8102,14.0,1020.0,1.0
2021-01-05 09:42:04.641,0.798,0.8157,34.0,0.8102,14.0,1020.0,1.0
2021-01-05 09:42:05.211,0.798,0.8157,34.0,0.8102,14.0,1020.0,1.0
2021-01-05 09:42:06.181,0.798,0.8157,34.0,0.8102,14.0,1020.0,1.0
2021-01-05 09:42:06.690,0.798,0.8157,34.0,0.8102,14.0,1020.0,1.0
2021-01-05 09:42:09.230,0.798,0.8157,34.0,0.8102,14.0,1020.0,1.0
2021-01-05 09:42:10.220,0.798,0.8157,34.0,0.8102,14.0,1020.0,1.0
2021-01-05 09:42:11.211,0.798,0.8157,34.0,0.8102,14.0,1020.0,1.0
2021-01-05 09:42:11.720,0.798,0.8157,20.0,0.8114,14.0,1020.0,1.0
2021-01-05 09:42:12.210,0.798,0.8157,20.0,0.8114,34.0,1020.0,1.0
2021-01-05 09:42:12.721,0.798,0.8157,20.0,0.8114,34.0,1020.0,1.0
2021-01-05 09:42:13.211,0.798,0.8157,20.0,0.8114,34.0,1020.0,1.0
2021-01-05 09:42:13.731,0.798,0.8157,20.0,0.8114,34.0,1020.0,1.0
2021-01-05 09:42:14.671,0.798,0.817,34.0,0.8114,34.0,1020.0,1.0
2021-01-05 09:42:15.170,0.798,0.817,34.0,0.8114,34.0,1020.0,1.0
2021-01-05 09:42:16.701,0.798,0.817,34.0,0.8114,34.0,1020.0,1.0
2021-01-05 09:42:17.241,0.798,0.8169,1.0,0.8114,34.0,1020.0,1.0
2021-01-05 09:42:17.681,0.798,0.8169,1.0,0.8114,34.0,1020.0,1.0
2021-01-05 09:42:18.701,0.798,0.8169,1.0,0.8114,34.0,1020.0,1.0
2021-01-05 09:42:20.150,0.798,0.8169,1.0,0.8114,34.0,1020.0,1.0
2021-01-05 09:42:21.621,0.798,0.8169,1.0,0.8114,34.0,1020.0,1.0
2021-01-05 09:42:22.221,0.798,0.8169,1.0,0.8114,34.0,1020.0,1.0
2021-01-05 09:42:23.631,0.798,0.8169,1.0,0.8114,34.0,1020.0,1.0
2021-01-05 09:42:24.151,0.798,0.8169,1.0,0.8114,34.0,1020.0,1.0
2021-01-05 09:42:24.670,0.798,0.8169,1.0,0.8114,34.0,1020.0,1.0
2021-01-05 09:42:25.621,0.798,0.8169,1.0,0.8114,34.0,1020.0,1.0
2021-01-05 09:42:26.130,0.798,0.8169,1.0,0.8114,34.0,1020.0,1.0
2021-01-05 09:42:27.171,0.798,0.817,34.0,0.8114,34.0,1020.0,1.0
2021-01-05 09:42:29.720,0.798,0.817,34.0,0.8114,34.0,1020.0,1.0
2021-01-05 09:42:30.710,0.798,0.817,34.0,0.8114,34.0,1020.0,1.0
2021-01-05 09:42:31.200,0.798,0.817,34.0,0.8114,34.0,1020.0,1.0
2021-01-05 09:42:33.230,0.798,0.817,34.0,0.8114,34.0,1020.0,1.0
2021-01-05 09:42:34.210,0.798,0.817,34.0,0.8114,34.0,1020.0,1.0
2021-01-05 09:42:35.151,0.798,0.817,34.0,0.8147,2.0,1020.0,1.0
2021-01-05 09:42:35.701,0.8147,0.817,34.0,0.8114,34.0,1022.0,3.0
2021-01-05 09:42:36.200,0.8147,0.8169,1.0,0.8114,34.0,1022.0,3.0
2021-01-05 09:42:36.650,0.8147,0.8169,1.0,0.8114,34.0,1022.0,3.0
2021-01-05 09:42:37.251,0.8147,0.817,34.0,0.8114,34.0,1022.0,3.0
2021-01-05 09:42:40.221,0.8147,0.817,34.0,0.8114,34.0,1022.0,3.0
2021-01-05 09:42:41.731,0.8147,0.817,34.0,0.8114,34.0,1022.0,3.0
2021-01-05 09:42:42.250,0.8147,0.817,34.0,0.8119,10.0,1022.0,3.0
2021-01-05 09:42:42.711,0.8147,0.817,34.0,0.8119,10.0,1022.0,3.0
2021-01-05 09:42:43.251,0.8147,0.817,34.0,0.8119,10.0,1022.0,3.0
2021-01-05 09:42:43.741,0.8147,0.817,34.0,0.8119,10.0,1022.0,3.0
2021-01-05 09:42:44.211,0.8147,0.817,34.0,0.8119,10.0,1022.0,3.0
2021-01-05 09:42:44.751,0.8147,0.817,34.0,0.8119,10.0,1022.0,3.0
2021-01-05 09:42:45.191,0.8147,0.817,34.0,0.8114,34.0,1022.0,3.0
2021-01-05 09:42:46.240,0.8147,0.817,34.0,0.8114,34.0,1022.0,3.0
2021-01-05 09:42:46.741,0.8147,0.817,34.0,0.8114,34.0,1022.0,3.0
2021-01-05 09:42:48.171,0.8147,0.817,34.0,0.8114,34.0,1022.0,3.0
2021-01-05 09:42:48.720,0.8147,0.817,34.0,0.8114,34.0,1022.0,3.0
2021-01-05 09:42:49.750,0.8147,0.817,34.0,0.8114,34.0,1022.0,3.0
2021-01-05 09:42:50.720,0.8147,0.817,34.0,0.8114,34.0,1022.0,3.0
2021-01-05 09:42:51.060,0.8147,0.817,34.0,0.8114,34.0,1022.0,3.0
2021-01-05 09:42:53.640,0.8147,0.817,34.0,0.8114,34.0,1022.0,3.0
2021-01-05 09:42:54.191,0.8147,0.817,20.0,0.8114,20.0,1022.0,3.0
2021-01-05 09:42:54.191,0.8147,0.818,14.0,0.8125,14.0,1022.0,3.0
2021-01-05 09:42:54.910,0.8147,0.818,34.0,0.8125,34.0,1022.0,3.0
2021-01-05 09:42:56.191,0.8147,0.818,34.0,0.8125,34.0,1022.0,3.0
2021-01-05 09:42:56.650,0.8147,0.818,34.0,0.8125,34.0,1022.0,3.0
2021-01-05 09:42:58.220,0.8147,0.818,34.0,0.8125,34.0,1022.0,3.0
2021-01-05 09:42:58.731,0.8147,0.818,34.0,0.8125,34.0,1022.0,3.0
2021-01-05 09:42:59.230,0.8147,0.818,34.0,0.8125,34.0,1022.0,3.0
2021-01-05 09:42:59.730,0.8147,0.818,34.0,0.8125,34.0,1022.0,3.0
2021-01-05 09:43:00.200,0.8147,0.818,34.0,0.8125,34.0,1022.0,3.0
2021-01-05 09:43:01.211,0.8147,0.818,34.0,0.8125,34.0,1022.0,3.0
2021-01-05 09:43:01.701,0.8147,0.818,34.0,0.8125,34.0,1022.0,3.0
2021-01-05 09:43:02.150,0.8147,0.818,34.0,0.8125,34.0,1022.0,3.0
2021-01-05 09:43:02.681,0.8147,0.818,34.0,0.8125,34.0,1022.0,3.0
2021-01-05 09:43:03.241,0.8147,0.818,34.0,0.8125,34.0,1022.0,3.0
2021-01-05 09:43:04.740,0.8147,0.818,34.0,0.8125,34.0,1022.0,3.0
2021-01-05 09:43:05.251,0.8147,0.818,34.0,0.8125,34.0,1022.0,3.0
2021-01-05 09:43:05.731,0.8147,0.818,34.0,0.8125,34.0,1022.0,3.0
2021-01-05 09:43:06.171,0.8147,0.818,34.0,0.8125,34.0,1022.0,3.0
2021-01-05 09:43:08.701,0.8147,0.818,34.0,0.8125,34.0,1022.0,3.0
2021-01-05 09:43:09.740,0.8147,0.818,34.0,0.8125,14.0,1022.0,3.0
2021-01-05 09:43:10.150,0.8147,0.818,34.0,0.8125,14.0,1022.0,3.0
2021-01-05 09:43:11.750,0.8147,0.818,34.0,0.8125,14.0,1022.0,3.0
2021-01-05 09:43:13.210,0.8147,0.818,34.0,0.8125,14.0,1022.0,3.0
2021-01-05 09:43:13.740,0.8147,0.818,34.0,0.8125,14.0,1022.0,3.0
2021-01-05 09:43:14.270,0.8147,0.818,34.0,0.8125,14.0,1022.0,3.0
2021-01-05 09:43:15.711,0.8147,0.8169,14.0,0.8114,20.0,1022.0,3.0
2021-01-05 09:43:16.720,0.8147,0.8169,34.0,0.8114,20.0,1022.0,3.0
2021-01-05 09:43:17.271,0.8147,0.8169,34.0,0.8114,20.0,1022.0,3.0
2021-01-05 09:43:17.771,0.8147,0.8169,34.0,0.8114,20.0,1022.0,3.0
2021-01-05 09:43:18.270,0.8147,0.8169,34.0,0.8114,20.0,1022.0,3.0
2021-01-05 09:43:21.271,0.8147,0.8169,34.0,0.8114,20.0,1022.0,3.0
2021-01-05 09:43:21.701,0.8147,0.8169,34.0,0.8114,20.0,1022.0,3.0
2021-01-05 09:43:22.281,0.8147,0.8169,34.0,0.8114,20.0,1022.0,3.0
2021-01-05 09:43:22.671,0.8147,0.8169,34.0,0.8114,20.0,1022.0,3.0
2021-01-05 09:43:23.201,0.8147,0.8169,34.0,0.8114,20.0,1022.0,3.0
2021-01-05 09:43:23.651,0.8147,0.8169,34.0,0.8114,20.0,1022.0,3.0
2021-01-05 09:43:24.120,0.8147,0.8169,34.0,0.8114,20.0,1022.0,3.0
2021-01-05 09:43:25.201,0.8147,0.8169,34.0,0.8114,20.0,1022.0,3.0
2021-01-05 09:43:25.701,0.8147,0.8169,20.0,0.8124,14.0,1022.0,3.0
2021-01-05 09:43:26.181,0.8147,0.8179,14.0,0.8124,34.0,1022.0,3.0
2021-01-05 09:43:26.621,0.8147,0.8179,14.0,0.8124,34.0,1022.0,3.0
2021-01-05 09:43:27.190,0.8147,0.8179,14.0,0.8124,34.0,1022.0,3.0
2021-01-05 09:43:27.620,0.8147,0.8179,14.0,0.8124,34.0,1022.0,3.0
2021-01-05 09:43:29.660,0.8147,0.8178,1.0,0.8124,34.0,1022.0,3.0
2021-01-05 09:43:31.111,0.8147,0.8178,1.0,0.8124,34.0,1022.0,3.0
2021-01-05 09:43:31.720,0.8147,0.8178,1.0,0.8124,34.0,1022.0,3.0
2021-01-05 09:43:32.701,0.8147,0.8178,1.0,0.8124,34.0,1022.0,3.0
2021-01-05 09:43:33.141,0.8147,0.8178,1.0,0.8124,34.0,1022.0,3.0
2021-01-05 09:43:34.221,0.8147,0.8178,1.0,0.8124,34.0,1022.0,3.0
2021-01-05 09:43:34.691,0.8147,0.8178,1.0,0.8124,34.0,1022.0,3.0
2021-01-05 09:43:35.160,0.8147,0.8178,1.0,0.8124,34.0,1022.0,3.0
2021-01-05 09:43:36.661,0.8147,0.8178,1.0,0.8124,34.0,1022.0,3.0
2021-01-05 09:43:38.221,0.8147,0.8178,1.0,0.8124,34.0,1022.0,3.0
2021-01-05 09:43:38.680,0.8147,0.8178,1.0,0.8124,34.0,1022.0,3.0
2021-01-05 09:43:39.241,0.8147,0.8178,1.0,0.8124,34.0,1022.0,3.0
2021-01-05 09:43:40.731,0.8147,0.8178,1.0,0.8124,34.0,1022.0,3.0
2021-01-05 09:43:41.730,0.8147,0.8178,1.0,0.8124,34.0,1022.0,3.0
2021-01-05 09:43:43.231,0.8147,0.8178,1.0,0.8124,34.0,1022.0,3.0
2021-01-05 09:43:43.711,0.8147,0.8178,1.0,0.8124,34.0,1022.0,3.0
2021-01-05 09:43:44.670,0.8147,0.8178,1.0,0.8124,34.0,1022.0,3.0
2021-01-05 09:43:45.221,0.8147,0.8178,1.0,0.8124,34.0,1022.0,3.0
2021-01-05 09:43:45.720,0.8147,0.8178,1.0,0.8124,34.0,1022.0,3.0
2021-01-05 09:43:46.151,0.8147,0.8178,1.0,0.8124,34.0,1022.0,3.0
2021-01-05 09:43:46.750,0.8147,0.8178,1.0,0.8124,34.0,1022.0,3.0
2021-01-05 09:43:47.250,0.8147,0.8178,1.0,0.8124,34.0,1022.0,3.0
2021-01-05 09:43:47.661,0.8147,0.8178,1.0,0.8124,34.0,1022.0,3.0
2021-01-05 09:43:48.220,0.8147,0.8178,1.0,0.8124,34.0,1022.0,3.0
2021-01-05 09:43:48.721,0.8147,0.8178,1.0,0.8124,34.0,1022.0,3.0
2021-01-05 09:43:49.061,0.8147,0.8169,14.0,0.8114,20.0,1022.0,3.0
2021-01-05 09:43:49.511,0.8147,0.8169,34.0,0.8114,20.0,1022.0,3.0
2021-01-05 09:43:50.170,0.8147,0.8169,34.0,0.8114,20.0,1022.0,3.0
2021-01-05 09:43:50.721,0.8147,0.8169,34.0,0.8114,20.0,1022.0,3.0
2021-01-05 09:43:52.681,0.8147,0.8169,34.0,0.8114,20.0,1022.0,3.0
2021-01-05 09:43:53.201,0.8147,0.8169,34.0,0.8114,20.0,1022.0,3.0
2021-01-05 09:43:53.610,0.8147,0.8169,34.0,0.8114,20.0,1022.0,3.0
2021-01-05 09:43:54.191,0.8147,0.8169,34.0,0.8114,20.0,1022.0,3.0
2021-01-05 09:43:56.200,0.8147,0.8158,14.0,0.8114,20.0,1022.0,3.0
2021-01-05 09:43:56.721,0.8147,0.8158,34.0,0.8103,34.0,1022.0,3.0
2021-01-05 09:43:57.650,0.8147,0.8158,34.0,0.8103,34.0,1022.0,3.0
2021-01-05 09:43:58.190,0.8147,0.8158,34.0,0.8103,34.0,1022.0,3.0
2021-01-05 09:43:58.711,0.8147,0.8158,34.0,0.8103,34.0,1022.0,3.0
2021-01-05 09:43:59.170,0.8147,0.8158,34.0,0.8103,34.0,1022.0,3.0
2021-01-05 09:44:00.131,0.8147,0.8158,34.0,0.8103,34.0,1022.0,3.0
2021-01-05 09:44:00.701,0.8147,0.8158,44.0,0.8103,34.0,1022.0,3.0
2021-01-05 09:44:03.241,0.8147,0.8158,44.0,0.8103,34.0,1022.0,3.0
2021-01-05 09:44:03.750,0.8147,0.8158,44.0,0.8103,34.0,1022.0,3.0
2021-01-05 09:44:04.230,0.8147,0.8158,30.0,0.8103,20.0,1022.0,3.0
2021-01-05 09:44:04.751,0.8147,0.8148,14.0,0.8093,20.0,1022.0,3.0
2021-01-05 09:44:05.260,0.8147,0.8148,14.0,0.8092,14.0,1022.0,3.0
2021-01-05 09:44:05.681,0.8147,0.8148,14.0,0.8092,14.0,1022.0,3.0
2021-01-05 09:44:06.261,0.8147,0.8148,34.0,0.8092,34.0,1022.0,3.0
2021-01-05 09:44:06.770,0.8147,0.8148,34.0,0.8092,34.0,1022.0,3.0
2021-01-05 09:44:07.281,0.8147,0.8148,34.0,0.8092,34.0,1022.0,3.0
2021-01-05 09:44:07.750,0.8147,0.8148,34.0,0.8092,34.0,1022.0,3.0
2021-01-05 09:44:08.230,0.8147,0.8148,34.0,0.8092,34.0,1022.0,3.0
2021-01-05 09:44:08.760,0.8147,0.8148,34.0,0.8092,34.0,1022.0,3.0
2021-01-05 09:44:09.150,0.8147,0.8148,34.0,0.8092,34.0,1022.0,3.0
2021-01-05 09:44:09.780,0.8147,0.8148,34.0,0.8092,34.0,1022.0,3.0
2021-01-05 09:44:10.280,0.8147,0.8148,34.0,0.8092,34.0,1022.0,3.0
2021-01-05 09:44:10.781,0.8147,0.8148,34.0,0.8092,34.0,1022.0,3.0
2021-01-05 09:44:11.780,0.8147,0.8148,34.0,0.8092,34.0,1022.0,3.0
2021-01-05 09:44:12.270,0.8147,0.8148,34.0,0.8092,34.0,1022.0,3.0
2021-01-05 09:44:12.781,0.8147,0.8148,34.0,0.8092,34.0,1022.0,3.0
2021-01-05 09:44:13.230,0.8147,0.8148,34.0,0.8092,34.0,1022.0,3.0
2021-01-05 09:44:14.781,0.8147,0.8148,34.0,0.8092,34.0,1022.0,3.0
2021-01-05 09:44:15.280,0.8147,0.8148,34.0,0.8092,34.0,1022.0,3.0
2021-01-05 09:44:15.780,0.8147,0.8148,34.0,0.8092,34.0,1022.0,3.0
2021-01-05 09:44:17.280,0.8147,0.8148,34.0,0.8092,34.0,1022.0,3.0
2021-01-05 09:44:17.770,0.8147,0.8147,1.0,0.8092,34.0,1022.0,3.0
2021-01-05 09:44:18.231,0.8147,0.8148,34.0,0.8092,34.0,1022.0,3.0
2021-01-05 09:44:19.261,0.8147,0.8148,34.0,0.8092,34.0,1022.0,3.0
2021-01-05 09:44:19.801,0.8147,0.8148,34.0,0.8092,34.0,1022.0,3.0
2021-01-05 09:44:20.300,0.8147,0.8148,34.0,0.8092,34.0,1022.0,3.0
2021-01-05 09:44:22.131,0.8147,0.8148,34.0,0.8092,34.0,1022.0,3.0
2021-01-05 09:44:23.130,0.8147,0.8148,34.0,0.8092,34.0,1022.0,3.0
2021-01-05 09:44:26.201,0.8147,0.8148,34.0,0.8092,34.0,1022.0,3.0
2021-01-05 09:44:26.701,0.8147,0.8148,34.0,0.8092,34.0,1022.0,3.0
2021-01-05 09:44:27.201,0.8147,0.8148,34.0,0.8092,34.0,1022.0,3.0
2021-01-05 09:44:28.680,0.8147,0.8148,34.0,0.8092,34.0,1022.0,3.0
2021-01-05 09:44:29.200,0.8147,0.8148,34.0,0.8092,34.0,1022.0,3.0
2021-01-05 09:44:29.631,0.8147,0.8136,14.0,0.8092,20.0,1022.0,3.0
2021-01-05 09:44:30.201,0.8147,0.8136,14.0,0.8081,44.0,1022.0,3.0
2021-01-05 09:44:30.720,0.8147,0.8136,34.0,0.8081,44.0,1022.0,3.0
2021-01-05 09:44:32.220,0.8147,0.8136,34.0,0.8081,44.0,1022.0,3.0
2021-01-05 09:44:32.691,0.8147,0.8136,34.0,0.8081,34.0,1022.0,3.0
2021-01-05 09:44:33.240,0.8147,0.8134,10.0,0.8081,34.0,1022.0,3.0
2021-01-05 09:44:33.730,0.8147,0.8134,10.0,0.8081,34.0,1022.0,3.0
2021-01-05 09:44:34.520,0.8147,0.8134,10.0,0.8081,34.0,1022.0,3.0
2021-01-05 09:44:35.740,0.8147,0.8134,10.0,0.8081,34.0,1022.0,3.0
2021-01-05 09:44:36.220,0.8147,0.8134,10.0,0.8081,34.0,1022.0,3.0
2021-01-05 09:44:37.240,0.8147,0.8134,10.0,0.8081,34.0,1022.0,3.0
2021-01-05 09:44:37.751,0.8147,0.8134,10.0,0.8081,34.0,1022.0,3.0
2021-01-05 09:44:38.201,0.8147,0.8134,10.0,0.8081,34.0,1022.0,3.0
2021-01-05 09:44:39.661,0.8147,0.8134,10.0,0.8081,34.0,1022.0,3.0
2021-01-05 09:44:40.740,0.8147,0.8134,10.0,0.8081,34.0,1022.0,3.0
2021-01-05 09:44:41.251,0.8147,0.8134,10.0,0.8081,34.0,1022.0,3.0
2021-01-05 09:44:41.730,0.8147,0.8126,14.0,0.8081,20.0,1022.0,3.0
2021-01-05 09:44:42.250,0.8147,0.8126,14.0,0.8081,20.0,1022.0,3.0
2021-01-05 09:44:42.640,0.8147,0.8126,34.0,0.8081,20.0,1022.0,3.0
2021-01-05 09:44:43.230,0.8147,0.8126,34.0,0.8081,20.0,1022.0,3.0
2021-01-05 09:44:44.260,0.8147,0.8126,34.0,0.8081,20.0,1022.0,3.0
2021-01-05 09:44:44.761,0.8147,0.8126,34.0,0.8073,10.0,1022.0,3.0
2021-01-05 09:44:45.261,0.8147,0.8126,34.0,0.8073,10.0,1022.0,3.0
2021-01-05 09:44:45.760,0.8147,0.8126,20.0,0.8073,11.0,1022.0,3.0
2021-01-05 09:44:45.760,0.8147,0.8126,20.0,0.8081,14.0,1022.0,3.0
2021-01-05 09:44:46.771,0.8147,0.8134,10.0,0.8081,14.0,1022.0,3.0
2021-01-05 09:44:47.251,0.8147,0.8134,10.0,0.8081,34.0,1022.0,3.0
2021-01-05 09:44:47.770,0.8147,0.8134,10.0,0.8081,34.0,1022.0,3.0
2021-01-05 09:44:48.271,0.8147,0.8134,10.0,0.8081,34.0,1022.0,3.0
2021-01-05 09:44:49.270,0.8147,0.8134,10.0,0.8081,34.0,1022.0,3.0
2021-01-05 09:44:50.300,0.8147,0.8134,10.0,0.8081,34.0,1022.0,3.0
2021-01-05 09:44:50.811,0.8147,0.8134,10.0,0.8081,34.0,1022.0,3.0
2021-01-05 09:44:53.201,0.8147,0.8134,10.0,0.8081,34.0,1022.0,3.0
2021-01-05 09:44:53.710,0.8147,0.8134,10.0,0.8081,34.0,1022.0,3.0
2021-01-05 09:44:54.970,0.8147,0.8134,10.0,0.8081,34.0,1022.0,3.0
2021-01-05 09:44:55.700,0.8147,0.8134,10.0,0.8081,34.0,1022.0,3.0
2021-01-05 09:44:56.220,0.8147,0.8134,10.0,0.8081,34.0,1022.0,3.0
2021-01-05 09:44:56.720,0.8147,0.8134,10.0,0.8081,34.0,1022.0,3.0
2021-01-05 09:44:57.431,0.8147,0.8134,10.0,0.8081,14.0,1022.0,3.0
2021-01-05 09:44:58.120,0.8147,0.8126,14.0,0.8073,10.0,1022.0,3.0
2021-01-05 09:44:58.720,0.8147,0.8126,34.0,0.8073,10.0,1022.0,3.0
2021-01-05 09:44:59.711,0.8147,0.8126,34.0,0.8073,10.0,1022.0,3.0
2021-01-05 09:45:00.061,0.8147,0.8122,10.0,0.8072,20.0,1022.0,3.0
2021-01-05 09:45:00.591,0.8147,0.8122,10.0,0.8072,20.0,1022.0,3.0
2021-01-05 09:45:01.221,0.8147,0.8122,10.0,0.8072,20.0,1022.0,3.0
2021-01-05 09:45:01.680,0.8147,0.8115,14.0,0.8061,20.0,1022.0,3.0
2021-01-05 09:45:02.061,0.8147,0.8115,14.0,0.8061,20.0,1022.0,3.0
2021-01-05 09:45:02.710,0.8147,0.8115,34.0,0.8061,20.0,1022.0,3.0
2021-01-05 09:45:03.680,0.8147,0.8115,34.0,0.8061,20.0,1022.0,3.0
2021-01-05 09:45:04.191,0.8147,0.8115,34.0,0.8061,20.0,1022.0,3.0
2021-01-05 09:45:05.221,0.8147,0.81,10.0,0.8061,20.0,1022.0,3.0
2021-01-05 09:45:05.720,0.8147,0.81,10.0,0.805,20.0,1022.0,3.0
2021-01-05 09:45:06.220,0.8147,0.81,30.0,0.805,20.0,1022.0,3.0
2021-01-05 09:45:06.721,0.8147,0.81,30.0,0.805,20.0,1022.0,3.0
2021-01-05 09:45:07.130,0.8147,0.81,30.0,0.805,20.0,1022.0,3.0
2021-01-05 09:45:07.720,0.8147,0.81,30.0,0.805,20.0,1022.0,3.0
2021-01-05 09:45:08.181,0.8147,0.81,20.0,0.805,20.0,1022.0,3.0
2021-01-05 09:45:09.190,0.8147,0.81,20.0,0.805,20.0,1022.0,3.0
2021-01-05 09:45:09.720,0.8147,0.81,20.0,0.8047,14.0,1022.0,3.0
2021-01-05 09:45:10.200,0.8147,0.81,20.0,0.8047,14.0,1022.0,3.0
2021-01-05 09:45:10.700,0.8147,0.81,20.0,0.8047,14.0,1022.0,3.0
2021-01-05 09:45:11.091,0.8147,0.81,20.0,0.8047,14.0,1022.0,3.0
2021-01-05 09:45:11.720,0.8147,0.81,20.0,0.8047,14.0,1022.0,3.0
2021-01-05 09:45:12.150,0.8147,0.81,20.0,0.8047,14.0,1022.0,3.0
2021-01-05 09:45:13.220,0.8147,0.8092,14.0,0.8041,20.0,1022.0,3.0
2021-01-05 09:45:13.681,0.8147,0.8092,14.0,0.8041,20.0,1022.0,3.0
2021-01-05 09:45:14.181,0.8147,0.8092,14.0,0.8041,20.0,1022.0,3.0
2021-01-05 09:45:14.701,0.8147,0.8092,14.0,0.8041,20.0,1022.0,3.0
2021-01-05 09:45:15.230,0.8147,0.8092,14.0,0.8041,20.0,1022.0,3.0
2021-01-05 09:45:15.721,0.8147,0.8092,14.0,0.8037,14.0,1022.0,3.0
2021-01-05 09:45:16.230,0.8147,0.8092,14.0,0.8037,14.0,1022.0,3.0
2021-01-05 09:45:16.630,0.8147,0.8082,14.0,0.8028,20.0,1022.0,3.0
2021-01-05 09:45:17.170,0.8147,0.8082,34.0,0.8028,20.0,1022.0,3.0
2021-01-05 09:45:17.731,0.8147,0.8082,34.0,0.8028,20.0,1022.0,3.0
2021-01-05 09:45:18.230,0.8147,0.8082,34.0,0.8028,20.0,1022.0,3.0
2021-01-05 09:45:18.691,0.8147,0.8082,34.0,0.8028,20.0,1022.0,3.0
2021-01-05 09:45:19.191,0.8147,0.8082,34.0,0.8028,20.0,1022.0,3.0
2021-01-05 09:45:19.731,0.8147,0.8082,34.0,0.8028,20.0,1022.0,3.0
2021-01-05 09:45:21.191,0.8147,0.8082,34.0,0.8028,20.0,1022.0,3.0
2021-01-05 09:45:21.731,0.8147,0.8082,34.0,0.8028,20.0,1022.0,3.0
2021-01-05 09:45:22.240,0.8147,0.8082,34.0,0.8028,20.0,1022.0,3.0
2021-01-05 09:45:22.710,0.8147,0.8082,34.0,0.8028,20.0,1022.0,3.0
2021-01-05 09:45:23.160,0.8147,0.8082,34.0,0.8028,20.0,1022.0,3.0
2021-01-05 09:45:23.671,0.8147,0.8082,34.0,0.8028,20.0,1022.0,3.0
2021-01-05 09:45:24.701,0.8147,0.8082,34.0,0.8028,21.0,1022.0,3.0
2021-01-05 09:45:25.131,0.8147,0.8082,34.0,0.8028,20.0,1022.0,3.0
2021-01-05 09:45:25.690,0.8147,0.8082,34.0,0.8028,20.0,1022.0,3.0
2021-01-05 09:45:26.220,0.8147,0.8082,34.0,0.8028,21.0,1022.0,3.0
2021-01-05 09:45:26.681,0.8147,0.8082,34.0,0.8028,20.0,1022.0,3.0
2021-01-05 09:45:27.211,0.8147,0.8082,34.0,0.8028,21.0,1022.0,3.0
2021-01-05 09:45:27.711,0.8147,0.8082,34.0,0.8028,20.0,1022.0,3.0
2021-01-05 09:45:28.220,0.8147,0.8082,34.0,0.8028,21.0,1022.0,3.0
2021-01-05 09:45:28.700,0.8147,0.8082,34.0,0.8028,20.0,1022.0,3.0
2021-01-05 09:45:29.140,0.8147,0.8082,34.0,0.8028,20.0,1022.0,3.0
2021-01-05 09:45:29.701,0.8147,0.8082,34.0,0.8028,20.0,1022.0,3.0
2021-01-05 09:45:30.710,0.8147,0.8082,34.0,0.8028,20.0,1022.0,3.0
2021-01-05 09:45:31.701,0.8147,0.8082,34.0,0.8028,20.0,1022.0,3.0
2021-01-05 09:45:32.160,0.8147,0.8082,34.0,0.8028,20.0,1022.0,3.0
2021-01-05 09:45:33.180,0.8147,0.8082,34.0,0.8028,21.0,1022.0,3.0
2021-01-05 09:45:33.670,0.8147,0.8082,34.0,0.8028,20.0,1022.0,3.0
2021-01-05 09:45:34.220,0.8147,0.8082,34.0,0.8028,20.0,1022.0,3.0
2021-01-05 09:45:35.190,0.8147,0.8082,34.0,0.8028,20.0,1022.0,3.0
2021-01-05 09:45:35.701,0.8147,0.8082,34.0,0.8028,20.0,1022.0,3.0
2021-01-05 09:45:36.240,0.8147,0.8082,20.0,0.8034,14.0,1022.0,3.0
2021-01-05 09:45:36.730,0.8147,0.8094,14.0,0.8034,14.0,1022.0,3.0
2021-01-05 09:45:37.230,0.8147,0.8094,14.0,0.8046,10.0,1022.0,3.0
2021-01-05 09:45:37.731,0.8147,0.8094,14.0,0.8046,10.0,1022.0,3.0
2021-01-05 09:45:38.240,0.8147,0.8094,14.0,0.8046,30.0,1022.0,3.0
2021-01-05 09:45:39.210,0.8147,0.8094,14.0,0.8046,30.0,1022.0,3.0
2021-01-05 09:45:39.710,0.8147,0.8094,14.0,0.8046,30.0,1022.0,3.0
2021-01-05 09:45:40.240,0.8147,0.8094,14.0,0.8046,30.0,1022.0,3.0
2021-01-05 09:45:42.240,0.8147,0.8094,14.0,0.8046,30.0,1022.0,3.0
2021-01-05 09:45:42.711,0.8147,0.8094,14.0,0.8046,30.0,1022.0,3.0
2021-01-05 09:45:43.220,0.8147,0.8094,14.0,0.8046,30.0,1022.0,3.0
2021-01-05 09:45:43.710,0.8147,0.8094,14.0,0.8046,20.0,1022.0,3.0
2021-01-05 09:45:44.201,0.8147,0.8094,14.0,0.8046,20.0,1022.0,3.0
2021-01-05 09:45:44.711,0.8147,0.8094,14.0,0.8034,14.0,1022.0,3.0
2021-01-05 09:45:45.220,0.8147,0.8094,14.0,0.8034,15.0,1022.0,3.0
2021-01-05 09:45:45.681,0.8147,0.8094,14.0,0.8034,14.0,1022.0,3.0
2021-01-05 09:45:46.240,0.8147,0.8094,14.0,0.8034,14.0,1022.0,3.0
2021-01-05 09:45:46.751,0.8147,0.8094,14.0,0.8034,14.0,1022.0,3.0
2021-01-05 09:45:47.241,0.8147,0.8094,14.0,0.8034,15.0,1022.0,3.0
2021-01-05 09:45:48.201,0.8147,0.8094,14.0,0.8034,15.0,1022.0,3.0
2021-01-05 09:45:48.741,0.8147,0.8094,14.0,0.8034,14.0,1022.0,3.0
2021-01-05 09:45:49.221,0.8147,0.8094,14.0,0.8034,15.0,1022.0,3.0
2021-01-05 09:45:50.251,0.8147,0.8094,14.0,0.8034,15.0,1022.0,3.0
2021-01-05 09:45:50.750,0.8147,0.8094,14.0,0.8034,14.0,1022.0,3.0
2021-01-05 09:45:51.721,0.8147,0.8094,14.0,0.8034,15.0,1022.0,3.0
2021-01-05 09:45:52.251,0.8147,0.8094,14.0,0.8034,14.0,1022.0,3.0
2021-01-05 09:45:52.641,0.8147,0.8094,14.0,0.8034,15.0,1022.0,3.0
2021-01-05 09:45:53.211,0.8147,0.8094,14.0,0.8034,14.0,1022.0,3.0
2021-01-05 09:45:54.191,0.8147,0.8094,14.0,0.8034,15.0,1022.0,3.0
2021-01-05 09:45:55.230,0.8147,0.8094,14.0,0.8034,15.0,1022.0,3.0
2021-01-05 09:45:55.711,0.8147,0.8094,14.0,0.8034,14.0,1022.0,3.0
2021-01-05 09:45:56.120,0.8147,0.8094,14.0,0.8034,15.0,1022.0,3.0
2021-01-05 09:45:56.631,0.8147,0.8094,14.0,0.8034,15.0,1022.0,3.0
2021-01-05 09:45:58.231,0.8147,0.8094,14.0,0.8034,15.0,1022.0,3.0
2021-01-05 09:45:58.711,0.8147,0.8094,14.0,0.8034,15.0,1022.0,3.0
2021-01-05 09:45:59.230,0.8147,0.8094,14.0,0.8034,15.0,1022.0,3.0
2021-01-05 09:46:00.210,0.8147,0.8094,14.0,0.8034,14.0,1022.0,3.0
2021-01-05 09:46:00.730,0.8147,0.8108,14.0,0.8044,14.0,1022.0,3.0
2021-01-05 09:46:01.230,0.8147,0.8098,20.0,0.8044,14.0,1022.0,3.0
2021-01-05 09:46:02.221,0.8147,0.8108,34.0,0.8044,34.0,1022.0,3.0
2021-01-05 09:46:02.640,0.8147,0.8108,34.0,0.8044,35.0,1022.0,3.0
2021-01-05 09:46:03.120,0.8147,0.8108,34.0,0.8044,34.0,1022.0,3.0
2021-01-05 09:46:03.731,0.8147,0.8108,34.0,0.8044,34.0,1022.0,3.0
2021-01-05 09:46:04.171,0.8147,0.8108,34.0,0.8044,34.0,1022.0,3.0
2021-01-05 09:46:04.571,0.8147,0.8108,34.0,0.8044,34.0,1022.0,3.0
2021-01-05 09:46:05.691,0.8147,0.8108,34.0,0.8044,34.0,1022.0,3.0
2021-01-05 09:46:06.221,0.8147,0.8108,34.0,0.8044,34.0,1022.0,3.0
2021-01-05 09:46:06.690,0.8147,0.8108,34.0,0.8044,35.0,1022.0,3.0
2021-01-05 09:46:07.231,0.8147,0.8108,34.0,0.8044,34.0,1022.0,3.0
2021-01-05 09:46:09.181,0.8147,0.8108,34.0,0.8044,35.0,1022.0,3.0
2021-01-05 09:46:09.600,0.8147,0.8108,34.0,0.8044,34.0,1022.0,3.0
2021-01-05 09:46:10.221,0.8147,0.8108,34.0,0.8057,10.0,1022.0,3.0
2021-01-05 09:46:10.720,0.8147,0.8108,34.0,0.8057,30.0,1022.0,3.0
2021-01-05 09:46:11.671,0.8147,0.8108,34.0,0.8057,30.0,1022.0,3.0
2021-01-05 09:46:12.190,0.8147,0.8108,34.0,0.8057,30.0,1022.0,3.0
2021-01-05 09:46:13.200,0.8147,0.8108,20.0,0.8057,30.0,1022.0,3.0
2021-01-05 09:46:13.681,0.8147,0.8108,20.0,0.8057,31.0,1022.0,3.0
2021-01-05 09:46:14.230,0.8147,0.8118,30.0,0.8057,31.0,1022.0,3.0
2021-01-05 09:46:15.231,0.8147,0.8118,30.0,0.8057,30.0,1022.0,3.0
2021-01-05 09:46:15.730,0.8147,0.8118,30.0,0.8057,31.0,1022.0,3.0
2021-01-05 09:46:16.201,0.8147,0.8118,30.0,0.8057,30.0,1022.0,3.0
2021-01-05 09:46:17.221,0.8147,0.8118,30.0,0.8057,30.0,1022.0,3.0
2021-01-05 09:46:19.171,0.8147,0.8118,30.0,0.8057,31.0,1022.0,3.0
2021-01-05 09:46:19.661,0.8147,0.8118,30.0,0.8057,30.0,1022.0,3.0
2021-01-05 09:46:20.210,0.8147,0.8118,20.0,0.8057,20.0,1022.0,3.0
2021-01-05 09:46:20.731,0.8147,0.8118,20.0,0.8057,20.0,1022.0,3.0
2021-01-05 09:46:22.220,0.8147,0.8118,20.0,0.8057,20.0,1022.0,3.0
2021-01-05 09:46:22.690,0.8147,0.8118,20.0,0.8057,20.0,1022.0,3.0
2021-01-05 09:46:23.201,0.8147,0.8118,20.0,0.8057,21.0,1022.0,3.0
2021-01-05 09:46:24.221,0.8147,0.8118,20.0,0.8057,20.0,1022.0,3.0
2021-01-05 09:46:25.211,0.8147,0.8118,20.0,0.8057,20.0,1022.0,3.0
2021-01-05 09:46:25.651,0.8147,0.8118,20.0,0.8057,20.0,1022.0,3.0
2021-01-05 09:46:26.711,0.8147,0.8118,20.0,0.8057,21.0,1022.0,3.0
2021-01-05 09:46:27.201,0.8147,0.8118,20.0,0.8057,21.0,1022.0,3.0
2021-01-05 09:46:27.720,0.8147,0.8118,20.0,0.8057,20.0,1022.0,3.0
2021-01-05 09:46:28.200,0.8147,0.8118,20.0,0.8057,21.0,1022.0,3.0
2021-01-05 09:46:29.151,0.8147,0.8118,20.0,0.8057,21.0,1022.0,3.0
2021-01-05 09:46:29.710,0.8147,0.8118,20.0,0.8057,20.0,1022.0,3.0
2021-01-05 09:46:30.211,0.8147,0.8118,20.0,0.8057,21.0,1022.0,3.0
2021-01-05 09:46:32.100,0.8147,0.8118,20.0,0.8057,20.0,1022.0,3.0
2021-01-05 09:46:32.701,0.8147,0.8118,20.0,0.8057,20.0,1022.0,3.0
2021-01-05 09:46:33.210,0.8147,0.8118,20.0,0.8057,21.0,1022.0,3.0
2021-01-05 09:46:33.660,0.8147,0.8118,20.0,0.8057,23.0,1022.0,3.0
2021-01-05 09:46:34.691,0.8147,0.8118,20.0,0.8057,22.0,1022.0,3.0
2021-01-05 09:46:35.231,0.8147,0.8118,20.0,0.8067,14.0,1022.0,3.0
2021-01-05 09:46:35.721,0.8147,0.8118,20.0,0.8067,14.0,1022.0,3.0
2021-01-05 09:46:36.221,0.8147,0.8118,20.0,0.8067,14.0,1022.0,3.0
2021-01-05 09:46:36.221,0.8147,0.8118,20.0,0.8067,34.0,1022.0,3.0
2021-01-05 09:46:37.750,0.8147,0.8118,20.0,0.8067,34.0,1022.0,3.0
2021-01-05 09:46:38.201,0.8147,0.8115,14.0,0.8067,20.0,1022.0,3.0
2021-01-05 09:46:38.741,0.8147,0.8114,10.0,0.8067,20.0,1022.0,3.0
2021-01-05 09:46:39.210,0.8147,0.8114,10.0,0.8057,20.0,1022.0,3.0
2021-01-05 09:46:40.230,0.8147,0.8114,10.0,0.8057,20.0,1022.0,3.0
2021-01-05 09:46:40.230,0.8147,0.8114,10.0,0.8057,20.0,1022.0,3.0
2021-01-05 09:46:41.250,0.8147,0.8114,10.0,0.8057,20.0,1022.0,3.0
2021-01-05 09:46:41.730,0.8147,0.8114,10.0,0.8057,20.0,1022.0,3.0
2021-01-05 09:46:42.230,0.8147,0.8114,10.0,0.8057,20.0,1022.0,3.0
2021-01-05 09:46:45.711,0.8147,0.8114,10.0,0.8057,20.0,1022.0,3.0
2021-01-05 09:46:46.251,0.8147,0.8114,10.0,0.8057,20.0,1022.0,3.0
2021-01-05 09:46:46.671,0.8147,0.8115,14.0,0.8058,2.0,1022.0,3.0
2021-01-05 09:46:47.701,0.8147,0.8115,14.0,0.8058,2.0,1022.0,3.0
2021-01-05 09:46:49.251,0.8147,0.8115,14.0,0.8058,2.0,1022.0,3.0
2021-01-05 09:46:49.730,0.8147,0.8115,14.0,0.8058,2.0,1022.0,3.0
2021-01-05 09:46:51.261,0.8147,0.8115,14.0,0.8058,2.0,1022.0,3.0
2021-01-05 09:46:51.731,0.8147,0.8115,14.0,0.8058,2.0,1022.0,3.0
2021-01-05 09:46:52.711,0.8147,0.8115,14.0,0.8058,2.0,1022.0,3.0
2021-01-05 09:46:53.201,0.8147,0.8115,14.0,0.8057,20.0,1022.0,3.0
2021-01-05 09:46:53.681,0.8147,0.8115,14.0,0.8057,20.0,1022.0,3.0
2021-01-05 09:46:54.221,0.8147,0.8115,14.0,0.8057,20.0,1022.0,3.0
2021-01-05 09:46:54.701,0.8147,0.8115,14.0,0.8057,20.0,1022.0,3.0
2021-01-05 09:46:56.221,0.8147,0.8115,14.0,0.8057,20.0,1022.0,3.0
2021-01-05 09:46:56.711,0.8147,0.8115,14.0,0.806,10.0,1022.0,3.0
2021-01-05 09:46:57.080,0.8147,0.8115,14.0,0.806,10.0,1022.0,3.0
2021-01-05 09:46:57.641,0.8147,0.8115,14.0,0.806,10.0,1022.0,3.0
2021-01-05 09:46:58.131,0.8147,0.8115,14.0,0.806,10.0,1022.0,3.0
2021-01-05 09:46:58.720,0.8147,0.8115,14.0,0.806,10.0,1022.0,3.0
2021-01-05 09:46:59.191,0.8147,0.8115,14.0,0.806,10.0,1022.0,3.0
2021-01-05 09:47:00.741,0.8147,0.8115,14.0,0.806,10.0,1022.0,3.0
2021-01-05 09:47:01.210,0.8147,0.8115,14.0,0.806,10.0,1022.0,3.0
2021-01-05 09:47:01.721,0.8147,0.8103,14.0,0.8057,20.0,1022.0,3.0
2021-01-05 09:47:02.230,0.8147,0.8103,34.0,0.8048,34.0,1022.0,3.0
2021-01-05 09:47:02.741,0.8147,0.8103,34.0,0.8048,34.0,1022.0,3.0
2021-01-05 09:47:03.220,0.8147,0.8103,14.0,0.8048,14.0,1022.0,3.0
2021-01-05 09:47:03.740,0.8147,0.8103,34.0,0.8048,14.0,1022.0,3.0
2021-01-05 09:47:04.211,0.8147,0.8103,34.0,0.8048,14.0,1022.0,3.0
2021-01-05 09:47:05.250,0.8147,0.8102,1.0,0.8048,14.0,1022.0,3.0
2021-01-05 09:47:05.750,0.8147,0.8102,1.0,0.8048,14.0,1022.0,3.0
2021-01-05 09:47:06.251,0.8147,0.8091,14.0,0.8041,20.0,1022.0,3.0
2021-01-05 09:47:06.491,0.8147,0.8091,14.0,0.8041,20.0,1022.0,3.0
2021-01-05 09:47:07.221,0.8147,0.8091,34.0,0.8041,20.0,1022.0,3.0
2021-01-05 09:47:07.740,0.8147,0.8091,34.0,0.8036,14.0,1022.0,3.0
2021-01-05 09:47:08.230,0.8147,0.8091,34.0,0.8036,14.0,1022.0,3.0
2021-01-05 09:47:09.751,0.8147,0.8079,14.0,0.8031,20.0,1022.0,3.0
2021-01-05 09:47:10.260,0.8147,0.8079,34.0,0.8031,20.0,1022.0,3.0
2021-01-05 09:47:10.721,0.8147,0.8079,34.0,0.8031,20.0,1022.0,3.0
2021-01-05 09:47:11.250,0.8147,0.8079,34.0,0.8023,14.0,1022.0,3.0
2021-01-05 09:47:11.751,0.8147,0.8079,34.0,0.8023,14.0,1022.0,3.0
2021-01-05 09:47:12.731,0.8147,0.8078,10.0,0.8023,14.0,1022.0,3.0
2021-01-05 09:47:13.201,0.8147,0.8078,10.0,0.8023,14.0,1022.0,3.0
2021-01-05 09:47:14.220,0.8147,0.8078,10.0,0.8023,14.0,1022.0,3.0
2021-01-05 09:47:14.721,0.8147,0.8078,10.0,0.8023,14.0,1022.0,3.0
2021-01-05 09:47:15.701,0.8147,0.8078,10.0,0.8023,14.0,1022.0,3.0
2021-01-05 09:47:16.731,0.8147,0.8078,10.0,0.8023,14.0,1022.0,3.0
2021-01-05 09:47:17.251,0.8147,0.8078,10.0,0.8023,14.0,1022.0,3.0
2021-01-05 09:47:17.760,0.8147,0.8078,10.0,0.8023,14.0,1022.0,3.0
2021-01-05 09:47:18.221,0.8147,0.8078,10.0,0.8023,14.0,1022.0,3.0
2021-01-05 09:47:18.621,0.8147,0.8078,10.0,0.8023,14.0,1022.0,3.0
2021-01-05 09:47:19.111,0.8147,0.8064,14.0,0.8018,10.0,1022.0,3.0
2021-01-05 09:47:19.731,0.8147,0.8064,34.0,0.8018,10.0,1022.0,3.0
2021-01-05 09:47:20.761,0.8147,0.8064,34.0,0.8018,10.0,1022.0,3.0
2021-01-05 09:47:21.760,0.8147,0.8058,10.0,0.8008,34.0,1022.0,3.0
2021-01-05 09:47:22.240,0.8147,0.8058,10.0,0.8008,34.0,1022.0,3.0
2021-01-05 09:47:22.580,0.8147,0.8058,10.0,0.8008,34.0,1022.0,3.0
2021-01-05 09:47:23.151,0.8147,0.8058,10.0,0.8008,34.0,1022.0,3.0
2021-01-05 09:47:23.710,0.8147,0.8058,10.0,0.8008,34.0,1022.0,3.0
2021-01-05 09:47:23.710,0.8147,0.8058,10.0,0.8008,34.0,1022.0,3.0
2021-01-05 09:47:25.241,0.8147,0.8058,10.0,0.8008,34.0,1022.0,3.0
2021-01-05 09:47:25.710,0.8147,0.8058,10.0,0.8008,34.0,1022.0,3.0
2021-01-05 09:47:26.680,0.8147,0.8058,10.0,0.8008,34.0,1022.0,3.0
2021-01-05 09:47:27.721,0.8147,0.8058,10.0,0.8008,14.0,1022.0,3.0
2021-01-05 09:47:28.230,0.8147,0.8053,14.0,0.7998,20.0,1022.0,3.0
2021-01-05 09:47:28.710,0.8147,0.8053,34.0,0.7998,20.0,1022.0,3.0
2021-01-05 09:47:29.181,0.8147,0.8053,34.0,0.7998,20.0,1022.0,3.0
2021-01-05 09:47:30.720,0.8147,0.8053,34.0,0.7998,20.0,1022.0,3.0
2021-01-05 09:47:31.181,0.8147,0.8053,34.0,0.7998,20.0,1022.0,3.0
2021-01-05 09:47:34.231,0.8147,0.8053,34.0,0.7998,20.0,1022.0,3.0
2021-01-05 09:47:34.750,0.8147,0.8053,34.0,0.7998,20.0,1022.0,3.0
2021-01-05 09:47:35.221,0.8147,0.8053,34.0,0.7998,20.0,1022.0,3.0
2021-01-05 09:47:35.740,0.8147,0.8053,34.0,0.7998,20.0,1022.0,3.0
2021-01-05 09:47:36.241,0.8147,0.8053,34.0,0.7998,20.0,1022.0,3.0
2021-01-05 09:47:36.721,0.8147,0.8053,34.0,0.7998,20.0,1022.0,3.0
2021-01-05 09:47:37.031,0.8147,0.8053,34.0,0.7998,20.0,1022.0,3.0
2021-01-05 09:47:37.251,0.8147,0.8053,34.0,0.7998,20.0,1022.0,3.0
2021-01-05 09:47:38.260,0.8147,0.8053,34.0,0.7998,20.0,1022.0,3.0
2021-01-05 09:47:38.700,0.8147,0.8053,34.0,0.7998,20.0,1022.0,3.0
2021-01-05 09:47:39.261,0.8147,0.8053,34.0,0.7998,20.0,1022.0,3.0
2021-01-05 09:47:39.751,0.8147,0.8053,34.0,0.7998,20.0,1022.0,3.0
2021-01-05 09:47:40.260,0.8147,0.8053,34.0,0.7998,20.0,1022.0,3.0
2021-01-05 09:47:40.761,0.8147,0.8053,34.0,0.7998,20.0,1022.0,3.0
2021-01-05 09:47:41.261,0.8147,0.8053,34.0,0.7998,20.0,1022.0,3.0
2021-01-05 09:47:41.731,0.8147,0.8053,34.0,0.7998,20.0,1022.0,3.0
2021-01-05 09:47:41.731,0.8147,0.8053,34.0,0.7998,20.0,1022.0,3.0
2021-01-05 09:47:42.761,0.8147,0.8053,34.0,0.7998,20.0,1022.0,3.0
2021-01-05 09:47:46.260,0.8147,0.8053,34.0,0.7997,14.0,1022.0,3.0
2021-01-05 09:47:47.270,0.8147,0.8053,34.0,0.7997,14.0,1022.0,3.0
2021-01-05 09:47:49.260,0.8147,0.8053,34.0,0.7997,34.0,1022.0,3.0
2021-01-05 09:47:49.771,0.8147,0.8053,34.0,0.7997,34.0,1022.0,3.0
2021-01-05 09:47:50.271,0.8147,0.8053,34.0,0.7997,34.0,1022.0,3.0
2021-01-05 09:47:50.751,0.8147,0.8053,34.0,0.7997,34.0,1022.0,3.0
2021-01-05 09:47:51.270,0.8147,0.8053,34.0,0.7997,34.0,1022.0,3.0
2021-01-05 09:47:51.781,0.8147,0.8053,20.0,0.7998,2.0,1022.0,3.0
2021-01-05 09:47:52.271,0.8147,0.8053,20.0,0.801,14.0,1022.0,3.0
2021-01-05 09:47:52.271,0.8147,0.8064,20.0,0.801,14.0,1022.0,3.0
2021-01-05 09:47:53.231,0.8147,0.8064,20.0,0.801,34.0,1022.0,3.0
2021-01-05 09:47:54.230,0.8147,0.8066,34.0,0.801,14.0,1022.0,3.0
2021-01-05 09:47:54.741,0.8147,0.8066,34.0,0.801,14.0,1022.0,3.0
2021-01-05 09:47:55.241,0.8147,0.8066,34.0,0.801,14.0,1022.0,3.0
2021-01-05 09:47:55.740,0.8147,0.8066,34.0,0.801,14.0,1022.0,3.0
2021-01-05 09:47:56.251,0.8147,0.8066,34.0,0.801,14.0,1022.0,3.0
2021-01-05 09:47:57.250,0.8147,0.8066,34.0,0.801,14.0,1022.0,3.0
2021-01-05 09:47:57.750,0.8147,0.8066,34.0,0.801,14.0,1022.0,3.0
2021-01-05 09:47:57.750,0.8147,0.8066,20.0,0.8005,10.0,1022.0,3.0
2021-01-05 09:47:58.261,0.8147,0.8055,14.0,0.8005,10.0,1022.0,3.0
2021-01-05 09:47:59.200,0.8147,0.8055,14.0,0.8005,10.0,1022.0,3.0
2021-01-05 09:48:00.791,0.8147,0.8055,14.0,0.8005,10.0,1022.0,3.0
2021-01-05 09:48:01.261,0.8147,0.8055,14.0,0.8005,10.0,1022.0,3.0
2021-01-05 09:48:01.791,0.8147,0.8055,14.0,0.8005,10.0,1022.0,3.0
2021-01-05 09:48:02.260,0.8147,0.8055,34.0,0.8005,10.0,1022.0,3.0
2021-01-05 09:48:02.781,0.8147,0.8055,20.0,0.7991,20.0,1022.0,3.0
2021-01-05 09:48:03.261,0.8147,0.8042,14.0,0.7986,14.0,1022.0,3.0
2021-01-05 09:48:03.791,0.8147,0.8042,34.0,0.7986,14.0,1022.0,3.0
2021-01-05 09:48:04.790,0.8147,0.8042,34.0,0.7986,14.0,1022.0,3.0
2021-01-05 09:48:05.261,0.8147,0.8042,34.0,0.7986,14.0,1022.0,3.0
2021-01-05 09:48:05.760,0.8147,0.8042,34.0,0.7986,14.0,1022.0,3.0
2021-01-05 09:48:06.291,0.8147,0.8042,34.0,0.7986,14.0,1022.0,3.0
2021-01-05 09:48:06.781,0.8147,0.8042,34.0,0.7986,14.0,1022.0,3.0
2021-01-05 09:48:07.760,0.8147,0.8042,34.0,0.7986,14.0,1022.0,3.0
2021-01-05 09:48:08.281,0.8147,0.8042,34.0,0.7986,14.0,1022.0,3.0
2021-01-05 09:48:09.291,0.8147,0.8042,34.0,0.7986,14.0,1022.0,3.0
2021-01-05 09:48:09.751,0.8147,0.8042,34.0,0.7986,14.0,1022.0,3.0
2021-01-05 09:48:10.171,0.8147,0.8042,34.0,0.7986,14.0,1022.0,3.0
2021-01-05 09:48:10.801,0.8147,0.8042,20.0,0.7978,20.0,1022.0,3.0
2021-01-05 09:48:11.291,0.8147,0.803,14.0,0.7978,20.0,1022.0,3.0
2021-01-05 09:48:11.781,0.8147,0.803,34.0,0.7978,20.0,1022.0,3.0
2021-01-05 09:48:12.751,0.8147,0.803,34.0,0.7978,22.0,1022.0,3.0
2021-01-05 09:48:13.760,0.8147,0.803,20.0,0.7987,14.0,1022.0,3.0
2021-01-05 09:48:14.300,0.8147,0.8041,14.0,0.7987,34.0,1022.0,3.0
2021-01-05 09:48:14.791,0.8147,0.8041,34.0,0.7987,34.0,1022.0,3.0
2021-01-05 09:48:15.260,0.8147,0.8041,34.0,0.7988,2.0,1022.0,3.0
2021-01-05 09:48:15.831,0.8147,0.8041,20.0,0.7988,2.0,1022.0,3.0
2021-01-05 09:48:16.321,0.8147,0.8041,20.0,0.7998,14.0,1022.0,3.0
2021-01-05 09:48:16.321,0.8147,0.8045,20.0,0.7998,34.0,1022.0,3.0
2021-01-05 09:48:17.300,0.8147,0.8052,14.0,0.7998,34.0,1022.0,3.0
2021-01-05 09:48:18.330,0.8147,0.8052,14.0,0.7999,10.0,1022.0,3.0
2021-01-05 09:48:18.330,0.8147,0.8055,20.0,0.7999,11.0,1022.0,3.0
2021-01-05 09:48:18.841,0.8147,0.8063,14.0,0.8009,14.0,1022.0,3.0
2021-01-05 09:48:19.800,0.8147,0.8063,34.0,0.8009,34.0,1022.0,3.0
2021-01-05 09:48:20.311,0.8147,0.8063,34.0,0.8009,34.0,1022.0,3.0
2021-01-05 09:48:20.791,0.8147,0.8063,34.0,0.8009,34.0,1022.0,3.0
2021-01-05 09:48:21.340,0.8147,0.8063,34.0,0.8009,34.0,1022.0,3.0
2021-01-05 09:48:21.800,0.8147,0.8063,34.0,0.8009,34.0,1022.0,3.0
2021-01-05 09:48:22.301,0.8147,0.8063,34.0,0.8009,34.0,1022.0,3.0
2021-01-05 09:48:22.731,0.8147,0.8063,34.0,0.8009,34.0,1022.0,3.0
2021-01-05 09:48:23.021,0.8147,0.8063,34.0,0.8009,34.0,1022.0,3.0
2021-01-05 09:48:23.730,0.8147,0.8063,34.0,0.8009,34.0,1022.0,3.0
2021-01-05 09:48:24.731,0.8147,0.8063,34.0,0.8009,34.0,1022.0,3.0
2021-01-05 09:48:26.101,0.8147,0.8063,34.0,0.8009,34.0,1022.0,3.0
2021-01-05 09:48:26.621,0.8147,0.8063,34.0,0.8028,10.0,1022.0,3.0
2021-01-05 09:48:27.181,0.8147,0.8063,34.0,0.8028,10.0,1022.0,3.0
2021-01-05 09:48:27.701,0.8147,0.8063,34.0,0.8028,10.0,1022.0,3.0
2021-01-05 09:48:28.181,0.8147,0.8078,14.0,0.8028,10.0,1022.0,3.0
2021-01-05 09:48:28.731,0.8147,0.8073,20.0,0.8028,10.0,1022.0,3.0
2021-01-05 09:48:29.121,0.8147,0.8073,20.0,0.8028,10.0,1022.0,3.0
2021-01-05 09:48:30.210,0.8147,0.8073,20.0,0.8028,10.0,1022.0,3.0
2021-01-05 09:48:31.140,0.8147,0.8073,20.0,0.8028,10.0,1022.0,3.0
2021-01-05 09:48:32.200,0.8147,0.8085,20.0,0.8034,14.0,1022.0,3.0
2021-01-05 09:48:32.700,0.8147,0.8085,20.0,0.8034,14.0,1022.0,3.0
2021-01-05 09:48:33.190,0.8147,0.8085,20.0,0.8034,34.0,1022.0,3.0
2021-01-05 09:48:33.680,0.8147,0.8085,20.0,0.8034,34.0,1022.0,3.0
2021-01-05 09:48:36.730,0.8147,0.8085,20.0,0.8034,34.0,1022.0,3.0
2021-01-05 09:48:37.211,0.8147,0.8085,20.0,0.8034,14.0,1022.0,3.0
2021-01-05 09:48:37.491,0.8147,0.8085,20.0,0.8034,14.0,1022.0,3.0
2021-01-05 09:48:38.211,0.8147,0.8085,20.0,0.8034,14.0,1022.0,3.0
2021-01-05 09:48:38.690,0.8147,0.8084,1.0,0.8034,14.0,1022.0,3.0
2021-01-05 09:48:41.231,0.8147,0.8084,1.0,0.8034,14.0,1022.0,3.0
2021-01-05 09:48:42.100,0.8147,0.8085,20.0,0.8034,14.0,1022.0,3.0
2021-01-05 09:48:42.661,0.8147,0.8085,20.0,0.8034,14.0,1022.0,3.0
2021-01-05 09:48:44.701,0.8147,0.8085,20.0,0.8034,14.0,1022.0,3.0
2021-01-05 09:48:46.011,0.8147,0.8085,20.0,0.8034,14.0,1022.0,3.0
2021-01-05 09:48:46.510,0.8147,0.8085,20.0,0.8034,14.0,1022.0,3.0
2021-01-05 09:48:47.021,0.8147,0.8085,20.0,0.8034,14.0,1022.0,3.0
2021-01-05 09:48:47.511,0.8147,0.8085,20.0,0.8034,14.0,1022.0,3.0
2021-01-05 09:48:47.911,0.8147,0.8085,20.0,0.8034,14.0,1022.0,3.0
2021-01-05 09:48:48.330,0.8147,0.8085,20.0,0.8034,14.0,1022.0,3.0
2021-01-05 09:48:49.010,0.8147,0.8085,20.0,0.8034,14.0,1022.0,3.0
2021-01-05 09:48:49.361,0.8147,0.8085,20.0,0.8034,14.0,1022.0,3.0
2021-01-05 09:48:50.030,0.8147,0.8085,20.0,0.8034,14.0,1022.0,3.0
2021-01-05 09:48:51.031,0.8147,0.8085,20.0,0.8034,14.0,1022.0,3.0
2021-01-05 09:48:51.540,0.8147,0.8085,20.0,0.8034,14.0,1022.0,3.0
2021-01-05 09:48:52.020,0.8147,0.8085,20.0,0.8034,14.0,1022.0,3.0
2021-01-05 09:48:52.510,0.8147,0.8085,20.0,0.8044,14.0,1022.0,3.0
2021-01-05 09:48:52.700,0.8147,0.8098,14.0,0.8044,14.0,1022.0,3.0
2021-01-05 09:48:53.150,0.8147,0.8098,14.0,0.8044,14.0,1022.0,3.0
2021-01-05 09:48:53.691,0.8147,0.8098,34.0,0.8051,10.0,1022.0,3.0
2021-01-05 09:48:54.091,0.8147,0.8098,14.0,0.8051,10.0,1022.0,3.0
2021-01-05 09:48:54.550,0.8147,0.8098,34.0,0.8051,30.0,1022.0,3.0
