,last,ask1,asize1,bid1,bsize1,oi,volume
2021-01-05 09:25:00.080,,0.721,1.0,0.7087,1.0,3870.0,
2021-01-05 09:30:00.451,0.721,0.7478,1.0,0.7186,20.0,3871.0,1.0
2021-01-05 09:30:00.991,0.721,0.7553,1.0,0.71,1.0,3871.0,1.0
2021-01-05 09:30:01.481,0.721,0.7229,10.0,0.7166,10.0,3871.0,1.0
2021-01-05 09:30:01.800,0.721,0.7224,20.0,0.717,10.0,3871.0,1.0
2021-01-05 09:30:02.511,0.721,0.7211,20.0,0.7163,10.0,3871.0,1.0
2021-01-05 09:30:03.010,0.721,0.7211,20.0,0.717,10.0,3871.0,1.0
2021-01-05 09:30:03.471,0.721,0.7224,20.0,0.7169,20.0,3871.0,1.0
2021-01-05 09:30:03.980,0.721,0.7224,30.0,0.7169,20.0,3871.0,1.0
2021-01-05 09:30:04.430,0.721,0.7208,10.0,0.7158,20.0,3871.0,1.0
2021-01-05 09:30:05.010,0.721,0.7204,10.0,0.7147,20.0,3871.0,1.0
2021-01-05 09:30:05.481,0.721,0.72,10.0,0.7147,20.0,3871.0,1.0
2021-01-05 09:30:05.990,0.721,0.719,20.0,0.7137,20.0,3871.0,1.0
2021-01-05 09:30:06.480,0.721,0.7174,10.0,0.7122,20.0,3871.0,1.0
2021-01-05 09:30:06.971,0.721,0.7167,20.0,0.7111,20.0,3871.0,1.0
2021-01-05 09:30:07.471,0.721,0.7167,20.0,0.7107,10.0,3871.0,1.0
2021-01-05 09:30:08.001,0.721,0.7167,20.0,0.7107,20.0,3871.0,1.0
2021-01-05 09:30:08.520,0.721,0.7162,20.0,0.7108,10.0,3871.0,1.0
2021-01-05 09:30:08.960,0.721,0.7162,20.0,0.7108,20.0,3871.0,1.0
2021-01-05 09:30:09.490,0.721,0.7161,10.0,0.71,21.0,3871.0,1.0
2021-01-05 09:30:10.501,0.721,0.7155,10.0,0.71,21.0,3871.0,1.0
2021-01-05 09:30:11.000,0.721,0.7154,10.0,0.71,21.0,3871.0,1.0
2021-01-05 09:30:11.521,0.721,0.7148,10.0,0.71,21.0,3871.0,1.0
2021-01-05 09:30:11.980,0.721,0.7141,10.0,0.71,21.0,3871.0,1.0
2021-01-05 09:30:12.521,0.721,0.7141,20.0,0.71,21.0,3871.0,1.0
2021-01-05 09:30:12.900,0.721,0.7159,10.0,0.71,11.0,3871.0,1.0
2021-01-05 09:30:13.501,0.721,0.7159,20.0,0.7106,10.0,3871.0,1.0
2021-01-05 09:30:13.941,0.721,0.7161,10.0,0.7106,20.0,3871.0,1.0
2021-01-05 09:30:14.521,0.721,0.7161,20.0,0.71,21.0,3871.0,1.0
2021-01-05 09:30:15.040,0.721,0.7161,20.0,0.71,21.0,3871.0,1.0
2021-01-05 09:30:15.520,0.721,0.7161,20.0,0.71,31.0,3871.0,1.0
2021-01-05 09:30:15.991,0.721,0.7156,10.0,0.71,21.0,3871.0,1.0
2021-01-05 09:30:16.531,0.721,0.7156,20.0,0.7106,10.0,3871.0,1.0
2021-01-05 09:30:17.021,0.721,0.7161,20.0,0.7108,10.0,3871.0,1.0
2021-01-05 09:30:17.641,0.721,0.7169,20.0,0.7113,10.0,3871.0,1.0
2021-01-05 09:30:18.231,0.721,0.7189,10.0,0.7117,30.0,3871.0,1.0
2021-01-05 09:30:19.241,0.721,0.7191,10.0,0.7123,10.0,3871.0,1.0
2021-01-05 09:30:19.741,0.721,0.7191,10.0,0.7123,30.0,3871.0,1.0
2021-01-05 09:30:20.240,0.721,0.719,10.0,0.7127,10.0,3871.0,1.0
2021-01-05 09:30:20.740,0.721,0.7183,10.0,0.7123,20.0,3871.0,1.0
2021-01-05 09:30:21.241,0.721,0.7178,10.0,0.7123,20.0,3871.0,1.0
2021-01-05 09:30:21.741,0.721,0.7187,20.0,0.7118,10.0,3871.0,1.0
2021-01-05 09:30:22.240,0.721,0.7174,10.0,0.7117,20.0,3871.0,1.0
2021-01-05 09:30:22.671,0.721,0.7178,20.0,0.7115,10.0,3871.0,1.0
2021-01-05 09:30:23.170,0.721,0.7178,10.0,0.7111,20.0,3871.0,1.0
2021-01-05 09:30:23.670,0.721,0.7169,10.0,0.7111,20.0,3871.0,1.0
2021-01-05 09:30:24.140,0.721,0.7166,10.0,0.7111,20.0,3871.0,1.0
2021-01-05 09:30:24.661,0.721,0.7159,10.0,0.7103,20.0,3871.0,1.0
2021-01-05 09:30:25.160,0.721,0.7155,10.0,0.7103,20.0,3871.0,1.0
2021-01-05 09:30:25.671,0.721,0.7159,20.0,0.7103,20.0,3871.0,1.0
2021-01-05 09:30:26.670,0.721,0.7159,30.0,0.7103,20.0,3871.0,1.0
2021-01-05 09:30:27.170,0.721,0.7157,10.0,0.7103,20.0,3871.0,1.0
2021-01-05 09:30:27.671,0.721,0.7159,20.0,0.7103,20.0,3871.0,1.0
2021-01-05 09:30:28.161,0.721,0.7159,20.0,0.7103,20.0,3871.0,1.0
2021-01-05 09:30:29.150,0.721,0.7157,10.0,0.7103,20.0,3871.0,1.0
2021-01-05 09:30:30.620,0.721,0.7159,20.0,0.7103,20.0,3871.0,1.0
2021-01-05 09:30:31.121,0.721,0.7165,10.0,0.7107,10.0,3871.0,1.0
2021-01-05 09:30:31.661,0.721,0.7165,20.0,0.7108,10.0,3871.0,1.0
2021-01-05 09:30:32.140,0.721,0.7166,10.0,0.7108,30.0,3871.0,1.0
2021-01-05 09:30:32.631,0.721,0.717,20.0,0.7108,20.0,3871.0,1.0
2021-01-05 09:30:33.171,0.721,0.717,20.0,0.7108,20.0,3871.0,1.0
2021-01-05 09:30:33.651,0.721,0.7179,10.0,0.7109,10.0,3871.0,1.0
2021-01-05 09:30:34.141,0.721,0.7179,10.0,0.7109,30.0,3871.0,1.0
2021-01-05 09:30:34.670,0.721,0.7179,10.0,0.7109,30.0,3871.0,1.0
2021-01-05 09:30:36.170,0.7109,0.7169,10.0,0.7111,10.0,3871.0,3.0
2021-01-05 09:30:36.691,0.7109,0.7172,20.0,0.7114,10.0,3871.0,3.0
2021-01-05 09:30:37.171,0.7109,0.7179,10.0,0.7114,30.0,3871.0,3.0
2021-01-05 09:30:37.670,0.7109,0.7174,10.0,0.7114,20.0,3871.0,3.0
2021-01-05 09:30:38.141,0.7109,0.7174,30.0,0.7111,10.0,3871.0,3.0
2021-01-05 09:30:38.700,0.7109,0.7174,20.0,0.7117,10.0,3871.0,3.0
2021-01-05 09:30:39.201,0.7109,0.7174,20.0,0.7111,10.0,3871.0,3.0
2021-01-05 09:30:39.680,0.7109,0.7172,10.0,0.7113,10.0,3871.0,3.0
2021-01-05 09:30:40.170,0.7109,0.7174,20.0,0.7112,10.0,3871.0,3.0
2021-01-05 09:30:41.701,0.7109,0.7174,20.0,0.7112,10.0,3871.0,3.0
2021-01-05 09:30:42.181,0.7109,0.7174,20.0,0.7117,10.0,3871.0,3.0
2021-01-05 09:30:42.671,0.7109,0.7174,20.0,0.7122,10.0,3871.0,3.0
2021-01-05 09:30:43.180,0.7122,0.718,20.0,0.7123,10.0,3872.0,4.0
2021-01-05 09:30:43.681,0.7122,0.718,20.0,0.7123,10.0,3872.0,4.0
2021-01-05 09:30:44.181,0.7122,0.7185,30.0,0.7129,10.0,3872.0,4.0
2021-01-05 09:30:44.650,0.7122,0.7185,30.0,0.7129,30.0,3872.0,4.0
2021-01-05 09:30:45.161,0.7122,0.7185,30.0,0.7129,30.0,3872.0,4.0
2021-01-05 09:30:46.200,0.7122,0.7185,20.0,0.7132,10.0,3872.0,4.0
2021-01-05 09:30:47.191,0.7122,0.7195,10.0,0.7134,10.0,3872.0,4.0
2021-01-05 09:30:47.691,0.7122,0.7196,20.0,0.7146,10.0,3872.0,4.0
2021-01-05 09:30:48.200,0.7122,0.7203,30.0,0.7146,20.0,3872.0,4.0
2021-01-05 09:30:48.350,0.7146,0.7203,30.0,0.7146,19.0,3873.0,5.0
2021-01-05 09:30:49.210,0.7146,0.7201,10.0,0.7146,20.0,3873.0,5.0
2021-01-05 09:30:49.700,0.7146,0.7203,30.0,0.7145,10.0,3873.0,5.0
2021-01-05 09:30:50.171,0.7146,0.7203,30.0,0.715,10.0,3873.0,5.0
2021-01-05 09:30:50.720,0.7146,0.7201,10.0,0.7145,20.0,3873.0,5.0
2021-01-05 09:30:51.181,0.7146,0.7201,10.0,0.715,20.0,3873.0,5.0
2021-01-05 09:30:51.721,0.7146,0.7203,30.0,0.7145,20.0,3873.0,5.0
2021-01-05 09:30:52.221,0.7146,0.7203,30.0,0.7142,10.0,3873.0,5.0
2021-01-05 09:30:52.651,0.7146,0.7203,30.0,0.7147,10.0,3873.0,5.0
2021-01-05 09:30:53.120,0.7146,0.7203,30.0,0.715,10.0,3873.0,5.0
2021-01-05 09:30:53.660,0.7146,0.7203,30.0,0.7147,20.0,3873.0,5.0
2021-01-05 09:30:54.130,0.7146,0.7203,30.0,0.7147,30.0,3873.0,5.0
2021-01-05 09:30:54.670,0.7146,0.7203,30.0,0.7148,10.0,3873.0,5.0
2021-01-05 09:30:55.081,0.7146,0.7203,20.0,0.7154,10.0,3873.0,5.0
2021-01-05 09:30:55.671,0.7146,0.7213,20.0,0.7154,30.0,3873.0,5.0
2021-01-05 09:30:56.170,0.7146,0.7213,20.0,0.7155,10.0,3873.0,5.0
2021-01-05 09:30:56.660,0.7146,0.7213,20.0,0.7157,10.0,3873.0,5.0
2021-01-05 09:30:57.171,0.7146,0.7213,20.0,0.7157,10.0,3873.0,5.0
2021-01-05 09:30:57.600,0.7146,0.7213,20.0,0.7154,20.0,3873.0,5.0
2021-01-05 09:30:58.660,0.7146,0.7203,20.0,0.7154,20.0,3873.0,5.0
2021-01-05 09:30:59.171,0.7146,0.7203,20.0,0.7147,30.0,3873.0,5.0
2021-01-05 09:30:59.640,0.7146,0.7196,10.0,0.7147,20.0,3873.0,5.0
2021-01-05 09:31:00.161,0.7146,0.7192,20.0,0.7147,10.0,3873.0,5.0
2021-01-05 09:31:00.660,0.7146,0.7198,10.0,0.7147,20.0,3873.0,5.0
2021-01-05 09:31:01.140,0.7146,0.7192,20.0,0.7152,4.0,3873.0,5.0
2021-01-05 09:31:02.170,0.7146,0.7175,20.0,0.714,4.0,3873.0,5.0
2021-01-05 09:31:02.681,0.7146,0.718,20.0,0.714,4.0,3873.0,5.0
2021-01-05 09:31:03.131,0.7146,0.718,20.0,0.7125,10.0,3873.0,5.0
2021-01-05 09:31:03.680,0.7146,0.718,20.0,0.7136,4.0,3873.0,5.0
2021-01-05 09:31:04.181,0.7146,0.718,20.0,0.7124,10.0,3873.0,5.0
2021-01-05 09:31:04.671,0.7146,0.718,20.0,0.713,4.0,3873.0,5.0
2021-01-05 09:31:05.190,0.7146,0.7174,20.0,0.713,4.0,3873.0,5.0
2021-01-05 09:31:06.160,0.7146,0.718,20.0,0.7132,10.0,3873.0,5.0
2021-01-05 09:31:06.650,0.7146,0.718,20.0,0.7134,4.0,3873.0,5.0
2021-01-05 09:31:07.190,0.7146,0.7193,20.0,0.7134,34.0,3873.0,5.0
2021-01-05 09:31:07.670,0.7146,0.7193,20.0,0.7137,10.0,3873.0,5.0
2021-01-05 09:31:07.951,0.7146,0.7193,20.0,0.7142,4.0,3873.0,5.0
2021-01-05 09:31:08.600,0.7146,0.7193,20.0,0.7153,10.0,3873.0,5.0
2021-01-05 09:31:09.051,0.7146,0.7193,20.0,0.7154,4.0,3873.0,5.0
2021-01-05 09:31:09.261,0.7146,0.7198,20.0,0.7154,4.0,3873.0,5.0
2021-01-05 09:31:10.200,0.7146,0.7198,20.0,0.7154,4.0,3873.0,5.0
2021-01-05 09:31:10.690,0.7146,0.7198,20.0,0.7154,4.0,3873.0,5.0
2021-01-05 09:31:11.170,0.7146,0.7198,20.0,0.7154,4.0,3873.0,5.0
2021-01-05 09:31:11.701,0.7146,0.7198,20.0,0.7154,4.0,3873.0,5.0
2021-01-05 09:31:12.171,0.7146,0.7198,20.0,0.7154,4.0,3873.0,5.0
2021-01-05 09:31:12.711,0.7146,0.7197,10.0,0.7154,4.0,3873.0,5.0
2021-01-05 09:31:13.170,0.7146,0.7198,20.0,0.7154,4.0,3873.0,5.0
2021-01-05 09:31:13.710,0.7146,0.7198,20.0,0.7154,4.0,3873.0,5.0
2021-01-05 09:31:14.690,0.7146,0.7198,20.0,0.7148,20.0,3873.0,5.0
2021-01-05 09:31:15.110,0.7146,0.7193,20.0,0.7148,20.0,3873.0,5.0
2021-01-05 09:31:15.710,0.7146,0.7193,20.0,0.7136,30.0,3873.0,5.0
2021-01-05 09:31:15.821,0.7146,0.7193,20.0,0.7146,4.0,3873.0,5.0
2021-01-05 09:31:16.711,0.7146,0.7193,20.0,0.7146,24.0,3873.0,5.0
2021-01-05 09:31:17.201,0.7146,0.7198,20.0,0.7146,24.0,3873.0,5.0
2021-01-05 09:31:18.171,0.7146,0.7203,20.0,0.7146,23.0,3873.0,6.0
2021-01-05 09:31:18.691,0.7146,0.7186,1.0,0.7154,10.0,3873.0,6.0
2021-01-05 09:31:19.150,0.7146,0.7186,20.0,0.716,13.0,3873.0,6.0
2021-01-05 09:31:19.721,0.7146,0.721,10.0,0.716,23.0,3873.0,6.0
2021-01-05 09:31:20.161,0.7146,0.7198,5.0,0.716,23.0,3873.0,6.0
2021-01-05 09:31:20.630,0.7146,0.7194,1.0,0.716,23.0,3873.0,6.0
2021-01-05 09:31:21.221,0.7146,0.7194,1.0,0.716,3.0,3873.0,6.0
2021-01-05 09:31:21.671,0.7146,0.7194,1.0,0.7154,20.0,3873.0,6.0
2021-01-05 09:31:22.211,0.7146,0.7194,1.0,0.7145,20.0,3873.0,6.0
2021-01-05 09:31:22.620,0.7146,0.7194,1.0,0.7151,3.0,3873.0,6.0
2021-01-05 09:31:23.171,0.7146,0.7194,1.0,0.7151,3.0,3873.0,6.0
2021-01-05 09:31:23.640,0.7146,0.7194,1.0,0.7151,3.0,3873.0,6.0
2021-01-05 09:31:24.161,0.7146,0.7194,1.0,0.7151,3.0,3873.0,6.0
2021-01-05 09:31:24.660,0.7146,0.7194,1.0,0.7151,3.0,3873.0,6.0
2021-01-05 09:31:25.150,0.7146,0.7194,1.0,0.7151,3.0,3873.0,6.0
2021-01-05 09:31:25.640,0.7146,0.7194,1.0,0.7151,3.0,3873.0,6.0
2021-01-05 09:31:26.141,0.7146,0.7194,1.0,0.7151,3.0,3873.0,6.0
2021-01-05 09:31:26.681,0.7146,0.7194,1.0,0.7151,3.0,3873.0,6.0
2021-01-05 09:31:27.171,0.7146,0.7194,1.0,0.7151,3.0,3873.0,6.0
2021-01-05 09:31:27.601,0.7146,0.7194,1.0,0.7151,3.0,3873.0,6.0
2021-01-05 09:31:28.101,0.7146,0.7194,1.0,0.7151,3.0,3873.0,6.0
2021-01-05 09:31:28.610,0.7146,0.7194,1.0,0.7151,3.0,3873.0,6.0
2021-01-05 09:31:29.171,0.7146,0.7194,1.0,0.7151,3.0,3873.0,6.0
2021-01-05 09:31:30.170,0.7146,0.7194,1.0,0.7151,3.0,3873.0,6.0
2021-01-05 09:31:30.671,0.7146,0.7194,1.0,0.7151,3.0,3873.0,6.0
2021-01-05 09:31:31.150,0.7146,0.7194,1.0,0.7151,3.0,3873.0,6.0
2021-01-05 09:31:32.191,0.7146,0.7194,1.0,0.7151,3.0,3873.0,6.0
2021-01-05 09:31:32.671,0.7146,0.7194,1.0,0.7151,3.0,3873.0,6.0
2021-01-05 09:31:33.680,0.7146,0.7194,1.0,0.7151,3.0,3873.0,6.0
2021-01-05 09:31:34.181,0.7146,0.7194,1.0,0.7151,3.0,3873.0,6.0
2021-01-05 09:31:34.681,0.7146,0.7194,1.0,0.7151,3.0,3873.0,6.0
2021-01-05 09:31:35.190,0.7146,0.7194,1.0,0.7151,3.0,3873.0,6.0
2021-01-05 09:31:35.670,0.7146,0.7194,1.0,0.7151,3.0,3873.0,6.0
2021-01-05 09:31:36.181,0.7146,0.7194,1.0,0.7151,3.0,3873.0,6.0
2021-01-05 09:31:36.690,0.7146,0.7194,1.0,0.7151,3.0,3873.0,6.0
2021-01-05 09:31:37.191,0.7146,0.7194,1.0,0.7151,3.0,3873.0,6.0
2021-01-05 09:31:38.190,0.7146,0.7194,1.0,0.7151,3.0,3873.0,6.0
2021-01-05 09:31:39.210,0.7146,0.7194,1.0,0.7153,10.0,3873.0,6.0
2021-01-05 09:31:39.710,0.7146,0.7194,1.0,0.7158,3.0,3873.0,6.0
2021-01-05 09:31:40.200,0.7146,0.7194,1.0,0.7158,23.0,3873.0,6.0
2021-01-05 09:31:40.711,0.7146,0.7198,25.0,0.7165,10.0,3873.0,6.0
2021-01-05 09:31:41.191,0.7146,0.7198,25.0,0.7171,3.0,3873.0,6.0
2021-01-05 09:31:41.700,0.7146,0.7198,5.0,0.7171,23.0,3873.0,6.0
2021-01-05 09:31:42.211,0.7146,0.7198,5.0,0.7171,23.0,3873.0,6.0
2021-01-05 09:31:43.191,0.7146,0.7198,5.0,0.7171,23.0,3873.0,6.0
2021-01-05 09:31:43.690,0.7146,0.7197,1.0,0.7171,23.0,3873.0,6.0
2021-01-05 09:31:44.190,0.7146,0.7197,1.0,0.7171,3.0,3873.0,6.0
2021-01-05 09:31:44.691,0.7146,0.7197,1.0,0.716,20.0,3873.0,6.0
2021-01-05 09:31:45.170,0.7146,0.7197,1.0,0.7167,10.0,3873.0,6.0
2021-01-05 09:31:45.621,0.7146,0.7197,1.0,0.7169,3.0,3873.0,6.0
2021-01-05 09:31:46.071,0.7146,0.7198,5.0,0.7169,23.0,3873.0,6.0
2021-01-05 09:31:46.701,0.7146,0.7198,5.0,0.7169,23.0,3873.0,6.0
2021-01-05 09:31:47.191,0.7146,0.7198,5.0,0.7169,23.0,3873.0,6.0
2021-01-05 09:31:47.690,0.7146,0.7198,25.0,0.7169,23.0,3873.0,6.0
2021-01-05 09:31:48.691,0.7146,0.7198,5.0,0.7169,23.0,3873.0,6.0
2021-01-05 09:31:49.711,0.7146,0.7198,5.0,0.7175,10.0,3873.0,6.0
2021-01-05 09:31:50.151,0.7198,0.7204,20.0,0.7183,10.0,3873.0,11.0
2021-01-05 09:31:50.681,0.7198,0.7222,20.0,0.7185,3.0,3873.0,11.0
2021-01-05 09:31:51.210,0.7198,0.7215,1.0,0.7185,3.0,3873.0,11.0
2021-01-05 09:31:51.210,0.7198,0.7215,21.0,0.7185,3.0,3873.0,11.0
2021-01-05 09:31:52.220,0.7198,0.7215,20.0,0.7187,10.0,3873.0,11.0
2021-01-05 09:31:52.360,0.7198,0.7232,20.0,0.7193,3.0,3873.0,11.0
2021-01-05 09:31:53.171,0.7198,0.7229,1.0,0.7193,23.0,3873.0,11.0
2021-01-05 09:31:53.630,0.7198,0.7229,21.0,0.7194,10.0,3873.0,11.0
2021-01-05 09:31:54.151,0.7198,0.7229,21.0,0.7201,3.0,3873.0,11.0
2021-01-05 09:31:54.641,0.7198,0.7229,20.0,0.7201,23.0,3873.0,11.0
2021-01-05 09:31:55.150,0.7201,0.7245,30.0,0.7201,22.0,3873.0,12.0
2021-01-05 09:31:55.670,0.7201,0.7235,2.0,0.7201,22.0,3873.0,12.0
2021-01-05 09:31:56.110,0.7201,0.7235,22.0,0.7201,22.0,3873.0,12.0
2021-01-05 09:31:56.681,0.7201,0.7235,22.0,0.7201,22.0,3873.0,12.0
2021-01-05 09:31:57.171,0.7201,0.7235,22.0,0.7201,22.0,3873.0,12.0
2021-01-05 09:31:57.651,0.7201,0.7235,22.0,0.7201,22.0,3873.0,12.0
2021-01-05 09:31:58.171,0.7201,0.7235,22.0,0.7201,22.0,3873.0,12.0
2021-01-05 09:32:00.150,0.7201,0.7235,22.0,0.7201,22.0,3873.0,12.0
2021-01-05 09:32:00.650,0.7201,0.7235,22.0,0.7201,22.0,3873.0,12.0
2021-01-05 09:32:01.670,0.7201,0.7235,22.0,0.7201,22.0,3873.0,12.0
2021-01-05 09:32:02.171,0.7201,0.7235,22.0,0.7201,2.0,3873.0,12.0
2021-01-05 09:32:02.671,0.7201,0.7235,22.0,0.7193,20.0,3873.0,12.0
2021-01-05 09:32:03.180,0.7201,0.7235,22.0,0.7179,30.0,3873.0,12.0
2021-01-05 09:32:03.641,0.7201,0.7235,22.0,0.7186,2.0,3873.0,12.0
2021-01-05 09:32:04.150,0.7201,0.723,10.0,0.7186,2.0,3873.0,12.0
2021-01-05 09:32:04.630,0.7201,0.7214,2.0,0.7186,22.0,3873.0,12.0
2021-01-05 09:32:05.130,0.7201,0.7214,20.0,0.7186,22.0,3873.0,12.0
2021-01-05 09:32:05.660,0.7201,0.7235,20.0,0.7186,22.0,3873.0,12.0
2021-01-05 09:32:06.161,0.7201,0.7228,2.0,0.7192,10.0,3873.0,12.0
2021-01-05 09:32:06.651,0.7201,0.7228,22.0,0.7198,2.0,3873.0,12.0
2021-01-05 09:32:07.070,0.7201,0.7228,22.0,0.7186,20.0,3873.0,12.0
2021-01-05 09:32:07.570,0.7201,0.7228,22.0,0.7191,2.0,3873.0,12.0
2021-01-05 09:32:08.171,0.7201,0.7228,22.0,0.7191,2.0,3873.0,12.0
2021-01-05 09:32:08.670,0.7201,0.7228,22.0,0.7191,22.0,3873.0,12.0
2021-01-05 09:32:09.141,0.7201,0.7228,20.0,0.7193,10.0,3873.0,12.0
2021-01-05 09:32:09.681,0.7201,0.7228,20.0,0.7206,2.0,3873.0,12.0
2021-01-05 09:32:10.140,0.7201,0.7243,10.0,0.7191,20.0,3873.0,12.0
2021-01-05 09:32:10.601,0.7201,0.723,2.0,0.72,2.0,3873.0,12.0
2021-01-05 09:32:11.120,0.7201,0.723,22.0,0.72,2.0,3873.0,12.0
2021-01-05 09:32:11.650,0.7201,0.723,22.0,0.7198,20.0,3873.0,12.0
2021-01-05 09:32:12.161,0.7201,0.7205,5.0,0.7185,20.0,3873.0,12.0
2021-01-05 09:32:12.670,0.7201,0.7214,20.0,0.719,2.0,3873.0,12.0
2021-01-05 09:32:13.171,0.7201,0.723,22.0,0.719,2.0,3873.0,12.0
2021-01-05 09:32:13.680,0.7201,0.723,22.0,0.7201,1.0,3873.0,12.0
2021-01-05 09:32:14.660,0.7201,0.723,22.0,0.7201,1.0,3873.0,12.0
2021-01-05 09:32:15.171,0.7201,0.723,22.0,0.7201,1.0,3873.0,12.0
2021-01-05 09:32:16.551,0.7201,0.723,22.0,0.7201,1.0,3873.0,12.0
2021-01-05 09:32:17.161,0.7201,0.723,22.0,0.7201,1.0,3873.0,12.0
2021-01-05 09:32:17.651,0.7201,0.723,22.0,0.7201,1.0,3873.0,12.0
2021-01-05 09:32:18.130,0.7201,0.723,22.0,0.7202,2.0,3873.0,12.0
2021-01-05 09:32:18.670,0.7201,0.723,22.0,0.7202,2.0,3873.0,12.0
2021-01-05 09:32:19.150,0.7201,0.723,20.0,0.7202,2.0,3873.0,12.0
2021-01-05 09:32:19.640,0.7201,0.725,20.0,0.7202,2.0,3873.0,12.0
2021-01-05 09:32:20.151,0.7201,0.7237,2.0,0.7202,2.0,3873.0,12.0
2021-01-05 09:32:20.600,0.7201,0.7237,22.0,0.7202,2.0,3873.0,12.0
2021-01-05 09:32:21.171,0.7201,0.7237,22.0,0.7202,2.0,3873.0,12.0
2021-01-05 09:32:21.680,0.7201,0.7207,2.0,0.7201,1.0,3873.0,12.0
2021-01-05 09:32:22.181,0.7201,0.7209,20.0,0.7201,1.0,3873.0,12.0
2021-01-05 09:32:22.481,0.7201,0.7237,22.0,0.7188,20.0,3874.0,13.0
2021-01-05 09:32:22.971,0.7201,0.7237,22.0,0.7189,2.0,3874.0,13.0
2021-01-05 09:32:23.630,0.7201,0.7237,22.0,0.7189,2.0,3874.0,13.0
2021-01-05 09:32:24.160,0.7201,0.7237,22.0,0.7189,2.0,3874.0,13.0
2021-01-05 09:32:24.640,0.7201,0.7237,22.0,0.7189,2.0,3874.0,13.0
2021-01-05 09:32:25.170,0.7201,0.7237,22.0,0.7189,2.0,3874.0,13.0
2021-01-05 09:32:25.670,0.7201,0.7237,22.0,0.7189,2.0,3874.0,13.0
2021-01-05 09:32:26.171,0.7201,0.7237,22.0,0.7192,10.0,3874.0,13.0
2021-01-05 09:32:26.650,0.7201,0.7237,22.0,0.7207,2.0,3874.0,13.0
2021-01-05 09:32:27.670,0.7201,0.7237,22.0,0.7207,2.0,3874.0,13.0
2021-01-05 09:32:28.171,0.7201,0.7237,20.0,0.7207,2.0,3874.0,13.0
2021-01-05 09:32:28.630,0.7201,0.7242,30.0,0.7207,2.0,3874.0,13.0
2021-01-05 09:32:29.180,0.7201,0.7242,30.0,0.7207,2.0,3874.0,13.0
2021-01-05 09:32:30.171,0.7201,0.7241,2.0,0.7207,2.0,3874.0,13.0
2021-01-05 09:32:31.631,0.7201,0.7241,2.0,0.7207,2.0,3874.0,13.0
2021-01-05 09:32:32.121,0.7201,0.7241,2.0,0.7207,2.0,3874.0,13.0
2021-01-05 09:32:33.141,0.7201,0.7241,2.0,0.7207,2.0,3874.0,13.0
2021-01-05 09:32:33.671,0.7201,0.7241,2.0,0.7207,2.0,3874.0,13.0
2021-01-05 09:32:34.691,0.7201,0.7241,2.0,0.7207,2.0,3874.0,13.0
2021-01-05 09:32:35.170,0.7201,0.7241,2.0,0.7207,2.0,3874.0,13.0
2021-01-05 09:32:36.190,0.7201,0.7242,30.0,0.7207,2.0,3874.0,13.0
2021-01-05 09:32:36.691,0.7201,0.7238,2.0,0.7207,2.0,3874.0,13.0
2021-01-05 09:32:37.150,0.7201,0.7238,2.0,0.7207,2.0,3874.0,13.0
2021-01-05 09:32:38.190,0.7201,0.7238,2.0,0.7207,2.0,3874.0,13.0
2021-01-05 09:32:39.630,0.7201,0.7238,2.0,0.7207,2.0,3874.0,13.0
2021-01-05 09:32:40.151,0.7201,0.7238,2.0,0.7207,2.0,3874.0,13.0
2021-01-05 09:32:41.200,0.7201,0.7238,2.0,0.7207,2.0,3874.0,13.0
2021-01-05 09:32:41.690,0.7201,0.7238,2.0,0.7207,2.0,3874.0,13.0
2021-01-05 09:32:42.201,0.7201,0.7238,2.0,0.7207,2.0,3874.0,13.0
2021-01-05 09:32:42.700,0.7201,0.7238,2.0,0.7207,2.0,3874.0,13.0
2021-01-05 09:32:43.580,0.7201,0.7238,2.0,0.7207,2.0,3874.0,13.0
2021-01-05 09:32:44.700,0.7201,0.7238,2.0,0.7197,20.0,3874.0,13.0
2021-01-05 09:32:45.190,0.7201,0.7238,2.0,0.72,2.0,3874.0,13.0
2021-01-05 09:32:45.471,0.7201,0.7238,2.0,0.72,2.0,3874.0,13.0
2021-01-05 09:32:46.160,0.7201,0.7238,2.0,0.72,2.0,3874.0,13.0
2021-01-05 09:32:46.610,0.7201,0.7238,2.0,0.72,2.0,3874.0,13.0
2021-01-05 09:32:47.201,0.7201,0.7238,2.0,0.72,2.0,3874.0,13.0
2021-01-05 09:32:47.701,0.7201,0.7238,2.0,0.72,2.0,3874.0,13.0
2021-01-05 09:32:48.690,0.7201,0.7242,20.0,0.7205,10.0,3874.0,13.0
2021-01-05 09:32:49.190,0.7201,0.7256,30.0,0.7215,2.0,3874.0,13.0
2021-01-05 09:32:49.670,0.7201,0.7256,20.0,0.7215,22.0,3874.0,13.0
2021-01-05 09:32:50.171,0.7201,0.7258,10.0,0.7215,22.0,3874.0,13.0
2021-01-05 09:32:50.700,0.7201,0.7253,2.0,0.7218,10.0,3874.0,13.0
2021-01-05 09:32:51.170,0.7201,0.7253,2.0,0.7222,12.0,3874.0,13.0
2021-01-05 09:32:51.701,0.7201,0.7268,20.0,0.7237,10.0,3874.0,13.0
2021-01-05 09:32:52.191,0.7201,0.726,2.0,0.7237,20.0,3874.0,13.0
2021-01-05 09:32:52.671,0.7201,0.726,2.0,0.7219,10.0,3874.0,13.0
2021-01-05 09:32:53.040,0.7201,0.726,2.0,0.7223,2.0,3874.0,13.0
2021-01-05 09:32:53.641,0.7201,0.726,2.0,0.7223,20.0,3874.0,13.0
2021-01-05 09:32:54.181,0.7201,0.726,2.0,0.7215,20.0,3874.0,13.0
2021-01-05 09:32:54.671,0.7201,0.726,2.0,0.721,30.0,3874.0,13.0
2021-01-05 09:32:55.170,0.7201,0.726,2.0,0.7212,2.0,3874.0,13.0
2021-01-05 09:32:55.650,0.7201,0.726,2.0,0.7213,10.0,3874.0,13.0
2021-01-05 09:32:56.000,0.7201,0.726,2.0,0.7216,10.0,3874.0,13.0
2021-01-05 09:32:56.561,0.7201,0.726,2.0,0.7224,2.0,3874.0,13.0
2021-01-05 09:32:57.151,0.7201,0.726,2.0,0.7224,22.0,3874.0,13.0
2021-01-05 09:32:57.600,0.7201,0.726,2.0,0.7224,20.0,3874.0,13.0
2021-01-05 09:32:58.171,0.7201,0.726,2.0,0.7216,30.0,3874.0,13.0
2021-01-05 09:32:58.651,0.7201,0.726,2.0,0.7222,2.0,3874.0,13.0
2021-01-05 09:32:59.170,0.7201,0.726,2.0,0.7222,22.0,3874.0,13.0
2021-01-05 09:32:59.621,0.7201,0.726,2.0,0.7222,22.0,3874.0,13.0
2021-01-05 09:33:00.180,0.7201,0.726,2.0,0.7222,22.0,3874.0,13.0
2021-01-05 09:33:00.651,0.7201,0.726,2.0,0.7222,22.0,3874.0,13.0
2021-01-05 09:33:01.141,0.7201,0.726,2.0,0.7222,22.0,3874.0,13.0
2021-01-05 09:33:01.661,0.7201,0.726,2.0,0.7222,20.0,3874.0,13.0
2021-01-05 09:33:02.130,0.7201,0.726,2.0,0.7206,30.0,3874.0,13.0
2021-01-05 09:33:02.570,0.7201,0.726,2.0,0.7206,20.0,3874.0,13.0
2021-01-05 09:33:03.171,0.7201,0.7255,20.0,0.7206,20.0,3874.0,13.0
2021-01-05 09:33:03.681,0.7201,0.723,2.0,0.7206,20.0,3874.0,13.0
2021-01-05 09:33:04.140,0.7201,0.723,2.0,0.7202,10.0,3874.0,13.0
2021-01-05 09:33:04.630,0.7201,0.723,22.0,0.7202,10.0,3874.0,13.0
2021-01-05 09:33:05.181,0.7201,0.723,22.0,0.7202,10.0,3874.0,13.0
2021-01-05 09:33:05.690,0.7201,0.723,22.0,0.719,20.0,3874.0,13.0
2021-01-05 09:33:06.170,0.7201,0.723,22.0,0.7181,20.0,3874.0,13.0
2021-01-05 09:33:06.651,0.7201,0.723,22.0,0.7181,20.0,3874.0,13.0
2021-01-05 09:33:07.171,0.7201,0.723,22.0,0.7181,20.0,3874.0,13.0
2021-01-05 09:33:07.601,0.7201,0.723,22.0,0.7182,2.0,3874.0,13.0
2021-01-05 09:33:08.191,0.7201,0.723,22.0,0.7182,22.0,3874.0,13.0
2021-01-05 09:33:08.681,0.7201,0.723,22.0,0.7182,22.0,3874.0,13.0
2021-01-05 09:33:09.630,0.7201,0.723,22.0,0.7188,10.0,3874.0,13.0
2021-01-05 09:33:10.180,0.7201,0.723,22.0,0.7188,20.0,3874.0,13.0
2021-01-05 09:33:10.681,0.7201,0.723,22.0,0.719,2.0,3874.0,13.0
2021-01-05 09:33:11.670,0.7201,0.723,22.0,0.719,2.0,3874.0,13.0
2021-01-05 09:33:12.131,0.7201,0.723,22.0,0.719,2.0,3874.0,13.0
2021-01-05 09:33:12.650,0.7201,0.723,22.0,0.719,2.0,3874.0,13.0
2021-01-05 09:33:13.100,0.723,0.723,19.0,0.719,2.0,3874.0,16.0
2021-01-05 09:33:13.691,0.723,0.723,20.0,0.719,2.0,3874.0,16.0
2021-01-05 09:33:14.110,0.723,0.7241,20.0,0.719,2.0,3874.0,16.0
2021-01-05 09:33:15.651,0.723,0.7227,10.0,0.719,2.0,3874.0,16.0
2021-01-05 09:33:16.671,0.723,0.7226,20.0,0.7182,20.0,3874.0,16.0
2021-01-05 09:33:17.190,0.723,0.7226,20.0,0.7176,20.0,3874.0,16.0
2021-01-05 09:33:17.551,0.723,0.7224,10.0,0.7176,20.0,3874.0,16.0
2021-01-05 09:33:18.160,0.723,0.7214,10.0,0.717,20.0,3874.0,16.0
2021-01-05 09:33:18.680,0.723,0.7214,10.0,0.7179,4.0,3874.0,16.0
2021-01-05 09:33:19.191,0.723,0.7214,30.0,0.7179,4.0,3874.0,16.0
2021-01-05 09:33:19.591,0.723,0.7214,30.0,0.7165,20.0,3874.0,16.0
2021-01-05 09:33:20.171,0.723,0.7214,30.0,0.7174,4.0,3874.0,16.0
2021-01-05 09:33:20.551,0.723,0.7214,30.0,0.7174,4.0,3874.0,16.0
2021-01-05 09:33:21.160,0.723,0.7214,30.0,0.7169,20.0,3874.0,16.0
2021-01-05 09:33:21.681,0.723,0.7214,30.0,0.7171,4.0,3874.0,16.0
2021-01-05 09:33:22.440,0.723,0.7214,40.0,0.7166,20.0,3874.0,16.0
2021-01-05 09:33:23.051,0.723,0.7214,40.0,0.7158,20.0,3874.0,16.0
2021-01-05 09:33:23.641,0.723,0.7214,40.0,0.7162,4.0,3874.0,16.0
2021-01-05 09:33:24.171,0.723,0.7214,30.0,0.7162,4.0,3874.0,16.0
2021-01-05 09:33:24.651,0.723,0.7214,30.0,0.7162,14.0,3874.0,16.0
2021-01-05 09:33:25.541,0.723,0.7214,20.0,0.7165,10.0,3874.0,16.0
2021-01-05 09:33:26.161,0.723,0.722,10.0,0.7174,4.0,3874.0,16.0
2021-01-05 09:33:26.651,0.723,0.722,10.0,0.7174,4.0,3874.0,16.0
2021-01-05 09:33:27.171,0.723,0.7218,20.0,0.7174,4.0,3874.0,16.0
2021-01-05 09:33:27.681,0.723,0.7218,20.0,0.7174,4.0,3874.0,16.0
2021-01-05 09:33:28.180,0.723,0.7218,20.0,0.7174,24.0,3874.0,16.0
2021-01-05 09:33:28.670,0.723,0.7218,20.0,0.7174,24.0,3874.0,16.0
2021-01-05 09:33:29.171,0.723,0.7218,20.0,0.7174,4.0,3874.0,16.0
2021-01-05 09:33:30.180,0.723,0.7218,20.0,0.7174,4.0,3874.0,16.0
2021-01-05 09:33:30.670,0.723,0.7218,20.0,0.7174,4.0,3874.0,16.0
2021-01-05 09:33:36.681,0.723,0.7212,10.0,0.7174,4.0,3874.0,16.0
2021-01-05 09:33:37.190,0.723,0.7212,30.0,0.7165,20.0,3874.0,16.0
2021-01-05 09:33:37.640,0.723,0.7212,30.0,0.7159,30.0,3874.0,16.0
2021-01-05 09:33:38.110,0.723,0.7212,30.0,0.7163,4.0,3874.0,16.0
2021-01-05 09:33:39.641,0.723,0.7212,30.0,0.7163,4.0,3874.0,16.0
2021-01-05 09:33:40.160,0.723,0.7212,30.0,0.7163,4.0,3874.0,16.0
2021-01-05 09:33:40.690,0.723,0.7212,20.0,0.7163,4.0,3874.0,16.0
2021-01-05 09:33:41.161,0.723,0.7218,20.0,0.7164,10.0,3874.0,16.0
2021-01-05 09:33:41.691,0.723,0.7218,20.0,0.7176,4.0,3874.0,16.0
2021-01-05 09:33:42.160,0.723,0.7218,20.0,0.7176,4.0,3874.0,16.0
2021-01-05 09:33:42.640,0.723,0.7218,20.0,0.7176,24.0,3874.0,16.0
2021-01-05 09:33:43.180,0.723,0.7218,20.0,0.7176,4.0,3874.0,16.0
2021-01-05 09:33:43.681,0.723,0.7218,20.0,0.7177,10.0,3874.0,16.0
2021-01-05 09:33:44.110,0.723,0.7229,30.0,0.7189,4.0,3874.0,16.0
2021-01-05 09:33:44.671,0.723,0.7229,30.0,0.7189,4.0,3874.0,16.0
2021-01-05 09:33:45.180,0.723,0.7229,30.0,0.7185,20.0,3874.0,16.0
2021-01-05 09:33:45.660,0.723,0.7229,30.0,0.7171,30.0,3874.0,16.0
2021-01-05 09:33:46.100,0.723,0.7229,30.0,0.7185,4.0,3874.0,16.0
2021-01-05 09:33:46.671,0.723,0.7229,20.0,0.7185,24.0,3874.0,16.0
2021-01-05 09:33:47.191,0.723,0.7229,20.0,0.7185,24.0,3874.0,16.0
2021-01-05 09:33:49.051,0.723,0.7229,20.0,0.7187,10.0,3874.0,16.0
2021-01-05 09:33:49.681,0.723,0.7229,20.0,0.7199,4.0,3874.0,16.0
2021-01-05 09:33:50.040,0.723,0.7229,20.0,0.7199,24.0,3874.0,16.0
2021-01-05 09:33:50.570,0.723,0.7243,30.0,0.7199,24.0,3874.0,16.0
2021-01-05 09:33:51.531,0.723,0.7243,30.0,0.7199,24.0,3874.0,16.0
2021-01-05 09:33:52.190,0.723,0.7243,30.0,0.7199,20.0,3874.0,16.0
2021-01-05 09:33:52.661,0.723,0.7243,30.0,0.7186,10.0,3874.0,16.0
2021-01-05 09:33:52.960,0.723,0.7243,30.0,0.7197,4.0,3874.0,16.0
2021-01-05 09:33:53.650,0.723,0.7243,40.0,0.7197,4.0,3874.0,16.0
2021-01-05 09:33:54.180,0.723,0.7243,40.0,0.7197,4.0,3874.0,16.0
2021-01-05 09:33:54.610,0.723,0.7243,30.0,0.7197,4.0,3874.0,16.0
2021-01-05 09:33:55.650,0.723,0.7243,30.0,0.7197,4.0,3874.0,16.0
2021-01-05 09:33:57.171,0.723,0.7243,20.0,0.7197,4.0,3874.0,16.0
2021-01-05 09:33:57.671,0.723,0.7243,20.0,0.7197,4.0,3874.0,16.0
2021-01-05 09:33:58.170,0.723,0.7243,20.0,0.7199,10.0,3874.0,16.0
2021-01-05 09:33:58.591,0.723,0.7243,20.0,0.7208,4.0,3874.0,16.0
2021-01-05 09:33:59.140,0.723,0.7243,20.0,0.7208,24.0,3874.0,16.0
2021-01-05 09:33:59.590,0.723,0.7257,30.0,0.7208,24.0,3874.0,16.0
2021-01-05 09:34:00.191,0.723,0.7257,20.0,0.7209,10.0,3874.0,16.0
2021-01-05 09:34:00.451,0.723,0.7257,20.0,0.7219,4.0,3874.0,16.0
2021-01-05 09:34:01.081,0.723,0.7257,20.0,0.7219,24.0,3874.0,16.0
2021-01-05 09:34:01.640,0.723,0.7257,20.0,0.7219,24.0,3874.0,16.0
2021-01-05 09:34:02.170,0.723,0.7257,20.0,0.7219,24.0,3874.0,16.0
2021-01-05 09:34:02.671,0.723,0.7257,20.0,0.7219,24.0,3874.0,16.0
2021-01-05 09:34:04.120,0.723,0.7257,20.0,0.7219,24.0,3874.0,16.0
2021-01-05 09:34:05.121,0.723,0.7257,20.0,0.7219,24.0,3874.0,16.0
2021-01-05 09:34:06.671,0.723,0.7257,20.0,0.7219,34.0,3874.0,16.0
2021-01-05 09:34:07.130,0.723,0.727,30.0,0.7219,24.0,3874.0,16.0
2021-01-05 09:34:08.171,0.723,0.727,30.0,0.7227,10.0,3874.0,16.0
2021-01-05 09:34:08.630,0.723,0.727,30.0,0.724,4.0,3874.0,16.0
2021-01-05 09:34:09.170,0.723,0.727,30.0,0.724,4.0,3874.0,16.0
2021-01-05 09:34:09.670,0.723,0.727,30.0,0.7236,20.0,3874.0,16.0
2021-01-05 09:34:10.140,0.723,0.727,30.0,0.7222,10.0,3874.0,16.0
2021-01-05 09:34:10.690,0.723,0.727,30.0,0.7231,4.0,3874.0,16.0
2021-01-05 09:34:11.151,0.723,0.727,30.0,0.7222,20.0,3874.0,16.0
2021-01-05 09:34:11.681,0.723,0.7256,10.0,0.7224,4.0,3874.0,16.0
2021-01-05 09:34:12.121,0.723,0.7256,10.0,0.7216,20.0,3874.0,16.0
2021-01-05 09:34:12.480,0.723,0.7256,20.0,0.7217,4.0,3874.0,16.0
2021-01-05 09:34:13.191,0.723,0.7271,30.0,0.7217,24.0,3874.0,16.0
2021-01-05 09:34:13.681,0.723,0.7266,10.0,0.7225,10.0,3874.0,16.0
2021-01-05 09:34:14.181,0.7225,0.7258,10.0,0.7217,20.0,3884.0,26.0
2021-01-05 09:34:14.691,0.7225,0.7256,10.0,0.7205,30.0,3884.0,26.0
2021-01-05 09:34:15.181,0.7225,0.7224,10.0,0.72,20.0,3884.0,26.0
2021-01-05 09:34:15.681,0.7225,0.7224,20.0,0.7203,4.0,3884.0,26.0
2021-01-05 09:34:16.190,0.7224,0.7241,10.0,0.7224,3.0,3884.0,46.0
2021-01-05 09:34:16.630,0.7224,0.7258,10.0,0.7205,10.0,3884.0,46.0
2021-01-05 09:34:17.070,0.7224,0.7258,10.0,0.7215,4.0,3884.0,46.0
2021-01-05 09:34:17.690,0.7224,0.7258,10.0,0.7215,4.0,3884.0,46.0
2021-01-05 09:34:18.201,0.7224,0.7259,10.0,0.7217,10.0,3884.0,46.0
2021-01-05 09:34:18.620,0.7224,0.7259,30.0,0.7224,4.0,3884.0,46.0
2021-01-05 09:34:19.041,0.7224,0.7259,30.0,0.7224,24.0,3884.0,46.0
2021-01-05 09:34:19.700,0.7224,0.7259,30.0,0.7224,24.0,3884.0,46.0
2021-01-05 09:34:20.180,0.7224,0.7259,30.0,0.7224,24.0,3884.0,46.0
2021-01-05 09:34:21.690,0.7224,0.7259,20.0,0.7224,24.0,3884.0,46.0
2021-01-05 09:34:22.151,0.7224,0.7269,30.0,0.7224,24.0,3884.0,46.0
2021-01-05 09:34:22.651,0.7224,0.7269,30.0,0.7224,24.0,3884.0,46.0
2021-01-05 09:34:23.661,0.7224,0.7269,30.0,0.7224,24.0,3884.0,46.0
2021-01-05 09:34:25.150,0.7224,0.7269,30.0,0.7224,24.0,3884.0,46.0
2021-01-05 09:34:25.671,0.7224,0.7269,30.0,0.7224,24.0,3884.0,46.0
2021-01-05 09:34:26.641,0.7224,0.7269,30.0,0.7224,24.0,3884.0,46.0
2021-01-05 09:34:27.150,0.7224,0.7269,30.0,0.7224,24.0,3884.0,46.0
2021-01-05 09:34:28.621,0.7224,0.7269,30.0,0.7224,24.0,3884.0,46.0
2021-01-05 09:34:29.101,0.7224,0.7269,30.0,0.7224,24.0,3884.0,46.0
2021-01-05 09:34:30.681,0.7224,0.7269,30.0,0.7224,24.0,3884.0,46.0
2021-01-05 09:34:31.190,0.7224,0.7269,30.0,0.7224,24.0,3884.0,46.0
2021-01-05 09:34:31.691,0.7224,0.7269,30.0,0.7224,24.0,3884.0,46.0
2021-01-05 09:34:33.691,0.7224,0.7269,20.0,0.7224,34.0,3884.0,46.0
2021-01-05 09:34:35.691,0.7224,0.7269,20.0,0.7226,10.0,3884.0,46.0
2021-01-05 09:34:36.171,0.7224,0.7269,20.0,0.7253,4.0,3884.0,46.0
2021-01-05 09:34:36.680,0.7224,0.7284,30.0,0.7253,4.0,3884.0,46.0
2021-01-05 09:34:37.700,0.7224,0.7284,20.0,0.7253,4.0,3884.0,46.0
2021-01-05 09:34:39.091,0.7224,0.7284,20.0,0.7253,4.0,3884.0,46.0
2021-01-05 09:34:40.171,0.7224,0.7284,20.0,0.7253,4.0,3884.0,46.0
2021-01-05 09:34:41.201,0.7224,0.7296,30.0,0.7253,4.0,3884.0,46.0
2021-01-05 09:34:42.680,0.7224,0.7296,30.0,0.7255,10.0,3884.0,46.0
2021-01-05 09:34:43.191,0.7224,0.7296,20.0,0.7263,4.0,3884.0,46.0
2021-01-05 09:34:43.660,0.7224,0.7306,20.0,0.7263,4.0,3884.0,46.0
2021-01-05 09:34:44.151,0.7224,0.7306,20.0,0.7263,4.0,3884.0,46.0
2021-01-05 09:34:44.701,0.7224,0.7305,10.0,0.7263,4.0,3884.0,46.0
2021-01-05 09:34:45.200,0.7224,0.7301,10.0,0.7263,4.0,3884.0,46.0
2021-01-05 09:34:45.200,0.7224,0.7301,10.0,0.7263,4.0,3884.0,46.0
2021-01-05 09:34:46.140,0.7224,0.7301,20.0,0.7263,4.0,3884.0,46.0
2021-01-05 09:34:46.660,0.7224,0.7306,20.0,0.7263,4.0,3884.0,46.0
2021-01-05 09:34:47.701,0.7224,0.7306,20.0,0.7263,4.0,3884.0,46.0
2021-01-05 09:34:49.210,0.7224,0.7306,20.0,0.7263,4.0,3884.0,46.0
2021-01-05 09:34:49.701,0.7224,0.7306,30.0,0.7255,20.0,3884.0,46.0
2021-01-05 09:34:50.161,0.7224,0.73,10.0,0.7257,4.0,3884.0,46.0
2021-01-05 09:34:50.700,0.7224,0.73,30.0,0.7257,4.0,3884.0,46.0
2021-01-05 09:34:51.200,0.7224,0.73,30.0,0.7257,4.0,3884.0,46.0
2021-01-05 09:34:51.701,0.7224,0.7299,10.0,0.7257,4.0,3884.0,46.0
2021-01-05 09:34:52.220,0.7224,0.73,30.0,0.7257,4.0,3884.0,46.0
2021-01-05 09:34:52.650,0.7224,0.7299,10.0,0.7257,4.0,3884.0,46.0
2021-01-05 09:34:53.180,0.7224,0.73,30.0,0.7257,4.0,3884.0,46.0
2021-01-05 09:34:53.651,0.7224,0.73,30.0,0.7258,10.0,3884.0,46.0
2021-01-05 09:34:54.170,0.7224,0.73,30.0,0.7267,4.0,3884.0,46.0
2021-01-05 09:34:54.631,0.7224,0.73,20.0,0.7267,24.0,3884.0,46.0
2021-01-05 09:34:55.161,0.7224,0.7306,20.0,0.7273,10.0,3884.0,46.0
2021-01-05 09:34:55.651,0.7224,0.7306,20.0,0.7284,4.0,3884.0,46.0
2021-01-05 09:34:56.051,0.7224,0.7318,30.0,0.7284,4.0,3884.0,46.0
2021-01-05 09:34:56.681,0.7224,0.7318,20.0,0.7284,4.0,3884.0,46.0
2021-01-05 09:34:57.171,0.7224,0.7318,20.0,0.7284,4.0,3884.0,46.0
2021-01-05 09:34:57.670,0.7224,0.7334,50.0,0.7284,4.0,3884.0,46.0
2021-01-05 09:34:58.160,0.7224,0.7334,30.0,0.7284,4.0,3884.0,46.0
2021-01-05 09:34:58.640,0.7224,0.7334,40.0,0.7284,4.0,3884.0,46.0
2021-01-05 09:34:59.170,0.7224,0.7334,30.0,0.7284,4.0,3884.0,46.0
2021-01-05 09:35:00.160,0.7224,0.7334,30.0,0.7284,4.0,3884.0,46.0
2021-01-05 09:35:00.640,0.7224,0.7334,30.0,0.7286,10.0,3884.0,46.0
2021-01-05 09:35:01.080,0.7224,0.7334,30.0,0.7288,4.0,3884.0,46.0
2021-01-05 09:35:02.160,0.7224,0.7332,10.0,0.7286,20.0,3884.0,46.0
2021-01-05 09:35:02.680,0.7224,0.7332,20.0,0.7281,20.0,3884.0,46.0
2021-01-05 09:35:03.180,0.7224,0.7324,10.0,0.7276,20.0,3884.0,46.0
2021-01-05 09:35:03.510,0.7224,0.7314,10.0,0.7277,4.0,3884.0,46.0
2021-01-05 09:35:04.181,0.7224,0.7314,20.0,0.7277,4.0,3884.0,46.0
2021-01-05 09:35:05.180,0.7224,0.7322,10.0,0.7277,4.0,3884.0,46.0
2021-01-05 09:35:05.671,0.7224,0.7322,10.0,0.7277,24.0,3884.0,46.0
2021-01-05 09:35:06.680,0.7224,0.7322,10.0,0.728,10.0,3884.0,46.0
2021-01-05 09:35:07.131,0.7224,0.7324,20.0,0.7286,4.0,3884.0,46.0
2021-01-05 09:35:07.650,0.7224,0.7332,10.0,0.7286,34.0,3884.0,46.0
2021-01-05 09:35:08.171,0.7224,0.7332,10.0,0.7292,10.0,3884.0,46.0
2021-01-05 09:35:09.191,0.7224,0.7335,20.0,0.73,10.0,3884.0,46.0
2021-01-05 09:35:09.700,0.7224,0.7345,30.0,0.7311,4.0,3884.0,46.0
2021-01-05 09:35:10.180,0.7224,0.7345,30.0,0.7311,24.0,3884.0,46.0
2021-01-05 09:35:10.691,0.7224,0.7345,30.0,0.7311,24.0,3884.0,46.0
2021-01-05 09:35:11.160,0.7224,0.7345,30.0,0.7311,24.0,3884.0,46.0
2021-01-05 09:35:11.680,0.7224,0.7345,30.0,0.7311,24.0,3884.0,46.0
2021-01-05 09:35:12.101,0.7224,0.7345,30.0,0.7311,24.0,3884.0,46.0
2021-01-05 09:35:13.181,0.7224,0.7345,30.0,0.7311,4.0,3884.0,46.0
2021-01-05 09:35:13.640,0.7224,0.7339,10.0,0.7298,10.0,3884.0,46.0
2021-01-05 09:35:14.191,0.7224,0.7328,10.0,0.729,20.0,3884.0,46.0
2021-01-05 09:35:14.691,0.7224,0.731,10.0,0.7281,30.0,3884.0,46.0
2021-01-05 09:35:15.171,0.7224,0.731,10.0,0.7282,4.0,3884.0,46.0
2021-01-05 09:35:15.690,0.7224,0.731,20.0,0.7282,4.0,3884.0,46.0
2021-01-05 09:35:16.141,0.7224,0.7328,30.0,0.7285,10.0,3884.0,46.0
2021-01-05 09:35:16.660,0.7224,0.7328,30.0,0.7294,4.0,3884.0,46.0
2021-01-05 09:35:17.190,0.7224,0.7328,30.0,0.7282,20.0,3884.0,46.0
2021-01-05 09:35:17.680,0.7224,0.7328,30.0,0.7288,4.0,3884.0,46.0
2021-01-05 09:35:18.170,0.7224,0.7328,30.0,0.7288,4.0,3884.0,46.0
2021-01-05 09:35:18.641,0.7224,0.7319,10.0,0.7275,20.0,3884.0,46.0
2021-01-05 09:35:19.180,0.7224,0.7319,30.0,0.7281,4.0,3884.0,46.0
2021-01-05 09:35:19.271,0.7224,0.7316,10.0,0.7281,4.0,3884.0,46.0
2021-01-05 09:35:20.681,0.7224,0.7316,10.0,0.7281,4.0,3884.0,46.0
2021-01-05 09:35:21.071,0.7224,0.7316,10.0,0.7281,4.0,3884.0,46.0
2021-01-05 09:35:21.620,0.7224,0.7319,20.0,0.7286,10.0,3884.0,46.0
2021-01-05 09:35:22.171,0.7224,0.7328,20.0,0.7289,4.0,3884.0,46.0
2021-01-05 09:35:23.151,0.7224,0.7328,20.0,0.7289,4.0,3884.0,46.0
2021-01-05 09:35:23.680,0.7224,0.7328,20.0,0.7289,4.0,3884.0,46.0
2021-01-05 09:35:24.171,0.7224,0.7328,20.0,0.7289,4.0,3884.0,46.0
2021-01-05 09:35:24.671,0.7224,0.7328,20.0,0.7289,4.0,3884.0,46.0
2021-01-05 09:35:25.660,0.7224,0.7328,20.0,0.7289,4.0,3884.0,46.0
2021-01-05 09:35:27.641,0.7224,0.7328,20.0,0.7289,4.0,3884.0,46.0
2021-01-05 09:35:30.121,0.7224,0.7328,20.0,0.7289,14.0,3884.0,46.0
2021-01-05 09:35:31.700,0.7224,0.7328,20.0,0.7289,4.0,3884.0,46.0
2021-01-05 09:35:32.161,0.7224,0.7328,20.0,0.729,10.0,3884.0,46.0
2021-01-05 09:35:32.630,0.7224,0.7328,20.0,0.7294,4.0,3884.0,46.0
2021-01-05 09:35:33.191,0.7224,0.7328,20.0,0.7294,24.0,3884.0,46.0
2021-01-05 09:35:33.610,0.7224,0.7328,20.0,0.7294,34.0,3884.0,46.0
2021-01-05 09:35:34.180,0.7224,0.7341,30.0,0.7296,10.0,3884.0,46.0
2021-01-05 09:35:34.691,0.7224,0.7341,30.0,0.7303,4.0,3884.0,46.0
2021-01-05 09:35:35.200,0.7224,0.7341,30.0,0.7303,24.0,3884.0,46.0
2021-01-05 09:35:35.690,0.7224,0.7341,30.0,0.7303,34.0,3884.0,46.0
2021-01-05 09:35:36.480,0.7224,0.7341,20.0,0.7303,44.0,3884.0,46.0
2021-01-05 09:35:37.171,0.7224,0.7347,30.0,0.7303,44.0,3884.0,46.0
2021-01-05 09:35:38.651,0.7224,0.7347,30.0,0.7303,34.0,3884.0,46.0
2021-01-05 09:35:40.191,0.7224,0.7344,10.0,0.7303,30.0,3884.0,46.0
2021-01-05 09:35:40.691,0.7224,0.734,10.0,0.7303,20.0,3884.0,46.0
2021-01-05 09:35:41.190,0.7224,0.734,30.0,0.7294,20.0,3884.0,46.0
2021-01-05 09:35:41.580,0.7224,0.734,30.0,0.7296,4.0,3884.0,46.0
2021-01-05 09:35:42.160,0.7224,0.734,30.0,0.7296,4.0,3884.0,46.0
2021-01-05 09:35:42.670,0.7224,0.734,30.0,0.7298,10.0,3884.0,46.0
2021-01-05 09:35:43.081,0.7224,0.734,30.0,0.7302,14.0,3884.0,46.0
2021-01-05 09:35:43.661,0.7224,0.734,30.0,0.7302,24.0,3884.0,46.0
2021-01-05 09:35:44.101,0.7224,0.734,30.0,0.7303,10.0,3884.0,46.0
2021-01-05 09:35:44.681,0.7224,0.734,20.0,0.7308,10.0,3884.0,46.0
2021-01-05 09:35:45.071,0.7224,0.7347,20.0,0.7315,4.0,3884.0,46.0
2021-01-05 09:35:45.321,0.7224,0.7347,20.0,0.7315,24.0,3884.0,46.0
2021-01-05 09:35:46.141,0.7224,0.7347,20.0,0.7315,24.0,3884.0,46.0
2021-01-05 09:35:46.700,0.7224,0.736,30.0,0.7317,10.0,3884.0,46.0
2021-01-05 09:35:47.101,0.7224,0.736,30.0,0.7322,4.0,3884.0,46.0
2021-01-05 09:35:47.591,0.7224,0.736,30.0,0.7322,24.0,3884.0,46.0
2021-01-05 09:35:48.181,0.7224,0.736,20.0,0.7322,34.0,3884.0,46.0
2021-01-05 09:35:48.700,0.7224,0.736,20.0,0.7322,34.0,3884.0,46.0
2021-01-05 09:35:49.190,0.7224,0.736,20.0,0.7322,34.0,3884.0,46.0
2021-01-05 09:35:51.710,0.7224,0.736,20.0,0.7322,34.0,3884.0,46.0
2021-01-05 09:35:54.161,0.7224,0.736,20.0,0.7322,34.0,3884.0,46.0
2021-01-05 09:35:54.640,0.7224,0.7357,10.0,0.7322,24.0,3884.0,46.0
2021-01-05 09:35:55.151,0.7224,0.7351,10.0,0.7315,20.0,3884.0,46.0
2021-01-05 09:35:55.691,0.7224,0.7346,10.0,0.7305,20.0,3884.0,46.0
2021-01-05 09:35:56.121,0.7224,0.7346,30.0,0.7312,4.0,3884.0,46.0
2021-01-05 09:35:56.690,0.7224,0.7346,30.0,0.7312,4.0,3884.0,46.0
2021-01-05 09:35:57.141,0.7224,0.7346,30.0,0.7312,4.0,3884.0,46.0
2021-01-05 09:35:59.160,0.7224,0.7346,30.0,0.7312,4.0,3884.0,46.0
2021-01-05 09:36:00.201,0.7224,0.7346,20.0,0.7314,10.0,3884.0,46.0
2021-01-05 09:36:00.680,0.7224,0.7357,30.0,0.7328,4.0,3884.0,46.0
2021-01-05 09:36:01.181,0.7224,0.7357,30.0,0.7328,24.0,3884.0,46.0
2021-01-05 09:36:01.671,0.7224,0.7357,20.0,0.7328,24.0,3884.0,46.0
2021-01-05 09:36:02.170,0.7224,0.7357,20.0,0.7321,20.0,3884.0,46.0
2021-01-05 09:36:02.701,0.7224,0.7357,30.0,0.7311,10.0,3884.0,46.0
2021-01-05 09:36:03.150,0.7224,0.7348,10.0,0.731,20.0,3884.0,46.0
2021-01-05 09:36:03.240,0.7224,0.7348,30.0,0.7304,30.0,3884.0,46.0
2021-01-05 09:36:04.161,0.7224,0.7348,30.0,0.7309,4.0,3884.0,46.0
2021-01-05 09:36:04.670,0.7224,0.7348,30.0,0.7309,4.0,3884.0,46.0
2021-01-05 09:36:04.971,0.7224,0.7348,30.0,0.7309,4.0,3884.0,46.0
2021-01-05 09:36:05.690,0.7224,0.7348,30.0,0.7309,24.0,3884.0,46.0
2021-01-05 09:36:06.700,0.7224,0.7348,40.0,0.7309,24.0,3884.0,46.0
2021-01-05 09:36:09.691,0.7224,0.7348,40.0,0.7309,24.0,3884.0,46.0
2021-01-05 09:36:10.151,0.7224,0.7346,10.0,0.7309,20.0,3884.0,46.0
2021-01-05 09:36:10.671,0.7224,0.7338,10.0,0.7304,20.0,3884.0,46.0
2021-01-05 09:36:11.180,0.7224,0.7338,30.0,0.7306,4.0,3884.0,46.0
2021-01-05 09:36:11.651,0.7224,0.7338,30.0,0.7306,4.0,3884.0,46.0
2021-01-05 09:36:12.690,0.7224,0.7338,30.0,0.7306,24.0,3884.0,46.0
2021-01-05 09:36:14.150,0.7224,0.7338,30.0,0.7306,24.0,3884.0,46.0
2021-01-05 09:36:15.660,0.7224,0.7338,30.0,0.7306,4.0,3884.0,46.0
2021-01-05 09:36:18.181,0.7224,0.7338,30.0,0.7306,4.0,3884.0,46.0
2021-01-05 09:36:18.640,0.7224,0.7336,10.0,0.7306,4.0,3884.0,46.0
2021-01-05 09:36:19.151,0.7224,0.7336,10.0,0.7306,4.0,3884.0,46.0
2021-01-05 09:36:20.161,0.7224,0.7336,10.0,0.7306,4.0,3884.0,46.0
2021-01-05 09:36:21.091,0.7224,0.7336,10.0,0.7295,20.0,3884.0,46.0
2021-01-05 09:36:21.691,0.7224,0.7336,10.0,0.7296,4.0,3884.0,46.0
2021-01-05 09:36:23.681,0.7224,0.7336,10.0,0.7296,4.0,3884.0,46.0
2021-01-05 09:36:24.171,0.7224,0.7336,10.0,0.7297,10.0,3884.0,46.0
2021-01-05 09:36:24.651,0.7224,0.7336,10.0,0.7309,4.0,3884.0,46.0
2021-01-05 09:36:25.181,0.7224,0.7338,30.0,0.7309,4.0,3884.0,46.0
2021-01-05 09:36:25.471,0.7224,0.7338,30.0,0.7309,4.0,3884.0,46.0
2021-01-05 09:36:26.171,0.7224,0.7338,30.0,0.7309,4.0,3884.0,46.0
2021-01-05 09:36:26.651,0.7224,0.7338,30.0,0.7309,24.0,3884.0,46.0
2021-01-05 09:36:27.070,0.7224,0.7338,20.0,0.7309,4.0,3884.0,46.0
2021-01-05 09:36:27.690,0.7224,0.7338,20.0,0.7309,24.0,3884.0,46.0
2021-01-05 09:36:28.120,0.7224,0.7348,20.0,0.7309,4.0,3884.0,46.0
2021-01-05 09:36:28.681,0.7224,0.7348,20.0,0.7312,10.0,3884.0,46.0
2021-01-05 09:36:29.171,0.7224,0.7348,20.0,0.7328,4.0,3884.0,46.0
2021-01-05 09:36:29.651,0.7224,0.7357,30.0,0.7328,4.0,3884.0,46.0
2021-01-05 09:36:30.161,0.7224,0.7357,10.0,0.7328,4.0,3884.0,46.0
2021-01-05 09:36:30.700,0.7224,0.7357,30.0,0.7328,4.0,3884.0,46.0
2021-01-05 09:36:31.181,0.7224,0.7357,10.0,0.7328,4.0,3884.0,46.0
2021-01-05 09:36:31.690,0.7224,0.7357,30.0,0.7328,4.0,3884.0,46.0
2021-01-05 09:36:32.130,0.7224,0.7357,10.0,0.7328,4.0,3884.0,46.0
2021-01-05 09:36:32.660,0.7224,0.7357,30.0,0.7328,4.0,3884.0,46.0
2021-01-05 09:36:33.200,0.7328,0.7357,10.0,0.7328,1.0,3884.0,49.0
2021-01-05 09:36:33.670,0.7328,0.7353,3.0,0.7328,1.0,3884.0,49.0
2021-01-05 09:36:34.091,0.7328,0.7353,3.0,0.7328,1.0,3884.0,49.0
2021-01-05 09:36:34.671,0.7328,0.7353,23.0,0.7328,1.0,3884.0,49.0
2021-01-05 09:36:34.971,0.7328,0.7353,23.0,0.7316,20.0,3884.0,49.0
2021-01-05 09:36:35.701,0.7328,0.7353,23.0,0.7324,1.0,3884.0,49.0
2021-01-05 09:36:35.701,0.7328,0.7353,23.0,0.7324,1.0,3884.0,49.0
2021-01-05 09:36:36.700,0.7328,0.7353,20.0,0.7324,1.0,3884.0,49.0
2021-01-05 09:36:38.640,0.7328,0.7353,20.0,0.7324,1.0,3884.0,49.0
2021-01-05 09:36:39.090,0.7328,0.7366,10.0,0.7324,1.0,3884.0,49.0
2021-01-05 09:36:39.090,0.7328,0.7358,3.0,0.7324,1.0,3884.0,49.0
2021-01-05 09:36:40.191,0.7328,0.7358,3.0,0.7324,1.0,3884.0,49.0
2021-01-05 09:36:40.671,0.7328,0.7358,23.0,0.7324,1.0,3884.0,49.0
2021-01-05 09:36:41.201,0.7328,0.7358,3.0,0.7324,1.0,3884.0,49.0
2021-01-05 09:36:41.641,0.7328,0.7358,23.0,0.7324,1.0,3884.0,49.0
2021-01-05 09:36:42.200,0.7328,0.7358,3.0,0.7324,1.0,3884.0,49.0
2021-01-05 09:36:42.690,0.7328,0.7358,23.0,0.7324,1.0,3884.0,49.0
2021-01-05 09:36:43.180,0.7328,0.7358,3.0,0.7324,1.0,3884.0,49.0
2021-01-05 09:36:43.700,0.7328,0.7358,23.0,0.7324,1.0,3884.0,49.0
2021-01-05 09:36:44.200,0.7328,0.7358,3.0,0.7324,1.0,3884.0,49.0
2021-01-05 09:36:44.651,0.7328,0.7358,23.0,0.7324,1.0,3884.0,49.0
2021-01-05 09:36:45.191,0.7328,0.7358,3.0,0.7324,1.0,3884.0,49.0
2021-01-05 09:36:45.631,0.7328,0.7358,20.0,0.7324,1.0,3884.0,49.0
2021-01-05 09:36:46.190,0.7328,0.7366,10.0,0.7326,10.0,3884.0,49.0
2021-01-05 09:36:46.501,0.7328,0.7369,20.0,0.7342,1.0,3884.0,49.0
2021-01-05 09:36:47.130,0.7328,0.7369,20.0,0.7342,1.0,3884.0,49.0
2021-01-05 09:36:47.660,0.7328,0.7374,20.0,0.7342,1.0,3884.0,49.0
2021-01-05 09:36:48.620,0.7328,0.7371,3.0,0.7342,1.0,3884.0,49.0
2021-01-05 09:36:49.181,0.7328,0.7371,3.0,0.7342,1.0,3884.0,49.0
2021-01-05 09:36:49.700,0.7328,0.7371,3.0,0.7342,1.0,3884.0,49.0
2021-01-05 09:36:52.180,0.7328,0.7371,3.0,0.7342,1.0,3884.0,49.0
2021-01-05 09:36:52.670,0.7328,0.7371,3.0,0.7342,1.0,3884.0,49.0
2021-01-05 09:36:53.680,0.7328,0.7371,3.0,0.7343,10.0,3884.0,49.0
2021-01-05 09:36:54.120,0.7328,0.7371,3.0,0.7346,1.0,3884.0,49.0
2021-01-05 09:36:54.631,0.7328,0.7371,3.0,0.7341,20.0,3884.0,49.0
2021-01-05 09:36:55.171,0.7328,0.7371,3.0,0.7338,10.0,3884.0,49.0
2021-01-05 09:36:55.651,0.7328,0.7371,3.0,0.7334,20.0,3884.0,49.0
2021-01-05 09:36:56.141,0.7328,0.7371,3.0,0.7334,20.0,3884.0,49.0
2021-01-05 09:36:56.691,0.7328,0.7371,3.0,0.7336,1.0,3884.0,49.0
2021-01-05 09:36:57.171,0.7328,0.7371,3.0,0.7336,21.0,3884.0,49.0
2021-01-05 09:36:58.610,0.7328,0.7371,3.0,0.7336,21.0,3884.0,49.0
2021-01-05 09:36:59.181,0.7328,0.7371,3.0,0.7336,21.0,3884.0,49.0
2021-01-05 09:36:59.690,0.7328,0.7371,3.0,0.7336,31.0,3884.0,49.0
2021-01-05 09:37:01.630,0.7328,0.7371,3.0,0.7336,21.0,3884.0,49.0
2021-01-05 09:37:02.191,0.7328,0.7371,3.0,0.7336,21.0,3884.0,49.0
2021-01-05 09:37:02.610,0.7328,0.7371,3.0,0.7336,21.0,3884.0,49.0
2021-01-05 09:37:03.151,0.7328,0.7371,3.0,0.7336,21.0,3884.0,49.0
2021-01-05 09:37:03.630,0.7328,0.7371,3.0,0.7336,20.0,3884.0,49.0
2021-01-05 09:37:04.200,0.7328,0.7371,13.0,0.7328,10.0,3884.0,49.0
2021-01-05 09:37:04.690,0.7328,0.7371,3.0,0.7328,10.0,3884.0,49.0
2021-01-05 09:37:05.140,0.7328,0.7366,10.0,0.7319,40.0,3884.0,49.0
2021-01-05 09:37:05.701,0.7328,0.7347,3.0,0.7319,30.0,3884.0,49.0
2021-01-05 09:37:06.171,0.7328,0.7347,23.0,0.7319,30.0,3884.0,49.0
2021-01-05 09:37:06.700,0.7328,0.7347,23.0,0.7319,30.0,3884.0,49.0
2021-01-05 09:37:07.180,0.7328,0.7347,23.0,0.7321,1.0,3884.0,49.0
2021-01-05 09:37:07.681,0.7328,0.7347,23.0,0.7321,1.0,3884.0,49.0
2021-01-05 09:37:08.190,0.7328,0.7354,20.0,0.7321,1.0,3884.0,49.0
2021-01-05 09:37:08.630,0.7328,0.7359,20.0,0.7321,11.0,3884.0,49.0
2021-01-05 09:37:09.170,0.7328,0.7366,30.0,0.7323,10.0,3884.0,49.0
2021-01-05 09:37:09.620,0.7328,0.7364,3.0,0.7335,1.0,3884.0,49.0
2021-01-05 09:37:10.121,0.7328,0.7364,3.0,0.7332,20.0,3884.0,49.0
2021-01-05 09:37:10.701,0.7328,0.7362,10.0,0.7324,20.0,3884.0,49.0
2021-01-05 09:37:11.080,0.7328,0.7351,3.0,0.7319,30.0,3884.0,49.0
2021-01-05 09:37:11.641,0.7328,0.7351,23.0,0.732,1.0,3884.0,49.0
2021-01-05 09:37:12.620,0.7328,0.7351,23.0,0.732,1.0,3884.0,49.0
2021-01-05 09:37:13.181,0.7328,0.7351,23.0,0.732,1.0,3884.0,49.0
2021-01-05 09:37:13.681,0.7328,0.7351,23.0,0.732,1.0,3884.0,49.0
2021-01-05 09:37:14.130,0.7328,0.7351,20.0,0.732,1.0,3884.0,49.0
2021-01-05 09:37:15.160,0.7328,0.736,20.0,0.7327,10.0,3884.0,49.0
2021-01-05 09:37:15.671,0.7328,0.7366,30.0,0.7334,1.0,3884.0,49.0
2021-01-05 09:37:16.171,0.7328,0.7362,3.0,0.7334,1.0,3884.0,49.0
2021-01-05 09:37:16.461,0.7328,0.7362,3.0,0.7327,20.0,3884.0,49.0
2021-01-05 09:37:17.200,0.7328,0.7362,3.0,0.7327,20.0,3884.0,49.0
2021-01-05 09:37:17.671,0.7328,0.7362,3.0,0.7319,30.0,3884.0,49.0
2021-01-05 09:37:17.740,0.7328,0.7362,3.0,0.7327,20.0,3884.0,49.0
2021-01-05 09:37:18.641,0.7328,0.7362,3.0,0.7329,1.0,3884.0,49.0
2021-01-05 09:37:18.891,0.7328,0.7362,3.0,0.7329,1.0,3884.0,49.0
2021-01-05 09:37:19.331,0.7328,0.7362,3.0,0.7329,1.0,3884.0,49.0
2021-01-05 09:37:20.211,0.7328,0.7362,3.0,0.7329,1.0,3884.0,49.0
2021-01-05 09:37:20.691,0.7328,0.7362,3.0,0.7326,20.0,3884.0,49.0
2021-01-05 09:37:21.701,0.7328,0.7362,3.0,0.7326,20.0,3884.0,49.0
2021-01-05 09:37:22.030,0.7328,0.7362,3.0,0.7319,31.0,3884.0,49.0
2021-01-05 09:37:22.620,0.7328,0.7362,3.0,0.7323,1.0,3884.0,49.0
2021-01-05 09:37:23.100,0.7328,0.7356,10.0,0.7323,1.0,3884.0,49.0
2021-01-05 09:37:23.661,0.7328,0.7351,3.0,0.7323,1.0,3884.0,49.0
2021-01-05 09:37:24.080,0.7328,0.7351,3.0,0.7323,1.0,3884.0,49.0
2021-01-05 09:37:24.631,0.7328,0.7351,23.0,0.7323,1.0,3884.0,49.0
2021-01-05 09:37:25.200,0.7328,0.7351,3.0,0.7323,1.0,3884.0,49.0
2021-01-05 09:37:25.670,0.7328,0.7351,23.0,0.7323,1.0,3884.0,49.0
2021-01-05 09:37:26.120,0.7328,0.7328,1.0,0.7323,1.0,3884.0,49.0
2021-01-05 09:37:26.610,0.7328,0.7351,20.0,0.7324,2.0,3883.0,50.0
2021-01-05 09:37:27.130,0.7328,0.7351,20.0,0.7319,31.0,3883.0,50.0
2021-01-05 09:37:27.130,0.7328,0.7356,30.0,0.7324,4.0,3883.0,50.0
2021-01-05 09:37:27.901,0.7328,0.7355,4.0,0.7324,24.0,3883.0,50.0
2021-01-05 09:37:29.130,0.7328,0.7355,4.0,0.7324,24.0,3883.0,50.0
2021-01-05 09:37:30.191,0.7328,0.7355,4.0,0.7324,4.0,3883.0,50.0
2021-01-05 09:37:30.590,0.7328,0.7355,4.0,0.7324,24.0,3883.0,50.0
2021-01-05 09:37:31.190,0.7328,0.7355,4.0,0.7324,24.0,3883.0,50.0
2021-01-05 09:37:32.181,0.7328,0.7355,4.0,0.7324,24.0,3883.0,50.0
2021-01-05 09:37:32.651,0.7328,0.7355,4.0,0.7324,24.0,3883.0,50.0
2021-01-05 09:37:33.180,0.7328,0.7356,20.0,0.7326,10.0,3883.0,50.0
2021-01-05 09:37:33.581,0.7328,0.7366,30.0,0.7335,4.0,3883.0,50.0
2021-01-05 09:37:33.750,0.7328,0.736,4.0,0.7335,24.0,3883.0,50.0
2021-01-05 09:37:35.170,0.7328,0.736,24.0,0.7335,24.0,3883.0,50.0
2021-01-05 09:37:35.650,0.7328,0.7359,7.0,0.7329,20.0,3883.0,50.0
2021-01-05 09:37:35.881,0.7328,0.7355,4.0,0.7329,20.0,3883.0,50.0
2021-01-05 09:37:36.630,0.7328,0.7355,24.0,0.7319,31.0,3883.0,50.0
2021-01-05 09:37:37.170,0.7328,0.7355,24.0,0.7326,4.0,3883.0,50.0
2021-01-05 09:37:37.691,0.7328,0.7355,24.0,0.7326,24.0,3883.0,50.0
2021-01-05 09:37:38.161,0.7328,0.7355,24.0,0.7326,4.0,3883.0,50.0
2021-01-05 09:37:38.651,0.7328,0.7355,24.0,0.7319,21.0,3883.0,50.0
2021-01-05 09:37:39.170,0.7328,0.7355,24.0,0.7319,1.0,3883.0,50.0
2021-01-05 09:37:39.291,0.7328,0.7355,24.0,0.732,3.0,3883.0,50.0
2021-01-05 09:37:40.161,0.7328,0.7355,24.0,0.732,2.0,3883.0,50.0
2021-01-05 09:37:40.701,0.7328,0.7355,24.0,0.732,2.0,3883.0,50.0
2021-01-05 09:37:42.691,0.7328,0.7355,24.0,0.7319,1.0,3883.0,50.0
2021-01-05 09:37:43.181,0.7328,0.7348,10.0,0.7319,1.0,3883.0,50.0
2021-01-05 09:37:43.250,0.7328,0.7329,1.0,0.7319,1.0,3883.0,50.0
2021-01-05 09:37:44.140,0.7328,0.7328,3.0,0.7319,1.0,3883.0,50.0
2021-01-05 09:37:44.651,0.7328,0.7325,1.0,0.7319,1.0,3883.0,50.0
2021-01-05 09:37:45.171,0.7319,0.7328,2.0,0.7307,20.0,3884.0,51.0
2021-01-05 09:37:45.650,0.7319,0.7328,2.0,0.7297,30.0,3884.0,51.0
2021-01-05 09:37:46.161,0.7319,0.7329,20.0,0.7304,4.0,3884.0,51.0
2021-01-05 09:37:46.601,0.7319,0.7337,24.0,0.7304,4.0,3884.0,51.0
2021-01-05 09:37:47.210,0.7319,0.7337,24.0,0.7304,4.0,3884.0,51.0
2021-01-05 09:37:47.661,0.7319,0.7337,24.0,0.7304,4.0,3884.0,51.0
2021-01-05 09:37:48.080,0.7319,0.7337,20.0,0.7304,4.0,3884.0,51.0
2021-01-05 09:37:49.670,0.7319,0.7337,20.0,0.7304,4.0,3884.0,51.0
2021-01-05 09:37:50.220,0.7319,0.7337,20.0,0.7304,4.0,3884.0,51.0
2021-01-05 09:37:51.691,0.7319,0.7337,20.0,0.7308,10.0,3884.0,51.0
2021-01-05 09:37:52.191,0.7319,0.7337,20.0,0.7314,4.0,3884.0,51.0
2021-01-05 09:37:52.300,0.7319,0.7352,10.0,0.7314,4.0,3884.0,51.0
2021-01-05 09:37:52.961,0.7319,0.7344,4.0,0.7314,4.0,3884.0,51.0
2021-01-05 09:37:53.620,0.7319,0.7344,24.0,0.7314,4.0,3884.0,51.0
2021-01-05 09:37:54.170,0.7319,0.7344,24.0,0.7314,4.0,3884.0,51.0
2021-01-05 09:37:56.121,0.7319,0.7344,24.0,0.7314,4.0,3884.0,51.0
2021-01-05 09:37:56.611,0.7319,0.7344,24.0,0.7314,4.0,3884.0,51.0
2021-01-05 09:37:57.170,0.7319,0.7342,10.0,0.7308,20.0,3884.0,51.0
2021-01-05 09:37:57.601,0.7319,0.7338,4.0,0.7309,4.0,3884.0,51.0
2021-01-05 09:37:58.141,0.7319,0.7338,24.0,0.7309,4.0,3884.0,51.0
2021-01-05 09:37:58.640,0.7319,0.7338,24.0,0.7309,4.0,3884.0,51.0
2021-01-05 09:37:59.651,0.7319,0.7338,20.0,0.7309,24.0,3884.0,51.0
2021-01-05 09:38:00.131,0.7319,0.7342,10.0,0.7309,24.0,3884.0,51.0
2021-01-05 09:38:00.680,0.7319,0.734,4.0,0.7309,24.0,3884.0,51.0
2021-01-05 09:38:01.180,0.7319,0.734,4.0,0.7309,24.0,3884.0,51.0
2021-01-05 09:38:02.181,0.7319,0.734,4.0,0.7309,24.0,3884.0,51.0
2021-01-05 09:38:02.680,0.7319,0.734,4.0,0.7309,24.0,3884.0,51.0
2021-01-05 09:38:03.191,0.7319,0.734,4.0,0.7309,24.0,3884.0,51.0
2021-01-05 09:38:03.981,0.7319,0.7344,20.0,0.7309,24.0,3884.0,51.0
2021-01-05 09:38:04.680,0.7319,0.7351,30.0,0.7309,24.0,3884.0,51.0
2021-01-05 09:38:05.181,0.7319,0.7348,4.0,0.7309,24.0,3884.0,51.0
2021-01-05 09:38:05.681,0.7319,0.7348,4.0,0.7309,24.0,3884.0,51.0
2021-01-05 09:38:06.691,0.7319,0.7348,4.0,0.7309,24.0,3884.0,51.0
2021-01-05 09:38:07.200,0.7319,0.7351,30.0,0.7314,10.0,3884.0,51.0
2021-01-05 09:38:07.590,0.7319,0.7351,20.0,0.7326,4.0,3884.0,51.0
2021-01-05 09:38:08.021,0.7319,0.7362,30.0,0.7327,3.0,3884.0,51.0
2021-01-05 09:38:09.160,0.7319,0.7362,30.0,0.7329,4.0,3884.0,51.0
2021-01-05 09:38:09.681,0.7319,0.7362,30.0,0.7329,4.0,3884.0,51.0
2021-01-05 09:38:10.180,0.7319,0.7362,30.0,0.7329,4.0,3884.0,51.0
2021-01-05 09:38:10.670,0.7319,0.7361,4.0,0.7329,4.0,3884.0,51.0
2021-01-05 09:38:11.141,0.7319,0.7361,4.0,0.7329,4.0,3884.0,51.0
2021-01-05 09:38:12.191,0.7319,0.7361,14.0,0.732,20.0,3884.0,51.0
2021-01-05 09:38:12.531,0.7319,0.7361,14.0,0.7325,4.0,3884.0,51.0
2021-01-05 09:38:13.110,0.7319,0.7361,14.0,0.7325,14.0,3884.0,51.0
2021-01-05 09:38:13.690,0.7319,0.7361,14.0,0.7325,34.0,3884.0,51.0
2021-01-05 09:38:14.141,0.7319,0.7361,4.0,0.7333,10.0,3884.0,51.0
2021-01-05 09:38:14.650,0.7319,0.7361,4.0,0.7335,4.0,3884.0,51.0
2021-01-05 09:38:15.150,0.7319,0.7369,20.0,0.7339,10.0,3884.0,51.0
2021-01-05 09:38:15.150,0.7319,0.7369,20.0,0.7341,14.0,3884.0,51.0
2021-01-05 09:38:16.151,0.7319,0.7365,4.0,0.7341,4.0,3884.0,51.0
2021-01-05 09:38:16.721,0.7319,0.7364,10.0,0.7337,10.0,3884.0,51.0
2021-01-05 09:38:16.950,0.7319,0.7364,10.0,0.7341,10.0,3884.0,51.0
2021-01-05 09:38:18.231,0.7319,0.7364,10.0,0.7341,10.0,3884.0,51.0
2021-01-05 09:38:18.660,0.7319,0.7365,4.0,0.7341,10.0,3884.0,51.0
2021-01-05 09:38:19.190,0.7319,0.7365,4.0,0.7342,10.0,3884.0,51.0
2021-01-05 09:38:19.630,0.7319,0.7368,20.0,0.7342,14.0,3884.0,51.0
2021-01-05 09:38:20.650,0.7319,0.7382,30.0,0.7342,14.0,3884.0,51.0
2021-01-05 09:38:21.180,0.7319,0.7377,4.0,0.7342,4.0,3884.0,51.0
2021-01-05 09:38:21.520,0.7319,0.7382,20.0,0.7347,10.0,3884.0,51.0
2021-01-05 09:38:22.210,0.7319,0.7382,20.0,0.7356,4.0,3884.0,51.0
2021-01-05 09:38:22.661,0.7319,0.7392,30.0,0.7356,4.0,3884.0,51.0
2021-01-05 09:38:23.201,0.7319,0.7383,4.0,0.7356,14.0,3884.0,51.0
2021-01-05 09:38:23.681,0.7319,0.7383,24.0,0.7357,3.0,3884.0,51.0
2021-01-05 09:38:23.800,0.7319,0.7383,20.0,0.7358,4.0,3884.0,51.0
2021-01-05 09:38:24.690,0.7319,0.74,30.0,0.7361,10.0,3884.0,51.0
2021-01-05 09:38:25.101,0.7319,0.7392,4.0,0.7361,20.0,3884.0,51.0
2021-01-05 09:38:25.700,0.7319,0.7392,24.0,0.7357,10.0,3884.0,51.0
2021-01-05 09:38:26.100,0.7319,0.7392,24.0,0.7364,10.0,3884.0,51.0
2021-01-05 09:38:26.701,0.7319,0.7391,3.0,0.7364,20.0,3884.0,51.0
2021-01-05 09:38:27.151,0.7319,0.7386,4.0,0.7364,20.0,3884.0,51.0
2021-01-05 09:38:27.691,0.7319,0.7386,24.0,0.7359,4.0,3884.0,51.0
2021-01-05 09:38:28.171,0.7319,0.7386,24.0,0.7359,4.0,3884.0,51.0
2021-01-05 09:38:28.680,0.7319,0.7386,24.0,0.736,3.0,3884.0,51.0
2021-01-05 09:38:29.191,0.7319,0.7386,24.0,0.736,23.0,3884.0,51.0
2021-01-05 09:38:29.641,0.7319,0.7386,24.0,0.736,23.0,3884.0,51.0
2021-01-05 09:38:30.190,0.7319,0.7386,24.0,0.7362,14.0,3884.0,51.0
2021-01-05 09:38:30.670,0.7319,0.7386,24.0,0.7362,14.0,3884.0,51.0
2021-01-05 09:38:31.181,0.7319,0.7386,20.0,0.7362,14.0,3884.0,51.0
2021-01-05 09:38:31.700,0.7319,0.7386,20.0,0.7363,3.0,3884.0,51.0
2021-01-05 09:38:32.030,0.7319,0.74,20.0,0.7368,4.0,3884.0,51.0
2021-01-05 09:38:32.701,0.7319,0.7409,30.0,0.7368,24.0,3884.0,51.0
2021-01-05 09:38:33.191,0.7319,0.7408,4.0,0.737,10.0,3884.0,51.0
2021-01-05 09:38:33.700,0.7319,0.7408,4.0,0.7378,4.0,3884.0,51.0
2021-01-05 09:38:34.201,0.7319,0.7409,20.0,0.738,10.0,3884.0,51.0
2021-01-05 09:38:35.200,0.7319,0.742,20.0,0.7387,24.0,3884.0,51.0
2021-01-05 09:38:35.621,0.7319,0.7429,30.0,0.7387,34.0,3884.0,51.0
2021-01-05 09:38:36.130,0.7319,0.7425,4.0,0.7387,24.0,3884.0,51.0
2021-01-05 09:38:37.160,0.7319,0.7425,4.0,0.739,10.0,3884.0,51.0
2021-01-05 09:38:37.580,0.7319,0.7425,4.0,0.7397,4.0,3884.0,51.0
2021-01-05 09:38:38.161,0.7319,0.7425,4.0,0.7397,24.0,3884.0,51.0
2021-01-05 09:38:38.660,0.7319,0.7425,4.0,0.7397,24.0,3884.0,51.0
2021-01-05 09:38:39.161,0.7319,0.7429,20.0,0.7399,10.0,3884.0,51.0
2021-01-05 09:38:39.651,0.7319,0.7439,30.0,0.7405,4.0,3884.0,51.0
2021-01-05 09:38:40.201,0.7319,0.7439,20.0,0.7411,10.0,3884.0,51.0
2021-01-05 09:38:40.591,0.7319,0.7439,20.0,0.7421,4.0,3884.0,51.0
2021-01-05 09:38:41.140,0.7319,0.7438,10.0,0.7409,10.0,3884.0,51.0
2021-01-05 09:38:41.611,0.7319,0.7438,20.0,0.7413,4.0,3884.0,51.0
2021-01-05 09:38:42.191,0.7319,0.7438,20.0,0.7414,3.0,3884.0,51.0
2021-01-05 09:38:42.700,0.7319,0.7437,6.0,0.7415,4.0,3884.0,51.0
2021-01-05 09:38:43.150,0.7319,0.7443,20.0,0.7416,3.0,3884.0,51.0
2021-01-05 09:38:43.461,0.7319,0.7442,4.0,0.7417,4.0,3884.0,51.0
2021-01-05 09:38:44.110,0.7319,0.7442,4.0,0.7418,3.0,3884.0,51.0
2021-01-05 09:38:44.621,0.7319,0.7423,3.0,0.7409,10.0,3884.0,51.0
2021-01-05 09:38:45.180,0.7319,0.7442,4.0,0.741,3.0,3884.0,51.0
2021-01-05 09:38:45.580,0.7319,0.7442,4.0,0.7406,1.0,3884.0,51.0
2021-01-05 09:38:46.200,0.7319,0.7442,4.0,0.7406,1.0,3884.0,51.0
2021-01-05 09:38:47.140,0.7319,0.7442,4.0,0.7406,1.0,3884.0,51.0
2021-01-05 09:38:47.691,0.7319,0.7442,4.0,0.7406,1.0,3884.0,51.0
2021-01-05 09:38:48.200,0.7319,0.7412,1.0,0.7406,1.0,3884.0,51.0
2021-01-05 09:38:48.531,0.7406,0.7418,20.0,0.7389,10.0,3885.0,52.0
2021-01-05 09:38:49.130,0.7406,0.7433,30.0,0.739,4.0,3885.0,52.0
2021-01-05 09:38:49.670,0.7406,0.7418,4.0,0.739,4.0,3885.0,52.0
2021-01-05 09:38:50.091,0.7406,0.7418,24.0,0.739,4.0,3885.0,52.0
2021-01-05 09:38:51.170,0.7406,0.7418,24.0,0.739,4.0,3885.0,52.0
2021-01-05 09:38:51.691,0.7406,0.7433,30.0,0.7395,10.0,3885.0,52.0
2021-01-05 09:38:52.140,0.7406,0.7427,4.0,0.7399,10.0,3885.0,52.0
2021-01-05 09:38:52.450,0.7406,0.7433,20.0,0.7402,4.0,3885.0,52.0
2021-01-05 09:38:53.160,0.7406,0.7444,30.0,0.7402,24.0,3885.0,52.0
2021-01-05 09:38:53.620,0.7406,0.7434,4.0,0.7402,34.0,3885.0,52.0
2021-01-05 09:38:54.690,0.7406,0.7434,4.0,0.7402,34.0,3885.0,52.0
2021-01-05 09:38:55.191,0.7406,0.7434,4.0,0.7402,34.0,3885.0,52.0
2021-01-05 09:38:55.700,0.7406,0.7444,20.0,0.741,10.0,3885.0,52.0
2021-01-05 09:38:56.190,0.7406,0.744,4.0,0.7411,4.0,3885.0,52.0
2021-01-05 09:38:57.200,0.7406,0.744,24.0,0.7411,4.0,3885.0,52.0
2021-01-05 09:38:57.640,0.7406,0.744,24.0,0.7411,4.0,3885.0,52.0
2021-01-05 09:38:58.161,0.7406,0.744,24.0,0.7415,12.0,3885.0,52.0
2021-01-05 09:38:58.670,0.7406,0.742,9.0,0.7402,20.0,3885.0,52.0
2021-01-05 09:38:59.060,0.7406,0.7439,10.0,0.7402,20.0,3885.0,52.0
2021-01-05 09:39:00.111,0.7406,0.7421,10.0,0.7412,3.0,3885.0,52.0
2021-01-05 09:39:00.660,0.7406,0.7423,4.0,0.7412,3.0,3885.0,52.0
2021-01-05 09:39:01.120,0.7406,0.7427,20.0,0.7412,3.0,3885.0,52.0
2021-01-05 09:39:01.700,0.7406,0.744,20.0,0.7411,10.0,3885.0,52.0
2021-01-05 09:39:02.051,0.7406,0.7431,4.0,0.7411,10.0,3885.0,52.0
2021-01-05 09:39:02.620,0.7406,0.743,10.0,0.7411,10.0,3885.0,52.0
2021-01-05 09:39:03.150,0.7406,0.7429,4.0,0.7411,10.0,3885.0,52.0
2021-01-05 09:39:04.161,0.7406,0.7428,3.0,0.7411,10.0,3885.0,52.0
2021-01-05 09:39:04.430,0.7406,0.7423,4.0,0.7411,10.0,3885.0,52.0
2021-01-05 09:39:05.211,0.7406,0.742,10.0,0.7411,10.0,3885.0,52.0
2021-01-05 09:39:05.651,0.7406,0.7422,7.0,0.7411,10.0,3885.0,52.0
2021-01-05 09:39:06.191,0.7406,0.7422,7.0,0.7411,10.0,3885.0,52.0
2021-01-05 09:39:06.650,0.7406,0.7422,7.0,0.7411,10.0,3885.0,52.0
2021-01-05 09:39:06.650,0.7406,0.7421,10.0,0.7411,10.0,3885.0,52.0
2021-01-05 09:39:08.131,0.7406,0.7421,10.0,0.7411,10.0,3885.0,52.0
2021-01-05 09:39:09.161,0.7406,0.742,3.0,0.7411,10.0,3885.0,52.0
2021-01-05 09:39:09.601,0.7406,0.742,3.0,0.7411,10.0,3885.0,52.0
2021-01-05 09:39:10.191,0.7406,0.742,3.0,0.7411,10.0,3885.0,52.0
2021-01-05 09:39:10.660,0.742,0.7431,20.0,0.7412,9.0,3885.0,55.0
2021-01-05 09:39:11.201,0.742,0.7441,20.0,0.7412,29.0,3885.0,55.0
2021-01-05 09:39:11.670,0.742,0.744,4.0,0.7412,23.0,3885.0,55.0
2021-01-05 09:39:12.220,0.742,0.744,4.0,0.7412,20.0,3885.0,55.0
2021-01-05 09:39:12.690,0.742,0.744,4.0,0.7412,20.0,3885.0,55.0
2021-01-05 09:39:13.170,0.742,0.744,4.0,0.7413,1.0,3885.0,55.0
2021-01-05 09:39:13.720,0.742,0.744,4.0,0.7413,1.0,3885.0,55.0
2021-01-05 09:39:14.160,0.742,0.744,4.0,0.7413,1.0,3885.0,55.0
2021-01-05 09:39:15.220,0.742,0.744,4.0,0.7414,3.0,3885.0,55.0
2021-01-05 09:39:16.121,0.742,0.744,4.0,0.7413,1.0,3885.0,55.0
2021-01-05 09:39:16.600,0.742,0.744,4.0,0.7414,4.0,3885.0,55.0
2021-01-05 09:39:17.650,0.742,0.744,4.0,0.7414,4.0,3885.0,55.0
2021-01-05 09:39:18.221,0.742,0.744,4.0,0.7413,2.0,3885.0,55.0
2021-01-05 09:39:19.710,0.742,0.744,4.0,0.7416,4.0,3885.0,55.0
2021-01-05 09:39:20.180,0.742,0.744,4.0,0.7417,10.0,3885.0,55.0
2021-01-05 09:39:20.741,0.742,0.7441,20.0,0.7418,4.0,3885.0,55.0
2021-01-05 09:39:21.231,0.742,0.7439,4.0,0.7417,7.0,3885.0,55.0
2021-01-05 09:39:21.671,0.742,0.7438,3.0,0.7413,22.0,3885.0,55.0
2021-01-05 09:39:22.140,0.742,0.7441,20.0,0.7417,4.0,3885.0,55.0
2021-01-05 09:39:22.651,0.742,0.7453,30.0,0.7417,4.0,3885.0,55.0
2021-01-05 09:39:23.150,0.742,0.7447,4.0,0.7417,4.0,3885.0,55.0
2021-01-05 09:39:24.151,0.742,0.7447,24.0,0.7414,4.0,3885.0,55.0
2021-01-05 09:39:25.700,0.742,0.7447,24.0,0.7414,4.0,3885.0,55.0
2021-01-05 09:39:29.231,0.742,0.7447,24.0,0.7414,4.0,3885.0,55.0
2021-01-05 09:39:29.721,0.742,0.7447,24.0,0.7414,4.0,3885.0,55.0
2021-01-05 09:39:30.220,0.742,0.7447,24.0,0.7413,2.0,3885.0,55.0
2021-01-05 09:39:30.721,0.742,0.7447,24.0,0.7413,2.0,3885.0,55.0
2021-01-05 09:39:31.121,0.742,0.7444,10.0,0.7413,22.0,3885.0,55.0
2021-01-05 09:39:31.690,0.742,0.7434,4.0,0.7413,2.0,3885.0,55.0
2021-01-05 09:39:32.141,0.742,0.7434,24.0,0.7413,2.0,3885.0,55.0
2021-01-05 09:39:32.700,0.742,0.7434,20.0,0.7414,4.0,3885.0,55.0
2021-01-05 09:39:33.530,0.742,0.7444,10.0,0.7414,4.0,3885.0,55.0
2021-01-05 09:39:33.820,0.742,0.7441,4.0,0.7413,22.0,3885.0,55.0
2021-01-05 09:39:34.631,0.742,0.7441,24.0,0.7413,22.0,3885.0,55.0
2021-01-05 09:39:35.701,0.742,0.7441,24.0,0.7413,2.0,3885.0,55.0
2021-01-05 09:39:36.231,0.742,0.7441,24.0,0.7413,2.0,3885.0,55.0
2021-01-05 09:39:37.221,0.742,0.7441,24.0,0.7413,2.0,3885.0,55.0
2021-01-05 09:39:39.241,0.742,0.7441,24.0,0.7413,2.0,3885.0,55.0
2021-01-05 09:39:41.220,0.742,0.7423,2.0,0.7413,2.0,3885.0,55.0
2021-01-05 09:39:41.750,0.742,0.7441,24.0,0.7415,4.0,3885.0,55.0
2021-01-05 09:39:42.210,0.7415,0.7441,24.0,0.7413,2.0,3888.0,58.0
2021-01-05 09:39:42.580,0.7415,0.7441,24.0,0.7413,2.0,3888.0,58.0
2021-01-05 09:39:43.191,0.7415,0.7441,24.0,0.7413,2.0,3888.0,58.0
2021-01-05 09:39:45.251,0.7415,0.7441,24.0,0.7413,2.0,3888.0,58.0
2021-01-05 09:39:45.750,0.7415,0.7441,24.0,0.7413,2.0,3888.0,58.0
2021-01-05 09:39:46.190,0.7415,0.7441,24.0,0.7413,2.0,3888.0,58.0
2021-01-05 09:39:46.630,0.7415,0.7441,20.0,0.742,1.0,3888.0,58.0
2021-01-05 09:39:47.250,0.7415,0.7441,20.0,0.7413,2.0,3888.0,58.0
2021-01-05 09:39:47.710,0.7415,0.7441,20.0,0.7416,1.0,3888.0,58.0
2021-01-05 09:39:48.140,0.7415,0.744,2.0,0.7414,1.0,3888.0,58.0
2021-01-05 09:39:48.720,0.7415,0.7442,20.0,0.7415,3.0,3888.0,58.0
2021-01-05 09:39:49.241,0.7415,0.7453,30.0,0.7416,1.0,3888.0,58.0
2021-01-05 09:39:49.241,0.7415,0.7446,3.0,0.7416,1.0,3888.0,58.0
2021-01-05 09:39:50.180,0.7415,0.7446,23.0,0.7416,1.0,3888.0,58.0
2021-01-05 09:39:50.701,0.7415,0.7446,20.0,0.7417,10.0,3888.0,58.0
2021-01-05 09:39:51.200,0.7415,0.7453,20.0,0.7424,1.0,3888.0,58.0
2021-01-05 09:39:51.730,0.7415,0.7464,30.0,0.7425,1.0,3888.0,58.0
2021-01-05 09:39:52.251,0.7415,0.7458,3.0,0.7425,1.0,3888.0,58.0
2021-01-05 09:39:52.670,0.7415,0.7458,3.0,0.7425,1.0,3888.0,58.0
2021-01-05 09:39:53.181,0.7415,0.7458,3.0,0.7425,1.0,3888.0,58.0
2021-01-05 09:39:53.630,0.7415,0.7457,10.0,0.742,10.0,3888.0,58.0
2021-01-05 09:39:54.191,0.7415,0.7439,3.0,0.742,30.0,3888.0,58.0
2021-01-05 09:39:54.191,0.7415,0.7444,20.0,0.7421,9.0,3888.0,58.0
2021-01-05 09:39:55.181,0.7415,0.7464,30.0,0.7422,10.0,3888.0,58.0
2021-01-05 09:39:55.640,0.7415,0.7447,3.0,0.7421,9.0,3888.0,58.0
2021-01-05 09:39:56.120,0.7415,0.7464,30.0,0.7426,1.0,3888.0,58.0
2021-01-05 09:39:56.691,0.7415,0.7455,3.0,0.7427,3.0,3888.0,58.0
2021-01-05 09:39:57.181,0.7415,0.7455,23.0,0.7426,20.0,3888.0,58.0
2021-01-05 09:39:57.380,0.7415,0.7455,23.0,0.742,30.0,3888.0,58.0
2021-01-05 09:39:58.170,0.7415,0.7455,23.0,0.742,30.0,3888.0,58.0
2021-01-05 09:39:58.600,0.7415,0.7455,23.0,0.742,10.0,3888.0,58.0
2021-01-05 09:39:59.061,0.7415,0.7455,23.0,0.742,10.0,3888.0,58.0
2021-01-05 09:40:01.570,0.7415,0.7455,33.0,0.7415,23.0,3888.0,58.0
2021-01-05 09:40:02.200,0.7415,0.7455,33.0,0.7415,20.0,3888.0,58.0
2021-01-05 09:40:02.671,0.7415,0.7446,10.0,0.7413,2.0,3888.0,58.0
2021-01-05 09:40:03.171,0.7415,0.7439,3.0,0.7413,2.0,3888.0,58.0
2021-01-05 09:40:03.691,0.7415,0.7439,23.0,0.7413,2.0,3888.0,58.0
2021-01-05 09:40:04.160,0.7415,0.7439,23.0,0.7414,3.0,3888.0,58.0
2021-01-05 09:40:04.700,0.7415,0.7439,23.0,0.7413,2.0,3888.0,58.0
2021-01-05 09:40:07.700,0.7415,0.7439,23.0,0.7413,2.0,3888.0,58.0
2021-01-05 09:40:07.991,0.7415,0.7439,23.0,0.7413,2.0,3888.0,58.0
2021-01-05 09:40:08.690,0.7415,0.7439,23.0,0.7413,2.0,3888.0,58.0
2021-01-05 09:40:09.191,0.7415,0.742,2.0,0.7413,2.0,3888.0,58.0
2021-01-05 09:40:09.441,0.7415,0.7419,4.0,0.7413,2.0,3888.0,58.0
2021-01-05 09:40:10.150,0.7415,0.7419,24.0,0.7413,2.0,3888.0,58.0
2021-01-05 09:40:10.680,0.7415,0.7419,4.0,0.7413,2.0,3888.0,58.0
2021-01-05 09:40:11.170,0.7415,0.7427,20.0,0.7414,3.0,3888.0,58.0
2021-01-05 09:40:11.671,0.7415,0.7435,10.0,0.7413,2.0,3888.0,58.0
2021-01-05 09:40:12.190,0.7415,0.7426,6.0,0.7413,2.0,3888.0,58.0
2021-01-05 09:40:12.380,0.7413,0.7417,2.0,0.7414,1.0,3889.0,59.0
2021-01-05 09:40:13.170,0.7414,0.7417,20.0,0.7399,20.0,3890.0,60.0
2021-01-05 09:40:13.700,0.7414,0.7425,5.0,0.7391,30.0,3890.0,60.0
2021-01-05 09:40:14.150,0.7414,0.7425,5.0,0.7391,20.0,3890.0,60.0
2021-01-05 09:40:14.701,0.7414,0.7425,3.0,0.7385,30.0,3890.0,60.0
2021-01-05 09:40:15.690,0.7414,0.7425,3.0,0.7385,30.0,3890.0,60.0
2021-01-05 09:40:16.610,0.7414,0.7425,3.0,0.739,1.0,3890.0,60.0
2021-01-05 09:40:17.191,0.7414,0.7425,3.0,0.739,20.0,3890.0,60.0
2021-01-05 09:40:17.661,0.7414,0.7425,3.0,0.7385,30.0,3890.0,60.0
2021-01-05 09:40:18.161,0.7414,0.7425,3.0,0.7385,20.0,3890.0,60.0
2021-01-05 09:40:18.701,0.7414,0.7425,3.0,0.7385,20.0,3890.0,60.0
2021-01-05 09:40:19.190,0.7414,0.7425,3.0,0.7385,30.0,3890.0,60.0
2021-01-05 09:40:19.711,0.7414,0.7425,3.0,0.739,1.0,3890.0,60.0
2021-01-05 09:40:20.191,0.7414,0.7425,3.0,0.7399,4.0,3890.0,60.0
2021-01-05 09:40:20.691,0.7414,0.7425,3.0,0.74,3.0,3890.0,60.0
2021-01-05 09:40:21.021,0.7414,0.7426,20.0,0.7407,1.0,3890.0,60.0
2021-01-05 09:40:21.701,0.7414,0.7425,2.0,0.7407,21.0,3890.0,60.0
2021-01-05 09:40:22.210,0.7414,0.7425,2.0,0.7408,3.0,3890.0,60.0
2021-01-05 09:40:22.591,0.7414,0.7425,2.0,0.7408,3.0,3890.0,60.0
2021-01-05 09:40:23.000,0.7414,0.7427,20.0,0.7411,1.0,3890.0,60.0
2021-01-05 09:40:24.160,0.7414,0.7444,30.0,0.7411,1.0,3890.0,60.0
2021-01-05 09:40:24.531,0.7414,0.7436,3.0,0.7411,1.0,3890.0,60.0
2021-01-05 09:40:24.760,0.7414,0.7436,3.0,0.7408,3.0,3890.0,60.0
2021-01-05 09:40:25.551,0.7414,0.7436,23.0,0.7408,3.0,3890.0,60.0
2021-01-05 09:40:26.181,0.7414,0.7436,3.0,0.7411,5.0,3890.0,60.0
2021-01-05 09:40:26.650,0.7414,0.7436,23.0,0.7408,3.0,3890.0,60.0
2021-01-05 09:40:27.101,0.7414,0.7444,30.0,0.7414,1.0,3890.0,60.0
2021-01-05 09:40:27.701,0.7414,0.7436,20.0,0.7414,1.0,3890.0,60.0
2021-01-05 09:40:28.110,0.7414,0.7442,3.0,0.7414,1.0,3890.0,60.0
2021-01-05 09:40:30.150,0.7414,0.7442,3.0,0.7414,1.0,3890.0,60.0
2021-01-05 09:40:32.611,0.7414,0.7442,3.0,0.7413,20.0,3890.0,60.0
2021-01-05 09:40:33.191,0.7414,0.7442,3.0,0.7408,3.0,3890.0,60.0
2021-01-05 09:40:33.430,0.7414,0.7442,3.0,0.7401,20.0,3890.0,60.0
2021-01-05 09:40:34.561,0.7414,0.7442,3.0,0.7402,1.0,3890.0,60.0
2021-01-05 09:40:35.201,0.7414,0.7442,3.0,0.7402,1.0,3890.0,60.0
2021-01-05 09:40:36.620,0.7414,0.7442,3.0,0.7412,3.0,3890.0,60.0
2021-01-05 09:40:37.201,0.7414,0.7442,3.0,0.7409,20.0,3890.0,60.0
2021-01-05 09:40:37.700,0.7414,0.7442,3.0,0.741,1.0,3890.0,60.0
2021-01-05 09:40:38.130,0.7442,0.7442,2.0,0.741,1.0,3891.0,61.0
2021-01-05 09:40:38.651,0.7442,0.7442,2.0,0.7407,20.0,3891.0,61.0
2021-01-05 09:40:39.041,0.7442,0.7442,2.0,0.7401,20.0,3891.0,61.0
2021-01-05 09:40:39.450,0.7442,0.7442,2.0,0.7404,2.0,3891.0,61.0
2021-01-05 09:40:40.061,0.7442,0.7442,2.0,0.7404,2.0,3891.0,61.0
2021-01-05 09:40:41.191,0.7442,0.7442,2.0,0.7401,20.0,3891.0,61.0
2021-01-05 09:40:41.640,0.7442,0.7433,10.0,0.7396,20.0,3891.0,61.0
2021-01-05 09:40:42.180,0.7427,0.7427,1.0,0.7399,2.0,3892.0,62.0
2021-01-05 09:40:43.191,0.7427,0.7427,21.0,0.7399,2.0,3892.0,62.0
2021-01-05 09:40:43.621,0.7427,0.7427,21.0,0.7399,2.0,3892.0,62.0
2021-01-05 09:40:44.161,0.7427,0.7427,21.0,0.7399,2.0,3892.0,62.0
2021-01-05 09:40:48.700,0.7427,0.7427,21.0,0.739,20.0,3892.0,62.0
2021-01-05 09:40:49.111,0.7427,0.7427,21.0,0.7396,20.0,3892.0,62.0
2021-01-05 09:40:49.640,0.7427,0.7427,21.0,0.7397,3.0,3892.0,62.0
2021-01-05 09:40:50.181,0.7427,0.7427,21.0,0.7397,3.0,3892.0,62.0
2021-01-05 09:40:50.671,0.7427,0.7427,21.0,0.7397,3.0,3892.0,62.0
2021-01-05 09:40:52.181,0.7427,0.7427,21.0,0.7397,13.0,3892.0,62.0
2021-01-05 09:40:53.611,0.7427,0.7427,21.0,0.7397,13.0,3892.0,62.0
2021-01-05 09:40:54.141,0.7427,0.7427,21.0,0.7397,13.0,3892.0,62.0
2021-01-05 09:40:54.141,0.7427,0.7427,21.0,0.7397,13.0,3892.0,62.0
2021-01-05 09:40:55.111,0.7427,0.7427,21.0,0.7397,13.0,3892.0,62.0
2021-01-05 09:40:56.121,0.7427,0.7427,21.0,0.7397,13.0,3892.0,62.0
2021-01-05 09:40:56.711,0.7427,0.7427,21.0,0.7397,13.0,3892.0,62.0
2021-01-05 09:40:57.051,0.7427,0.7427,20.0,0.7397,13.0,3892.0,62.0
2021-01-05 09:40:57.710,0.7427,0.7427,20.0,0.7397,13.0,3892.0,62.0
2021-01-05 09:40:58.200,0.7427,0.7433,30.0,0.7397,13.0,3892.0,62.0
2021-01-05 09:40:58.721,0.7427,0.743,1.0,0.7397,13.0,3892.0,62.0
2021-01-05 09:40:58.980,0.7427,0.743,1.0,0.7397,13.0,3892.0,62.0
2021-01-05 09:40:59.650,0.7427,0.743,1.0,0.7397,13.0,3892.0,62.0
2021-01-05 09:41:01.041,0.7427,0.743,1.0,0.7397,13.0,3892.0,62.0
2021-01-05 09:41:01.650,0.7427,0.743,1.0,0.7397,13.0,3892.0,62.0
2021-01-05 09:41:03.110,0.7427,0.743,1.0,0.7397,13.0,3892.0,62.0
2021-01-05 09:41:05.220,0.7427,0.743,1.0,0.7397,13.0,3892.0,62.0
2021-01-05 09:41:06.221,0.7427,0.743,1.0,0.7397,13.0,3892.0,62.0
2021-01-05 09:41:06.710,0.7427,0.743,1.0,0.7397,13.0,3892.0,62.0
2021-01-05 09:41:07.100,0.7427,0.743,1.0,0.7399,10.0,3892.0,62.0
2021-01-05 09:41:07.611,0.7427,0.743,1.0,0.7406,3.0,3892.0,62.0
2021-01-05 09:41:08.201,0.7427,0.7433,20.0,0.7407,1.0,3892.0,62.0
2021-01-05 09:41:08.701,0.7427,0.7433,20.0,0.7407,1.0,3892.0,62.0
2021-01-05 09:41:09.210,0.7427,0.7443,30.0,0.7407,1.0,3892.0,62.0
2021-01-05 09:41:09.650,0.7427,0.7433,20.0,0.7408,3.0,3892.0,62.0
2021-01-05 09:41:10.220,0.7427,0.7437,1.0,0.7408,3.0,3892.0,62.0
2021-01-05 09:41:10.710,0.7427,0.7437,21.0,0.7409,3.0,3892.0,62.0
2021-01-05 09:41:11.140,0.7427,0.7443,20.0,0.7416,3.0,3892.0,62.0
2021-01-05 09:41:11.711,0.7427,0.7437,20.0,0.7416,3.0,3892.0,62.0
2021-01-05 09:41:12.151,0.7427,0.7436,6.0,0.7416,3.0,3892.0,62.0
2021-01-05 09:41:12.351,0.7427,0.7436,26.0,0.7414,20.0,3892.0,62.0
2021-01-05 09:41:13.161,0.7427,0.7436,26.0,0.7408,10.0,3892.0,62.0
2021-01-05 09:41:13.670,0.7427,0.7431,1.0,0.7408,10.0,3892.0,62.0
2021-01-05 09:41:13.980,0.7427,0.7443,20.0,0.7411,3.0,3892.0,62.0
2021-01-05 09:41:14.671,0.7427,0.7434,20.0,0.7411,3.0,3892.0,62.0
2021-01-05 09:41:15.050,0.7427,0.7433,1.0,0.7409,3.0,3892.0,62.0
2021-01-05 09:41:15.301,0.7427,0.7433,1.0,0.7409,3.0,3892.0,62.0
2021-01-05 09:41:16.210,0.7427,0.7432,6.0,0.7401,20.0,3892.0,62.0
2021-01-05 09:41:16.210,0.7427,0.7432,6.0,0.7406,3.0,3892.0,62.0
2021-01-05 09:41:17.211,0.7427,0.7432,6.0,0.7407,3.0,3892.0,62.0
2021-01-05 09:41:17.670,0.7427,0.7432,6.0,0.7409,3.0,3892.0,62.0
2021-01-05 09:41:18.141,0.7427,0.7433,1.0,0.7409,3.0,3892.0,62.0
2021-01-05 09:41:18.661,0.7427,0.744,20.0,0.7409,23.0,3892.0,62.0
2021-01-05 09:41:19.960,0.7427,0.7437,1.0,0.7409,23.0,3892.0,62.0
2021-01-05 09:41:21.551,0.7427,0.7437,1.0,0.7409,23.0,3892.0,62.0
2021-01-05 09:41:22.190,0.7427,0.7437,1.0,0.7409,23.0,3892.0,62.0
2021-01-05 09:41:22.571,0.7427,0.744,20.0,0.7409,23.0,3892.0,62.0
2021-01-05 09:41:24.150,0.7427,0.7439,1.0,0.7409,23.0,3892.0,62.0
2021-01-05 09:41:25.120,0.7427,0.7439,1.0,0.7409,23.0,3892.0,62.0
2021-01-05 09:41:25.520,0.7427,0.744,20.0,0.7409,23.0,3892.0,62.0
2021-01-05 09:41:26.190,0.7427,0.744,20.0,0.7409,23.0,3892.0,62.0
2021-01-05 09:41:26.670,0.7427,0.7452,30.0,0.7409,23.0,3892.0,62.0
2021-01-05 09:41:27.131,0.7427,0.7449,1.0,0.7409,23.0,3892.0,62.0
2021-01-05 09:41:27.710,0.7427,0.7449,1.0,0.7414,10.0,3892.0,62.0
2021-01-05 09:41:28.011,0.7427,0.7449,1.0,0.7421,3.0,3892.0,62.0
2021-01-05 09:41:28.540,0.7427,0.7449,1.0,0.7421,3.0,3892.0,62.0
2021-01-05 09:41:29.001,0.7427,0.7449,1.0,0.7421,3.0,3892.0,62.0
2021-01-05 09:41:30.670,0.7427,0.7449,1.0,0.7421,3.0,3892.0,62.0
2021-01-05 09:41:33.621,0.7427,0.7449,1.0,0.7419,20.0,3892.0,62.0
2021-01-05 09:41:33.990,0.7427,0.7449,1.0,0.7414,20.0,3892.0,62.0
2021-01-05 09:41:34.720,0.7427,0.7449,1.0,0.7408,30.0,3892.0,62.0
2021-01-05 09:41:35.000,0.7427,0.7449,1.0,0.7417,3.0,3892.0,62.0
2021-01-05 09:41:35.721,0.7427,0.7449,1.0,0.7417,3.0,3892.0,62.0
2021-01-05 09:41:35.970,0.7427,0.7452,20.0,0.742,10.0,3892.0,62.0
2021-01-05 09:41:36.720,0.7427,0.7464,30.0,0.743,3.0,3892.0,62.0
2021-01-05 09:41:37.210,0.7427,0.7456,1.0,0.743,3.0,3892.0,62.0
2021-01-05 09:41:37.711,0.7427,0.7456,21.0,0.7431,3.0,3892.0,62.0
2021-01-05 09:41:37.990,0.7427,0.7456,20.0,0.7435,3.0,3892.0,62.0
2021-01-05 09:41:38.650,0.7427,0.7456,20.0,0.743,20.0,3892.0,62.0
2021-01-05 09:41:39.221,0.7427,0.7455,6.0,0.743,20.0,3892.0,62.0
2021-01-05 09:41:39.521,0.7427,0.7455,6.0,0.743,20.0,3892.0,62.0
2021-01-05 09:41:40.231,0.7427,0.7453,1.0,0.743,20.0,3892.0,62.0
2021-01-05 09:41:41.130,0.7427,0.7453,1.0,0.7428,10.0,3892.0,62.0
2021-01-05 09:41:41.730,0.7427,0.7453,1.0,0.7425,20.0,3892.0,62.0
2021-01-05 09:41:42.201,0.7427,0.7453,1.0,0.7419,10.0,3892.0,62.0
2021-01-05 09:41:42.700,0.7427,0.7453,1.0,0.7419,10.0,3892.0,62.0
2021-01-05 09:41:44.671,0.7427,0.7453,1.0,0.7421,3.0,3892.0,62.0
2021-01-05 09:41:45.701,0.7427,0.7453,1.0,0.7421,3.0,3892.0,62.0
2021-01-05 09:41:46.191,0.7427,0.7453,1.0,0.7421,3.0,3892.0,62.0
2021-01-05 09:41:46.661,0.7427,0.7453,1.0,0.7421,3.0,3892.0,62.0
2021-01-05 09:41:47.201,0.7427,0.7453,1.0,0.7421,3.0,3892.0,62.0
2021-01-05 09:41:48.181,0.7427,0.7456,20.0,0.7424,10.0,3892.0,62.0
2021-01-05 09:41:48.740,0.7427,0.7463,30.0,0.7432,3.0,3892.0,62.0
2021-01-05 09:41:49.191,0.7427,0.7455,1.0,0.7424,20.0,3892.0,62.0
2021-01-05 09:41:49.620,0.7427,0.7455,1.0,0.7432,20.0,3892.0,62.0
2021-01-05 09:41:50.231,0.7427,0.7463,20.0,0.7437,3.0,3892.0,62.0
2021-01-05 09:41:50.751,0.7427,0.7456,20.0,0.7437,3.0,3892.0,62.0
2021-01-05 09:41:51.101,0.7427,0.7455,6.0,0.7431,10.0,3892.0,62.0
2021-01-05 09:41:51.760,0.7427,0.7455,6.0,0.7435,3.0,3892.0,62.0
2021-01-05 09:41:52.261,0.7427,0.7455,6.0,0.7435,3.0,3892.0,62.0
2021-01-05 09:41:52.561,0.7427,0.7461,20.0,0.7435,23.0,3892.0,62.0
2021-01-05 09:41:53.151,0.7427,0.7475,30.0,0.7438,10.0,3892.0,62.0
2021-01-05 09:41:53.650,0.7427,0.7471,1.0,0.7442,3.0,3892.0,62.0
2021-01-05 09:41:54.161,0.7427,0.7471,1.0,0.7442,3.0,3892.0,62.0
2021-01-05 09:41:54.670,0.7427,0.7471,1.0,0.7442,23.0,3892.0,62.0
2021-01-05 09:41:55.101,0.7427,0.7471,1.0,0.7442,33.0,3892.0,62.0
2021-01-05 09:41:55.671,0.7427,0.7471,1.0,0.7442,23.0,3892.0,62.0
2021-01-05 09:41:56.151,0.7427,0.7471,1.0,0.7442,33.0,3892.0,62.0
2021-01-05 09:41:56.670,0.7427,0.7471,1.0,0.7442,23.0,3892.0,62.0
2021-01-05 09:41:57.110,0.7427,0.7471,1.0,0.7443,10.0,3892.0,62.0
2021-01-05 09:41:57.640,0.7427,0.7471,1.0,0.7446,3.0,3892.0,62.0
2021-01-05 09:41:58.130,0.7427,0.747,6.0,0.7446,3.0,3892.0,62.0
2021-01-05 09:41:58.630,0.7427,0.747,26.0,0.7446,3.0,3892.0,62.0
2021-01-05 09:42:00.151,0.7427,0.747,20.0,0.7446,3.0,3892.0,62.0
2021-01-05 09:42:00.701,0.7427,0.7469,6.0,0.7446,3.0,3892.0,62.0
2021-01-05 09:42:01.651,0.7427,0.7469,6.0,0.7446,3.0,3892.0,62.0
2021-01-05 09:42:02.201,0.7427,0.7469,6.0,0.7446,3.0,3892.0,62.0
2021-01-05 09:42:02.641,0.7427,0.7475,20.0,0.7446,3.0,3892.0,62.0
2021-01-05 09:42:03.161,0.7427,0.7468,6.0,0.7446,3.0,3892.0,62.0
2021-01-05 09:42:03.690,0.7427,0.7468,6.0,0.7446,3.0,3892.0,62.0
2021-01-05 09:42:04.110,0.7427,0.7468,6.0,0.7446,3.0,3892.0,62.0
2021-01-05 09:42:04.641,0.7427,0.7468,6.0,0.7446,3.0,3892.0,62.0
2021-01-05 09:42:05.211,0.7427,0.7468,6.0,0.7447,3.0,3892.0,62.0
2021-01-05 09:42:05.711,0.7427,0.7473,20.0,0.7448,3.0,3892.0,62.0
2021-01-05 09:42:06.181,0.7427,0.7473,20.0,0.7448,3.0,3892.0,62.0
2021-01-05 09:42:06.690,0.7427,0.7483,30.0,0.7446,3.0,3892.0,62.0
2021-01-05 09:42:06.731,0.7427,0.7473,1.0,0.7446,3.0,3892.0,62.0
2021-01-05 09:42:07.421,0.7427,0.7473,21.0,0.7447,3.0,3892.0,62.0
2021-01-05 09:42:08.220,0.7427,0.7473,21.0,0.7447,3.0,3892.0,62.0
2021-01-05 09:42:09.230,0.7427,0.7473,21.0,0.7448,3.0,3892.0,62.0
2021-01-05 09:42:09.551,0.7427,0.7473,21.0,0.7449,6.0,3892.0,62.0
2021-01-05 09:42:10.220,0.7427,0.7473,21.0,0.7449,6.0,3892.0,62.0
2021-01-05 09:42:10.590,0.7427,0.7473,20.0,0.745,7.0,3892.0,62.0
2021-01-05 09:42:10.971,0.7427,0.7483,20.0,0.7451,3.0,3892.0,62.0
2021-01-05 09:42:11.691,0.7427,0.7493,30.0,0.746,1.0,3892.0,62.0
2021-01-05 09:42:12.210,0.7427,0.7487,1.0,0.746,1.0,3892.0,62.0
2021-01-05 09:42:12.721,0.7427,0.7487,21.0,0.746,21.0,3892.0,62.0
2021-01-05 09:42:13.211,0.7427,0.7487,21.0,0.746,21.0,3892.0,62.0
2021-01-05 09:42:13.731,0.7427,0.7487,21.0,0.746,1.0,3892.0,62.0
2021-01-05 09:42:14.671,0.7427,0.7487,21.0,0.746,1.0,3892.0,62.0
2021-01-05 09:42:16.181,0.7427,0.7487,21.0,0.746,1.0,3892.0,62.0
2021-01-05 09:42:16.651,0.7427,0.7487,21.0,0.746,1.0,3892.0,62.0
2021-01-05 09:42:17.681,0.7427,0.7487,21.0,0.746,1.0,3892.0,62.0
2021-01-05 09:42:18.100,0.7427,0.7487,21.0,0.746,1.0,3892.0,62.0
2021-01-05 09:42:18.570,0.7427,0.7487,21.0,0.746,1.0,3892.0,62.0
2021-01-05 09:42:19.210,0.7427,0.7487,31.0,0.746,1.0,3892.0,62.0
2021-01-05 09:42:20.150,0.746,0.7487,31.0,0.7451,20.0,3892.0,63.0
2021-01-05 09:42:20.680,0.746,0.7487,31.0,0.7454,3.0,3892.0,63.0
2021-01-05 09:42:21.231,0.746,0.7487,31.0,0.7454,3.0,3892.0,63.0
2021-01-05 09:42:21.621,0.746,0.7487,31.0,0.7452,1.0,3892.0,63.0
2021-01-05 09:42:22.221,0.746,0.7487,21.0,0.7453,3.0,3892.0,63.0
2021-01-05 09:42:24.151,0.746,0.7487,21.0,0.7453,3.0,3892.0,63.0
2021-01-05 09:42:24.670,0.746,0.7487,21.0,0.7453,3.0,3892.0,63.0
2021-01-05 09:42:25.200,0.746,0.7487,21.0,0.7453,3.0,3892.0,63.0
2021-01-05 09:42:25.511,0.746,0.7487,21.0,0.7453,3.0,3892.0,63.0
2021-01-05 09:42:27.651,0.746,0.7487,21.0,0.7453,3.0,3892.0,63.0
2021-01-05 09:42:28.130,0.746,0.7487,21.0,0.7453,3.0,3892.0,63.0
2021-01-05 09:42:29.720,0.746,0.7487,21.0,0.7455,10.0,3892.0,63.0
2021-01-05 09:42:29.890,0.746,0.7487,21.0,0.7458,3.0,3892.0,63.0
2021-01-05 09:42:30.710,0.746,0.7487,21.0,0.7458,23.0,3892.0,63.0
2021-01-05 09:42:31.200,0.746,0.7487,21.0,0.7458,23.0,3892.0,63.0
2021-01-05 09:42:31.720,0.746,0.7487,21.0,0.7458,23.0,3892.0,63.0
2021-01-05 09:42:32.721,0.746,0.7487,21.0,0.7458,33.0,3892.0,63.0
2021-01-05 09:42:34.210,0.746,0.7487,21.0,0.7458,33.0,3892.0,63.0
2021-01-05 09:42:37.251,0.746,0.7487,21.0,0.7458,33.0,3892.0,63.0
2021-01-05 09:42:38.661,0.746,0.7487,21.0,0.7458,33.0,3892.0,63.0
2021-01-05 09:42:40.221,0.746,0.7487,21.0,0.7458,33.0,3892.0,63.0
2021-01-05 09:42:41.120,0.746,0.7487,20.0,0.7458,33.0,3892.0,63.0
2021-01-05 09:42:42.250,0.746,0.7501,30.0,0.7458,33.0,3892.0,63.0
2021-01-05 09:42:42.661,0.746,0.7493,1.0,0.7458,33.0,3892.0,63.0
2021-01-05 09:42:43.251,0.746,0.7493,21.0,0.7458,33.0,3892.0,63.0
2021-01-05 09:42:43.741,0.746,0.7493,21.0,0.7458,33.0,3892.0,63.0
2021-01-05 09:42:44.751,0.746,0.7493,21.0,0.7462,10.0,3892.0,63.0
2021-01-05 09:42:45.031,0.746,0.7493,21.0,0.7464,3.0,3892.0,63.0
2021-01-05 09:42:45.650,0.746,0.7493,21.0,0.7464,23.0,3892.0,63.0
2021-01-05 09:42:46.240,0.746,0.7493,21.0,0.7464,23.0,3892.0,63.0
2021-01-05 09:42:47.160,0.746,0.7493,20.0,0.7464,23.0,3892.0,63.0
2021-01-05 09:42:48.171,0.746,0.7501,20.0,0.7464,23.0,3892.0,63.0
2021-01-05 09:42:48.630,0.746,0.7494,1.0,0.7464,23.0,3892.0,63.0
2021-01-05 09:42:49.750,0.746,0.7494,21.0,0.7464,23.0,3892.0,63.0
2021-01-05 09:42:50.261,0.746,0.7494,21.0,0.7464,23.0,3892.0,63.0
2021-01-05 09:42:50.720,0.746,0.7494,21.0,0.7464,23.0,3892.0,63.0
2021-01-05 09:42:53.640,0.746,0.7494,21.0,0.7464,23.0,3892.0,63.0
2021-01-05 09:42:55.190,0.746,0.7494,21.0,0.7464,23.0,3892.0,63.0
2021-01-05 09:42:55.701,0.746,0.7494,21.0,0.7464,23.0,3892.0,63.0
2021-01-05 09:42:56.191,0.746,0.7494,20.0,0.7464,23.0,3892.0,63.0
2021-01-05 09:42:56.631,0.746,0.7501,20.0,0.7464,23.0,3892.0,63.0
2021-01-05 09:42:56.660,0.746,0.75,1.0,0.7464,23.0,3892.0,63.0
2021-01-05 09:42:57.661,0.746,0.75,1.0,0.7464,23.0,3892.0,63.0
2021-01-05 09:42:58.220,0.746,0.75,1.0,0.7467,10.0,3892.0,63.0
2021-01-05 09:42:58.731,0.746,0.75,1.0,0.7468,3.0,3892.0,63.0
2021-01-05 09:42:59.230,0.746,0.75,1.0,0.7468,3.0,3892.0,63.0
2021-01-05 09:42:59.651,0.746,0.75,1.0,0.7468,3.0,3892.0,63.0
2021-01-05 09:43:00.200,0.746,0.75,1.0,0.7468,3.0,3892.0,63.0
2021-01-05 09:43:00.721,0.746,0.75,1.0,0.7468,3.0,3892.0,63.0
2021-01-05 09:43:01.211,0.746,0.75,1.0,0.7468,3.0,3892.0,63.0
2021-01-05 09:43:02.091,0.746,0.7501,20.0,0.7468,3.0,3892.0,63.0
2021-01-05 09:43:02.681,0.746,0.7511,30.0,0.7472,2.0,3892.0,63.0
2021-01-05 09:43:03.241,0.746,0.7505,1.0,0.7477,3.0,3892.0,63.0
2021-01-05 09:43:03.701,0.746,0.7505,21.0,0.7478,3.0,3892.0,63.0
2021-01-05 09:43:04.240,0.746,0.7505,21.0,0.7477,23.0,3892.0,63.0
2021-01-05 09:43:04.240,0.746,0.7505,21.0,0.7472,20.0,3892.0,63.0
2021-01-05 09:43:05.251,0.746,0.7505,21.0,0.7467,10.0,3892.0,63.0
2021-01-05 09:43:05.681,0.746,0.7505,21.0,0.7469,3.0,3892.0,63.0
2021-01-05 09:43:06.171,0.746,0.7501,10.0,0.7469,3.0,3892.0,63.0
2021-01-05 09:43:06.500,0.746,0.7479,3.0,0.7469,3.0,3892.0,63.0
2021-01-05 09:43:07.231,0.746,0.748,20.0,0.7479,3.0,3892.0,63.0
2021-01-05 09:43:07.610,0.748,0.7493,21.0,0.747,3.0,3892.0,71.0
2021-01-05 09:43:08.071,0.748,0.7492,6.0,0.7459,20.0,3892.0,71.0
2021-01-05 09:43:08.640,0.748,0.749,1.0,0.7461,3.0,3892.0,71.0
2021-01-05 09:43:09.231,0.748,0.749,1.0,0.7461,3.0,3892.0,71.0
2021-01-05 09:43:10.150,0.748,0.7493,20.0,0.7461,13.0,3892.0,71.0
2021-01-05 09:43:10.761,0.748,0.7501,10.0,0.7462,7.0,3892.0,71.0
2021-01-05 09:43:11.170,0.748,0.7492,1.0,0.7463,3.0,3892.0,71.0
2021-01-05 09:43:11.750,0.748,0.7492,1.0,0.7463,3.0,3892.0,71.0
2021-01-05 09:43:13.210,0.748,0.7492,1.0,0.7463,3.0,3892.0,71.0
2021-01-05 09:43:13.721,0.748,0.7492,1.0,0.7459,20.0,3892.0,71.0
2021-01-05 09:43:14.270,0.748,0.7492,1.0,0.7459,20.0,3892.0,71.0
2021-01-05 09:43:15.241,0.748,0.7492,1.0,0.7457,10.0,3892.0,71.0
2021-01-05 09:43:16.720,0.748,0.7492,1.0,0.7457,10.0,3892.0,71.0
2021-01-05 09:43:18.270,0.748,0.7492,1.0,0.7457,10.0,3892.0,71.0
2021-01-05 09:43:21.271,0.748,0.7492,1.0,0.7457,10.0,3892.0,71.0
2021-01-05 09:43:21.701,0.748,0.7492,1.0,0.746,3.0,3892.0,71.0
2021-01-05 09:43:22.281,0.748,0.7492,1.0,0.746,3.0,3892.0,71.0
2021-01-05 09:43:22.641,0.748,0.7492,1.0,0.746,23.0,3892.0,71.0
2021-01-05 09:43:23.190,0.748,0.7492,1.0,0.746,23.0,3892.0,71.0
2021-01-05 09:43:24.120,0.748,0.7492,1.0,0.746,24.0,3892.0,71.0
2021-01-05 09:43:25.701,0.748,0.7492,1.0,0.746,24.0,3892.0,71.0
2021-01-05 09:43:26.181,0.748,0.7495,20.0,0.746,24.0,3892.0,71.0
2021-01-05 09:43:26.621,0.748,0.7493,1.0,0.746,24.0,3892.0,71.0
2021-01-05 09:43:27.190,0.748,0.7493,1.0,0.7461,10.0,3892.0,71.0
2021-01-05 09:43:27.551,0.748,0.7493,21.0,0.7467,3.0,3892.0,71.0
2021-01-05 09:43:28.000,0.748,0.7493,21.0,0.7468,3.0,3892.0,71.0
2021-01-05 09:43:29.660,0.748,0.7493,21.0,0.7468,3.0,3892.0,71.0
2021-01-05 09:43:30.701,0.748,0.7493,21.0,0.7467,23.0,3892.0,71.0
2021-01-05 09:43:31.111,0.748,0.7493,21.0,0.7467,23.0,3892.0,71.0
2021-01-05 09:43:31.720,0.748,0.7493,21.0,0.7468,3.0,3892.0,71.0
2021-01-05 09:43:32.181,0.748,0.7493,21.0,0.7469,3.0,3892.0,71.0
2021-01-05 09:43:33.141,0.748,0.7492,6.0,0.7469,3.0,3892.0,71.0
2021-01-05 09:43:33.600,0.748,0.7491,1.0,0.7468,3.0,3892.0,71.0
2021-01-05 09:43:34.221,0.748,0.7491,1.0,0.7467,20.0,3892.0,71.0
2021-01-05 09:43:34.661,0.748,0.7491,1.0,0.746,21.0,3892.0,71.0
2021-01-05 09:43:34.991,0.748,0.7491,1.0,0.7466,3.0,3892.0,71.0
2021-01-05 09:43:35.610,0.748,0.7491,1.0,0.7466,23.0,3892.0,71.0
2021-01-05 09:43:36.221,0.748,0.749,6.0,0.7466,23.0,3892.0,71.0
2021-01-05 09:43:36.661,0.748,0.7489,1.0,0.7466,23.0,3892.0,71.0
2021-01-05 09:43:37.181,0.748,0.7489,1.0,0.7467,3.0,3892.0,71.0
2021-01-05 09:43:37.631,0.748,0.7489,1.0,0.7467,3.0,3892.0,71.0
2021-01-05 09:43:38.680,0.748,0.7489,1.0,0.7468,2.0,3892.0,71.0
2021-01-05 09:43:39.241,0.748,0.7489,1.0,0.7468,2.0,3892.0,71.0
2021-01-05 09:43:40.230,0.748,0.7493,20.0,0.7468,2.0,3892.0,71.0
2021-01-05 09:43:40.361,0.748,0.7501,10.0,0.7467,3.0,3892.0,71.0
2021-01-05 09:43:41.200,0.748,0.7493,1.0,0.7466,20.0,3892.0,71.0
2021-01-05 09:43:41.671,0.748,0.7493,21.0,0.7467,1.0,3892.0,71.0
2021-01-05 09:43:42.191,0.748,0.7493,21.0,0.746,21.0,3892.0,71.0
2021-01-05 09:43:42.741,0.748,0.7493,21.0,0.7465,3.0,3892.0,71.0
2021-01-05 09:43:43.081,0.748,0.7493,21.0,0.7465,23.0,3892.0,71.0
2021-01-05 09:43:43.711,0.748,0.7493,21.0,0.7465,20.0,3892.0,71.0
2021-01-05 09:43:44.251,0.748,0.7493,21.0,0.746,21.0,3892.0,71.0
2021-01-05 09:43:44.670,0.748,0.7493,21.0,0.7462,3.0,3892.0,71.0
2021-01-05 09:43:45.421,0.748,0.7493,21.0,0.7462,3.0,3892.0,71.0
2021-01-05 09:43:46.151,0.748,0.7493,21.0,0.7462,3.0,3892.0,71.0
2021-01-05 09:43:47.250,0.748,0.7493,21.0,0.7462,3.0,3892.0,71.0
2021-01-05 09:43:48.220,0.748,0.7493,21.0,0.7466,1.0,3892.0,71.0
2021-01-05 09:43:48.641,0.748,0.7493,21.0,0.746,21.0,3892.0,71.0
2021-01-05 09:43:49.061,0.748,0.7493,21.0,0.746,21.0,3892.0,71.0
2021-01-05 09:43:50.170,0.748,0.7493,21.0,0.746,1.0,3892.0,71.0
2021-01-05 09:43:50.650,0.748,0.7491,10.0,0.746,1.0,3892.0,71.0
2021-01-05 09:43:51.221,0.748,0.7476,1.0,0.746,1.0,3892.0,71.0
2021-01-05 09:43:51.660,0.748,0.7476,21.0,0.7461,3.0,3892.0,71.0
2021-01-05 09:43:52.200,0.748,0.7476,21.0,0.746,1.0,3892.0,71.0
2021-01-05 09:43:52.681,0.748,0.7475,2.0,0.746,1.0,3892.0,71.0
2021-01-05 09:43:54.191,0.748,0.7475,2.0,0.746,1.0,3892.0,71.0
2021-01-05 09:43:54.680,0.748,0.7476,21.0,0.746,1.0,3892.0,71.0
2021-01-05 09:43:54.980,0.748,0.7475,2.0,0.746,1.0,3892.0,71.0
2021-01-05 09:43:56.721,0.748,0.7475,2.0,0.746,1.0,3892.0,71.0
2021-01-05 09:43:57.230,0.748,0.7476,21.0,0.7461,3.0,3892.0,71.0
2021-01-05 09:43:57.650,0.748,0.7476,21.0,0.7461,3.0,3892.0,71.0
2021-01-05 09:43:58.181,0.748,0.7476,20.0,0.746,1.0,3892.0,71.0
2021-01-05 09:43:58.711,0.748,0.7475,2.0,0.746,1.0,3892.0,71.0
2021-01-05 09:43:59.170,0.748,0.7475,20.0,0.7461,3.0,3892.0,71.0
2021-01-05 09:44:00.131,0.748,0.7474,6.0,0.746,1.0,3892.0,71.0
2021-01-05 09:44:00.640,0.748,0.7474,26.0,0.746,1.0,3892.0,71.0
2021-01-05 09:44:01.621,0.748,0.7473,1.0,0.746,1.0,3892.0,71.0
2021-01-05 09:44:02.031,0.748,0.7473,2.0,0.746,1.0,3892.0,71.0
2021-01-05 09:44:02.711,0.748,0.747,1.0,0.746,1.0,3892.0,71.0
2021-01-05 09:44:02.831,0.746,0.7468,1.0,0.7452,1.0,3892.0,72.0
2021-01-05 09:44:03.731,0.746,0.7468,21.0,0.7452,1.0,3892.0,72.0
2021-01-05 09:44:04.230,0.746,0.7467,2.0,0.7452,1.0,3892.0,72.0
2021-01-05 09:44:04.720,0.746,0.7462,1.0,0.7452,1.0,3892.0,72.0
2021-01-05 09:44:05.231,0.7452,0.7462,21.0,0.7437,20.0,3893.0,73.0
2021-01-05 09:44:05.761,0.7452,0.7462,21.0,0.7438,6.0,3893.0,73.0
2021-01-05 09:44:06.261,0.7452,0.7462,20.0,0.7438,3.0,3893.0,73.0
2021-01-05 09:44:06.770,0.7452,0.7458,1.0,0.7435,20.0,3893.0,73.0
2021-01-05 09:44:07.281,0.7452,0.7458,21.0,0.7436,3.0,3893.0,73.0
2021-01-05 09:44:07.750,0.7452,0.7458,21.0,0.7435,20.0,3893.0,73.0
2021-01-05 09:44:08.230,0.7452,0.7458,21.0,0.7428,30.0,3893.0,73.0
2021-01-05 09:44:08.670,0.7452,0.7458,21.0,0.7433,3.0,3893.0,73.0
2021-01-05 09:44:09.150,0.7452,0.7457,6.0,0.7433,23.0,3893.0,73.0
2021-01-05 09:44:09.780,0.7452,0.7457,6.0,0.7433,23.0,3893.0,73.0
2021-01-05 09:44:10.280,0.7452,0.7457,6.0,0.7433,23.0,3893.0,73.0
2021-01-05 09:44:10.781,0.7452,0.7457,6.0,0.7433,23.0,3893.0,73.0
2021-01-05 09:44:11.271,0.7452,0.7458,21.0,0.7434,3.0,3893.0,73.0
2021-01-05 09:44:12.270,0.7452,0.7457,6.0,0.7433,23.0,3893.0,73.0
2021-01-05 09:44:12.781,0.7452,0.7457,6.0,0.7433,23.0,3893.0,73.0
2021-01-05 09:44:13.230,0.7452,0.7458,20.0,0.7433,23.0,3893.0,73.0
2021-01-05 09:44:13.770,0.7452,0.7458,20.0,0.7434,10.0,3893.0,73.0
2021-01-05 09:44:14.260,0.7452,0.7468,20.0,0.7434,10.0,3893.0,73.0
2021-01-05 09:44:15.280,0.7452,0.7461,21.0,0.7433,23.0,3893.0,73.0
2021-01-05 09:44:15.780,0.7452,0.7461,21.0,0.7433,23.0,3893.0,73.0
2021-01-05 09:44:16.281,0.7452,0.7461,21.0,0.7433,23.0,3893.0,73.0
2021-01-05 09:44:17.280,0.7452,0.7461,20.0,0.7433,23.0,3893.0,73.0
2021-01-05 09:44:17.770,0.7452,0.7468,20.0,0.7433,23.0,3893.0,73.0
2021-01-05 09:44:18.780,0.7452,0.7468,20.0,0.7433,23.0,3893.0,73.0
2021-01-05 09:44:19.261,0.7452,0.7468,20.0,0.7433,23.0,3893.0,73.0
2021-01-05 09:44:20.300,0.7452,0.7467,1.0,0.7433,23.0,3893.0,73.0
2021-01-05 09:44:21.791,0.7452,0.7467,1.0,0.7433,23.0,3893.0,73.0
2021-01-05 09:44:22.250,0.7452,0.7467,1.0,0.7433,23.0,3893.0,73.0
2021-01-05 09:44:26.701,0.7452,0.7467,1.0,0.7433,23.0,3893.0,73.0
2021-01-05 09:44:27.201,0.7452,0.7467,1.0,0.7433,23.0,3893.0,73.0
2021-01-05 09:44:28.680,0.7452,0.7467,1.0,0.7433,23.0,3893.0,73.0
2021-01-05 09:44:29.200,0.7452,0.7467,1.0,0.7433,23.0,3893.0,73.0
2021-01-05 09:44:29.631,0.7452,0.7467,1.0,0.7433,23.0,3893.0,73.0
2021-01-05 09:44:30.201,0.7452,0.7467,1.0,0.7433,23.0,3893.0,73.0
2021-01-05 09:44:30.720,0.7452,0.7467,1.0,0.7433,23.0,3893.0,73.0
2021-01-05 09:44:31.730,0.7452,0.7467,1.0,0.7433,20.0,3893.0,73.0
2021-01-05 09:44:32.220,0.7452,0.7467,1.0,0.7433,20.0,3893.0,73.0
2021-01-05 09:44:32.670,0.7452,0.7467,1.0,0.7428,30.0,3893.0,73.0
2021-01-05 09:44:33.240,0.7452,0.7466,5.0,0.7428,30.0,3893.0,73.0
2021-01-05 09:44:33.290,0.7452,0.7451,1.0,0.7428,20.0,3893.0,73.0
2021-01-05 09:44:34.141,0.7452,0.7451,21.0,0.7418,10.0,3893.0,73.0
2021-01-05 09:44:34.510,0.7452,0.7451,21.0,0.7419,3.0,3893.0,73.0
2021-01-05 09:44:35.740,0.7452,0.7451,21.0,0.7419,3.0,3893.0,73.0
2021-01-05 09:44:36.220,0.7452,0.7451,21.0,0.7423,1.0,3893.0,73.0
2021-01-05 09:44:36.741,0.7452,0.7451,21.0,0.7424,3.0,3893.0,73.0
2021-01-05 09:44:36.990,0.7452,0.7451,21.0,0.7424,6.0,3893.0,73.0
2021-01-05 09:44:37.751,0.7452,0.7451,21.0,0.7424,3.0,3893.0,73.0
2021-01-05 09:44:38.201,0.7452,0.7451,21.0,0.7424,3.0,3893.0,73.0
2021-01-05 09:44:39.240,0.7452,0.7451,21.0,0.7425,3.0,3893.0,73.0
2021-01-05 09:44:39.661,0.7452,0.7451,21.0,0.7423,20.0,3893.0,73.0
2021-01-05 09:44:40.250,0.7452,0.7451,21.0,0.7418,30.0,3893.0,73.0
2021-01-05 09:44:40.740,0.7452,0.7451,21.0,0.7418,30.0,3893.0,73.0
2021-01-05 09:44:41.251,0.7452,0.7451,21.0,0.7418,30.0,3893.0,73.0
2021-01-05 09:44:42.731,0.7452,0.7451,21.0,0.7418,30.0,3893.0,73.0
2021-01-05 09:44:43.230,0.7452,0.7451,21.0,0.7418,30.0,3893.0,73.0
2021-01-05 09:44:43.760,0.7452,0.7451,21.0,0.7421,3.0,3893.0,73.0
2021-01-05 09:44:44.260,0.7452,0.7451,21.0,0.7418,30.0,3893.0,73.0
2021-01-05 09:44:44.761,0.7452,0.7451,21.0,0.7427,3.0,3893.0,73.0
2021-01-05 09:44:45.261,0.7452,0.7451,20.0,0.7428,3.0,3893.0,73.0
2021-01-05 09:44:45.280,0.7452,0.7451,20.0,0.7429,3.0,3893.0,73.0
2021-01-05 09:44:45.931,0.7452,0.7462,30.0,0.7429,3.0,3893.0,73.0
2021-01-05 09:44:46.390,0.7452,0.7455,1.0,0.7429,3.0,3893.0,73.0
2021-01-05 09:44:47.251,0.7452,0.7455,21.0,0.7429,3.0,3893.0,73.0
2021-01-05 09:44:47.770,0.7452,0.7455,21.0,0.7429,3.0,3893.0,73.0
2021-01-05 09:44:49.270,0.7452,0.7455,21.0,0.7429,3.0,3893.0,73.0
2021-01-05 09:44:50.801,0.7452,0.7455,21.0,0.7429,3.0,3893.0,73.0
2021-01-05 09:44:53.001,0.7452,0.7455,21.0,0.7428,3.0,3893.0,73.0
2021-01-05 09:44:53.621,0.7452,0.7455,21.0,0.7428,3.0,3893.0,73.0
2021-01-05 09:44:54.960,0.7452,0.7455,21.0,0.7427,20.0,3893.0,73.0
2021-01-05 09:44:55.700,0.7452,0.7455,21.0,0.7427,20.0,3893.0,73.0
2021-01-05 09:44:56.220,0.7452,0.7455,21.0,0.7422,10.0,3893.0,73.0
2021-01-05 09:44:56.720,0.7452,0.7455,21.0,0.7423,3.0,3893.0,73.0
2021-01-05 09:44:57.431,0.7452,0.7455,21.0,0.7423,23.0,3893.0,73.0
2021-01-05 09:44:58.111,0.7452,0.7455,21.0,0.7423,20.0,3893.0,73.0
2021-01-05 09:44:58.720,0.7452,0.7455,21.0,0.7418,30.0,3893.0,73.0
2021-01-05 09:44:59.190,0.7452,0.7455,21.0,0.7418,30.0,3893.0,73.0
2021-01-05 09:44:59.711,0.7452,0.7455,21.0,0.7418,30.0,3893.0,73.0
2021-01-05 09:45:01.221,0.7452,0.7452,10.0,0.7418,20.0,3893.0,73.0
2021-01-05 09:45:01.680,0.7452,0.7428,1.0,0.741,20.0,3893.0,73.0
2021-01-05 09:45:02.710,0.7452,0.7428,1.0,0.7411,3.0,3893.0,73.0
2021-01-05 09:45:03.190,0.7452,0.7428,1.0,0.7411,2.0,3893.0,73.0
2021-01-05 09:45:03.680,0.7452,0.7428,1.0,0.7412,3.0,3893.0,73.0
2021-01-05 09:45:04.191,0.7452,0.7428,1.0,0.7411,2.0,3893.0,73.0
2021-01-05 09:45:04.700,0.7452,0.7428,1.0,0.7405,20.0,3893.0,73.0
2021-01-05 09:45:05.180,0.7452,0.7427,7.0,0.7399,30.0,3893.0,73.0
2021-01-05 09:45:05.720,0.7452,0.7416,1.0,0.7399,30.0,3893.0,73.0
2021-01-05 09:45:06.200,0.7452,0.7416,1.0,0.7399,20.0,3893.0,73.0
2021-01-05 09:45:06.721,0.7452,0.7416,21.0,0.74,5.0,3893.0,73.0
2021-01-05 09:45:07.130,0.7452,0.7416,1.0,0.7403,2.0,3893.0,73.0
2021-01-05 09:45:07.651,0.7452,0.7422,20.0,0.7404,1.0,3893.0,73.0
2021-01-05 09:45:08.181,0.7452,0.7422,20.0,0.7404,1.0,3893.0,73.0
2021-01-05 09:45:08.700,0.7452,0.7421,1.0,0.7405,3.0,3893.0,73.0
2021-01-05 09:45:09.720,0.7452,0.7421,3.0,0.7393,20.0,3893.0,73.0
2021-01-05 09:45:10.100,0.7452,0.7421,1.0,0.7393,20.0,3893.0,73.0
2021-01-05 09:45:10.540,0.7452,0.7421,1.0,0.7393,20.0,3893.0,73.0
2021-01-05 09:45:11.051,0.7452,0.7428,20.0,0.7399,3.0,3893.0,73.0
2021-01-05 09:45:11.720,0.7452,0.7423,1.0,0.7403,3.0,3893.0,73.0
2021-01-05 09:45:12.150,0.7452,0.7422,6.0,0.7403,1.0,3893.0,73.0
2021-01-05 09:45:12.701,0.7452,0.7419,1.0,0.7393,20.0,3893.0,73.0
2021-01-05 09:45:13.220,0.7452,0.7419,1.0,0.739,10.0,3893.0,73.0
2021-01-05 09:45:13.681,0.7452,0.7419,1.0,0.739,10.0,3893.0,73.0
2021-01-05 09:45:14.181,0.7452,0.7419,1.0,0.739,10.0,3893.0,73.0
2021-01-05 09:45:15.230,0.7452,0.7419,1.0,0.739,10.0,3893.0,73.0
2021-01-05 09:45:15.721,0.7452,0.7419,1.0,0.7382,20.0,3893.0,73.0
2021-01-05 09:45:16.230,0.7452,0.7419,1.0,0.7382,20.0,3893.0,73.0
2021-01-05 09:45:16.630,0.7452,0.7419,1.0,0.738,10.0,3893.0,73.0
2021-01-05 09:45:17.731,0.7452,0.7418,10.0,0.738,10.0,3893.0,73.0
2021-01-05 09:45:18.161,0.7452,0.7403,1.0,0.738,10.0,3893.0,73.0
2021-01-05 09:45:18.691,0.7452,0.7403,1.0,0.7381,3.0,3893.0,73.0
2021-01-05 09:45:19.191,0.7452,0.7403,1.0,0.7381,3.0,3893.0,73.0
2021-01-05 09:45:19.581,0.7452,0.7404,20.0,0.7383,3.0,3893.0,73.0
2021-01-05 09:45:20.720,0.7452,0.7424,30.0,0.7384,3.0,3893.0,73.0
2021-01-05 09:45:21.191,0.7452,0.7411,1.0,0.7384,3.0,3893.0,73.0
2021-01-05 09:45:21.731,0.7452,0.7411,21.0,0.7385,1.0,3893.0,73.0
2021-01-05 09:45:22.240,0.7452,0.7411,21.0,0.7383,20.0,3893.0,73.0
2021-01-05 09:45:22.411,0.7452,0.7411,21.0,0.7386,6.0,3893.0,73.0
2021-01-05 09:45:23.160,0.7452,0.7411,21.0,0.7386,6.0,3893.0,73.0
2021-01-05 09:45:23.630,0.7452,0.7411,21.0,0.7386,6.0,3893.0,73.0
2021-01-05 09:45:24.701,0.7452,0.7411,21.0,0.7386,3.0,3893.0,73.0
2021-01-05 09:45:25.590,0.7452,0.7411,21.0,0.7387,10.0,3893.0,73.0
2021-01-05 09:45:26.220,0.7452,0.7411,21.0,0.7387,10.0,3893.0,73.0
2021-01-05 09:45:26.960,0.7452,0.7411,20.0,0.739,3.0,3893.0,73.0
2021-01-05 09:45:27.671,0.7452,0.7424,30.0,0.739,23.0,3893.0,73.0
2021-01-05 09:45:28.210,0.7452,0.7415,1.0,0.739,23.0,3893.0,73.0
2021-01-05 09:45:28.550,0.7452,0.7415,21.0,0.7391,1.0,3893.0,73.0
2021-01-05 09:45:29.140,0.7452,0.7415,21.0,0.7392,8.0,3893.0,73.0
2021-01-05 09:45:30.191,0.7452,0.7423,1.0,0.7396,3.0,3893.0,73.0
2021-01-05 09:45:30.700,0.7452,0.7423,1.0,0.7397,1.0,3893.0,73.0
2021-01-05 09:45:30.971,0.7452,0.7423,1.0,0.7398,3.0,3893.0,73.0
2021-01-05 09:45:31.701,0.7452,0.7423,1.0,0.7398,3.0,3893.0,73.0
2021-01-05 09:45:32.160,0.7452,0.7423,1.0,0.7398,3.0,3893.0,73.0
2021-01-05 09:45:32.631,0.7452,0.7423,1.0,0.7398,3.0,3893.0,73.0
2021-01-05 09:45:33.180,0.7452,0.7423,1.0,0.7398,3.0,3893.0,73.0
2021-01-05 09:45:33.670,0.7452,0.7423,1.0,0.7399,3.0,3893.0,73.0
2021-01-05 09:45:34.220,0.7452,0.7423,1.0,0.74,2.0,3893.0,73.0
2021-01-05 09:45:34.310,0.7452,0.7423,1.0,0.74,5.0,3893.0,73.0
2021-01-05 09:45:35.190,0.7452,0.7423,1.0,0.74,5.0,3893.0,73.0
2021-01-05 09:45:35.631,0.7452,0.7424,20.0,0.74,5.0,3893.0,73.0
2021-01-05 09:45:36.240,0.7452,0.7442,30.0,0.7401,3.0,3893.0,73.0
2021-01-05 09:45:36.730,0.7452,0.7432,1.0,0.7404,3.0,3893.0,73.0
2021-01-05 09:45:37.230,0.7452,0.7432,1.0,0.7404,3.0,3893.0,73.0
2021-01-05 09:45:37.731,0.7452,0.7432,21.0,0.7404,3.0,3893.0,73.0
2021-01-05 09:45:38.640,0.7452,0.7432,21.0,0.7404,3.0,3893.0,73.0
2021-01-05 09:45:38.761,0.7452,0.7432,21.0,0.7401,20.0,3893.0,73.0
2021-01-05 09:45:39.291,0.7452,0.7432,21.0,0.7405,3.0,3893.0,73.0
2021-01-05 09:45:40.240,0.7452,0.7432,21.0,0.7405,3.0,3893.0,73.0
2021-01-05 09:45:40.730,0.7452,0.7432,21.0,0.7405,3.0,3893.0,73.0
2021-01-05 09:45:42.240,0.7452,0.7432,21.0,0.7405,3.0,3893.0,73.0
2021-01-05 09:45:42.711,0.7452,0.7432,21.0,0.7405,3.0,3893.0,73.0
2021-01-05 09:45:43.220,0.7452,0.7432,21.0,0.7405,3.0,3893.0,73.0
2021-01-05 09:45:44.201,0.7452,0.7432,21.0,0.7405,3.0,3893.0,73.0
2021-01-05 09:45:44.691,0.7452,0.7432,21.0,0.7401,20.0,3893.0,73.0
2021-01-05 09:45:45.220,0.7452,0.7432,21.0,0.7405,3.0,3893.0,73.0
2021-01-05 09:45:46.680,0.7452,0.7432,21.0,0.7405,3.0,3893.0,73.0
2021-01-05 09:45:47.241,0.7452,0.7432,21.0,0.7405,3.0,3893.0,73.0
2021-01-05 09:45:47.731,0.7452,0.7432,21.0,0.7405,3.0,3893.0,73.0
2021-01-05 09:45:48.201,0.7452,0.7432,21.0,0.7405,3.0,3893.0,73.0
2021-01-05 09:45:49.221,0.7452,0.7432,21.0,0.7405,3.0,3893.0,73.0
2021-01-05 09:45:50.251,0.7452,0.7432,21.0,0.7405,3.0,3893.0,73.0
2021-01-05 09:45:50.691,0.7452,0.7432,21.0,0.7405,3.0,3893.0,73.0
2021-01-05 09:45:51.721,0.7452,0.7432,21.0,0.7405,3.0,3893.0,73.0
2021-01-05 09:45:53.711,0.7452,0.7432,21.0,0.7405,3.0,3893.0,73.0
2021-01-05 09:45:54.191,0.7452,0.7432,21.0,0.7406,3.0,3893.0,73.0
2021-01-05 09:45:54.610,0.7452,0.7432,21.0,0.7408,3.0,3893.0,73.0
2021-01-05 09:45:55.230,0.7452,0.7431,6.0,0.7408,3.0,3893.0,73.0
2021-01-05 09:45:55.711,0.7452,0.7431,6.0,0.7408,3.0,3893.0,73.0
2021-01-05 09:45:56.631,0.7452,0.7431,6.0,0.7408,3.0,3893.0,73.0
2021-01-05 09:45:57.201,0.7452,0.7432,21.0,0.7408,3.0,3893.0,73.0
2021-01-05 09:45:57.651,0.7452,0.7431,6.0,0.7408,3.0,3893.0,73.0
2021-01-05 09:45:58.711,0.7452,0.7432,21.0,0.7409,3.0,3893.0,73.0
2021-01-05 09:45:59.230,0.7452,0.7432,21.0,0.741,7.0,3893.0,73.0
2021-01-05 09:46:00.730,0.7452,0.7447,20.0,0.7417,13.0,3893.0,73.0
2021-01-05 09:46:01.180,0.7452,0.7446,1.0,0.7417,23.0,3893.0,73.0
2021-01-05 09:46:02.221,0.7452,0.7446,21.0,0.7417,23.0,3893.0,73.0
2021-01-05 09:46:02.711,0.7452,0.7446,21.0,0.7417,23.0,3893.0,73.0
2021-01-05 09:46:03.120,0.7452,0.7446,21.0,0.7417,23.0,3893.0,73.0
2021-01-05 09:46:03.731,0.7452,0.7446,21.0,0.7417,3.0,3893.0,73.0
2021-01-05 09:46:05.691,0.7452,0.7446,21.0,0.7417,3.0,3893.0,73.0
2021-01-05 09:46:06.690,0.7452,0.7446,21.0,0.7421,10.0,3893.0,73.0
2021-01-05 09:46:07.231,0.7452,0.7451,20.0,0.7423,3.0,3893.0,73.0
2021-01-05 09:46:07.650,0.7452,0.7466,30.0,0.7423,3.0,3893.0,73.0
2021-01-05 09:46:08.040,0.7452,0.7453,1.0,0.7423,3.0,3893.0,73.0
2021-01-05 09:46:08.630,0.7452,0.7453,21.0,0.7423,3.0,3893.0,73.0
2021-01-05 09:46:09.710,0.7452,0.7453,21.0,0.7423,3.0,3893.0,73.0
2021-01-05 09:46:10.221,0.7452,0.7465,10.0,0.7433,10.0,3893.0,73.0
2021-01-05 09:46:10.720,0.7452,0.7459,1.0,0.7425,10.0,3893.0,73.0
2021-01-05 09:46:11.131,0.7452,0.7459,1.0,0.7426,3.0,3893.0,73.0
2021-01-05 09:46:11.721,0.7452,0.7459,21.0,0.7426,23.0,3893.0,73.0
