,last,ask1,asize1,bid1,bsize1,oi,volume
2021-01-05 09:25:00.080,,0.5187,1.0,0.4634,1.0,3565.0,
2021-01-05 09:30:00.451,,0.5189,1.0,0.4634,1.0,3565.0,
2021-01-05 09:30:00.980,,0.5217,1.0,0.454,1.0,3565.0,
2021-01-05 09:30:00.991,,0.5385,1.0,0.454,1.0,3565.0,
2021-01-05 09:30:02.011,,0.5013,20.0,0.4917,20.0,3565.0,
2021-01-05 09:30:02.440,,0.5022,20.0,0.4926,20.0,3565.0,
2021-01-05 09:30:03.010,,0.5014,20.0,0.4917,20.0,3565.0,
2021-01-05 09:30:03.980,,0.5001,20.0,0.4905,20.0,3565.0,
2021-01-05 09:30:04.430,,0.5014,20.0,0.4913,20.0,3565.0,
2021-01-05 09:30:05.010,,0.7786,3.0,0.4913,20.0,3565.0,
2021-01-05 09:30:11.000,,0.7786,3.0,0.4913,20.0,3565.0,
2021-01-05 09:30:15.991,,0.7786,3.0,0.4913,20.0,3565.0,
2021-01-05 09:30:16.531,,0.5045,20.0,0.4949,20.0,3565.0,
2021-01-05 09:30:17.021,,0.504,20.0,0.4913,20.0,3565.0,
2021-01-05 09:30:17.641,,0.5035,20.0,0.4939,20.0,3565.0,
2021-01-05 09:30:17.641,,0.5024,20.0,0.4939,20.0,3565.0,
2021-01-05 09:30:19.251,,0.5019,20.0,0.4923,20.0,3565.0,
2021-01-05 09:30:19.751,,0.5019,20.0,0.4923,20.0,3565.0,
2021-01-05 09:30:20.740,,0.5024,20.0,0.4929,20.0,3565.0,
2021-01-05 09:30:21.241,,0.5024,20.0,0.4929,20.0,3565.0,
2021-01-05 09:30:22.240,,0.5034,20.0,0.4938,20.0,3565.0,
2021-01-05 09:30:22.671,,0.5029,20.0,0.4929,20.0,3565.0,
2021-01-05 09:30:23.170,,0.5029,20.0,0.4929,20.0,3565.0,
2021-01-05 09:30:23.670,,0.5034,20.0,0.4942,20.0,3565.0,
2021-01-05 09:30:24.161,,0.5034,20.0,0.4942,20.0,3565.0,
2021-01-05 09:30:24.661,,0.5042,20.0,0.4942,20.0,3565.0,
2021-01-05 09:30:25.160,,0.5042,20.0,0.495,20.0,3565.0,
2021-01-05 09:30:25.671,,0.505,20.0,0.495,20.0,3565.0,
2021-01-05 09:30:27.671,,0.5045,20.0,0.495,20.0,3565.0,
2021-01-05 09:30:28.161,,0.5045,20.0,0.495,20.0,3565.0,
2021-01-05 09:30:28.670,,0.5045,20.0,0.495,20.0,3565.0,
2021-01-05 09:30:30.620,,0.504,20.0,0.4942,20.0,3565.0,
2021-01-05 09:30:31.661,,0.5034,20.0,0.4942,20.0,3565.0,
2021-01-05 09:30:32.140,,0.5034,20.0,0.4937,20.0,3565.0,
2021-01-05 09:30:32.631,,0.5028,20.0,0.4932,20.0,3565.0,
2021-01-05 09:30:33.171,,0.5028,20.0,0.4932,20.0,3565.0,
2021-01-05 09:30:33.671,,0.5028,20.0,0.4932,20.0,3565.0,
2021-01-05 09:30:34.670,,0.5028,20.0,0.4944,10.0,3565.0,
2021-01-05 09:30:35.121,,0.5028,20.0,0.4944,30.0,3565.0,
2021-01-05 09:30:36.170,,0.5034,20.0,0.4944,30.0,3565.0,
2021-01-05 09:30:38.700,,0.5029,20.0,0.4944,30.0,3565.0,
2021-01-05 09:30:39.201,,0.5034,20.0,0.4944,30.0,3565.0,
2021-01-05 09:30:42.671,,0.5027,20.0,0.4944,30.0,3565.0,
2021-01-05 09:30:43.180,,0.5027,20.0,0.4944,30.0,3565.0,
2021-01-05 09:30:44.181,,0.5021,20.0,0.4944,30.0,3565.0,
2021-01-05 09:30:45.161,,0.5021,20.0,0.4944,30.0,3565.0,
2021-01-05 09:30:46.200,,0.5016,20.0,0.4944,30.0,3565.0,
2021-01-05 09:30:47.691,,0.501,20.0,0.4944,30.0,3565.0,
2021-01-05 09:30:48.711,,0.501,20.0,0.4944,30.0,3565.0,
2021-01-05 09:30:49.210,,0.501,20.0,0.4944,30.0,3565.0,
2021-01-05 09:30:49.700,,0.5011,20.0,0.4944,30.0,3565.0,
2021-01-05 09:30:50.171,,0.5011,20.0,0.4944,30.0,3565.0,
2021-01-05 09:30:50.720,,0.5011,20.0,0.4944,30.0,3565.0,
2021-01-05 09:30:52.651,,0.5011,20.0,0.4944,30.0,3565.0,
2021-01-05 09:30:55.081,,0.5003,20.0,0.4944,30.0,3565.0,
2021-01-05 09:30:58.140,,0.5011,20.0,0.4944,30.0,3565.0,
2021-01-05 09:30:58.660,,0.5011,20.0,0.4944,30.0,3565.0,
2021-01-05 09:30:59.640,,0.5016,20.0,0.4944,30.0,3565.0,
2021-01-05 09:31:00.681,,0.5016,20.0,0.4944,30.0,3565.0,
2021-01-05 09:31:01.140,,0.5016,20.0,0.4944,30.0,3565.0,
2021-01-05 09:31:02.170,,0.5041,10.0,0.4944,10.0,3565.0,
2021-01-05 09:31:02.681,,0.502,20.0,0.4944,30.0,3565.0,
2021-01-05 09:31:03.680,,0.5026,20.0,0.4944,30.0,3565.0,
2021-01-05 09:31:05.670,,0.5026,20.0,0.4944,30.0,3565.0,
2021-01-05 09:31:06.681,,0.5015,20.0,0.4944,30.0,3565.0,
2021-01-05 09:31:07.190,,0.5015,20.0,0.4944,30.0,3565.0,
2021-01-05 09:31:08.650,,0.5005,20.0,0.4944,10.0,3565.0,
2021-01-05 09:31:09.101,,0.5015,20.0,0.4944,10.0,3565.0,
2021-01-05 09:31:10.200,,0.5009,20.0,0.4944,10.0,3565.0,
2021-01-05 09:31:11.170,,0.5009,20.0,0.4944,10.0,3565.0,
2021-01-05 09:31:12.190,,0.5009,20.0,0.4944,30.0,3565.0,
2021-01-05 09:31:12.621,,0.5015,20.0,0.4944,40.0,3565.0,
2021-01-05 09:31:13.170,,0.5009,20.0,0.4944,40.0,3565.0,
2021-01-05 09:31:13.710,,0.5009,20.0,0.4944,40.0,3565.0,
2021-01-05 09:31:14.200,,0.5009,20.0,0.4944,40.0,3565.0,
2021-01-05 09:31:15.110,,0.5015,20.0,0.4944,40.0,3565.0,
2021-01-05 09:31:16.180,,0.5015,20.0,0.4944,30.0,3565.0,
2021-01-05 09:31:17.201,,0.5007,20.0,0.4944,40.0,3565.0,
2021-01-05 09:31:18.201,,0.5007,20.0,0.4944,30.0,3565.0,
2021-01-05 09:31:19.150,,0.5007,20.0,0.4944,10.0,3565.0,
2021-01-05 09:31:19.721,,0.5002,20.0,0.4944,10.0,3565.0,
2021-01-05 09:31:20.171,,0.5002,20.0,0.4944,10.0,3565.0,
2021-01-05 09:31:20.630,,0.4995,20.0,0.4944,10.0,3565.0,
2021-01-05 09:31:21.221,,0.5002,20.0,0.4944,10.0,3565.0,
2021-01-05 09:31:22.211,,0.5007,20.0,0.4944,10.0,3565.0,
2021-01-05 09:31:22.620,,0.5007,20.0,0.4945,14.0,3565.0,
2021-01-05 09:31:23.171,,0.5007,34.0,0.4962,10.0,3565.0,
2021-01-05 09:31:23.621,0.4962,0.5007,20.0,0.4949,10.0,3565.0,10.0
2021-01-05 09:31:24.151,0.4962,0.5007,20.0,0.4951,10.0,3565.0,10.0
2021-01-05 09:31:24.610,0.4962,0.5007,20.0,0.4951,10.0,3565.0,10.0
2021-01-05 09:31:25.150,0.4962,0.5006,14.0,0.4952,14.0,3565.0,10.0
2021-01-05 09:31:25.640,0.4962,0.5006,14.0,0.4952,14.0,3565.0,10.0
2021-01-05 09:31:26.101,0.4962,0.5002,20.0,0.4952,14.0,3565.0,10.0
2021-01-05 09:31:26.681,0.4962,0.5007,20.0,0.4952,14.0,3565.0,10.0
2021-01-05 09:31:27.171,0.4962,0.5006,14.0,0.4952,14.0,3565.0,10.0
2021-01-05 09:31:27.601,0.4962,0.5006,14.0,0.4952,14.0,3565.0,10.0
2021-01-05 09:31:28.610,0.4962,0.5006,14.0,0.4952,14.0,3565.0,10.0
2021-01-05 09:31:29.171,0.4962,0.5006,14.0,0.4952,14.0,3565.0,10.0
2021-01-05 09:31:30.170,0.4962,0.5006,14.0,0.4952,14.0,3565.0,10.0
2021-01-05 09:31:30.671,0.4962,0.5006,14.0,0.4952,14.0,3565.0,10.0
2021-01-05 09:31:31.150,0.4962,0.5006,14.0,0.4952,14.0,3565.0,10.0
2021-01-05 09:31:31.661,0.4962,0.5006,14.0,0.4952,14.0,3565.0,10.0
2021-01-05 09:31:32.191,0.4962,0.5006,14.0,0.4952,14.0,3565.0,10.0
2021-01-05 09:31:32.671,0.4962,0.5006,14.0,0.4952,14.0,3565.0,10.0
2021-01-05 09:31:33.190,0.4962,0.5006,14.0,0.4952,14.0,3565.0,10.0
2021-01-05 09:31:34.181,0.4962,0.5006,14.0,0.4952,14.0,3565.0,10.0
2021-01-05 09:31:34.681,0.4962,0.5007,20.0,0.4952,14.0,3565.0,10.0
2021-01-05 09:31:35.190,0.4962,0.5007,34.0,0.4952,14.0,3565.0,10.0
2021-01-05 09:31:35.670,0.4962,0.5007,20.0,0.4952,14.0,3565.0,10.0
2021-01-05 09:31:36.181,0.4962,0.5006,14.0,0.4952,14.0,3565.0,10.0
2021-01-05 09:31:36.690,0.4962,0.5006,14.0,0.4952,14.0,3565.0,10.0
2021-01-05 09:31:37.191,0.4962,0.5006,14.0,0.4952,14.0,3565.0,10.0
2021-01-05 09:31:37.620,0.4962,0.5006,14.0,0.4952,14.0,3565.0,10.0
2021-01-05 09:31:38.190,0.4962,0.4991,10.0,0.4952,14.0,3565.0,10.0
2021-01-05 09:31:39.210,0.4962,0.4991,30.0,0.4952,14.0,3565.0,10.0
2021-01-05 09:31:39.710,0.4962,0.4991,30.0,0.4938,20.0,3565.0,10.0
2021-01-05 09:31:40.200,0.4962,0.4991,30.0,0.4939,14.0,3565.0,10.0
2021-01-05 09:31:40.711,0.4962,0.499,3.0,0.4939,14.0,3565.0,10.0
2021-01-05 09:31:41.191,0.4962,0.499,3.0,0.4939,14.0,3565.0,10.0
2021-01-05 09:31:41.700,0.4962,0.4989,14.0,0.4934,10.0,3565.0,10.0
2021-01-05 09:31:42.211,0.4962,0.4988,3.0,0.4935,14.0,3565.0,10.0
2021-01-05 09:31:42.711,0.4962,0.4988,3.0,0.4935,14.0,3565.0,10.0
2021-01-05 09:31:43.191,0.4962,0.4987,14.0,0.4935,14.0,3565.0,10.0
2021-01-05 09:31:43.710,0.4962,0.4988,3.0,0.4935,14.0,3565.0,10.0
2021-01-05 09:31:44.190,0.4962,0.4988,3.0,0.4935,14.0,3565.0,10.0
2021-01-05 09:31:44.691,0.4962,0.4988,3.0,0.4938,10.0,3565.0,10.0
2021-01-05 09:31:45.170,0.4962,0.4988,3.0,0.4934,10.0,3565.0,10.0
2021-01-05 09:31:45.700,0.4962,0.4988,3.0,0.4935,14.0,3565.0,10.0
2021-01-05 09:31:46.171,0.4962,0.4988,3.0,0.4935,14.0,3565.0,10.0
2021-01-05 09:31:47.191,0.4962,0.4988,3.0,0.4935,14.0,3565.0,10.0
2021-01-05 09:31:47.690,0.4962,0.4979,10.0,0.4935,14.0,3565.0,10.0
2021-01-05 09:31:48.211,0.4962,0.4978,3.0,0.4935,14.0,3565.0,10.0
2021-01-05 09:31:49.221,0.4962,0.4978,3.0,0.4935,14.0,3565.0,10.0
2021-01-05 09:31:49.711,0.4962,0.4978,3.0,0.4931,20.0,3565.0,10.0
2021-01-05 09:31:50.191,0.4962,0.4978,3.0,0.4923,20.0,3565.0,10.0
2021-01-05 09:31:50.710,0.4962,0.4959,10.0,0.4932,1.0,3565.0,10.0
2021-01-05 09:31:51.210,0.4962,0.4958,3.0,0.4932,1.0,3565.0,10.0
2021-01-05 09:31:51.210,0.4962,0.4958,3.0,0.4932,1.0,3565.0,10.0
2021-01-05 09:31:52.220,0.4962,0.4957,1.0,0.4932,1.0,3565.0,10.0
2021-01-05 09:31:52.621,0.4962,0.4957,1.0,0.4932,1.0,3565.0,10.0
2021-01-05 09:31:53.171,0.4962,0.4957,1.0,0.4932,1.0,3565.0,10.0
2021-01-05 09:31:53.530,0.4962,0.4957,1.0,0.4932,1.0,3565.0,10.0
2021-01-05 09:31:54.151,0.4932,0.4957,1.0,0.4916,20.0,3566.0,11.0
2021-01-05 09:31:54.641,0.4932,0.4956,3.0,0.4933,1.0,3566.0,11.0
2021-01-05 09:31:55.090,0.4932,0.4956,3.0,0.4911,30.0,3566.0,11.0
2021-01-05 09:31:55.670,0.4932,0.4956,3.0,0.4912,14.0,3566.0,11.0
2021-01-05 09:31:56.110,0.4932,0.4945,10.0,0.4912,15.0,3566.0,11.0
2021-01-05 09:31:56.681,0.4932,0.4945,30.0,0.4912,15.0,3566.0,11.0
2021-01-05 09:31:57.171,0.4932,0.4945,30.0,0.4912,15.0,3566.0,11.0
2021-01-05 09:31:57.651,0.4932,0.4944,1.0,0.4912,1.0,3566.0,11.0
2021-01-05 09:31:58.150,0.4932,0.4944,1.0,0.4912,1.0,3566.0,11.0
2021-01-05 09:31:59.180,0.4932,0.4944,1.0,0.4912,15.0,3566.0,11.0
2021-01-05 09:31:59.660,0.4932,0.4944,1.0,0.4912,1.0,3566.0,11.0
2021-01-05 09:32:00.150,0.4932,0.4944,1.0,0.4912,1.0,3566.0,11.0
2021-01-05 09:32:00.650,0.4932,0.4944,1.0,0.4913,14.0,3566.0,11.0
2021-01-05 09:32:01.170,0.4932,0.4944,1.0,0.4913,14.0,3566.0,11.0
2021-01-05 09:32:01.670,0.4932,0.4944,1.0,0.4913,14.0,3566.0,11.0
2021-01-05 09:32:02.171,0.4932,0.4944,1.0,0.4913,14.0,3566.0,11.0
2021-01-05 09:32:02.671,0.4932,0.4944,1.0,0.4913,24.0,3566.0,11.0
2021-01-05 09:32:03.180,0.4932,0.4944,1.0,0.4913,24.0,3566.0,11.0
2021-01-05 09:32:04.150,0.4932,0.4944,1.0,0.4913,34.0,3566.0,11.0
2021-01-05 09:32:04.661,0.4932,0.4944,1.0,0.4913,24.0,3566.0,11.0
2021-01-05 09:32:05.141,0.4932,0.4944,1.0,0.4913,24.0,3566.0,11.0
2021-01-05 09:32:05.660,0.4932,0.4944,1.0,0.4913,24.0,3566.0,11.0
2021-01-05 09:32:06.161,0.4932,0.4944,4.0,0.4913,14.0,3566.0,11.0
2021-01-05 09:32:06.680,0.4932,0.4944,4.0,0.4913,14.0,3566.0,11.0
2021-01-05 09:32:07.070,0.4932,0.4944,4.0,0.4913,14.0,3566.0,11.0
2021-01-05 09:32:07.671,0.4932,0.4944,4.0,0.4913,14.0,3566.0,11.0
2021-01-05 09:32:08.171,0.4932,0.4944,4.0,0.4913,14.0,3566.0,11.0
2021-01-05 09:32:08.670,0.4932,0.4944,4.0,0.4913,14.0,3566.0,11.0
2021-01-05 09:32:09.141,0.4932,0.4944,4.0,0.4912,1.0,3566.0,11.0
2021-01-05 09:32:09.681,0.4932,0.4944,4.0,0.4912,1.0,3566.0,11.0
2021-01-05 09:32:10.161,0.4932,0.4944,4.0,0.4912,1.0,3566.0,11.0
2021-01-05 09:32:10.551,0.4932,0.4944,4.0,0.4912,1.0,3566.0,11.0
2021-01-05 09:32:11.170,0.4932,0.4944,4.0,0.4912,1.0,3566.0,11.0
2021-01-05 09:32:11.650,0.4932,0.4944,4.0,0.4912,1.0,3566.0,11.0
2021-01-05 09:32:12.161,0.4932,0.4944,4.0,0.4913,14.0,3566.0,11.0
2021-01-05 09:32:12.670,0.4932,0.4944,4.0,0.4913,14.0,3566.0,11.0
2021-01-05 09:32:13.171,0.4932,0.4944,4.0,0.4913,14.0,3566.0,11.0
2021-01-05 09:32:14.180,0.4932,0.4944,4.0,0.4913,14.0,3566.0,11.0
2021-01-05 09:32:14.660,0.4932,0.4944,4.0,0.4913,14.0,3566.0,11.0
2021-01-05 09:32:15.171,0.4932,0.4944,4.0,0.4913,14.0,3566.0,11.0
2021-01-05 09:32:15.671,0.4932,0.4944,4.0,0.4912,1.0,3566.0,11.0
2021-01-05 09:32:16.151,0.4932,0.4944,4.0,0.4912,1.0,3566.0,11.0
2021-01-05 09:32:17.161,0.4932,0.4944,4.0,0.4912,1.0,3566.0,11.0
2021-01-05 09:32:17.651,0.4932,0.4944,24.0,0.4912,1.0,3566.0,11.0
2021-01-05 09:32:18.130,0.4932,0.4944,24.0,0.4912,1.0,3566.0,11.0
2021-01-05 09:32:18.670,0.4932,0.4943,3.0,0.4912,1.0,3566.0,11.0
2021-01-05 09:32:19.670,0.4932,0.4943,3.0,0.4912,1.0,3566.0,11.0
2021-01-05 09:32:20.671,0.4932,0.4943,3.0,0.4912,1.0,3566.0,11.0
2021-01-05 09:32:21.171,0.4932,0.4943,3.0,0.4912,1.0,3566.0,11.0
2021-01-05 09:32:21.680,0.4932,0.4943,3.0,0.4912,1.0,3566.0,11.0
2021-01-05 09:32:22.181,0.4932,0.4943,3.0,0.4913,14.0,3566.0,11.0
2021-01-05 09:32:23.180,0.4932,0.4943,3.0,0.4916,10.0,3566.0,11.0
2021-01-05 09:32:23.670,0.4932,0.4943,3.0,0.4916,30.0,3566.0,11.0
2021-01-05 09:32:24.160,0.4932,0.4943,3.0,0.4916,30.0,3566.0,11.0
2021-01-05 09:32:24.640,0.4932,0.4943,3.0,0.4916,30.0,3566.0,11.0
2021-01-05 09:32:25.170,0.4932,0.4943,3.0,0.4916,30.0,3566.0,11.0
2021-01-05 09:32:25.670,0.4932,0.4943,3.0,0.4916,30.0,3566.0,11.0
2021-01-05 09:32:26.171,0.4932,0.4943,3.0,0.4916,30.0,3566.0,11.0
2021-01-05 09:32:26.650,0.4932,0.4943,3.0,0.4916,10.0,3566.0,11.0
2021-01-05 09:32:27.151,0.4932,0.4943,3.0,0.4912,1.0,3566.0,11.0
2021-01-05 09:32:28.171,0.4932,0.4943,3.0,0.4912,1.0,3566.0,11.0
2021-01-05 09:32:28.630,0.4932,0.4942,3.0,0.4912,1.0,3566.0,11.0
2021-01-05 09:32:29.180,0.4932,0.4942,3.0,0.4912,1.0,3566.0,11.0
2021-01-05 09:32:30.171,0.4932,0.4942,3.0,0.4912,1.0,3566.0,11.0
2021-01-05 09:32:30.671,0.4932,0.4942,3.0,0.4912,1.0,3566.0,11.0
2021-01-05 09:32:31.151,0.4932,0.4942,3.0,0.4912,1.0,3566.0,11.0
2021-01-05 09:32:31.631,0.4932,0.4942,3.0,0.4912,1.0,3566.0,11.0
2021-01-05 09:32:31.950,0.4932,0.4942,3.0,0.4912,1.0,3566.0,11.0
2021-01-05 09:32:33.141,0.4932,0.4942,3.0,0.4912,1.0,3566.0,11.0
2021-01-05 09:32:33.671,0.4932,0.4942,3.0,0.4912,1.0,3566.0,11.0
2021-01-05 09:32:34.171,0.4932,0.4942,3.0,0.4912,1.0,3566.0,11.0
2021-01-05 09:32:34.691,0.4932,0.4942,3.0,0.4912,1.0,3566.0,11.0
2021-01-05 09:32:35.170,0.4932,0.4942,3.0,0.4912,21.0,3566.0,11.0
2021-01-05 09:32:35.671,0.4932,0.4942,3.0,0.4912,21.0,3566.0,11.0
2021-01-05 09:32:36.190,0.4932,0.4942,23.0,0.4912,21.0,3566.0,11.0
2021-01-05 09:32:38.670,0.4932,0.4942,23.0,0.4912,21.0,3566.0,11.0
2021-01-05 09:32:39.200,0.4932,0.4942,23.0,0.4912,21.0,3566.0,11.0
2021-01-05 09:32:39.630,0.4932,0.4942,23.0,0.4912,21.0,3566.0,11.0
2021-01-05 09:32:41.690,0.4932,0.4941,3.0,0.4912,21.0,3566.0,11.0
2021-01-05 09:32:42.201,0.4932,0.4941,3.0,0.4912,21.0,3566.0,11.0
2021-01-05 09:32:42.700,0.4932,0.4941,3.0,0.4912,21.0,3566.0,11.0
2021-01-05 09:32:43.580,0.4932,0.4941,3.0,0.4912,21.0,3566.0,11.0
2021-01-05 09:32:44.151,0.4932,0.4941,3.0,0.4912,21.0,3566.0,11.0
2021-01-05 09:32:45.100,0.4932,0.4941,3.0,0.4912,21.0,3566.0,11.0
2021-01-05 09:32:45.580,0.4932,0.4941,3.0,0.4912,21.0,3566.0,11.0
2021-01-05 09:32:46.160,0.4932,0.4941,3.0,0.4912,21.0,3566.0,11.0
2021-01-05 09:32:47.701,0.4932,0.4941,3.0,0.4912,21.0,3566.0,11.0
2021-01-05 09:32:48.690,0.4932,0.4941,3.0,0.4912,21.0,3566.0,11.0
2021-01-05 09:32:49.190,0.4932,0.4933,10.0,0.4912,21.0,3566.0,11.0
2021-01-05 09:32:49.670,0.4932,0.4932,3.0,0.4912,1.0,3566.0,11.0
2021-01-05 09:32:50.171,0.4912,0.4932,23.0,0.489,20.0,3567.0,12.0
2021-01-05 09:32:50.700,0.4912,0.4932,23.0,0.489,20.0,3567.0,12.0
2021-01-05 09:32:51.170,0.4912,0.4932,23.0,0.4876,40.0,3567.0,12.0
2021-01-05 09:32:51.701,0.4912,0.4931,14.0,0.4877,14.0,3567.0,12.0
2021-01-05 09:32:52.191,0.4912,0.493,3.0,0.4877,14.0,3567.0,12.0
2021-01-05 09:32:52.671,0.4912,0.493,3.0,0.4877,14.0,3567.0,12.0
2021-01-05 09:32:53.161,0.4912,0.493,3.0,0.4877,14.0,3567.0,12.0
2021-01-05 09:32:53.641,0.4912,0.493,3.0,0.488,10.0,3567.0,12.0
2021-01-05 09:32:54.181,0.4912,0.493,3.0,0.4886,10.0,3567.0,12.0
2021-01-05 09:32:54.671,0.4912,0.493,3.0,0.4887,14.0,3567.0,12.0
2021-01-05 09:32:55.170,0.4912,0.493,3.0,0.4887,14.0,3567.0,12.0
2021-01-05 09:32:55.670,0.4912,0.493,3.0,0.4887,14.0,3567.0,12.0
2021-01-05 09:32:56.150,0.4912,0.493,3.0,0.4887,14.0,3567.0,12.0
2021-01-05 09:32:56.611,0.4912,0.493,3.0,0.4886,20.0,3567.0,12.0
2021-01-05 09:32:57.151,0.4912,0.493,23.0,0.4882,10.0,3567.0,12.0
2021-01-05 09:32:57.600,0.4912,0.493,3.0,0.4883,14.0,3567.0,12.0
2021-01-05 09:32:58.171,0.4912,0.493,3.0,0.4883,14.0,3567.0,12.0
2021-01-05 09:32:58.651,0.4912,0.493,3.0,0.4883,14.0,3567.0,12.0
2021-01-05 09:32:59.170,0.4912,0.493,3.0,0.4883,14.0,3567.0,12.0
2021-01-05 09:32:59.621,0.4912,0.493,3.0,0.4883,14.0,3567.0,12.0
2021-01-05 09:33:00.111,0.4912,0.493,3.0,0.4883,14.0,3567.0,12.0
2021-01-05 09:33:00.651,0.4912,0.493,3.0,0.4883,14.0,3567.0,12.0
2021-01-05 09:33:01.081,0.4912,0.493,3.0,0.4883,14.0,3567.0,12.0
2021-01-05 09:33:01.661,0.4912,0.493,23.0,0.4883,44.0,3567.0,12.0
2021-01-05 09:33:02.130,0.4912,0.4929,3.0,0.4883,44.0,3567.0,12.0
2021-01-05 09:33:02.651,0.4912,0.4929,3.0,0.4884,10.0,3567.0,12.0
2021-01-05 09:33:03.121,0.4912,0.4929,3.0,0.4902,10.0,3567.0,12.0
2021-01-05 09:33:03.681,0.4912,0.4929,3.0,0.4902,24.0,3567.0,12.0
2021-01-05 09:33:04.140,0.4912,0.4929,3.0,0.4902,20.0,3567.0,12.0
2021-01-05 09:33:04.651,0.4929,0.4949,20.0,0.4903,14.0,3567.0,15.0
2021-01-05 09:33:05.181,0.4929,0.4949,23.0,0.4903,14.0,3567.0,15.0
2021-01-05 09:33:05.690,0.4929,0.4949,3.0,0.4903,14.0,3567.0,15.0
2021-01-05 09:33:06.170,0.4929,0.4949,3.0,0.4903,14.0,3567.0,15.0
2021-01-05 09:33:06.651,0.4929,0.4948,1.0,0.4903,14.0,3567.0,15.0
2021-01-05 09:33:07.171,0.4929,0.4948,1.0,0.4903,14.0,3567.0,15.0
2021-01-05 09:33:07.601,0.4929,0.4948,1.0,0.4903,14.0,3567.0,15.0
2021-01-05 09:33:08.191,0.4929,0.4948,1.0,0.4903,14.0,3567.0,15.0
2021-01-05 09:33:08.681,0.4929,0.4947,3.0,0.4903,14.0,3567.0,15.0
2021-01-05 09:33:09.181,0.4929,0.4947,3.0,0.4903,14.0,3567.0,15.0
2021-01-05 09:33:09.630,0.4929,0.4947,3.0,0.4903,14.0,3567.0,15.0
2021-01-05 09:33:10.180,0.4929,0.4947,3.0,0.4903,14.0,3567.0,15.0
2021-01-05 09:33:10.681,0.4929,0.4947,3.0,0.4903,14.0,3567.0,15.0
2021-01-05 09:33:11.180,0.4929,0.4947,3.0,0.4903,14.0,3567.0,15.0
2021-01-05 09:33:11.670,0.4929,0.4947,3.0,0.4917,10.0,3567.0,15.0
2021-01-05 09:33:12.181,0.4929,0.4947,3.0,0.4917,10.0,3567.0,15.0
2021-01-05 09:33:12.650,0.4929,0.4947,3.0,0.4917,30.0,3567.0,15.0
2021-01-05 09:33:13.100,0.4929,0.4947,3.0,0.4917,30.0,3567.0,15.0
2021-01-05 09:33:14.070,0.4929,0.4947,3.0,0.4917,30.0,3567.0,15.0
2021-01-05 09:33:14.650,0.4929,0.4947,3.0,0.4917,30.0,3567.0,15.0
2021-01-05 09:33:15.651,0.4929,0.4947,3.0,0.4917,30.0,3567.0,15.0
2021-01-05 09:33:15.791,0.4929,0.4947,3.0,0.4917,30.0,3567.0,15.0
2021-01-05 09:33:16.671,0.4929,0.4947,3.0,0.4931,10.0,3567.0,15.0
2021-01-05 09:33:17.190,0.4929,0.4947,3.0,0.4931,10.0,3567.0,15.0
2021-01-05 09:33:17.551,0.4929,0.4947,3.0,0.4931,30.0,3567.0,15.0
2021-01-05 09:33:18.160,0.4948,0.4964,10.0,0.4931,30.0,3567.0,19.0
2021-01-05 09:33:18.680,0.4948,0.4946,1.0,0.4931,30.0,3567.0,19.0
2021-01-05 09:33:19.191,0.4948,0.4964,10.0,0.4932,1.0,3567.0,19.0
2021-01-05 09:33:19.660,0.4948,0.4945,1.0,0.4931,30.0,3567.0,19.0
2021-01-05 09:33:20.171,0.4948,0.4964,10.0,0.4933,1.0,3567.0,19.0
2021-01-05 09:33:20.680,0.4948,0.4944,1.0,0.4931,30.0,3567.0,19.0
2021-01-05 09:33:21.160,0.4944,0.4964,10.0,0.4934,1.0,3568.0,20.0
2021-01-05 09:33:21.681,0.4944,0.4963,1.0,0.4934,1.0,3568.0,20.0
2021-01-05 09:33:22.150,0.4944,0.4963,1.0,0.4934,15.0,3568.0,20.0
2021-01-05 09:33:22.670,0.4944,0.4963,1.0,0.4934,1.0,3568.0,20.0
2021-01-05 09:33:23.051,0.4944,0.4963,1.0,0.4941,10.0,3568.0,20.0
2021-01-05 09:33:23.641,0.4944,0.4963,1.0,0.4941,10.0,3568.0,20.0
2021-01-05 09:33:24.171,0.4944,0.4963,1.0,0.4941,30.0,3568.0,20.0
2021-01-05 09:33:24.661,0.4944,0.4963,1.0,0.4941,10.0,3568.0,20.0
2021-01-05 09:33:25.151,0.4944,0.4963,1.0,0.4942,1.0,3568.0,20.0
2021-01-05 09:33:25.671,0.4944,0.4963,1.0,0.4942,1.0,3568.0,20.0
2021-01-05 09:33:26.161,0.4944,0.4961,10.0,0.4942,1.0,3568.0,20.0
2021-01-05 09:33:27.171,0.4944,0.4961,10.0,0.4942,1.0,3568.0,20.0
2021-01-05 09:33:27.681,0.4944,0.4961,10.0,0.4942,1.0,3568.0,20.0
2021-01-05 09:33:28.180,0.4944,0.4961,10.0,0.4942,1.0,3568.0,20.0
2021-01-05 09:33:28.670,0.4944,0.4961,10.0,0.4942,1.0,3568.0,20.0
2021-01-05 09:33:29.171,0.4944,0.4961,10.0,0.4942,1.0,3568.0,20.0
2021-01-05 09:33:30.180,0.4944,0.4961,10.0,0.4942,1.0,3568.0,20.0
2021-01-05 09:33:31.680,0.4944,0.4961,10.0,0.4942,1.0,3568.0,20.0
2021-01-05 09:33:32.170,0.4944,0.4961,10.0,0.4942,1.0,3568.0,20.0
2021-01-05 09:33:32.620,0.4944,0.4961,10.0,0.4942,1.0,3568.0,20.0
2021-01-05 09:33:36.681,0.4944,0.4961,10.0,0.4942,1.0,3568.0,20.0
2021-01-05 09:33:37.190,0.4944,0.4961,10.0,0.4942,15.0,3568.0,20.0
2021-01-05 09:33:37.640,0.4944,0.4963,1.0,0.4942,1.0,3568.0,20.0
2021-01-05 09:33:38.120,0.4944,0.4963,1.0,0.4943,14.0,3568.0,20.0
2021-01-05 09:33:38.621,0.4944,0.4963,1.0,0.4943,14.0,3568.0,20.0
2021-01-05 09:33:39.201,0.4944,0.4963,1.0,0.4943,14.0,3568.0,20.0
2021-01-05 09:33:39.641,0.4944,0.4963,1.0,0.4942,21.0,3568.0,20.0
2021-01-05 09:33:40.160,0.4944,0.4963,1.0,0.4942,35.0,3568.0,20.0
2021-01-05 09:33:40.690,0.4944,0.4969,20.0,0.4942,21.0,3568.0,20.0
2021-01-05 09:33:41.161,0.4944,0.4968,14.0,0.4942,21.0,3568.0,20.0
2021-01-05 09:33:41.691,0.4944,0.4968,14.0,0.4942,21.0,3568.0,20.0
2021-01-05 09:33:42.160,0.4944,0.4968,34.0,0.4942,1.0,3568.0,20.0
2021-01-05 09:33:42.640,0.4944,0.4968,14.0,0.4942,1.0,3568.0,20.0
2021-01-05 09:33:43.180,0.4944,0.4968,34.0,0.4942,1.0,3568.0,20.0
2021-01-05 09:33:43.681,0.4944,0.4967,4.0,0.4942,1.0,3568.0,20.0
2021-01-05 09:33:44.110,0.4944,0.4967,4.0,0.4942,1.0,3568.0,20.0
2021-01-05 09:33:44.671,0.4944,0.4966,14.0,0.4942,1.0,3568.0,20.0
2021-01-05 09:33:45.180,0.4944,0.4966,14.0,0.4942,1.0,3568.0,20.0
2021-01-05 09:33:45.660,0.4944,0.4965,3.0,0.4942,1.0,3568.0,20.0
2021-01-05 09:33:46.161,0.4944,0.4965,3.0,0.4942,1.0,3568.0,20.0
2021-01-05 09:33:46.680,0.4944,0.4957,10.0,0.4942,1.0,3568.0,20.0
2021-01-05 09:33:47.191,0.4944,0.4957,30.0,0.4942,1.0,3568.0,20.0
2021-01-05 09:33:47.681,0.4942,0.4956,14.0,0.4928,20.0,3568.0,21.0
2021-01-05 09:33:48.171,0.4942,0.4956,14.0,0.4909,36.0,3568.0,21.0
2021-01-05 09:33:48.171,0.4942,0.4955,1.0,0.4929,1.0,3568.0,21.0
2021-01-05 09:33:49.051,0.4942,0.4955,1.0,0.4929,1.0,3568.0,21.0
2021-01-05 09:33:49.681,0.4942,0.4954,14.0,0.4929,1.0,3568.0,21.0
2021-01-05 09:33:50.180,0.4942,0.4954,14.0,0.4929,1.0,3568.0,21.0
2021-01-05 09:33:51.581,0.4942,0.4954,14.0,0.4929,1.0,3568.0,21.0
2021-01-05 09:33:52.190,0.4942,0.4954,14.0,0.4929,1.0,3568.0,21.0
2021-01-05 09:33:52.661,0.4942,0.4954,14.0,0.4929,1.0,3568.0,21.0
2021-01-05 09:33:52.960,0.4942,0.4954,14.0,0.4929,1.0,3568.0,21.0
2021-01-05 09:33:53.650,0.4942,0.4954,14.0,0.4929,1.0,3568.0,21.0
2021-01-05 09:33:55.650,0.4942,0.4954,14.0,0.4929,1.0,3568.0,21.0
2021-01-05 09:33:56.120,0.4942,0.4954,14.0,0.4929,1.0,3568.0,21.0
2021-01-05 09:33:56.681,0.4942,0.4954,14.0,0.4929,1.0,3568.0,21.0
2021-01-05 09:33:57.171,0.4942,0.4954,14.0,0.4929,1.0,3568.0,21.0
2021-01-05 09:33:57.671,0.4942,0.4949,10.0,0.4929,1.0,3568.0,21.0
2021-01-05 09:33:58.170,0.4942,0.4949,30.0,0.4929,1.0,3568.0,21.0
2021-01-05 09:33:58.670,0.4929,0.4948,14.0,0.4909,20.0,3568.0,22.0
2021-01-05 09:33:59.140,0.4929,0.4948,15.0,0.491,14.0,3568.0,22.0
2021-01-05 09:33:59.590,0.4929,0.4948,15.0,0.491,1.0,3568.0,22.0
2021-01-05 09:34:00.191,0.4929,0.4947,3.0,0.491,1.0,3568.0,22.0
2021-01-05 09:34:00.671,0.4929,0.4947,19.0,0.491,1.0,3568.0,22.0
2021-01-05 09:34:01.140,0.4929,0.4947,19.0,0.491,1.0,3568.0,22.0
2021-01-05 09:34:01.661,0.4929,0.4947,19.0,0.491,1.0,3568.0,22.0
2021-01-05 09:34:02.170,0.4929,0.4947,19.0,0.491,1.0,3568.0,22.0
2021-01-05 09:34:02.671,0.4929,0.4947,19.0,0.491,1.0,3568.0,22.0
2021-01-05 09:34:03.171,0.4929,0.4947,19.0,0.491,15.0,3568.0,22.0
2021-01-05 09:34:03.670,0.4929,0.4947,19.0,0.491,15.0,3568.0,22.0
2021-01-05 09:34:04.120,0.4929,0.4947,19.0,0.491,1.0,3568.0,22.0
2021-01-05 09:34:05.121,0.4929,0.4947,19.0,0.491,1.0,3568.0,22.0
2021-01-05 09:34:06.671,0.4929,0.4931,10.0,0.491,1.0,3568.0,22.0
2021-01-05 09:34:07.130,0.4929,0.493,14.0,0.491,1.0,3568.0,22.0
2021-01-05 09:34:07.311,0.4929,0.493,14.0,0.491,1.0,3568.0,22.0
2021-01-05 09:34:08.171,0.4929,0.4915,10.0,0.4894,20.0,3568.0,22.0
2021-01-05 09:34:08.690,0.4929,0.4915,30.0,0.4895,14.0,3568.0,22.0
2021-01-05 09:34:09.170,0.4929,0.4915,30.0,0.4895,14.0,3568.0,22.0
2021-01-05 09:34:09.670,0.4929,0.4914,1.0,0.4895,14.0,3568.0,22.0
2021-01-05 09:34:10.140,0.4929,0.4914,1.0,0.4895,14.0,3568.0,22.0
2021-01-05 09:34:10.690,0.4929,0.4914,1.0,0.4895,14.0,3568.0,22.0
2021-01-05 09:34:11.681,0.4929,0.4914,1.0,0.4895,14.0,3568.0,22.0
2021-01-05 09:34:12.640,0.4929,0.4914,1.0,0.4895,14.0,3568.0,22.0
2021-01-05 09:34:13.191,0.4929,0.4914,1.0,0.4896,1.0,3568.0,22.0
2021-01-05 09:34:13.521,0.4929,0.4914,1.0,0.4896,21.0,3568.0,22.0
2021-01-05 09:34:14.181,0.4929,0.4914,1.0,0.4897,14.0,3568.0,22.0
2021-01-05 09:34:14.691,0.4914,0.4931,23.0,0.4904,10.0,3569.0,23.0
2021-01-05 09:34:15.181,0.4914,0.4913,1.0,0.4904,10.0,3569.0,23.0
2021-01-05 09:34:15.681,0.4913,0.4931,3.0,0.4905,14.0,3569.0,24.0
2021-01-05 09:34:16.190,0.4913,0.4931,3.0,0.4905,14.0,3569.0,24.0
2021-01-05 09:34:16.620,0.4913,0.4931,23.0,0.4906,1.0,3569.0,24.0
2021-01-05 09:34:16.970,0.4913,0.493,1.0,0.4906,1.0,3569.0,24.0
2021-01-05 09:34:17.690,0.4913,0.4929,14.0,0.4906,1.0,3569.0,24.0
2021-01-05 09:34:18.201,0.4913,0.4926,10.0,0.4906,1.0,3569.0,24.0
2021-01-05 09:34:18.620,0.4913,0.4926,30.0,0.4906,1.0,3569.0,24.0
2021-01-05 09:34:19.041,0.4913,0.4926,30.0,0.4906,1.0,3569.0,24.0
2021-01-05 09:34:19.700,0.4913,0.4926,30.0,0.4906,1.0,3569.0,24.0
2021-01-05 09:34:20.180,0.4913,0.4925,1.0,0.4906,1.0,3569.0,24.0
2021-01-05 09:34:20.651,0.4913,0.4925,1.0,0.4906,1.0,3569.0,24.0
2021-01-05 09:34:21.200,0.4913,0.4925,15.0,0.4906,1.0,3569.0,24.0
2021-01-05 09:34:21.690,0.4913,0.4924,3.0,0.4906,1.0,3569.0,24.0
2021-01-05 09:34:22.151,0.4913,0.4923,10.0,0.4906,1.0,3569.0,24.0
2021-01-05 09:34:22.651,0.4913,0.4923,10.0,0.4906,1.0,3569.0,24.0
2021-01-05 09:34:25.150,0.4913,0.4923,10.0,0.4906,1.0,3569.0,24.0
2021-01-05 09:34:25.671,0.4913,0.4922,14.0,0.4906,1.0,3569.0,24.0
2021-01-05 09:34:26.641,0.4913,0.4922,14.0,0.4906,1.0,3569.0,24.0
2021-01-05 09:34:27.150,0.4913,0.4922,14.0,0.4906,1.0,3569.0,24.0
2021-01-05 09:34:29.601,0.4913,0.4922,14.0,0.4906,1.0,3569.0,24.0
2021-01-05 09:34:30.170,0.4913,0.4922,14.0,0.4906,1.0,3569.0,24.0
2021-01-05 09:34:30.681,0.4913,0.4922,14.0,0.4906,1.0,3569.0,24.0
2021-01-05 09:34:31.190,0.4913,0.4922,14.0,0.4906,1.0,3569.0,24.0
2021-01-05 09:34:31.691,0.4913,0.4922,14.0,0.4906,1.0,3569.0,24.0
2021-01-05 09:34:33.691,0.4906,0.4922,17.0,0.4891,20.0,3569.0,25.0
2021-01-05 09:34:34.171,0.4906,0.4922,17.0,0.4876,36.0,3569.0,25.0
2021-01-05 09:34:34.630,0.4906,0.4922,17.0,0.4892,1.0,3569.0,25.0
2021-01-05 09:34:35.130,0.4906,0.4908,10.0,0.4886,20.0,3569.0,25.0
2021-01-05 09:34:35.631,0.4906,0.4908,10.0,0.4893,1.0,3569.0,25.0
2021-01-05 09:34:36.171,0.4906,0.4908,10.0,0.4876,36.0,3569.0,25.0
2021-01-05 09:34:36.680,0.4906,0.4908,10.0,0.4876,36.0,3569.0,25.0
2021-01-05 09:34:37.161,0.4906,0.4907,1.0,0.4877,1.0,3569.0,25.0
2021-01-05 09:34:37.700,0.4906,0.4907,1.0,0.4878,14.0,3569.0,25.0
2021-01-05 09:34:38.171,0.4906,0.4906,14.0,0.4878,14.0,3569.0,25.0
2021-01-05 09:34:39.091,0.4906,0.4906,14.0,0.4878,14.0,3569.0,25.0
2021-01-05 09:34:39.470,0.4906,0.4906,17.0,0.4878,14.0,3569.0,25.0
2021-01-05 09:34:40.171,0.4906,0.4906,17.0,0.4877,1.0,3569.0,25.0
2021-01-05 09:34:40.651,0.4906,0.4906,17.0,0.4877,1.0,3569.0,25.0
2021-01-05 09:34:41.201,0.4906,0.4906,17.0,0.4877,1.0,3569.0,25.0
2021-01-05 09:34:41.700,0.4906,0.4906,17.0,0.4877,1.0,3569.0,25.0
2021-01-05 09:34:42.171,0.4906,0.4906,17.0,0.4877,1.0,3569.0,25.0
2021-01-05 09:34:42.680,0.4906,0.4906,17.0,0.4877,1.0,3569.0,25.0
2021-01-05 09:34:46.140,0.4906,0.4892,10.0,0.4877,1.0,3569.0,25.0
2021-01-05 09:34:46.660,0.4906,0.4892,10.0,0.4877,1.0,3569.0,25.0
2021-01-05 09:34:46.970,0.4906,0.4892,10.0,0.4877,1.0,3569.0,25.0
2021-01-05 09:34:47.701,0.4906,0.4892,10.0,0.4877,1.0,3569.0,25.0
2021-01-05 09:34:49.210,0.4906,0.4892,10.0,0.4877,1.0,3569.0,25.0
2021-01-05 09:34:50.161,0.4906,0.4892,10.0,0.4877,1.0,3569.0,25.0
2021-01-05 09:34:51.200,0.4906,0.4892,10.0,0.4877,1.0,3569.0,25.0
2021-01-05 09:34:51.630,0.4906,0.4892,10.0,0.4878,14.0,3569.0,25.0
2021-01-05 09:34:52.220,0.4906,0.4892,10.0,0.4877,1.0,3569.0,25.0
2021-01-05 09:34:53.180,0.4906,0.4892,10.0,0.4877,1.0,3569.0,25.0
2021-01-05 09:34:53.651,0.4906,0.4888,10.0,0.487,20.0,3569.0,25.0
2021-01-05 09:34:54.170,0.4906,0.4888,10.0,0.4864,20.0,3569.0,25.0
2021-01-05 09:34:54.631,0.4906,0.4888,30.0,0.4864,20.0,3569.0,25.0
2021-01-05 09:34:55.161,0.4906,0.4875,10.0,0.4852,20.0,3569.0,25.0
2021-01-05 09:34:55.680,0.4906,0.4875,10.0,0.4865,1.0,3569.0,25.0
2021-01-05 09:34:56.051,0.4906,0.4875,10.0,0.4843,20.0,3569.0,25.0
2021-01-05 09:34:56.600,0.4906,0.4875,10.0,0.4844,14.0,3569.0,25.0
2021-01-05 09:34:57.130,0.4906,0.4874,15.0,0.4844,15.0,3569.0,25.0
2021-01-05 09:34:58.160,0.4906,0.4874,15.0,0.4844,15.0,3569.0,25.0
2021-01-05 09:34:58.640,0.4906,0.4874,15.0,0.4844,15.0,3569.0,25.0
2021-01-05 09:34:59.151,0.4906,0.4874,15.0,0.4844,15.0,3569.0,25.0
2021-01-05 09:35:00.160,0.4906,0.4864,10.0,0.4844,15.0,3569.0,25.0
2021-01-05 09:35:00.630,0.4906,0.4864,10.0,0.4844,1.0,3569.0,25.0
2021-01-05 09:35:00.640,0.4906,0.4864,10.0,0.4845,14.0,3569.0,25.0
2021-01-05 09:35:01.620,0.4906,0.4863,1.0,0.4845,14.0,3569.0,25.0
2021-01-05 09:35:02.160,0.4906,0.4863,1.0,0.4845,14.0,3569.0,25.0
2021-01-05 09:35:02.680,0.4906,0.4863,1.0,0.4845,14.0,3569.0,25.0
2021-01-05 09:35:03.180,0.4906,0.4864,10.0,0.4845,14.0,3569.0,25.0
2021-01-05 09:35:03.660,0.4906,0.4882,10.0,0.4848,10.0,3569.0,25.0
2021-01-05 09:35:04.061,0.4906,0.4863,1.0,0.4848,20.0,3569.0,25.0
2021-01-05 09:35:05.180,0.4906,0.4862,1.0,0.4849,34.0,3569.0,25.0
2021-01-05 09:35:05.591,0.4906,0.4883,10.0,0.485,1.0,3569.0,25.0
2021-01-05 09:35:06.180,0.4906,0.4882,14.0,0.485,1.0,3569.0,25.0
2021-01-05 09:35:06.421,0.4906,0.4882,15.0,0.485,1.0,3569.0,25.0
2021-01-05 09:35:07.131,0.4906,0.4881,3.0,0.485,1.0,3569.0,25.0
2021-01-05 09:35:07.650,0.4906,0.4873,16.0,0.485,1.0,3569.0,25.0
2021-01-05 09:35:08.171,0.4906,0.4873,36.0,0.485,1.0,3569.0,25.0
2021-01-05 09:35:09.191,0.485,0.4862,26.0,0.4844,1.0,3569.0,26.0
2021-01-05 09:35:09.700,0.485,0.4862,46.0,0.4832,20.0,3569.0,26.0
2021-01-05 09:35:10.180,0.485,0.4862,46.0,0.4833,14.0,3569.0,26.0
2021-01-05 09:35:10.691,0.485,0.4861,1.0,0.4833,15.0,3569.0,26.0
2021-01-05 09:35:11.160,0.485,0.486,14.0,0.4833,15.0,3569.0,26.0
2021-01-05 09:35:11.680,0.485,0.486,14.0,0.4833,15.0,3569.0,26.0
2021-01-05 09:35:12.101,0.485,0.486,14.0,0.4833,15.0,3569.0,26.0
2021-01-05 09:35:13.181,0.485,0.486,14.0,0.4833,15.0,3569.0,26.0
2021-01-05 09:35:13.640,0.485,0.4861,1.0,0.4838,16.0,3569.0,26.0
2021-01-05 09:35:14.191,0.485,0.4861,1.0,0.4845,16.0,3569.0,26.0
2021-01-05 09:35:14.691,0.485,0.4861,1.0,0.4845,36.0,3569.0,26.0
2021-01-05 09:35:15.171,0.485,0.4861,1.0,0.4852,16.0,3569.0,26.0
2021-01-05 09:35:15.701,0.485,0.4861,1.0,0.4852,36.0,3569.0,26.0
2021-01-05 09:35:16.141,0.485,0.4875,16.0,0.4846,1.0,3569.0,26.0
2021-01-05 09:35:16.681,0.485,0.4874,3.0,0.4847,14.0,3569.0,26.0
2021-01-05 09:35:17.190,0.485,0.4873,14.0,0.4847,15.0,3569.0,26.0
2021-01-05 09:35:17.680,0.485,0.4873,14.0,0.4847,15.0,3569.0,26.0
2021-01-05 09:35:18.681,0.485,0.4874,4.0,0.485,16.0,3569.0,26.0
2021-01-05 09:35:19.180,0.485,0.4874,4.0,0.485,36.0,3569.0,26.0
2021-01-05 09:35:19.641,0.485,0.4874,4.0,0.4851,1.0,3569.0,26.0
2021-01-05 09:35:20.120,0.485,0.4874,4.0,0.4852,14.0,3569.0,26.0
2021-01-05 09:35:20.690,0.485,0.4874,4.0,0.4852,14.0,3569.0,26.0
2021-01-05 09:35:21.180,0.485,0.4874,4.0,0.4852,14.0,3569.0,26.0
2021-01-05 09:35:21.620,0.485,0.487,10.0,0.4851,1.0,3569.0,26.0
2021-01-05 09:35:22.171,0.485,0.4869,17.0,0.4851,1.0,3569.0,26.0
2021-01-05 09:35:22.640,0.485,0.4869,17.0,0.4851,1.0,3569.0,26.0
2021-01-05 09:35:23.130,0.485,0.4868,1.0,0.4851,1.0,3569.0,26.0
2021-01-05 09:35:23.680,0.485,0.4868,1.0,0.4851,1.0,3569.0,26.0
2021-01-05 09:35:24.171,0.485,0.4867,14.0,0.4851,1.0,3569.0,26.0
2021-01-05 09:35:24.671,0.485,0.4867,14.0,0.4848,1.0,3569.0,26.0
2021-01-05 09:35:25.170,0.485,0.4867,14.0,0.4841,16.0,3569.0,26.0
2021-01-05 09:35:25.660,0.485,0.4866,3.0,0.4841,16.0,3569.0,26.0
2021-01-05 09:35:26.160,0.485,0.4866,3.0,0.4842,1.0,3569.0,26.0
2021-01-05 09:35:26.651,0.485,0.4865,14.0,0.4843,14.0,3569.0,26.0
2021-01-05 09:35:27.641,0.485,0.4865,14.0,0.4843,14.0,3569.0,26.0
2021-01-05 09:35:28.131,0.485,0.4864,1.0,0.4843,14.0,3569.0,26.0
2021-01-05 09:35:28.680,0.485,0.4863,14.0,0.4843,14.0,3569.0,26.0
2021-01-05 09:35:30.690,0.485,0.4862,3.0,0.4843,14.0,3569.0,26.0
2021-01-05 09:35:31.170,0.485,0.4862,3.0,0.4843,14.0,3569.0,26.0
2021-01-05 09:35:31.600,0.485,0.4861,14.0,0.4843,14.0,3569.0,26.0
2021-01-05 09:35:32.630,0.485,0.4861,14.0,0.4843,14.0,3569.0,26.0
2021-01-05 09:35:33.160,0.485,0.486,1.0,0.4842,1.0,3569.0,26.0
2021-01-05 09:35:33.640,0.485,0.486,1.0,0.4842,1.0,3569.0,26.0
2021-01-05 09:35:33.650,0.485,0.4859,24.0,0.4839,20.0,3569.0,26.0
2021-01-05 09:35:34.691,0.485,0.4859,24.0,0.4828,36.0,3569.0,26.0
2021-01-05 09:35:35.200,0.485,0.4859,24.0,0.4828,36.0,3569.0,26.0
2021-01-05 09:35:35.590,0.485,0.4858,3.0,0.4829,1.0,3569.0,26.0
2021-01-05 09:35:36.180,0.485,0.4858,3.0,0.483,14.0,3569.0,26.0
2021-01-05 09:35:36.601,0.485,0.4857,14.0,0.483,14.0,3569.0,26.0
2021-01-05 09:35:37.171,0.485,0.4857,17.0,0.483,14.0,3569.0,26.0
2021-01-05 09:35:40.191,0.485,0.4857,17.0,0.483,14.0,3569.0,26.0
2021-01-05 09:35:41.190,0.485,0.4857,17.0,0.4831,2.0,3569.0,26.0
2021-01-05 09:35:41.680,0.485,0.4857,17.0,0.4831,1.0,3569.0,26.0
2021-01-05 09:35:42.160,0.485,0.4857,17.0,0.4832,14.0,3569.0,26.0
2021-01-05 09:35:43.190,0.485,0.4857,17.0,0.4832,14.0,3569.0,26.0
2021-01-05 09:35:43.661,0.485,0.4857,17.0,0.4833,1.0,3569.0,26.0
2021-01-05 09:35:44.101,0.485,0.4857,17.0,0.4833,21.0,3569.0,26.0
2021-01-05 09:35:44.681,0.485,0.4855,16.0,0.4833,21.0,3569.0,26.0
2021-01-05 09:35:45.071,0.485,0.4854,3.0,0.4833,21.0,3569.0,26.0
2021-01-05 09:35:45.651,0.485,0.4853,14.0,0.4833,21.0,3569.0,26.0
2021-01-05 09:35:46.141,0.485,0.4848,10.0,0.4833,1.0,3569.0,26.0
2021-01-05 09:35:46.700,0.485,0.4847,14.0,0.4833,1.0,3569.0,26.0
2021-01-05 09:35:47.101,0.4833,0.4847,14.0,0.4828,20.0,3569.0,27.0
2021-01-05 09:35:47.680,0.4833,0.4846,3.0,0.4816,36.0,3569.0,27.0
2021-01-05 09:35:48.181,0.4833,0.4846,23.0,0.4829,1.0,3569.0,27.0
2021-01-05 09:35:48.650,0.4833,0.4845,15.0,0.4816,36.0,3569.0,27.0
2021-01-05 09:35:49.190,0.4833,0.4845,15.0,0.4816,36.0,3569.0,27.0
2021-01-05 09:35:49.701,0.4833,0.4844,3.0,0.4817,1.0,3569.0,27.0
2021-01-05 09:35:50.081,0.4833,0.4844,3.0,0.4818,14.0,3569.0,27.0
2021-01-05 09:35:50.680,0.4833,0.4843,14.0,0.4818,14.0,3569.0,27.0
2021-01-05 09:35:51.710,0.4833,0.4843,14.0,0.4818,14.0,3569.0,27.0
2021-01-05 09:35:54.161,0.4833,0.4843,14.0,0.4818,14.0,3569.0,27.0
2021-01-05 09:35:55.141,0.4833,0.4844,3.0,0.4826,10.0,3569.0,27.0
2021-01-05 09:35:55.691,0.4833,0.4844,3.0,0.483,16.0,3569.0,27.0
2021-01-05 09:35:56.121,0.4833,0.4844,3.0,0.483,16.0,3569.0,27.0
2021-01-05 09:35:56.690,0.4833,0.4844,3.0,0.4831,1.0,3569.0,27.0
2021-01-05 09:35:57.141,0.4833,0.4844,3.0,0.4832,14.0,3569.0,27.0
2021-01-05 09:35:59.610,0.4833,0.4844,3.0,0.4831,20.0,3569.0,27.0
2021-01-05 09:36:00.190,0.4833,0.4844,3.0,0.4827,1.0,3569.0,27.0
2021-01-05 09:36:00.680,0.4833,0.4843,14.0,0.4826,20.0,3569.0,27.0
2021-01-05 09:36:01.181,0.4833,0.4843,14.0,0.4827,14.0,3569.0,27.0
2021-01-05 09:36:02.170,0.4833,0.4844,3.0,0.4827,14.0,3569.0,27.0
2021-01-05 09:36:02.701,0.4833,0.4844,3.0,0.4827,14.0,3569.0,27.0
2021-01-05 09:36:03.150,0.4833,0.4844,3.0,0.4829,16.0,3569.0,27.0
2021-01-05 09:36:04.201,0.4844,0.4845,1.0,0.4829,16.0,3569.0,30.0
2021-01-05 09:36:05.150,0.4844,0.4845,1.0,0.4829,16.0,3569.0,30.0
2021-01-05 09:36:05.690,0.4844,0.4845,1.0,0.4829,16.0,3569.0,30.0
2021-01-05 09:36:06.180,0.4844,0.4845,1.0,0.483,1.0,3569.0,30.0
2021-01-05 09:36:06.700,0.4844,0.4845,1.0,0.4831,14.0,3569.0,30.0
2021-01-05 09:36:06.940,0.4844,0.4845,1.0,0.4831,34.0,3569.0,30.0
2021-01-05 09:36:09.161,0.4844,0.4845,1.0,0.4831,34.0,3569.0,30.0
2021-01-05 09:36:09.691,0.4845,0.4859,20.0,0.4831,34.0,3569.0,31.0
2021-01-05 09:36:10.101,0.4845,0.4858,14.0,0.4831,34.0,3569.0,31.0
2021-01-05 09:36:10.510,0.4845,0.4858,15.0,0.4831,34.0,3569.0,31.0
2021-01-05 09:36:11.180,0.4845,0.4858,15.0,0.4831,34.0,3569.0,31.0
2021-01-05 09:36:11.651,0.4845,0.4858,15.0,0.4831,34.0,3569.0,31.0
2021-01-05 09:36:12.181,0.4845,0.4858,15.0,0.4831,34.0,3569.0,31.0
2021-01-05 09:36:12.690,0.4845,0.4858,15.0,0.4831,34.0,3569.0,31.0
2021-01-05 09:36:14.150,0.4845,0.4858,15.0,0.4831,34.0,3569.0,31.0
2021-01-05 09:36:15.170,0.4845,0.4858,15.0,0.4831,34.0,3569.0,31.0
2021-01-05 09:36:16.150,0.4845,0.4858,15.0,0.4831,34.0,3569.0,31.0
2021-01-05 09:36:18.680,0.4845,0.4858,1.0,0.4836,16.0,3569.0,31.0
2021-01-05 09:36:19.151,0.4845,0.4857,14.0,0.4836,16.0,3569.0,31.0
2021-01-05 09:36:19.650,0.4845,0.4858,1.0,0.4836,36.0,3569.0,31.0
2021-01-05 09:36:20.161,0.4845,0.4858,15.0,0.4837,1.0,3569.0,31.0
2021-01-05 09:36:20.690,0.4845,0.4858,15.0,0.4838,14.0,3569.0,31.0
2021-01-05 09:36:21.120,0.4845,0.4858,1.0,0.4838,14.0,3569.0,31.0
2021-01-05 09:36:21.691,0.4845,0.4858,1.0,0.4838,14.0,3569.0,31.0
2021-01-05 09:36:22.171,0.4845,0.4858,1.0,0.4839,1.0,3569.0,31.0
2021-01-05 09:36:22.680,0.4845,0.4858,1.0,0.4839,1.0,3569.0,31.0
2021-01-05 09:36:23.191,0.4845,0.4858,1.0,0.484,14.0,3569.0,31.0
2021-01-05 09:36:23.681,0.4845,0.4857,14.0,0.484,14.0,3569.0,31.0
2021-01-05 09:36:24.171,0.4845,0.4857,14.0,0.484,14.0,3569.0,31.0
2021-01-05 09:36:24.701,0.4845,0.4857,16.0,0.4841,1.0,3569.0,31.0
2021-01-05 09:36:25.471,0.4845,0.4857,14.0,0.4841,20.0,3569.0,31.0
2021-01-05 09:36:26.651,0.4845,0.4857,14.0,0.4842,1.0,3569.0,31.0
2021-01-05 09:36:27.070,0.4845,0.4857,14.0,0.4842,1.0,3569.0,31.0
2021-01-05 09:36:27.690,0.4845,0.4857,14.0,0.4842,1.0,3569.0,31.0
2021-01-05 09:36:28.120,0.4842,0.4855,16.0,0.483,20.0,3569.0,32.0
2021-01-05 09:36:28.681,0.4842,0.4855,26.0,0.4831,14.0,3569.0,32.0
2021-01-05 09:36:29.100,0.4842,0.4854,2.0,0.4831,1.0,3569.0,32.0
2021-01-05 09:36:29.661,0.4842,0.4853,14.0,0.4831,1.0,3569.0,32.0
2021-01-05 09:36:30.161,0.4842,0.4853,14.0,0.4831,1.0,3569.0,32.0
2021-01-05 09:36:30.700,0.4842,0.4853,14.0,0.4831,1.0,3569.0,32.0
2021-01-05 09:36:35.150,0.4842,0.4853,14.0,0.4831,1.0,3569.0,32.0
2021-01-05 09:36:35.701,0.4842,0.4853,14.0,0.4831,15.0,3569.0,32.0
2021-01-05 09:36:36.191,0.4842,0.4853,14.0,0.4831,15.0,3569.0,32.0
2021-01-05 09:36:36.700,0.4842,0.4852,3.0,0.4831,1.0,3569.0,32.0
2021-01-05 09:36:37.190,0.4842,0.4852,3.0,0.4831,1.0,3569.0,32.0
2021-01-05 09:36:37.691,0.4842,0.4851,14.0,0.4831,1.0,3569.0,32.0
2021-01-05 09:36:38.640,0.4842,0.4851,17.0,0.4831,1.0,3569.0,32.0
2021-01-05 09:36:39.090,0.4842,0.485,1.0,0.4831,1.0,3569.0,32.0
2021-01-05 09:36:39.660,0.4842,0.485,1.0,0.4831,1.0,3569.0,32.0
2021-01-05 09:36:40.191,0.4842,0.4849,14.0,0.483,20.0,3569.0,32.0
2021-01-05 09:36:40.700,0.4842,0.4849,14.0,0.483,20.0,3569.0,32.0
2021-01-05 09:36:41.201,0.4842,0.4849,14.0,0.483,34.0,3569.0,32.0
2021-01-05 09:36:41.641,0.4842,0.4849,14.0,0.483,20.0,3569.0,32.0
2021-01-05 09:36:42.200,0.4842,0.4849,14.0,0.4831,15.0,3569.0,32.0
2021-01-05 09:36:44.680,0.4842,0.4849,14.0,0.4831,1.0,3569.0,32.0
2021-01-05 09:36:45.191,0.4842,0.4835,10.0,0.4831,1.0,3569.0,32.0
2021-01-05 09:36:45.631,0.4842,0.4835,10.0,0.4831,1.0,3569.0,32.0
2021-01-05 09:36:46.190,0.4842,0.4835,10.0,0.4827,1.0,3569.0,32.0
2021-01-05 09:36:46.651,0.4842,0.4834,14.0,0.4826,1.0,3569.0,32.0
2021-01-05 09:36:47.130,0.4842,0.4834,14.0,0.482,20.0,3569.0,32.0
2021-01-05 09:36:47.660,0.4842,0.4834,14.0,0.482,20.0,3569.0,32.0
2021-01-05 09:36:48.130,0.4842,0.4834,14.0,0.4817,20.0,3569.0,32.0
2021-01-05 09:36:48.630,0.4842,0.4833,1.0,0.4817,34.0,3569.0,32.0
2021-01-05 09:36:49.031,0.4842,0.4833,1.0,0.4809,36.0,3569.0,32.0
2021-01-05 09:36:49.700,0.4842,0.4832,14.0,0.4817,20.0,3569.0,32.0
2021-01-05 09:36:50.190,0.4842,0.4832,14.0,0.481,1.0,3569.0,32.0
2021-01-05 09:36:50.670,0.4842,0.4832,14.0,0.4811,14.0,3569.0,32.0
2021-01-05 09:36:51.171,0.4842,0.4832,14.0,0.4811,15.0,3569.0,32.0
2021-01-05 09:36:53.191,0.4842,0.4832,14.0,0.4811,15.0,3569.0,32.0
2021-01-05 09:36:53.680,0.4842,0.4832,14.0,0.4811,15.0,3569.0,32.0
2021-01-05 09:36:54.180,0.4842,0.4832,14.0,0.4811,15.0,3569.0,32.0
2021-01-05 09:36:54.631,0.4842,0.4833,1.0,0.4811,15.0,3569.0,32.0
2021-01-05 09:36:55.651,0.4842,0.4833,1.0,0.4811,15.0,3569.0,32.0
2021-01-05 09:36:56.141,0.4842,0.4833,1.0,0.4811,15.0,3569.0,32.0
2021-01-05 09:36:56.691,0.4842,0.4833,1.0,0.4811,15.0,3569.0,32.0
2021-01-05 09:36:57.601,0.4842,0.4833,1.0,0.4811,15.0,3569.0,32.0
2021-01-05 09:36:59.181,0.4842,0.4833,1.0,0.4811,15.0,3569.0,32.0
2021-01-05 09:36:59.690,0.4842,0.4832,14.0,0.4811,15.0,3569.0,32.0
2021-01-05 09:37:01.640,0.4842,0.4832,14.0,0.4811,15.0,3569.0,32.0
2021-01-05 09:37:02.191,0.4842,0.4833,4.0,0.4811,15.0,3569.0,32.0
2021-01-05 09:37:02.640,0.4842,0.4833,4.0,0.4811,15.0,3569.0,32.0
2021-01-05 09:37:03.151,0.4842,0.4833,4.0,0.4811,15.0,3569.0,32.0
2021-01-05 09:37:03.630,0.4842,0.4833,4.0,0.4811,15.0,3569.0,32.0
2021-01-05 09:37:04.200,0.4833,0.4847,10.0,0.4819,16.0,3569.0,36.0
2021-01-05 09:37:04.690,0.4833,0.4846,14.0,0.4819,16.0,3569.0,36.0
2021-01-05 09:37:05.140,0.4833,0.4846,14.0,0.4819,36.0,3569.0,36.0
2021-01-05 09:37:05.701,0.4833,0.4846,14.0,0.482,1.0,3569.0,36.0
2021-01-05 09:37:06.171,0.4833,0.4846,14.0,0.4821,14.0,3569.0,36.0
2021-01-05 09:37:06.700,0.4833,0.4846,14.0,0.4821,14.0,3569.0,36.0
2021-01-05 09:37:07.180,0.4833,0.4846,14.0,0.4821,14.0,3569.0,36.0
2021-01-05 09:37:07.681,0.4833,0.4846,14.0,0.4821,14.0,3569.0,36.0
2021-01-05 09:37:08.200,0.4833,0.4846,14.0,0.4821,14.0,3569.0,36.0
2021-01-05 09:37:08.630,0.4833,0.4846,17.0,0.4821,14.0,3569.0,36.0
2021-01-05 09:37:09.170,0.4833,0.484,10.0,0.4821,14.0,3569.0,36.0
2021-01-05 09:37:09.660,0.4833,0.4839,14.0,0.4821,14.0,3569.0,36.0
2021-01-05 09:37:10.140,0.4833,0.4839,14.0,0.4821,14.0,3569.0,36.0
2021-01-05 09:37:10.701,0.4833,0.4846,3.0,0.4821,14.0,3569.0,36.0
2021-01-05 09:37:11.201,0.4833,0.4845,14.0,0.4821,14.0,3569.0,36.0
2021-01-05 09:37:11.700,0.4833,0.4845,14.0,0.4821,14.0,3569.0,36.0
2021-01-05 09:37:12.131,0.4833,0.4846,3.0,0.4824,16.0,3569.0,36.0
2021-01-05 09:37:12.620,0.4833,0.4845,14.0,0.4824,16.0,3569.0,36.0
2021-01-05 09:37:13.181,0.4833,0.4845,14.0,0.4824,16.0,3569.0,36.0
2021-01-05 09:37:13.681,0.4833,0.4845,14.0,0.4825,1.0,3569.0,36.0
2021-01-05 09:37:14.171,0.4833,0.4845,14.0,0.4826,14.0,3569.0,36.0
2021-01-05 09:37:14.651,0.4833,0.4845,14.0,0.4826,14.0,3569.0,36.0
2021-01-05 09:37:15.101,0.4833,0.4845,17.0,0.4825,21.0,3569.0,36.0
2021-01-05 09:37:15.700,0.4833,0.4845,17.0,0.4825,21.0,3569.0,36.0
2021-01-05 09:37:16.190,0.4833,0.4845,17.0,0.4825,35.0,3569.0,36.0
2021-01-05 09:37:16.461,0.4833,0.4845,17.0,0.4825,21.0,3569.0,36.0
2021-01-05 09:37:17.200,0.4833,0.4845,17.0,0.4826,14.0,3569.0,36.0
2021-01-05 09:37:17.671,0.4833,0.4845,17.0,0.4826,14.0,3569.0,36.0
2021-01-05 09:37:18.710,0.4833,0.4845,17.0,0.4826,14.0,3569.0,36.0
2021-01-05 09:37:18.891,0.4833,0.4845,17.0,0.4826,14.0,3569.0,36.0
2021-01-05 09:37:20.211,0.4833,0.4845,17.0,0.4826,14.0,3569.0,36.0
2021-01-05 09:37:21.200,0.4833,0.4845,17.0,0.4826,14.0,3569.0,36.0
2021-01-05 09:37:21.701,0.4833,0.4845,17.0,0.4826,14.0,3569.0,36.0
2021-01-05 09:37:22.030,0.4833,0.4845,17.0,0.4826,16.0,3569.0,36.0
2021-01-05 09:37:22.641,0.4833,0.4845,3.0,0.4826,16.0,3569.0,36.0
2021-01-05 09:37:23.150,0.4833,0.4845,3.0,0.4826,16.0,3569.0,36.0
2021-01-05 09:37:23.701,0.4833,0.4845,3.0,0.4826,16.0,3569.0,36.0
2021-01-05 09:37:24.080,0.4833,0.4845,3.0,0.4826,16.0,3569.0,36.0
2021-01-05 09:37:25.200,0.4833,0.4845,3.0,0.4826,16.0,3569.0,36.0
2021-01-05 09:37:26.650,0.4833,0.4845,3.0,0.4826,16.0,3569.0,36.0
2021-01-05 09:37:27.130,0.4833,0.4845,17.0,0.4826,16.0,3569.0,36.0
2021-01-05 09:37:27.551,0.4833,0.4845,3.0,0.4826,16.0,3569.0,36.0
2021-01-05 09:37:28.980,0.4833,0.4845,3.0,0.4826,16.0,3569.0,36.0
2021-01-05 09:37:30.191,0.4833,0.4845,3.0,0.4826,16.0,3569.0,36.0
2021-01-05 09:37:30.650,0.4833,0.4845,3.0,0.4826,16.0,3569.0,36.0
2021-01-05 09:37:31.190,0.4833,0.4844,14.0,0.4826,16.0,3569.0,36.0
2021-01-05 09:37:33.180,0.4833,0.4842,10.0,0.4825,1.0,3569.0,36.0
2021-01-05 09:37:33.681,0.4833,0.4841,14.0,0.4825,1.0,3569.0,36.0
2021-01-05 09:37:34.200,0.4833,0.4841,14.0,0.4825,15.0,3569.0,36.0
2021-01-05 09:37:35.170,0.4833,0.4842,10.0,0.4825,21.0,3569.0,36.0
2021-01-05 09:37:35.650,0.4833,0.4841,14.0,0.4826,14.0,3569.0,36.0
2021-01-05 09:37:37.691,0.4833,0.4842,10.0,0.4827,16.0,3569.0,36.0
2021-01-05 09:37:39.170,0.4833,0.4845,3.0,0.4832,16.0,3569.0,36.0
2021-01-05 09:37:39.700,0.4833,0.4845,3.0,0.4832,36.0,3569.0,36.0
2021-01-05 09:37:40.161,0.4833,0.4845,3.0,0.4832,36.0,3569.0,36.0
2021-01-05 09:37:40.701,0.4833,0.4845,3.0,0.4833,1.0,3569.0,36.0
2021-01-05 09:37:41.131,0.4833,0.4845,3.0,0.4834,14.0,3569.0,36.0
2021-01-05 09:37:42.130,0.4833,0.4845,3.0,0.4834,14.0,3569.0,36.0
2021-01-05 09:37:43.671,0.4845,0.4853,10.0,0.4837,16.0,3569.0,39.0
2021-01-05 09:37:44.190,0.4845,0.4853,10.0,0.4837,16.0,3569.0,39.0
2021-01-05 09:37:44.641,0.4845,0.4853,10.0,0.4837,16.0,3569.0,39.0
2021-01-05 09:37:45.191,0.4845,0.4853,10.0,0.4838,1.0,3569.0,39.0
2021-01-05 09:37:45.650,0.4845,0.4853,10.0,0.4839,14.0,3569.0,39.0
2021-01-05 09:37:46.601,0.4845,0.4853,10.0,0.4839,14.0,3569.0,39.0
2021-01-05 09:37:47.210,0.4845,0.4853,10.0,0.4839,14.0,3569.0,39.0
2021-01-05 09:37:47.661,0.4845,0.4853,10.0,0.4839,14.0,3569.0,39.0
2021-01-05 09:37:48.201,0.4845,0.4852,14.0,0.4839,14.0,3569.0,39.0
2021-01-05 09:37:49.670,0.4845,0.4852,14.0,0.4839,14.0,3569.0,39.0
2021-01-05 09:37:50.220,0.4845,0.4852,14.0,0.4839,14.0,3569.0,39.0
2021-01-05 09:37:51.691,0.4845,0.4852,16.0,0.4838,1.0,3569.0,39.0
2021-01-05 09:37:52.191,0.4845,0.4852,16.0,0.4838,15.0,3569.0,39.0
2021-01-05 09:37:52.660,0.4845,0.4852,16.0,0.4838,15.0,3569.0,39.0
2021-01-05 09:37:53.620,0.4845,0.4852,16.0,0.4838,1.0,3569.0,39.0
2021-01-05 09:37:54.170,0.4845,0.4852,16.0,0.4838,1.0,3569.0,39.0
2021-01-05 09:37:56.611,0.4845,0.4853,10.0,0.4838,1.0,3569.0,39.0
2021-01-05 09:37:57.170,0.4845,0.4853,10.0,0.4839,14.0,3569.0,39.0
2021-01-05 09:37:57.601,0.4845,0.4863,16.0,0.4842,16.0,3569.0,39.0
2021-01-05 09:37:58.091,0.4845,0.4863,16.0,0.4842,36.0,3569.0,39.0
2021-01-05 09:37:58.640,0.4845,0.4863,16.0,0.4842,36.0,3569.0,39.0
2021-01-05 09:37:59.130,0.4845,0.4863,16.0,0.4843,1.0,3569.0,39.0
2021-01-05 09:38:00.680,0.4845,0.4853,10.0,0.4843,1.0,3569.0,39.0
2021-01-05 09:38:01.180,0.4845,0.4852,14.0,0.4843,1.0,3569.0,39.0
2021-01-05 09:38:01.681,0.4845,0.4852,14.0,0.4843,15.0,3569.0,39.0
2021-01-05 09:38:02.181,0.4845,0.4852,14.0,0.4843,1.0,3569.0,39.0
2021-01-05 09:38:03.191,0.4845,0.4852,14.0,0.4843,1.0,3569.0,39.0
2021-01-05 09:38:04.090,0.4845,0.4852,14.0,0.4843,1.0,3569.0,39.0
2021-01-05 09:38:04.680,0.4845,0.4852,14.0,0.4835,1.0,3569.0,39.0
2021-01-05 09:38:05.181,0.4845,0.4852,14.0,0.4836,14.0,3569.0,39.0
2021-01-05 09:38:05.621,0.4845,0.4852,14.0,0.4836,15.0,3569.0,39.0
2021-01-05 09:38:06.691,0.4845,0.4852,14.0,0.4836,1.0,3569.0,39.0
2021-01-05 09:38:07.200,0.4845,0.4847,16.0,0.4836,1.0,3569.0,39.0
2021-01-05 09:38:07.690,0.4845,0.4841,10.0,0.4836,1.0,3569.0,39.0
2021-01-05 09:38:07.961,0.4845,0.484,14.0,0.4836,1.0,3569.0,39.0
2021-01-05 09:38:08.670,0.4845,0.484,14.0,0.4826,16.0,3569.0,39.0
2021-01-05 09:38:09.160,0.4845,0.484,14.0,0.482,36.0,3569.0,39.0
2021-01-05 09:38:09.590,0.4845,0.484,14.0,0.482,36.0,3569.0,39.0
2021-01-05 09:38:10.180,0.4845,0.4839,1.0,0.4821,1.0,3569.0,39.0
2021-01-05 09:38:10.670,0.4845,0.4837,16.0,0.4822,14.0,3569.0,39.0
2021-01-05 09:38:12.191,0.4845,0.4839,1.0,0.4824,16.0,3569.0,39.0
2021-01-05 09:38:12.531,0.4845,0.4839,1.0,0.4824,16.0,3569.0,39.0
2021-01-05 09:38:12.981,0.4845,0.4838,14.0,0.4824,16.0,3569.0,39.0
2021-01-05 09:38:13.690,0.4845,0.4838,14.0,0.4819,16.0,3569.0,39.0
2021-01-05 09:38:14.101,0.4845,0.4838,14.0,0.4819,16.0,3569.0,39.0
2021-01-05 09:38:14.691,0.4845,0.4836,16.0,0.482,1.0,3569.0,39.0
2021-01-05 09:38:15.150,0.4845,0.4836,16.0,0.482,1.0,3569.0,39.0
2021-01-05 09:38:15.730,0.4845,0.4831,16.0,0.482,1.0,3569.0,39.0
2021-01-05 09:38:16.210,0.4845,0.4831,16.0,0.482,1.0,3569.0,39.0
2021-01-05 09:38:16.731,0.4845,0.4831,16.0,0.482,1.0,3569.0,39.0
2021-01-05 09:38:17.190,0.4845,0.4831,16.0,0.482,1.0,3569.0,39.0
2021-01-05 09:38:18.231,0.4845,0.4831,16.0,0.482,1.0,3569.0,39.0
2021-01-05 09:38:18.660,0.4845,0.4831,16.0,0.482,1.0,3569.0,39.0
2021-01-05 09:38:19.230,0.4845,0.4831,16.0,0.482,1.0,3569.0,39.0
2021-01-05 09:38:19.670,0.4845,0.4831,16.0,0.482,1.0,3569.0,39.0
2021-01-05 09:38:20.690,0.4845,0.4831,16.0,0.482,1.0,3569.0,39.0
2021-01-05 09:38:21.670,0.482,0.4826,16.0,0.4804,16.0,3569.0,40.0
2021-01-05 09:38:22.210,0.482,0.4826,16.0,0.4804,16.0,3569.0,40.0
2021-01-05 09:38:22.531,0.482,0.4825,1.0,0.4805,1.0,3569.0,40.0
2021-01-05 09:38:23.201,0.482,0.4825,1.0,0.4805,1.0,3569.0,40.0
2021-01-05 09:38:23.620,0.482,0.4824,14.0,0.4806,14.0,3569.0,40.0
2021-01-05 09:38:24.141,0.482,0.4821,16.0,0.4805,1.0,3569.0,40.0
2021-01-05 09:38:24.671,0.482,0.4821,16.0,0.4805,1.0,3569.0,40.0
2021-01-05 09:38:25.101,0.482,0.4821,16.0,0.4805,1.0,3569.0,40.0
2021-01-05 09:38:25.700,0.482,0.482,1.0,0.48,20.0,3569.0,40.0
2021-01-05 09:38:26.100,0.482,0.4819,14.0,0.4801,14.0,3569.0,40.0
2021-01-05 09:38:26.601,0.482,0.4819,14.0,0.4801,15.0,3569.0,40.0
2021-01-05 09:38:27.151,0.482,0.4819,14.0,0.4801,15.0,3569.0,40.0
2021-01-05 09:38:28.171,0.482,0.4819,14.0,0.4801,15.0,3569.0,40.0
2021-01-05 09:38:28.680,0.482,0.4819,14.0,0.4801,15.0,3569.0,40.0
2021-01-05 09:38:29.191,0.482,0.4819,14.0,0.4801,15.0,3569.0,40.0
2021-01-05 09:38:29.621,0.482,0.4819,14.0,0.4801,15.0,3569.0,40.0
2021-01-05 09:38:30.670,0.482,0.4819,14.0,0.4801,15.0,3569.0,40.0
2021-01-05 09:38:31.181,0.482,0.4819,14.0,0.4801,15.0,3569.0,40.0
2021-01-05 09:38:32.171,0.482,0.4817,16.0,0.4801,1.0,3569.0,40.0
2021-01-05 09:38:32.701,0.482,0.4817,36.0,0.4801,1.0,3569.0,40.0
2021-01-05 09:38:33.070,0.482,0.4817,36.0,0.4801,1.0,3569.0,40.0
2021-01-05 09:38:33.700,0.482,0.4808,10.0,0.4786,16.0,3569.0,40.0
2021-01-05 09:38:34.201,0.482,0.4807,14.0,0.4786,16.0,3569.0,40.0
2021-01-05 09:38:35.200,0.482,0.4804,16.0,0.4782,14.0,3569.0,40.0
2021-01-05 09:38:35.700,0.482,0.4804,16.0,0.4781,20.0,3569.0,40.0
2021-01-05 09:38:36.180,0.482,0.4804,16.0,0.4782,14.0,3569.0,40.0
2021-01-05 09:38:36.691,0.482,0.4804,16.0,0.4782,14.0,3569.0,40.0
2021-01-05 09:38:37.131,0.482,0.4799,16.0,0.4783,1.0,3569.0,40.0
2021-01-05 09:38:37.680,0.482,0.4799,36.0,0.4783,1.0,3569.0,40.0
2021-01-05 09:38:38.161,0.482,0.4799,36.0,0.4783,1.0,3569.0,40.0
2021-01-05 09:38:38.660,0.482,0.4798,1.0,0.4774,16.0,3569.0,40.0
2021-01-05 09:38:39.161,0.482,0.4791,16.0,0.477,20.0,3569.0,40.0
2021-01-05 09:38:39.161,0.482,0.4791,16.0,0.4771,14.0,3569.0,40.0
2021-01-05 09:38:40.141,0.482,0.4785,16.0,0.477,20.0,3569.0,40.0
2021-01-05 09:38:40.591,0.482,0.4785,16.0,0.476,16.0,3569.0,40.0
2021-01-05 09:38:41.140,0.482,0.4785,16.0,0.476,16.0,3569.0,40.0
2021-01-05 09:38:41.640,0.482,0.4784,1.0,0.476,16.0,3569.0,40.0
2021-01-05 09:38:42.191,0.482,0.4783,14.0,0.476,16.0,3569.0,40.0
2021-01-05 09:38:43.701,0.482,0.4783,14.0,0.476,16.0,3569.0,40.0
2021-01-05 09:38:44.200,0.482,0.4783,14.0,0.476,16.0,3569.0,40.0
2021-01-05 09:38:44.621,0.482,0.4783,14.0,0.4765,16.0,3569.0,40.0
2021-01-05 09:38:45.201,0.482,0.4784,1.0,0.4765,16.0,3569.0,40.0
2021-01-05 09:38:45.480,0.482,0.4784,1.0,0.4765,16.0,3569.0,40.0
2021-01-05 09:38:46.210,0.482,0.4784,1.0,0.4766,1.0,3569.0,40.0
2021-01-05 09:38:47.140,0.482,0.4784,1.0,0.4771,16.0,3569.0,40.0
2021-01-05 09:38:47.691,0.482,0.4784,1.0,0.4771,16.0,3569.0,40.0
2021-01-05 09:38:48.171,0.482,0.4791,3.0,0.4771,20.0,3569.0,40.0
2021-01-05 09:38:48.650,0.4776,0.4791,3.0,0.4776,14.0,3569.0,42.0
2021-01-05 09:38:49.130,0.4776,0.4792,10.0,0.4776,14.0,3569.0,42.0
2021-01-05 09:38:49.670,0.4776,0.4806,16.0,0.4783,16.0,3569.0,42.0
2021-01-05 09:38:50.091,0.4776,0.4791,1.0,0.4783,36.0,3569.0,42.0
2021-01-05 09:38:50.651,0.4776,0.4801,16.0,0.4784,1.0,3569.0,42.0
2021-01-05 09:38:51.170,0.4776,0.4801,16.0,0.4778,16.0,3569.0,42.0
2021-01-05 09:38:51.520,0.4776,0.4793,16.0,0.4774,20.0,3569.0,42.0
2021-01-05 09:38:52.140,0.4776,0.4793,16.0,0.4771,16.0,3569.0,42.0
2021-01-05 09:38:52.630,0.4776,0.4787,16.0,0.4766,16.0,3569.0,42.0
2021-01-05 09:38:53.160,0.4776,0.4787,16.0,0.4766,16.0,3569.0,42.0
2021-01-05 09:38:54.200,0.4776,0.4786,1.0,0.4766,16.0,3569.0,42.0
2021-01-05 09:38:54.690,0.4776,0.4785,14.0,0.4766,16.0,3569.0,42.0
2021-01-05 09:38:54.690,0.4776,0.4785,14.0,0.4766,16.0,3569.0,42.0
2021-01-05 09:38:55.700,0.4776,0.4782,16.0,0.476,16.0,3569.0,42.0
2021-01-05 09:38:56.190,0.4776,0.4782,16.0,0.476,16.0,3569.0,42.0
2021-01-05 09:38:56.661,0.4776,0.4782,16.0,0.4761,1.0,3569.0,42.0
2021-01-05 09:38:57.181,0.4776,0.4781,1.0,0.4762,14.0,3569.0,42.0
2021-01-05 09:38:57.640,0.4776,0.478,14.0,0.4762,14.0,3569.0,42.0
2021-01-05 09:38:58.161,0.4776,0.478,14.0,0.4762,14.0,3569.0,42.0
2021-01-05 09:38:58.670,0.4776,0.4781,1.0,0.4765,16.0,3569.0,42.0
2021-01-05 09:38:59.060,0.4776,0.4781,1.0,0.4771,16.0,3569.0,42.0
2021-01-05 09:39:00.111,0.4776,0.479,14.0,0.4771,16.0,3569.0,42.0
2021-01-05 09:39:00.660,0.4776,0.479,14.0,0.4771,16.0,3569.0,42.0
2021-01-05 09:39:01.060,0.4776,0.4789,1.0,0.4771,16.0,3569.0,42.0
2021-01-05 09:39:01.700,0.4776,0.4788,16.0,0.4767,16.0,3569.0,42.0
2021-01-05 09:39:02.201,0.4776,0.4788,16.0,0.4767,16.0,3569.0,42.0
2021-01-05 09:39:02.620,0.4776,0.4788,16.0,0.4767,16.0,3569.0,42.0
2021-01-05 09:39:03.150,0.4776,0.4788,16.0,0.4768,1.0,3569.0,42.0
2021-01-05 09:39:03.671,0.4776,0.4788,16.0,0.4769,14.0,3569.0,42.0
2021-01-05 09:39:04.161,0.4776,0.4788,16.0,0.4769,14.0,3569.0,42.0
2021-01-05 09:39:04.610,0.4776,0.4788,16.0,0.4769,14.0,3569.0,42.0
2021-01-05 09:39:05.211,0.4776,0.4789,1.0,0.4771,16.0,3569.0,42.0
2021-01-05 09:39:05.701,0.4776,0.4788,14.0,0.4771,16.0,3569.0,42.0
2021-01-05 09:39:06.191,0.4776,0.4788,14.0,0.4771,16.0,3569.0,42.0
2021-01-05 09:39:08.131,0.4776,0.4788,14.0,0.4771,16.0,3569.0,42.0
2021-01-05 09:39:08.690,0.4776,0.4788,14.0,0.4771,16.0,3569.0,42.0
2021-01-05 09:39:09.161,0.4776,0.4788,14.0,0.4771,16.0,3569.0,42.0
2021-01-05 09:39:09.601,0.4776,0.4788,16.0,0.4767,36.0,3569.0,42.0
2021-01-05 09:39:10.191,0.4776,0.4788,16.0,0.4767,36.0,3569.0,42.0
2021-01-05 09:39:10.721,0.4776,0.4788,16.0,0.4767,36.0,3569.0,42.0
2021-01-05 09:39:11.201,0.4776,0.4782,16.0,0.4762,20.0,3569.0,42.0
2021-01-05 09:39:11.701,0.4776,0.4782,16.0,0.4768,1.0,3569.0,42.0
2021-01-05 09:39:12.150,0.4776,0.4782,16.0,0.4767,20.0,3569.0,42.0
2021-01-05 09:39:12.690,0.4776,0.4781,1.0,0.4768,14.0,3569.0,42.0
2021-01-05 09:39:13.170,0.4776,0.478,14.0,0.4768,14.0,3569.0,42.0
2021-01-05 09:39:13.720,0.4776,0.478,14.0,0.4768,14.0,3569.0,42.0
2021-01-05 09:39:14.160,0.4776,0.478,14.0,0.4768,14.0,3569.0,42.0
2021-01-05 09:39:15.220,0.4776,0.478,14.0,0.4763,14.0,3569.0,42.0
2021-01-05 09:39:15.581,0.4776,0.478,14.0,0.4763,14.0,3569.0,42.0
2021-01-05 09:39:16.121,0.4776,0.4779,1.0,0.4763,14.0,3569.0,42.0
2021-01-05 09:39:16.711,0.4776,0.4779,1.0,0.4763,14.0,3569.0,42.0
2021-01-05 09:39:17.191,0.4776,0.4778,14.0,0.4763,14.0,3569.0,42.0
2021-01-05 09:39:18.221,0.4776,0.4779,1.0,0.4763,14.0,3569.0,42.0
2021-01-05 09:39:19.710,0.4776,0.4779,1.0,0.4765,16.0,3569.0,42.0
2021-01-05 09:39:20.221,0.4776,0.4778,14.0,0.4765,16.0,3569.0,42.0
2021-01-05 09:39:20.741,0.4776,0.4778,14.0,0.4762,20.0,3569.0,42.0
2021-01-05 09:39:21.231,0.4776,0.4778,14.0,0.4763,14.0,3569.0,42.0
2021-01-05 09:39:21.671,0.4776,0.4778,14.0,0.4763,14.0,3569.0,42.0
2021-01-05 09:39:23.150,0.4776,0.4778,14.0,0.4764,1.0,3569.0,42.0
2021-01-05 09:39:24.151,0.4776,0.4778,14.0,0.4763,14.0,3569.0,42.0
2021-01-05 09:39:26.161,0.4776,0.4778,14.0,0.4763,14.0,3569.0,42.0
2021-01-05 09:39:27.210,0.4776,0.4777,1.0,0.4763,14.0,3569.0,42.0
2021-01-05 09:39:27.711,0.4776,0.4777,1.0,0.4763,14.0,3569.0,42.0
2021-01-05 09:39:28.220,0.4776,0.4776,14.0,0.4763,14.0,3569.0,42.0
2021-01-05 09:39:29.231,0.4776,0.4776,14.0,0.4763,14.0,3569.0,42.0
2021-01-05 09:39:29.721,0.4776,0.4781,16.0,0.4763,14.0,3569.0,42.0
2021-01-05 09:39:30.220,0.4776,0.4786,16.0,0.4765,16.0,3569.0,42.0
2021-01-05 09:39:30.650,0.4776,0.478,1.0,0.4765,16.0,3569.0,42.0
2021-01-05 09:39:31.121,0.4776,0.4786,16.0,0.4766,1.0,3569.0,42.0
2021-01-05 09:39:31.690,0.4776,0.4786,16.0,0.4767,14.0,3569.0,42.0
2021-01-05 09:39:32.141,0.4776,0.4785,1.0,0.4767,35.0,3569.0,42.0
2021-01-05 09:39:32.631,0.4776,0.4784,14.0,0.4767,35.0,3569.0,42.0
2021-01-05 09:39:34.210,0.4776,0.4784,14.0,0.4767,35.0,3569.0,42.0
2021-01-05 09:39:34.681,0.4776,0.4784,14.0,0.4767,35.0,3569.0,42.0
2021-01-05 09:39:35.701,0.4776,0.4784,14.0,0.4767,35.0,3569.0,42.0
2021-01-05 09:39:36.231,0.4776,0.4784,14.0,0.4767,35.0,3569.0,42.0
2021-01-05 09:39:37.221,0.4776,0.4784,14.0,0.4767,35.0,3569.0,42.0
2021-01-05 09:39:37.730,0.4776,0.4784,14.0,0.4769,16.0,3569.0,42.0
2021-01-05 09:39:38.650,0.4776,0.4785,1.0,0.4769,16.0,3569.0,42.0
2021-01-05 09:39:39.241,0.4776,0.4785,1.0,0.4769,16.0,3569.0,42.0
2021-01-05 09:39:39.751,0.4776,0.4784,14.0,0.4769,16.0,3569.0,42.0
2021-01-05 09:39:41.220,0.4776,0.4785,1.0,0.4769,16.0,3569.0,42.0
2021-01-05 09:39:41.750,0.4776,0.4785,1.0,0.4769,16.0,3569.0,42.0
2021-01-05 09:39:42.210,0.4776,0.4785,1.0,0.4769,36.0,3569.0,42.0
2021-01-05 09:39:42.740,0.4776,0.4785,1.0,0.4769,36.0,3569.0,42.0
2021-01-05 09:39:43.170,0.4776,0.4785,1.0,0.4774,16.0,3569.0,42.0
2021-01-05 09:39:44.231,0.4776,0.479,3.0,0.4774,16.0,3569.0,42.0
2021-01-05 09:39:44.680,0.4776,0.479,3.0,0.4774,16.0,3569.0,42.0
2021-01-05 09:39:45.251,0.4776,0.479,3.0,0.4775,1.0,3569.0,42.0
2021-01-05 09:39:45.750,0.4776,0.4789,14.0,0.4776,14.0,3569.0,42.0
2021-01-05 09:39:46.190,0.4776,0.4789,14.0,0.4775,1.0,3569.0,42.0
2021-01-05 09:39:46.691,0.4776,0.4786,16.0,0.4775,1.0,3569.0,42.0
2021-01-05 09:39:47.250,0.4776,0.4786,16.0,0.4775,1.0,3569.0,42.0
2021-01-05 09:39:47.731,0.4776,0.4786,16.0,0.4775,1.0,3569.0,42.0
2021-01-05 09:39:48.221,0.4776,0.4786,16.0,0.4764,16.0,3569.0,42.0
2021-01-05 09:39:48.720,0.4776,0.4786,16.0,0.4764,16.0,3569.0,42.0
2021-01-05 09:39:49.241,0.4776,0.4786,16.0,0.4765,1.0,3569.0,42.0
2021-01-05 09:39:49.711,0.4776,0.4786,16.0,0.4766,14.0,3569.0,42.0
2021-01-05 09:39:50.180,0.4776,0.4786,16.0,0.4766,14.0,3569.0,42.0
2021-01-05 09:39:50.701,0.4776,0.4781,16.0,0.4766,14.0,3569.0,42.0
2021-01-05 09:39:51.241,0.4776,0.4781,16.0,0.4765,1.0,3569.0,42.0
2021-01-05 09:39:51.730,0.4776,0.4775,16.0,0.4765,1.0,3569.0,42.0
2021-01-05 09:39:52.251,0.4776,0.4775,16.0,0.4765,1.0,3569.0,42.0
2021-01-05 09:39:52.591,0.4776,0.4775,16.0,0.4761,20.0,3569.0,42.0
2021-01-05 09:39:52.991,0.4776,0.4782,16.0,0.4762,14.0,3569.0,42.0
2021-01-05 09:39:53.630,0.4776,0.4782,16.0,0.4763,1.0,3569.0,42.0
2021-01-05 09:39:54.191,0.4776,0.4781,1.0,0.4763,1.0,3569.0,42.0
2021-01-05 09:39:54.691,0.4776,0.478,14.0,0.4764,14.0,3569.0,42.0
2021-01-05 09:39:55.181,0.4776,0.478,14.0,0.4763,1.0,3569.0,42.0
2021-01-05 09:39:55.640,0.4776,0.478,14.0,0.4763,1.0,3569.0,42.0
2021-01-05 09:39:56.120,0.4776,0.4776,16.0,0.4763,1.0,3569.0,42.0
2021-01-05 09:39:56.691,0.4776,0.4776,16.0,0.4763,1.0,3569.0,42.0
2021-01-05 09:39:57.181,0.4776,0.4781,16.0,0.4764,14.0,3569.0,42.0
2021-01-05 09:39:57.580,0.4776,0.4781,16.0,0.4764,14.0,3569.0,42.0
2021-01-05 09:39:58.201,0.4776,0.4781,16.0,0.4764,14.0,3569.0,42.0
2021-01-05 09:39:58.600,0.4776,0.478,1.0,0.4764,14.0,3569.0,42.0
2021-01-05 09:39:59.061,0.4776,0.4779,14.0,0.4764,14.0,3569.0,42.0
2021-01-05 09:40:00.181,0.4776,0.478,1.0,0.4764,16.0,3569.0,42.0
2021-01-05 09:40:00.610,0.4776,0.478,15.0,0.4764,16.0,3569.0,42.0
2021-01-05 09:40:01.570,0.4776,0.478,1.0,0.4764,16.0,3569.0,42.0
2021-01-05 09:40:02.200,0.478,0.479,19.0,0.4768,16.0,3569.0,43.0
2021-01-05 09:40:02.671,0.478,0.479,19.0,0.4768,16.0,3569.0,43.0
2021-01-05 09:40:03.171,0.478,0.4789,1.0,0.4768,16.0,3569.0,43.0
2021-01-05 09:40:03.691,0.478,0.4788,14.0,0.4769,1.0,3569.0,43.0
2021-01-05 09:40:04.160,0.478,0.4788,14.0,0.477,14.0,3569.0,43.0
2021-01-05 09:40:04.700,0.478,0.4788,14.0,0.477,14.0,3569.0,43.0
2021-01-05 09:40:05.170,0.4788,0.4788,4.0,0.477,14.0,3569.0,53.0
2021-01-05 09:40:06.701,0.4788,0.4788,4.0,0.4773,16.0,3569.0,53.0
2021-01-05 09:40:07.700,0.4788,0.4789,1.0,0.4773,16.0,3569.0,53.0
2021-01-05 09:40:08.200,0.4788,0.4789,1.0,0.4773,16.0,3569.0,53.0
2021-01-05 09:40:08.690,0.4788,0.4789,1.0,0.4778,16.0,3569.0,53.0
2021-01-05 09:40:09.191,0.4788,0.4789,1.0,0.4778,16.0,3569.0,53.0
2021-01-05 09:40:09.351,0.4788,0.4789,1.0,0.4778,36.0,3569.0,53.0
2021-01-05 09:40:10.150,0.4788,0.4789,1.0,0.4778,36.0,3569.0,53.0
2021-01-05 09:40:10.651,0.4788,0.48,16.0,0.4778,36.0,3569.0,53.0
2021-01-05 09:40:11.120,0.4788,0.48,16.0,0.4778,36.0,3569.0,53.0
2021-01-05 09:40:11.610,0.4788,0.4799,1.0,0.4779,1.0,3569.0,53.0
2021-01-05 09:40:12.190,0.4788,0.4798,14.0,0.478,14.0,3569.0,53.0
2021-01-05 09:40:12.680,0.4788,0.4799,1.0,0.4784,16.0,3569.0,53.0
2021-01-05 09:40:13.170,0.4788,0.4799,15.0,0.4784,36.0,3569.0,53.0
2021-01-05 09:40:13.170,0.4788,0.4805,16.0,0.4784,36.0,3569.0,53.0
2021-01-05 09:40:14.150,0.4788,0.4804,1.0,0.4785,1.0,3569.0,53.0
2021-01-05 09:40:14.701,0.4788,0.4804,1.0,0.4789,16.0,3569.0,53.0
2021-01-05 09:40:15.120,0.4788,0.4804,1.0,0.4789,36.0,3569.0,53.0
2021-01-05 09:40:15.690,0.4788,0.4804,1.0,0.4789,36.0,3569.0,53.0
2021-01-05 09:40:16.610,0.4788,0.4804,1.0,0.4789,16.0,3569.0,53.0
2021-01-05 09:40:17.191,0.4788,0.4804,1.0,0.4789,16.0,3569.0,53.0
2021-01-05 09:40:17.661,0.4788,0.4804,1.0,0.4789,36.0,3569.0,53.0
2021-01-05 09:40:18.161,0.4788,0.4811,16.0,0.479,1.0,3569.0,53.0
2021-01-05 09:40:18.641,0.4788,0.4811,16.0,0.4791,14.0,3569.0,53.0
2021-01-05 09:40:18.931,0.4788,0.481,1.0,0.4791,14.0,3569.0,53.0
2021-01-05 09:40:19.711,0.4788,0.4809,14.0,0.4791,14.0,3569.0,53.0
2021-01-05 09:40:20.191,0.4788,0.4806,16.0,0.4791,14.0,3569.0,53.0
2021-01-05 09:40:20.691,0.4788,0.4806,16.0,0.479,1.0,3569.0,53.0
2021-01-05 09:40:21.200,0.4788,0.4796,10.0,0.479,1.0,3569.0,53.0
2021-01-05 09:40:21.701,0.4788,0.4796,10.0,0.479,1.0,3569.0,53.0
2021-01-05 09:40:22.210,0.4788,0.4796,14.0,0.478,16.0,3569.0,53.0
2021-01-05 09:40:22.591,0.4788,0.4801,36.0,0.478,16.0,3569.0,53.0
2021-01-05 09:40:23.200,0.4788,0.4801,36.0,0.478,16.0,3569.0,53.0
2021-01-05 09:40:23.701,0.4788,0.48,1.0,0.4781,1.0,3569.0,53.0
2021-01-05 09:40:24.160,0.4788,0.4799,14.0,0.4782,14.0,3569.0,53.0
2021-01-05 09:40:27.101,0.4788,0.4793,10.0,0.4781,1.0,3569.0,53.0
2021-01-05 09:40:27.701,0.4788,0.4792,14.0,0.4781,1.0,3569.0,53.0
2021-01-05 09:40:28.110,0.4788,0.4792,14.0,0.4781,1.0,3569.0,53.0
2021-01-05 09:40:28.690,0.4788,0.4792,14.0,0.4775,16.0,3569.0,53.0
2021-01-05 09:40:29.170,0.4788,0.4792,14.0,0.4775,16.0,3569.0,53.0
2021-01-05 09:40:30.160,0.4788,0.4792,14.0,0.4776,1.0,3569.0,53.0
2021-01-05 09:40:30.700,0.4788,0.4792,14.0,0.4777,14.0,3569.0,53.0
2021-01-05 09:40:32.611,0.4788,0.4792,14.0,0.4777,14.0,3569.0,53.0
2021-01-05 09:40:33.161,0.4788,0.4793,10.0,0.4777,14.0,3569.0,53.0
2021-01-05 09:40:33.531,0.4788,0.4793,10.0,0.478,16.0,3569.0,53.0
2021-01-05 09:40:34.601,0.4788,0.4793,10.0,0.478,36.0,3569.0,53.0
2021-01-05 09:40:36.620,0.4788,0.4793,10.0,0.478,16.0,3569.0,53.0
2021-01-05 09:40:37.201,0.4788,0.4792,14.0,0.478,16.0,3569.0,53.0
2021-01-05 09:40:37.700,0.4788,0.4792,14.0,0.4775,16.0,3569.0,53.0
2021-01-05 09:40:38.130,0.4788,0.4792,14.0,0.4775,16.0,3569.0,53.0
2021-01-05 09:40:39.041,0.4788,0.4793,10.0,0.4776,1.0,3569.0,53.0
2021-01-05 09:40:39.681,0.4788,0.4793,24.0,0.4777,14.0,3569.0,53.0
2021-01-05 09:40:40.151,0.4788,0.4793,10.0,0.478,16.0,3569.0,53.0
2021-01-05 09:40:40.670,0.4788,0.4793,10.0,0.478,36.0,3569.0,53.0
2021-01-05 09:40:41.191,0.4788,0.4793,10.0,0.478,36.0,3569.0,53.0
2021-01-05 09:40:41.640,0.4788,0.4806,26.0,0.4785,16.0,3569.0,53.0
2021-01-05 09:40:42.201,0.4788,0.4805,1.0,0.4786,1.0,3569.0,53.0
2021-01-05 09:40:43.191,0.4788,0.4804,14.0,0.4787,14.0,3569.0,53.0
2021-01-05 09:40:48.700,0.4788,0.4804,14.0,0.4787,14.0,3569.0,53.0
2021-01-05 09:40:49.111,0.4788,0.4804,14.0,0.4787,14.0,3569.0,53.0
2021-01-05 09:40:50.181,0.4788,0.4804,14.0,0.4787,14.0,3569.0,53.0
2021-01-05 09:40:50.671,0.4788,0.4804,14.0,0.4787,14.0,3569.0,53.0
2021-01-05 09:40:53.651,0.4788,0.4804,14.0,0.4787,14.0,3569.0,53.0
2021-01-05 09:40:54.141,0.4788,0.4804,14.0,0.4787,14.0,3569.0,53.0
2021-01-05 09:40:54.661,0.4788,0.4804,14.0,0.4787,14.0,3569.0,53.0
2021-01-05 09:40:55.111,0.4788,0.4804,14.0,0.4787,14.0,3569.0,53.0
2021-01-05 09:40:56.121,0.4788,0.4804,14.0,0.4787,14.0,3569.0,53.0
2021-01-05 09:40:56.711,0.4788,0.4804,14.0,0.4787,14.0,3569.0,53.0
2021-01-05 09:40:57.180,0.4788,0.4802,16.0,0.4787,14.0,3569.0,53.0
2021-01-05 09:40:58.200,0.4788,0.4802,16.0,0.4787,14.0,3569.0,53.0
2021-01-05 09:40:58.980,0.4788,0.4802,16.0,0.4787,14.0,3569.0,53.0
2021-01-05 09:41:01.041,0.4788,0.4802,36.0,0.4787,14.0,3569.0,53.0
2021-01-05 09:41:01.650,0.4788,0.4802,16.0,0.4787,14.0,3569.0,53.0
2021-01-05 09:41:02.190,0.4788,0.4802,16.0,0.4787,14.0,3569.0,53.0
2021-01-05 09:41:02.661,0.4788,0.4802,16.0,0.4787,14.0,3569.0,53.0
2021-01-05 09:41:03.110,0.4788,0.4802,36.0,0.4787,14.0,3569.0,53.0
2021-01-05 09:41:03.721,0.4788,0.4802,16.0,0.4787,14.0,3569.0,53.0
2021-01-05 09:41:04.180,0.4788,0.4802,36.0,0.4787,14.0,3569.0,53.0
2021-01-05 09:41:04.680,0.4788,0.4802,16.0,0.4787,14.0,3569.0,53.0
2021-01-05 09:41:05.220,0.4788,0.4802,16.0,0.4787,14.0,3569.0,53.0
2021-01-05 09:41:05.660,0.4788,0.4802,16.0,0.4787,14.0,3569.0,53.0
2021-01-05 09:41:06.620,0.4788,0.4802,16.0,0.4786,1.0,3569.0,53.0
2021-01-05 09:41:07.100,0.4788,0.48,10.0,0.4786,1.0,3569.0,53.0
2021-01-05 09:41:07.611,0.4788,0.4799,14.0,0.4786,1.0,3569.0,53.0
2021-01-05 09:41:08.701,0.4788,0.4799,34.0,0.4786,1.0,3569.0,53.0
2021-01-05 09:41:09.210,0.4788,0.4799,34.0,0.478,16.0,3569.0,53.0
2021-01-05 09:41:09.661,0.4788,0.4799,34.0,0.478,16.0,3569.0,53.0
2021-01-05 09:41:10.220,0.4788,0.4798,1.0,0.478,16.0,3569.0,53.0
2021-01-05 09:41:10.710,0.4788,0.4796,16.0,0.4774,16.0,3569.0,53.0
2021-01-05 09:41:11.640,0.4788,0.4796,16.0,0.4774,16.0,3569.0,53.0
2021-01-05 09:41:12.710,0.4788,0.4796,16.0,0.4775,1.0,3569.0,53.0
2021-01-05 09:41:12.710,0.4788,0.4796,16.0,0.4776,14.0,3569.0,53.0
2021-01-05 09:41:13.711,0.4788,0.4798,1.0,0.4776,14.0,3569.0,53.0
2021-01-05 09:41:14.160,0.4788,0.4796,16.0,0.4776,14.0,3569.0,53.0
2021-01-05 09:41:14.671,0.4788,0.4796,16.0,0.4776,14.0,3569.0,53.0
2021-01-05 09:41:15.180,0.4788,0.4798,1.0,0.4779,16.0,3569.0,53.0
2021-01-05 09:41:15.651,0.4788,0.4797,14.0,0.4779,16.0,3569.0,53.0
2021-01-05 09:41:16.210,0.4788,0.4797,14.0,0.4779,16.0,3569.0,53.0
2021-01-05 09:41:16.500,0.4788,0.4797,14.0,0.478,1.0,3569.0,53.0
2021-01-05 09:41:17.211,0.4788,0.4797,14.0,0.4781,14.0,3569.0,53.0
2021-01-05 09:41:19.161,0.4788,0.4797,14.0,0.4781,14.0,3569.0,53.0
2021-01-05 09:41:20.070,0.4788,0.4797,14.0,0.4781,14.0,3569.0,53.0
2021-01-05 09:41:22.190,0.4788,0.4797,14.0,0.4781,14.0,3569.0,53.0
2021-01-05 09:41:22.600,0.4788,0.4796,16.0,0.4781,14.0,3569.0,53.0
2021-01-05 09:41:24.171,0.4788,0.4796,16.0,0.4781,14.0,3569.0,53.0
2021-01-05 09:41:24.651,0.4788,0.4796,36.0,0.4781,14.0,3569.0,53.0
2021-01-05 09:41:25.120,0.4788,0.4796,36.0,0.4781,14.0,3569.0,53.0
2021-01-05 09:41:25.641,0.4788,0.4796,36.0,0.4781,14.0,3569.0,53.0
2021-01-05 09:41:26.190,0.4788,0.4796,36.0,0.478,1.0,3569.0,53.0
2021-01-05 09:41:27.131,0.4788,0.4796,36.0,0.4775,16.0,3569.0,53.0
2021-01-05 09:41:27.710,0.4788,0.4788,10.0,0.4775,16.0,3569.0,53.0
2021-01-05 09:41:28.011,0.4788,0.4789,20.0,0.4776,1.0,3569.0,53.0
2021-01-05 09:41:28.540,0.4788,0.4788,14.0,0.4777,14.0,3569.0,53.0
2021-01-05 09:41:29.010,0.4788,0.4788,14.0,0.4777,14.0,3569.0,53.0
2021-01-05 09:41:30.180,0.4788,0.4788,14.0,0.4777,14.0,3569.0,53.0
2021-01-05 09:41:30.670,0.4788,0.4788,14.0,0.4769,16.0,3569.0,53.0
2021-01-05 09:41:31.181,0.4788,0.4788,14.0,0.4769,16.0,3569.0,53.0
2021-01-05 09:41:31.700,0.4788,0.4787,1.0,0.4769,16.0,3569.0,53.0
2021-01-05 09:41:32.220,0.4788,0.4787,1.0,0.4769,16.0,3569.0,53.0
2021-01-05 09:41:32.670,0.4788,0.4787,1.0,0.4769,16.0,3569.0,53.0
2021-01-05 09:41:33.000,0.4788,0.4787,15.0,0.477,1.0,3569.0,53.0
2021-01-05 09:41:33.680,0.4788,0.4787,1.0,0.4771,14.0,3569.0,53.0
2021-01-05 09:41:33.990,0.4788,0.4787,1.0,0.4774,16.0,3569.0,53.0
2021-01-05 09:41:35.221,0.4788,0.4787,1.0,0.4774,16.0,3569.0,53.0
2021-01-05 09:41:35.721,0.4788,0.4786,14.0,0.4768,16.0,3569.0,53.0
2021-01-05 09:41:36.070,0.4788,0.4786,14.0,0.4768,16.0,3569.0,53.0
2021-01-05 09:41:36.720,0.4788,0.4785,16.0,0.4763,16.0,3569.0,53.0
2021-01-05 09:41:37.210,0.4788,0.4785,16.0,0.4763,16.0,3569.0,53.0
2021-01-05 09:41:37.711,0.4788,0.478,10.0,0.4764,1.0,3569.0,53.0
2021-01-05 09:41:38.220,0.4788,0.4779,14.0,0.4765,14.0,3569.0,53.0
2021-01-05 09:41:38.650,0.4788,0.4779,14.0,0.4765,14.0,3569.0,53.0
2021-01-05 09:41:39.521,0.4788,0.478,10.0,0.4765,14.0,3569.0,53.0
2021-01-05 09:41:41.130,0.4788,0.478,10.0,0.4765,14.0,3569.0,53.0
2021-01-05 09:41:41.730,0.4788,0.4779,1.0,0.4765,14.0,3569.0,53.0
2021-01-05 09:41:41.801,0.4788,0.479,46.0,0.4768,16.0,3569.0,53.0
2021-01-05 09:41:42.700,0.4788,0.479,46.0,0.4768,16.0,3569.0,53.0
2021-01-05 09:41:43.080,0.4788,0.4789,1.0,0.4769,1.0,3569.0,53.0
2021-01-05 09:41:43.720,0.4788,0.4788,14.0,0.477,14.0,3569.0,53.0
2021-01-05 09:41:44.671,0.4788,0.4788,14.0,0.477,14.0,3569.0,53.0
2021-01-05 09:41:45.190,0.4788,0.4788,14.0,0.477,14.0,3569.0,53.0
2021-01-05 09:41:45.701,0.4788,0.4788,14.0,0.477,14.0,3569.0,53.0
2021-01-05 09:41:46.241,0.4788,0.4788,14.0,0.477,14.0,3569.0,53.0
2021-01-05 09:41:46.661,0.4788,0.4788,14.0,0.477,14.0,3569.0,53.0
2021-01-05 09:41:47.201,0.4788,0.4788,14.0,0.477,14.0,3569.0,53.0
2021-01-05 09:41:48.181,0.4788,0.4788,14.0,0.477,14.0,3569.0,53.0
2021-01-05 09:41:49.191,0.4788,0.4788,14.0,0.477,14.0,3569.0,53.0
2021-01-05 09:41:49.750,0.4788,0.4785,16.0,0.477,14.0,3569.0,53.0
2021-01-05 09:41:50.231,0.4788,0.4785,16.0,0.4769,1.0,3569.0,53.0
2021-01-05 09:41:50.751,0.4788,0.4785,36.0,0.4769,1.0,3569.0,53.0
2021-01-05 09:41:51.251,0.4788,0.4784,1.0,0.477,14.0,3569.0,53.0
2021-01-05 09:41:51.760,0.4788,0.4783,14.0,0.477,14.0,3569.0,53.0
2021-01-05 09:41:52.261,0.4788,0.4783,14.0,0.4764,16.0,3569.0,53.0
2021-01-05 09:41:52.690,0.4788,0.478,16.0,0.4758,16.0,3569.0,53.0
2021-01-05 09:41:53.151,0.4788,0.478,36.0,0.4758,16.0,3569.0,53.0
2021-01-05 09:41:54.161,0.4788,0.4779,1.0,0.476,14.0,3569.0,53.0
2021-01-05 09:41:54.670,0.4788,0.4778,14.0,0.476,14.0,3569.0,53.0
2021-01-05 09:41:55.160,0.4788,0.4778,14.0,0.476,14.0,3569.0,53.0
2021-01-05 09:41:55.671,0.4788,0.4778,14.0,0.476,14.0,3569.0,53.0
2021-01-05 09:41:56.670,0.4788,0.4778,24.0,0.476,14.0,3569.0,53.0
2021-01-05 09:41:57.110,0.4788,0.4775,16.0,0.476,14.0,3569.0,53.0
2021-01-05 09:41:57.640,0.4788,0.4775,16.0,0.476,14.0,3569.0,53.0
2021-01-05 09:41:57.921,0.4788,0.4775,16.0,0.476,14.0,3569.0,53.0
2021-01-05 09:41:58.660,0.4788,0.4778,10.0,0.476,14.0,3569.0,53.0
2021-01-05 09:41:59.131,0.4788,0.4777,14.0,0.476,14.0,3569.0,53.0
2021-01-05 09:41:59.661,0.4788,0.4777,15.0,0.476,14.0,3569.0,53.0
2021-01-05 09:42:00.701,0.4788,0.4775,16.0,0.4759,1.0,3569.0,53.0
2021-01-05 09:42:01.181,0.4788,0.4775,16.0,0.4759,15.0,3569.0,53.0
2021-01-05 09:42:01.651,0.4788,0.4768,10.0,0.4759,1.0,3569.0,53.0
2021-01-05 09:42:02.201,0.4788,0.4768,24.0,0.4759,1.0,3569.0,53.0
2021-01-05 09:42:02.641,0.4788,0.4768,10.0,0.4753,16.0,3569.0,53.0
2021-01-05 09:42:03.161,0.4788,0.4767,14.0,0.4753,16.0,3569.0,53.0
2021-01-05 09:42:03.601,0.4788,0.4767,15.0,0.4753,16.0,3569.0,53.0
2021-01-05 09:42:04.110,0.4788,0.4767,1.0,0.4753,16.0,3569.0,53.0
2021-01-05 09:42:04.500,0.4788,0.4767,1.0,0.4753,16.0,3569.0,53.0
2021-01-05 09:42:06.181,0.4788,0.4767,1.0,0.4753,16.0,3569.0,53.0
2021-01-05 09:42:06.690,0.4788,0.4767,1.0,0.4753,16.0,3569.0,53.0
2021-01-05 09:42:07.230,0.4788,0.4767,1.0,0.4753,16.0,3569.0,53.0
2021-01-05 09:42:07.691,0.4788,0.4766,14.0,0.4753,16.0,3569.0,53.0
2021-01-05 09:42:08.220,0.4788,0.4767,1.0,0.4753,16.0,3569.0,53.0
2021-01-05 09:42:09.230,0.4788,0.4767,1.0,0.4753,16.0,3569.0,53.0
2021-01-05 09:42:09.570,0.4788,0.4766,14.0,0.4753,16.0,3569.0,53.0
2021-01-05 09:42:10.681,0.4788,0.4766,14.0,0.4748,36.0,3569.0,53.0
2021-01-05 09:42:11.651,0.4788,0.4765,16.0,0.4744,16.0,3569.0,53.0
2021-01-05 09:42:12.210,0.4788,0.4765,16.0,0.4744,16.0,3569.0,53.0
2021-01-05 09:42:13.211,0.4788,0.4765,16.0,0.4744,16.0,3569.0,53.0
2021-01-05 09:42:13.731,0.4788,0.4765,16.0,0.4745,1.0,3569.0,53.0
2021-01-05 09:42:14.150,0.4788,0.4765,16.0,0.4746,14.0,3569.0,53.0
2021-01-05 09:42:14.671,0.4788,0.4765,16.0,0.4746,14.0,3569.0,53.0
2021-01-05 09:42:15.151,0.4788,0.4767,1.0,0.4748,16.0,3569.0,53.0
2021-01-05 09:42:15.650,0.4788,0.4766,14.0,0.4748,16.0,3569.0,53.0
2021-01-05 09:42:16.181,0.4788,0.4766,14.0,0.4748,16.0,3569.0,53.0
2021-01-05 09:42:18.701,0.4788,0.4766,14.0,0.4748,16.0,3569.0,53.0
2021-01-05 09:42:19.210,0.4788,0.4767,1.0,0.4748,16.0,3569.0,53.0
2021-01-05 09:42:19.721,0.4788,0.4767,15.0,0.4748,16.0,3569.0,53.0
2021-01-05 09:42:20.150,0.4788,0.4767,15.0,0.4749,1.0,3569.0,53.0
2021-01-05 09:42:20.720,0.4788,0.4767,1.0,0.475,14.0,3569.0,53.0
2021-01-05 09:42:21.231,0.4788,0.4766,14.0,0.475,14.0,3569.0,53.0
2021-01-05 09:42:21.621,0.4788,0.4766,14.0,0.475,34.0,3569.0,53.0
2021-01-05 09:42:22.221,0.4788,0.4766,14.0,0.475,14.0,3569.0,53.0
2021-01-05 09:42:25.511,0.4788,0.4765,16.0,0.475,14.0,3569.0,53.0
2021-01-05 09:42:27.171,0.4788,0.4765,16.0,0.475,14.0,3569.0,53.0
2021-01-05 09:42:30.710,0.4788,0.4765,16.0,0.475,14.0,3569.0,53.0
2021-01-05 09:42:31.200,0.4788,0.4765,16.0,0.475,14.0,3569.0,53.0
2021-01-05 09:42:31.720,0.4788,0.4765,16.0,0.475,14.0,3569.0,53.0
2021-01-05 09:42:32.721,0.4788,0.4765,16.0,0.4744,16.0,3569.0,53.0
2021-01-05 09:42:33.230,0.4788,0.4765,16.0,0.4744,16.0,3569.0,53.0
2021-01-05 09:42:33.720,0.4788,0.4764,10.0,0.4745,1.0,3569.0,53.0
2021-01-05 09:42:34.210,0.4788,0.4763,14.0,0.4746,14.0,3569.0,53.0
2021-01-05 09:42:34.731,0.4788,0.4763,14.0,0.4746,14.0,3569.0,53.0
2021-01-05 09:42:35.701,0.4788,0.4762,1.0,0.4746,14.0,3569.0,53.0
2021-01-05 09:42:36.200,0.4788,0.4762,1.0,0.4746,14.0,3569.0,53.0
2021-01-05 09:42:36.650,0.4788,0.4761,14.0,0.4746,14.0,3569.0,53.0
2021-01-05 09:42:41.731,0.4788,0.4761,14.0,0.4746,14.0,3569.0,53.0
2021-01-05 09:42:43.741,0.4788,0.4761,14.0,0.4746,14.0,3569.0,53.0
2021-01-05 09:42:44.751,0.4788,0.4761,34.0,0.4746,14.0,3569.0,53.0
2021-01-05 09:42:45.191,0.4788,0.4761,14.0,0.4746,14.0,3569.0,53.0
2021-01-05 09:42:45.650,0.4788,0.4761,14.0,0.4746,14.0,3569.0,53.0
2021-01-05 09:42:48.720,0.4788,0.4761,14.0,0.4746,14.0,3569.0,53.0
2021-01-05 09:42:51.060,0.4788,0.4761,14.0,0.4746,14.0,3569.0,53.0
2021-01-05 09:42:52.251,0.4788,0.4761,14.0,0.4746,14.0,3569.0,53.0
2021-01-05 09:42:53.640,0.4788,0.4761,14.0,0.4746,14.0,3569.0,53.0
2021-01-05 09:42:54.191,0.4788,0.4761,14.0,0.4746,14.0,3569.0,53.0
2021-01-05 09:42:55.371,0.4788,0.476,1.0,0.4746,14.0,3569.0,53.0
2021-01-05 09:42:56.191,0.4788,0.4755,10.0,0.4746,14.0,3569.0,53.0
2021-01-05 09:42:57.171,0.4788,0.4755,10.0,0.4746,14.0,3569.0,53.0
2021-01-05 09:42:57.661,0.4788,0.4755,10.0,0.4738,16.0,3569.0,53.0
2021-01-05 09:42:58.220,0.4788,0.4754,14.0,0.4738,16.0,3569.0,53.0
2021-01-05 09:42:58.731,0.4788,0.4755,10.0,0.4739,1.0,3569.0,53.0
2021-01-05 09:42:59.230,0.4788,0.4755,10.0,0.474,14.0,3569.0,53.0
2021-01-05 09:42:59.730,0.4788,0.4755,10.0,0.474,34.0,3569.0,53.0
2021-01-05 09:43:00.200,0.4788,0.4754,1.0,0.474,14.0,3569.0,53.0
2021-01-05 09:43:00.721,0.4788,0.4754,1.0,0.474,14.0,3569.0,53.0
2021-01-05 09:43:02.681,0.4788,0.4754,1.0,0.474,14.0,3569.0,53.0
2021-01-05 09:43:03.241,0.4788,0.4753,14.0,0.474,14.0,3569.0,53.0
2021-01-05 09:43:04.740,0.4788,0.4754,1.0,0.474,14.0,3569.0,53.0
2021-01-05 09:43:05.251,0.4788,0.4754,1.0,0.474,14.0,3569.0,53.0
2021-01-05 09:43:05.681,0.4788,0.4754,1.0,0.4743,16.0,3569.0,53.0
2021-01-05 09:43:06.171,0.4788,0.4754,1.0,0.4743,16.0,3569.0,53.0
2021-01-05 09:43:06.500,0.4788,0.4765,26.0,0.4743,16.0,3569.0,53.0
2021-01-05 09:43:07.610,0.4788,0.4764,1.0,0.4744,1.0,3569.0,53.0
2021-01-05 09:43:08.181,0.4788,0.4763,14.0,0.4745,14.0,3569.0,53.0
2021-01-05 09:43:08.701,0.4788,0.4763,14.0,0.4745,34.0,3569.0,53.0
2021-01-05 09:43:09.231,0.4788,0.4763,14.0,0.4745,34.0,3569.0,53.0
2021-01-05 09:43:09.740,0.4788,0.4763,14.0,0.4745,34.0,3569.0,53.0
2021-01-05 09:43:10.150,0.4788,0.4763,14.0,0.4745,14.0,3569.0,53.0
2021-01-05 09:43:11.750,0.4788,0.4763,14.0,0.4745,14.0,3569.0,53.0
2021-01-05 09:43:13.210,0.4788,0.4763,14.0,0.4745,14.0,3569.0,53.0
2021-01-05 09:43:13.740,0.4788,0.4763,14.0,0.4745,14.0,3569.0,53.0
2021-01-05 09:43:14.270,0.4788,0.4763,14.0,0.4745,14.0,3569.0,53.0
2021-01-05 09:43:15.241,0.4788,0.4764,1.0,0.4749,16.0,3569.0,53.0
2021-01-05 09:43:16.270,0.4788,0.4764,1.0,0.4749,16.0,3569.0,53.0
2021-01-05 09:43:16.501,0.4788,0.4764,15.0,0.4749,16.0,3569.0,53.0
2021-01-05 09:43:17.271,0.4788,0.4764,1.0,0.4749,16.0,3569.0,53.0
2021-01-05 09:43:17.771,0.4788,0.4763,14.0,0.475,1.0,3569.0,53.0
2021-01-05 09:43:18.270,0.4788,0.4763,14.0,0.4751,14.0,3569.0,53.0
2021-01-05 09:43:18.741,0.4788,0.4765,10.0,0.4751,14.0,3569.0,53.0
2021-01-05 09:43:19.261,0.4788,0.4764,14.0,0.4751,14.0,3569.0,53.0
2021-01-05 09:43:20.731,0.4788,0.4764,14.0,0.4751,14.0,3569.0,53.0
2021-01-05 09:43:21.271,0.4788,0.4764,14.0,0.4751,14.0,3569.0,53.0
2021-01-05 09:43:21.701,0.4788,0.4764,14.0,0.475,1.0,3569.0,53.0
2021-01-05 09:43:22.281,0.4788,0.4764,14.0,0.475,15.0,3569.0,53.0
2021-01-05 09:43:22.641,0.4788,0.4764,14.0,0.4745,20.0,3569.0,53.0
2021-01-05 09:43:23.190,0.4788,0.4764,14.0,0.4746,14.0,3569.0,53.0
2021-01-05 09:43:24.120,0.4788,0.4763,1.0,0.4747,1.0,3569.0,53.0
2021-01-05 09:43:24.631,0.4788,0.4762,14.0,0.4747,1.0,3569.0,53.0
2021-01-05 09:43:25.201,0.4788,0.4762,14.0,0.4748,14.0,3569.0,53.0
2021-01-05 09:43:25.701,0.4788,0.4762,14.0,0.4747,1.0,3569.0,53.0
2021-01-05 09:43:26.181,0.4788,0.476,16.0,0.4747,1.0,3569.0,53.0
2021-01-05 09:43:26.621,0.4788,0.476,16.0,0.4747,1.0,3569.0,53.0
2021-01-05 09:43:27.190,0.4788,0.476,16.0,0.4747,1.0,3569.0,53.0
2021-01-05 09:43:27.620,0.4788,0.476,16.0,0.4747,1.0,3569.0,53.0
2021-01-05 09:43:28.091,0.4788,0.476,16.0,0.4747,1.0,3569.0,53.0
2021-01-05 09:43:28.700,0.4788,0.476,16.0,0.474,20.0,3569.0,53.0
2021-01-05 09:43:29.080,0.4788,0.476,16.0,0.4741,14.0,3569.0,53.0
2021-01-05 09:43:29.660,0.4788,0.4759,1.0,0.4741,14.0,3569.0,53.0
2021-01-05 09:43:31.111,0.4788,0.4759,1.0,0.4741,14.0,3569.0,53.0
2021-01-05 09:43:31.720,0.4788,0.4758,14.0,0.4742,1.0,3569.0,53.0
2021-01-05 09:43:32.181,0.4788,0.4758,14.0,0.4742,1.0,3569.0,53.0
2021-01-05 09:43:32.701,0.4788,0.4758,14.0,0.4743,14.0,3569.0,53.0
2021-01-05 09:43:34.221,0.4788,0.4758,14.0,0.4743,14.0,3569.0,53.0
2021-01-05 09:43:34.691,0.4788,0.4758,14.0,0.4743,14.0,3569.0,53.0
2021-01-05 09:43:35.160,0.4788,0.4758,14.0,0.4743,14.0,3569.0,53.0
2021-01-05 09:43:35.681,0.4788,0.4758,14.0,0.4743,14.0,3569.0,53.0
2021-01-05 09:43:37.181,0.4788,0.4759,1.0,0.4743,16.0,3569.0,53.0
2021-01-05 09:43:37.631,0.4788,0.4759,1.0,0.4743,16.0,3569.0,53.0
2021-01-05 09:43:38.221,0.4788,0.4758,14.0,0.4743,16.0,3569.0,53.0
2021-01-05 09:43:39.241,0.4788,0.4758,14.0,0.4743,16.0,3569.0,53.0
2021-01-05 09:43:40.731,0.4788,0.4758,14.0,0.4743,16.0,3569.0,53.0
2021-01-05 09:43:42.191,0.4788,0.4758,14.0,0.4743,16.0,3569.0,53.0
2021-01-05 09:43:43.231,0.4788,0.4759,1.0,0.4743,16.0,3569.0,53.0
2021-01-05 09:43:43.711,0.4788,0.4759,1.0,0.4743,16.0,3569.0,53.0
2021-01-05 09:43:44.670,0.4788,0.4759,1.0,0.4743,16.0,3569.0,53.0
2021-01-05 09:43:45.221,0.4788,0.4759,1.0,0.4743,16.0,3569.0,53.0
2021-01-05 09:43:46.151,0.4788,0.4759,1.0,0.4743,16.0,3569.0,53.0
2021-01-05 09:43:46.710,0.4788,0.4758,14.0,0.4743,16.0,3569.0,53.0
2021-01-05 09:43:47.250,0.4788,0.4758,14.0,0.4743,16.0,3569.0,53.0
2021-01-05 09:43:47.661,0.4788,0.4758,14.0,0.4743,16.0,3569.0,53.0
2021-01-05 09:43:48.220,0.4788,0.4759,1.0,0.4743,16.0,3569.0,53.0
2021-01-05 09:43:48.641,0.4788,0.4759,1.0,0.4743,16.0,3569.0,53.0
2021-01-05 09:43:49.221,0.4788,0.4759,1.0,0.474,20.0,3569.0,53.0
2021-01-05 09:43:49.511,0.4788,0.4759,1.0,0.4748,16.0,3569.0,53.0
2021-01-05 09:43:50.110,0.4788,0.477,16.0,0.4748,36.0,3569.0,53.0
2021-01-05 09:43:50.721,0.4788,0.477,16.0,0.4748,36.0,3569.0,53.0
2021-01-05 09:43:51.221,0.4788,0.4769,1.0,0.4749,1.0,3569.0,53.0
2021-01-05 09:43:51.660,0.4788,0.4768,14.0,0.475,14.0,3569.0,53.0
2021-01-05 09:43:52.200,0.4788,0.4768,14.0,0.475,14.0,3569.0,53.0
2021-01-05 09:43:52.681,0.4788,0.4768,14.0,0.475,14.0,3569.0,53.0
2021-01-05 09:43:54.191,0.4788,0.4768,14.0,0.475,14.0,3569.0,53.0
2021-01-05 09:43:54.680,0.4788,0.4768,14.0,0.4753,16.0,3569.0,53.0
2021-01-05 09:43:54.980,0.4788,0.4769,1.0,0.4753,36.0,3569.0,53.0
2021-01-05 09:43:55.660,0.4788,0.4769,15.0,0.4753,36.0,3569.0,53.0
2021-01-05 09:43:56.200,0.4788,0.4769,1.0,0.4753,36.0,3569.0,53.0
2021-01-05 09:43:57.650,0.4788,0.4769,1.0,0.4753,36.0,3569.0,53.0
2021-01-05 09:43:58.140,0.4788,0.4768,14.0,0.4754,1.0,3569.0,53.0
2021-01-05 09:43:58.711,0.4788,0.4768,14.0,0.4755,14.0,3569.0,53.0
2021-01-05 09:44:00.131,0.4788,0.4769,1.0,0.4755,14.0,3569.0,53.0
2021-01-05 09:44:02.711,0.4788,0.4769,1.0,0.4755,14.0,3569.0,53.0
2021-01-05 09:44:03.241,0.4788,0.4769,1.0,0.4758,16.0,3569.0,53.0
2021-01-05 09:44:04.230,0.4769,0.4785,10.0,0.4754,1.0,3569.0,54.0
2021-01-05 09:44:04.230,0.4769,0.4784,16.0,0.4763,16.0,3569.0,54.0
2021-01-05 09:44:05.260,0.4769,0.4784,16.0,0.4764,1.0,3569.0,54.0
2021-01-05 09:44:05.750,0.4769,0.4784,16.0,0.4765,14.0,3569.0,54.0
2021-01-05 09:44:05.761,0.4769,0.4783,1.0,0.4765,14.0,3569.0,54.0
2021-01-05 09:44:06.770,0.4769,0.4782,14.0,0.4765,14.0,3569.0,54.0
2021-01-05 09:44:10.280,0.4769,0.4774,10.0,0.4765,14.0,3569.0,54.0
2021-01-05 09:44:10.781,0.4769,0.4774,10.0,0.4765,14.0,3569.0,54.0
2021-01-05 09:44:11.000,0.4769,0.4774,10.0,0.4765,14.0,3569.0,54.0
2021-01-05 09:44:12.781,0.4769,0.4784,16.0,0.4765,14.0,3569.0,54.0
2021-01-05 09:44:13.230,0.4769,0.4784,16.0,0.4765,14.0,3569.0,54.0
2021-01-05 09:44:15.280,0.4769,0.4784,16.0,0.4765,14.0,3569.0,54.0
2021-01-05 09:44:15.780,0.4769,0.4784,16.0,0.4765,14.0,3569.0,54.0
2021-01-05 09:44:16.281,0.4769,0.4783,1.0,0.4765,14.0,3569.0,54.0
2021-01-05 09:44:16.781,0.4769,0.4782,14.0,0.4765,14.0,3569.0,54.0
2021-01-05 09:44:17.280,0.4769,0.4782,14.0,0.4765,14.0,3569.0,54.0
2021-01-05 09:44:17.770,0.4769,0.4773,10.0,0.4765,14.0,3569.0,54.0
2021-01-05 09:44:18.231,0.4769,0.4773,10.0,0.4764,1.0,3569.0,54.0
2021-01-05 09:44:18.780,0.4769,0.4772,14.0,0.4764,1.0,3569.0,54.0
2021-01-05 09:44:19.261,0.4769,0.4772,14.0,0.4764,1.0,3569.0,54.0
2021-01-05 09:44:19.801,0.4769,0.4772,14.0,0.4758,20.0,3569.0,54.0
2021-01-05 09:44:20.271,0.4769,0.4772,14.0,0.4759,14.0,3569.0,54.0
2021-01-05 09:44:21.760,0.4769,0.4773,10.0,0.4759,14.0,3569.0,54.0
2021-01-05 09:44:22.250,0.4769,0.4773,24.0,0.4759,14.0,3569.0,54.0
2021-01-05 09:44:23.130,0.4769,0.4773,10.0,0.4759,14.0,3569.0,54.0
2021-01-05 09:44:25.660,0.4769,0.4778,16.0,0.4759,14.0,3569.0,54.0
2021-01-05 09:44:26.701,0.4769,0.4778,16.0,0.476,1.0,3569.0,54.0
2021-01-05 09:44:27.201,0.4769,0.4777,1.0,0.476,1.0,3569.0,54.0
2021-01-05 09:44:27.710,0.4769,0.4776,14.0,0.4761,14.0,3569.0,54.0
2021-01-05 09:44:29.200,0.4769,0.4777,1.0,0.4762,16.0,3569.0,54.0
2021-01-05 09:44:29.640,0.4769,0.4777,1.0,0.4762,16.0,3569.0,54.0
2021-01-05 09:44:32.220,0.4769,0.4777,1.0,0.476,1.0,3569.0,54.0
2021-01-05 09:44:32.691,0.4769,0.4777,1.0,0.4767,16.0,3569.0,54.0
2021-01-05 09:44:33.240,0.4769,0.4777,1.0,0.4767,36.0,3569.0,54.0
2021-01-05 09:44:33.730,0.4769,0.4777,1.0,0.4767,36.0,3569.0,54.0
2021-01-05 09:44:34.141,0.4769,0.4786,10.0,0.4767,36.0,3569.0,54.0
2021-01-05 09:44:34.520,0.4769,0.4786,24.0,0.4767,36.0,3569.0,54.0
2021-01-05 09:44:35.221,0.4769,0.4786,24.0,0.4768,1.0,3569.0,54.0
2021-01-05 09:44:35.740,0.4769,0.4786,10.0,0.4769,14.0,3569.0,54.0
2021-01-05 09:44:36.220,0.4769,0.4785,15.0,0.4769,14.0,3569.0,54.0
2021-01-05 09:44:37.240,0.4769,0.4785,14.0,0.4769,14.0,3569.0,54.0
2021-01-05 09:44:37.751,0.4769,0.4786,10.0,0.4769,14.0,3569.0,54.0
2021-01-05 09:44:38.201,0.4769,0.4785,14.0,0.4769,14.0,3569.0,54.0
2021-01-05 09:44:39.240,0.4769,0.4786,24.0,0.4769,14.0,3569.0,54.0
2021-01-05 09:44:39.661,0.4769,0.4786,10.0,0.4772,16.0,3569.0,54.0
2021-01-05 09:44:40.250,0.4769,0.4786,10.0,0.4772,36.0,3569.0,54.0
2021-01-05 09:44:40.740,0.4769,0.4791,3.0,0.4772,36.0,3569.0,54.0
2021-01-05 09:44:41.251,0.4769,0.479,14.0,0.4772,36.0,3569.0,54.0
2021-01-05 09:44:41.730,0.4769,0.479,15.0,0.4772,36.0,3569.0,54.0
2021-01-05 09:44:42.731,0.4769,0.479,15.0,0.4773,1.0,3569.0,54.0
2021-01-05 09:44:43.251,0.4769,0.479,15.0,0.4774,14.0,3569.0,54.0
2021-01-05 09:44:45.261,0.4769,0.4784,10.0,0.4773,1.0,3569.0,54.0
2021-01-05 09:44:45.760,0.4769,0.4784,10.0,0.4773,1.0,3569.0,54.0
2021-01-05 09:44:46.271,0.4769,0.4783,14.0,0.4767,20.0,3569.0,54.0
2021-01-05 09:44:46.771,0.4769,0.4783,14.0,0.4768,14.0,3569.0,54.0
2021-01-05 09:44:47.251,0.4769,0.4783,14.0,0.4768,15.0,3569.0,54.0
2021-01-05 09:44:47.770,0.4769,0.4782,1.0,0.4768,14.0,3569.0,54.0
2021-01-05 09:44:48.271,0.4769,0.4782,1.0,0.4768,14.0,3569.0,54.0
2021-01-05 09:44:48.780,0.4769,0.4781,14.0,0.4768,14.0,3569.0,54.0
2021-01-05 09:44:49.800,0.4769,0.4781,14.0,0.4768,14.0,3569.0,54.0
2021-01-05 09:44:50.300,0.4769,0.4781,14.0,0.4768,14.0,3569.0,54.0
2021-01-05 09:44:50.811,0.4769,0.4781,14.0,0.4768,14.0,3569.0,54.0
2021-01-05 09:44:51.810,0.4769,0.4781,14.0,0.4768,14.0,3569.0,54.0
2021-01-05 09:44:53.201,0.4769,0.4784,10.0,0.4768,14.0,3569.0,54.0
2021-01-05 09:44:53.621,0.4769,0.4783,14.0,0.4768,14.0,3569.0,54.0
2021-01-05 09:44:55.150,0.4769,0.4783,14.0,0.4768,14.0,3569.0,54.0
2021-01-05 09:44:56.220,0.4769,0.4783,14.0,0.4768,14.0,3569.0,54.0
2021-01-05 09:44:56.720,0.4769,0.4783,14.0,0.4768,14.0,3569.0,54.0
2021-01-05 09:44:58.120,0.4769,0.4784,10.0,0.477,16.0,3569.0,54.0
2021-01-05 09:44:58.720,0.4769,0.4791,3.0,0.477,16.0,3569.0,54.0
2021-01-05 09:44:59.190,0.4769,0.479,14.0,0.477,16.0,3569.0,54.0
2021-01-05 09:44:59.711,0.4769,0.479,15.0,0.4775,16.0,3569.0,54.0
2021-01-05 09:45:00.061,0.4769,0.479,15.0,0.4775,36.0,3569.0,54.0
2021-01-05 09:45:00.061,0.4769,0.479,14.0,0.4775,36.0,3569.0,54.0
2021-01-05 09:45:01.221,0.4769,0.4791,3.0,0.4775,36.0,3569.0,54.0
2021-01-05 09:45:01.680,0.4769,0.4807,20.0,0.4776,11.0,3569.0,54.0
2021-01-05 09:45:02.061,0.4769,0.4801,16.0,0.4779,16.0,3569.0,54.0
2021-01-05 09:45:02.621,0.4769,0.4801,16.0,0.4779,16.0,3569.0,54.0
2021-01-05 09:45:03.190,0.4769,0.4801,16.0,0.4779,16.0,3569.0,54.0
2021-01-05 09:45:03.680,0.4769,0.48,1.0,0.478,1.0,3569.0,54.0
2021-01-05 09:45:04.191,0.4769,0.4799,14.0,0.4781,14.0,3569.0,54.0
2021-01-05 09:45:04.700,0.4769,0.4799,14.0,0.4784,16.0,3569.0,54.0
2021-01-05 09:45:05.221,0.4769,0.48,1.0,0.4784,16.0,3569.0,54.0
2021-01-05 09:45:05.720,0.4769,0.4809,10.0,0.479,16.0,3569.0,54.0
2021-01-05 09:45:06.220,0.4769,0.4808,14.0,0.479,16.0,3569.0,54.0
2021-01-05 09:45:06.220,0.4769,0.4808,14.0,0.479,36.0,3569.0,54.0
2021-01-05 09:45:07.130,0.4769,0.4807,1.0,0.479,16.0,3569.0,54.0
2021-01-05 09:45:07.720,0.4769,0.4807,1.0,0.479,16.0,3569.0,54.0
2021-01-05 09:45:08.181,0.4769,0.4806,16.0,0.4791,1.0,3569.0,54.0
2021-01-05 09:45:08.700,0.4769,0.4806,17.0,0.4792,14.0,3569.0,54.0
2021-01-05 09:45:09.190,0.4769,0.4806,17.0,0.4792,14.0,3569.0,54.0
2021-01-05 09:45:09.441,0.4769,0.4806,1.0,0.4792,14.0,3569.0,54.0
2021-01-05 09:45:10.200,0.4769,0.4805,14.0,0.4792,14.0,3569.0,54.0
2021-01-05 09:45:11.720,0.4769,0.4805,14.0,0.4792,14.0,3569.0,54.0
2021-01-05 09:45:12.150,0.4769,0.4806,1.0,0.4792,14.0,3569.0,54.0
2021-01-05 09:45:12.701,0.4769,0.4811,16.0,0.4792,14.0,3569.0,54.0
2021-01-05 09:45:13.220,0.4769,0.4816,16.0,0.4794,16.0,3569.0,54.0
2021-01-05 09:45:13.681,0.4769,0.4816,16.0,0.4794,16.0,3569.0,54.0
2021-01-05 09:45:14.701,0.4769,0.4815,1.0,0.4794,16.0,3569.0,54.0
2021-01-05 09:45:15.230,0.4769,0.4814,14.0,0.4794,16.0,3569.0,54.0
2021-01-05 09:45:16.230,0.4769,0.4815,1.0,0.4799,16.0,3569.0,54.0
2021-01-05 09:45:16.741,0.4769,0.4815,1.0,0.4799,16.0,3569.0,54.0
2021-01-05 09:45:17.170,0.4769,0.4815,1.0,0.4799,16.0,3569.0,54.0
2021-01-05 09:45:17.731,0.4769,0.4815,1.0,0.4799,16.0,3569.0,54.0
2021-01-05 09:45:18.691,0.4769,0.4815,1.0,0.4799,36.0,3569.0,54.0
2021-01-05 09:45:19.191,0.4769,0.4815,1.0,0.4799,36.0,3569.0,54.0
2021-01-05 09:45:19.731,0.4769,0.4815,15.0,0.4799,16.0,3569.0,54.0
2021-01-05 09:45:20.240,0.4769,0.4815,1.0,0.4799,16.0,3569.0,54.0
2021-01-05 09:45:20.741,0.4769,0.4814,14.0,0.4799,16.0,3569.0,54.0
2021-01-05 09:45:21.191,0.4769,0.4814,14.0,0.4799,16.0,3569.0,54.0
2021-01-05 09:45:22.240,0.4769,0.4815,1.0,0.4799,16.0,3569.0,54.0
2021-01-05 09:45:22.710,0.4769,0.4814,14.0,0.48,1.0,3569.0,54.0
2021-01-05 09:45:23.160,0.4769,0.4814,14.0,0.48,1.0,3569.0,54.0
2021-01-05 09:45:23.671,0.4769,0.4814,14.0,0.4801,14.0,3569.0,54.0
2021-01-05 09:45:24.701,0.4769,0.4814,14.0,0.4801,14.0,3569.0,54.0
2021-01-05 09:45:25.690,0.4769,0.4814,14.0,0.4801,14.0,3569.0,54.0
2021-01-05 09:45:26.220,0.4769,0.4814,14.0,0.4801,14.0,3569.0,54.0
2021-01-05 09:45:26.681,0.4769,0.4814,14.0,0.4801,14.0,3569.0,54.0
2021-01-05 09:45:27.211,0.4769,0.4814,34.0,0.48,1.0,3569.0,54.0
2021-01-05 09:45:27.711,0.4769,0.4814,34.0,0.4801,14.0,3569.0,54.0
2021-01-05 09:45:28.220,0.4769,0.4814,34.0,0.4801,14.0,3569.0,54.0
2021-01-05 09:45:29.140,0.4769,0.4814,34.0,0.48,1.0,3569.0,54.0
2021-01-05 09:45:30.191,0.4769,0.4811,16.0,0.48,1.0,3569.0,54.0
2021-01-05 09:45:30.710,0.4769,0.4811,16.0,0.479,16.0,3569.0,54.0
2021-01-05 09:45:31.211,0.4769,0.4811,16.0,0.479,16.0,3569.0,54.0
2021-01-05 09:45:31.680,0.4769,0.4811,16.0,0.4791,1.0,3569.0,54.0
2021-01-05 09:45:32.160,0.4769,0.481,1.0,0.4792,14.0,3569.0,54.0
2021-01-05 09:45:32.690,0.4769,0.4809,14.0,0.4792,14.0,3569.0,54.0
2021-01-05 09:45:33.180,0.4769,0.4809,14.0,0.4792,14.0,3569.0,54.0
2021-01-05 09:45:33.670,0.4769,0.4809,34.0,0.4792,14.0,3569.0,54.0
2021-01-05 09:45:37.241,0.4769,0.4806,16.0,0.4791,1.0,3569.0,54.0
2021-01-05 09:45:37.720,0.4769,0.4806,16.0,0.4791,15.0,3569.0,54.0
2021-01-05 09:45:38.240,0.4769,0.4806,16.0,0.4791,15.0,3569.0,54.0
2021-01-05 09:45:39.210,0.4769,0.4806,16.0,0.4791,1.0,3569.0,54.0
2021-01-05 09:45:39.700,0.4769,0.4806,16.0,0.4792,14.0,3569.0,54.0
2021-01-05 09:45:42.240,0.4792,0.4806,16.0,0.4792,4.0,3569.0,64.0
2021-01-05 09:45:42.711,0.4792,0.4806,16.0,0.4792,4.0,3569.0,64.0
2021-01-05 09:45:43.220,0.4792,0.4806,16.0,0.4792,4.0,3569.0,64.0
2021-01-05 09:45:43.710,0.4792,0.4806,16.0,0.4792,4.0,3569.0,64.0
2021-01-05 09:45:44.201,0.4792,0.4806,16.0,0.4792,4.0,3569.0,64.0
2021-01-05 09:45:44.711,0.4792,0.4806,16.0,0.4792,4.0,3569.0,64.0
2021-01-05 09:45:45.220,0.4792,0.4806,16.0,0.4792,4.0,3569.0,64.0
2021-01-05 09:45:46.240,0.4792,0.4806,16.0,0.4792,4.0,3569.0,64.0
2021-01-05 09:45:46.751,0.4792,0.4806,16.0,0.4792,4.0,3569.0,64.0
2021-01-05 09:45:47.241,0.4792,0.4806,16.0,0.4791,1.0,3569.0,64.0
2021-01-05 09:45:47.731,0.4792,0.4806,16.0,0.4791,15.0,3569.0,64.0
2021-01-05 09:45:49.221,0.4792,0.4806,16.0,0.4791,1.0,3569.0,64.0
2021-01-05 09:45:50.251,0.4792,0.4805,1.0,0.4792,14.0,3569.0,64.0
2021-01-05 09:45:50.691,0.4792,0.4804,14.0,0.4793,1.0,3569.0,64.0
2021-01-05 09:45:52.641,0.4792,0.4804,14.0,0.4784,16.0,3569.0,64.0
2021-01-05 09:45:53.711,0.4792,0.4803,1.0,0.4785,1.0,3569.0,64.0
2021-01-05 09:45:54.151,0.4792,0.4803,1.0,0.4786,14.0,3569.0,64.0
2021-01-05 09:45:54.710,0.4792,0.4802,14.0,0.4786,14.0,3569.0,64.0
2021-01-05 09:45:56.120,0.4792,0.4802,14.0,0.4786,14.0,3569.0,64.0
2021-01-05 09:45:57.201,0.4792,0.4801,1.0,0.4786,14.0,3569.0,64.0
2021-01-05 09:45:57.601,0.4792,0.4801,1.0,0.4786,14.0,3569.0,64.0
2021-01-05 09:45:58.231,0.4792,0.4801,15.0,0.4786,14.0,3569.0,64.0
2021-01-05 09:45:58.711,0.4792,0.4801,1.0,0.4786,14.0,3569.0,64.0
2021-01-05 09:45:59.230,0.4792,0.48,14.0,0.4786,14.0,3569.0,64.0
2021-01-05 09:46:00.730,0.4792,0.4797,16.0,0.4785,1.0,3569.0,64.0
2021-01-05 09:46:01.230,0.4792,0.4797,16.0,0.4785,1.0,3569.0,64.0
2021-01-05 09:46:02.221,0.4792,0.4797,16.0,0.4775,16.0,3569.0,64.0
2021-01-05 09:46:02.711,0.4792,0.4797,16.0,0.4775,16.0,3569.0,64.0
2021-01-05 09:46:03.120,0.4792,0.4796,1.0,0.4776,1.0,3569.0,64.0
2021-01-05 09:46:03.220,0.4792,0.4795,14.0,0.4777,14.0,3569.0,64.0
2021-01-05 09:46:06.690,0.4792,0.4791,16.0,0.4776,1.0,3569.0,64.0
2021-01-05 09:46:07.741,0.4792,0.4791,16.0,0.4776,1.0,3569.0,64.0
2021-01-05 09:46:08.730,0.4792,0.4791,16.0,0.4776,1.0,3569.0,64.0
2021-01-05 09:46:10.221,0.4792,0.4785,16.0,0.4764,16.0,3569.0,64.0
2021-01-05 09:46:10.720,0.4792,0.4785,16.0,0.4764,16.0,3569.0,64.0
2021-01-05 09:46:11.131,0.4792,0.4784,1.0,0.4765,1.0,3569.0,64.0
2021-01-05 09:46:11.721,0.4792,0.4783,14.0,0.4766,14.0,3569.0,64.0
2021-01-05 09:46:12.190,0.4792,0.4783,14.0,0.4766,14.0,3569.0,64.0
2021-01-05 09:46:12.680,0.4792,0.4783,14.0,0.4766,14.0,3569.0,64.0
2021-01-05 09:46:13.681,0.4792,0.4783,14.0,0.4766,14.0,3569.0,64.0
2021-01-05 09:46:14.230,0.4792,0.478,16.0,0.4765,1.0,3569.0,64.0
2021-01-05 09:46:15.231,0.4792,0.478,16.0,0.4766,14.0,3569.0,64.0
2021-01-05 09:46:15.661,0.4792,0.478,16.0,0.4765,1.0,3569.0,64.0
2021-01-05 09:46:16.201,0.4792,0.478,16.0,0.4765,1.0,3569.0,64.0
2021-01-05 09:46:17.221,0.4792,0.478,16.0,0.4765,1.0,3569.0,64.0
2021-01-05 09:46:20.210,0.4792,0.478,16.0,0.4765,1.0,3569.0,64.0
2021-01-05 09:46:20.731,0.4792,0.478,16.0,0.4765,15.0,3569.0,64.0
2021-01-05 09:46:21.211,0.4792,0.478,16.0,0.4765,1.0,3569.0,64.0
2021-01-05 09:46:21.611,0.4792,0.478,16.0,0.4766,14.0,3569.0,64.0
2021-01-05 09:46:22.220,0.4792,0.478,16.0,0.4765,1.0,3569.0,64.0
2021-01-05 09:46:22.690,0.4792,0.478,16.0,0.4765,15.0,3569.0,64.0
2021-01-05 09:46:23.201,0.4792,0.478,16.0,0.4765,1.0,3569.0,64.0
2021-01-05 09:46:24.221,0.4792,0.4778,14.0,0.4759,16.0,3569.0,64.0
2021-01-05 09:46:25.651,0.4792,0.4778,14.0,0.476,1.0,3569.0,64.0
2021-01-05 09:46:26.191,0.4792,0.4778,14.0,0.4761,14.0,3569.0,64.0
2021-01-05 09:46:37.750,0.4778,0.4778,5.0,0.4761,14.0,3569.0,73.0
2021-01-05 09:46:38.201,0.4778,0.4779,1.0,0.4765,16.0,3569.0,73.0
2021-01-05 09:46:38.680,0.4778,0.4779,1.0,0.4765,16.0,3569.0,73.0
2021-01-05 09:46:39.210,0.4778,0.4779,1.0,0.4765,36.0,3569.0,73.0
2021-01-05 09:46:40.230,0.4778,0.4779,1.0,0.4765,16.0,3569.0,73.0
2021-01-05 09:46:40.670,0.4778,0.4779,1.0,0.4765,16.0,3569.0,73.0
2021-01-05 09:46:41.250,0.4778,0.4779,1.0,0.4765,16.0,3569.0,73.0
2021-01-05 09:46:41.730,0.4778,0.4779,15.0,0.4765,16.0,3569.0,73.0
2021-01-05 09:46:42.230,0.4778,0.4779,1.0,0.4765,16.0,3569.0,73.0
2021-01-05 09:46:43.040,0.4778,0.4787,16.0,0.4765,16.0,3569.0,73.0
2021-01-05 09:46:43.951,0.4778,0.4786,1.0,0.4766,1.0,3569.0,73.0
2021-01-05 09:46:44.681,0.4778,0.4785,14.0,0.4767,14.0,3569.0,73.0
2021-01-05 09:46:46.671,0.4778,0.4785,14.0,0.4767,14.0,3569.0,73.0
2021-01-05 09:46:49.251,0.4778,0.4785,14.0,0.4767,14.0,3569.0,73.0
2021-01-05 09:46:50.170,0.4778,0.4785,14.0,0.4767,14.0,3569.0,73.0
2021-01-05 09:46:53.201,0.4778,0.4785,14.0,0.4767,14.0,3569.0,73.0
2021-01-05 09:46:57.741,0.4778,0.4785,14.0,0.4767,14.0,3569.0,73.0
2021-01-05 09:46:59.191,0.4778,0.4785,14.0,0.4767,14.0,3569.0,73.0
2021-01-05 09:47:00.741,0.4778,0.4785,14.0,0.4767,14.0,3569.0,73.0
2021-01-05 09:47:01.210,0.4778,0.4786,1.0,0.4772,16.0,3569.0,73.0
2021-01-05 09:47:01.721,0.4778,0.4786,1.0,0.4776,16.0,3569.0,73.0
2021-01-05 09:47:01.980,0.4778,0.4794,20.0,0.4776,16.0,3569.0,73.0
2021-01-05 09:47:02.741,0.4778,0.4798,16.0,0.4777,1.0,3569.0,73.0
2021-01-05 09:47:03.220,0.4778,0.4803,16.0,0.4782,16.0,3569.0,73.0
2021-01-05 09:47:03.220,0.4778,0.4803,16.0,0.4782,16.0,3569.0,73.0
2021-01-05 09:47:04.211,0.4778,0.4803,16.0,0.4782,16.0,3569.0,73.0
2021-01-05 09:47:05.250,0.4778,0.4801,14.0,0.4782,16.0,3569.0,73.0
2021-01-05 09:47:05.750,0.4778,0.4801,14.0,0.4783,1.0,3569.0,73.0
2021-01-05 09:47:06.251,0.4778,0.4802,1.0,0.4787,16.0,3569.0,73.0
2021-01-05 09:47:06.251,0.4778,0.4802,1.0,0.4787,16.0,3569.0,73.0
2021-01-05 09:47:07.221,0.4778,0.4802,1.0,0.4793,16.0,3569.0,73.0
2021-01-05 09:47:07.740,0.4778,0.4802,1.0,0.4793,16.0,3569.0,73.0
2021-01-05 09:47:08.230,0.4778,0.4813,20.0,0.4793,16.0,3569.0,73.0
2021-01-05 09:47:08.700,0.4778,0.4812,14.0,0.4793,16.0,3569.0,73.0
2021-01-05 09:47:09.221,0.4778,0.4812,14.0,0.4794,1.0,3569.0,73.0
2021-01-05 09:47:09.751,0.4778,0.4818,30.0,0.4798,16.0,3569.0,73.0
2021-01-05 09:47:09.880,0.4778,0.4811,1.0,0.4798,16.0,3569.0,73.0
2021-01-05 09:47:10.721,0.4778,0.4818,30.0,0.4798,16.0,3569.0,73.0
2021-01-05 09:47:11.180,0.4778,0.4817,14.0,0.4798,16.0,3569.0,73.0
2021-01-05 09:47:11.680,0.4778,0.4818,20.0,0.4804,16.0,3569.0,73.0
2021-01-05 09:47:12.241,0.4778,0.4816,1.0,0.4804,16.0,3569.0,73.0
2021-01-05 09:47:12.381,0.4778,0.4825,36.0,0.4804,16.0,3569.0,73.0
2021-01-05 09:47:13.201,0.4778,0.4825,36.0,0.4804,16.0,3569.0,73.0
2021-01-05 09:47:13.630,0.4778,0.4824,1.0,0.4805,1.0,3569.0,73.0
2021-01-05 09:47:14.220,0.4778,0.4823,14.0,0.4806,14.0,3569.0,73.0
2021-01-05 09:47:15.230,0.4778,0.4823,14.0,0.4806,14.0,3569.0,73.0
2021-01-05 09:47:15.680,0.4778,0.4823,14.0,0.4806,14.0,3569.0,73.0
2021-01-05 09:47:19.111,0.4778,0.4824,1.0,0.481,16.0,3569.0,73.0
2021-01-05 09:47:20.160,0.4778,0.483,10.0,0.4815,16.0,3569.0,73.0
2021-01-05 09:47:20.730,0.4778,0.4833,20.0,0.4815,16.0,3569.0,73.0
2021-01-05 09:47:21.260,0.4778,0.4832,14.0,0.4815,16.0,3569.0,73.0
2021-01-05 09:47:21.760,0.4778,0.4836,16.0,0.4816,1.0,3569.0,73.0
2021-01-05 09:47:22.240,0.4778,0.4836,16.0,0.4817,14.0,3569.0,73.0
2021-01-05 09:47:22.571,0.4778,0.4835,1.0,0.4817,14.0,3569.0,73.0
2021-01-05 09:47:23.151,0.4778,0.4834,14.0,0.4817,14.0,3569.0,73.0
2021-01-05 09:47:27.721,0.4778,0.4834,14.0,0.4817,14.0,3569.0,73.0
2021-01-05 09:47:28.230,0.4778,0.4835,1.0,0.482,16.0,3569.0,73.0
2021-01-05 09:47:28.710,0.4778,0.4835,1.0,0.482,16.0,3569.0,73.0
2021-01-05 09:47:29.181,0.4778,0.4835,1.0,0.482,16.0,3569.0,73.0
2021-01-05 09:47:31.181,0.4778,0.4835,1.0,0.482,16.0,3569.0,73.0
2021-01-05 09:47:31.661,0.4778,0.4835,1.0,0.482,16.0,3569.0,73.0
2021-01-05 09:47:32.681,0.4778,0.4835,1.0,0.482,16.0,3569.0,73.0
2021-01-05 09:47:34.231,0.4778,0.4835,1.0,0.482,16.0,3569.0,73.0
2021-01-05 09:47:34.750,0.4778,0.4835,1.0,0.482,16.0,3569.0,73.0
2021-01-05 09:47:35.221,0.4778,0.4835,1.0,0.482,16.0,3569.0,73.0
2021-01-05 09:47:35.740,0.4778,0.4835,1.0,0.4812,10.0,3569.0,73.0
2021-01-05 09:47:36.241,0.4778,0.4834,14.0,0.4816,16.0,3569.0,73.0
2021-01-05 09:47:36.721,0.4778,0.4834,14.0,0.4817,1.0,3569.0,73.0
2021-01-05 09:47:36.721,0.4778,0.4835,1.0,0.482,16.0,3569.0,73.0
2021-01-05 09:47:37.761,0.4778,0.4835,1.0,0.482,16.0,3569.0,73.0
2021-01-05 09:47:38.260,0.4778,0.4842,16.0,0.4821,1.0,3569.0,73.0
2021-01-05 09:47:38.760,0.4778,0.4842,16.0,0.4822,14.0,3569.0,73.0
2021-01-05 09:47:39.261,0.4778,0.4841,1.0,0.4822,14.0,3569.0,73.0
2021-01-05 09:47:39.261,0.4778,0.484,14.0,0.4822,15.0,3569.0,73.0
2021-01-05 09:47:41.000,0.4778,0.484,14.0,0.4822,15.0,3569.0,73.0
2021-01-05 09:47:41.680,0.4778,0.484,14.0,0.4822,15.0,3569.0,73.0
2021-01-05 09:47:42.250,0.4778,0.484,14.0,0.4822,15.0,3569.0,73.0
2021-01-05 09:47:42.761,0.4778,0.484,14.0,0.4825,16.0,3569.0,73.0
2021-01-05 09:47:43.470,0.4778,0.4841,1.0,0.4825,16.0,3569.0,73.0
2021-01-05 09:47:44.260,0.4778,0.4841,15.0,0.4825,16.0,3569.0,73.0
