,last,ask1,asize1,bid1,bsize1,oi,volume
2021-01-05 09:25:00.080,,0.5949,1.0,0.57,1.0,2648.0,
2021-01-05 09:30:00.451,0.57,0.5669,20.0,0.55,1.0,2648.0,1.0
2021-01-05 09:30:00.991,0.57,0.5669,20.0,0.55,1.0,2648.0,1.0
2021-01-05 09:30:01.481,0.5669,0.5669,17.0,0.55,1.0,2648.0,4.0
2021-01-05 09:30:02.011,0.5669,0.6,1.0,0.55,1.0,2648.0,4.0
2021-01-05 09:30:02.440,0.5669,0.6,1.0,0.55,1.0,2648.0,4.0
2021-01-05 09:30:03.980,0.5669,0.5637,20.0,0.5531,20.0,2648.0,4.0
2021-01-05 09:30:04.430,0.5637,0.5637,19.0,0.5531,20.0,2648.0,5.0
2021-01-05 09:30:05.010,0.5637,0.5628,20.0,0.5522,20.0,2648.0,5.0
2021-01-05 09:30:05.990,0.5637,0.5628,20.0,0.55,1.0,2648.0,5.0
2021-01-05 09:30:06.480,0.5637,0.5611,20.0,0.5505,20.0,2648.0,5.0
2021-01-05 09:30:06.971,0.5637,0.5598,20.0,0.5505,20.0,2648.0,5.0
2021-01-05 09:30:08.001,0.5637,0.559,20.0,0.5505,20.0,2648.0,5.0
2021-01-05 09:30:11.000,0.5637,0.5583,20.0,0.5505,25.0,2648.0,5.0
2021-01-05 09:30:11.521,0.5637,0.5583,20.0,0.5505,20.0,2648.0,5.0
2021-01-05 09:30:13.000,0.5583,0.559,20.0,0.5505,20.0,2648.0,8.0
2021-01-05 09:30:13.501,0.5583,0.5601,20.0,0.5505,20.0,2648.0,8.0
2021-01-05 09:30:15.991,0.5583,0.5601,20.0,0.5505,20.0,2648.0,8.0
2021-01-05 09:30:17.021,0.5583,0.5612,20.0,0.5505,20.0,2648.0,8.0
2021-01-05 09:30:17.641,0.5583,0.5612,20.0,0.5505,20.0,2648.0,8.0
2021-01-05 09:30:18.231,0.5583,0.5612,20.0,0.5519,20.0,2648.0,8.0
2021-01-05 09:30:18.750,0.5612,0.5612,18.0,0.5519,20.0,2648.0,10.0
2021-01-05 09:30:19.251,0.5612,0.5625,20.0,0.5612,5.0,2648.0,10.0
2021-01-05 09:30:19.751,0.5612,0.5612,5.0,0.5526,20.0,2648.0,15.0
2021-01-05 09:30:20.240,0.5612,0.5633,20.0,0.5558,20.0,2648.0,15.0
2021-01-05 09:30:20.740,0.5612,0.5612,20.0,0.5526,20.0,2648.0,15.0
2021-01-05 09:30:21.241,0.5612,0.5623,20.0,0.5516,20.0,2648.0,15.0
2021-01-05 09:30:21.741,0.5612,0.5633,20.0,0.5526,5.0,2648.0,15.0
2021-01-05 09:30:22.240,0.5612,0.5617,20.0,0.5526,20.0,2648.0,15.0
2021-01-05 09:30:22.671,0.5612,0.5617,20.0,0.5516,20.0,2648.0,15.0
2021-01-05 09:30:23.170,0.5612,0.5617,20.0,0.5526,5.0,2648.0,15.0
2021-01-05 09:30:23.670,0.5612,0.5617,20.0,0.5526,20.0,2648.0,15.0
2021-01-05 09:30:24.161,0.5612,0.5607,20.0,0.5526,25.0,2648.0,15.0
2021-01-05 09:30:24.661,0.5612,0.5607,20.0,0.5526,20.0,2648.0,15.0
2021-01-05 09:30:25.160,0.5612,0.5607,20.0,0.55,21.0,2648.0,15.0
2021-01-05 09:30:25.671,0.5612,0.5598,20.0,0.55,21.0,2648.0,15.0
2021-01-05 09:30:28.641,0.5612,0.5598,20.0,0.55,21.0,2648.0,15.0
2021-01-05 09:30:30.171,0.5612,0.5598,20.0,0.55,26.0,2648.0,15.0
2021-01-05 09:30:30.620,0.5612,0.5607,20.0,0.55,21.0,2648.0,15.0
2021-01-05 09:30:31.121,0.5612,0.5607,20.0,0.55,21.0,2648.0,15.0
2021-01-05 09:30:31.631,0.5612,0.5607,20.0,0.55,21.0,2648.0,15.0
2021-01-05 09:30:32.140,0.5612,0.5614,20.0,0.5507,20.0,2648.0,15.0
2021-01-05 09:30:32.631,0.5612,0.5614,20.0,0.5507,25.0,2648.0,15.0
2021-01-05 09:30:33.171,0.5612,0.5597,10.0,0.5514,20.0,2648.0,15.0
2021-01-05 09:30:33.671,0.5612,0.5597,30.0,0.5514,20.0,2648.0,15.0
2021-01-05 09:30:34.191,0.5612,0.5597,30.0,0.5514,20.0,2648.0,15.0
2021-01-05 09:30:36.170,0.5612,0.5597,30.0,0.5507,20.0,2648.0,15.0
2021-01-05 09:30:42.671,0.5612,0.5597,30.0,0.5515,20.0,2648.0,15.0
2021-01-05 09:30:43.480,0.5612,0.5597,30.0,0.5515,20.0,2648.0,15.0
2021-01-05 09:30:44.181,0.5612,0.5597,30.0,0.5522,20.0,2648.0,15.0
2021-01-05 09:30:44.650,0.5612,0.5597,30.0,0.5522,20.0,2648.0,15.0
2021-01-05 09:30:45.161,0.5612,0.5597,30.0,0.5522,20.0,2648.0,15.0
2021-01-05 09:30:46.701,0.5597,0.5597,29.0,0.5522,20.0,2648.0,16.0
2021-01-05 09:30:47.691,0.5597,0.5597,26.0,0.5534,20.0,2648.0,19.0
2021-01-05 09:30:48.711,0.5534,0.5597,26.0,0.5534,29.0,2648.0,20.0
2021-01-05 09:30:49.210,0.5534,0.5597,26.0,0.5534,30.0,2648.0,20.0
2021-01-05 09:30:50.171,0.5534,0.5597,6.0,0.5534,20.0,2648.0,20.0
2021-01-05 09:30:50.720,0.5534,0.5597,6.0,0.5534,20.0,2648.0,20.0
2021-01-05 09:30:51.721,0.5534,0.5597,6.0,0.5534,20.0,2648.0,20.0
2021-01-05 09:30:52.221,0.5534,0.5597,6.0,0.5534,21.0,2648.0,20.0
2021-01-05 09:30:52.651,0.5534,0.5597,6.0,0.5534,20.0,2648.0,20.0
2021-01-05 09:30:53.120,0.5534,0.5597,6.0,0.5534,20.0,2648.0,20.0
2021-01-05 09:30:54.130,0.5534,0.5597,6.0,0.5534,21.0,2648.0,20.0
2021-01-05 09:30:54.670,0.5534,0.5597,6.0,0.5534,20.0,2648.0,20.0
2021-01-05 09:30:55.081,0.5534,0.5597,6.0,0.5534,20.0,2648.0,20.0
2021-01-05 09:30:55.671,0.5534,0.5597,6.0,0.5543,20.0,2648.0,20.0
2021-01-05 09:30:56.170,0.5534,0.5597,6.0,0.5543,20.0,2648.0,20.0
2021-01-05 09:30:56.631,0.5534,0.5597,6.0,0.5543,20.0,2648.0,20.0
2021-01-05 09:30:57.171,0.5534,0.5597,6.0,0.5543,20.0,2648.0,20.0
2021-01-05 09:30:58.140,0.5534,0.5597,6.0,0.5534,20.0,2648.0,20.0
2021-01-05 09:30:59.171,0.5534,0.5597,6.0,0.5543,20.0,2648.0,20.0
2021-01-05 09:30:59.640,0.5534,0.5597,6.0,0.5534,20.0,2648.0,20.0
2021-01-05 09:31:00.161,0.5534,0.5597,6.0,0.5525,20.0,2648.0,20.0
2021-01-05 09:31:00.681,0.5534,0.5597,6.0,0.5536,20.0,2648.0,20.0
2021-01-05 09:31:01.140,0.5534,0.5597,6.0,0.5525,20.0,2648.0,20.0
2021-01-05 09:31:01.680,0.5534,0.5597,6.0,0.5525,20.0,2648.0,20.0
2021-01-05 09:31:02.170,0.5534,0.5597,6.0,0.5511,10.0,2648.0,20.0
2021-01-05 09:31:02.681,0.5534,0.5597,6.0,0.5518,20.0,2648.0,20.0
2021-01-05 09:31:03.680,0.5534,0.5597,6.0,0.5509,20.0,2648.0,20.0
2021-01-05 09:31:04.181,0.5534,0.5597,6.0,0.5509,20.0,2648.0,20.0
2021-01-05 09:31:04.671,0.5534,0.5597,6.0,0.5509,20.0,2648.0,20.0
2021-01-05 09:31:05.190,0.5534,0.5597,6.0,0.5509,20.0,2648.0,20.0
2021-01-05 09:31:06.160,0.5534,0.5597,6.0,0.5509,21.0,2648.0,20.0
2021-01-05 09:31:06.681,0.5534,0.5597,6.0,0.5509,20.0,2648.0,20.0
2021-01-05 09:31:07.190,0.5534,0.5597,6.0,0.5521,20.0,2648.0,20.0
2021-01-05 09:31:07.670,0.5534,0.5597,6.0,0.5521,20.0,2648.0,20.0
2021-01-05 09:31:08.200,0.5534,0.5597,6.0,0.5521,20.0,2648.0,20.0
2021-01-05 09:31:08.650,0.5534,0.5597,6.0,0.5533,20.0,2648.0,20.0
2021-01-05 09:31:09.051,0.5534,0.5597,6.0,0.5521,20.0,2648.0,20.0
2021-01-05 09:31:09.701,0.5534,0.5597,6.0,0.5521,20.0,2648.0,20.0
2021-01-05 09:31:10.690,0.5534,0.5597,6.0,0.5529,20.0,2648.0,20.0
2021-01-05 09:31:11.170,0.5534,0.5597,6.0,0.5529,20.0,2648.0,20.0
2021-01-05 09:31:11.701,0.5534,0.5597,6.0,0.5529,20.0,2648.0,20.0
2021-01-05 09:31:12.171,0.5534,0.5597,26.0,0.5529,20.0,2648.0,20.0
2021-01-05 09:31:12.711,0.5534,0.5597,36.0,0.5529,21.0,2648.0,20.0
2021-01-05 09:31:13.170,0.5534,0.5597,36.0,0.5529,20.0,2648.0,20.0
2021-01-05 09:31:14.690,0.5534,0.5597,36.0,0.5521,20.0,2648.0,20.0
2021-01-05 09:31:15.110,0.5534,0.5597,36.0,0.5521,20.0,2648.0,20.0
2021-01-05 09:31:15.710,0.5534,0.5597,36.0,0.5521,20.0,2648.0,20.0
2021-01-05 09:31:16.711,0.5534,0.5597,26.0,0.5521,21.0,2648.0,20.0
2021-01-05 09:31:17.201,0.5534,0.5597,36.0,0.5521,20.0,2648.0,20.0
2021-01-05 09:31:17.710,0.5534,0.5597,36.0,0.5521,20.0,2648.0,20.0
2021-01-05 09:31:18.720,0.5534,0.5597,26.0,0.5529,20.0,2648.0,20.0
2021-01-05 09:31:19.150,0.5534,0.5597,6.0,0.5529,20.0,2648.0,20.0
2021-01-05 09:31:19.721,0.5534,0.5597,6.0,0.5529,20.0,2648.0,20.0
2021-01-05 09:31:20.171,0.5534,0.5597,26.0,0.5529,20.0,2648.0,20.0
2021-01-05 09:31:20.701,0.5534,0.5597,6.0,0.5538,20.0,2648.0,20.0
2021-01-05 09:31:21.221,0.5534,0.5597,6.0,0.5529,20.0,2648.0,20.0
2021-01-05 09:31:22.211,0.5534,0.5597,6.0,0.5529,20.0,2648.0,20.0
2021-01-05 09:31:22.620,0.5534,0.5597,6.0,0.5519,20.0,2648.0,20.0
2021-01-05 09:31:23.171,0.5534,0.5566,10.0,0.5519,20.0,2648.0,20.0
2021-01-05 09:31:23.621,0.5534,0.5566,10.0,0.5519,20.0,2648.0,20.0
2021-01-05 09:31:24.660,0.5534,0.5572,10.0,0.5519,20.0,2648.0,20.0
2021-01-05 09:31:25.150,0.5534,0.5577,10.0,0.5519,21.0,2648.0,20.0
2021-01-05 09:31:25.630,0.5534,0.558,10.0,0.5526,20.0,2648.0,20.0
2021-01-05 09:31:26.141,0.5534,0.5572,10.0,0.5526,20.0,2648.0,20.0
2021-01-05 09:31:27.171,0.5534,0.5576,10.0,0.5526,20.0,2648.0,20.0
2021-01-05 09:31:27.601,0.5534,0.5572,10.0,0.5526,20.0,2648.0,20.0
2021-01-05 09:31:28.091,0.5534,0.5572,10.0,0.5526,1.0,2648.0,20.0
2021-01-05 09:31:28.610,0.5534,0.5568,10.0,0.5526,20.0,2648.0,20.0
2021-01-05 09:31:29.140,0.5534,0.5529,1.0,0.5526,1.0,2648.0,20.0
2021-01-05 09:31:29.641,0.5529,0.5574,10.0,0.5526,20.0,2648.0,21.0
2021-01-05 09:31:30.170,0.5529,0.5571,10.0,0.5526,1.0,2648.0,21.0
2021-01-05 09:31:30.621,0.5529,0.5577,10.0,0.5526,21.0,2648.0,21.0
2021-01-05 09:31:31.101,0.5529,0.5572,10.0,0.5526,20.0,2648.0,21.0
2021-01-05 09:31:31.641,0.5529,0.5572,10.0,0.5519,20.0,2648.0,21.0
2021-01-05 09:31:32.191,0.5529,0.5571,10.0,0.5519,20.0,2648.0,21.0
2021-01-05 09:31:32.560,0.5529,0.5574,10.0,0.5519,20.0,2648.0,21.0
2021-01-05 09:31:33.190,0.5529,0.5574,10.0,0.5519,20.0,2648.0,21.0
2021-01-05 09:31:33.680,0.5529,0.5574,10.0,0.5519,21.0,2648.0,21.0
2021-01-05 09:31:34.181,0.5529,0.5574,10.0,0.5519,20.0,2648.0,21.0
2021-01-05 09:31:34.681,0.5529,0.557,10.0,0.5519,20.0,2648.0,21.0
2021-01-05 09:31:35.190,0.5529,0.5572,10.0,0.5519,20.0,2648.0,21.0
2021-01-05 09:31:35.670,0.5529,0.5575,10.0,0.5519,20.0,2648.0,21.0
2021-01-05 09:31:36.181,0.5529,0.5573,10.0,0.5519,21.0,2648.0,21.0
2021-01-05 09:31:36.690,0.5529,0.5569,10.0,0.5519,21.0,2648.0,21.0
2021-01-05 09:31:37.191,0.5529,0.5575,10.0,0.5519,21.0,2648.0,21.0
2021-01-05 09:31:37.620,0.5529,0.5575,10.0,0.5519,20.0,2648.0,21.0
2021-01-05 09:31:38.190,0.5529,0.5582,10.0,0.5519,21.0,2648.0,21.0
2021-01-05 09:31:38.690,0.5529,0.5572,10.0,0.5528,20.0,2648.0,21.0
2021-01-05 09:31:39.210,0.5529,0.5584,10.0,0.5528,20.0,2648.0,21.0
2021-01-05 09:31:39.710,0.5529,0.5582,10.0,0.5528,20.0,2648.0,21.0
2021-01-05 09:31:40.200,0.5529,0.5586,20.0,0.5528,21.0,2648.0,21.0
2021-01-05 09:31:40.711,0.5529,0.5592,10.0,0.5538,10.0,2648.0,21.0
2021-01-05 09:31:41.191,0.5529,0.5592,10.0,0.5538,30.0,2648.0,21.0
2021-01-05 09:31:41.700,0.5529,0.5595,10.0,0.5538,30.0,2648.0,21.0
2021-01-05 09:31:42.211,0.5529,0.5587,10.0,0.5538,30.0,2648.0,21.0
2021-01-05 09:31:42.711,0.5529,0.5587,10.0,0.5539,2.0,2648.0,21.0
2021-01-05 09:31:43.191,0.5529,0.5584,10.0,0.5539,2.0,2648.0,21.0
2021-01-05 09:31:43.710,0.5529,0.5582,10.0,0.5538,30.0,2648.0,21.0
2021-01-05 09:31:44.190,0.5529,0.5582,10.0,0.5538,30.0,2648.0,21.0
2021-01-05 09:31:44.691,0.559,0.5577,5.0,0.5538,30.0,2653.0,26.0
2021-01-05 09:31:45.170,0.559,0.5588,10.0,0.5539,2.0,2653.0,26.0
2021-01-05 09:31:45.700,0.559,0.5584,10.0,0.5538,40.0,2653.0,26.0
2021-01-05 09:31:46.171,0.559,0.5593,10.0,0.5539,2.0,2653.0,26.0
2021-01-05 09:31:47.191,0.559,0.5589,10.0,0.5539,2.0,2653.0,26.0
2021-01-05 09:31:47.711,0.559,0.5596,10.0,0.5539,2.0,2653.0,26.0
2021-01-05 09:31:48.691,0.559,0.5596,10.0,0.5539,3.0,2653.0,26.0
2021-01-05 09:31:49.711,0.559,0.5602,10.0,0.5539,2.0,2653.0,26.0
2021-01-05 09:31:50.191,0.559,0.5606,20.0,0.555,10.0,2653.0,26.0
2021-01-05 09:31:50.710,0.559,0.5607,10.0,0.5551,2.0,2653.0,26.0
2021-01-05 09:31:51.210,0.559,0.5605,10.0,0.5551,2.0,2653.0,26.0
2021-01-05 09:31:52.621,0.559,0.5614,20.0,0.5551,2.0,2653.0,26.0
2021-01-05 09:31:53.171,0.559,0.5625,20.0,0.5551,2.0,2653.0,26.0
2021-01-05 09:31:53.630,0.5576,0.5625,20.0,0.5576,9.0,2653.0,27.0
2021-01-05 09:31:54.151,0.5576,0.5622,10.0,0.5576,29.0,2653.0,27.0
2021-01-05 09:31:54.520,0.5576,0.562,10.0,0.5576,29.0,2653.0,27.0
2021-01-05 09:31:55.150,0.5576,0.5623,10.0,0.5576,29.0,2653.0,27.0
2021-01-05 09:31:55.670,0.5576,0.5625,20.0,0.5576,29.0,2653.0,27.0
2021-01-05 09:31:56.681,0.5576,0.5625,20.0,0.5576,29.0,2653.0,27.0
2021-01-05 09:31:58.171,0.5576,0.5624,10.0,0.5576,29.0,2653.0,27.0
2021-01-05 09:31:59.180,0.5576,0.5625,20.0,0.5576,31.0,2653.0,27.0
2021-01-05 09:31:59.660,0.5576,0.5625,20.0,0.5576,29.0,2653.0,27.0
2021-01-05 09:32:00.150,0.5576,0.5624,10.0,0.5576,29.0,2653.0,27.0
2021-01-05 09:32:00.650,0.5576,0.5625,20.0,0.5576,29.0,2653.0,27.0
2021-01-05 09:32:01.170,0.5576,0.5631,10.0,0.5576,29.0,2653.0,27.0
2021-01-05 09:32:01.670,0.5576,0.5632,20.0,0.5576,29.0,2653.0,27.0
2021-01-05 09:32:02.171,0.5576,0.5624,10.0,0.5576,29.0,2653.0,27.0
2021-01-05 09:32:02.671,0.5576,0.5619,10.0,0.5576,29.0,2653.0,27.0
2021-01-05 09:32:04.161,0.5576,0.5617,10.0,0.5576,29.0,2653.0,27.0
2021-01-05 09:32:04.661,0.5576,0.5624,20.0,0.5576,29.0,2653.0,27.0
2021-01-05 09:32:05.141,0.5576,0.5624,20.0,0.5576,29.0,2653.0,27.0
2021-01-05 09:32:05.660,0.5576,0.5622,10.0,0.5576,20.0,2653.0,27.0
2021-01-05 09:32:06.161,0.5576,0.5624,20.0,0.5576,2.0,2653.0,27.0
2021-01-05 09:32:06.680,0.5576,0.5631,10.0,0.5576,20.0,2653.0,27.0
2021-01-05 09:32:07.070,0.5576,0.5626,10.0,0.5561,30.0,2653.0,27.0
2021-01-05 09:32:07.570,0.5576,0.5626,10.0,0.5562,2.0,2653.0,27.0
2021-01-05 09:32:08.171,0.5576,0.5629,10.0,0.5562,2.0,2653.0,27.0
2021-01-05 09:32:08.670,0.5576,0.5632,20.0,0.5562,2.0,2653.0,27.0
2021-01-05 09:32:09.141,0.5576,0.5632,20.0,0.5565,10.0,2653.0,27.0
2021-01-05 09:32:09.681,0.5576,0.5632,20.0,0.5566,2.0,2653.0,27.0
2021-01-05 09:32:10.161,0.5576,0.5631,10.0,0.5566,2.0,2653.0,27.0
2021-01-05 09:32:10.630,0.5576,0.5632,20.0,0.5566,2.0,2653.0,27.0
2021-01-05 09:32:11.170,0.5576,0.5632,20.0,0.5566,2.0,2653.0,27.0
2021-01-05 09:32:11.650,0.5576,0.563,10.0,0.5566,2.0,2653.0,27.0
2021-01-05 09:32:12.161,0.5576,0.5627,10.0,0.5563,2.0,2653.0,27.0
2021-01-05 09:32:12.670,0.5576,0.5625,10.0,0.5563,2.0,2653.0,27.0
2021-01-05 09:32:13.171,0.5576,0.5625,20.0,0.5563,2.0,2653.0,27.0
2021-01-05 09:32:14.180,0.5576,0.5625,20.0,0.5563,12.0,2653.0,27.0
2021-01-05 09:32:14.660,0.5576,0.5625,20.0,0.5563,12.0,2653.0,27.0
2021-01-05 09:32:15.171,0.5576,0.563,10.0,0.5563,12.0,2653.0,27.0
2021-01-05 09:32:15.671,0.5576,0.563,10.0,0.5563,12.0,2653.0,27.0
2021-01-05 09:32:16.151,0.5576,0.563,10.0,0.5563,12.0,2653.0,27.0
2021-01-05 09:32:17.161,0.5576,0.5629,10.0,0.5563,12.0,2653.0,27.0
2021-01-05 09:32:17.651,0.5576,0.563,10.0,0.5563,12.0,2653.0,27.0
2021-01-05 09:32:18.130,0.5576,0.5632,20.0,0.5563,12.0,2653.0,27.0
2021-01-05 09:32:18.670,0.5576,0.5632,20.0,0.5564,10.0,2653.0,27.0
2021-01-05 09:32:18.990,0.5576,0.5632,20.0,0.5565,2.0,2653.0,27.0
2021-01-05 09:32:19.640,0.5576,0.5632,20.0,0.5583,10.0,2653.0,27.0
2021-01-05 09:32:20.151,0.5576,0.5632,20.0,0.5583,30.0,2653.0,27.0
2021-01-05 09:32:20.600,0.5576,0.5632,20.0,0.5583,30.0,2653.0,27.0
2021-01-05 09:32:21.171,0.5576,0.563,10.0,0.5583,30.0,2653.0,27.0
2021-01-05 09:32:21.680,0.5576,0.5626,10.0,0.5583,30.0,2653.0,27.0
2021-01-05 09:32:22.181,0.5576,0.5629,10.0,0.5583,30.0,2653.0,27.0
2021-01-05 09:32:22.660,0.5576,0.5628,10.0,0.5583,30.0,2653.0,27.0
2021-01-05 09:32:24.160,0.5576,0.5632,30.0,0.5583,30.0,2653.0,27.0
2021-01-05 09:32:24.640,0.5576,0.5632,30.0,0.5583,30.0,2653.0,27.0
2021-01-05 09:32:25.170,0.5576,0.5632,20.0,0.5583,30.0,2653.0,27.0
2021-01-05 09:32:25.670,0.5576,0.5635,10.0,0.5583,30.0,2653.0,27.0
2021-01-05 09:32:26.171,0.5576,0.5641,30.0,0.5583,30.0,2653.0,27.0
2021-01-05 09:32:26.650,0.5576,0.5641,30.0,0.5583,30.0,2653.0,27.0
2021-01-05 09:32:27.670,0.5576,0.5641,30.0,0.5583,30.0,2653.0,27.0
2021-01-05 09:32:28.171,0.5576,0.5641,30.0,0.5583,30.0,2653.0,27.0
2021-01-05 09:32:28.630,0.5576,0.5641,30.0,0.5583,30.0,2653.0,27.0
2021-01-05 09:32:30.171,0.5576,0.5641,30.0,0.5583,30.0,2653.0,27.0
2021-01-05 09:32:31.691,0.5576,0.5641,30.0,0.5583,30.0,2653.0,27.0
2021-01-05 09:32:32.121,0.5576,0.5641,30.0,0.5583,30.0,2653.0,27.0
2021-01-05 09:32:33.141,0.5576,0.5641,30.0,0.5583,30.0,2653.0,27.0
2021-01-05 09:32:33.671,0.5576,0.5641,30.0,0.5583,30.0,2653.0,27.0
2021-01-05 09:32:34.171,0.5576,0.5641,30.0,0.5583,30.0,2653.0,27.0
2021-01-05 09:32:34.691,0.5576,0.5639,10.0,0.5583,30.0,2653.0,27.0
2021-01-05 09:32:35.170,0.5576,0.564,10.0,0.5583,30.0,2653.0,27.0
2021-01-05 09:32:35.671,0.5576,0.5641,40.0,0.5583,30.0,2653.0,27.0
2021-01-05 09:32:38.190,0.5583,0.5638,10.0,0.5583,29.0,2653.0,28.0
2021-01-05 09:32:39.200,0.5583,0.564,10.0,0.5583,29.0,2653.0,28.0
2021-01-05 09:32:39.630,0.5583,0.5641,30.0,0.5583,29.0,2653.0,28.0
2021-01-05 09:32:40.151,0.5583,0.5641,40.0,0.5583,29.0,2653.0,28.0
2021-01-05 09:32:41.690,0.5583,0.5641,30.0,0.5583,29.0,2653.0,28.0
2021-01-05 09:32:42.201,0.5583,0.564,10.0,0.5583,29.0,2653.0,28.0
2021-01-05 09:32:42.700,0.5583,0.5641,30.0,0.5583,29.0,2653.0,28.0
2021-01-05 09:32:43.190,0.5583,0.5641,30.0,0.5583,29.0,2653.0,28.0
2021-01-05 09:32:43.580,0.5583,0.5641,40.0,0.5583,29.0,2653.0,28.0
2021-01-05 09:32:44.151,0.5583,0.564,10.0,0.5583,29.0,2653.0,28.0
2021-01-05 09:32:44.700,0.5583,0.5636,10.0,0.5583,29.0,2653.0,28.0
2021-01-05 09:32:45.580,0.5583,0.5641,30.0,0.5583,29.0,2653.0,28.0
2021-01-05 09:32:46.160,0.5583,0.5639,10.0,0.5583,29.0,2653.0,28.0
2021-01-05 09:32:46.621,0.5583,0.5641,30.0,0.5583,29.0,2653.0,28.0
2021-01-05 09:32:47.701,0.5583,0.5641,30.0,0.5583,29.0,2653.0,28.0
2021-01-05 09:32:48.181,0.5583,0.5641,30.0,0.5583,29.0,2653.0,28.0
2021-01-05 09:32:48.690,0.5583,0.5641,30.0,0.5583,29.0,2653.0,28.0
2021-01-05 09:32:49.030,0.5583,0.5641,30.0,0.5583,29.0,2653.0,28.0
2021-01-05 09:32:49.670,0.5583,0.5648,10.0,0.5592,10.0,2653.0,28.0
2021-01-05 09:32:50.171,0.5583,0.5662,10.0,0.5597,10.0,2653.0,28.0
2021-01-05 09:32:50.650,0.5583,0.5654,10.0,0.5592,30.0,2653.0,28.0
2021-01-05 09:32:51.170,0.5583,0.5661,10.0,0.5594,2.0,2653.0,28.0
2021-01-05 09:32:51.701,0.5583,0.5662,10.0,0.5596,10.0,2653.0,28.0
2021-01-05 09:32:52.191,0.5583,0.5661,10.0,0.5594,2.0,2653.0,28.0
2021-01-05 09:32:52.671,0.5583,0.5659,10.0,0.5594,22.0,2653.0,28.0
2021-01-05 09:32:53.161,0.5583,0.5655,10.0,0.5594,20.0,2653.0,28.0
2021-01-05 09:32:53.641,0.5583,0.5655,10.0,0.5594,30.0,2653.0,28.0
2021-01-05 09:32:54.181,0.5583,0.5651,10.0,0.5594,30.0,2653.0,28.0
2021-01-05 09:32:54.521,0.5583,0.565,10.0,0.5594,30.0,2653.0,28.0
2021-01-05 09:32:55.170,0.5583,0.5653,10.0,0.5594,30.0,2653.0,28.0
2021-01-05 09:32:55.670,0.5583,0.5655,20.0,0.5594,30.0,2653.0,28.0
2021-01-05 09:32:56.150,0.5583,0.5655,20.0,0.5594,32.0,2653.0,28.0
2021-01-05 09:32:56.611,0.5583,0.5662,30.0,0.5594,32.0,2653.0,28.0
2021-01-05 09:32:57.181,0.5583,0.5661,10.0,0.5594,32.0,2653.0,28.0
2021-01-05 09:32:57.600,0.5583,0.5659,10.0,0.5594,30.0,2653.0,28.0
2021-01-05 09:32:58.171,0.5583,0.5662,30.0,0.5595,2.0,2653.0,28.0
2021-01-05 09:32:58.651,0.5583,0.5662,30.0,0.5595,2.0,2653.0,28.0
2021-01-05 09:32:59.170,0.5583,0.5662,30.0,0.5595,2.0,2653.0,28.0
2021-01-05 09:32:59.621,0.5583,0.5662,30.0,0.5595,2.0,2653.0,28.0
2021-01-05 09:33:01.141,0.5583,0.5662,40.0,0.5595,2.0,2653.0,28.0
2021-01-05 09:33:01.661,0.5583,0.5657,10.0,0.5594,30.0,2653.0,28.0
2021-01-05 09:33:02.651,0.5583,0.5656,10.0,0.5594,20.0,2653.0,28.0
2021-01-05 09:33:03.171,0.5583,0.5636,10.0,0.5592,20.0,2653.0,28.0
2021-01-05 09:33:03.681,0.5583,0.5636,10.0,0.5592,20.0,2653.0,28.0
2021-01-05 09:33:04.140,0.5583,0.5636,20.0,0.5585,10.0,2653.0,28.0
2021-01-05 09:33:04.651,0.5583,0.564,10.0,0.5583,30.0,2653.0,28.0
2021-01-05 09:33:05.181,0.5583,0.564,30.0,0.5583,20.0,2653.0,28.0
2021-01-05 09:33:05.690,0.5583,0.564,30.0,0.5571,40.0,2653.0,28.0
2021-01-05 09:33:06.170,0.5583,0.5637,10.0,0.5571,40.0,2653.0,28.0
2021-01-05 09:33:07.171,0.5583,0.5633,10.0,0.5571,40.0,2653.0,28.0
2021-01-05 09:33:07.601,0.5583,0.5639,10.0,0.5571,40.0,2653.0,28.0
2021-01-05 09:33:08.191,0.5583,0.564,30.0,0.5571,40.0,2653.0,28.0
2021-01-05 09:33:08.681,0.5583,0.564,30.0,0.5571,40.0,2653.0,28.0
2021-01-05 09:33:09.181,0.5583,0.564,30.0,0.5571,40.0,2653.0,28.0
2021-01-05 09:33:09.651,0.5583,0.564,30.0,0.5574,10.0,2653.0,28.0
2021-01-05 09:33:10.180,0.5583,0.564,30.0,0.5571,40.0,2653.0,28.0
2021-01-05 09:33:10.681,0.5583,0.564,40.0,0.5571,40.0,2653.0,28.0
2021-01-05 09:33:11.670,0.5583,0.5619,10.0,0.5571,30.0,2653.0,28.0
2021-01-05 09:33:12.181,0.5583,0.5619,10.0,0.5572,2.0,2653.0,28.0
2021-01-05 09:33:12.650,0.5583,0.5619,30.0,0.5572,2.0,2653.0,28.0
2021-01-05 09:33:12.990,0.5583,0.5619,30.0,0.5574,10.0,2653.0,28.0
2021-01-05 09:33:13.691,0.5583,0.5619,30.0,0.5572,12.0,2653.0,28.0
2021-01-05 09:33:14.160,0.5583,0.5619,30.0,0.5572,2.0,2653.0,28.0
2021-01-05 09:33:14.650,0.5583,0.5619,30.0,0.5572,2.0,2653.0,28.0
2021-01-05 09:33:15.651,0.5583,0.5619,30.0,0.5571,20.0,2653.0,28.0
2021-01-05 09:33:16.181,0.5583,0.5619,30.0,0.5571,20.0,2653.0,28.0
2021-01-05 09:33:16.671,0.5583,0.5619,30.0,0.5571,20.0,2653.0,28.0
2021-01-05 09:33:17.190,0.5583,0.5603,10.0,0.5571,20.0,2653.0,28.0
2021-01-05 09:33:18.160,0.5583,0.5603,30.0,0.5571,20.0,2653.0,28.0
2021-01-05 09:33:18.680,0.5583,0.5603,30.0,0.5571,20.0,2653.0,28.0
2021-01-05 09:33:19.191,0.5583,0.5603,30.0,0.5562,30.0,2653.0,28.0
2021-01-05 09:33:19.660,0.5583,0.5603,30.0,0.5562,30.0,2653.0,28.0
2021-01-05 09:33:20.171,0.5583,0.5603,30.0,0.5562,40.0,2653.0,28.0
2021-01-05 09:33:20.680,0.5583,0.5603,30.0,0.5562,30.0,2653.0,28.0
2021-01-05 09:33:21.160,0.5583,0.5603,30.0,0.5562,40.0,2653.0,28.0
2021-01-05 09:33:21.681,0.5583,0.5603,30.0,0.5562,30.0,2653.0,28.0
2021-01-05 09:33:22.150,0.5583,0.5603,30.0,0.5562,30.0,2653.0,28.0
2021-01-05 09:33:22.670,0.5583,0.5603,30.0,0.5562,30.0,2653.0,28.0
2021-01-05 09:33:23.151,0.5583,0.5603,30.0,0.5562,30.0,2653.0,28.0
2021-01-05 09:33:24.171,0.5583,0.5603,30.0,0.5562,30.0,2653.0,28.0
2021-01-05 09:33:24.661,0.5583,0.5603,30.0,0.5562,30.0,2653.0,28.0
2021-01-05 09:33:25.671,0.5583,0.5603,30.0,0.5562,30.0,2653.0,28.0
2021-01-05 09:33:26.161,0.5583,0.5603,30.0,0.5562,30.0,2653.0,28.0
2021-01-05 09:33:27.171,0.5583,0.5603,30.0,0.5562,30.0,2653.0,28.0
2021-01-05 09:33:27.681,0.5583,0.5603,30.0,0.5562,30.0,2653.0,28.0
2021-01-05 09:33:28.180,0.5583,0.5603,30.0,0.5562,30.0,2653.0,28.0
2021-01-05 09:33:28.670,0.5583,0.5603,30.0,0.5562,30.0,2653.0,28.0
2021-01-05 09:33:29.171,0.5583,0.5603,30.0,0.5562,30.0,2653.0,28.0
2021-01-05 09:33:30.180,0.5583,0.5603,30.0,0.5562,30.0,2653.0,28.0
2021-01-05 09:33:31.680,0.5583,0.5603,30.0,0.5562,30.0,2653.0,28.0
2021-01-05 09:33:32.170,0.5583,0.5603,30.0,0.5562,30.0,2653.0,28.0
2021-01-05 09:33:32.620,0.5583,0.5603,30.0,0.5562,30.0,2653.0,28.0
2021-01-05 09:33:33.680,0.5583,0.5603,30.0,0.5562,30.0,2653.0,28.0
2021-01-05 09:33:35.690,0.5583,0.5603,30.0,0.5562,30.0,2653.0,28.0
2021-01-05 09:33:36.101,0.5583,0.5603,30.0,0.5562,30.0,2653.0,28.0
2021-01-05 09:33:36.681,0.5583,0.5603,30.0,0.5562,30.0,2653.0,28.0
2021-01-05 09:33:37.190,0.5583,0.5603,30.0,0.5562,30.0,2653.0,28.0
2021-01-05 09:33:37.640,0.5583,0.5603,30.0,0.5562,30.0,2653.0,28.0
2021-01-05 09:33:38.120,0.5583,0.5603,30.0,0.5562,30.0,2653.0,28.0
2021-01-05 09:33:38.621,0.5583,0.5603,30.0,0.5562,30.0,2653.0,28.0
2021-01-05 09:33:39.201,0.5583,0.5603,30.0,0.5562,30.0,2653.0,28.0
2021-01-05 09:33:39.641,0.5583,0.5603,30.0,0.5562,30.0,2653.0,28.0
2021-01-05 09:33:40.160,0.5583,0.5603,30.0,0.5562,30.0,2653.0,28.0
2021-01-05 09:33:40.690,0.5583,0.5603,20.0,0.5562,20.0,2653.0,28.0
2021-01-05 09:33:41.161,0.5583,0.5603,20.0,0.5562,20.0,2653.0,28.0
2021-01-05 09:33:41.691,0.5583,0.5613,10.0,0.5555,30.0,2653.0,28.0
2021-01-05 09:33:42.160,0.5583,0.5603,20.0,0.5555,30.0,2653.0,28.0
2021-01-05 09:33:42.640,0.5583,0.5613,10.0,0.5568,1.0,2653.0,28.0
2021-01-05 09:33:43.180,0.5583,0.5616,10.0,0.5568,1.0,2653.0,28.0
2021-01-05 09:33:44.110,0.5583,0.5616,10.0,0.5568,1.0,2653.0,28.0
2021-01-05 09:33:44.671,0.5583,0.5616,10.0,0.5568,1.0,2653.0,28.0
2021-01-05 09:33:45.180,0.5583,0.5616,10.0,0.5568,21.0,2653.0,28.0
2021-01-05 09:33:45.660,0.5583,0.5616,10.0,0.5568,21.0,2653.0,28.0
2021-01-05 09:33:46.161,0.5583,0.5616,10.0,0.5568,21.0,2653.0,28.0
2021-01-05 09:33:46.680,0.5583,0.5619,20.0,0.5574,10.0,2653.0,28.0
2021-01-05 09:33:47.191,0.5583,0.5619,20.0,0.5574,10.0,2653.0,28.0
2021-01-05 09:33:49.051,0.5583,0.5619,20.0,0.5574,10.0,2653.0,28.0
2021-01-05 09:33:50.180,0.5583,0.5619,20.0,0.5574,10.0,2653.0,28.0
2021-01-05 09:33:50.670,0.5583,0.5619,20.0,0.5574,10.0,2653.0,28.0
2021-01-05 09:33:51.141,0.5583,0.5619,20.0,0.5578,1.0,2653.0,28.0
2021-01-05 09:33:51.581,0.5583,0.5619,20.0,0.5578,1.0,2653.0,28.0
2021-01-05 09:33:52.190,0.5583,0.5619,20.0,0.5578,21.0,2653.0,28.0
2021-01-05 09:33:53.650,0.5583,0.5619,20.0,0.5578,21.0,2653.0,28.0
2021-01-05 09:33:54.610,0.5583,0.5619,20.0,0.5578,21.0,2653.0,28.0
2021-01-05 09:33:55.181,0.5583,0.5619,20.0,0.5578,21.0,2653.0,28.0
2021-01-05 09:33:55.650,0.5583,0.5619,20.0,0.5578,21.0,2653.0,28.0
2021-01-05 09:33:57.671,0.5583,0.5619,20.0,0.5578,21.0,2653.0,28.0
2021-01-05 09:33:58.170,0.5583,0.5619,20.0,0.5578,21.0,2653.0,28.0
2021-01-05 09:33:58.670,0.5583,0.5619,20.0,0.5578,21.0,2653.0,28.0
2021-01-05 09:33:59.140,0.5583,0.5627,20.0,0.5578,21.0,2653.0,28.0
2021-01-05 09:34:00.191,0.5583,0.5627,20.0,0.5578,21.0,2653.0,28.0
2021-01-05 09:34:00.671,0.5583,0.5633,10.0,0.5578,21.0,2653.0,28.0
2021-01-05 09:34:01.590,0.5583,0.5634,30.0,0.5578,21.0,2653.0,28.0
2021-01-05 09:34:02.170,0.5583,0.5632,10.0,0.5578,21.0,2653.0,28.0
2021-01-05 09:34:02.671,0.5583,0.5634,20.0,0.5578,21.0,2653.0,28.0
2021-01-05 09:34:03.171,0.5583,0.5634,20.0,0.5578,21.0,2653.0,28.0
2021-01-05 09:34:03.670,0.5583,0.5634,20.0,0.5578,21.0,2653.0,28.0
2021-01-05 09:34:04.120,0.5583,0.5634,20.0,0.5578,21.0,2653.0,28.0
2021-01-05 09:34:05.121,0.5583,0.5634,20.0,0.5578,21.0,2653.0,28.0
2021-01-05 09:34:06.191,0.5583,0.5634,20.0,0.5589,1.0,2653.0,28.0
2021-01-05 09:34:06.671,0.5583,0.5634,20.0,0.5602,10.0,2653.0,28.0
2021-01-05 09:34:07.130,0.5583,0.5634,20.0,0.5602,30.0,2653.0,28.0
2021-01-05 09:34:07.630,0.5583,0.5634,20.0,0.5602,30.0,2653.0,28.0
2021-01-05 09:34:08.171,0.5583,0.5643,10.0,0.5602,30.0,2653.0,28.0
2021-01-05 09:34:08.690,0.5583,0.5643,10.0,0.5602,30.0,2653.0,28.0
2021-01-05 09:34:09.170,0.5583,0.5643,10.0,0.5602,30.0,2653.0,28.0
2021-01-05 09:34:09.670,0.5583,0.5643,10.0,0.5602,30.0,2653.0,28.0
2021-01-05 09:34:10.140,0.5583,0.5643,10.0,0.5602,30.0,2653.0,28.0
2021-01-05 09:34:10.690,0.5583,0.5643,10.0,0.5602,30.0,2653.0,28.0
2021-01-05 09:34:11.681,0.5583,0.5629,10.0,0.5602,20.0,2653.0,28.0
2021-01-05 09:34:12.121,0.5583,0.5629,10.0,0.5602,20.0,2653.0,28.0
2021-01-05 09:34:12.621,0.5583,0.5629,10.0,0.5589,21.0,2653.0,28.0
2021-01-05 09:34:13.191,0.5583,0.5629,10.0,0.5589,21.0,2653.0,28.0
2021-01-05 09:34:13.521,0.5583,0.5629,10.0,0.5589,21.0,2653.0,28.0
2021-01-05 09:34:14.181,0.5583,0.5629,10.0,0.5589,21.0,2653.0,28.0
2021-01-05 09:34:14.691,0.5583,0.5629,10.0,0.5608,1.0,2653.0,28.0
2021-01-05 09:34:15.181,0.5608,0.5612,10.0,0.5589,1.0,2654.0,29.0
2021-01-05 09:34:15.671,0.5608,0.5612,30.0,0.5589,1.0,2654.0,29.0
2021-01-05 09:34:16.190,0.5608,0.5612,30.0,0.5589,1.0,2654.0,29.0
2021-01-05 09:34:16.630,0.5608,0.5612,20.0,0.5589,1.0,2654.0,29.0
2021-01-05 09:34:17.181,0.5608,0.5629,30.0,0.5589,1.0,2654.0,29.0
2021-01-05 09:34:17.690,0.5608,0.5629,30.0,0.5589,1.0,2654.0,29.0
2021-01-05 09:34:18.201,0.5608,0.5629,30.0,0.5589,1.0,2654.0,29.0
2021-01-05 09:34:18.620,0.5608,0.5629,30.0,0.5589,1.0,2654.0,29.0
2021-01-05 09:34:19.041,0.5608,0.5629,30.0,0.5589,1.0,2654.0,29.0
2021-01-05 09:34:19.700,0.5608,0.5629,30.0,0.5589,1.0,2654.0,29.0
2021-01-05 09:34:20.180,0.5608,0.5629,30.0,0.5589,1.0,2654.0,29.0
2021-01-05 09:34:20.651,0.5608,0.5629,30.0,0.5589,1.0,2654.0,29.0
2021-01-05 09:34:21.200,0.5608,0.5629,30.0,0.5589,1.0,2654.0,29.0
2021-01-05 09:34:21.690,0.5608,0.5629,20.0,0.5601,10.0,2654.0,29.0
2021-01-05 09:34:22.151,0.5608,0.5642,30.0,0.5601,30.0,2654.0,29.0
2021-01-05 09:34:22.191,0.5608,0.5642,30.0,0.5601,30.0,2654.0,29.0
2021-01-05 09:34:25.150,0.5608,0.5642,30.0,0.5601,30.0,2654.0,29.0
2021-01-05 09:34:25.671,0.5608,0.5642,30.0,0.5601,30.0,2654.0,29.0
2021-01-05 09:34:26.641,0.5608,0.5642,30.0,0.5601,30.0,2654.0,29.0
2021-01-05 09:34:27.150,0.5608,0.5642,30.0,0.5601,30.0,2654.0,29.0
2021-01-05 09:34:29.601,0.5608,0.5642,30.0,0.5601,30.0,2654.0,29.0
2021-01-05 09:34:30.170,0.5608,0.5642,30.0,0.5601,30.0,2654.0,29.0
2021-01-05 09:34:30.681,0.5608,0.5642,30.0,0.5601,30.0,2654.0,29.0
2021-01-05 09:34:31.190,0.5608,0.5642,30.0,0.5601,30.0,2654.0,29.0
2021-01-05 09:34:31.691,0.5608,0.5642,30.0,0.5601,30.0,2654.0,29.0
2021-01-05 09:34:32.150,0.5608,0.5642,30.0,0.5601,30.0,2654.0,29.0
2021-01-05 09:34:33.090,0.5608,0.5642,30.0,0.5601,30.0,2654.0,29.0
2021-01-05 09:34:33.691,0.5608,0.5642,30.0,0.5601,30.0,2654.0,29.0
2021-01-05 09:34:34.171,0.5608,0.5642,30.0,0.5606,1.0,2654.0,29.0
2021-01-05 09:34:34.640,0.5608,0.5642,30.0,0.5606,1.0,2654.0,29.0
2021-01-05 09:34:35.130,0.5608,0.5642,30.0,0.5606,1.0,2654.0,29.0
2021-01-05 09:34:35.691,0.5608,0.5642,20.0,0.5614,10.0,2654.0,29.0
2021-01-05 09:34:36.171,0.5608,0.5642,20.0,0.5614,10.0,2654.0,29.0
2021-01-05 09:34:36.680,0.5608,0.5653,36.0,0.5614,30.0,2654.0,29.0
2021-01-05 09:34:37.700,0.5608,0.5653,20.0,0.5614,30.0,2654.0,29.0
2021-01-05 09:34:38.171,0.5608,0.5653,20.0,0.5614,30.0,2654.0,29.0
2021-01-05 09:34:38.690,0.5608,0.5653,20.0,0.5614,30.0,2654.0,29.0
2021-01-05 09:34:39.091,0.5608,0.5653,20.0,0.5614,30.0,2654.0,29.0
2021-01-05 09:34:40.171,0.5608,0.5666,30.0,0.5614,30.0,2654.0,29.0
2021-01-05 09:34:40.601,0.5608,0.5666,20.0,0.5614,30.0,2654.0,29.0
2021-01-05 09:34:40.920,0.5608,0.5666,20.0,0.5614,30.0,2654.0,29.0
2021-01-05 09:34:42.171,0.5608,0.5666,20.0,0.5614,30.0,2654.0,29.0
2021-01-05 09:34:42.680,0.5608,0.5666,20.0,0.5614,30.0,2654.0,29.0
2021-01-05 09:34:45.200,0.5608,0.5666,20.0,0.5614,30.0,2654.0,29.0
2021-01-05 09:34:45.721,0.5608,0.5666,20.0,0.5614,30.0,2654.0,29.0
2021-01-05 09:34:46.140,0.5608,0.5666,20.0,0.5634,10.0,2654.0,29.0
2021-01-05 09:34:46.660,0.5608,0.5666,20.0,0.5634,10.0,2654.0,29.0
2021-01-05 09:34:47.181,0.5608,0.5666,20.0,0.5634,10.0,2654.0,29.0
2021-01-05 09:34:47.701,0.5608,0.5666,20.0,0.5634,10.0,2654.0,29.0
2021-01-05 09:34:48.141,0.5608,0.5675,30.0,0.5634,10.0,2654.0,29.0
2021-01-05 09:34:49.210,0.5608,0.5675,30.0,0.5634,10.0,2654.0,29.0
2021-01-05 09:34:49.701,0.5608,0.5674,1.0,0.5634,10.0,2654.0,29.0
2021-01-05 09:34:50.220,0.5608,0.5674,1.0,0.5634,10.0,2654.0,29.0
2021-01-05 09:34:51.200,0.5608,0.5674,1.0,0.5634,10.0,2654.0,29.0
2021-01-05 09:34:51.701,0.5608,0.5674,1.0,0.5634,10.0,2654.0,29.0
2021-01-05 09:34:52.220,0.5608,0.5674,1.0,0.5634,10.0,2654.0,29.0
2021-01-05 09:34:52.650,0.5608,0.5667,10.0,0.5621,10.0,2654.0,29.0
2021-01-05 09:34:53.180,0.5608,0.5667,30.0,0.5621,30.0,2654.0,29.0
2021-01-05 09:34:53.651,0.5608,0.5667,30.0,0.5621,30.0,2654.0,29.0
2021-01-05 09:34:54.170,0.5608,0.5667,30.0,0.5621,30.0,2654.0,29.0
2021-01-05 09:34:54.631,0.5608,0.5667,20.0,0.5636,10.0,2654.0,29.0
2021-01-05 09:34:55.161,0.5608,0.5675,20.0,0.5636,30.0,2654.0,29.0
2021-01-05 09:34:55.680,0.5608,0.5682,30.0,0.5636,30.0,2654.0,29.0
2021-01-05 09:34:56.141,0.5608,0.5682,20.0,0.5651,10.0,2654.0,29.0
2021-01-05 09:34:56.600,0.5608,0.5691,20.0,0.5651,10.0,2654.0,29.0
2021-01-05 09:34:57.130,0.5608,0.5691,20.0,0.5651,10.0,2654.0,29.0
2021-01-05 09:34:58.640,0.5608,0.5691,20.0,0.5651,10.0,2654.0,29.0
2021-01-05 09:34:59.170,0.5608,0.5691,20.0,0.5651,10.0,2654.0,29.0
2021-01-05 09:35:00.160,0.5608,0.5691,20.0,0.5651,10.0,2654.0,29.0
2021-01-05 09:35:00.640,0.5608,0.5691,20.0,0.5651,10.0,2654.0,29.0
2021-01-05 09:35:01.070,0.5608,0.5691,20.0,0.5651,10.0,2654.0,29.0
2021-01-05 09:35:01.620,0.5608,0.5691,20.0,0.5651,10.0,2654.0,29.0
2021-01-05 09:35:02.680,0.5608,0.5691,20.0,0.5651,10.0,2654.0,29.0
2021-01-05 09:35:03.180,0.5608,0.569,1.0,0.5651,10.0,2654.0,29.0
2021-01-05 09:35:03.660,0.5608,0.5678,10.0,0.5637,10.0,2654.0,29.0
2021-01-05 09:35:04.181,0.5608,0.5678,20.0,0.5636,20.0,2654.0,29.0
2021-01-05 09:35:05.180,0.565,0.5678,20.0,0.5636,20.0,2654.0,30.0
2021-01-05 09:35:05.591,0.565,0.5688,16.0,0.5636,30.0,2654.0,30.0
2021-01-05 09:35:06.180,0.565,0.5688,16.0,0.5636,20.0,2654.0,30.0
2021-01-05 09:35:06.680,0.565,0.5688,16.0,0.5636,30.0,2654.0,30.0
2021-01-05 09:35:07.131,0.565,0.5691,20.0,0.5638,10.0,2654.0,30.0
2021-01-05 09:35:07.650,0.565,0.5691,20.0,0.5647,16.0,2654.0,30.0
2021-01-05 09:35:08.190,0.565,0.5691,20.0,0.5654,10.0,2654.0,30.0
2021-01-05 09:35:09.191,0.565,0.57,20.0,0.5658,16.0,2654.0,30.0
2021-01-05 09:35:09.700,0.565,0.57,20.0,0.5658,16.0,2654.0,30.0
2021-01-05 09:35:10.180,0.565,0.5708,36.0,0.5658,16.0,2654.0,30.0
2021-01-05 09:35:10.691,0.565,0.5708,36.0,0.5658,16.0,2654.0,30.0
2021-01-05 09:35:11.160,0.565,0.5708,36.0,0.5675,10.0,2654.0,30.0
2021-01-05 09:35:11.680,0.565,0.5708,36.0,0.5675,10.0,2654.0,30.0
2021-01-05 09:35:12.101,0.565,0.5708,36.0,0.5675,10.0,2654.0,30.0
2021-01-05 09:35:13.181,0.565,0.5708,36.0,0.5675,10.0,2654.0,30.0
2021-01-05 09:35:13.640,0.565,0.5702,10.0,0.5661,10.0,2654.0,30.0
2021-01-05 09:35:14.191,0.565,0.5694,16.0,0.5661,10.0,2654.0,30.0
2021-01-05 09:35:14.700,0.565,0.5694,16.0,0.5647,10.0,2654.0,30.0
2021-01-05 09:35:15.171,0.565,0.5694,36.0,0.5647,10.0,2654.0,30.0
2021-01-05 09:35:15.451,0.565,0.5694,36.0,0.5647,10.0,2654.0,30.0
2021-01-05 09:35:16.141,0.565,0.5694,36.0,0.5647,10.0,2654.0,30.0
2021-01-05 09:35:16.681,0.565,0.5694,36.0,0.5647,10.0,2654.0,30.0
2021-01-05 09:35:17.680,0.565,0.5694,36.0,0.5647,10.0,2654.0,30.0
2021-01-05 09:35:18.170,0.565,0.5694,36.0,0.5647,10.0,2654.0,30.0
2021-01-05 09:35:18.681,0.565,0.5693,1.0,0.5647,10.0,2654.0,30.0
2021-01-05 09:35:20.170,0.565,0.5693,1.0,0.5647,10.0,2654.0,30.0
2021-01-05 09:35:20.690,0.565,0.5693,1.0,0.5644,16.0,2654.0,30.0
2021-01-05 09:35:21.180,0.565,0.5694,36.0,0.5646,20.0,2654.0,30.0
2021-01-05 09:35:21.620,0.565,0.5694,20.0,0.5658,10.0,2654.0,30.0
2021-01-05 09:35:22.171,0.565,0.5694,20.0,0.5658,10.0,2654.0,30.0
2021-01-05 09:35:22.521,0.565,0.5694,20.0,0.5658,10.0,2654.0,30.0
2021-01-05 09:35:23.680,0.565,0.5694,20.0,0.5658,10.0,2654.0,30.0
2021-01-05 09:35:24.171,0.565,0.5694,20.0,0.5658,10.0,2654.0,30.0
2021-01-05 09:35:24.671,0.565,0.5694,20.0,0.5658,10.0,2654.0,30.0
2021-01-05 09:35:25.170,0.565,0.5694,20.0,0.5658,10.0,2654.0,30.0
2021-01-05 09:35:25.660,0.565,0.5694,20.0,0.5658,30.0,2654.0,30.0
2021-01-05 09:35:26.651,0.565,0.5699,10.0,0.5658,30.0,2654.0,30.0
2021-01-05 09:35:27.641,0.565,0.5699,10.0,0.5658,30.0,2654.0,30.0
2021-01-05 09:35:28.171,0.565,0.5699,10.0,0.5658,30.0,2654.0,30.0
2021-01-05 09:35:29.641,0.565,0.5699,10.0,0.5658,30.0,2654.0,30.0
2021-01-05 09:35:30.121,0.565,0.5699,10.0,0.5658,30.0,2654.0,30.0
2021-01-05 09:35:30.690,0.565,0.5699,10.0,0.5658,30.0,2654.0,30.0
2021-01-05 09:35:31.170,0.565,0.5699,10.0,0.5658,30.0,2654.0,30.0
2021-01-05 09:35:31.700,0.565,0.5699,10.0,0.5658,30.0,2654.0,30.0
2021-01-05 09:35:32.161,0.565,0.5699,10.0,0.5658,30.0,2654.0,30.0
2021-01-05 09:35:32.691,0.565,0.5699,10.0,0.5658,30.0,2654.0,30.0
2021-01-05 09:35:33.191,0.565,0.5699,10.0,0.5658,30.0,2654.0,30.0
2021-01-05 09:35:33.650,0.565,0.5699,10.0,0.5663,16.0,2654.0,30.0
2021-01-05 09:35:34.190,0.565,0.5701,20.0,0.5671,10.0,2654.0,30.0
2021-01-05 09:35:34.611,0.565,0.5701,20.0,0.5671,10.0,2654.0,30.0
2021-01-05 09:35:35.200,0.565,0.5712,30.0,0.5671,30.0,2654.0,30.0
2021-01-05 09:35:35.690,0.565,0.5712,30.0,0.5671,30.0,2654.0,30.0
2021-01-05 09:35:36.601,0.565,0.5712,30.0,0.5671,30.0,2654.0,30.0
2021-01-05 09:35:37.640,0.565,0.5712,30.0,0.5671,30.0,2654.0,30.0
2021-01-05 09:35:38.670,0.565,0.5712,30.0,0.5671,30.0,2654.0,30.0
2021-01-05 09:35:40.191,0.565,0.5712,30.0,0.5671,30.0,2654.0,30.0
2021-01-05 09:35:40.691,0.565,0.5711,1.0,0.5671,10.0,2654.0,30.0
2021-01-05 09:35:41.190,0.565,0.5711,1.0,0.5671,10.0,2654.0,30.0
2021-01-05 09:35:42.160,0.565,0.5711,1.0,0.5671,10.0,2654.0,30.0
2021-01-05 09:35:42.670,0.565,0.5712,30.0,0.5671,10.0,2654.0,30.0
2021-01-05 09:35:43.190,0.565,0.5712,30.0,0.5671,10.0,2654.0,30.0
2021-01-05 09:35:44.101,0.565,0.5712,30.0,0.5671,10.0,2654.0,30.0
2021-01-05 09:35:45.071,0.565,0.5712,30.0,0.5673,16.0,2654.0,30.0
2021-01-05 09:35:45.670,0.565,0.5712,20.0,0.5686,10.0,2654.0,30.0
2021-01-05 09:35:46.170,0.565,0.5723,36.0,0.5686,10.0,2654.0,30.0
2021-01-05 09:35:46.700,0.565,0.5723,36.0,0.5686,10.0,2654.0,30.0
2021-01-05 09:35:47.691,0.565,0.5723,20.0,0.5686,10.0,2654.0,30.0
2021-01-05 09:35:48.181,0.565,0.5723,20.0,0.5686,10.0,2654.0,30.0
2021-01-05 09:35:48.700,0.565,0.5723,20.0,0.5686,10.0,2654.0,30.0
2021-01-05 09:35:49.190,0.565,0.5723,20.0,0.5686,10.0,2654.0,30.0
2021-01-05 09:35:50.150,0.565,0.5723,20.0,0.5686,10.0,2654.0,30.0
2021-01-05 09:35:50.630,0.565,0.5723,20.0,0.5686,10.0,2654.0,30.0
2021-01-05 09:35:51.710,0.565,0.5723,20.0,0.5686,10.0,2654.0,30.0
2021-01-05 09:35:53.111,0.565,0.5723,20.0,0.5686,10.0,2654.0,30.0
2021-01-05 09:35:54.161,0.565,0.5723,20.0,0.5686,10.0,2654.0,30.0
2021-01-05 09:35:54.640,0.565,0.5723,20.0,0.5686,10.0,2654.0,30.0
2021-01-05 09:35:55.181,0.565,0.5722,1.0,0.5686,10.0,2654.0,30.0
2021-01-05 09:35:55.691,0.565,0.5722,1.0,0.5686,10.0,2654.0,30.0
2021-01-05 09:35:56.121,0.565,0.5722,2.0,0.5686,10.0,2654.0,30.0
2021-01-05 09:35:56.690,0.565,0.5722,2.0,0.5686,10.0,2654.0,30.0
2021-01-05 09:35:57.681,0.565,0.5722,2.0,0.5686,10.0,2654.0,30.0
2021-01-05 09:35:58.701,0.565,0.5722,2.0,0.5686,10.0,2654.0,30.0
2021-01-05 09:35:59.160,0.565,0.5722,2.0,0.5686,10.0,2654.0,30.0
2021-01-05 09:36:00.201,0.565,0.5723,36.0,0.5686,10.0,2654.0,30.0
2021-01-05 09:36:00.680,0.565,0.5723,20.0,0.5686,10.0,2654.0,30.0
2021-01-05 09:36:02.170,0.565,0.5723,20.0,0.5683,16.0,2654.0,30.0
2021-01-05 09:36:02.701,0.565,0.57,10.0,0.5683,16.0,2654.0,30.0
2021-01-05 09:36:03.150,0.565,0.57,10.0,0.5675,10.0,2654.0,30.0
2021-01-05 09:36:04.201,0.565,0.57,10.0,0.5675,10.0,2654.0,30.0
2021-01-05 09:36:04.670,0.565,0.57,10.0,0.5675,10.0,2654.0,30.0
2021-01-05 09:36:05.150,0.565,0.57,10.0,0.5675,10.0,2654.0,30.0
2021-01-05 09:36:05.690,0.565,0.57,10.0,0.5675,10.0,2654.0,30.0
2021-01-05 09:36:06.180,0.565,0.57,10.0,0.5675,10.0,2654.0,30.0
2021-01-05 09:36:06.700,0.565,0.57,10.0,0.5675,10.0,2654.0,30.0
2021-01-05 09:36:09.161,0.565,0.57,10.0,0.5675,10.0,2654.0,30.0
2021-01-05 09:36:09.670,0.565,0.57,10.0,0.5675,10.0,2654.0,30.0
2021-01-05 09:36:10.160,0.565,0.57,10.0,0.5673,20.0,2654.0,30.0
2021-01-05 09:36:10.671,0.565,0.57,10.0,0.5673,20.0,2654.0,30.0
2021-01-05 09:36:11.651,0.565,0.57,10.0,0.5673,20.0,2654.0,30.0
2021-01-05 09:36:12.690,0.565,0.57,10.0,0.5673,20.0,2654.0,30.0
2021-01-05 09:36:14.150,0.565,0.57,10.0,0.5673,20.0,2654.0,30.0
2021-01-05 09:36:15.170,0.565,0.57,10.0,0.5673,20.0,2654.0,30.0
2021-01-05 09:36:18.680,0.565,0.57,10.0,0.5672,16.0,2654.0,30.0
2021-01-05 09:36:19.151,0.565,0.57,10.0,0.5672,16.0,2654.0,30.0
2021-01-05 09:36:21.120,0.565,0.57,10.0,0.5672,16.0,2654.0,30.0
2021-01-05 09:36:21.691,0.565,0.57,10.0,0.5672,16.0,2654.0,30.0
2021-01-05 09:36:22.680,0.565,0.5699,1.0,0.5672,16.0,2654.0,30.0
2021-01-05 09:36:23.191,0.565,0.57,10.0,0.5672,16.0,2654.0,30.0
2021-01-05 09:36:23.681,0.565,0.57,10.0,0.5672,16.0,2654.0,30.0
2021-01-05 09:36:24.171,0.565,0.57,10.0,0.5672,16.0,2654.0,30.0
2021-01-05 09:36:24.651,0.565,0.57,10.0,0.5676,10.0,2654.0,30.0
2021-01-05 09:36:25.191,0.565,0.57,10.0,0.5676,10.0,2654.0,30.0
2021-01-05 09:36:25.650,0.565,0.57,10.0,0.5674,20.0,2654.0,30.0
2021-01-05 09:36:26.651,0.565,0.57,10.0,0.5674,20.0,2654.0,30.0
2021-01-05 09:36:27.070,0.565,0.57,10.0,0.5674,20.0,2654.0,30.0
2021-01-05 09:36:27.690,0.565,0.57,10.0,0.5674,20.0,2654.0,30.0
2021-01-05 09:36:28.190,0.565,0.57,10.0,0.5674,20.0,2654.0,30.0
2021-01-05 09:36:28.681,0.565,0.57,10.0,0.5681,16.0,2654.0,30.0
2021-01-05 09:36:29.171,0.57,0.57,1.0,0.5684,10.0,2659.0,39.0
2021-01-05 09:36:29.651,0.57,0.5731,36.0,0.57,2.0,2659.0,40.0
2021-01-05 09:36:30.161,0.57,0.5731,36.0,0.57,2.0,2659.0,40.0
2021-01-05 09:36:30.700,0.57,0.5731,36.0,0.57,2.0,2659.0,40.0
2021-01-05 09:36:31.181,0.57,0.5731,36.0,0.57,2.0,2659.0,40.0
2021-01-05 09:36:31.690,0.57,0.573,1.0,0.57,2.0,2659.0,40.0
2021-01-05 09:36:32.130,0.57,0.573,1.0,0.5693,20.0,2659.0,40.0
2021-01-05 09:36:32.660,0.57,0.5731,36.0,0.5693,20.0,2659.0,40.0
2021-01-05 09:36:33.200,0.57,0.5731,36.0,0.5684,10.0,2659.0,40.0
2021-01-05 09:36:33.670,0.57,0.573,1.0,0.5689,20.0,2659.0,40.0
2021-01-05 09:36:34.091,0.57,0.5731,36.0,0.5684,10.0,2659.0,40.0
2021-01-05 09:36:35.150,0.57,0.5731,36.0,0.5684,10.0,2659.0,40.0
2021-01-05 09:36:35.701,0.57,0.5731,36.0,0.5684,10.0,2659.0,40.0
2021-01-05 09:36:36.191,0.57,0.5731,36.0,0.5684,10.0,2659.0,40.0
2021-01-05 09:36:36.700,0.57,0.5731,36.0,0.5684,12.0,2659.0,40.0
2021-01-05 09:36:37.190,0.57,0.5731,36.0,0.5684,12.0,2659.0,40.0
2021-01-05 09:36:38.120,0.57,0.5731,36.0,0.5684,12.0,2659.0,40.0
2021-01-05 09:36:40.191,0.57,0.5731,36.0,0.5684,10.0,2659.0,40.0
2021-01-05 09:36:40.700,0.57,0.5731,36.0,0.5684,10.0,2659.0,40.0
2021-01-05 09:36:41.201,0.57,0.5731,36.0,0.5684,10.0,2659.0,40.0
2021-01-05 09:36:41.641,0.57,0.5731,36.0,0.5684,10.0,2659.0,40.0
2021-01-05 09:36:42.200,0.57,0.5731,36.0,0.5684,10.0,2659.0,40.0
2021-01-05 09:36:42.690,0.57,0.5731,37.0,0.5684,10.0,2659.0,40.0
2021-01-05 09:36:43.180,0.57,0.5731,36.0,0.5684,10.0,2659.0,40.0
2021-01-05 09:36:43.700,0.57,0.5731,36.0,0.5684,10.0,2659.0,40.0
2021-01-05 09:36:44.200,0.57,0.5731,37.0,0.5684,10.0,2659.0,40.0
2021-01-05 09:36:44.680,0.57,0.5731,36.0,0.5684,10.0,2659.0,40.0
2021-01-05 09:36:45.191,0.57,0.5731,36.0,0.5703,10.0,2659.0,40.0
2021-01-05 09:36:45.631,0.57,0.5731,36.0,0.5703,10.0,2659.0,40.0
2021-01-05 09:36:46.190,0.57,0.5731,20.0,0.5703,10.0,2659.0,40.0
2021-01-05 09:36:46.651,0.57,0.5731,20.0,0.5703,10.0,2659.0,40.0
2021-01-05 09:36:47.130,0.57,0.5741,36.0,0.5703,10.0,2659.0,40.0
2021-01-05 09:36:47.660,0.57,0.5741,36.0,0.5703,10.0,2659.0,40.0
2021-01-05 09:36:48.130,0.57,0.5741,36.0,0.5717,10.0,2659.0,40.0
2021-01-05 09:36:48.630,0.57,0.5741,36.0,0.5717,10.0,2659.0,40.0
2021-01-05 09:36:49.181,0.57,0.5741,36.0,0.5717,10.0,2659.0,40.0
2021-01-05 09:36:49.700,0.57,0.574,1.0,0.5717,10.0,2659.0,40.0
2021-01-05 09:36:50.190,0.57,0.5741,36.0,0.5717,10.0,2659.0,40.0
2021-01-05 09:36:50.670,0.57,0.5741,36.0,0.5717,10.0,2659.0,40.0
2021-01-05 09:36:51.171,0.57,0.574,1.0,0.5704,10.0,2659.0,40.0
2021-01-05 09:36:51.671,0.57,0.574,1.0,0.5704,10.0,2659.0,40.0
2021-01-05 09:36:52.670,0.57,0.5741,36.0,0.5704,10.0,2659.0,40.0
2021-01-05 09:36:53.191,0.57,0.5741,20.0,0.5704,10.0,2659.0,40.0
2021-01-05 09:36:53.680,0.57,0.5741,20.0,0.5704,10.0,2659.0,40.0
2021-01-05 09:36:54.180,0.57,0.5751,36.0,0.5704,10.0,2659.0,40.0
2021-01-05 09:36:54.631,0.57,0.5751,36.0,0.5704,10.0,2659.0,40.0
2021-01-05 09:36:55.171,0.57,0.575,1.0,0.5704,10.0,2659.0,40.0
2021-01-05 09:36:55.651,0.57,0.575,1.0,0.5704,10.0,2659.0,40.0
2021-01-05 09:36:56.141,0.57,0.575,1.0,0.5704,10.0,2659.0,40.0
2021-01-05 09:36:56.691,0.57,0.575,1.0,0.5704,10.0,2659.0,40.0
2021-01-05 09:36:57.171,0.57,0.575,2.0,0.5704,10.0,2659.0,40.0
2021-01-05 09:36:57.630,0.57,0.575,2.0,0.5704,10.0,2659.0,40.0
2021-01-05 09:36:58.610,0.57,0.5741,16.0,0.5704,10.0,2659.0,40.0
2021-01-05 09:36:59.181,0.57,0.5741,16.0,0.5704,10.0,2659.0,40.0
2021-01-05 09:36:59.690,0.57,0.5741,36.0,0.5704,10.0,2659.0,40.0
2021-01-05 09:37:01.031,0.57,0.5741,36.0,0.5704,10.0,2659.0,40.0
2021-01-05 09:37:01.640,0.57,0.5741,36.0,0.5704,10.0,2659.0,40.0
2021-01-05 09:37:02.191,0.57,0.5739,10.0,0.5698,30.0,2659.0,40.0
2021-01-05 09:37:02.640,0.57,0.5739,10.0,0.5698,30.0,2659.0,40.0
2021-01-05 09:37:03.151,0.57,0.5739,10.0,0.5698,30.0,2659.0,40.0
2021-01-05 09:37:03.630,0.57,0.5739,10.0,0.5698,30.0,2659.0,40.0
2021-01-05 09:37:04.200,0.57,0.5738,10.0,0.5692,16.0,2659.0,40.0
2021-01-05 09:37:04.690,0.57,0.5738,11.0,0.5692,16.0,2659.0,40.0
2021-01-05 09:37:05.701,0.57,0.5731,16.0,0.5683,10.0,2659.0,40.0
2021-01-05 09:37:06.171,0.57,0.5731,36.0,0.5683,10.0,2659.0,40.0
2021-01-05 09:37:06.700,0.57,0.5731,36.0,0.5683,10.0,2659.0,40.0
2021-01-05 09:37:07.180,0.57,0.5731,36.0,0.5682,16.0,2659.0,40.0
2021-01-05 09:37:07.681,0.57,0.5731,36.0,0.5682,16.0,2659.0,40.0
2021-01-05 09:37:08.200,0.57,0.5731,36.0,0.5682,16.0,2659.0,40.0
2021-01-05 09:37:08.630,0.57,0.5731,36.0,0.5683,2.0,2659.0,40.0
2021-01-05 09:37:09.170,0.57,0.5731,20.0,0.5697,10.0,2659.0,40.0
2021-01-05 09:37:09.660,0.57,0.5738,10.0,0.5697,10.0,2659.0,40.0
2021-01-05 09:37:10.140,0.57,0.5738,10.0,0.5697,10.0,2659.0,40.0
2021-01-05 09:37:10.701,0.57,0.5738,10.0,0.5697,10.0,2659.0,40.0
2021-01-05 09:37:11.201,0.57,0.5731,16.0,0.5697,10.0,2659.0,40.0
2021-01-05 09:37:11.700,0.57,0.5731,16.0,0.5697,10.0,2659.0,40.0
2021-01-05 09:37:12.131,0.57,0.5731,36.0,0.5697,10.0,2659.0,40.0
2021-01-05 09:37:12.620,0.57,0.5725,10.0,0.5684,10.0,2659.0,40.0
2021-01-05 09:37:13.181,0.57,0.5725,10.0,0.5684,10.0,2659.0,40.0
2021-01-05 09:37:13.181,0.57,0.5725,10.0,0.5684,10.0,2659.0,40.0
2021-01-05 09:37:14.171,0.57,0.5725,10.0,0.5684,10.0,2659.0,40.0
2021-01-05 09:37:15.160,0.57,0.5725,10.0,0.5691,16.0,2659.0,40.0
2021-01-05 09:37:15.700,0.57,0.5725,10.0,0.5691,36.0,2659.0,40.0
2021-01-05 09:37:16.501,0.57,0.5725,10.0,0.5691,36.0,2659.0,40.0
2021-01-05 09:37:17.200,0.57,0.5725,10.0,0.5691,36.0,2659.0,40.0
2021-01-05 09:37:17.671,0.57,0.5731,20.0,0.5691,36.0,2659.0,40.0
2021-01-05 09:37:18.710,0.57,0.5731,20.0,0.5691,36.0,2659.0,40.0
2021-01-05 09:37:18.891,0.57,0.5731,20.0,0.5691,36.0,2659.0,40.0
2021-01-05 09:37:19.711,0.57,0.5731,20.0,0.5691,36.0,2659.0,40.0
2021-01-05 09:37:21.200,0.57,0.5731,20.0,0.5691,36.0,2659.0,40.0
2021-01-05 09:37:21.701,0.57,0.5728,16.0,0.5682,16.0,2659.0,40.0
2021-01-05 09:37:23.150,0.57,0.5728,16.0,0.5682,16.0,2659.0,40.0
2021-01-05 09:37:23.701,0.57,0.5728,16.0,0.5682,16.0,2659.0,40.0
2021-01-05 09:37:24.080,0.57,0.5728,16.0,0.5682,16.0,2659.0,40.0
2021-01-05 09:37:24.631,0.57,0.5728,16.0,0.5682,16.0,2659.0,40.0
2021-01-05 09:37:25.200,0.57,0.5728,16.0,0.5682,16.0,2659.0,40.0
2021-01-05 09:37:25.670,0.57,0.5728,16.0,0.5682,16.0,2659.0,40.0
2021-01-05 09:37:26.650,0.57,0.5728,16.0,0.5682,16.0,2659.0,40.0
2021-01-05 09:37:27.130,0.57,0.5728,16.0,0.5682,16.0,2659.0,40.0
2021-01-05 09:37:28.151,0.57,0.5728,16.0,0.5682,16.0,2659.0,40.0
2021-01-05 09:37:29.130,0.57,0.5728,16.0,0.5682,16.0,2659.0,40.0
2021-01-05 09:37:30.191,0.57,0.5719,10.0,0.5682,16.0,2659.0,40.0
2021-01-05 09:37:30.650,0.57,0.5719,30.0,0.5682,16.0,2659.0,40.0
2021-01-05 09:37:31.190,0.57,0.5719,30.0,0.5682,16.0,2659.0,40.0
2021-01-05 09:37:32.181,0.57,0.5719,30.0,0.5682,16.0,2659.0,40.0
2021-01-05 09:37:32.651,0.57,0.5719,30.0,0.5682,16.0,2659.0,40.0
2021-01-05 09:37:33.180,0.57,0.5719,20.0,0.5695,10.0,2659.0,40.0
2021-01-05 09:37:33.701,0.57,0.5728,16.0,0.5695,30.0,2659.0,40.0
2021-01-05 09:37:34.200,0.57,0.5728,16.0,0.5695,30.0,2659.0,40.0
2021-01-05 09:37:35.170,0.57,0.5728,16.0,0.5695,30.0,2659.0,40.0
2021-01-05 09:37:35.650,0.57,0.5728,16.0,0.5695,10.0,2659.0,40.0
2021-01-05 09:37:36.200,0.57,0.5728,16.0,0.5695,10.0,2659.0,40.0
2021-01-05 09:37:36.671,0.57,0.5728,16.0,0.5695,10.0,2659.0,40.0
2021-01-05 09:37:37.691,0.57,0.5728,16.0,0.5695,10.0,2659.0,40.0
2021-01-05 09:37:38.651,0.57,0.5728,16.0,0.5695,10.0,2659.0,40.0
2021-01-05 09:37:39.170,0.57,0.5719,16.0,0.5681,30.0,2659.0,40.0
2021-01-05 09:37:39.700,0.57,0.5719,36.0,0.5681,30.0,2659.0,40.0
2021-01-05 09:37:40.161,0.57,0.5718,1.0,0.5681,30.0,2659.0,40.0
2021-01-05 09:37:40.701,0.57,0.5719,36.0,0.5681,30.0,2659.0,40.0
2021-01-05 09:37:41.131,0.57,0.5719,36.0,0.5681,30.0,2659.0,40.0
2021-01-05 09:37:41.671,0.57,0.5719,36.0,0.5681,30.0,2659.0,40.0
2021-01-05 09:37:42.130,0.57,0.5719,36.0,0.5681,30.0,2659.0,40.0
2021-01-05 09:37:42.691,0.57,0.5719,36.0,0.5681,10.0,2659.0,40.0
2021-01-05 09:37:43.671,0.57,0.5718,1.0,0.5681,10.0,2659.0,40.0
2021-01-05 09:37:44.651,0.57,0.5711,16.0,0.5681,10.0,2659.0,40.0
2021-01-05 09:37:45.191,0.57,0.5711,36.0,0.5681,10.0,2659.0,40.0
2021-01-05 09:37:45.191,0.57,0.5711,36.0,0.5681,10.0,2659.0,40.0
2021-01-05 09:37:46.601,0.57,0.5711,36.0,0.5681,10.0,2659.0,40.0
2021-01-05 09:37:47.210,0.57,0.5711,36.0,0.5681,10.0,2659.0,40.0
2021-01-05 09:37:47.661,0.57,0.5711,36.0,0.5681,10.0,2659.0,40.0
2021-01-05 09:37:48.201,0.57,0.5711,36.0,0.5681,10.0,2659.0,40.0
2021-01-05 09:37:48.700,0.57,0.5711,36.0,0.5681,10.0,2659.0,40.0
2021-01-05 09:37:49.670,0.57,0.5711,36.0,0.5681,10.0,2659.0,40.0
2021-01-05 09:37:51.691,0.57,0.5711,20.0,0.5681,30.0,2659.0,40.0
2021-01-05 09:37:52.191,0.57,0.5711,20.0,0.5681,30.0,2659.0,40.0
2021-01-05 09:37:52.660,0.57,0.5718,1.0,0.5681,30.0,2659.0,40.0
2021-01-05 09:37:53.161,0.57,0.5719,20.0,0.5681,30.0,2659.0,40.0
2021-01-05 09:37:53.620,0.57,0.5719,20.0,0.5681,30.0,2659.0,40.0
2021-01-05 09:37:54.170,0.57,0.5719,20.0,0.5681,30.0,2659.0,40.0
2021-01-05 09:37:56.121,0.57,0.5719,20.0,0.5681,30.0,2659.0,40.0
2021-01-05 09:37:56.611,0.57,0.5719,20.0,0.5681,10.0,2659.0,40.0
2021-01-05 09:37:57.170,0.57,0.571,10.0,0.5673,20.0,2659.0,40.0
2021-01-05 09:37:57.601,0.57,0.571,30.0,0.5672,16.0,2659.0,40.0
2021-01-05 09:37:58.141,0.57,0.571,30.0,0.5672,16.0,2659.0,40.0
2021-01-05 09:37:59.130,0.57,0.571,30.0,0.5672,16.0,2659.0,40.0
2021-01-05 09:37:59.670,0.57,0.571,30.0,0.5672,16.0,2659.0,40.0
2021-01-05 09:38:02.190,0.57,0.571,30.0,0.5672,16.0,2659.0,40.0
2021-01-05 09:38:04.190,0.57,0.571,30.0,0.5672,16.0,2659.0,40.0
2021-01-05 09:38:04.680,0.57,0.571,30.0,0.5672,16.0,2659.0,40.0
2021-01-05 09:38:05.181,0.57,0.571,30.0,0.5672,16.0,2659.0,40.0
2021-01-05 09:38:05.681,0.57,0.571,30.0,0.5672,16.0,2659.0,40.0
2021-01-05 09:38:06.691,0.57,0.571,30.0,0.568,16.0,2659.0,40.0
2021-01-05 09:38:07.200,0.57,0.571,30.0,0.568,36.0,2659.0,40.0
2021-01-05 09:38:07.590,0.57,0.5718,1.0,0.5683,10.0,2659.0,40.0
2021-01-05 09:38:08.011,0.57,0.5722,16.0,0.5683,30.0,2659.0,40.0
2021-01-05 09:38:09.160,0.57,0.5723,20.0,0.569,16.0,2659.0,40.0
2021-01-05 09:38:09.611,0.57,0.5723,20.0,0.569,16.0,2659.0,40.0
2021-01-05 09:38:10.180,0.57,0.5732,36.0,0.569,36.0,2659.0,40.0
2021-01-05 09:38:10.670,0.57,0.5732,36.0,0.569,36.0,2659.0,40.0
2021-01-05 09:38:11.141,0.57,0.5732,36.0,0.569,36.0,2659.0,40.0
2021-01-05 09:38:12.191,0.57,0.5732,36.0,0.569,16.0,2659.0,40.0
2021-01-05 09:38:12.691,0.57,0.5732,36.0,0.569,16.0,2659.0,40.0
2021-01-05 09:38:13.110,0.57,0.5732,36.0,0.569,16.0,2659.0,40.0
2021-01-05 09:38:13.690,0.57,0.5732,36.0,0.569,36.0,2659.0,40.0
2021-01-05 09:38:14.141,0.57,0.5732,36.0,0.569,22.0,2659.0,40.0
2021-01-05 09:38:14.691,0.57,0.5732,36.0,0.569,36.0,2659.0,40.0
2021-01-05 09:38:15.150,0.57,0.5741,16.0,0.5699,16.0,2659.0,40.0
2021-01-05 09:38:15.730,0.57,0.5741,16.0,0.5699,36.0,2659.0,40.0
2021-01-05 09:38:16.210,0.57,0.5741,16.0,0.5699,36.0,2659.0,40.0
2021-01-05 09:38:16.731,0.57,0.5741,16.0,0.5699,36.0,2659.0,40.0
2021-01-05 09:38:17.190,0.57,0.5741,16.0,0.5699,36.0,2659.0,40.0
2021-01-05 09:38:18.231,0.57,0.5741,16.0,0.5699,36.0,2659.0,40.0
2021-01-05 09:38:18.660,0.57,0.5741,16.0,0.5699,36.0,2659.0,40.0
2021-01-05 09:38:19.230,0.57,0.5741,16.0,0.5699,46.0,2659.0,40.0
2021-01-05 09:38:19.670,0.57,0.5741,16.0,0.5699,52.0,2659.0,40.0
2021-01-05 09:38:20.231,0.57,0.5741,16.0,0.5699,46.0,2659.0,40.0
2021-01-05 09:38:20.690,0.57,0.5741,16.0,0.5699,52.0,2659.0,40.0
2021-01-05 09:38:21.240,0.57,0.5741,16.0,0.5699,46.0,2659.0,40.0
2021-01-05 09:38:21.670,0.57,0.575,36.0,0.5708,16.0,2659.0,40.0
2021-01-05 09:38:22.210,0.57,0.575,36.0,0.5715,10.0,2659.0,40.0
2021-01-05 09:38:22.661,0.57,0.575,36.0,0.5715,10.0,2659.0,40.0
2021-01-05 09:38:23.201,0.57,0.575,36.0,0.5715,30.0,2659.0,40.0
2021-01-05 09:38:23.681,0.57,0.575,36.0,0.5715,30.0,2659.0,40.0
2021-01-05 09:38:24.141,0.57,0.575,36.0,0.5715,30.0,2659.0,40.0
2021-01-05 09:38:24.690,0.57,0.575,20.0,0.5717,16.0,2659.0,40.0
2021-01-05 09:38:25.101,0.57,0.576,36.0,0.5717,16.0,2659.0,40.0
2021-01-05 09:38:25.700,0.57,0.576,36.0,0.5717,16.0,2659.0,40.0
2021-01-05 09:38:26.100,0.57,0.576,36.0,0.5717,16.0,2659.0,40.0
2021-01-05 09:38:26.601,0.57,0.576,36.0,0.5717,16.0,2659.0,40.0
2021-01-05 09:38:28.171,0.57,0.576,36.0,0.5717,16.0,2659.0,40.0
2021-01-05 09:38:28.680,0.57,0.576,36.0,0.5717,16.0,2659.0,40.0
2021-01-05 09:38:29.191,0.57,0.576,36.0,0.5717,16.0,2659.0,40.0
2021-01-05 09:38:29.621,0.57,0.576,36.0,0.5717,16.0,2659.0,40.0
2021-01-05 09:38:30.670,0.57,0.576,36.0,0.5717,16.0,2659.0,40.0
2021-01-05 09:38:31.181,0.57,0.576,36.0,0.5717,16.0,2659.0,40.0
2021-01-05 09:38:31.700,0.57,0.576,36.0,0.5717,16.0,2659.0,40.0
2021-01-05 09:38:32.171,0.57,0.576,36.0,0.5717,16.0,2659.0,40.0
2021-01-05 09:38:32.701,0.57,0.576,36.0,0.5717,16.0,2659.0,40.0
2021-01-05 09:38:33.191,0.57,0.576,20.0,0.5725,16.0,2659.0,40.0
2021-01-05 09:38:33.700,0.57,0.5769,16.0,0.5725,36.0,2659.0,40.0
2021-01-05 09:38:34.201,0.57,0.577,20.0,0.5734,16.0,2659.0,40.0
2021-01-05 09:38:35.200,0.57,0.5777,16.0,0.5735,30.0,2659.0,40.0
2021-01-05 09:38:35.700,0.57,0.5777,16.0,0.5735,30.0,2659.0,40.0
2021-01-05 09:38:36.180,0.57,0.5777,16.0,0.5735,30.0,2659.0,40.0
2021-01-05 09:38:37.131,0.57,0.5778,20.0,0.5742,16.0,2659.0,40.0
2021-01-05 09:38:37.680,0.57,0.5786,36.0,0.5742,36.0,2659.0,40.0
2021-01-05 09:38:38.161,0.57,0.5786,36.0,0.5742,36.0,2659.0,40.0
2021-01-05 09:38:38.660,0.57,0.5786,36.0,0.5742,36.0,2659.0,40.0
2021-01-05 09:38:39.161,0.57,0.5786,20.0,0.5751,16.0,2659.0,40.0
2021-01-05 09:38:39.661,0.57,0.5795,36.0,0.5751,36.0,2659.0,40.0
2021-01-05 09:38:40.141,0.57,0.5795,36.0,0.5756,10.0,2659.0,40.0
2021-01-05 09:38:40.591,0.57,0.5804,16.0,0.576,16.0,2659.0,40.0
2021-01-05 09:38:41.190,0.57,0.5804,16.0,0.576,36.0,2659.0,40.0
2021-01-05 09:38:41.670,0.57,0.5804,16.0,0.576,36.0,2659.0,40.0
2021-01-05 09:38:42.191,0.57,0.5804,16.0,0.576,36.0,2659.0,40.0
2021-01-05 09:38:42.700,0.57,0.5804,16.0,0.576,36.0,2659.0,40.0
2021-01-05 09:38:43.190,0.57,0.5804,16.0,0.576,36.0,2659.0,40.0
2021-01-05 09:38:43.701,0.57,0.5804,16.0,0.576,36.0,2659.0,40.0
2021-01-05 09:38:44.200,0.57,0.5804,16.0,0.576,36.0,2659.0,40.0
2021-01-05 09:38:44.690,0.57,0.5804,16.0,0.576,36.0,2659.0,40.0
2021-01-05 09:38:45.201,0.57,0.5807,20.0,0.5756,10.0,2659.0,40.0
2021-01-05 09:38:45.580,0.57,0.5795,16.0,0.5756,10.0,2659.0,40.0
2021-01-05 09:38:46.200,0.57,0.5795,36.0,0.5756,10.0,2659.0,40.0
2021-01-05 09:38:46.631,0.57,0.5795,36.0,0.5756,10.0,2659.0,40.0
2021-01-05 09:38:47.140,0.57,0.5795,36.0,0.5756,10.0,2659.0,40.0
2021-01-05 09:38:47.691,0.57,0.5795,36.0,0.5756,10.0,2659.0,40.0
2021-01-05 09:38:48.200,0.57,0.5785,16.0,0.5744,10.0,2659.0,40.0
2021-01-05 09:38:48.650,0.57,0.5785,36.0,0.5741,36.0,2659.0,40.0
2021-01-05 09:38:49.130,0.57,0.5785,36.0,0.5741,36.0,2659.0,40.0
2021-01-05 09:38:49.670,0.57,0.5785,36.0,0.5741,36.0,2659.0,40.0
2021-01-05 09:38:50.110,0.57,0.5785,36.0,0.5741,36.0,2659.0,40.0
2021-01-05 09:38:51.170,0.57,0.5785,36.0,0.5741,36.0,2659.0,40.0
2021-01-05 09:38:51.691,0.57,0.5785,16.0,0.5741,36.0,2659.0,40.0
2021-01-05 09:38:52.150,0.57,0.5794,26.0,0.5752,16.0,2659.0,40.0
2021-01-05 09:38:52.671,0.57,0.5794,26.0,0.5752,16.0,2659.0,40.0
2021-01-05 09:38:53.191,0.57,0.5794,26.0,0.5752,36.0,2659.0,40.0
2021-01-05 09:38:53.620,0.57,0.5794,26.0,0.5752,36.0,2659.0,40.0
2021-01-05 09:38:54.690,0.57,0.5794,16.0,0.5752,46.0,2659.0,40.0
2021-01-05 09:38:55.191,0.57,0.5794,16.0,0.5752,46.0,2659.0,40.0
2021-01-05 09:38:55.700,0.57,0.5803,20.0,0.5761,16.0,2659.0,40.0
2021-01-05 09:38:56.190,0.57,0.5803,20.0,0.5761,36.0,2659.0,40.0
2021-01-05 09:38:57.200,0.57,0.5803,20.0,0.5761,16.0,2659.0,40.0
2021-01-05 09:38:57.640,0.57,0.5803,20.0,0.5761,36.0,2659.0,40.0
2021-01-05 09:38:58.161,0.57,0.5803,20.0,0.5761,36.0,2659.0,40.0
2021-01-05 09:38:58.670,0.57,0.5794,16.0,0.5752,30.0,2659.0,40.0
2021-01-05 09:38:59.060,0.57,0.5794,36.0,0.5752,30.0,2659.0,40.0
2021-01-05 09:38:59.611,0.57,0.5794,36.0,0.5752,30.0,2659.0,40.0
2021-01-05 09:39:00.660,0.57,0.5794,36.0,0.5752,30.0,2659.0,40.0
2021-01-05 09:39:01.160,0.57,0.5794,36.0,0.5752,30.0,2659.0,40.0
2021-01-05 09:39:02.201,0.57,0.5794,36.0,0.5752,30.0,2659.0,40.0
2021-01-05 09:39:02.660,0.57,0.5794,36.0,0.5752,30.0,2659.0,40.0
2021-01-05 09:39:03.150,0.57,0.5794,36.0,0.5752,30.0,2659.0,40.0
2021-01-05 09:39:04.161,0.57,0.5794,36.0,0.5752,10.0,2659.0,40.0
2021-01-05 09:39:04.610,0.57,0.5794,36.0,0.5752,10.0,2659.0,40.0
2021-01-05 09:39:05.211,0.57,0.5794,36.0,0.5752,10.0,2659.0,40.0
2021-01-05 09:39:06.650,0.57,0.5794,46.0,0.5751,16.0,2659.0,40.0
2021-01-05 09:39:07.200,0.57,0.5794,46.0,0.5751,16.0,2659.0,40.0
2021-01-05 09:39:07.680,0.57,0.5794,46.0,0.5751,36.0,2659.0,40.0
2021-01-05 09:39:08.131,0.57,0.5794,46.0,0.5751,36.0,2659.0,40.0
2021-01-05 09:39:08.690,0.57,0.5794,46.0,0.5751,36.0,2659.0,40.0
2021-01-05 09:39:09.161,0.57,0.5794,46.0,0.5751,36.0,2659.0,40.0
2021-01-05 09:39:09.601,0.57,0.5794,46.0,0.5751,36.0,2659.0,40.0
2021-01-05 09:39:10.191,0.57,0.5794,46.0,0.5751,36.0,2659.0,40.0
2021-01-05 09:39:10.721,0.57,0.5794,46.0,0.5751,36.0,2659.0,40.0
2021-01-05 09:39:11.201,0.57,0.5794,36.0,0.5755,10.0,2659.0,40.0
2021-01-05 09:39:11.701,0.57,0.5794,36.0,0.5755,10.0,2659.0,40.0
2021-01-05 09:39:12.220,0.57,0.5794,36.0,0.5755,10.0,2659.0,40.0
2021-01-05 09:39:12.690,0.57,0.5794,36.0,0.5755,10.0,2659.0,40.0
2021-01-05 09:39:13.720,0.57,0.5794,36.0,0.5755,10.0,2659.0,40.0
2021-01-05 09:39:14.160,0.57,0.5794,36.0,0.5755,10.0,2659.0,40.0
2021-01-05 09:39:15.720,0.57,0.5802,16.0,0.5759,36.0,2659.0,40.0
2021-01-05 09:39:16.121,0.57,0.5802,16.0,0.5759,36.0,2659.0,40.0
2021-01-05 09:39:16.721,0.57,0.5802,16.0,0.5759,36.0,2659.0,40.0
2021-01-05 09:39:17.191,0.57,0.5802,16.0,0.5759,36.0,2659.0,40.0
2021-01-05 09:39:17.650,0.57,0.5802,16.0,0.5759,36.0,2659.0,40.0
2021-01-05 09:39:18.221,0.57,0.5802,16.0,0.5759,36.0,2659.0,40.0
2021-01-05 09:39:19.710,0.57,0.5802,16.0,0.5759,36.0,2659.0,40.0
2021-01-05 09:39:20.221,0.57,0.5802,16.0,0.5759,36.0,2659.0,40.0
2021-01-05 09:39:20.741,0.57,0.5802,16.0,0.5759,36.0,2659.0,40.0
2021-01-05 09:39:21.231,0.57,0.5802,16.0,0.5759,36.0,2659.0,40.0
2021-01-05 09:39:21.671,0.57,0.5802,16.0,0.5759,36.0,2659.0,40.0
2021-01-05 09:39:22.651,0.57,0.5802,16.0,0.5775,10.0,2659.0,40.0
2021-01-05 09:39:23.200,0.57,0.5802,16.0,0.5775,10.0,2659.0,40.0
2021-01-05 09:39:23.700,0.57,0.5802,16.0,0.5775,10.0,2659.0,40.0
2021-01-05 09:39:24.151,0.57,0.5802,16.0,0.5775,10.0,2659.0,40.0
2021-01-05 09:39:25.700,0.57,0.5802,16.0,0.5775,10.0,2659.0,40.0
2021-01-05 09:39:26.130,0.57,0.5802,16.0,0.5775,10.0,2659.0,40.0
2021-01-05 09:39:27.210,0.57,0.5802,16.0,0.5775,10.0,2659.0,40.0
2021-01-05 09:39:27.711,0.57,0.5802,16.0,0.5775,10.0,2659.0,40.0
2021-01-05 09:39:29.231,0.57,0.5802,16.0,0.5775,10.0,2659.0,40.0
2021-01-05 09:39:29.721,0.57,0.5802,16.0,0.5775,10.0,2659.0,40.0
2021-01-05 09:39:30.220,0.57,0.5802,16.0,0.5759,36.0,2659.0,40.0
2021-01-05 09:39:30.721,0.57,0.5802,16.0,0.5759,36.0,2659.0,40.0
2021-01-05 09:39:31.121,0.57,0.5802,16.0,0.5759,36.0,2659.0,40.0
2021-01-05 09:39:31.701,0.57,0.5802,16.0,0.5759,36.0,2659.0,40.0
2021-01-05 09:39:32.700,0.57,0.5802,16.0,0.5759,36.0,2659.0,40.0
2021-01-05 09:39:34.210,0.57,0.5802,16.0,0.5759,36.0,2659.0,40.0
2021-01-05 09:39:34.681,0.57,0.5802,16.0,0.5759,36.0,2659.0,40.0
2021-01-05 09:39:36.231,0.57,0.5802,16.0,0.5759,36.0,2659.0,40.0
2021-01-05 09:39:37.221,0.57,0.5802,16.0,0.5759,36.0,2659.0,40.0
2021-01-05 09:39:39.241,0.57,0.5801,10.0,0.5759,36.0,2659.0,40.0
2021-01-05 09:39:41.220,0.57,0.5801,10.0,0.5759,16.0,2659.0,40.0
2021-01-05 09:39:41.750,0.57,0.5802,16.0,0.5759,16.0,2659.0,40.0
2021-01-05 09:39:42.210,0.57,0.5802,16.0,0.5759,16.0,2659.0,40.0
2021-01-05 09:39:42.740,0.57,0.5794,16.0,0.5758,10.0,2659.0,40.0
2021-01-05 09:39:43.191,0.57,0.5794,36.0,0.5758,10.0,2659.0,40.0
2021-01-05 09:39:43.570,0.57,0.579,10.0,0.5752,16.0,2659.0,40.0
2021-01-05 09:39:44.680,0.57,0.579,10.0,0.5752,16.0,2659.0,40.0
2021-01-05 09:39:45.251,0.57,0.579,10.0,0.5752,16.0,2659.0,40.0
2021-01-05 09:39:45.750,0.57,0.5794,36.0,0.5752,16.0,2659.0,40.0
2021-01-05 09:39:46.190,0.57,0.5794,36.0,0.5752,16.0,2659.0,40.0
2021-01-05 09:39:46.711,0.57,0.5801,1.0,0.5761,16.0,2659.0,40.0
2021-01-05 09:39:47.250,0.57,0.5803,20.0,0.5761,16.0,2659.0,40.0
2021-01-05 09:39:47.731,0.57,0.5803,20.0,0.5761,16.0,2659.0,40.0
2021-01-05 09:39:48.221,0.57,0.5803,20.0,0.5761,16.0,2659.0,40.0
2021-01-05 09:39:48.720,0.57,0.5803,20.0,0.5761,16.0,2659.0,40.0
2021-01-05 09:39:49.241,0.57,0.5803,20.0,0.5761,16.0,2659.0,40.0
2021-01-05 09:39:49.711,0.57,0.5803,20.0,0.5761,16.0,2659.0,40.0
2021-01-05 09:39:50.180,0.57,0.5803,20.0,0.5761,16.0,2659.0,40.0
2021-01-05 09:39:50.710,0.57,0.5803,20.0,0.5761,36.0,2659.0,40.0
2021-01-05 09:39:51.241,0.57,0.5806,10.0,0.5772,16.0,2659.0,40.0
2021-01-05 09:39:51.730,0.57,0.5806,10.0,0.5772,16.0,2659.0,40.0
2021-01-05 09:39:52.251,0.57,0.5806,10.0,0.5772,16.0,2659.0,40.0
2021-01-05 09:39:53.181,0.57,0.5806,10.0,0.5772,16.0,2659.0,40.0
2021-01-05 09:39:53.630,0.57,0.5806,10.0,0.5765,16.0,2659.0,40.0
2021-01-05 09:39:54.191,0.57,0.5806,10.0,0.5765,16.0,2659.0,40.0
2021-01-05 09:39:55.181,0.57,0.5806,10.0,0.5765,16.0,2659.0,40.0
2021-01-05 09:39:55.640,0.57,0.5806,10.0,0.5765,16.0,2659.0,40.0
2021-01-05 09:39:56.120,0.57,0.5806,10.0,0.5775,16.0,2659.0,40.0
2021-01-05 09:39:56.691,0.57,0.5806,10.0,0.5775,16.0,2659.0,40.0
2021-01-05 09:39:56.841,0.57,0.5806,10.0,0.5775,16.0,2659.0,40.0
2021-01-05 09:39:57.580,0.57,0.5808,20.0,0.5775,16.0,2659.0,40.0
2021-01-05 09:39:58.201,0.57,0.5808,20.0,0.5767,10.0,2659.0,40.0
2021-01-05 09:39:58.600,0.57,0.5808,20.0,0.5766,16.0,2659.0,40.0
2021-01-05 09:39:59.061,0.57,0.5808,20.0,0.5766,16.0,2659.0,40.0
2021-01-05 09:40:00.631,0.57,0.5808,20.0,0.5766,16.0,2659.0,40.0
2021-01-05 09:40:01.201,0.57,0.5808,20.0,0.5766,16.0,2659.0,40.0
2021-01-05 09:40:01.570,0.57,0.5808,20.0,0.5766,16.0,2659.0,40.0
2021-01-05 09:40:02.200,0.57,0.579,10.0,0.5761,20.0,2659.0,40.0
2021-01-05 09:40:02.671,0.57,0.579,10.0,0.5759,10.0,2659.0,40.0
2021-01-05 09:40:03.171,0.57,0.579,10.0,0.5758,16.0,2659.0,40.0
2021-01-05 09:40:03.691,0.57,0.579,10.0,0.5758,16.0,2659.0,40.0
2021-01-05 09:40:04.160,0.57,0.579,10.0,0.5758,16.0,2659.0,40.0
2021-01-05 09:40:04.700,0.57,0.579,10.0,0.5758,16.0,2659.0,40.0
2021-01-05 09:40:05.701,0.57,0.579,10.0,0.5758,16.0,2659.0,40.0
2021-01-05 09:40:06.200,0.57,0.579,10.0,0.5758,16.0,2659.0,40.0
2021-01-05 09:40:06.701,0.57,0.579,10.0,0.5758,36.0,2659.0,40.0
2021-01-05 09:40:08.200,0.57,0.579,10.0,0.5758,20.0,2659.0,40.0
2021-01-05 09:40:08.690,0.57,0.579,10.0,0.575,20.0,2659.0,40.0
2021-01-05 09:40:09.191,0.57,0.5792,16.0,0.575,20.0,2659.0,40.0
2021-01-05 09:40:09.441,0.57,0.5792,16.0,0.575,20.0,2659.0,40.0
2021-01-05 09:40:10.150,0.57,0.5792,16.0,0.575,20.0,2659.0,40.0
2021-01-05 09:40:10.680,0.57,0.5792,16.0,0.575,25.0,2659.0,40.0
2021-01-05 09:40:11.170,0.57,0.5792,16.0,0.575,25.0,2659.0,40.0
2021-01-05 09:40:11.671,0.57,0.5792,16.0,0.575,25.0,2659.0,40.0
2021-01-05 09:40:12.190,0.57,0.5792,16.0,0.575,25.0,2659.0,40.0
2021-01-05 09:40:12.680,0.57,0.5783,16.0,0.575,20.0,2659.0,40.0
2021-01-05 09:40:13.170,0.57,0.5783,36.0,0.5741,30.0,2659.0,40.0
2021-01-05 09:40:13.431,0.57,0.5783,36.0,0.5741,30.0,2659.0,40.0
2021-01-05 09:40:14.150,0.57,0.5783,36.0,0.5741,20.0,2659.0,40.0
2021-01-05 09:40:14.701,0.57,0.5783,36.0,0.5741,20.0,2659.0,40.0
2021-01-05 09:40:16.610,0.57,0.5773,10.0,0.5741,25.0,2659.0,40.0
2021-01-05 09:40:17.191,0.57,0.5773,30.0,0.5741,20.0,2659.0,40.0
2021-01-05 09:40:17.621,0.57,0.5773,30.0,0.5732,46.0,2659.0,40.0
2021-01-05 09:40:17.661,0.57,0.5773,30.0,0.5732,56.0,2659.0,40.0
2021-01-05 09:40:18.301,0.57,0.5773,30.0,0.5732,62.0,2659.0,40.0
2021-01-05 09:40:19.711,0.57,0.5773,30.0,0.5732,56.0,2659.0,40.0
2021-01-05 09:40:20.191,0.57,0.5773,10.0,0.5732,56.0,2659.0,40.0
2021-01-05 09:40:20.691,0.57,0.5773,10.0,0.5742,16.0,2659.0,40.0
2021-01-05 09:40:21.200,0.57,0.5783,20.0,0.575,10.0,2659.0,40.0
2021-01-05 09:40:21.701,0.57,0.5783,20.0,0.575,30.0,2659.0,40.0
2021-01-05 09:40:22.650,0.57,0.5783,20.0,0.575,30.0,2659.0,40.0
2021-01-05 09:40:23.200,0.57,0.5783,20.0,0.575,40.0,2659.0,40.0
2021-01-05 09:40:23.701,0.57,0.5783,20.0,0.575,56.0,2659.0,40.0
2021-01-05 09:40:24.160,0.57,0.5783,20.0,0.575,56.0,2659.0,40.0
2021-01-05 09:40:24.370,0.57,0.5791,30.0,0.575,56.0,2659.0,40.0
2021-01-05 09:40:25.121,0.57,0.5791,30.0,0.575,56.0,2659.0,40.0
2021-01-05 09:40:25.570,0.57,0.5791,30.0,0.575,56.0,2659.0,40.0
2021-01-05 09:40:26.181,0.57,0.5791,30.0,0.575,56.0,2659.0,40.0
2021-01-05 09:40:26.650,0.57,0.5791,30.0,0.575,56.0,2659.0,40.0
2021-01-05 09:40:27.140,0.57,0.5791,30.0,0.575,62.0,2659.0,40.0
2021-01-05 09:40:27.701,0.57,0.5791,30.0,0.575,56.0,2659.0,40.0
2021-01-05 09:40:28.200,0.57,0.5791,30.0,0.575,56.0,2659.0,40.0
2021-01-05 09:40:28.690,0.57,0.5791,30.0,0.575,56.0,2659.0,40.0
2021-01-05 09:40:29.170,0.57,0.5791,30.0,0.575,56.0,2659.0,40.0
2021-01-05 09:40:30.160,0.57,0.5791,30.0,0.575,56.0,2659.0,40.0
2021-01-05 09:40:30.700,0.57,0.5791,30.0,0.575,56.0,2659.0,40.0
2021-01-05 09:40:31.101,0.57,0.5791,30.0,0.575,62.0,2659.0,40.0
2021-01-05 09:40:31.631,0.57,0.5791,30.0,0.575,56.0,2659.0,40.0
2021-01-05 09:40:32.611,0.57,0.5791,30.0,0.575,56.0,2659.0,40.0
2021-01-05 09:40:33.191,0.57,0.5791,30.0,0.575,51.0,2659.0,40.0
2021-01-05 09:40:33.681,0.57,0.5791,30.0,0.575,46.0,2659.0,40.0
2021-01-05 09:40:35.681,0.57,0.5791,30.0,0.575,51.0,2659.0,40.0
2021-01-05 09:40:36.161,0.57,0.5791,30.0,0.575,51.0,2659.0,40.0
2021-01-05 09:40:36.620,0.57,0.5791,30.0,0.575,51.0,2659.0,40.0
2021-01-05 09:40:37.700,0.57,0.5791,30.0,0.575,62.0,2659.0,40.0
2021-01-05 09:40:38.130,0.57,0.5791,30.0,0.575,56.0,2659.0,40.0
2021-01-05 09:40:39.681,0.57,0.5791,30.0,0.575,51.0,2659.0,40.0
2021-01-05 09:40:40.151,0.57,0.5791,30.0,0.575,51.0,2659.0,40.0
2021-01-05 09:40:40.670,0.57,0.5791,30.0,0.575,46.0,2659.0,40.0
2021-01-05 09:40:41.191,0.57,0.5785,16.0,0.575,30.0,2659.0,40.0
2021-01-05 09:40:41.640,0.57,0.5785,16.0,0.575,30.0,2659.0,40.0
2021-01-05 09:40:42.180,0.57,0.5785,16.0,0.575,30.0,2659.0,40.0
2021-01-05 09:40:44.180,0.57,0.5785,16.0,0.575,30.0,2659.0,40.0
2021-01-05 09:40:44.610,0.57,0.5785,16.0,0.575,30.0,2659.0,40.0
2021-01-05 09:40:48.700,0.57,0.5777,10.0,0.575,20.0,2659.0,40.0
2021-01-05 09:40:49.111,0.57,0.5777,10.0,0.575,20.0,2659.0,40.0
2021-01-05 09:40:49.640,0.57,0.5777,10.0,0.575,20.0,2659.0,40.0
2021-01-05 09:40:50.181,0.57,0.5777,10.0,0.575,20.0,2659.0,40.0
2021-01-05 09:40:51.601,0.57,0.5777,10.0,0.575,20.0,2659.0,40.0
2021-01-05 09:40:53.651,0.57,0.5777,10.0,0.575,20.0,2659.0,40.0
2021-01-05 09:40:54.661,0.57,0.5777,10.0,0.575,20.0,2659.0,40.0
2021-01-05 09:40:55.111,0.57,0.5777,10.0,0.575,20.0,2659.0,40.0
2021-01-05 09:40:56.121,0.57,0.5777,10.0,0.575,20.0,2659.0,40.0
2021-01-05 09:40:56.711,0.57,0.5778,20.0,0.575,20.0,2659.0,40.0
2021-01-05 09:40:57.710,0.57,0.5785,16.0,0.575,20.0,2659.0,40.0
2021-01-05 09:40:58.721,0.57,0.5785,16.0,0.575,20.0,2659.0,40.0
2021-01-05 09:40:58.980,0.57,0.5785,16.0,0.575,20.0,2659.0,40.0
2021-01-05 09:40:59.721,0.57,0.5785,16.0,0.575,20.0,2659.0,40.0
2021-01-05 09:41:01.041,0.57,0.5785,16.0,0.575,20.0,2659.0,40.0
2021-01-05 09:41:01.650,0.57,0.5785,16.0,0.575,20.0,2659.0,40.0
2021-01-05 09:41:02.661,0.57,0.5785,16.0,0.575,20.0,2659.0,40.0
2021-01-05 09:41:03.110,0.57,0.5785,16.0,0.575,20.0,2659.0,40.0
2021-01-05 09:41:04.180,0.57,0.5785,16.0,0.575,20.0,2659.0,40.0
2021-01-05 09:41:04.680,0.57,0.5785,16.0,0.575,20.0,2659.0,40.0
2021-01-05 09:41:05.220,0.57,0.5785,16.0,0.575,20.0,2659.0,40.0
2021-01-05 09:41:07.100,0.57,0.5785,16.0,0.575,25.0,2659.0,40.0
2021-01-05 09:41:08.201,0.57,0.5791,20.0,0.5751,16.0,2659.0,40.0
2021-01-05 09:41:08.701,0.57,0.5791,20.0,0.5751,16.0,2659.0,40.0
2021-01-05 09:41:09.650,0.57,0.5791,20.0,0.5751,16.0,2659.0,40.0
2021-01-05 09:41:10.220,0.57,0.5791,20.0,0.5751,16.0,2659.0,40.0
2021-01-05 09:41:10.710,0.57,0.5791,20.0,0.5751,16.0,2659.0,40.0
2021-01-05 09:41:11.711,0.57,0.5791,20.0,0.5751,16.0,2659.0,40.0
2021-01-05 09:41:12.710,0.57,0.5791,20.0,0.5751,16.0,2659.0,40.0
2021-01-05 09:41:13.161,0.57,0.5791,20.0,0.5751,16.0,2659.0,40.0
2021-01-05 09:41:13.711,0.57,0.5791,20.0,0.5751,16.0,2659.0,40.0
2021-01-05 09:41:14.160,0.57,0.5794,16.0,0.5751,16.0,2659.0,40.0
2021-01-05 09:41:14.671,0.57,0.5794,16.0,0.5751,16.0,2659.0,40.0
2021-01-05 09:41:15.180,0.57,0.5794,16.0,0.5751,16.0,2659.0,40.0
2021-01-05 09:41:16.210,0.57,0.5794,16.0,0.5751,16.0,2659.0,40.0
2021-01-05 09:41:18.200,0.57,0.5794,16.0,0.5751,16.0,2659.0,40.0
2021-01-05 09:41:18.600,0.57,0.5794,16.0,0.5751,16.0,2659.0,40.0
2021-01-05 09:41:19.161,0.57,0.5794,16.0,0.5751,16.0,2659.0,40.0
2021-01-05 09:41:19.601,0.57,0.5794,16.0,0.5751,16.0,2659.0,40.0
2021-01-05 09:41:20.070,0.57,0.5794,16.0,0.5751,16.0,2659.0,40.0
2021-01-05 09:41:22.190,0.57,0.5794,16.0,0.5751,16.0,2659.0,40.0
2021-01-05 09:41:22.700,0.57,0.5794,16.0,0.576,10.0,2659.0,40.0
2021-01-05 09:41:23.610,0.57,0.5794,16.0,0.576,10.0,2659.0,40.0
2021-01-05 09:41:24.171,0.57,0.5794,16.0,0.576,10.0,2659.0,40.0
2021-01-05 09:41:24.651,0.57,0.5794,36.0,0.576,30.0,2659.0,40.0
2021-01-05 09:41:25.120,0.57,0.5794,16.0,0.576,10.0,2659.0,40.0
2021-01-05 09:41:25.641,0.57,0.5794,16.0,0.576,30.0,2659.0,40.0
2021-01-05 09:41:26.190,0.57,0.5794,16.0,0.576,10.0,2659.0,40.0
2021-01-05 09:41:26.670,0.57,0.5794,16.0,0.576,30.0,2659.0,40.0
2021-01-05 09:41:27.131,0.57,0.5794,16.0,0.576,30.0,2659.0,40.0
2021-01-05 09:41:27.710,0.57,0.5794,16.0,0.576,30.0,2659.0,40.0
2021-01-05 09:41:28.171,0.57,0.5794,16.0,0.576,20.0,2659.0,40.0
2021-01-05 09:41:28.540,0.57,0.5794,16.0,0.576,20.0,2659.0,40.0
2021-01-05 09:41:29.010,0.57,0.5794,16.0,0.5753,20.0,2659.0,40.0
2021-01-05 09:41:30.180,0.57,0.5794,16.0,0.5753,20.0,2659.0,40.0
2021-01-05 09:41:30.711,0.57,0.5802,16.0,0.576,16.0,2659.0,40.0
2021-01-05 09:41:31.700,0.57,0.5802,16.0,0.576,36.0,2659.0,40.0
2021-01-05 09:41:32.670,0.57,0.5802,16.0,0.576,36.0,2659.0,40.0
2021-01-05 09:41:33.171,0.57,0.5802,16.0,0.576,36.0,2659.0,40.0
2021-01-05 09:41:33.680,0.57,0.5802,16.0,0.576,36.0,2659.0,40.0
2021-01-05 09:41:34.120,0.57,0.5802,16.0,0.576,36.0,2659.0,40.0
2021-01-05 09:41:35.221,0.57,0.5802,16.0,0.576,36.0,2659.0,40.0
2021-01-05 09:41:35.721,0.57,0.5802,16.0,0.576,36.0,2659.0,40.0
2021-01-05 09:41:36.070,0.57,0.5802,16.0,0.576,36.0,2659.0,40.0
2021-01-05 09:41:36.720,0.57,0.5802,16.0,0.576,36.0,2659.0,40.0
2021-01-05 09:41:37.210,0.57,0.5802,16.0,0.576,36.0,2659.0,40.0
2021-01-05 09:41:37.711,0.57,0.581,30.0,0.5776,10.0,2659.0,40.0
2021-01-05 09:41:38.220,0.57,0.581,20.0,0.5776,30.0,2659.0,40.0
2021-01-05 09:41:38.650,0.57,0.581,20.0,0.5776,30.0,2659.0,40.0
2021-01-05 09:41:41.130,0.57,0.581,20.0,0.5776,30.0,2659.0,40.0
2021-01-05 09:41:41.730,0.57,0.5805,16.0,0.5776,30.0,2659.0,40.0
2021-01-05 09:41:42.690,0.57,0.5802,10.0,0.5762,16.0,2659.0,40.0
2021-01-05 09:41:43.080,0.57,0.5802,30.0,0.5762,16.0,2659.0,40.0
2021-01-05 09:41:45.190,0.57,0.5802,30.0,0.5762,16.0,2659.0,40.0
2021-01-05 09:41:45.701,0.57,0.5802,30.0,0.5762,16.0,2659.0,40.0
2021-01-05 09:41:46.661,0.57,0.5802,30.0,0.5762,16.0,2659.0,40.0
2021-01-05 09:41:47.201,0.57,0.5802,20.0,0.5762,16.0,2659.0,40.0
2021-01-05 09:41:48.181,0.57,0.5805,16.0,0.5762,16.0,2659.0,40.0
2021-01-05 09:41:48.740,0.57,0.5805,16.0,0.5762,16.0,2659.0,40.0
2021-01-05 09:41:49.191,0.57,0.5805,16.0,0.5762,16.0,2659.0,40.0
2021-01-05 09:41:49.750,0.57,0.5805,16.0,0.5762,16.0,2659.0,40.0
2021-01-05 09:41:50.231,0.57,0.581,20.0,0.5772,16.0,2659.0,40.0
2021-01-05 09:41:51.251,0.57,0.581,20.0,0.5772,36.0,2659.0,40.0
2021-01-05 09:41:51.760,0.57,0.581,20.0,0.5772,36.0,2659.0,40.0
2021-01-05 09:41:52.261,0.57,0.581,20.0,0.5772,36.0,2659.0,40.0
2021-01-05 09:41:52.690,0.57,0.581,20.0,0.5772,36.0,2659.0,40.0
2021-01-05 09:41:53.201,0.57,0.581,20.0,0.5772,36.0,2659.0,40.0
2021-01-05 09:41:53.681,0.57,0.5815,16.0,0.5772,36.0,2659.0,40.0
2021-01-05 09:41:55.160,0.57,0.5817,20.0,0.578,16.0,2659.0,40.0
2021-01-05 09:41:55.671,0.57,0.5817,20.0,0.578,16.0,2659.0,40.0
2021-01-05 09:41:56.151,0.57,0.5817,20.0,0.578,36.0,2659.0,40.0
2021-01-05 09:41:56.670,0.57,0.5817,20.0,0.578,36.0,2659.0,40.0
2021-01-05 09:41:57.110,0.57,0.5819,10.0,0.578,36.0,2659.0,40.0
2021-01-05 09:41:57.640,0.57,0.5819,10.0,0.578,36.0,2659.0,40.0
2021-01-05 09:41:58.140,0.57,0.5819,10.0,0.578,36.0,2659.0,40.0
2021-01-05 09:41:58.660,0.57,0.5819,10.0,0.578,36.0,2659.0,40.0
2021-01-05 09:41:59.131,0.57,0.5819,10.0,0.578,36.0,2659.0,40.0
2021-01-05 09:41:59.700,0.57,0.5819,10.0,0.578,36.0,2659.0,40.0
2021-01-05 09:42:00.151,0.57,0.5819,10.0,0.578,36.0,2659.0,40.0
2021-01-05 09:42:00.701,0.57,0.5819,10.0,0.578,36.0,2659.0,40.0
2021-01-05 09:42:01.181,0.57,0.5819,10.0,0.578,36.0,2659.0,40.0
2021-01-05 09:42:01.651,0.57,0.5819,10.0,0.578,36.0,2659.0,40.0
2021-01-05 09:42:02.201,0.57,0.5819,10.0,0.578,36.0,2659.0,40.0
2021-01-05 09:42:02.710,0.57,0.5819,10.0,0.578,36.0,2659.0,40.0
2021-01-05 09:42:03.161,0.57,0.5819,10.0,0.578,36.0,2659.0,40.0
2021-01-05 09:42:04.641,0.57,0.5819,10.0,0.578,36.0,2659.0,40.0
2021-01-05 09:42:05.211,0.57,0.5819,10.0,0.578,36.0,2659.0,40.0
2021-01-05 09:42:06.181,0.57,0.5819,10.0,0.578,36.0,2659.0,40.0
2021-01-05 09:42:06.690,0.57,0.5819,10.0,0.578,36.0,2659.0,40.0
2021-01-05 09:42:07.230,0.57,0.5819,10.0,0.578,36.0,2659.0,40.0
2021-01-05 09:42:08.721,0.57,0.5819,10.0,0.578,36.0,2659.0,40.0
2021-01-05 09:42:09.230,0.57,0.5819,10.0,0.578,36.0,2659.0,40.0
2021-01-05 09:42:09.551,0.57,0.5821,20.0,0.579,10.0,2659.0,40.0
2021-01-05 09:42:10.200,0.57,0.5821,20.0,0.579,30.0,2659.0,40.0
2021-01-05 09:42:11.211,0.57,0.5831,30.0,0.579,46.0,2659.0,40.0
2021-01-05 09:42:11.720,0.57,0.5831,30.0,0.579,46.0,2659.0,40.0
2021-01-05 09:42:12.210,0.57,0.5831,20.0,0.579,46.0,2659.0,40.0
2021-01-05 09:42:12.721,0.57,0.5831,20.0,0.579,46.0,2659.0,40.0
2021-01-05 09:42:13.211,0.57,0.5831,20.0,0.579,46.0,2659.0,40.0
2021-01-05 09:42:13.731,0.57,0.5831,20.0,0.579,36.0,2659.0,40.0
2021-01-05 09:42:15.170,0.57,0.5831,20.0,0.579,36.0,2659.0,40.0
2021-01-05 09:42:16.181,0.57,0.5831,20.0,0.579,36.0,2659.0,40.0
2021-01-05 09:42:16.701,0.57,0.5831,20.0,0.579,36.0,2659.0,40.0
2021-01-05 09:42:17.241,0.57,0.5831,20.0,0.579,36.0,2659.0,40.0
2021-01-05 09:42:17.681,0.57,0.5831,20.0,0.579,36.0,2659.0,40.0
2021-01-05 09:42:18.100,0.57,0.5831,20.0,0.579,36.0,2659.0,40.0
2021-01-05 09:42:18.701,0.57,0.5831,20.0,0.579,36.0,2659.0,40.0
2021-01-05 09:42:19.210,0.57,0.5825,10.0,0.579,36.0,2659.0,40.0
2021-01-05 09:42:20.150,0.57,0.5825,10.0,0.579,36.0,2659.0,40.0
2021-01-05 09:42:21.621,0.57,0.5825,10.0,0.579,36.0,2659.0,40.0
2021-01-05 09:42:22.221,0.57,0.5825,10.0,0.579,36.0,2659.0,40.0
2021-01-05 09:42:23.631,0.57,0.5825,10.0,0.579,36.0,2659.0,40.0
2021-01-05 09:42:24.151,0.57,0.5825,10.0,0.579,36.0,2659.0,40.0
2021-01-05 09:42:24.670,0.57,0.5831,20.0,0.579,36.0,2659.0,40.0
2021-01-05 09:42:25.621,0.57,0.5831,20.0,0.579,36.0,2659.0,40.0
2021-01-05 09:42:26.130,0.57,0.5831,20.0,0.579,36.0,2659.0,40.0
2021-01-05 09:42:27.171,0.57,0.5831,20.0,0.579,36.0,2659.0,40.0
2021-01-05 09:42:29.720,0.57,0.5831,20.0,0.579,36.0,2659.0,40.0
2021-01-05 09:42:30.710,0.57,0.5831,20.0,0.579,36.0,2659.0,40.0
2021-01-05 09:42:31.200,0.57,0.5831,20.0,0.579,36.0,2659.0,40.0
2021-01-05 09:42:32.721,0.57,0.5831,20.0,0.5803,10.0,2659.0,40.0
2021-01-05 09:42:33.720,0.57,0.5831,20.0,0.5803,10.0,2659.0,40.0
2021-01-05 09:42:34.210,0.57,0.5831,20.0,0.5803,10.0,2659.0,40.0
2021-01-05 09:42:36.650,0.57,0.5831,20.0,0.5803,10.0,2659.0,40.0
2021-01-05 09:42:37.251,0.57,0.5831,20.0,0.5803,10.0,2659.0,40.0
2021-01-05 09:42:40.221,0.57,0.5831,20.0,0.5803,10.0,2659.0,40.0
2021-01-05 09:42:41.731,0.57,0.5831,20.0,0.5803,10.0,2659.0,40.0
2021-01-05 09:42:42.250,0.57,0.5838,20.0,0.5803,10.0,2659.0,40.0
2021-01-05 09:42:42.711,0.57,0.5838,20.0,0.5803,10.0,2659.0,40.0
2021-01-05 09:42:43.251,0.57,0.5838,20.0,0.5803,10.0,2659.0,40.0
2021-01-05 09:42:43.741,0.57,0.5838,20.0,0.5803,10.0,2659.0,40.0
2021-01-05 09:42:44.211,0.57,0.5838,20.0,0.5803,10.0,2659.0,40.0
2021-01-05 09:42:44.751,0.57,0.5838,20.0,0.5803,10.0,2659.0,40.0
2021-01-05 09:42:45.191,0.57,0.5838,20.0,0.5803,10.0,2659.0,40.0
2021-01-05 09:42:46.240,0.57,0.5838,20.0,0.5803,10.0,2659.0,40.0
2021-01-05 09:42:46.741,0.57,0.5838,20.0,0.5802,20.0,2659.0,40.0
2021-01-05 09:42:48.171,0.57,0.5838,20.0,0.5802,20.0,2659.0,40.0
2021-01-05 09:42:48.720,0.57,0.5838,20.0,0.5802,20.0,2659.0,40.0
2021-01-05 09:42:49.750,0.57,0.5838,20.0,0.5802,20.0,2659.0,40.0
2021-01-05 09:42:51.060,0.57,0.5838,20.0,0.5802,20.0,2659.0,40.0
2021-01-05 09:42:53.640,0.57,0.5838,20.0,0.5802,20.0,2659.0,40.0
2021-01-05 09:42:55.190,0.57,0.5838,20.0,0.5802,20.0,2659.0,40.0
2021-01-05 09:42:55.701,0.57,0.5838,20.0,0.5802,20.0,2659.0,40.0
2021-01-05 09:42:56.191,0.57,0.5838,20.0,0.5802,20.0,2659.0,40.0
2021-01-05 09:42:58.220,0.57,0.5838,20.0,0.5802,20.0,2659.0,40.0
2021-01-05 09:42:58.731,0.57,0.5838,20.0,0.5802,20.0,2659.0,40.0
2021-01-05 09:42:59.230,0.57,0.5838,20.0,0.5802,20.0,2659.0,40.0
2021-01-05 09:42:59.730,0.57,0.5838,20.0,0.5802,20.0,2659.0,40.0
2021-01-05 09:43:00.200,0.57,0.5838,20.0,0.5802,20.0,2659.0,40.0
2021-01-05 09:43:01.211,0.57,0.5838,20.0,0.5802,20.0,2659.0,40.0
2021-01-05 09:43:02.150,0.57,0.5838,20.0,0.5802,20.0,2659.0,40.0
2021-01-05 09:43:02.681,0.57,0.5838,20.0,0.5807,16.0,2659.0,40.0
2021-01-05 09:43:03.241,0.57,0.585,36.0,0.5807,16.0,2659.0,40.0
2021-01-05 09:43:04.740,0.57,0.585,36.0,0.5807,16.0,2659.0,40.0
2021-01-05 09:43:05.251,0.57,0.585,36.0,0.5807,16.0,2659.0,40.0
2021-01-05 09:43:05.681,0.57,0.5841,16.0,0.5802,20.0,2659.0,40.0
2021-01-05 09:43:06.171,0.57,0.5841,36.0,0.5802,20.0,2659.0,40.0
2021-01-05 09:43:06.680,0.57,0.5841,36.0,0.5802,20.0,2659.0,40.0
2021-01-05 09:43:07.231,0.57,0.5841,36.0,0.5802,20.0,2659.0,40.0
2021-01-05 09:43:07.710,0.57,0.5841,36.0,0.5802,20.0,2659.0,40.0
2021-01-05 09:43:08.181,0.57,0.5838,10.0,0.5802,20.0,2659.0,40.0
2021-01-05 09:43:09.740,0.57,0.5838,10.0,0.5802,20.0,2659.0,40.0
2021-01-05 09:43:10.150,0.57,0.5838,10.0,0.5802,20.0,2659.0,40.0
2021-01-05 09:43:11.750,0.57,0.5838,10.0,0.5802,20.0,2659.0,40.0
2021-01-05 09:43:12.730,0.57,0.5838,10.0,0.5802,20.0,2659.0,40.0
2021-01-05 09:43:13.740,0.57,0.5838,10.0,0.5798,16.0,2659.0,40.0
2021-01-05 09:43:14.270,0.57,0.5838,10.0,0.5798,16.0,2659.0,40.0
2021-01-05 09:43:15.241,0.57,0.5838,10.0,0.5798,16.0,2659.0,40.0
2021-01-05 09:43:15.771,0.57,0.5838,10.0,0.5798,16.0,2659.0,40.0
2021-01-05 09:43:16.720,0.57,0.5838,10.0,0.5798,16.0,2659.0,40.0
2021-01-05 09:43:17.271,0.57,0.5838,10.0,0.5798,16.0,2659.0,40.0
2021-01-05 09:43:17.771,0.57,0.5838,10.0,0.5798,16.0,2659.0,40.0
2021-01-05 09:43:18.270,0.57,0.5838,10.0,0.5798,16.0,2659.0,40.0
2021-01-05 09:43:20.731,0.57,0.5838,10.0,0.5798,16.0,2659.0,40.0
2021-01-05 09:43:21.271,0.57,0.5838,10.0,0.5798,16.0,2659.0,40.0
2021-01-05 09:43:21.701,0.57,0.5838,10.0,0.5798,16.0,2659.0,40.0
2021-01-05 09:43:22.281,0.57,0.5838,10.0,0.5798,16.0,2659.0,40.0
2021-01-05 09:43:22.671,0.57,0.5838,10.0,0.5798,16.0,2659.0,40.0
2021-01-05 09:43:23.201,0.57,0.5838,10.0,0.5798,16.0,2659.0,40.0
2021-01-05 09:43:23.651,0.57,0.5838,10.0,0.5798,16.0,2659.0,40.0
2021-01-05 09:43:24.120,0.57,0.5838,10.0,0.5798,16.0,2659.0,40.0
2021-01-05 09:43:25.201,0.57,0.5838,10.0,0.5798,16.0,2659.0,40.0
2021-01-05 09:43:25.701,0.57,0.5838,10.0,0.5798,16.0,2659.0,40.0
2021-01-05 09:43:26.621,0.57,0.5838,10.0,0.5798,16.0,2659.0,40.0
2021-01-05 09:43:27.190,0.57,0.5838,10.0,0.5798,16.0,2659.0,40.0
2021-01-05 09:43:27.620,0.57,0.5838,10.0,0.5798,16.0,2659.0,40.0
2021-01-05 09:43:29.080,0.57,0.5838,10.0,0.5798,16.0,2659.0,40.0
2021-01-05 09:43:29.660,0.57,0.5838,10.0,0.5798,16.0,2659.0,40.0
2021-01-05 09:43:31.111,0.57,0.5838,10.0,0.5798,16.0,2659.0,40.0
2021-01-05 09:43:31.720,0.57,0.5838,10.0,0.5798,16.0,2659.0,40.0
2021-01-05 09:43:32.701,0.57,0.5838,10.0,0.5798,16.0,2659.0,40.0
2021-01-05 09:43:33.141,0.57,0.5838,10.0,0.5798,16.0,2659.0,40.0
2021-01-05 09:43:34.221,0.57,0.5838,10.0,0.5798,16.0,2659.0,40.0
2021-01-05 09:43:34.691,0.57,0.5838,10.0,0.5798,16.0,2659.0,40.0
2021-01-05 09:43:35.160,0.57,0.5838,10.0,0.5798,16.0,2659.0,40.0
2021-01-05 09:43:35.681,0.57,0.5841,16.0,0.5798,16.0,2659.0,40.0
2021-01-05 09:43:43.231,0.57,0.5841,16.0,0.5798,16.0,2659.0,40.0
2021-01-05 09:43:43.711,0.57,0.5841,16.0,0.5798,16.0,2659.0,40.0
2021-01-05 09:43:44.670,0.57,0.5841,16.0,0.5798,16.0,2659.0,40.0
2021-01-05 09:43:45.221,0.57,0.5841,16.0,0.5798,16.0,2659.0,40.0
2021-01-05 09:43:45.720,0.57,0.5841,16.0,0.5798,16.0,2659.0,40.0
2021-01-05 09:43:46.151,0.57,0.5841,16.0,0.5798,16.0,2659.0,40.0
2021-01-05 09:43:46.750,0.57,0.5841,16.0,0.5798,16.0,2659.0,40.0
2021-01-05 09:43:47.250,0.57,0.5841,16.0,0.5798,16.0,2659.0,40.0
2021-01-05 09:43:48.220,0.57,0.5841,16.0,0.5798,16.0,2659.0,40.0
2021-01-05 09:43:48.721,0.57,0.5841,16.0,0.5798,16.0,2659.0,40.0
2021-01-05 09:43:49.601,0.57,0.5841,16.0,0.5798,16.0,2659.0,40.0
2021-01-05 09:43:50.170,0.57,0.5841,16.0,0.5798,16.0,2659.0,40.0
2021-01-05 09:43:50.721,0.57,0.5832,16.0,0.5792,10.0,2659.0,40.0
2021-01-05 09:43:51.660,0.57,0.5832,36.0,0.5792,10.0,2659.0,40.0
2021-01-05 09:43:52.200,0.57,0.5832,36.0,0.5792,10.0,2659.0,40.0
2021-01-05 09:43:52.681,0.57,0.5832,36.0,0.5792,10.0,2659.0,40.0
2021-01-05 09:43:53.201,0.57,0.5832,36.0,0.5792,10.0,2659.0,40.0
2021-01-05 09:43:53.610,0.57,0.5832,36.0,0.5792,10.0,2659.0,40.0
2021-01-05 09:43:54.191,0.57,0.583,10.0,0.579,20.0,2659.0,40.0
2021-01-05 09:43:55.660,0.57,0.583,10.0,0.579,20.0,2659.0,40.0
2021-01-05 09:43:57.230,0.57,0.583,10.0,0.579,20.0,2659.0,40.0
2021-01-05 09:43:57.650,0.57,0.583,10.0,0.579,20.0,2659.0,40.0
2021-01-05 09:43:58.711,0.57,0.583,10.0,0.579,20.0,2659.0,40.0
2021-01-05 09:43:59.170,0.57,0.583,10.0,0.579,20.0,2659.0,40.0
2021-01-05 09:44:00.131,0.57,0.583,10.0,0.579,20.0,2659.0,40.0
2021-01-05 09:44:00.701,0.57,0.583,10.0,0.579,20.0,2659.0,40.0
2021-01-05 09:44:01.621,0.57,0.583,10.0,0.579,20.0,2659.0,40.0
2021-01-05 09:44:02.711,0.57,0.583,10.0,0.579,20.0,2659.0,40.0
2021-01-05 09:44:03.241,0.57,0.5824,16.0,0.5789,10.0,2659.0,40.0
2021-01-05 09:44:03.731,0.57,0.5824,16.0,0.5789,10.0,2659.0,40.0
2021-01-05 09:44:04.230,0.57,0.5824,20.0,0.5789,10.0,2659.0,40.0
2021-01-05 09:44:04.751,0.57,0.5815,16.0,0.5789,10.0,2659.0,40.0
2021-01-05 09:44:05.260,0.57,0.5815,36.0,0.5789,10.0,2659.0,40.0
2021-01-05 09:44:05.750,0.57,0.5814,10.0,0.5783,20.0,2659.0,40.0
2021-01-05 09:44:06.261,0.57,0.5814,10.0,0.5773,36.0,2659.0,40.0
2021-01-05 09:44:06.770,0.57,0.5814,10.0,0.5773,36.0,2659.0,40.0
2021-01-05 09:44:07.281,0.57,0.5814,10.0,0.5773,36.0,2659.0,40.0
2021-01-05 09:44:07.750,0.57,0.5814,10.0,0.5773,36.0,2659.0,40.0
2021-01-05 09:44:08.261,0.57,0.5814,10.0,0.5773,36.0,2659.0,40.0
2021-01-05 09:44:08.760,0.57,0.5814,10.0,0.5773,36.0,2659.0,40.0
2021-01-05 09:44:09.780,0.57,0.5814,10.0,0.5773,36.0,2659.0,40.0
2021-01-05 09:44:10.280,0.57,0.5814,10.0,0.5773,36.0,2659.0,40.0
2021-01-05 09:44:10.781,0.57,0.5814,10.0,0.5773,36.0,2659.0,40.0
2021-01-05 09:44:11.271,0.57,0.5814,10.0,0.5773,36.0,2659.0,40.0
2021-01-05 09:44:12.270,0.57,0.5814,10.0,0.5773,36.0,2659.0,40.0
2021-01-05 09:44:12.781,0.57,0.5814,10.0,0.5773,36.0,2659.0,40.0
2021-01-05 09:44:13.230,0.57,0.5814,10.0,0.5773,36.0,2659.0,40.0
2021-01-05 09:44:14.781,0.57,0.5814,10.0,0.5773,36.0,2659.0,40.0
2021-01-05 09:44:15.280,0.57,0.5814,10.0,0.5773,36.0,2659.0,40.0
2021-01-05 09:44:15.780,0.57,0.5814,10.0,0.5773,36.0,2659.0,40.0
2021-01-05 09:44:17.280,0.57,0.5814,10.0,0.5773,36.0,2659.0,40.0
2021-01-05 09:44:17.770,0.57,0.5814,10.0,0.5773,36.0,2659.0,40.0
2021-01-05 09:44:18.231,0.57,0.5814,10.0,0.5773,36.0,2659.0,40.0
2021-01-05 09:44:18.780,0.57,0.5814,10.0,0.5773,46.0,2659.0,40.0
2021-01-05 09:44:19.261,0.57,0.5814,10.0,0.5773,46.0,2659.0,40.0
2021-01-05 09:44:20.271,0.57,0.5814,10.0,0.5773,46.0,2659.0,40.0
2021-01-05 09:44:20.801,0.57,0.5814,10.0,0.5773,46.0,2659.0,40.0
2021-01-05 09:44:21.270,0.57,0.5814,10.0,0.5773,46.0,2659.0,40.0
2021-01-05 09:44:21.760,0.57,0.5814,10.0,0.5773,46.0,2659.0,40.0
2021-01-05 09:44:22.131,0.57,0.5814,10.0,0.5773,46.0,2659.0,40.0
2021-01-05 09:44:22.580,0.57,0.5814,10.0,0.5773,46.0,2659.0,40.0
2021-01-05 09:44:25.660,0.57,0.5814,10.0,0.5773,46.0,2659.0,40.0
2021-01-05 09:44:26.201,0.57,0.5814,10.0,0.5773,36.0,2659.0,40.0
2021-01-05 09:44:26.701,0.57,0.5814,10.0,0.5773,36.0,2659.0,40.0
2021-01-05 09:44:27.201,0.57,0.5814,10.0,0.5773,36.0,2659.0,40.0
2021-01-05 09:44:28.680,0.57,0.5814,10.0,0.5773,36.0,2659.0,40.0
2021-01-05 09:44:29.200,0.57,0.5814,10.0,0.5773,36.0,2659.0,40.0
2021-01-05 09:44:29.640,0.57,0.5814,10.0,0.5773,36.0,2659.0,40.0
2021-01-05 09:44:30.720,0.57,0.5814,10.0,0.5773,36.0,2659.0,40.0
2021-01-05 09:44:32.220,0.57,0.5814,10.0,0.5773,36.0,2659.0,40.0
2021-01-05 09:44:32.691,0.57,0.5814,10.0,0.5773,36.0,2659.0,40.0
2021-01-05 09:44:33.730,0.57,0.5814,10.0,0.5773,36.0,2659.0,40.0
2021-01-05 09:44:34.141,0.57,0.5807,16.0,0.5773,20.0,2659.0,40.0
2021-01-05 09:44:34.520,0.57,0.5807,16.0,0.5773,20.0,2659.0,40.0
2021-01-05 09:44:34.981,0.57,0.5807,36.0,0.5773,20.0,2659.0,40.0
2021-01-05 09:44:35.740,0.57,0.5807,36.0,0.5773,20.0,2659.0,40.0
2021-01-05 09:44:36.220,0.57,0.5807,36.0,0.5773,20.0,2659.0,40.0
2021-01-05 09:44:37.240,0.57,0.5807,36.0,0.5773,20.0,2659.0,40.0
2021-01-05 09:44:37.751,0.57,0.5807,36.0,0.5773,20.0,2659.0,40.0
2021-01-05 09:44:38.201,0.57,0.5807,36.0,0.5773,20.0,2659.0,40.0
2021-01-05 09:44:39.661,0.57,0.5807,36.0,0.5773,20.0,2659.0,40.0
2021-01-05 09:44:40.250,0.57,0.5807,36.0,0.5772,10.0,2659.0,40.0
2021-01-05 09:44:40.750,0.57,0.5801,10.0,0.5766,20.0,2659.0,40.0
2021-01-05 09:44:41.251,0.57,0.5801,10.0,0.5766,20.0,2659.0,40.0
2021-01-05 09:44:42.250,0.57,0.5801,10.0,0.5766,20.0,2659.0,40.0
2021-01-05 09:44:44.260,0.57,0.5801,10.0,0.5766,20.0,2659.0,40.0
2021-01-05 09:44:44.761,0.57,0.5801,10.0,0.5766,20.0,2659.0,40.0
2021-01-05 09:44:45.261,0.57,0.5807,36.0,0.5774,10.0,2659.0,40.0
2021-01-05 09:44:45.760,0.57,0.5807,36.0,0.5774,10.0,2659.0,40.0
2021-01-05 09:44:46.271,0.57,0.5807,36.0,0.5774,10.0,2659.0,40.0
2021-01-05 09:44:46.771,0.57,0.5807,36.0,0.5774,10.0,2659.0,40.0
2021-01-05 09:44:47.251,0.57,0.5807,36.0,0.5774,10.0,2659.0,40.0
2021-01-05 09:44:47.770,0.57,0.5807,36.0,0.5774,10.0,2659.0,40.0
2021-01-05 09:44:49.800,0.57,0.5807,36.0,0.5774,10.0,2659.0,40.0
2021-01-05 09:44:50.300,0.57,0.5807,36.0,0.5774,10.0,2659.0,40.0
2021-01-05 09:44:50.811,0.57,0.5807,36.0,0.5774,10.0,2659.0,40.0
2021-01-05 09:44:51.270,0.57,0.5807,36.0,0.5774,10.0,2659.0,40.0
2021-01-05 09:44:51.810,0.57,0.5807,36.0,0.5774,10.0,2659.0,40.0
2021-01-05 09:44:53.201,0.57,0.5807,36.0,0.5774,10.0,2659.0,40.0
2021-01-05 09:44:53.710,0.57,0.5807,36.0,0.5774,10.0,2659.0,40.0
2021-01-05 09:44:54.970,0.57,0.5807,36.0,0.5774,10.0,2659.0,40.0
2021-01-05 09:44:56.220,0.57,0.5807,36.0,0.5774,10.0,2659.0,40.0
2021-01-05 09:44:56.720,0.57,0.5807,36.0,0.5774,10.0,2659.0,40.0
2021-01-05 09:44:57.680,0.57,0.5807,36.0,0.5774,10.0,2659.0,40.0
2021-01-05 09:44:58.120,0.57,0.5807,36.0,0.5774,10.0,2659.0,40.0
2021-01-05 09:44:58.720,0.57,0.5807,36.0,0.5774,10.0,2659.0,40.0
2021-01-05 09:44:59.190,0.57,0.5802,10.0,0.5766,20.0,2659.0,40.0
2021-01-05 09:44:59.711,0.57,0.5802,10.0,0.5766,20.0,2659.0,40.0
2021-01-05 09:45:00.591,0.57,0.5802,10.0,0.5766,20.0,2659.0,40.0
2021-01-05 09:45:01.221,0.57,0.5798,16.0,0.5766,20.0,2659.0,40.0
2021-01-05 09:45:01.680,0.57,0.5798,16.0,0.5761,10.0,2659.0,40.0
2021-01-05 09:45:01.980,0.57,0.5788,10.0,0.5758,20.0,2659.0,40.0
2021-01-05 09:45:03.680,0.57,0.5788,30.0,0.5758,20.0,2659.0,40.0
2021-01-05 09:45:04.191,0.57,0.5788,30.0,0.5758,20.0,2659.0,40.0
2021-01-05 09:45:04.700,0.57,0.5788,30.0,0.5758,20.0,2659.0,40.0
2021-01-05 09:45:05.221,0.57,0.5788,30.0,0.5747,46.0,2659.0,40.0
2021-01-05 09:45:05.720,0.57,0.5788,30.0,0.5747,46.0,2659.0,40.0
2021-01-05 09:45:06.220,0.57,0.5782,16.0,0.5747,20.0,2659.0,40.0
2021-01-05 09:45:06.721,0.57,0.5782,16.0,0.5747,20.0,2659.0,40.0
2021-01-05 09:45:07.130,0.57,0.5782,16.0,0.5747,20.0,2659.0,40.0
2021-01-05 09:45:08.181,0.57,0.5782,16.0,0.5747,25.0,2659.0,40.0
2021-01-05 09:45:09.190,0.57,0.5782,16.0,0.5745,3.0,2659.0,40.0
2021-01-05 09:45:09.720,0.57,0.5782,16.0,0.5745,3.0,2659.0,40.0
2021-01-05 09:45:10.200,0.57,0.5782,16.0,0.5745,3.0,2659.0,40.0
2021-01-05 09:45:11.091,0.57,0.5782,16.0,0.5745,3.0,2659.0,40.0
2021-01-05 09:45:11.720,0.57,0.5782,16.0,0.5745,3.0,2659.0,40.0
2021-01-05 09:45:12.150,0.57,0.5782,16.0,0.5745,3.0,2659.0,40.0
2021-01-05 09:45:13.220,0.57,0.5782,16.0,0.5745,3.0,2659.0,40.0
2021-01-05 09:45:14.701,0.57,0.5782,16.0,0.5745,3.0,2659.0,40.0
2021-01-05 09:45:15.230,0.57,0.5782,16.0,0.5745,3.0,2659.0,40.0
2021-01-05 09:45:15.721,0.57,0.5771,16.0,0.5745,3.0,2659.0,40.0
2021-01-05 09:45:16.230,0.57,0.5765,10.0,0.5745,3.0,2659.0,40.0
2021-01-05 09:45:16.741,0.57,0.5765,10.0,0.5745,3.0,2659.0,40.0
2021-01-05 09:45:17.220,0.57,0.5765,10.0,0.5745,3.0,2659.0,40.0
2021-01-05 09:45:17.731,0.57,0.5765,10.0,0.5745,3.0,2659.0,40.0
2021-01-05 09:45:18.691,0.57,0.5764,1.0,0.5745,3.0,2659.0,40.0
2021-01-05 09:45:19.191,0.57,0.5764,21.0,0.5745,3.0,2659.0,40.0
2021-01-05 09:45:19.731,0.57,0.5764,20.0,0.5745,3.0,2659.0,40.0
2021-01-05 09:45:20.741,0.57,0.5764,20.0,0.5745,3.0,2659.0,40.0
2021-01-05 09:45:21.191,0.57,0.5764,20.0,0.5745,3.0,2659.0,40.0
2021-01-05 09:45:21.731,0.57,0.5771,36.0,0.5745,3.0,2659.0,40.0
2021-01-05 09:45:22.240,0.57,0.5771,36.0,0.5745,3.0,2659.0,40.0
2021-01-05 09:45:22.710,0.57,0.5771,36.0,0.5745,3.0,2659.0,40.0
2021-01-05 09:45:23.160,0.57,0.5771,36.0,0.5745,3.0,2659.0,40.0
2021-01-05 09:45:24.701,0.57,0.5771,36.0,0.5745,3.0,2659.0,40.0
2021-01-05 09:45:25.690,0.57,0.5771,36.0,0.5745,3.0,2659.0,40.0
2021-01-05 09:45:26.220,0.57,0.5771,36.0,0.5745,3.0,2659.0,40.0
2021-01-05 09:45:26.681,0.57,0.5771,36.0,0.5745,3.0,2659.0,40.0
2021-01-05 09:45:27.211,0.57,0.5771,36.0,0.5745,3.0,2659.0,40.0
2021-01-05 09:45:27.711,0.57,0.5771,36.0,0.5745,3.0,2659.0,40.0
2021-01-05 09:45:29.140,0.57,0.5771,36.0,0.5745,3.0,2659.0,40.0
2021-01-05 09:45:30.210,0.57,0.5771,20.0,0.5745,3.0,2659.0,40.0
2021-01-05 09:45:30.710,0.57,0.5778,36.0,0.5745,23.0,2659.0,40.0
2021-01-05 09:45:31.211,0.57,0.5778,36.0,0.5745,23.0,2659.0,40.0
2021-01-05 09:45:32.160,0.57,0.5778,36.0,0.5745,23.0,2659.0,40.0
2021-01-05 09:45:33.180,0.57,0.5778,36.0,0.5745,23.0,2659.0,40.0
2021-01-05 09:45:34.220,0.57,0.5778,36.0,0.5745,23.0,2659.0,40.0
2021-01-05 09:45:35.190,0.57,0.5778,36.0,0.5745,23.0,2659.0,40.0
2021-01-05 09:45:35.731,0.57,0.5778,36.0,0.5745,23.0,2659.0,40.0
2021-01-05 09:45:36.240,0.57,0.5778,36.0,0.5745,28.0,2659.0,40.0
2021-01-05 09:45:37.241,0.57,0.5778,20.0,0.5745,28.0,2659.0,40.0
2021-01-05 09:45:39.210,0.57,0.5778,20.0,0.5745,23.0,2659.0,40.0
2021-01-05 09:45:39.710,0.57,0.5778,20.0,0.5745,23.0,2659.0,40.0
2021-01-05 09:45:40.240,0.57,0.5778,20.0,0.5745,28.0,2659.0,40.0
2021-01-05 09:45:41.220,0.57,0.5778,20.0,0.5745,23.0,2659.0,40.0
2021-01-05 09:45:42.240,0.57,0.5778,20.0,0.5745,28.0,2659.0,40.0
2021-01-05 09:45:42.711,0.57,0.5778,20.0,0.5745,23.0,2659.0,40.0
2021-01-05 09:45:43.220,0.57,0.5778,20.0,0.5745,28.0,2659.0,40.0
2021-01-05 09:45:43.710,0.57,0.5778,20.0,0.5745,23.0,2659.0,40.0
2021-01-05 09:45:44.201,0.57,0.5778,20.0,0.5745,23.0,2659.0,40.0
2021-01-05 09:45:44.691,0.57,0.5787,36.0,0.5745,23.0,2659.0,40.0
2021-01-05 09:45:45.220,0.57,0.5787,36.0,0.5745,28.0,2659.0,40.0
2021-01-05 09:45:45.681,0.57,0.5787,36.0,0.5745,28.0,2659.0,40.0
2021-01-05 09:45:46.240,0.57,0.5787,36.0,0.5745,23.0,2659.0,40.0
2021-01-05 09:45:46.751,0.57,0.5787,36.0,0.5745,23.0,2659.0,40.0
2021-01-05 09:45:47.241,0.57,0.5787,36.0,0.5745,23.0,2659.0,40.0
2021-01-05 09:45:48.201,0.57,0.5787,36.0,0.5745,28.0,2659.0,40.0
2021-01-05 09:45:48.741,0.57,0.5787,36.0,0.5745,28.0,2659.0,40.0
2021-01-05 09:45:49.751,0.57,0.5787,36.0,0.5745,23.0,2659.0,40.0
2021-01-05 09:45:50.251,0.57,0.5787,36.0,0.5745,23.0,2659.0,40.0
2021-01-05 09:45:50.750,0.57,0.5787,36.0,0.5745,28.0,2659.0,40.0
2021-01-05 09:45:52.641,0.57,0.5787,36.0,0.5745,28.0,2659.0,40.0
2021-01-05 09:45:55.230,0.57,0.5787,36.0,0.5745,28.0,2659.0,40.0
2021-01-05 09:45:55.711,0.57,0.5787,36.0,0.5745,28.0,2659.0,40.0
2021-01-05 09:45:56.631,0.5787,0.5787,16.0,0.5745,23.0,2679.0,60.0
2021-01-05 09:45:57.201,0.5787,0.5784,16.0,0.5745,23.0,2679.0,60.0
2021-01-05 09:45:58.231,0.5787,0.5777,10.0,0.5745,23.0,2679.0,60.0
2021-01-05 09:45:58.711,0.5787,0.5777,10.0,0.5745,28.0,2679.0,60.0
2021-01-05 09:45:59.230,0.5787,0.5777,10.0,0.5745,28.0,2679.0,60.0
2021-01-05 09:46:00.730,0.5787,0.5793,20.0,0.5752,16.0,2679.0,60.0
2021-01-05 09:46:01.230,0.5787,0.5793,10.0,0.5752,16.0,2679.0,60.0
2021-01-05 09:46:02.221,0.5787,0.5793,10.0,0.5752,36.0,2679.0,60.0
2021-01-05 09:46:02.711,0.5787,0.5793,10.0,0.5752,41.0,2679.0,60.0
2021-01-05 09:46:03.120,0.5787,0.5793,10.0,0.5752,41.0,2679.0,60.0
2021-01-05 09:46:03.731,0.5787,0.5795,26.0,0.5752,41.0,2679.0,60.0
2021-01-05 09:46:04.171,0.5787,0.5795,26.0,0.5752,41.0,2679.0,60.0
2021-01-05 09:46:05.691,0.5787,0.5795,26.0,0.5752,41.0,2679.0,60.0
2021-01-05 09:46:06.221,0.5787,0.5795,26.0,0.5752,46.0,2679.0,60.0
2021-01-05 09:46:06.690,0.5787,0.5795,26.0,0.5752,46.0,2679.0,60.0
2021-01-05 09:46:07.231,0.5787,0.5795,26.0,0.5752,56.0,2679.0,60.0
2021-01-05 09:46:08.730,0.5787,0.5793,10.0,0.5752,66.0,2679.0,60.0
2021-01-05 09:46:10.221,0.5787,0.5793,10.0,0.5763,16.0,2679.0,60.0
2021-01-05 09:46:10.720,0.5787,0.5793,10.0,0.5763,36.0,2679.0,60.0
2021-01-05 09:46:11.721,0.5787,0.5793,10.0,0.5763,41.0,2679.0,60.0
2021-01-05 09:46:12.190,0.5787,0.5793,10.0,0.5763,41.0,2679.0,60.0
2021-01-05 09:46:12.680,0.5787,0.5806,26.0,0.5764,10.0,2679.0,60.0
2021-01-05 09:46:13.681,0.5787,0.5806,26.0,0.5764,15.0,2679.0,60.0
2021-01-05 09:46:15.231,0.5787,0.5806,26.0,0.5764,10.0,2679.0,60.0
2021-01-05 09:46:15.730,0.5787,0.5806,26.0,0.5764,15.0,2679.0,60.0
2021-01-05 09:46:16.201,0.5787,0.5806,26.0,0.5764,15.0,2679.0,60.0
2021-01-05 09:46:16.721,0.5787,0.5806,26.0,0.5764,20.0,2679.0,60.0
2021-01-05 09:46:17.221,0.5787,0.5806,10.0,0.5771,16.0,2679.0,60.0
2021-01-05 09:46:17.751,0.5787,0.5806,10.0,0.5771,16.0,2679.0,60.0
2021-01-05 09:46:18.160,0.5787,0.5806,10.0,0.5771,41.0,2679.0,60.0
2021-01-05 09:46:20.210,0.5787,0.5813,16.0,0.5771,41.0,2679.0,60.0
2021-01-05 09:46:20.731,0.5787,0.5813,16.0,0.5771,36.0,2679.0,60.0
2021-01-05 09:46:22.220,0.5787,0.5813,16.0,0.5771,41.0,2679.0,60.0
2021-01-05 09:46:22.690,0.5787,0.5813,16.0,0.5771,36.0,2679.0,60.0
2021-01-05 09:46:23.710,0.5787,0.5813,16.0,0.5771,41.0,2679.0,60.0
2021-01-05 09:46:24.221,0.5787,0.5813,16.0,0.5771,36.0,2679.0,60.0
2021-01-05 09:46:25.211,0.5787,0.5813,16.0,0.5771,41.0,2679.0,60.0
2021-01-05 09:46:25.651,0.5787,0.5813,16.0,0.5771,36.0,2679.0,60.0
2021-01-05 09:46:27.201,0.5787,0.5813,16.0,0.5771,41.0,2679.0,60.0
2021-01-05 09:46:27.720,0.5787,0.5813,16.0,0.5771,41.0,2679.0,60.0
2021-01-05 09:46:29.151,0.5787,0.5813,16.0,0.5771,41.0,2679.0,60.0
2021-01-05 09:46:29.710,0.5787,0.5813,16.0,0.5771,36.0,2679.0,60.0
2021-01-05 09:46:31.210,0.5787,0.5813,16.0,0.5771,36.0,2679.0,60.0
2021-01-05 09:46:32.701,0.5787,0.5813,16.0,0.5771,36.0,2679.0,60.0
2021-01-05 09:46:33.210,0.5787,0.5813,16.0,0.5771,36.0,2679.0,60.0
2021-01-05 09:46:33.660,0.5787,0.5813,16.0,0.5771,36.0,2679.0,60.0
2021-01-05 09:46:35.231,0.5787,0.5813,16.0,0.5771,41.0,2679.0,60.0
2021-01-05 09:46:35.721,0.5787,0.5813,16.0,0.5771,36.0,2679.0,60.0
2021-01-05 09:46:36.221,0.5787,0.5813,16.0,0.5771,36.0,2679.0,60.0
2021-01-05 09:46:37.750,0.5787,0.5813,16.0,0.5771,36.0,2679.0,60.0
2021-01-05 09:46:38.201,0.5787,0.5805,16.0,0.5771,20.0,2679.0,60.0
2021-01-05 09:46:38.741,0.5787,0.5803,10.0,0.5771,20.0,2679.0,60.0
2021-01-05 09:46:39.210,0.5787,0.5803,10.0,0.5763,36.0,2679.0,60.0
2021-01-05 09:46:40.230,0.5787,0.5803,10.0,0.5763,36.0,2679.0,60.0
2021-01-05 09:46:40.670,0.5787,0.5803,10.0,0.5763,36.0,2679.0,60.0
2021-01-05 09:46:41.250,0.5787,0.5803,10.0,0.5763,41.0,2679.0,60.0
2021-01-05 09:46:41.661,0.5787,0.5803,10.0,0.5763,41.0,2679.0,60.0
2021-01-05 09:46:42.230,0.5787,0.5803,10.0,0.5763,41.0,2679.0,60.0
2021-01-05 09:46:45.711,0.5787,0.5803,10.0,0.5763,41.0,2679.0,60.0
2021-01-05 09:46:46.251,0.5787,0.5803,10.0,0.5763,36.0,2679.0,60.0
2021-01-05 09:46:46.671,0.5787,0.5805,26.0,0.5763,41.0,2679.0,60.0
2021-01-05 09:46:47.701,0.5787,0.5805,26.0,0.5763,41.0,2679.0,60.0
2021-01-05 09:46:49.251,0.5787,0.5805,26.0,0.5763,41.0,2679.0,60.0
2021-01-05 09:46:51.261,0.5787,0.5805,26.0,0.5763,41.0,2679.0,60.0
2021-01-05 09:46:51.731,0.5787,0.5805,26.0,0.5763,41.0,2679.0,60.0
2021-01-05 09:46:52.711,0.5787,0.5805,26.0,0.5763,41.0,2679.0,60.0
2021-01-05 09:46:53.201,0.5787,0.5805,26.0,0.5763,41.0,2679.0,60.0
2021-01-05 09:46:53.681,0.5787,0.5805,26.0,0.5763,41.0,2679.0,60.0
2021-01-05 09:46:54.221,0.5787,0.5805,26.0,0.5763,41.0,2679.0,60.0
2021-01-05 09:46:54.701,0.5787,0.5805,26.0,0.5763,41.0,2679.0,60.0
2021-01-05 09:46:56.221,0.5787,0.5805,26.0,0.5763,41.0,2679.0,60.0
2021-01-05 09:46:56.711,0.5787,0.5804,10.0,0.5764,5.0,2679.0,60.0
2021-01-05 09:46:57.741,0.5787,0.5804,10.0,0.5763,46.0,2679.0,60.0
2021-01-05 09:46:58.131,0.5787,0.5804,10.0,0.5763,51.0,2679.0,60.0
2021-01-05 09:46:58.720,0.5787,0.5804,10.0,0.5763,51.0,2679.0,60.0
2021-01-05 09:46:59.191,0.5787,0.5804,10.0,0.5763,46.0,2679.0,60.0
2021-01-05 09:47:00.741,0.5787,0.5804,10.0,0.5763,46.0,2679.0,60.0
2021-01-05 09:47:01.210,0.5787,0.5796,16.0,0.5763,30.0,2679.0,60.0
2021-01-05 09:47:01.721,0.5787,0.5788,10.0,0.5763,20.0,2679.0,60.0
2021-01-05 09:47:02.230,0.5787,0.5788,46.0,0.5753,20.0,2679.0,60.0
2021-01-05 09:47:02.741,0.5787,0.5788,46.0,0.5746,56.0,2679.0,60.0
2021-01-05 09:47:03.220,0.5787,0.5788,26.0,0.5746,26.0,2679.0,60.0
2021-01-05 09:47:03.740,0.5787,0.5788,46.0,0.5746,46.0,2679.0,60.0
2021-01-05 09:47:04.211,0.5787,0.5788,46.0,0.5746,46.0,2679.0,60.0
2021-01-05 09:47:05.250,0.5787,0.5788,46.0,0.5746,46.0,2679.0,60.0
2021-01-05 09:47:05.750,0.5787,0.578,16.0,0.5746,20.0,2679.0,60.0
2021-01-05 09:47:06.251,0.5787,0.578,16.0,0.5746,20.0,2679.0,60.0
2021-01-05 09:47:06.391,0.5787,0.578,36.0,0.5746,20.0,2679.0,60.0
2021-01-05 09:47:07.221,0.5787,0.5771,16.0,0.5746,20.0,2679.0,60.0
2021-01-05 09:47:07.740,0.5787,0.5771,36.0,0.5745,3.0,2679.0,60.0
2021-01-05 09:47:08.230,0.5787,0.5771,36.0,0.5745,3.0,2679.0,60.0
2021-01-05 09:47:09.751,0.5787,0.5771,36.0,0.5745,3.0,2679.0,60.0
2021-01-05 09:47:09.880,0.5745,0.5762,16.0,0.5732,20.0,2682.0,63.0
2021-01-05 09:47:10.721,0.5745,0.5762,36.0,0.5732,20.0,2682.0,63.0
2021-01-05 09:47:11.090,0.5745,0.5762,36.0,0.5732,20.0,2682.0,63.0
2021-01-05 09:47:11.751,0.5745,0.5762,36.0,0.5721,20.0,2682.0,63.0
2021-01-05 09:47:12.241,0.5745,0.5762,36.0,0.5721,20.0,2682.0,63.0
2021-01-05 09:47:12.731,0.5745,0.5762,36.0,0.5721,20.0,2682.0,63.0
2021-01-05 09:47:13.201,0.5745,0.5762,36.0,0.5721,20.0,2682.0,63.0
2021-01-05 09:47:14.220,0.5745,0.5762,36.0,0.5721,20.0,2682.0,63.0
2021-01-05 09:47:15.701,0.5745,0.5754,16.0,0.5721,20.0,2682.0,63.0
2021-01-05 09:47:16.241,0.5745,0.5754,36.0,0.5721,20.0,2682.0,63.0
2021-01-05 09:47:16.731,0.5745,0.5754,36.0,0.5721,20.0,2682.0,63.0
2021-01-05 09:47:17.251,0.5745,0.5754,36.0,0.5721,20.0,2682.0,63.0
2021-01-05 09:47:18.221,0.5745,0.5754,36.0,0.5721,20.0,2682.0,63.0
2021-01-05 09:47:18.621,0.5745,0.5754,36.0,0.5721,20.0,2682.0,63.0
2021-01-05 09:47:19.111,0.5745,0.5754,36.0,0.5721,20.0,2682.0,63.0
2021-01-05 09:47:19.760,0.5745,0.5746,16.0,0.5717,10.0,2682.0,63.0
2021-01-05 09:47:20.231,0.5745,0.5746,36.0,0.5717,10.0,2682.0,63.0
2021-01-05 09:47:20.761,0.5745,0.5746,46.0,0.5713,20.0,2682.0,63.0
2021-01-05 09:47:21.260,0.5745,0.5746,46.0,0.5704,20.0,2682.0,63.0
2021-01-05 09:47:21.760,0.5745,0.5746,46.0,0.5704,20.0,2682.0,63.0
2021-01-05 09:47:22.240,0.5745,0.5746,46.0,0.5704,20.0,2682.0,63.0
2021-01-05 09:47:22.580,0.5745,0.5746,46.0,0.5704,20.0,2682.0,63.0
2021-01-05 09:47:23.151,0.5745,0.5746,46.0,0.5704,20.0,2682.0,63.0
2021-01-05 09:47:23.710,0.5745,0.5746,46.0,0.5704,20.0,2682.0,63.0
