,last,ask1,asize1,bid1,bsize1,oi,volume
2021-01-05 09:15:00.550,0.05,0.05,6.0,0.05,6.0,136049.0,
2021-01-05 09:15:01.051,0.0506,0.0506,6.0,0.0506,6.0,136049.0,
2021-01-05 09:15:02.571,0.0506,0.0506,7.0,0.0506,7.0,136049.0,
2021-01-05 09:15:31.281,0.0506,0.0506,8.0,0.0506,8.0,136049.0,
2021-01-05 09:16:01.650,0.0506,0.0506,7.0,0.0506,7.0,136049.0,
2021-01-05 09:17:05.941,0.0506,0.0506,8.0,0.0506,8.0,136049.0,
2021-01-05 09:17:33.071,0.0509,0.0509,8.0,0.0509,8.0,136049.0,
2021-01-05 09:17:40.701,0.0509,0.0509,8.0,0.0509,8.0,136049.0,
2021-01-05 09:18:10.791,0.0509,0.0509,10.0,0.0509,10.0,136049.0,
2021-01-05 09:18:14.101,0.0509,0.0509,11.0,0.0509,11.0,136049.0,
2021-01-05 09:18:39.630,0.0509,0.0509,21.0,0.0509,21.0,136049.0,
2021-01-05 09:18:40.130,0.0509,0.0509,23.0,0.0509,23.0,136049.0,
2021-01-05 09:18:57.570,0.0509,0.0509,26.0,0.0509,26.0,136049.0,
2021-01-05 09:19:25.300,0.0509,0.0509,27.0,0.0509,27.0,136049.0,
2021-01-05 09:20:10.131,0.0509,0.0509,28.0,0.0509,28.0,136049.0,
2021-01-05 09:20:25.670,0.0509,0.0509,29.0,0.0509,29.0,136049.0,
2021-01-05 09:20:41.170,0.0509,0.0509,32.0,0.0509,32.0,136049.0,
2021-01-05 09:20:42.891,0.0509,0.0509,33.0,0.0509,33.0,136049.0,
2021-01-05 09:20:45.411,0.0509,0.0509,35.0,0.0509,35.0,136049.0,
2021-01-05 09:20:55.680,0.0509,0.0509,36.0,0.0509,36.0,136049.0,
2021-01-05 09:21:07.001,0.0509,0.0509,40.0,0.0509,40.0,136049.0,
2021-01-05 09:21:27.670,0.0506,0.0506,41.0,0.0506,41.0,136049.0,
2021-01-05 09:21:35.321,0.0506,0.0506,42.0,0.0506,42.0,136049.0,
2021-01-05 09:21:43.021,0.0506,0.0506,62.0,0.0506,62.0,136049.0,
2021-01-05 09:21:46.051,0.0506,0.0506,69.0,0.0506,69.0,136049.0,
2021-01-05 09:21:46.550,0.0506,0.0506,89.0,0.0506,89.0,136049.0,
2021-01-05 09:21:48.060,0.0506,0.0506,89.0,0.0506,89.0,136049.0,
2021-01-05 09:21:53.151,0.0506,0.0506,90.0,0.0506,90.0,136049.0,
2021-01-05 09:21:54.150,0.0506,0.0506,100.0,0.0506,100.0,136049.0,
2021-01-05 09:21:59.260,0.0506,0.0506,103.0,0.0506,103.0,136049.0,
2021-01-05 09:22:14.281,0.0506,0.0506,106.0,0.0506,106.0,136049.0,
2021-01-05 09:22:14.780,0.0505,0.0505,109.0,0.0505,109.0,136049.0,
2021-01-05 09:22:17.301,0.0505,0.0505,109.0,0.0505,109.0,136049.0,
2021-01-05 09:22:20.930,0.0505,0.0505,109.0,0.0505,109.0,136049.0,
2021-01-05 09:22:23.661,0.0505,0.0505,109.0,0.0505,109.0,136049.0,
2021-01-05 09:22:25.170,0.0505,0.0505,109.0,0.0505,109.0,136049.0,
2021-01-05 09:22:28.710,0.0504,0.0504,109.0,0.0504,109.0,136049.0,
2021-01-05 09:22:32.370,0.0504,0.0504,109.0,0.0504,109.0,136049.0,
2021-01-05 09:22:32.871,0.0503,0.0503,117.0,0.0503,117.0,136049.0,
2021-01-05 09:22:33.880,0.0503,0.0503,120.0,0.0503,120.0,136049.0,
2021-01-05 09:22:36.400,0.0503,0.0503,121.0,0.0503,121.0,136049.0,
2021-01-05 09:22:36.990,0.0503,0.0503,121.0,0.0503,121.0,136049.0,
2021-01-05 09:22:44.540,0.0503,0.0503,121.0,0.0503,121.0,136049.0,
2021-01-05 09:22:45.550,0.0498,0.0498,145.0,0.0498,145.0,136049.0,
2021-01-05 09:22:46.571,0.0498,0.0498,147.0,0.0498,147.0,136049.0,
2021-01-05 09:22:51.100,0.0498,0.0498,149.0,0.0498,149.0,136049.0,
2021-01-05 09:23:00.191,0.0498,0.0498,151.0,0.0498,151.0,136049.0,
2021-01-05 09:23:07.251,0.0498,0.0498,153.0,0.0498,153.0,136049.0,
2021-01-05 09:23:09.260,0.0497,0.0497,153.0,0.0497,153.0,136049.0,
2021-01-05 09:23:11.281,0.0475,0.0475,158.0,0.0475,158.0,136049.0,
2021-01-05 09:23:19.350,0.0471,0.0471,159.0,0.0471,159.0,136049.0,
2021-01-05 09:23:23.150,0.0466,0.0466,160.0,0.0466,160.0,136049.0,
2021-01-05 09:23:23.651,0.0464,0.0464,160.0,0.0464,160.0,136049.0,
2021-01-05 09:23:27.670,0.0464,0.0464,161.0,0.0464,161.0,136049.0,
2021-01-05 09:23:28.681,0.0464,0.0464,161.0,0.0464,161.0,136049.0,
2021-01-05 09:23:29.171,0.0462,0.0462,161.0,0.0462,161.0,136049.0,
2021-01-05 09:23:32.701,0.046,0.046,161.0,0.046,161.0,136049.0,
2021-01-05 09:23:36.730,0.046,0.046,162.0,0.046,162.0,136049.0,
2021-01-05 09:23:42.261,0.0459,0.0459,162.0,0.0459,162.0,136049.0,
2021-01-05 09:23:46.291,0.0451,0.0451,165.0,0.0451,165.0,136049.0,
2021-01-05 09:23:50.331,0.0451,0.0451,168.0,0.0451,168.0,136049.0,
2021-01-05 09:23:50.831,0.0451,0.0451,192.0,0.0451,192.0,136049.0,
2021-01-05 09:23:53.151,0.0451,0.0451,192.0,0.0451,192.0,136049.0,
2021-01-05 09:23:55.151,0.0451,0.0451,192.0,0.0451,192.0,136049.0,
2021-01-05 09:23:57.170,0.0451,0.0451,197.0,0.0451,197.0,136049.0,
2021-01-05 09:24:01.220,0.0451,0.0451,198.0,0.0451,198.0,136049.0,
2021-01-05 09:24:03.260,0.0451,0.0451,201.0,0.0451,201.0,136049.0,
2021-01-05 09:24:03.781,0.0451,0.0451,201.0,0.0451,201.0,136049.0,
2021-01-05 09:24:04.801,0.0451,0.0451,201.0,0.0451,201.0,136049.0,
2021-01-05 09:24:05.300,0.0451,0.0451,223.0,0.0451,223.0,136049.0,
2021-01-05 09:24:07.811,0.0451,0.0451,228.0,0.0451,228.0,136049.0,
2021-01-05 09:24:13.870,0.0451,0.0451,233.0,0.0451,233.0,136049.0,
2021-01-05 09:24:14.881,0.0451,0.0451,251.0,0.0451,251.0,136049.0,
2021-01-05 09:24:15.380,0.0451,0.0451,287.0,0.0451,287.0,136049.0,
2021-01-05 09:24:15.891,0.0451,0.0451,297.0,0.0451,297.0,136049.0,
2021-01-05 09:24:16.911,0.0451,0.0451,301.0,0.0451,301.0,136049.0,
2021-01-05 09:24:19.430,0.0451,0.0451,301.0,0.0451,301.0,136049.0,
2021-01-05 09:24:20.431,0.045,0.045,302.0,0.045,302.0,136049.0,
2021-01-05 09:24:20.940,0.0449,0.0449,302.0,0.0449,302.0,136049.0,
2021-01-05 09:24:21.441,0.0449,0.0449,302.0,0.0449,302.0,136049.0,
2021-01-05 09:24:21.950,0.0451,0.0451,351.0,0.0451,351.0,136049.0,
2021-01-05 09:24:24.150,0.0449,0.0449,353.0,0.0449,353.0,136049.0,
2021-01-05 09:24:24.651,0.0449,0.0449,353.0,0.0449,353.0,136049.0,
2021-01-05 09:24:27.170,0.0445,0.0445,353.0,0.0445,353.0,136049.0,
2021-01-05 09:24:27.670,0.0441,0.0441,354.0,0.0441,354.0,136049.0,
2021-01-05 09:24:28.171,0.0436,0.0436,355.0,0.0436,355.0,136049.0,
2021-01-05 09:24:29.201,0.0436,0.0436,360.0,0.0436,360.0,136049.0,
2021-01-05 09:24:30.701,0.0436,0.0436,361.0,0.0436,361.0,136049.0,
2021-01-05 09:24:31.200,0.0435,0.0435,363.0,0.0435,363.0,136049.0,
2021-01-05 09:24:31.711,0.0435,0.0435,365.0,0.0435,365.0,136049.0,
2021-01-05 09:24:34.220,0.0435,0.0435,365.0,0.0435,365.0,136049.0,
2021-01-05 09:24:34.720,0.0435,0.0435,366.0,0.0435,366.0,136049.0,
2021-01-05 09:24:35.221,0.0435,0.0435,366.0,0.0435,366.0,136049.0,
2021-01-05 09:24:35.721,0.0435,0.0435,369.0,0.0435,369.0,136049.0,
2021-01-05 09:24:36.731,0.0435,0.0435,374.0,0.0435,374.0,136049.0,
2021-01-05 09:24:47.781,0.0435,0.0435,394.0,0.0435,394.0,136049.0,
2021-01-05 09:24:50.290,0.0435,0.0435,395.0,0.0435,395.0,136049.0,
2021-01-05 09:24:51.791,0.0435,0.0435,396.0,0.0435,396.0,136049.0,
2021-01-05 09:24:52.300,0.0435,0.0435,396.0,0.0435,396.0,136049.0,
2021-01-05 09:24:52.651,0.0435,0.0435,401.0,0.0435,401.0,136049.0,
2021-01-05 09:24:56.171,0.0435,0.0435,406.0,0.0435,406.0,136049.0,
2021-01-05 09:24:57.181,0.0435,0.0435,406.0,0.0435,406.0,136049.0,
2021-01-05 09:24:58.171,0.0435,0.0435,406.0,0.0435,406.0,136049.0,
2021-01-05 09:24:58.680,0.0432,0.0432,408.0,0.0432,408.0,136049.0,
2021-01-05 09:24:59.181,0.0435,0.0435,440.0,0.0435,440.0,136049.0,
2021-01-05 09:25:00.080,0.0435,0.0435,95.0,0.0434,1.0,136152.0,440.0
2021-01-05 09:30:00.451,0.0421,0.0421,19.0,0.042,27.0,136105.0,569.0
2021-01-05 09:30:00.991,0.0431,0.0431,303.0,0.0421,13.0,135967.0,794.0
2021-01-05 09:30:01.481,0.0431,0.0427,10.0,0.0421,3.0,135929.0,875.0
2021-01-05 09:30:01.990,0.0431,0.0429,1.0,0.0426,10.0,135931.0,1036.0
2021-01-05 09:30:02.501,0.0431,0.043,8.0,0.0424,10.0,135891.0,1078.0
2021-01-05 09:30:03.010,0.043,0.0431,255.0,0.0427,11.0,135889.0,1098.0
2021-01-05 09:30:03.460,0.0431,0.0431,226.0,0.0427,11.0,135863.0,1132.0
2021-01-05 09:30:03.980,0.0431,0.0431,255.0,0.0427,6.0,135858.0,1138.0
2021-01-05 09:30:04.430,0.0431,0.0431,105.0,0.0427,6.0,135858.0,1138.0
2021-01-05 09:30:05.010,0.0427,0.0424,60.0,0.042,7.0,135839.0,1170.0
2021-01-05 09:30:05.471,0.0424,0.0424,42.0,0.0423,10.0,135787.0,1267.0
2021-01-05 09:30:05.971,0.0412,0.0423,5.0,0.0412,18.0,135808.0,1315.0
2021-01-05 09:30:06.480,0.0422,0.0422,4.0,0.0412,18.0,135808.0,1316.0
2021-01-05 09:30:06.971,0.0422,0.0422,4.0,0.0412,28.0,135808.0,1316.0
2021-01-05 09:30:07.471,0.0422,0.0421,5.0,0.0412,18.0,135808.0,1316.0
2021-01-05 09:30:07.801,0.042,0.0423,15.0,0.0412,28.0,135808.0,1321.0
2021-01-05 09:30:08.520,0.0423,0.0422,14.0,0.0415,10.0,135809.0,1322.0
2021-01-05 09:30:08.900,0.0412,0.0412,8.0,0.0411,4.0,135789.0,1381.0
2021-01-05 09:30:09.400,0.0423,0.0412,20.0,0.0411,4.0,135773.0,1407.0
2021-01-05 09:30:09.861,0.0414,0.0412,20.0,0.0411,13.0,135743.0,1437.0
2021-01-05 09:30:10.501,0.0413,0.0412,17.0,0.0411,13.0,135698.0,1491.0
2021-01-05 09:30:11.000,0.0411,0.0412,17.0,0.0411,7.0,135647.0,1546.0
2021-01-05 09:30:11.440,0.0411,0.0418,10.0,0.0411,35.0,135618.0,1575.0
2021-01-05 09:30:11.970,0.0411,0.0417,5.0,0.0411,46.0,135613.0,1580.0
2021-01-05 09:30:12.491,0.0411,0.0417,5.0,0.0411,46.0,135613.0,1580.0
2021-01-05 09:30:12.860,0.0411,0.042,9.0,0.0414,10.0,135613.0,1580.0
2021-01-05 09:30:13.461,0.0413,0.0421,9.0,0.0413,53.0,135568.0,1630.0
2021-01-05 09:30:13.941,0.0413,0.0421,36.0,0.0413,39.0,135568.0,1635.0
2021-01-05 09:30:14.521,0.0413,0.042,10.0,0.0413,39.0,135568.0,1635.0
2021-01-05 09:30:15.030,0.0413,0.042,53.0,0.0417,1.0,135568.0,1635.0
2021-01-05 09:30:15.520,0.0413,0.042,106.0,0.0413,36.0,135572.0,1639.0
2021-01-05 09:30:15.991,0.0413,0.042,156.0,0.0415,40.0,135572.0,1646.0
2021-01-05 09:30:16.391,0.0413,0.042,232.0,0.0416,7.0,135572.0,1646.0
2021-01-05 09:30:17.021,0.0416,0.0419,10.0,0.0416,5.0,135565.0,1653.0
2021-01-05 09:30:17.641,0.0416,0.0424,9.0,0.0416,7.0,135565.0,1654.0
2021-01-05 09:30:18.160,0.0419,0.0424,10.0,0.0419,9.0,135565.0,1655.0
2021-01-05 09:30:18.750,0.0417,0.0417,72.0,0.0416,90.0,135484.0,1761.0
2021-01-05 09:30:18.990,0.0424,0.0425,10.0,0.0424,8.0,135415.0,1865.0
2021-01-05 09:30:19.741,0.0425,0.0425,6.0,0.0424,4.0,135419.0,1870.0
2021-01-05 09:30:20.240,0.0425,0.0426,14.0,0.0425,4.0,135425.0,1876.0
2021-01-05 09:30:20.740,0.0425,0.0427,18.0,0.0424,9.0,135429.0,1899.0
2021-01-05 09:30:21.241,0.0424,0.0426,12.0,0.0424,8.0,135430.0,1901.0
2021-01-05 09:30:21.741,0.0424,0.0427,17.0,0.0424,1.0,135487.0,1961.0
2021-01-05 09:30:21.941,0.0424,0.0425,10.0,0.042,9.0,135488.0,1962.0
2021-01-05 09:30:22.671,0.0424,0.0426,9.0,0.0419,18.0,135488.0,1962.0
2021-01-05 09:30:23.170,0.0419,0.0425,1.0,0.0418,9.0,135468.0,1982.0
2021-01-05 09:30:23.670,0.0419,0.0422,10.0,0.042,20.0,135468.0,1982.0
2021-01-05 09:30:24.140,0.042,0.0422,25.0,0.042,16.0,135468.0,1986.0
2021-01-05 09:30:24.661,0.0417,0.0419,11.0,0.0417,11.0,135468.0,2018.0
2021-01-05 09:30:25.101,0.0418,0.0418,5.0,0.0417,11.0,135518.0,2070.0
2021-01-05 09:30:25.241,0.0418,0.0419,15.0,0.0417,11.0,135519.0,2072.0
2021-01-05 09:30:26.071,0.0419,0.042,19.0,0.0415,10.0,135524.0,2097.0
2021-01-05 09:30:26.551,0.0419,0.0419,15.0,0.0417,22.0,135524.0,2097.0
2021-01-05 09:30:27.170,0.0419,0.042,63.0,0.0419,25.0,135557.0,2142.0
2021-01-05 09:30:27.421,0.0417,0.0417,2.0,0.0416,20.0,135556.0,2177.0
2021-01-05 09:30:28.161,0.0416,0.0416,8.0,0.0414,9.0,135576.0,2209.0
2021-01-05 09:30:28.641,0.0416,0.0416,14.0,0.0414,7.0,135576.0,2234.0
2021-01-05 09:30:29.141,0.0416,0.0416,15.0,0.0414,7.0,135576.0,2234.0
2021-01-05 09:30:29.550,0.0415,0.0415,14.0,0.0414,7.0,135551.0,2275.0
2021-01-05 09:30:30.171,0.0415,0.0415,16.0,0.0414,2.0,135548.0,2283.0
2021-01-05 09:30:30.620,0.0419,0.0419,64.0,0.0416,2.0,135544.0,2314.0
2021-01-05 09:30:31.121,0.0419,0.0419,56.0,0.0417,2.0,135544.0,2314.0
2021-01-05 09:30:31.661,0.0414,0.0419,46.0,0.0414,5.0,135531.0,2344.0
2021-01-05 09:30:32.130,0.0419,0.042,40.0,0.0419,1.0,135561.0,2410.0
2021-01-05 09:30:32.551,0.0419,0.042,45.0,0.0419,11.0,135558.0,2427.0
2021-01-05 09:30:33.171,0.042,0.042,7.0,0.0419,7.0,135554.0,2433.0
2021-01-05 09:30:33.651,0.0419,0.042,9.0,0.0419,2.0,135554.0,2440.0
2021-01-05 09:30:34.141,0.042,0.0422,39.0,0.0417,50.0,135559.0,2452.0
2021-01-05 09:30:34.670,0.042,0.0422,20.0,0.042,3.0,135559.0,2452.0
2021-01-05 09:30:35.121,0.042,0.0423,175.0,0.0422,5.0,135559.0,2455.0
2021-01-05 09:30:35.680,0.0419,0.0419,14.0,0.0417,73.0,135554.0,2461.0
2021-01-05 09:30:36.160,0.0419,0.0419,43.0,0.0417,73.0,135554.0,2462.0
2021-01-05 09:30:36.681,0.0419,0.0419,34.0,0.0417,50.0,135554.0,2472.0
2021-01-05 09:30:37.171,0.0419,0.0419,29.0,0.0417,49.0,135553.0,2478.0
2021-01-05 09:30:37.670,0.0417,0.0419,39.0,0.0417,47.0,135551.0,2480.0
2021-01-05 09:30:38.141,0.0419,0.0419,33.0,0.0417,47.0,135551.0,2486.0
2021-01-05 09:30:38.700,0.0417,0.0419,23.0,0.0417,37.0,135551.0,2496.0
2021-01-05 09:30:39.201,0.042,0.0421,9.0,0.042,10.0,135546.0,2552.0
2021-01-05 09:30:39.451,0.042,0.042,2.0,0.0418,9.0,135546.0,2562.0
2021-01-05 09:30:40.170,0.042,0.042,22.0,0.0418,9.0,135546.0,2562.0
2021-01-05 09:30:40.690,0.042,0.0421,31.0,0.042,3.0,135546.0,2564.0
2021-01-05 09:30:40.931,0.042,0.042,5.0,0.0419,7.0,135545.0,2567.0
2021-01-05 09:30:41.701,0.0418,0.0421,26.0,0.0418,14.0,135556.0,2585.0
2021-01-05 09:30:42.181,0.0421,0.0421,25.0,0.0417,54.0,135561.0,2591.0
2021-01-05 09:30:42.550,0.0421,0.0421,19.0,0.0417,125.0,135561.0,2591.0
2021-01-05 09:30:43.170,0.0422,0.0422,189.0,0.0421,35.0,135550.0,2621.0
2021-01-05 09:30:43.681,0.0422,0.0422,149.0,0.0421,40.0,135550.0,2661.0
2021-01-05 09:30:44.171,0.0422,0.0422,118.0,0.0421,4.0,135505.0,2734.0
2021-01-05 09:30:44.650,0.042,0.0422,117.0,0.0421,2.0,135494.0,2745.0
2021-01-05 09:30:44.980,0.0422,0.0422,113.0,0.0421,11.0,135490.0,2752.0
2021-01-05 09:30:45.710,0.0421,0.0422,68.0,0.0421,7.0,135441.0,2801.0
2021-01-05 09:30:46.181,0.0422,0.0422,12.0,0.0421,4.0,135390.0,2860.0
2021-01-05 09:30:46.671,0.0421,0.0421,18.0,0.042,23.0,135373.0,2882.0
2021-01-05 09:30:47.191,0.0422,0.0423,125.0,0.0422,40.0,135379.0,2936.0
2021-01-05 09:30:47.691,0.0423,0.0423,94.0,0.0422,60.0,135348.0,2967.0
2021-01-05 09:30:48.200,0.0422,0.0423,62.0,0.0422,53.0,135317.0,3006.0
2021-01-05 09:30:48.711,0.0423,0.0424,1.0,0.0423,4.0,135273.0,3068.0
2021-01-05 09:30:49.210,0.0425,0.0426,136.0,0.0422,221.0,135281.0,3078.0
2021-01-05 09:30:49.441,0.0426,0.0425,15.0,0.0422,233.0,135269.0,3126.0
2021-01-05 09:30:50.171,0.0425,0.0425,15.0,0.0422,233.0,135269.0,3130.0
2021-01-05 09:30:50.720,0.0423,0.0426,96.0,0.0422,208.0,135294.0,3172.0
2021-01-05 09:30:51.181,0.0422,0.0425,3.0,0.0422,204.0,135309.0,3188.0
2021-01-05 09:30:51.521,0.0425,0.0424,15.0,0.0423,1.0,135312.0,3204.0
2021-01-05 09:30:51.931,0.0426,0.0426,91.0,0.0423,1.0,135312.0,3209.0
2021-01-05 09:30:52.551,0.0423,0.0426,82.0,0.0422,216.0,135303.0,3219.0
2021-01-05 09:30:53.120,0.0426,0.0426,78.0,0.0425,10.0,135303.0,3227.0
2021-01-05 09:30:53.621,0.0425,0.0425,3.0,0.0424,5.0,135307.0,3242.0
2021-01-05 09:30:54.130,0.0426,0.0426,63.0,0.0424,5.0,135298.0,3255.0
2021-01-05 09:30:54.670,0.0426,0.0426,6.0,0.0424,29.0,135293.0,3317.0
2021-01-05 09:30:55.081,0.0426,0.0428,1.0,0.0427,3.0,135293.0,3323.0
2021-01-05 09:30:55.671,0.0428,0.0428,10.0,0.0427,2.0,135292.0,3325.0
2021-01-05 09:30:56.170,0.0428,0.0427,4.0,0.0426,7.0,135292.0,3335.0
2021-01-05 09:30:56.520,0.0426,0.0428,8.0,0.0426,6.0,135291.0,3342.0
2021-01-05 09:30:57.000,0.0428,0.0429,15.0,0.0428,14.0,135291.0,3350.0
2021-01-05 09:30:57.571,0.0425,0.043,11.0,0.0424,59.0,135257.0,3388.0
2021-01-05 09:30:58.091,0.0425,0.0427,30.0,0.0424,45.0,135257.0,3388.0
2021-01-05 09:30:58.651,0.0424,0.0427,24.0,0.0423,100.0,135249.0,3434.0
2021-01-05 09:30:59.171,0.0423,0.0426,15.0,0.0423,95.0,135259.0,3444.0
2021-01-05 09:30:59.640,0.0423,0.0424,42.0,0.0423,135.0,135262.0,3454.0
2021-01-05 09:31:00.161,0.0423,0.0428,76.0,0.0426,5.0,135307.0,3502.0
2021-01-05 09:31:00.681,0.0424,0.0424,2.0,0.0423,155.0,135314.0,3509.0
2021-01-05 09:31:00.681,0.0424,0.0425,15.0,0.0423,185.0,135314.0,3509.0
2021-01-05 09:31:01.680,0.0423,0.0424,30.0,0.0423,127.0,135357.0,3587.0
2021-01-05 09:31:02.170,0.0422,0.0423,64.0,0.0422,182.0,135505.0,3735.0
2021-01-05 09:31:02.560,0.0422,0.0423,1.0,0.0422,133.0,135571.0,3849.0
2021-01-05 09:31:03.131,0.0422,0.0427,13.0,0.0422,95.0,135613.0,3909.0
2021-01-05 09:31:03.680,0.0422,0.0427,3.0,0.0425,1.0,135632.0,3950.0
2021-01-05 09:31:04.051,0.0426,0.0428,20.0,0.0427,5.0,135616.0,4002.0
2021-01-05 09:31:04.671,0.0424,0.0424,20.0,0.0422,40.0,135586.0,4048.0
2021-01-05 09:31:05.130,0.0424,0.0424,29.0,0.0423,15.0,135580.0,4074.0
2021-01-05 09:31:05.670,0.0423,0.0424,14.0,0.0422,40.0,135535.0,4122.0
2021-01-05 09:31:06.110,0.0425,0.0426,30.0,0.0424,21.0,135521.0,4166.0
2021-01-05 09:31:06.650,0.0426,0.0428,10.0,0.0426,9.0,135456.0,4232.0
2021-01-05 09:31:07.190,0.0427,0.0428,10.0,0.0427,20.0,135446.0,4242.0
2021-01-05 09:31:07.470,0.0427,0.0428,10.0,0.0427,17.0,135430.0,4268.0
2021-01-05 09:31:08.200,0.0428,0.0429,65.0,0.0426,10.0,135430.0,4273.0
2021-01-05 09:31:08.631,0.0428,0.0429,20.0,0.0428,45.0,135425.0,4285.0
2021-01-05 09:31:09.051,0.0429,0.0429,13.0,0.0428,35.0,135425.0,4292.0
2021-01-05 09:31:09.451,0.0428,0.0429,13.0,0.0428,32.0,135422.0,4295.0
2021-01-05 09:31:10.200,0.0429,0.0429,6.0,0.0428,32.0,135429.0,4302.0
2021-01-05 09:31:10.611,0.043,0.043,36.0,0.0429,41.0,135430.0,4311.0
2021-01-05 09:31:11.170,0.0429,0.043,46.0,0.0429,64.0,135428.0,4313.0
2021-01-05 09:31:11.701,0.0429,0.043,56.0,0.0429,35.0,135428.0,4313.0
2021-01-05 09:31:12.171,0.043,0.043,19.0,0.0429,28.0,135438.0,4357.0
2021-01-05 09:31:12.611,0.0431,0.0431,75.0,0.043,48.0,135483.0,4461.0
2021-01-05 09:31:12.930,0.043,0.0431,110.0,0.043,107.0,135560.0,4545.0
2021-01-05 09:31:13.681,0.043,0.0431,105.0,0.043,78.0,135564.0,4574.0
2021-01-05 09:31:14.200,0.043,0.0431,75.0,0.043,60.0,135594.0,4667.0
2021-01-05 09:31:14.690,0.043,0.0431,56.0,0.0429,50.0,135596.0,4728.0
2021-01-05 09:31:14.911,0.043,0.043,29.0,0.0429,30.0,135603.0,4750.0
2021-01-05 09:31:15.621,0.043,0.043,32.0,0.0429,29.0,135617.0,4764.0
2021-01-05 09:31:16.161,0.0429,0.0429,9.0,0.0428,8.0,135628.0,4815.0
2021-01-05 09:31:16.711,0.0428,0.043,17.0,0.0428,6.0,135604.0,4847.0
2021-01-05 09:31:17.201,0.0431,0.0431,78.0,0.043,10.0,135600.0,4868.0
2021-01-05 09:31:17.650,0.043,0.0429,19.0,0.0428,6.0,135595.0,4878.0
2021-01-05 09:31:18.121,0.0431,0.043,10.0,0.0429,35.0,135546.0,4927.0
2021-01-05 09:31:18.691,0.0431,0.0432,22.0,0.0431,19.0,135536.0,4941.0
2021-01-05 09:31:19.150,0.0432,0.0433,13.0,0.0432,48.0,135533.0,4945.0
2021-01-05 09:31:19.540,0.0432,0.0433,20.0,0.0432,39.0,135529.0,4962.0
2021-01-05 09:31:20.171,0.0433,0.0434,135.0,0.0433,9.0,135526.0,4965.0
2021-01-05 09:31:20.630,0.0433,0.0434,126.0,0.0432,91.0,135526.0,4965.0
2021-01-05 09:31:21.221,0.0433,0.0433,1.0,0.0432,24.0,135541.0,5086.0
2021-01-05 09:31:21.671,0.0433,0.0433,105.0,0.0432,12.0,135556.0,5169.0
2021-01-05 09:31:22.211,0.0432,0.0432,7.0,0.043,20.0,135591.0,5259.0
2021-01-05 09:31:22.620,0.0431,0.0431,29.0,0.043,16.0,135596.0,5274.0
2021-01-05 09:31:23.091,0.0429,0.0429,24.0,0.0428,5.0,135601.0,5296.0
2021-01-05 09:31:23.621,0.0431,0.0431,30.0,0.043,26.0,135602.0,5298.0
2021-01-05 09:31:24.161,0.0428,0.0428,5.0,0.0427,40.0,135602.0,5329.0
2021-01-05 09:31:24.620,0.0428,0.0431,70.0,0.0428,30.0,135597.0,5334.0
2021-01-05 09:31:25.131,0.0431,0.0431,15.0,0.043,15.0,135597.0,5359.0
2021-01-05 09:31:25.630,0.043,0.0431,15.0,0.0429,25.0,135582.0,5374.0
2021-01-05 09:31:26.101,0.0433,0.0433,4.0,0.0431,17.0,135652.0,5489.0
2021-01-05 09:31:26.670,0.0429,0.0432,40.0,0.0429,18.0,135633.0,5521.0
2021-01-05 09:31:27.060,0.0432,0.0433,60.0,0.0431,2.0,135643.0,5541.0
2021-01-05 09:31:27.590,0.0429,0.0431,32.0,0.0429,22.0,135644.0,5546.0
2021-01-05 09:31:28.091,0.0429,0.0431,2.0,0.0429,22.0,135644.0,5546.0
2021-01-05 09:31:28.610,0.0431,0.0431,2.0,0.0429,7.0,135642.0,5576.0
2021-01-05 09:31:29.140,0.043,0.043,3.0,0.0429,4.0,135642.0,5616.0
2021-01-05 09:31:29.641,0.0432,0.0432,23.0,0.043,3.0,135649.0,5666.0
2021-01-05 09:31:30.170,0.0429,0.0431,10.0,0.0429,3.0,135646.0,5670.0
2021-01-05 09:31:30.671,0.0429,0.043,23.0,0.0429,33.0,135649.0,5720.0
2021-01-05 09:31:31.101,0.043,0.043,23.0,0.0429,65.0,135650.0,5725.0
2021-01-05 09:31:31.661,0.0433,0.0433,18.0,0.0429,65.0,135689.0,5825.0
2021-01-05 09:31:32.191,0.0431,0.0431,32.0,0.0429,35.0,135689.0,5833.0
2021-01-05 09:31:32.671,0.043,0.0431,42.0,0.043,20.0,135687.0,5845.0
2021-01-05 09:31:33.190,0.043,0.0431,21.0,0.043,20.0,135687.0,5845.0
2021-01-05 09:31:33.480,0.043,0.0431,21.0,0.043,20.0,135687.0,5845.0
2021-01-05 09:31:34.181,0.043,0.0431,21.0,0.043,48.0,135687.0,5847.0
2021-01-05 09:31:34.681,0.0431,0.0431,41.0,0.043,18.0,135687.0,5857.0
2021-01-05 09:31:35.190,0.0431,0.0431,51.0,0.043,18.0,135687.0,5857.0
2021-01-05 09:31:35.670,0.043,0.0431,8.0,0.043,10.0,135687.0,5868.0
2021-01-05 09:31:36.181,0.043,0.0431,8.0,0.043,12.0,135687.0,5876.0
2021-01-05 09:31:36.690,0.0429,0.043,43.0,0.0429,37.0,135693.0,5908.0
2021-01-05 09:31:37.191,0.043,0.043,24.0,0.0429,63.0,135703.0,5923.0
2021-01-05 09:31:37.620,0.043,0.043,8.0,0.0429,63.0,135699.0,5927.0
2021-01-05 09:31:38.190,0.0432,0.0432,74.0,0.0431,2.0,135698.0,5970.0
2021-01-05 09:31:38.621,0.0431,0.0432,74.0,0.0431,21.0,135729.0,6001.0
2021-01-05 09:31:39.210,0.0433,0.0433,8.0,0.0432,7.0,135742.0,6092.0
2021-01-05 09:31:39.710,0.0432,0.0434,93.0,0.0432,7.0,135730.0,6164.0
2021-01-05 09:31:39.921,0.0432,0.0434,93.0,0.0433,13.0,135730.0,6164.0
2021-01-05 09:31:40.711,0.0433,0.0433,23.0,0.0432,15.0,135736.0,6236.0
2021-01-05 09:31:41.191,0.0434,0.0435,190.0,0.0434,1.0,135707.0,6293.0
2021-01-05 09:31:41.681,0.0435,0.0435,103.0,0.0434,50.0,135613.0,6387.0
2021-01-05 09:31:42.211,0.0434,0.0435,43.0,0.0434,59.0,135565.0,6458.0
2021-01-05 09:31:42.711,0.0434,0.0435,42.0,0.0434,48.0,135576.0,6470.0
2021-01-05 09:31:43.191,0.0434,0.0435,42.0,0.0434,9.0,135574.0,6492.0
2021-01-05 09:31:43.621,0.0432,0.0435,72.0,0.0432,6.0,135574.0,6528.0
2021-01-05 09:31:44.190,0.0435,0.0435,101.0,0.0432,39.0,135571.0,6554.0
2021-01-05 09:31:44.670,0.0432,0.0432,3.0,0.0431,28.0,135571.0,6557.0
2021-01-05 09:31:45.170,0.0433,0.0435,29.0,0.0433,19.0,135560.0,6579.0
2021-01-05 09:31:45.621,0.0435,0.0435,55.0,0.0433,28.0,135556.0,6583.0
2021-01-05 09:31:46.071,0.0434,0.0435,25.0,0.0434,26.0,135552.0,6587.0
2021-01-05 09:31:46.701,0.0433,0.0435,22.0,0.0434,13.0,135509.0,6635.0
2021-01-05 09:31:46.970,0.0433,0.0434,1.0,0.0433,31.0,135509.0,6635.0
2021-01-05 09:31:47.690,0.0434,0.0434,17.0,0.0433,31.0,135484.0,6668.0
2021-01-05 09:31:47.921,0.0436,0.0436,10.0,0.0435,38.0,135459.0,6720.0
2021-01-05 09:31:48.691,0.0436,0.0436,3.0,0.0435,98.0,135459.0,6730.0
2021-01-05 09:31:49.221,0.0435,0.0437,4.0,0.0435,92.0,135448.0,6744.0
2021-01-05 09:31:49.671,0.0437,0.0439,30.0,0.0436,34.0,135448.0,6748.0
2021-01-05 09:31:49.980,0.0438,0.044,1.0,0.0438,19.0,135438.0,6769.0
2021-01-05 09:31:50.710,0.0442,0.0442,20.0,0.0438,15.0,135384.0,6831.0
2021-01-05 09:31:51.210,0.0442,0.0441,3.0,0.0437,55.0,135384.0,6831.0
2021-01-05 09:31:51.701,0.0442,0.0441,3.0,0.044,5.0,135384.0,6831.0
2021-01-05 09:31:52.070,0.0442,0.0443,18.0,0.0442,7.0,135411.0,6861.0
2021-01-05 09:31:52.541,0.0442,0.0443,3.0,0.0442,5.0,135411.0,6864.0
2021-01-05 09:31:52.960,0.0443,0.0443,15.0,0.0442,5.0,135412.0,6868.0
2021-01-05 09:31:53.630,0.0443,0.0444,3.0,0.0443,10.0,135412.0,6884.0
2021-01-05 09:31:54.151,0.0443,0.0444,3.0,0.0442,55.0,135355.0,6941.0
2021-01-05 09:31:54.641,0.0442,0.0444,2.0,0.0442,62.0,135351.0,6967.0
2021-01-05 09:31:55.150,0.0442,0.0445,3.0,0.0444,10.0,135322.0,7003.0
2021-01-05 09:31:55.670,0.0442,0.0445,3.0,0.0444,15.0,135322.0,7003.0
2021-01-05 09:31:56.110,0.0444,0.0446,9.0,0.0444,16.0,135326.0,7010.0
2021-01-05 09:31:56.631,0.0444,0.0446,25.0,0.0444,16.0,135326.0,7010.0
2021-01-05 09:31:57.130,0.0444,0.0446,36.0,0.0445,50.0,135326.0,7010.0
2021-01-05 09:31:57.530,0.0446,0.0446,30.0,0.0445,46.0,135339.0,7023.0
2021-01-05 09:31:58.150,0.0445,0.0445,1.0,0.0444,13.0,135386.0,7087.0
2021-01-05 09:31:58.640,0.0444,0.0445,21.0,0.0444,10.0,135386.0,7090.0
2021-01-05 09:31:59.180,0.0445,0.0445,15.0,0.0443,30.0,135401.0,7125.0
2021-01-05 09:31:59.660,0.0444,0.0444,12.0,0.0443,9.0,135413.0,7159.0
2021-01-05 09:32:00.150,0.0444,0.0443,5.0,0.0442,50.0,135414.0,7160.0
2021-01-05 09:32:00.650,0.0444,0.0446,51.0,0.0444,5.0,135417.0,7225.0
2021-01-05 09:32:01.091,0.0444,0.0444,40.0,0.0443,15.0,135420.0,7233.0
2021-01-05 09:32:01.601,0.0443,0.0443,49.0,0.0442,35.0,135467.0,7320.0
2021-01-05 09:32:02.160,0.0442,0.0442,23.0,0.044,15.0,135513.0,7383.0
2021-01-05 09:32:02.561,0.0439,0.0441,38.0,0.0437,16.0,135515.0,7402.0
2021-01-05 09:32:03.180,0.0441,0.044,3.0,0.0437,25.0,135504.0,7436.0
2021-01-05 09:32:03.641,0.0441,0.044,9.0,0.0437,25.0,135504.0,7436.0
2021-01-05 09:32:04.050,0.0439,0.0439,43.0,0.0437,5.0,135501.0,7483.0
2021-01-05 09:32:04.630,0.0439,0.0439,15.0,0.0437,5.0,135503.0,7491.0
2021-01-05 09:32:05.130,0.044,0.044,5.0,0.0437,3.0,135484.0,7537.0
2021-01-05 09:32:05.660,0.0438,0.0438,3.0,0.0437,3.0,135454.0,7577.0
2021-01-05 09:32:06.161,0.0441,0.0443,33.0,0.0441,13.0,135456.0,7602.0
2021-01-05 09:32:06.680,0.0443,0.0443,41.0,0.0439,30.0,135457.0,7606.0
2021-01-05 09:32:07.070,0.044,0.0442,10.0,0.044,15.0,135457.0,7636.0
2021-01-05 09:32:07.671,0.044,0.044,15.0,0.0439,16.0,135457.0,7651.0
2021-01-05 09:32:08.171,0.0439,0.0441,18.0,0.0439,13.0,135482.0,7702.0
2021-01-05 09:32:08.651,0.0439,0.0441,1.0,0.044,30.0,135482.0,7702.0
2021-01-05 09:32:09.141,0.0442,0.0443,11.0,0.0442,28.0,135480.0,7705.0
2021-01-05 09:32:09.681,0.0443,0.0445,34.0,0.0443,10.0,135480.0,7722.0
2021-01-05 09:32:10.071,0.0442,0.0443,10.0,0.0442,14.0,135481.0,7762.0
2021-01-05 09:32:10.441,0.0445,0.0444,3.0,0.0443,3.0,135531.0,7812.0
2021-01-05 09:32:11.120,0.0444,0.0442,1.0,0.0441,42.0,135529.0,7822.0
2021-01-05 09:32:11.650,0.0441,0.0441,20.0,0.044,11.0,135543.0,7839.0
2021-01-05 09:32:12.121,0.0439,0.044,21.0,0.0438,18.0,135554.0,7852.0
2021-01-05 09:32:12.670,0.044,0.044,52.0,0.0439,7.0,135557.0,7874.0
2021-01-05 09:32:13.171,0.0441,0.0441,15.0,0.0438,30.0,135589.0,7949.0
2021-01-05 09:32:13.671,0.0441,0.044,3.0,0.0438,40.0,135589.0,7949.0
2021-01-05 09:32:14.180,0.0439,0.0439,17.0,0.0438,12.0,135617.0,8026.0
2021-01-05 09:32:14.560,0.0439,0.0442,10.0,0.0439,34.0,135600.0,8043.0
2021-01-05 09:32:15.171,0.0441,0.0441,7.0,0.044,3.0,135600.0,8047.0
2021-01-05 09:32:15.671,0.0441,0.0442,1.0,0.0441,43.0,135603.0,8054.0
2021-01-05 09:32:16.151,0.0441,0.0443,80.0,0.0441,38.0,135607.0,8069.0
2021-01-05 09:32:16.520,0.0441,0.0443,67.0,0.0442,5.0,135617.0,8079.0
2021-01-05 09:32:17.161,0.0442,0.0442,24.0,0.0441,28.0,135650.0,8121.0
2021-01-05 09:32:17.561,0.0442,0.0442,17.0,0.0441,28.0,135650.0,8121.0
2021-01-05 09:32:18.130,0.0443,0.0443,15.0,0.0441,15.0,135700.0,8185.0
2021-01-05 09:32:18.670,0.0445,0.0445,40.0,0.0441,32.0,135763.0,8248.0
2021-01-05 09:32:19.131,0.0441,0.0443,27.0,0.044,42.0,135765.0,8261.0
2021-01-05 09:32:19.640,0.0443,0.0444,43.0,0.0443,23.0,135792.0,8288.0
2021-01-05 09:32:20.151,0.0443,0.0441,1.0,0.044,57.0,135816.0,8312.0
2021-01-05 09:32:20.671,0.0441,0.0441,14.0,0.044,6.0,135822.0,8332.0
2021-01-05 09:32:21.130,0.0441,0.0441,1.0,0.044,19.0,135843.0,8381.0
2021-01-05 09:32:21.680,0.0441,0.044,15.0,0.0439,17.0,135876.0,8419.0
2021-01-05 09:32:22.181,0.0439,0.044,16.0,0.0439,9.0,135875.0,8427.0
2021-01-05 09:32:22.660,0.0439,0.044,28.0,0.0439,3.0,135875.0,8434.0
2021-01-05 09:32:23.140,0.0439,0.0439,31.0,0.0438,25.0,135875.0,8437.0
2021-01-05 09:32:23.630,0.0438,0.0438,14.0,0.0437,68.0,135884.0,8506.0
2021-01-05 09:32:24.091,0.0438,0.044,13.0,0.0438,38.0,135870.0,8520.0
2021-01-05 09:32:24.640,0.0439,0.0441,16.0,0.0439,15.0,135856.0,8536.0
2021-01-05 09:32:25.170,0.0443,0.0443,4.0,0.0441,34.0,135864.0,8557.0
2021-01-05 09:32:25.670,0.0441,0.0443,72.0,0.0441,8.0,135864.0,8567.0
2021-01-05 09:32:25.950,0.0442,0.0445,35.0,0.0443,8.0,135864.0,8619.0
2021-01-05 09:32:26.581,0.0443,0.0446,36.0,0.0444,13.0,135865.0,8641.0
2021-01-05 09:32:27.151,0.0444,0.0446,18.0,0.0444,13.0,135865.0,8642.0
2021-01-05 09:32:27.311,0.0446,0.0445,3.0,0.0444,13.0,135865.0,8649.0
2021-01-05 09:32:28.171,0.0444,0.0447,50.0,0.0444,18.0,135864.0,8663.0
2021-01-05 09:32:28.630,0.0445,0.0447,20.0,0.0445,12.0,135864.0,8664.0
2021-01-05 09:32:29.180,0.0446,0.0447,10.0,0.0445,28.0,135864.0,8665.0
2021-01-05 09:32:30.171,0.0443,0.0446,40.0,0.0445,6.0,135814.0,8721.0
2021-01-05 09:32:30.671,0.0443,0.0446,10.0,0.0444,13.0,135793.0,8747.0
2021-01-05 09:32:31.080,0.0443,0.0445,1.0,0.0444,15.0,135793.0,8747.0
2021-01-05 09:32:31.621,0.0446,0.0446,6.0,0.0444,18.0,135782.0,8778.0
2021-01-05 09:32:31.950,0.0446,0.0445,1.0,0.0444,30.0,135782.0,8778.0
2021-01-05 09:32:32.690,0.0446,0.0445,1.0,0.0444,43.0,135782.0,8778.0
2021-01-05 09:32:33.141,0.0445,0.0446,10.0,0.0444,58.0,135781.0,8779.0
2021-01-05 09:32:33.671,0.0446,0.0447,14.0,0.0446,20.0,135771.0,8794.0
2021-01-05 09:32:34.171,0.0445,0.0446,11.0,0.0445,13.0,135771.0,8863.0
2021-01-05 09:32:34.691,0.0443,0.0444,1.0,0.0443,43.0,135772.0,8890.0
2021-01-05 09:32:35.170,0.0443,0.0446,40.0,0.0443,43.0,135771.0,8892.0
2021-01-05 09:32:35.671,0.0446,0.0445,4.0,0.0444,43.0,135772.0,8895.0
2021-01-05 09:32:36.190,0.0445,0.0446,23.0,0.0445,13.0,135763.0,8904.0
2021-01-05 09:32:36.691,0.0445,0.0446,6.0,0.0444,94.0,135763.0,8911.0
2021-01-05 09:32:37.141,0.0446,0.0446,28.0,0.0445,50.0,135763.0,8912.0
2021-01-05 09:32:37.661,0.0446,0.0446,28.0,0.0445,50.0,135763.0,8912.0
2021-01-05 09:32:38.190,0.0446,0.0446,15.0,0.0445,40.0,135817.0,8972.0
2021-01-05 09:32:38.670,0.0446,0.0446,74.0,0.0445,26.0,135837.0,8996.0
2021-01-05 09:32:39.200,0.0445,0.0447,39.0,0.0446,50.0,135853.0,9013.0
2021-01-05 09:32:39.630,0.0446,0.0448,87.0,0.0446,34.0,135860.0,9030.0
2021-01-05 09:32:40.111,0.0446,0.0447,16.0,0.0446,33.0,135861.0,9031.0
2021-01-05 09:32:40.491,0.0446,0.0447,27.0,0.0446,32.0,135862.0,9032.0
2021-01-05 09:32:41.200,0.0447,0.0447,22.0,0.0446,58.0,135877.0,9051.0
2021-01-05 09:32:41.640,0.0446,0.0447,13.0,0.0446,81.0,135887.0,9061.0
2021-01-05 09:32:42.161,0.0446,0.0447,28.0,0.0446,48.0,135887.0,9061.0
2021-01-05 09:32:42.700,0.0446,0.0447,31.0,0.0446,78.0,135887.0,9061.0
2021-01-05 09:32:43.121,0.0447,0.0448,82.0,0.0447,3.0,135887.0,9064.0
2021-01-05 09:32:43.580,0.0447,0.0447,19.0,0.0446,78.0,135887.0,9067.0
2021-01-05 09:32:44.151,0.0446,0.0446,6.0,0.0445,22.0,135896.0,9116.0
2021-01-05 09:32:44.700,0.0444,0.0445,19.0,0.0444,21.0,135981.0,9218.0
2021-01-05 09:32:44.990,0.0445,0.0445,34.0,0.0444,12.0,135992.0,9229.0
2021-01-05 09:32:45.580,0.0445,0.0446,3.0,0.0445,23.0,136015.0,9259.0
2021-01-05 09:32:46.041,0.0446,0.0446,11.0,0.0445,23.0,136015.0,9261.0
2021-01-05 09:32:46.610,0.0445,0.0447,25.0,0.0445,63.0,136015.0,9262.0
2021-01-05 09:32:47.130,0.0448,0.0447,10.0,0.0446,20.0,136054.0,9312.0
2021-01-05 09:32:47.651,0.0447,0.0449,19.0,0.0447,22.0,136093.0,9365.0
2021-01-05 09:32:48.101,0.0449,0.0449,10.0,0.0448,13.0,136093.0,9384.0
2021-01-05 09:32:48.690,0.045,0.0451,13.0,0.0448,15.0,136093.0,9430.0
2021-01-05 09:32:49.190,0.0448,0.0451,3.0,0.0449,28.0,136093.0,9463.0
2021-01-05 09:32:49.670,0.0455,0.0455,1.0,0.0452,27.0,136098.0,9481.0
2021-01-05 09:32:50.171,0.0456,0.0456,13.0,0.0453,28.0,136098.0,9513.0
2021-01-05 09:32:50.700,0.0454,0.0457,20.0,0.0454,18.0,136098.0,9569.0
2021-01-05 09:32:51.170,0.0454,0.0456,30.0,0.0452,10.0,136062.0,9656.0
2021-01-05 09:32:51.641,0.0456,0.0456,13.0,0.0455,10.0,136062.0,9659.0
2021-01-05 09:32:52.141,0.0455,0.0455,78.0,0.0454,21.0,136054.0,9671.0
2021-01-05 09:32:52.671,0.0452,0.0455,70.0,0.0452,49.0,136054.0,9728.0
2021-01-05 09:32:53.051,0.0455,0.0454,13.0,0.0451,46.0,136055.0,9739.0
2021-01-05 09:32:53.641,0.0453,0.0453,37.0,0.045,45.0,136059.0,9760.0
2021-01-05 09:32:54.100,0.045,0.045,14.0,0.0449,15.0,136072.0,9813.0
2021-01-05 09:32:54.521,0.045,0.045,23.0,0.0448,50.0,136162.0,9903.0
2021-01-05 09:32:55.161,0.045,0.045,10.0,0.0449,28.0,136163.0,9915.0
2021-01-05 09:32:55.650,0.045,0.0451,13.0,0.045,35.0,136178.0,9970.0
2021-01-05 09:32:56.150,0.0455,0.0453,1.0,0.0452,5.0,136187.0,10038.0
2021-01-05 09:32:56.561,0.0454,0.0455,144.0,0.0454,20.0,136186.0,10049.0
2021-01-05 09:32:57.130,0.0454,0.0454,33.0,0.0451,58.0,136186.0,10056.0
2021-01-05 09:32:57.600,0.0451,0.0452,10.0,0.0451,1.0,136185.0,10057.0
2021-01-05 09:32:58.171,0.0451,0.0453,38.0,0.0451,27.0,136183.0,10061.0
2021-01-05 09:32:58.651,0.0452,0.0453,10.0,0.0452,12.0,136191.0,10089.0
2021-01-05 09:32:59.170,0.0451,0.0452,14.0,0.0451,26.0,136196.0,10103.0
2021-01-05 09:32:59.621,0.0453,0.0455,168.0,0.0453,6.0,136222.0,10221.0
2021-01-05 09:33:00.111,0.0453,0.0454,18.0,0.0452,30.0,136222.0,10226.0
2021-01-05 09:33:00.651,0.0454,0.0454,3.0,0.0452,43.0,136225.0,10229.0
2021-01-05 09:33:01.081,0.0454,0.0453,43.0,0.0451,41.0,136225.0,10229.0
2021-01-05 09:33:01.600,0.0451,0.0451,26.0,0.045,32.0,136225.0,10270.0
2021-01-05 09:33:02.130,0.0451,0.0451,40.0,0.045,18.0,136240.0,10285.0
2021-01-05 09:33:02.620,0.045,0.045,52.0,0.0448,3.0,136268.0,10313.0
2021-01-05 09:33:03.121,0.0445,0.0448,12.0,0.0446,13.0,136301.0,10361.0
2021-01-05 09:33:03.681,0.0447,0.0448,38.0,0.0445,68.0,136304.0,10364.0
2021-01-05 09:33:04.140,0.0445,0.0446,23.0,0.0445,47.0,136309.0,10369.0
2021-01-05 09:33:04.630,0.0445,0.0445,41.0,0.0444,61.0,136356.0,10416.0
2021-01-05 09:33:05.181,0.0445,0.0445,144.0,0.0444,35.0,136386.0,10447.0
2021-01-05 09:33:05.630,0.0444,0.0444,23.0,0.0443,5.0,136418.0,10482.0
2021-01-05 09:33:06.170,0.0443,0.0443,39.0,0.0442,7.0,136436.0,10500.0
2021-01-05 09:33:06.651,0.0442,0.0442,15.0,0.0441,5.0,136443.0,10507.0
2021-01-05 09:33:07.171,0.0441,0.0441,20.0,0.044,6.0,136474.0,10550.0
2021-01-05 09:33:07.601,0.0441,0.0442,13.0,0.044,45.0,136471.0,10570.0
2021-01-05 09:33:08.191,0.0442,0.0443,5.0,0.0441,30.0,136473.0,10572.0
2021-01-05 09:33:08.681,0.0442,0.0443,5.0,0.0442,46.0,136473.0,10572.0
2021-01-05 09:33:09.150,0.0442,0.0443,14.0,0.0442,21.0,136469.0,10608.0
2021-01-05 09:33:09.611,0.0443,0.0444,27.0,0.0443,31.0,136469.0,10620.0
2021-01-05 09:33:10.180,0.0443,0.0444,20.0,0.0442,22.0,136469.0,10620.0
2021-01-05 09:33:10.681,0.0442,0.0442,15.0,0.0441,44.0,136469.0,10635.0
2021-01-05 09:33:11.180,0.0442,0.0442,20.0,0.0441,15.0,136469.0,10635.0
2021-01-05 09:33:11.670,0.0442,0.0442,35.0,0.044,16.0,136470.0,10636.0
2021-01-05 09:33:12.181,0.0444,0.0443,10.0,0.044,47.0,136565.0,10736.0
2021-01-05 09:33:12.650,0.0444,0.0444,10.0,0.0442,30.0,136565.0,10736.0
2021-01-05 09:33:13.100,0.0444,0.0445,152.0,0.0443,43.0,136565.0,10736.0
2021-01-05 09:33:13.691,0.0443,0.0444,30.0,0.0442,16.0,136564.0,10737.0
2021-01-05 09:33:14.070,0.0443,0.0443,13.0,0.0442,18.0,136599.0,10772.0
2021-01-05 09:33:14.650,0.0441,0.0443,10.0,0.0441,13.0,136632.0,10858.0
2021-01-05 09:33:15.140,0.0441,0.0443,13.0,0.044,85.0,136632.0,10858.0
2021-01-05 09:33:15.651,0.0441,0.0442,30.0,0.044,45.0,136632.0,10858.0
2021-01-05 09:33:16.181,0.044,0.0441,20.0,0.044,5.0,136655.0,10892.0
2021-01-05 09:33:16.671,0.044,0.044,30.0,0.0438,60.0,136665.0,10907.0
2021-01-05 09:33:17.190,0.044,0.0439,30.0,0.0438,33.0,136665.0,10907.0
2021-01-05 09:33:17.691,0.0441,0.0439,13.0,0.0438,33.0,136705.0,10957.0
2021-01-05 09:33:18.160,0.0438,0.0439,53.0,0.0438,22.0,136715.0,10968.0
2021-01-05 09:33:18.680,0.0438,0.0439,23.0,0.0438,22.0,136715.0,10968.0
2021-01-05 09:33:19.191,0.0438,0.0439,41.0,0.0438,6.0,136747.0,11014.0
2021-01-05 09:33:19.660,0.0438,0.0438,196.0,0.0436,14.0,136764.0,11036.0
2021-01-05 09:33:20.171,0.0438,0.0438,208.0,0.0435,121.0,136773.0,11061.0
2021-01-05 09:33:20.551,0.0438,0.0438,210.0,0.0435,151.0,136773.0,11061.0
2021-01-05 09:33:21.160,0.0435,0.0436,10.0,0.0435,99.0,136772.0,11062.0
2021-01-05 09:33:21.681,0.0435,0.0436,3.0,0.0435,120.0,136772.0,11062.0
2021-01-05 09:33:22.150,0.0435,0.0436,3.0,0.0435,90.0,136772.0,11062.0
2021-01-05 09:33:22.670,0.0435,0.0436,13.0,0.0435,77.0,136772.0,11062.0
2021-01-05 09:33:23.051,0.0435,0.0436,56.0,0.0435,77.0,136772.0,11062.0
2021-01-05 09:33:23.650,0.0435,0.0436,56.0,0.0435,77.0,136772.0,11062.0
2021-01-05 09:33:24.171,0.0435,0.0436,10.0,0.0435,78.0,136770.0,11064.0
2021-01-05 09:33:24.251,0.0436,0.0437,4.0,0.0436,90.0,136745.0,11089.0
2021-01-05 09:33:25.151,0.0436,0.0437,17.0,0.0436,70.0,136745.0,11089.0
2021-01-05 09:33:25.541,0.0437,0.0438,172.0,0.0436,122.0,136745.0,11094.0
2021-01-05 09:33:26.161,0.0437,0.0438,169.0,0.0436,137.0,136745.0,11094.0
2021-01-05 09:33:26.651,0.0437,0.0438,169.0,0.0437,13.0,136745.0,11094.0
2021-01-05 09:33:26.791,0.0437,0.0437,13.0,0.0436,97.0,136744.0,11122.0
2021-01-05 09:33:27.571,0.0438,0.0438,164.0,0.0436,127.0,136744.0,11132.0
2021-01-05 09:33:28.180,0.0438,0.0438,167.0,0.0436,124.0,136744.0,11132.0
2021-01-05 09:33:28.630,0.0438,0.0437,143.0,0.0436,76.0,136744.0,11132.0
2021-01-05 09:33:29.131,0.0438,0.0437,100.0,0.0436,76.0,136744.0,11132.0
2021-01-05 09:33:30.040,0.0437,0.0437,111.0,0.0436,104.0,136742.0,11136.0
2021-01-05 09:33:30.670,0.0437,0.0437,93.0,0.0436,82.0,136742.0,11163.0
2021-01-05 09:33:31.131,0.0437,0.0437,94.0,0.0436,95.0,136742.0,11163.0
2021-01-05 09:33:31.680,0.0436,0.0437,97.0,0.0436,47.0,136747.0,11178.0
2021-01-05 09:33:32.141,0.0436,0.0437,85.0,0.0436,47.0,136747.0,11178.0
2021-01-05 09:33:32.620,0.0436,0.0437,85.0,0.0436,63.0,136747.0,11178.0
2021-01-05 09:33:33.171,0.0436,0.0437,85.0,0.0436,46.0,136747.0,11179.0
2021-01-05 09:33:33.680,0.0436,0.0437,88.0,0.0436,61.0,136737.0,11214.0
2021-01-05 09:33:34.070,0.0436,0.0437,89.0,0.0436,76.0,136737.0,11214.0
2021-01-05 09:33:34.671,0.0437,0.0437,98.0,0.0436,63.0,136737.0,11216.0
2021-01-05 09:33:35.171,0.0437,0.0437,94.0,0.0436,63.0,136737.0,11220.0
2021-01-05 09:33:35.690,0.0437,0.0437,79.0,0.0436,62.0,136736.0,11223.0
2021-01-05 09:33:35.911,0.0437,0.0437,45.0,0.0436,57.0,136684.0,11276.0
2021-01-05 09:33:36.681,0.0436,0.0437,75.0,0.0436,19.0,136721.0,11316.0
2021-01-05 09:33:37.190,0.0436,0.0436,35.0,0.0435,130.0,136740.0,11340.0
2021-01-05 09:33:37.640,0.0435,0.0436,45.0,0.0435,110.0,136732.0,11360.0
2021-01-05 09:33:38.110,0.0435,0.0436,32.0,0.0435,110.0,136733.0,11361.0
2021-01-05 09:33:38.621,0.0435,0.0436,36.0,0.0435,110.0,136733.0,11361.0
2021-01-05 09:33:39.201,0.0435,0.0436,30.0,0.0435,106.0,136736.0,11365.0
2021-01-05 09:33:39.641,0.0436,0.0436,13.0,0.0435,136.0,136769.0,11398.0
2021-01-05 09:33:40.160,0.0436,0.0437,30.0,0.0436,14.0,136769.0,11414.0
2021-01-05 09:33:40.690,0.0437,0.0437,4.0,0.0436,12.0,136744.0,11442.0
2021-01-05 09:33:41.161,0.0438,0.0438,164.0,0.0436,14.0,136746.0,11448.0
2021-01-05 09:33:41.691,0.0438,0.0437,14.0,0.0436,2.0,136746.0,11448.0
2021-01-05 09:33:42.041,0.0437,0.0438,164.0,0.0437,11.0,136737.0,11471.0
2021-01-05 09:33:42.640,0.0438,0.0438,121.0,0.0437,15.0,136727.0,11524.0
2021-01-05 09:33:43.180,0.0438,0.0438,11.0,0.0436,35.0,136727.0,11634.0
2021-01-05 09:33:43.520,0.0439,0.044,11.0,0.0438,20.0,136690.0,11680.0
2021-01-05 09:33:44.110,0.0438,0.0439,13.0,0.0438,58.0,136672.0,11703.0
2021-01-05 09:33:44.671,0.0438,0.0439,13.0,0.0438,13.0,136657.0,11718.0
2021-01-05 09:33:45.180,0.0437,0.0439,3.0,0.0438,15.0,136649.0,11726.0
2021-01-05 09:33:45.660,0.0437,0.044,54.0,0.0438,3.0,136618.0,11760.0
2021-01-05 09:33:46.161,0.0439,0.044,24.0,0.0439,17.0,136604.0,11774.0
2021-01-05 09:33:46.680,0.044,0.0442,11.0,0.0441,7.0,136590.0,11812.0
2021-01-05 09:33:47.191,0.044,0.0442,11.0,0.0441,7.0,136590.0,11812.0
2021-01-05 09:33:47.681,0.0442,0.0442,10.0,0.0441,20.0,136591.0,11813.0
2021-01-05 09:33:48.171,0.0442,0.0442,13.0,0.0441,21.0,136591.0,11813.0
2021-01-05 09:33:48.680,0.0441,0.0441,16.0,0.044,30.0,136591.0,11828.0
2021-01-05 09:33:49.041,0.0441,0.0442,10.0,0.0441,10.0,136582.0,11873.0
2021-01-05 09:33:49.681,0.0441,0.0442,10.0,0.0441,33.0,136582.0,11873.0
2021-01-05 09:33:50.130,0.0441,0.0442,10.0,0.0441,30.0,136581.0,11874.0
2021-01-05 09:33:50.670,0.0442,0.0442,7.0,0.0441,31.0,136581.0,11877.0
2021-01-05 09:33:51.141,0.0442,0.0442,10.0,0.0441,31.0,136581.0,11877.0
2021-01-05 09:33:51.571,0.0441,0.0441,9.0,0.044,29.0,136581.0,11878.0
2021-01-05 09:33:52.190,0.0441,0.0441,15.0,0.044,10.0,136581.0,11891.0
2021-01-05 09:33:52.661,0.0442,0.0442,14.0,0.0441,25.0,136584.0,11909.0
2021-01-05 09:33:52.960,0.0442,0.0442,14.0,0.0441,42.0,136584.0,11909.0
2021-01-05 09:33:53.650,0.0442,0.0442,17.0,0.0441,14.0,136584.0,11909.0
2021-01-05 09:33:54.180,0.0442,0.0442,14.0,0.0441,4.0,136584.0,11909.0
2021-01-05 09:33:54.610,0.0442,0.0442,14.0,0.0441,4.0,136584.0,11909.0
2021-01-05 09:33:55.181,0.0441,0.0441,10.0,0.044,40.0,136575.0,11943.0
2021-01-05 09:33:55.511,0.0441,0.0441,37.0,0.044,51.0,136575.0,12006.0
2021-01-05 09:33:56.040,0.0441,0.0441,37.0,0.044,68.0,136575.0,12015.0
2021-01-05 09:33:56.681,0.0441,0.0441,33.0,0.044,40.0,136575.0,12019.0
2021-01-05 09:33:57.161,0.0441,0.0443,20.0,0.0441,11.0,136575.0,12053.0
2021-01-05 09:33:57.671,0.0443,0.0443,19.0,0.0442,46.0,136574.0,12054.0
2021-01-05 09:33:58.170,0.0443,0.0444,5.0,0.0443,81.0,136553.0,12077.0
2021-01-05 09:33:58.591,0.0444,0.0445,1.0,0.0444,8.0,136553.0,12084.0
2021-01-05 09:33:59.140,0.0445,0.0446,1.0,0.0445,52.0,136553.0,12085.0
2021-01-05 09:33:59.690,0.0446,0.0449,4.0,0.0446,12.0,136553.0,12088.0
2021-01-05 09:34:00.141,0.0446,0.0449,4.0,0.0446,49.0,136553.0,12088.0
2021-01-05 09:34:00.451,0.045,0.045,30.0,0.0447,58.0,136546.0,12099.0
2021-01-05 09:34:01.081,0.045,0.045,30.0,0.0448,28.0,136546.0,12099.0
2021-01-05 09:34:01.661,0.0449,0.045,43.0,0.0449,19.0,136577.0,12130.0
2021-01-05 09:34:02.080,0.0448,0.0449,13.0,0.0447,13.0,136606.0,12170.0
2021-01-05 09:34:02.671,0.0447,0.0449,3.0,0.0447,28.0,136605.0,12171.0
2021-01-05 09:34:03.171,0.0448,0.045,30.0,0.0448,53.0,136603.0,12176.0
2021-01-05 09:34:03.411,0.0448,0.045,30.0,0.0448,38.0,136603.0,12176.0
2021-01-05 09:34:04.120,0.0448,0.045,30.0,0.0449,15.0,136603.0,12176.0
2021-01-05 09:34:04.671,0.0448,0.045,40.0,0.0448,10.0,136603.0,12206.0
2021-01-05 09:34:05.121,0.0448,0.045,27.0,0.0449,30.0,136603.0,12206.0
2021-01-05 09:34:05.630,0.045,0.045,22.0,0.0449,30.0,136603.0,12211.0
2021-01-05 09:34:06.191,0.045,0.045,22.0,0.0449,30.0,136603.0,12211.0
2021-01-05 09:34:06.671,0.045,0.0452,14.0,0.045,21.0,136582.0,12233.0
2021-01-05 09:34:07.130,0.045,0.0452,17.0,0.045,21.0,136582.0,12233.0
2021-01-05 09:34:07.601,0.045,0.0452,17.0,0.045,21.0,136582.0,12233.0
2021-01-05 09:34:08.171,0.0452,0.0454,23.0,0.0452,16.0,136581.0,12251.0
2021-01-05 09:34:08.630,0.0452,0.0454,13.0,0.0452,12.0,136581.0,12251.0
2021-01-05 09:34:09.170,0.0451,0.0454,28.0,0.045,69.0,136631.0,12317.0
2021-01-05 09:34:09.670,0.0452,0.0453,61.0,0.045,30.0,136641.0,12327.0
2021-01-05 09:34:10.140,0.0452,0.0451,10.0,0.045,63.0,136641.0,12327.0
2021-01-05 09:34:10.690,0.0449,0.0451,30.0,0.0449,14.0,136646.0,12349.0
2021-01-05 09:34:11.151,0.0451,0.0451,65.0,0.045,5.0,136652.0,12355.0
2021-01-05 09:34:11.681,0.0448,0.0448,13.0,0.0447,13.0,136652.0,12377.0
2021-01-05 09:34:11.990,0.0448,0.0449,28.0,0.0446,62.0,136652.0,12377.0
2021-01-05 09:34:12.621,0.0449,0.0447,10.0,0.0446,19.0,136700.0,12457.0
2021-01-05 09:34:13.191,0.0446,0.0447,15.0,0.0446,70.0,136713.0,12481.0
2021-01-05 09:34:13.521,0.0447,0.0447,16.0,0.0445,9.0,136714.0,12482.0
2021-01-05 09:34:14.150,0.0447,0.0445,17.0,0.0444,10.0,136714.0,12482.0
2021-01-05 09:34:14.691,0.0444,0.0444,10.0,0.0443,9.0,136716.0,12489.0
2021-01-05 09:34:15.131,0.0446,0.0446,10.0,0.0442,3.0,136751.0,12573.0
2021-01-05 09:34:15.681,0.0448,0.0445,13.0,0.0442,1.0,136799.0,12640.0
2021-01-05 09:34:16.190,0.0446,0.0445,13.0,0.0443,30.0,136855.0,12696.0
2021-01-05 09:34:16.630,0.0445,0.0449,29.0,0.0446,17.0,136855.0,12709.0
2021-01-05 09:34:17.070,0.0445,0.0448,3.0,0.0447,43.0,136855.0,12709.0
2021-01-05 09:34:17.690,0.0448,0.045,15.0,0.0448,13.0,136855.0,12712.0
2021-01-05 09:34:18.201,0.0448,0.0452,24.0,0.0449,30.0,136855.0,12712.0
2021-01-05 09:34:18.201,0.0448,0.0451,33.0,0.045,23.0,136855.0,12712.0
2021-01-05 09:34:19.041,0.0448,0.0451,3.0,0.045,23.0,136855.0,12712.0
2021-01-05 09:34:19.700,0.0447,0.045,10.0,0.0449,13.0,136857.0,12749.0
2021-01-05 09:34:20.180,0.0449,0.0449,7.0,0.0447,35.0,136851.0,12755.0
2021-01-05 09:34:20.651,0.0449,0.0451,30.0,0.0449,3.0,136849.0,12764.0
2021-01-05 09:34:21.131,0.0449,0.0452,30.0,0.045,28.0,136849.0,12765.0
2021-01-05 09:34:21.690,0.045,0.0452,13.0,0.045,32.0,136861.0,12778.0
2021-01-05 09:34:21.730,0.045,0.0454,77.0,0.0451,13.0,136861.0,12778.0
2021-01-05 09:34:22.641,0.045,0.0453,43.0,0.0449,55.0,136861.0,12778.0
2021-01-05 09:34:23.090,0.045,0.0452,26.0,0.0449,61.0,136861.0,12778.0
2021-01-05 09:34:23.640,0.0452,0.0452,21.0,0.045,30.0,136866.0,12783.0
2021-01-05 09:34:24.170,0.045,0.0451,13.0,0.045,24.0,136916.0,12839.0
2021-01-05 09:34:24.191,0.0451,0.0453,58.0,0.0452,20.0,136921.0,12844.0
2021-01-05 09:34:25.150,0.0452,0.0453,38.0,0.0452,19.0,136922.0,12845.0
2021-01-05 09:34:25.671,0.0452,0.0453,23.0,0.0452,49.0,136922.0,12845.0
2021-01-05 09:34:26.020,0.0452,0.0453,36.0,0.0452,49.0,136922.0,12845.0
2021-01-05 09:34:26.641,0.0452,0.0453,24.0,0.0452,52.0,136922.0,12845.0
2021-01-05 09:34:27.150,0.0452,0.0453,24.0,0.0452,42.0,136932.0,12855.0
2021-01-05 09:34:27.690,0.0453,0.0454,40.0,0.0453,5.0,136921.0,12926.0
2021-01-05 09:34:28.120,0.0454,0.0454,28.0,0.0451,47.0,136931.0,12951.0
2021-01-05 09:34:28.621,0.0454,0.0453,13.0,0.0451,35.0,136931.0,12951.0
2021-01-05 09:34:29.090,0.0454,0.0453,31.0,0.0451,32.0,136931.0,12951.0
2021-01-05 09:34:29.601,0.0454,0.0452,13.0,0.0451,32.0,136931.0,12951.0
2021-01-05 09:34:30.141,0.0452,0.0453,16.0,0.0451,35.0,136931.0,12953.0
2021-01-05 09:34:30.681,0.0451,0.0453,29.0,0.0451,23.0,136945.0,12970.0
2021-01-05 09:34:31.190,0.0451,0.0453,10.0,0.0451,68.0,136945.0,12970.0
2021-01-05 09:34:31.691,0.0454,0.0454,13.0,0.0453,5.0,136945.0,12977.0
2021-01-05 09:34:32.121,0.0453,0.0454,15.0,0.0453,7.0,136945.0,12978.0
2021-01-05 09:34:32.640,0.0453,0.0454,31.0,0.0453,13.0,136942.0,12985.0
2021-01-05 09:34:33.090,0.0453,0.0455,44.0,0.0454,5.0,136941.0,13001.0
2021-01-05 09:34:33.541,0.0456,0.0456,5.0,0.0455,3.0,136946.0,13046.0
2021-01-05 09:34:34.171,0.0456,0.0457,19.0,0.0454,33.0,136946.0,13051.0
2021-01-05 09:34:34.630,0.0455,0.0457,4.0,0.0455,1.0,136944.0,13074.0
2021-01-05 09:34:35.130,0.0458,0.0458,47.0,0.0457,1.0,136937.0,13109.0
2021-01-05 09:34:35.670,0.0458,0.0458,8.0,0.0456,13.0,136888.0,13167.0
2021-01-05 09:34:36.171,0.0456,0.0458,3.0,0.0456,43.0,136888.0,13182.0
2021-01-05 09:34:36.680,0.0458,0.0458,13.0,0.0456,28.0,136893.0,13192.0
2021-01-05 09:34:37.161,0.0458,0.0459,30.0,0.0458,5.0,136893.0,13192.0
2021-01-05 09:34:37.481,0.0459,0.0459,28.0,0.0458,6.0,136899.0,13198.0
2021-01-05 09:34:38.171,0.0459,0.0459,13.0,0.0458,34.0,136928.0,13229.0
2021-01-05 09:34:38.611,0.046,0.046,21.0,0.0458,34.0,136929.0,13233.0
2021-01-05 09:34:39.070,0.0459,0.046,24.0,0.0457,37.0,136888.0,13288.0
2021-01-05 09:34:39.470,0.046,0.046,6.0,0.0459,10.0,136888.0,13293.0
2021-01-05 09:34:40.171,0.046,0.0462,4.0,0.046,26.0,136885.0,13299.0
2021-01-05 09:34:40.421,0.046,0.0461,13.0,0.046,11.0,136885.0,13299.0
2021-01-05 09:34:41.201,0.0458,0.0462,19.0,0.0458,11.0,136859.0,13360.0
2021-01-05 09:34:41.690,0.0461,0.0461,11.0,0.0459,33.0,136878.0,13379.0
2021-01-05 09:34:42.100,0.0462,0.0463,33.0,0.0462,15.0,136855.0,13454.0
2021-01-05 09:34:42.680,0.0461,0.0463,33.0,0.0461,12.0,136905.0,13510.0
2021-01-05 09:34:43.191,0.0463,0.0463,28.0,0.0462,30.0,136910.0,13515.0
2021-01-05 09:34:43.581,0.0463,0.0463,39.0,0.0462,20.0,136915.0,13530.0
2021-01-05 09:34:44.011,0.0462,0.0462,17.0,0.0461,11.0,136925.0,13560.0
2021-01-05 09:34:44.701,0.0461,0.0461,13.0,0.0459,52.0,136940.0,13576.0
2021-01-05 09:34:45.200,0.046,0.0462,3.0,0.046,40.0,136945.0,13591.0
2021-01-05 09:34:45.421,0.0463,0.0462,13.0,0.046,25.0,136953.0,13614.0
2021-01-05 09:34:46.140,0.0463,0.0464,28.0,0.0463,17.0,136984.0,13700.0
2021-01-05 09:34:46.660,0.0463,0.0463,27.0,0.0461,23.0,137004.0,13720.0
2021-01-05 09:34:47.181,0.0463,0.0463,11.0,0.0462,13.0,137011.0,13732.0
2021-01-05 09:34:47.630,0.0464,0.0464,21.0,0.0461,10.0,137028.0,13749.0
2021-01-05 09:34:47.990,0.0464,0.0465,52.0,0.0462,3.0,137028.0,13749.0
2021-01-05 09:34:48.681,0.0463,0.0465,65.0,0.0463,17.0,137032.0,13754.0
2021-01-05 09:34:49.210,0.0461,0.0464,10.0,0.0461,5.0,136984.0,13834.0
2021-01-05 09:34:49.701,0.0463,0.0463,64.0,0.0461,10.0,137012.0,13863.0
2021-01-05 09:34:50.161,0.0461,0.0461,15.0,0.046,1.0,137027.0,13878.0
2021-01-05 09:34:50.700,0.0461,0.0461,47.0,0.046,1.0,137027.0,13878.0
2021-01-05 09:34:51.200,0.046,0.0461,32.0,0.046,29.0,137028.0,13880.0
2021-01-05 09:34:51.630,0.046,0.046,40.0,0.0459,17.0,137030.0,13882.0
2021-01-05 09:34:52.080,0.046,0.046,13.0,0.0459,25.0,137047.0,13929.0
2021-01-05 09:34:52.650,0.046,0.046,23.0,0.0459,28.0,137052.0,13934.0
2021-01-05 09:34:53.180,0.046,0.0461,31.0,0.046,23.0,137051.0,13975.0
2021-01-05 09:34:53.651,0.0461,0.0461,12.0,0.046,103.0,137064.0,14004.0
2021-01-05 09:34:54.170,0.0463,0.0463,37.0,0.0461,40.0,137064.0,14017.0
2021-01-05 09:34:54.621,0.0463,0.0463,28.0,0.0462,5.0,137064.0,14083.0
2021-01-05 09:34:55.161,0.0465,0.0466,3.0,0.0465,5.0,137064.0,14136.0
2021-01-05 09:34:55.520,0.0466,0.0467,25.0,0.0465,1.0,137066.0,14141.0
2021-01-05 09:34:55.970,0.0466,0.0468,143.0,0.0466,18.0,137066.0,14141.0
2021-01-05 09:34:56.681,0.0468,0.0468,128.0,0.0467,12.0,137066.0,14146.0
2021-01-05 09:34:57.051,0.0468,0.0468,108.0,0.0467,12.0,137046.0,14166.0
2021-01-05 09:34:57.651,0.0468,0.0468,102.0,0.0467,39.0,137047.0,14173.0
2021-01-05 09:34:58.131,0.0468,0.0468,64.0,0.0467,11.0,137001.0,14240.0
2021-01-05 09:34:58.640,0.0468,0.0468,100.0,0.0466,20.0,137001.0,14245.0
2021-01-05 09:34:59.151,0.0468,0.0468,55.0,0.0466,68.0,137001.0,14250.0
2021-01-05 09:34:59.660,0.0468,0.0468,80.0,0.0466,38.0,137001.0,14255.0
2021-01-05 09:35:00.160,0.0467,0.0468,50.0,0.0467,13.0,137001.0,14257.0
2021-01-05 09:35:00.630,0.0468,0.0468,30.0,0.0467,11.0,136981.0,14287.0
2021-01-05 09:35:01.070,0.0468,0.0468,29.0,0.0467,13.0,136981.0,14288.0
2021-01-05 09:35:01.620,0.0467,0.0467,1.0,0.0466,7.0,136990.0,14310.0
2021-01-05 09:35:02.160,0.0466,0.0466,5.0,0.0463,52.0,137002.0,14342.0
2021-01-05 09:35:02.640,0.0465,0.0465,50.0,0.0463,25.0,137012.0,14352.0
2021-01-05 09:35:03.180,0.0463,0.0463,3.0,0.0462,30.0,137024.0,14387.0
2021-01-05 09:35:03.631,0.0461,0.0463,41.0,0.0461,28.0,137030.0,14407.0
2021-01-05 09:35:04.061,0.0463,0.0465,39.0,0.0462,43.0,137030.0,14415.0
2021-01-05 09:35:04.580,0.0463,0.0463,7.0,0.0461,63.0,137030.0,14418.0
2021-01-05 09:35:05.180,0.0464,0.0464,37.0,0.0463,85.0,137031.0,14419.0
2021-01-05 09:35:05.671,0.0464,0.0465,64.0,0.0463,55.0,137031.0,14420.0
2021-01-05 09:35:06.180,0.0465,0.0465,62.0,0.0464,20.0,137042.0,14431.0
2021-01-05 09:35:06.591,0.0464,0.0466,15.0,0.0464,26.0,137042.0,14462.0
2021-01-05 09:35:07.131,0.0465,0.0467,25.0,0.0465,43.0,137043.0,14475.0
2021-01-05 09:35:07.650,0.0466,0.0468,42.0,0.0466,30.0,137043.0,14488.0
2021-01-05 09:35:08.121,0.0468,0.0469,1.0,0.0468,59.0,137005.0,14532.0
2021-01-05 09:35:08.661,0.0468,0.0471,25.0,0.0468,68.0,137005.0,14550.0
2021-01-05 09:35:09.060,0.0471,0.0472,15.0,0.047,25.0,137055.0,14617.0
2021-01-05 09:35:09.471,0.0471,0.0473,5.0,0.0471,16.0,137055.0,14618.0
2021-01-05 09:35:10.180,0.0472,0.0473,8.0,0.0472,13.0,137054.0,14629.0
2021-01-05 09:35:10.691,0.0473,0.0473,3.0,0.0471,13.0,137054.0,14634.0
2021-01-05 09:35:11.150,0.0471,0.0473,2.0,0.0471,24.0,137058.0,14649.0
2021-01-05 09:35:11.680,0.0473,0.0474,3.0,0.0473,33.0,137058.0,14651.0
2021-01-05 09:35:12.101,0.0472,0.0474,3.0,0.0473,13.0,137068.0,14662.0
2021-01-05 09:35:12.691,0.0472,0.0474,2.0,0.0472,11.0,137077.0,14700.0
2021-01-05 09:35:13.160,0.0472,0.0472,16.0,0.047,20.0,137082.0,14730.0
2021-01-05 09:35:13.640,0.047,0.047,10.0,0.0468,43.0,137112.0,14780.0
2021-01-05 09:35:14.191,0.0466,0.0467,10.0,0.0466,11.0,137147.0,14851.0
2021-01-05 09:35:14.691,0.0466,0.0466,17.0,0.0464,2.0,137149.0,14864.0
2021-01-05 09:35:15.171,0.0466,0.0467,38.0,0.0464,2.0,137154.0,14871.0
2021-01-05 09:35:15.701,0.0467,0.0466,18.0,0.0465,33.0,137154.0,14872.0
2021-01-05 09:35:16.141,0.0467,0.0469,32.0,0.0467,32.0,137172.0,14952.0
2021-01-05 09:35:16.660,0.0464,0.0464,1.0,0.0463,66.0,137134.0,15112.0
2021-01-05 09:35:17.190,0.0465,0.0465,45.0,0.0464,23.0,137105.0,15163.0
2021-01-05 09:35:17.680,0.0464,0.0465,45.0,0.0464,33.0,137105.0,15179.0
2021-01-05 09:35:18.170,0.0464,0.0465,45.0,0.0463,99.0,137105.0,15179.0
2021-01-05 09:35:18.641,0.0464,0.0464,23.0,0.0463,14.0,137105.0,15179.0
2021-01-05 09:35:19.161,0.0464,0.0464,32.0,0.0461,25.0,137173.0,15248.0
2021-01-05 09:35:19.590,0.0462,0.0463,14.0,0.0462,12.0,137173.0,15253.0
2021-01-05 09:35:20.120,0.0464,0.0464,73.0,0.046,123.0,137203.0,15296.0
2021-01-05 09:35:20.681,0.0462,0.0464,13.0,0.0462,20.0,137212.0,15315.0
2021-01-05 09:35:21.180,0.0464,0.0465,46.0,0.0464,28.0,137203.0,15363.0
2021-01-05 09:35:21.601,0.0465,0.0467,46.0,0.0465,1.0,137167.0,15426.0
2021-01-05 09:35:22.020,0.0465,0.0468,45.0,0.0466,13.0,137167.0,15436.0
2021-01-05 09:35:22.171,0.0465,0.0467,10.0,0.0466,13.0,137167.0,15436.0
2021-01-05 09:35:23.130,0.0465,0.0467,10.0,0.0466,13.0,137167.0,15436.0
2021-01-05 09:35:23.680,0.0466,0.0468,3.0,0.0465,50.0,137164.0,15449.0
2021-01-05 09:35:24.171,0.0466,0.0466,10.0,0.0465,30.0,137189.0,15489.0
2021-01-05 09:35:24.671,0.0466,0.0466,17.0,0.0465,43.0,137190.0,15490.0
2021-01-05 09:35:25.061,0.0466,0.0468,32.0,0.0466,23.0,137185.0,15497.0
2021-01-05 09:35:25.660,0.0468,0.0469,34.0,0.0468,1.0,137185.0,15498.0
2021-01-05 09:35:26.160,0.0468,0.0469,10.0,0.0468,13.0,137186.0,15499.0
2021-01-05 09:35:26.651,0.0468,0.0469,10.0,0.0467,13.0,137186.0,15499.0
2021-01-05 09:35:27.101,0.0467,0.0468,30.0,0.0467,18.0,137186.0,15506.0
2021-01-05 09:35:27.641,0.0468,0.0468,23.0,0.0466,25.0,137213.0,15553.0
2021-01-05 09:35:27.941,0.0468,0.0468,24.0,0.0466,40.0,137215.0,15555.0
2021-01-05 09:35:28.390,0.0468,0.0468,24.0,0.0466,53.0,137215.0,15555.0
2021-01-05 09:35:29.160,0.0468,0.0468,27.0,0.0466,40.0,137215.0,15555.0
2021-01-05 09:35:29.641,0.0468,0.0467,45.0,0.0466,25.0,137215.0,15555.0
2021-01-05 09:35:30.121,0.0467,0.0467,2.0,0.0466,58.0,137215.0,15564.0
2021-01-05 09:35:30.690,0.0467,0.0468,18.0,0.0467,18.0,137215.0,15566.0
2021-01-05 09:35:31.170,0.0468,0.0468,24.0,0.0466,55.0,137215.0,15573.0
2021-01-05 09:35:31.700,0.0466,0.0468,45.0,0.0466,15.0,137223.0,15604.0
2021-01-05 09:35:31.961,0.0466,0.0468,2.0,0.0467,30.0,137223.0,15604.0
2021-01-05 09:35:32.630,0.0469,0.0469,9.0,0.0465,81.0,137220.0,15754.0
2021-01-05 09:35:33.160,0.0469,0.047,26.0,0.0468,5.0,137220.0,15754.0
2021-01-05 09:35:33.610,0.0469,0.047,16.0,0.0468,25.0,137220.0,15754.0
2021-01-05 09:35:34.180,0.0469,0.0471,3.0,0.0469,13.0,137211.0,15778.0
2021-01-05 09:35:34.691,0.0471,0.047,2.0,0.0469,13.0,137211.0,15781.0
2021-01-05 09:35:35.200,0.0469,0.0472,2.0,0.0469,38.0,137221.0,15803.0
2021-01-05 09:35:35.600,0.047,0.0473,34.0,0.047,32.0,137218.0,15820.0
2021-01-05 09:35:36.090,0.0473,0.0473,24.0,0.0471,33.0,137179.0,15860.0
2021-01-05 09:35:36.581,0.0473,0.0473,27.0,0.0471,92.0,137179.0,15860.0
2021-01-05 09:35:37.171,0.0473,0.0473,49.0,0.0472,40.0,137178.0,15861.0
2021-01-05 09:35:37.640,0.0473,0.0473,26.0,0.0472,40.0,137178.0,15861.0
2021-01-05 09:35:38.190,0.0473,0.0473,5.0,0.0472,39.0,137202.0,15911.0
2021-01-05 09:35:38.651,0.0472,0.0473,18.0,0.0472,7.0,137238.0,15947.0
2021-01-05 09:35:39.140,0.0473,0.0474,16.0,0.0473,8.0,137278.0,15992.0
2021-01-05 09:35:39.611,0.0477,0.0477,34.0,0.0471,26.0,137381.0,16100.0
2021-01-05 09:35:40.030,0.0471,0.0473,2.0,0.047,16.0,137412.0,16131.0
2021-01-05 09:35:40.691,0.0473,0.0471,22.0,0.047,10.0,137422.0,16141.0
2021-01-05 09:35:41.190,0.0471,0.0471,12.0,0.047,13.0,137432.0,16151.0
2021-01-05 09:35:41.580,0.0471,0.0471,9.0,0.047,10.0,137435.0,16154.0
2021-01-05 09:35:41.820,0.0471,0.0473,58.0,0.047,23.0,137435.0,16154.0
2021-01-05 09:35:42.410,0.0473,0.0474,98.0,0.0471,16.0,137437.0,16156.0
2021-01-05 09:35:43.190,0.0474,0.0474,37.0,0.0472,43.0,137434.0,16159.0
2021-01-05 09:35:43.661,0.0473,0.0473,34.0,0.0471,35.0,137435.0,16162.0
2021-01-05 09:35:44.101,0.0473,0.0473,2.0,0.0471,113.0,137432.0,16168.0
2021-01-05 09:35:44.681,0.0473,0.0474,27.0,0.0473,30.0,137430.0,16170.0
2021-01-05 09:35:45.071,0.0474,0.0476,25.0,0.0474,5.0,137408.0,16207.0
2021-01-05 09:35:45.440,0.0474,0.0477,12.0,0.0475,18.0,137408.0,16207.0
2021-01-05 09:35:45.870,0.0474,0.0477,2.0,0.0476,26.0,137408.0,16207.0
2021-01-05 09:35:46.441,0.0477,0.0478,1.0,0.0477,14.0,137406.0,16209.0
2021-01-05 09:35:47.101,0.0477,0.0478,1.0,0.0477,2.0,137406.0,16221.0
2021-01-05 09:35:47.591,0.0478,0.0479,7.0,0.0478,14.0,137406.0,16222.0
2021-01-05 09:35:48.041,0.0479,0.0482,32.0,0.0479,28.0,137401.0,16229.0
2021-01-05 09:35:48.391,0.0479,0.048,10.0,0.0478,32.0,137401.0,16260.0
2021-01-05 09:35:49.001,0.0478,0.048,13.0,0.0479,3.0,137400.0,16270.0
2021-01-05 09:35:49.701,0.0478,0.048,13.0,0.0479,3.0,137400.0,16270.0
2021-01-05 09:35:50.121,0.0478,0.0481,28.0,0.0479,3.0,137400.0,16270.0
2021-01-05 09:35:50.680,0.048,0.048,9.0,0.0479,3.0,137404.0,16274.0
2021-01-05 09:35:51.030,0.048,0.048,13.0,0.0479,3.0,137405.0,16275.0
2021-01-05 09:35:51.710,0.0479,0.0479,36.0,0.0478,29.0,137415.0,16288.0
2021-01-05 09:35:52.190,0.0479,0.0479,26.0,0.0478,42.0,137415.0,16288.0
2021-01-05 09:35:52.661,0.0479,0.0479,32.0,0.0478,40.0,137425.0,16298.0
2021-01-05 09:35:52.990,0.0479,0.0479,19.0,0.0478,43.0,137425.0,16298.0
2021-01-05 09:35:53.570,0.0477,0.0479,19.0,0.0478,10.0,137465.0,16348.0
2021-01-05 09:35:53.971,0.0478,0.0478,13.0,0.0476,14.0,137475.0,16358.0
2021-01-05 09:35:54.640,0.0476,0.0476,3.0,0.0475,1.0,137486.0,16369.0
2021-01-05 09:35:55.141,0.0475,0.0475,62.0,0.0474,54.0,137487.0,16371.0
2021-01-05 09:35:55.581,0.0474,0.0474,34.0,0.0473,31.0,137546.0,16433.0
2021-01-05 09:35:56.121,0.0475,0.0474,13.0,0.0473,26.0,137574.0,16461.0
2021-01-05 09:35:56.661,0.0473,0.0475,45.0,0.0473,67.0,137578.0,16465.0
2021-01-05 09:35:57.060,0.0473,0.0475,48.0,0.0474,5.0,137578.0,16465.0
2021-01-05 09:35:57.681,0.0475,0.0475,32.0,0.0474,5.0,137578.0,16468.0
2021-01-05 09:35:57.881,0.0476,0.0476,26.0,0.0474,29.0,137590.0,16499.0
2021-01-05 09:35:58.701,0.0477,0.0477,27.0,0.0474,28.0,137599.0,16527.0
2021-01-05 09:35:58.970,0.0477,0.0477,30.0,0.0475,3.0,137599.0,16543.0
2021-01-05 09:35:59.610,0.0477,0.0478,10.0,0.0477,33.0,137609.0,16593.0
2021-01-05 09:36:00.061,0.0478,0.048,15.0,0.0478,66.0,137609.0,16616.0
2021-01-05 09:36:00.680,0.048,0.048,15.0,0.0479,3.0,137609.0,16632.0
2021-01-05 09:36:01.181,0.048,0.0481,30.0,0.048,13.0,137609.0,16634.0
2021-01-05 09:36:01.671,0.0481,0.0481,43.0,0.0479,3.0,137624.0,16650.0
2021-01-05 09:36:02.170,0.0479,0.0479,24.0,0.0478,56.0,137624.0,16659.0
2021-01-05 09:36:02.630,0.0478,0.0478,75.0,0.0476,25.0,137625.0,16673.0
2021-01-05 09:36:03.150,0.0478,0.0477,13.0,0.0475,28.0,137695.0,16774.0
2021-01-05 09:36:03.700,0.048,0.0481,27.0,0.048,15.0,137785.0,16864.0
2021-01-05 09:36:04.161,0.0477,0.0479,10.0,0.0475,11.0,137800.0,16909.0
2021-01-05 09:36:04.641,0.0476,0.0478,41.0,0.0476,1.0,137789.0,16922.0
2021-01-05 09:36:05.150,0.0477,0.0478,3.0,0.0477,2.0,137788.0,16923.0
2021-01-05 09:36:05.590,0.0479,0.048,80.0,0.0478,14.0,137838.0,16975.0
2021-01-05 09:36:06.180,0.0479,0.0479,19.0,0.0478,13.0,137860.0,17003.0
2021-01-05 09:36:06.691,0.0478,0.0478,10.0,0.0476,49.0,137907.0,17074.0
2021-01-05 09:36:07.181,0.0477,0.0478,49.0,0.0477,1.0,137932.0,17119.0
2021-01-05 09:36:07.561,0.0478,0.0478,58.0,0.0477,1.0,137936.0,17123.0
2021-01-05 09:36:08.051,0.0476,0.0477,1.0,0.0476,54.0,137926.0,17134.0
2021-01-05 09:36:08.641,0.0477,0.0478,54.0,0.0477,4.0,137926.0,17161.0
2021-01-05 09:36:09.161,0.0478,0.0478,49.0,0.0476,47.0,137931.0,17166.0
2021-01-05 09:36:09.691,0.0477,0.0477,92.0,0.0476,47.0,137939.0,17174.0
2021-01-05 09:36:10.101,0.0476,0.0477,79.0,0.0476,10.0,137959.0,17194.0
2021-01-05 09:36:10.671,0.0477,0.0477,107.0,0.0475,8.0,137991.0,17226.0
2021-01-05 09:36:11.111,0.0476,0.0477,97.0,0.0475,1.0,137997.0,17242.0
2021-01-05 09:36:11.651,0.0477,0.0477,52.0,0.0475,34.0,138000.0,17245.0
2021-01-05 09:36:12.181,0.0477,0.0477,35.0,0.0476,13.0,138002.0,17247.0
2021-01-05 09:36:12.650,0.0476,0.0477,35.0,0.0476,43.0,138002.0,17248.0
2021-01-05 09:36:13.190,0.0476,0.0477,35.0,0.0476,58.0,138002.0,17248.0
2021-01-05 09:36:13.680,0.0476,0.0477,35.0,0.0476,13.0,138002.0,17248.0
2021-01-05 09:36:14.150,0.0476,0.0476,27.0,0.0475,57.0,137999.0,17251.0
2021-01-05 09:36:14.611,0.0476,0.0477,35.0,0.0476,3.0,137972.0,17278.0
2021-01-05 09:36:15.170,0.0477,0.0477,24.0,0.0476,3.0,137983.0,17299.0
2021-01-05 09:36:15.660,0.0475,0.0476,13.0,0.0475,13.0,137979.0,17328.0
2021-01-05 09:36:16.150,0.0475,0.0476,13.0,0.0474,26.0,137979.0,17328.0
2021-01-05 09:36:16.680,0.0475,0.0477,34.0,0.0475,2.0,137980.0,17336.0
2021-01-05 09:36:17.180,0.0475,0.0477,47.0,0.0475,32.0,137980.0,17336.0
2021-01-05 09:36:17.651,0.0475,0.0476,50.0,0.0475,32.0,137980.0,17336.0
2021-01-05 09:36:18.181,0.0475,0.0476,63.0,0.0475,18.0,137980.0,17350.0
2021-01-05 09:36:18.651,0.0475,0.0476,99.0,0.0474,25.0,137991.0,17361.0
2021-01-05 09:36:19.151,0.0476,0.0476,46.0,0.0475,29.0,137993.0,17365.0
2021-01-05 09:36:19.650,0.0475,0.0476,47.0,0.0475,2.0,137993.0,17366.0
2021-01-05 09:36:20.161,0.0475,0.0476,57.0,0.0475,12.0,137990.0,17370.0
2021-01-05 09:36:20.680,0.0475,0.0476,57.0,0.0475,3.0,137990.0,17370.0
2021-01-05 09:36:21.120,0.0475,0.0475,26.0,0.0474,5.0,138006.0,17398.0
2021-01-05 09:36:21.621,0.0475,0.0475,7.0,0.0474,5.0,138006.0,17398.0
2021-01-05 09:36:22.171,0.0475,0.0475,17.0,0.0474,18.0,138006.0,17398.0
2021-01-05 09:36:22.680,0.0475,0.0475,20.0,0.0474,18.0,138006.0,17398.0
2021-01-05 09:36:23.191,0.0475,0.0475,59.0,0.0474,18.0,138006.0,17399.0
2021-01-05 09:36:23.681,0.0474,0.0474,33.0,0.0473,67.0,137976.0,17439.0
2021-01-05 09:36:24.171,0.0474,0.0475,40.0,0.0474,42.0,137934.0,17530.0
2021-01-05 09:36:24.701,0.0475,0.0476,32.0,0.0475,42.0,137893.0,17587.0
2021-01-05 09:36:25.181,0.0476,0.0477,9.0,0.0476,14.0,137893.0,17619.0
2021-01-05 09:36:25.650,0.0476,0.0477,49.0,0.0476,13.0,137894.0,17639.0
2021-01-05 09:36:26.171,0.0477,0.0478,54.0,0.0477,13.0,137886.0,17658.0
2021-01-05 09:36:26.651,0.0478,0.0478,1.0,0.0476,30.0,137867.0,17686.0
2021-01-05 09:36:27.070,0.0478,0.0479,1.0,0.0477,18.0,137867.0,17687.0
2021-01-05 09:36:27.690,0.0479,0.0479,10.0,0.0477,48.0,137867.0,17688.0
2021-01-05 09:36:28.040,0.048,0.048,13.0,0.0479,37.0,137866.0,17700.0
2021-01-05 09:36:28.681,0.048,0.0481,13.0,0.048,15.0,137866.0,17708.0
2021-01-05 09:36:29.141,0.0482,0.0482,46.0,0.0481,37.0,137859.0,17732.0
2021-01-05 09:36:29.661,0.0482,0.0482,34.0,0.0481,37.0,137859.0,17744.0
2021-01-05 09:36:30.161,0.0482,0.0484,10.0,0.0482,28.0,137859.0,17778.0
2021-01-05 09:36:30.651,0.0482,0.0484,43.0,0.0482,3.0,137859.0,17788.0
2021-01-05 09:36:31.181,0.0484,0.0484,38.0,0.0483,1.0,137859.0,17793.0
2021-01-05 09:36:31.690,0.0482,0.0483,29.0,0.0482,3.0,137861.0,17798.0
2021-01-05 09:36:32.130,0.0482,0.0484,3.0,0.0482,28.0,137861.0,17798.0
2021-01-05 09:36:32.660,0.0482,0.0483,7.0,0.0482,3.0,137861.0,17798.0
2021-01-05 09:36:33.200,0.0482,0.0483,7.0,0.0482,1.0,137861.0,17800.0
2021-01-05 09:36:33.670,0.0482,0.0483,7.0,0.0481,58.0,137861.0,17801.0
2021-01-05 09:36:34.091,0.0483,0.0485,37.0,0.0483,20.0,137855.0,17812.0
2021-01-05 09:36:34.291,0.0483,0.0484,13.0,0.0483,18.0,137855.0,17819.0
2021-01-05 09:36:34.971,0.0483,0.0483,10.0,0.0481,18.0,137855.0,17819.0
2021-01-05 09:36:35.701,0.0483,0.0483,13.0,0.0481,34.0,137855.0,17819.0
2021-01-05 09:36:36.191,0.0484,0.0485,11.0,0.0484,7.0,137898.0,17866.0
2021-01-05 09:36:36.700,0.0485,0.0486,11.0,0.0484,44.0,137903.0,17883.0
2021-01-05 09:36:37.190,0.0486,0.0486,23.0,0.0485,2.0,137903.0,17885.0
2021-01-05 09:36:37.490,0.0486,0.0486,42.0,0.0485,3.0,137899.0,17891.0
2021-01-05 09:36:37.970,0.0485,0.0485,3.0,0.0484,38.0,137900.0,17899.0
2021-01-05 09:36:38.640,0.0484,0.0486,31.0,0.0484,63.0,137899.0,17900.0
2021-01-05 09:36:39.090,0.0486,0.0486,28.0,0.0484,88.0,137899.0,17903.0
2021-01-05 09:36:39.660,0.0484,0.0486,68.0,0.0485,17.0,137899.0,17913.0
2021-01-05 09:36:40.191,0.0486,0.0486,114.0,0.0484,13.0,137963.0,17980.0
2021-01-05 09:36:40.700,0.0484,0.0486,65.0,0.0484,112.0,137964.0,17981.0
2021-01-05 09:36:41.201,0.0484,0.0486,50.0,0.0484,92.0,137964.0,17981.0
2021-01-05 09:36:41.641,0.0485,0.0485,5.0,0.0484,53.0,137973.0,17996.0
2021-01-05 09:36:42.021,0.0484,0.0485,5.0,0.0484,36.0,137997.0,18023.0
2021-01-05 09:36:42.690,0.0484,0.0485,18.0,0.0484,28.0,137998.0,18024.0
2021-01-05 09:36:43.180,0.0484,0.0485,33.0,0.0484,53.0,137998.0,18029.0
2021-01-05 09:36:43.700,0.0485,0.0486,78.0,0.0484,33.0,137993.0,18059.0
2021-01-05 09:36:44.200,0.0484,0.0486,63.0,0.0484,44.0,138013.0,18079.0
2021-01-05 09:36:44.680,0.0486,0.0486,13.0,0.0485,5.0,138013.0,18129.0
2021-01-05 09:36:45.191,0.0487,0.0487,9.0,0.0486,41.0,138013.0,18144.0
2021-01-05 09:36:45.631,0.0487,0.0488,41.0,0.0487,10.0,138005.0,18155.0
2021-01-05 09:36:46.050,0.0488,0.049,65.0,0.0488,4.0,137999.0,18162.0
2021-01-05 09:36:46.501,0.0488,0.0491,61.0,0.0489,3.0,137999.0,18162.0
2021-01-05 09:36:47.080,0.0486,0.0491,51.0,0.0489,16.0,137923.0,18241.0
2021-01-05 09:36:47.660,0.0486,0.0491,8.0,0.0489,84.0,137923.0,18241.0
2021-01-05 09:36:48.130,0.0489,0.0491,18.0,0.0489,71.0,137913.0,18251.0
2021-01-05 09:36:48.630,0.0488,0.049,10.0,0.0488,24.0,137951.0,18301.0
2021-01-05 09:36:48.780,0.049,0.0491,8.0,0.049,19.0,137951.0,18312.0
2021-01-05 09:36:49.700,0.049,0.0491,8.0,0.049,9.0,137951.0,18322.0
2021-01-05 09:36:50.161,0.049,0.0491,23.0,0.0489,16.0,137951.0,18331.0
2021-01-05 09:36:50.670,0.049,0.049,1.0,0.0489,30.0,137956.0,18341.0
2021-01-05 09:36:51.171,0.049,0.0491,22.0,0.049,2.0,137956.0,18342.0
2021-01-05 09:36:51.671,0.0489,0.0491,34.0,0.0489,33.0,137957.0,18356.0
2021-01-05 09:36:52.180,0.0489,0.0491,4.0,0.0489,48.0,137957.0,18359.0
2021-01-05 09:36:52.670,0.0489,0.0491,4.0,0.049,53.0,137957.0,18359.0
2021-01-05 09:36:53.191,0.0491,0.0492,30.0,0.0491,30.0,137954.0,18363.0
2021-01-05 09:36:53.631,0.0491,0.0492,30.0,0.0491,74.0,137964.0,18376.0
2021-01-05 09:36:54.180,0.0491,0.0491,17.0,0.0489,59.0,137986.0,18432.0
2021-01-05 09:36:54.631,0.0489,0.0491,60.0,0.0489,1.0,137986.0,18434.0
2021-01-05 09:36:55.141,0.0491,0.0491,37.0,0.049,10.0,137996.0,18444.0
2021-01-05 09:36:55.260,0.049,0.049,13.0,0.0489,11.0,138006.0,18464.0
2021-01-05 09:36:56.141,0.049,0.049,13.0,0.0489,14.0,138006.0,18465.0
2021-01-05 09:36:56.691,0.0489,0.0491,26.0,0.0489,5.0,138004.0,18474.0
2021-01-05 09:36:57.171,0.0491,0.0491,19.0,0.0489,18.0,138004.0,18480.0
2021-01-05 09:36:57.171,0.0491,0.0491,20.0,0.0489,16.0,138004.0,18480.0
2021-01-05 09:36:58.160,0.0489,0.0491,5.0,0.0489,12.0,138003.0,18494.0
2021-01-05 09:36:58.431,0.049,0.0491,63.0,0.049,37.0,138003.0,18507.0
2021-01-05 09:36:59.181,0.0492,0.0492,21.0,0.049,37.0,138032.0,18547.0
2021-01-05 09:36:59.690,0.0492,0.0492,11.0,0.0491,56.0,138011.0,18578.0
2021-01-05 09:36:59.830,0.0492,0.0494,35.0,0.0492,40.0,138011.0,18612.0
2021-01-05 09:37:00.700,0.0492,0.0494,22.0,0.0492,25.0,138022.0,18644.0
2021-01-05 09:37:01.061,0.0492,0.0494,22.0,0.0492,74.0,138023.0,18645.0
2021-01-05 09:37:01.570,0.0492,0.0493,61.0,0.0492,50.0,138031.0,18656.0
2021-01-05 09:37:02.191,0.0492,0.0493,52.0,0.0492,14.0,138067.0,18692.0
2021-01-05 09:37:02.610,0.0492,0.0492,67.0,0.0491,10.0,138072.0,18711.0
2021-01-05 09:37:03.151,0.0492,0.0492,9.0,0.0491,10.0,138077.0,18716.0
2021-01-05 09:37:03.630,0.0491,0.0491,32.0,0.049,34.0,138105.0,18748.0
2021-01-05 09:37:04.200,0.0489,0.049,1.0,0.0488,10.0,138105.0,18788.0
2021-01-05 09:37:04.690,0.0489,0.0489,26.0,0.0488,9.0,138123.0,18806.0
2021-01-05 09:37:04.971,0.0486,0.0488,2.0,0.0486,38.0,138025.0,18906.0
2021-01-05 09:37:05.660,0.0488,0.0488,11.0,0.0487,7.0,138025.0,18915.0
2021-01-05 09:37:06.171,0.0485,0.0486,2.0,0.0485,1.0,138022.0,18929.0
2021-01-05 09:37:06.700,0.0486,0.0486,1.0,0.0484,44.0,138024.0,18931.0
2021-01-05 09:37:07.180,0.0485,0.0486,15.0,0.0485,31.0,138053.0,18963.0
2021-01-05 09:37:07.681,0.0487,0.0487,10.0,0.0485,31.0,138054.0,18967.0
2021-01-05 09:37:08.200,0.0485,0.0489,28.0,0.0485,21.0,138054.0,19010.0
2021-01-05 09:37:08.630,0.0488,0.049,1.0,0.0488,27.0,138051.0,19033.0
2021-01-05 09:37:09.170,0.049,0.0491,18.0,0.0489,43.0,138049.0,19035.0
2021-01-05 09:37:09.620,0.049,0.0491,18.0,0.049,3.0,138049.0,19035.0
2021-01-05 09:37:10.121,0.0489,0.049,63.0,0.0488,5.0,138049.0,19043.0
2021-01-05 09:37:10.701,0.0487,0.0487,13.0,0.0486,23.0,138054.0,19061.0
2021-01-05 09:37:11.080,0.0485,0.0487,3.0,0.0485,45.0,138055.0,19078.0
2021-01-05 09:37:11.641,0.0486,0.0486,4.0,0.0485,30.0,138115.0,19148.0
2021-01-05 09:37:12.100,0.0486,0.0486,10.0,0.0484,41.0,138135.0,19171.0
2021-01-05 09:37:12.620,0.0487,0.0488,41.0,0.0487,7.0,138159.0,19206.0
2021-01-05 09:37:13.181,0.0487,0.0487,51.0,0.0485,23.0,138159.0,19213.0
2021-01-05 09:37:13.681,0.0486,0.0487,6.0,0.0486,30.0,138159.0,19228.0
2021-01-05 09:37:14.130,0.0489,0.0489,12.0,0.0487,5.0,138158.0,19234.0
2021-01-05 09:37:14.651,0.0488,0.0489,25.0,0.0487,18.0,138158.0,19237.0
2021-01-05 09:37:15.160,0.0488,0.049,67.0,0.0488,2.0,138157.0,19238.0
2021-01-05 09:37:15.671,0.0488,0.0488,5.0,0.0487,13.0,138157.0,19243.0
2021-01-05 09:37:16.171,0.0488,0.0488,5.0,0.0487,31.0,138157.0,19243.0
2021-01-05 09:37:16.461,0.0487,0.0487,1.0,0.0486,12.0,138158.0,19272.0
2021-01-05 09:37:17.020,0.0487,0.0487,28.0,0.0486,12.0,138158.0,19272.0
2021-01-05 09:37:17.631,0.0486,0.0488,67.0,0.0487,6.0,138168.0,19282.0
2021-01-05 09:37:18.061,0.0488,0.0488,28.0,0.0487,6.0,138178.0,19292.0
2021-01-05 09:37:18.710,0.0487,0.0489,63.0,0.0487,8.0,138179.0,19293.0
2021-01-05 09:37:18.891,0.0487,0.0489,48.0,0.0487,8.0,138179.0,19293.0
2021-01-05 09:37:19.331,0.0487,0.0488,13.0,0.0487,8.0,138179.0,19293.0
2021-01-05 09:37:20.191,0.049,0.049,17.0,0.0487,8.0,138224.0,19348.0
2021-01-05 09:37:20.691,0.049,0.049,33.0,0.0487,5.0,138224.0,19348.0
2021-01-05 09:37:21.200,0.0488,0.0488,25.0,0.0487,4.0,138240.0,19364.0
2021-01-05 09:37:21.690,0.0486,0.0487,101.0,0.0486,1.0,138244.0,19369.0
2021-01-05 09:37:22.030,0.0486,0.0487,153.0,0.0485,14.0,138245.0,19370.0
2021-01-05 09:37:22.620,0.0485,0.0486,1.0,0.0485,4.0,138255.0,19380.0
2021-01-05 09:37:23.100,0.0485,0.0486,24.0,0.0485,7.0,138255.0,19380.0
2021-01-05 09:37:23.661,0.0486,0.0486,20.0,0.0484,3.0,138268.0,19407.0
2021-01-05 09:37:24.080,0.0484,0.0485,10.0,0.0484,44.0,138268.0,19411.0
2021-01-05 09:37:24.631,0.0484,0.0485,12.0,0.0484,13.0,138268.0,19411.0
2021-01-05 09:37:24.840,0.0485,0.0487,121.0,0.0486,5.0,138266.0,19423.0
2021-01-05 09:37:25.670,0.0484,0.0486,10.0,0.0484,4.0,138234.0,19464.0
2021-01-05 09:37:26.120,0.0485,0.0484,13.0,0.0483,39.0,138202.0,19497.0
2021-01-05 09:37:26.650,0.0484,0.0486,29.0,0.0484,6.0,138189.0,19510.0
2021-01-05 09:37:27.121,0.0486,0.0486,10.0,0.0484,49.0,138193.0,19520.0
2021-01-05 09:37:27.551,0.0487,0.0487,148.0,0.0485,13.0,138183.0,19533.0
2021-01-05 09:37:28.081,0.0482,0.0484,20.0,0.0482,69.0,138094.0,19624.0
2021-01-05 09:37:28.560,0.0483,0.0484,20.0,0.0483,43.0,138084.0,19635.0
2021-01-05 09:37:28.980,0.0485,0.0485,13.0,0.0484,13.0,138064.0,19671.0
2021-01-05 09:37:29.611,0.0485,0.0486,23.0,0.0485,16.0,138063.0,19685.0
2021-01-05 09:37:30.191,0.0484,0.0484,10.0,0.0482,29.0,138063.0,19688.0
2021-01-05 09:37:30.590,0.0486,0.0486,19.0,0.0484,30.0,138083.0,19718.0
2021-01-05 09:37:31.190,0.0484,0.0486,28.0,0.0484,19.0,138085.0,19721.0
2021-01-05 09:37:31.190,0.0484,0.0487,178.0,0.0484,35.0,138085.0,19721.0
2021-01-05 09:37:31.950,0.0484,0.0486,13.0,0.0483,28.0,138073.0,19768.0
2021-01-05 09:37:32.571,0.0482,0.0486,13.0,0.0484,3.0,138023.0,19831.0
2021-01-05 09:37:33.180,0.0484,0.0486,1.0,0.0484,50.0,137976.0,19892.0
2021-01-05 09:37:33.591,0.0487,0.0487,24.0,0.0486,33.0,137976.0,19895.0
2021-01-05 09:37:34.200,0.0487,0.0488,10.0,0.0487,2.0,137953.0,19922.0
2021-01-05 09:37:34.431,0.0487,0.0487,2.0,0.0486,29.0,137953.0,19922.0
2021-01-05 09:37:34.930,0.0486,0.0486,1.0,0.0485,48.0,137953.0,19938.0
2021-01-05 09:37:35.650,0.0485,0.0486,31.0,0.0485,33.0,137967.0,19953.0
2021-01-05 09:37:36.140,0.0486,0.0487,4.0,0.0486,25.0,137967.0,19957.0
2021-01-05 09:37:36.671,0.0485,0.0486,8.0,0.0485,15.0,137972.0,19990.0
2021-01-05 09:37:37.170,0.0485,0.0485,23.0,0.0483,84.0,137987.0,20005.0
2021-01-05 09:37:37.681,0.0484,0.0484,9.0,0.0483,40.0,137991.0,20010.0
2021-01-05 09:37:38.121,0.0484,0.0484,13.0,0.0483,10.0,137991.0,20010.0
2021-01-05 09:37:38.651,0.0483,0.0484,46.0,0.0481,56.0,138001.0,20020.0
2021-01-05 09:37:39.170,0.0483,0.0483,19.0,0.0481,31.0,138001.0,20050.0
2021-01-05 09:37:39.641,0.0483,0.0483,9.0,0.0481,44.0,138001.0,20080.0
2021-01-05 09:37:40.161,0.0483,0.0482,13.0,0.0481,31.0,138001.0,20080.0
2021-01-05 09:37:40.701,0.0483,0.0482,13.0,0.0481,31.0,138001.0,20080.0
2021-01-05 09:37:40.951,0.0483,0.0482,13.0,0.0481,34.0,138001.0,20080.0
2021-01-05 09:37:41.671,0.0481,0.0481,69.0,0.048,34.0,138001.0,20111.0
2021-01-05 09:37:42.130,0.0481,0.0481,82.0,0.048,4.0,138001.0,20111.0
2021-01-05 09:37:42.620,0.048,0.048,5.0,0.0479,53.0,138006.0,20116.0
2021-01-05 09:37:43.181,0.048,0.048,18.0,0.0479,40.0,138006.0,20116.0
2021-01-05 09:37:43.490,0.0479,0.048,18.0,0.0479,37.0,138008.0,20119.0
2021-01-05 09:37:44.140,0.0479,0.0479,4.0,0.0478,1.0,138045.0,20156.0
2021-01-05 09:37:44.651,0.0479,0.048,18.0,0.0478,1.0,138045.0,20156.0
2021-01-05 09:37:45.171,0.0479,0.048,53.0,0.0478,1.0,138045.0,20156.0
2021-01-05 09:37:45.250,0.0479,0.0479,65.0,0.0478,1.0,138045.0,20156.0
2021-01-05 09:37:46.180,0.0479,0.0479,77.0,0.0478,1.0,138045.0,20160.0
2021-01-05 09:37:46.520,0.0479,0.0479,64.0,0.0478,1.0,138045.0,20160.0
2021-01-05 09:37:47.210,0.0478,0.0479,49.0,0.0478,14.0,138036.0,20170.0
2021-01-05 09:37:47.661,0.0479,0.048,5.0,0.0479,3.0,137981.0,20229.0
2021-01-05 09:37:48.201,0.0481,0.0481,126.0,0.0478,33.0,137974.0,20241.0
2021-01-05 09:37:48.691,0.0478,0.048,30.0,0.0478,10.0,137974.0,20262.0
2021-01-05 09:37:49.190,0.0479,0.048,30.0,0.0478,14.0,137974.0,20264.0
2021-01-05 09:37:49.521,0.048,0.048,46.0,0.0477,39.0,137989.0,20289.0
2021-01-05 09:37:50.220,0.0478,0.048,7.0,0.0478,2.0,138008.0,20310.0
2021-01-05 09:37:50.681,0.0474,0.0477,3.0,0.0475,15.0,137929.0,20426.0
2021-01-05 09:37:51.040,0.0476,0.0479,10.0,0.0477,2.0,137777.0,20588.0
2021-01-05 09:37:51.630,0.0479,0.0481,116.0,0.0479,10.0,137768.0,20608.0
2021-01-05 09:37:52.191,0.0478,0.0479,56.0,0.0478,25.0,137763.0,20615.0
2021-01-05 09:37:52.300,0.0477,0.0479,51.0,0.0478,3.0,137759.0,20625.0
2021-01-05 09:37:53.080,0.0477,0.0479,72.0,0.0476,71.0,137759.0,20625.0
2021-01-05 09:37:53.620,0.0479,0.0479,65.0,0.0478,33.0,137752.0,20632.0
2021-01-05 09:37:53.680,0.0479,0.0478,28.0,0.0476,43.0,137752.0,20632.0
2021-01-05 09:37:54.640,0.0476,0.0477,13.0,0.0476,52.0,137752.0,20634.0
2021-01-05 09:37:55.190,0.0476,0.0476,76.0,0.0475,40.0,137737.0,20667.0
2021-01-05 09:37:55.680,0.0475,0.0476,50.0,0.0475,58.0,137709.0,20698.0
2021-01-05 09:37:56.100,0.0475,0.0476,49.0,0.0475,12.0,137719.0,20745.0
2021-01-05 09:37:56.611,0.0475,0.0476,61.0,0.0474,30.0,137738.0,20767.0
2021-01-05 09:37:57.120,0.0473,0.0475,20.0,0.0473,13.0,137748.0,20780.0
2021-01-05 09:37:57.601,0.0473,0.0473,17.0,0.0471,28.0,137748.0,20793.0
2021-01-05 09:37:58.091,0.0473,0.0474,23.0,0.0473,2.0,137748.0,20799.0
2021-01-05 09:37:58.600,0.0474,0.0474,16.0,0.0473,2.0,137748.0,20802.0
2021-01-05 09:37:59.130,0.0474,0.0476,80.0,0.0473,32.0,137716.0,20840.0
2021-01-05 09:37:59.601,0.0474,0.0476,50.0,0.0474,14.0,137700.0,20856.0
2021-01-05 09:38:00.100,0.0476,0.0476,58.0,0.0473,26.0,137716.0,20872.0
2021-01-05 09:38:00.680,0.0476,0.0475,10.0,0.0473,13.0,137716.0,20872.0
2021-01-05 09:38:01.180,0.0476,0.0474,13.0,0.0472,75.0,137716.0,20872.0
2021-01-05 09:38:01.600,0.0473,0.0473,1.0,0.0472,86.0,137716.0,20886.0
2021-01-05 09:38:02.181,0.0473,0.0475,25.0,0.0473,33.0,137711.0,20892.0
2021-01-05 09:38:02.651,0.0473,0.0474,3.0,0.0473,33.0,137711.0,20892.0
2021-01-05 09:38:02.841,0.0474,0.0475,13.0,0.0473,54.0,137711.0,20895.0
2021-01-05 09:38:03.691,0.0474,0.0475,26.0,0.0473,54.0,137711.0,20895.0
2021-01-05 09:38:03.790,0.0475,0.0476,9.0,0.0474,50.0,137711.0,20931.0
2021-01-05 09:38:04.680,0.0474,0.0476,9.0,0.0474,74.0,137711.0,20940.0
2021-01-05 09:38:05.181,0.0474,0.0477,65.0,0.0474,36.0,137710.0,20991.0
2021-01-05 09:38:05.621,0.0474,0.0477,89.0,0.0474,13.0,137716.0,21002.0
2021-01-05 09:38:05.921,0.0474,0.0474,22.0,0.0473,72.0,137716.0,21017.0
2021-01-05 09:38:06.691,0.0473,0.0476,13.0,0.0475,8.0,137721.0,21066.0
2021-01-05 09:38:07.001,0.0476,0.0478,54.0,0.0475,95.0,137724.0,21081.0
2021-01-05 09:38:07.590,0.0475,0.0479,79.0,0.0476,13.0,137664.0,21167.0
2021-01-05 09:38:07.980,0.0477,0.0479,90.0,0.0477,24.0,137664.0,21175.0
2021-01-05 09:38:08.660,0.0476,0.0479,77.0,0.0476,41.0,137642.0,21221.0
2021-01-05 09:38:09.160,0.0479,0.0479,58.0,0.0477,16.0,137638.0,21225.0
2021-01-05 09:38:09.590,0.0479,0.0479,48.0,0.0477,87.0,137631.0,21232.0
2021-01-05 09:38:10.180,0.0479,0.0481,80.0,0.0479,26.0,137593.0,21270.0
2021-01-05 09:38:10.670,0.0479,0.0481,97.0,0.0479,59.0,137593.0,21270.0
2021-01-05 09:38:11.141,0.0481,0.048,13.0,0.0479,31.0,137591.0,21272.0
2021-01-05 09:38:11.701,0.0479,0.048,43.0,0.0479,33.0,137591.0,21275.0
2021-01-05 09:38:12.191,0.0479,0.0479,13.0,0.0477,1.0,137600.0,21313.0
2021-01-05 09:38:12.531,0.0478,0.0478,27.0,0.0476,66.0,137609.0,21335.0
2021-01-05 09:38:12.981,0.0478,0.048,10.0,0.0478,37.0,137609.0,21340.0
2021-01-05 09:38:13.690,0.0478,0.048,13.0,0.0478,67.0,137609.0,21340.0
2021-01-05 09:38:13.961,0.048,0.0481,65.0,0.048,13.0,137609.0,21368.0
2021-01-05 09:38:14.691,0.0481,0.0481,3.0,0.048,21.0,137549.0,21435.0
2021-01-05 09:38:15.000,0.0483,0.0483,5.0,0.0482,10.0,137547.0,21447.0
2021-01-05 09:38:15.730,0.0483,0.0484,12.0,0.0483,9.0,137548.0,21464.0
2021-01-05 09:38:16.151,0.0483,0.0483,16.0,0.0481,10.0,137553.0,21488.0
2021-01-05 09:38:16.731,0.0481,0.0482,38.0,0.0481,1.0,137553.0,21504.0
2021-01-05 09:38:17.190,0.0482,0.0482,23.0,0.0481,36.0,137526.0,21548.0
2021-01-05 09:38:17.630,0.0482,0.0483,35.0,0.0482,5.0,137503.0,21578.0
2021-01-05 09:38:17.970,0.0482,0.0482,4.0,0.0481,15.0,137504.0,21583.0
2021-01-05 09:38:18.660,0.0483,0.0483,15.0,0.0481,17.0,137501.0,21592.0
2021-01-05 09:38:19.190,0.0482,0.0483,11.0,0.0482,43.0,137496.0,21607.0
2021-01-05 09:38:19.551,0.0483,0.0483,13.0,0.0482,57.0,137497.0,21609.0
2021-01-05 09:38:20.231,0.0483,0.0483,13.0,0.0482,67.0,137497.0,21616.0
2021-01-05 09:38:20.650,0.0483,0.0484,50.0,0.0483,34.0,137497.0,21619.0
2021-01-05 09:38:21.180,0.0484,0.0484,49.0,0.0483,75.0,137497.0,21620.0
2021-01-05 09:38:21.670,0.0483,0.0486,20.0,0.0484,10.0,137497.0,21689.0
2021-01-05 09:38:22.141,0.0483,0.0486,20.0,0.0485,31.0,137497.0,21689.0
2021-01-05 09:38:22.531,0.0487,0.0487,13.0,0.0485,60.0,137479.0,21712.0
2021-01-05 09:38:23.201,0.0489,0.0488,13.0,0.0486,3.0,137521.0,21776.0
2021-01-05 09:38:23.681,0.0485,0.0487,50.0,0.0485,11.0,137506.0,21826.0
2021-01-05 09:38:24.141,0.0487,0.0487,46.0,0.0486,20.0,137506.0,21830.0
2021-01-05 09:38:24.671,0.0487,0.0489,13.0,0.0487,26.0,137506.0,21876.0
2021-01-05 09:38:25.101,0.0488,0.0488,17.0,0.0487,17.0,137506.0,21889.0
2021-01-05 09:38:25.700,0.0488,0.0488,20.0,0.0487,15.0,137516.0,21919.0
2021-01-05 09:38:26.100,0.0487,0.0489,13.0,0.0486,92.0,137516.0,21921.0
2021-01-05 09:38:26.701,0.0488,0.0489,43.0,0.0488,9.0,137517.0,21934.0
2021-01-05 09:38:27.151,0.0488,0.0487,22.0,0.0486,18.0,137519.0,21948.0
2021-01-05 09:38:27.550,0.0486,0.0487,22.0,0.0486,15.0,137514.0,21972.0
2021-01-05 09:38:28.171,0.0489,0.049,18.0,0.0488,20.0,137522.0,22024.0
2021-01-05 09:38:28.680,0.0489,0.0489,13.0,0.0488,3.0,137522.0,22024.0
2021-01-05 09:38:29.110,0.0486,0.049,63.0,0.0488,10.0,137507.0,22067.0
2021-01-05 09:38:29.621,0.0486,0.049,21.0,0.0488,53.0,137507.0,22067.0
2021-01-05 09:38:30.190,0.0488,0.049,18.0,0.0489,13.0,137507.0,22074.0
2021-01-05 09:38:30.670,0.0488,0.049,51.0,0.0488,26.0,137507.0,22081.0
2021-01-05 09:38:31.181,0.0488,0.049,21.0,0.0488,31.0,137507.0,22083.0
2021-01-05 09:38:31.700,0.0489,0.049,18.0,0.0489,10.0,137507.0,22086.0
2021-01-05 09:38:32.071,0.049,0.049,17.0,0.0489,67.0,137507.0,22087.0
2021-01-05 09:38:32.601,0.0489,0.049,2.0,0.0489,70.0,137506.0,22103.0
2021-01-05 09:38:33.191,0.0491,0.0492,52.0,0.0491,47.0,137504.0,22108.0
2021-01-05 09:38:33.700,0.0492,0.0492,10.0,0.0491,66.0,137506.0,22150.0
2021-01-05 09:38:34.201,0.0493,0.0494,7.0,0.0493,22.0,137506.0,22168.0
2021-01-05 09:38:34.681,0.0494,0.0495,24.0,0.0494,44.0,137500.0,22177.0
2021-01-05 09:38:35.200,0.0495,0.0496,3.0,0.0494,75.0,137500.0,22201.0
2021-01-05 09:38:35.700,0.0495,0.0496,3.0,0.0495,16.0,137500.0,22201.0
2021-01-05 09:38:36.130,0.0497,0.0497,20.0,0.0495,3.0,137459.0,22261.0
2021-01-05 09:38:36.691,0.0496,0.0497,7.0,0.0495,28.0,137459.0,22262.0
2021-01-05 09:38:37.160,0.0496,0.0497,7.0,0.0496,28.0,137459.0,22262.0
2021-01-05 09:38:37.390,0.0497,0.0498,1.0,0.0497,21.0,137453.0,22270.0
2021-01-05 09:38:38.030,0.0499,0.0499,11.0,0.0497,49.0,137454.0,22290.0
2021-01-05 09:38:38.660,0.0499,0.0499,24.0,0.0498,6.0,137454.0,22290.0
2021-01-05 09:38:39.161,0.0499,0.0499,1.0,0.0498,49.0,137445.0,22300.0
2021-01-05 09:38:39.651,0.0499,0.05,59.0,0.0499,13.0,137444.0,22301.0
2021-01-05 09:38:40.141,0.0503,0.0503,10.0,0.0502,10.0,137430.0,22362.0
2021-01-05 09:38:40.391,0.0503,0.0505,12.0,0.0503,28.0,137423.0,22380.0
2021-01-05 09:38:41.140,0.0503,0.0504,30.0,0.0503,28.0,137423.0,22384.0
2021-01-05 09:38:41.670,0.0503,0.0505,20.0,0.0503,31.0,137422.0,22390.0
2021-01-05 09:38:42.170,0.0503,0.0505,20.0,0.0503,9.0,137422.0,22391.0
2021-01-05 09:38:42.700,0.0505,0.0506,76.0,0.0504,15.0,137442.0,22411.0
2021-01-05 09:38:43.150,0.0505,0.0505,13.0,0.0503,31.0,137442.0,22411.0
2021-01-05 09:38:43.701,0.0505,0.0505,12.0,0.0503,64.0,137469.0,22443.0
2021-01-05 09:38:44.200,0.0506,0.0506,39.0,0.0503,64.0,137478.0,22455.0
2021-01-05 09:38:44.600,0.05,0.0504,37.0,0.0503,13.0,137487.0,22487.0
2021-01-05 09:38:45.201,0.0504,0.0504,1.0,0.0501,40.0,137517.0,22537.0
2021-01-05 09:38:45.480,0.0499,0.0503,40.0,0.0501,31.0,137529.0,22557.0
2021-01-05 09:38:46.200,0.0501,0.0503,10.0,0.0501,47.0,137547.0,22579.0
2021-01-05 09:38:46.521,0.0505,0.0504,13.0,0.0501,43.0,137547.0,22582.0
2021-01-05 09:38:47.140,0.0503,0.0503,15.0,0.0501,1.0,137556.0,22599.0
2021-01-05 09:38:47.691,0.0502,0.0502,3.0,0.0501,1.0,137566.0,22609.0
2021-01-05 09:38:48.200,0.05,0.05,6.0,0.0499,15.0,137575.0,22634.0
2021-01-05 09:38:48.650,0.0499,0.0499,16.0,0.0498,3.0,137584.0,22648.0
2021-01-05 09:38:49.130,0.0498,0.0499,19.0,0.0497,104.0,137584.0,22651.0
2021-01-05 09:38:49.670,0.0498,0.0498,24.0,0.0497,103.0,137594.0,22661.0
2021-01-05 09:38:50.091,0.0498,0.0498,6.0,0.0497,95.0,137616.0,22708.0
2021-01-05 09:38:50.651,0.0498,0.0498,3.0,0.0497,90.0,137631.0,22723.0
2021-01-05 09:38:51.170,0.05,0.05,14.0,0.0497,99.0,137668.0,22784.0
2021-01-05 09:38:51.520,0.05,0.0502,16.0,0.05,16.0,137668.0,22799.0
2021-01-05 09:38:52.140,0.05,0.0504,54.0,0.0502,10.0,137668.0,22799.0
2021-01-05 09:38:52.450,0.0502,0.0505,30.0,0.0503,22.0,137668.0,22802.0
2021-01-05 09:38:53.160,0.0505,0.0505,8.0,0.0504,2.0,137677.0,22866.0
2021-01-05 09:38:53.620,0.0504,0.0506,40.0,0.0504,6.0,137675.0,22871.0
2021-01-05 09:38:54.150,0.0504,0.0506,43.0,0.0505,22.0,137675.0,22871.0
2021-01-05 09:38:54.640,0.0506,0.0507,23.0,0.0506,5.0,137679.0,22877.0
2021-01-05 09:38:55.191,0.0506,0.0507,29.0,0.0506,5.0,137694.0,22913.0
2021-01-05 09:38:55.650,0.0507,0.0508,65.0,0.0507,8.0,137702.0,22923.0
2021-01-05 09:38:56.190,0.0508,0.0508,8.0,0.0507,7.0,137711.0,22942.0
2021-01-05 09:38:56.661,0.0509,0.0509,46.0,0.0507,10.0,137729.0,22960.0
2021-01-05 09:38:57.200,0.0508,0.0508,35.0,0.0505,3.0,137746.0,23008.0
2021-01-05 09:38:57.640,0.0508,0.0509,9.0,0.0507,10.0,137803.0,23065.0
2021-01-05 09:38:58.161,0.0509,0.0507,2.0,0.0505,45.0,137861.0,23126.0
2021-01-05 09:38:58.670,0.0505,0.0505,25.0,0.0504,6.0,137914.0,23179.0
2021-01-05 09:38:59.060,0.0505,0.0504,13.0,0.0502,32.0,137975.0,23268.0
2021-01-05 09:38:59.640,0.0505,0.0504,16.0,0.0502,19.0,138009.0,23302.0
2021-01-05 09:39:00.140,0.0505,0.0506,37.0,0.0505,2.0,138059.0,23380.0
2021-01-05 09:39:00.660,0.0504,0.0505,58.0,0.0502,42.0,138060.0,23383.0
2021-01-05 09:39:01.120,0.0506,0.0506,23.0,0.0505,46.0,138065.0,23398.0
2021-01-05 09:39:01.700,0.0506,0.0506,30.0,0.0504,13.0,138066.0,23408.0
2021-01-05 09:39:01.990,0.0504,0.0506,56.0,0.0503,28.0,138068.0,23426.0
2021-01-05 09:39:02.660,0.0506,0.0506,3.0,0.0504,10.0,138079.0,23437.0
2021-01-05 09:39:03.150,0.0502,0.0506,33.0,0.0504,13.0,138097.0,23481.0
2021-01-05 09:39:03.680,0.0504,0.0506,28.0,0.0504,12.0,138102.0,23487.0
2021-01-05 09:39:04.161,0.0504,0.0506,63.0,0.0502,45.0,138102.0,23489.0
2021-01-05 09:39:04.610,0.0504,0.0506,72.0,0.0503,13.0,138102.0,23489.0
2021-01-05 09:39:05.211,0.0504,0.0504,9.0,0.0503,30.0,138102.0,23490.0
2021-01-05 09:39:05.701,0.0503,0.0504,9.0,0.0503,31.0,138101.0,23492.0
2021-01-05 09:39:06.191,0.0503,0.0504,9.0,0.0503,43.0,138101.0,23493.0
2021-01-05 09:39:06.320,0.0503,0.0504,9.0,0.0503,43.0,138101.0,23493.0
2021-01-05 09:39:07.050,0.0504,0.0505,13.0,0.0504,21.0,138092.0,23502.0
2021-01-05 09:39:07.630,0.0505,0.0505,19.0,0.0504,22.0,138094.0,23508.0
2021-01-05 09:39:08.131,0.0503,0.0505,23.0,0.0503,2.0,138094.0,23531.0
2021-01-05 09:39:08.650,0.0503,0.0505,11.0,0.0503,45.0,138094.0,23531.0
2021-01-05 09:39:09.161,0.0506,0.0505,1.0,0.0504,13.0,138084.0,23561.0
2021-01-05 09:39:09.601,0.0507,0.0507,19.0,0.0505,1.0,138084.0,23572.0
2021-01-05 09:39:10.101,0.0507,0.0506,3.0,0.0505,1.0,138084.0,23572.0
2021-01-05 09:39:10.660,0.0505,0.0508,49.0,0.0505,39.0,138080.0,23580.0
2021-01-05 09:39:11.011,0.0506,0.051,18.0,0.0506,3.0,138069.0,23619.0
2021-01-05 09:39:11.701,0.0507,0.0509,15.0,0.0507,73.0,138049.0,23639.0
2021-01-05 09:39:12.150,0.0507,0.0509,15.0,0.0507,73.0,138049.0,23639.0
2021-01-05 09:39:12.661,0.0507,0.051,18.0,0.0508,13.0,138049.0,23642.0
2021-01-05 09:39:13.161,0.0508,0.051,33.0,0.0508,13.0,138049.0,23644.0
2021-01-05 09:39:13.720,0.0508,0.0508,17.0,0.0507,50.0,138049.0,23657.0
2021-01-05 09:39:14.160,0.0507,0.0509,15.0,0.0508,10.0,138051.0,23659.0
2021-01-05 09:39:14.650,0.0509,0.051,18.0,0.0509,14.0,138049.0,23689.0
2021-01-05 09:39:15.220,0.051,0.051,11.0,0.0509,14.0,138049.0,23696.0
2021-01-05 09:39:15.581,0.051,0.0511,13.0,0.051,4.0,138038.0,23721.0
2021-01-05 09:39:16.121,0.051,0.0512,45.0,0.0509,17.0,138038.0,23725.0
2021-01-05 09:39:16.600,0.051,0.0512,43.0,0.051,3.0,138038.0,23725.0
2021-01-05 09:39:17.151,0.051,0.0513,58.0,0.051,21.0,138038.0,23725.0
2021-01-05 09:39:17.650,0.0509,0.0511,30.0,0.0509,45.0,138043.0,23738.0
2021-01-05 09:39:18.221,0.0509,0.0511,43.0,0.0509,45.0,138043.0,23738.0
2021-01-05 09:39:18.671,0.0509,0.051,43.0,0.0509,17.0,138071.0,23766.0
2021-01-05 09:39:18.980,0.051,0.051,32.0,0.0509,17.0,138082.0,23777.0
2021-01-05 09:39:19.710,0.0511,0.0512,40.0,0.051,2.0,138088.0,23796.0
2021-01-05 09:39:20.180,0.0511,0.0512,15.0,0.0511,9.0,138089.0,23799.0
2021-01-05 09:39:20.741,0.0514,0.0513,15.0,0.0512,22.0,138092.0,23817.0
2021-01-05 09:39:21.231,0.0512,0.0512,1.0,0.0511,9.0,138093.0,23820.0
2021-01-05 09:39:21.671,0.0512,0.0514,10.0,0.0512,13.0,138093.0,23821.0
2021-01-05 09:39:22.140,0.0512,0.0513,30.0,0.0512,1.0,138093.0,23824.0
2021-01-05 09:39:22.651,0.0512,0.0515,28.0,0.0512,27.0,138094.0,23826.0
2021-01-05 09:39:23.150,0.0514,0.0513,10.0,0.0512,28.0,138109.0,23844.0
2021-01-05 09:39:23.700,0.0512,0.0513,10.0,0.0511,22.0,138119.0,23885.0
2021-01-05 09:39:24.151,0.0512,0.0513,28.0,0.0511,52.0,138119.0,23885.0
2021-01-05 09:39:25.210,0.0513,0.0515,25.0,0.0511,22.0,138119.0,23915.0
2021-01-05 09:39:25.690,0.0513,0.0514,31.0,0.0513,15.0,138119.0,23930.0
2021-01-05 09:39:26.130,0.0513,0.0515,30.0,0.0514,4.0,138099.0,23956.0
2021-01-05 09:39:26.641,0.0514,0.0515,28.0,0.0513,13.0,138099.0,23960.0
2021-01-05 09:39:27.131,0.0515,0.0515,48.0,0.0513,24.0,138099.0,23970.0
2021-01-05 09:39:27.711,0.0513,0.0514,10.0,0.0513,2.0,138100.0,23982.0
2021-01-05 09:39:28.220,0.0514,0.0514,16.0,0.0513,2.0,138099.0,23989.0
2021-01-05 09:39:28.710,0.0514,0.0514,14.0,0.0513,2.0,138099.0,23991.0
2021-01-05 09:39:29.231,0.0513,0.0514,1.0,0.0513,9.0,138102.0,23997.0
2021-01-05 09:39:29.721,0.0513,0.0513,10.0,0.0511,55.0,138105.0,24000.0
2021-01-05 09:39:30.220,0.0512,0.0512,32.0,0.051,35.0,138128.0,24023.0
2021-01-05 09:39:30.650,0.0511,0.0513,16.0,0.0511,51.0,138128.0,24025.0
2021-01-05 09:39:31.121,0.0511,0.0512,13.0,0.051,17.0,138128.0,24025.0
2021-01-05 09:39:31.701,0.051,0.0513,53.0,0.051,46.0,138129.0,24026.0
2021-01-05 09:39:32.120,0.0513,0.0513,49.0,0.051,59.0,138138.0,24036.0
2021-01-05 09:39:32.671,0.0513,0.0513,25.0,0.0511,43.0,138138.0,24037.0
2021-01-05 09:39:33.180,0.0513,0.0513,10.0,0.0511,44.0,138134.0,24056.0
2021-01-05 09:39:33.530,0.0512,0.0513,10.0,0.0512,32.0,138134.0,24057.0
2021-01-05 09:39:34.210,0.0511,0.0513,60.0,0.0511,3.0,138124.0,24073.0
2021-01-05 09:39:34.631,0.0513,0.0513,46.0,0.0511,16.0,138126.0,24079.0
2021-01-05 09:39:34.990,0.0513,0.0513,49.0,0.0511,3.0,138126.0,24089.0
2021-01-05 09:39:35.701,0.051,0.0512,14.0,0.051,3.0,138129.0,24123.0
2021-01-05 09:39:36.231,0.0511,0.0512,1.0,0.0511,23.0,138119.0,24133.0
2021-01-05 09:39:36.660,0.0511,0.0511,50.0,0.051,3.0,138119.0,24133.0
2021-01-05 09:39:37.221,0.0512,0.0513,161.0,0.051,3.0,138169.0,24184.0
2021-01-05 09:39:37.730,0.051,0.0512,3.0,0.0509,113.0,138176.0,24197.0
2021-01-05 09:39:38.221,0.051,0.0513,148.0,0.051,29.0,138176.0,24199.0
2021-01-05 09:39:38.650,0.0512,0.0512,3.0,0.051,29.0,138176.0,24200.0
2021-01-05 09:39:39.241,0.0513,0.0513,84.0,0.0512,7.0,138165.0,24225.0
2021-01-05 09:39:39.751,0.0513,0.0513,74.0,0.0512,50.0,138165.0,24246.0
2021-01-05 09:39:40.200,0.0513,0.0513,64.0,0.0512,38.0,138207.0,24298.0
2021-01-05 09:39:40.721,0.0511,0.0512,7.0,0.0511,33.0,138205.0,24346.0
2021-01-05 09:39:41.220,0.0509,0.0511,20.0,0.0509,70.0,138214.0,24403.0
2021-01-05 09:39:41.750,0.0511,0.0512,1.0,0.0511,30.0,138228.0,24437.0
2021-01-05 09:39:42.210,0.051,0.0512,41.0,0.051,31.0,138203.0,24483.0
2021-01-05 09:39:42.640,0.051,0.0511,43.0,0.0509,37.0,138203.0,24497.0
2021-01-05 09:39:43.170,0.0509,0.051,33.0,0.0509,39.0,138214.0,24508.0
2021-01-05 09:39:43.570,0.0509,0.051,68.0,0.0509,29.0,138214.0,24518.0
2021-01-05 09:39:44.231,0.0509,0.051,58.0,0.0509,29.0,138214.0,24518.0
2021-01-05 09:39:44.640,0.0509,0.051,38.0,0.0509,56.0,138217.0,24521.0
2021-01-05 09:39:45.251,0.0509,0.0511,13.0,0.0509,43.0,138223.0,24575.0
2021-01-05 09:39:45.750,0.0509,0.0512,17.0,0.0509,42.0,138222.0,24589.0
2021-01-05 09:39:46.040,0.0511,0.0513,64.0,0.0511,29.0,138221.0,24617.0
2021-01-05 09:39:46.691,0.0512,0.0513,37.0,0.0512,33.0,138194.0,24654.0
2021-01-05 09:39:47.250,0.0513,0.0515,17.0,0.0513,17.0,138167.0,24698.0
2021-01-05 09:39:47.710,0.0514,0.0515,47.0,0.0514,13.0,138164.0,24701.0
2021-01-05 09:39:48.221,0.0513,0.0514,20.0,0.0512,15.0,138168.0,24724.0
2021-01-05 09:39:48.720,0.0514,0.0515,17.0,0.0513,16.0,138168.0,24727.0
2021-01-05 09:39:49.241,0.0513,0.0515,20.0,0.0513,53.0,138168.0,24728.0
2021-01-05 09:39:49.711,0.0513,0.0515,20.0,0.0514,13.0,138168.0,24728.0
2021-01-05 09:39:49.961,0.0513,0.0515,17.0,0.0514,63.0,138168.0,24728.0
2021-01-05 09:39:50.701,0.0516,0.0518,275.0,0.0516,2.0,138148.0,24748.0
2021-01-05 09:39:51.241,0.0518,0.0518,259.0,0.0517,2.0,138147.0,24764.0
2021-01-05 09:39:51.730,0.0517,0.0518,244.0,0.0517,33.0,138134.0,24790.0
2021-01-05 09:39:52.180,0.0518,0.0518,248.0,0.0517,28.0,138129.0,24796.0
2021-01-05 09:39:52.591,0.0517,0.0517,21.0,0.0515,42.0,138136.0,24806.0
2021-01-05 09:39:53.121,0.0515,0.0517,81.0,0.0515,3.0,138133.0,24840.0
2021-01-05 09:39:53.630,0.0514,0.0515,54.0,0.0514,36.0,138132.0,24861.0
2021-01-05 09:39:54.091,0.0513,0.0514,24.0,0.0513,149.0,138133.0,24898.0
2021-01-05 09:39:54.691,0.0515,0.0515,50.0,0.0513,162.0,138134.0,24899.0
2021-01-05 09:39:55.181,0.0516,0.0516,13.0,0.0515,19.0,138119.0,24953.0
2021-01-05 09:39:55.640,0.0516,0.0517,41.0,0.0515,9.0,138119.0,24954.0
2021-01-05 09:39:56.120,0.0516,0.0517,11.0,0.0516,53.0,138119.0,24954.0
2021-01-05 09:39:56.691,0.0516,0.0518,248.0,0.0516,9.0,138104.0,24971.0
2021-01-05 09:39:57.181,0.0516,0.0518,248.0,0.0516,28.0,138104.0,24971.0
2021-01-05 09:39:57.580,0.0515,0.0516,13.0,0.0515,15.0,138103.0,24987.0
2021-01-05 09:39:58.170,0.0514,0.0515,54.0,0.0513,174.0,138104.0,24994.0
2021-01-05 09:39:58.600,0.0513,0.0514,3.0,0.0513,158.0,138105.0,24995.0
2021-01-05 09:39:59.050,0.0513,0.0515,1.0,0.0513,198.0,138105.0,24995.0
2021-01-05 09:39:59.670,0.0515,0.0515,28.0,0.0513,198.0,138107.0,24997.0
2021-01-05 09:40:00.181,0.0515,0.0514,13.0,0.0513,198.0,138122.0,25015.0
2021-01-05 09:40:00.631,0.0513,0.0515,15.0,0.0513,156.0,138123.0,25047.0
2021-01-05 09:40:01.201,0.0516,0.0516,63.0,0.0514,3.0,138125.0,25050.0
2021-01-05 09:40:01.551,0.0513,0.0514,12.0,0.0513,86.0,138125.0,25113.0
2021-01-05 09:40:02.141,0.0513,0.0513,16.0,0.0512,25.0,138215.0,25203.0
2021-01-05 09:40:02.671,0.0512,0.0512,15.0,0.051,16.0,138228.0,25231.0
2021-01-05 09:40:03.171,0.0512,0.0511,10.0,0.0509,48.0,138241.0,25272.0
2021-01-05 09:40:03.691,0.051,0.0512,15.0,0.051,10.0,138241.0,25312.0
2021-01-05 09:40:04.160,0.051,0.0513,15.0,0.0511,30.0,138242.0,25319.0
2021-01-05 09:40:04.700,0.0511,0.0513,38.0,0.0511,15.0,138242.0,25322.0
2021-01-05 09:40:05.170,0.0511,0.0512,30.0,0.0511,2.0,138242.0,25338.0
2021-01-05 09:40:05.701,0.0511,0.0512,10.0,0.0511,2.0,138310.0,25406.0
2021-01-05 09:40:06.200,0.051,0.0512,34.0,0.051,4.0,138313.0,25410.0
2021-01-05 09:40:06.600,0.051,0.0511,6.0,0.051,25.0,138317.0,25414.0
2021-01-05 09:40:07.191,0.0509,0.0511,7.0,0.0509,18.0,138316.0,25431.0
2021-01-05 09:40:07.700,0.0508,0.051,7.0,0.0508,18.0,138286.0,25462.0
2021-01-05 09:40:08.110,0.0509,0.0509,79.0,0.0507,49.0,138288.0,25467.0
2021-01-05 09:40:08.690,0.0508,0.0508,1.0,0.0507,10.0,138314.0,25493.0
2021-01-05 09:40:09.191,0.0508,0.0507,2.0,0.0506,15.0,138316.0,25501.0
2021-01-05 09:40:09.441,0.0507,0.0507,31.0,0.0505,110.0,138316.0,25502.0
2021-01-05 09:40:10.131,0.0508,0.0507,1.0,0.0506,63.0,138317.0,25510.0
2021-01-05 09:40:10.651,0.0506,0.0509,114.0,0.0506,25.0,138286.0,25542.0
2021-01-05 09:40:11.170,0.0509,0.0509,134.0,0.0507,15.0,138289.0,25555.0
2021-01-05 09:40:11.610,0.0509,0.0508,40.0,0.0506,3.0,138289.0,25555.0
2021-01-05 09:40:12.190,0.0509,0.0507,30.0,0.0506,3.0,138289.0,25555.0
2021-01-05 09:40:12.380,0.0505,0.0506,11.0,0.0505,68.0,138316.0,25585.0
2021-01-05 09:40:13.131,0.0505,0.0506,51.0,0.0505,68.0,138316.0,25585.0
2021-01-05 09:40:13.431,0.0505,0.0505,14.0,0.0503,23.0,138385.0,25656.0
2021-01-05 09:40:14.150,0.0505,0.0505,34.0,0.0503,18.0,138385.0,25656.0
2021-01-05 09:40:14.701,0.0504,0.0504,20.0,0.0503,18.0,138395.0,25666.0
2021-01-05 09:40:15.120,0.0504,0.0505,77.0,0.0503,18.0,138395.0,25666.0
2021-01-05 09:40:15.690,0.0504,0.0504,30.0,0.0503,18.0,138395.0,25666.0
2021-01-05 09:40:16.140,0.0504,0.0504,18.0,0.0503,18.0,138405.0,25676.0
2021-01-05 09:40:16.520,0.0504,0.0505,7.0,0.0504,15.0,138405.0,25679.0
2021-01-05 09:40:17.191,0.0504,0.0504,10.0,0.0503,17.0,138405.0,25681.0
2021-01-05 09:40:17.621,0.0503,0.0504,73.0,0.0503,10.0,138405.0,25688.0
2021-01-05 09:40:18.161,0.0503,0.0504,63.0,0.0503,25.0,138415.0,25708.0
2021-01-05 09:40:18.641,0.0503,0.0504,30.0,0.0503,3.0,138419.0,25723.0
2021-01-05 09:40:19.060,0.0502,0.0504,60.0,0.0502,20.0,138426.0,25730.0
2021-01-05 09:40:19.711,0.0504,0.0504,47.0,0.0503,45.0,138413.0,25743.0
2021-01-05 09:40:20.191,0.0506,0.0506,21.0,0.0505,1.0,138334.0,25840.0
2021-01-05 09:40:20.691,0.0506,0.0507,30.0,0.0506,13.0,138323.0,25853.0
2021-01-05 09:40:21.200,0.0507,0.0508,61.0,0.0507,15.0,138293.0,25903.0
2021-01-05 09:40:21.701,0.0507,0.0508,38.0,0.0507,16.0,138281.0,25938.0
2021-01-05 09:40:22.210,0.0506,0.0508,78.0,0.0506,30.0,138231.0,25988.0
2021-01-05 09:40:22.591,0.0508,0.0508,37.0,0.0506,15.0,138232.0,25989.0
2021-01-05 09:40:23.150,0.0507,0.0509,99.0,0.0507,12.0,138229.0,26031.0
2021-01-05 09:40:23.701,0.0508,0.0509,102.0,0.0508,15.0,138223.0,26037.0
2021-01-05 09:40:24.160,0.0508,0.0509,102.0,0.0508,16.0,138223.0,26038.0
2021-01-05 09:40:24.681,0.0508,0.0508,10.0,0.0507,18.0,138223.0,26038.0
2021-01-05 09:40:25.121,0.0508,0.0508,39.0,0.0507,15.0,138223.0,26039.0
2021-01-05 09:40:25.551,0.0507,0.0509,102.0,0.0508,30.0,138223.0,26050.0
2021-01-05 09:40:26.181,0.0507,0.0508,1.0,0.0507,35.0,138223.0,26060.0
2021-01-05 09:40:26.650,0.0509,0.0509,93.0,0.0507,50.0,138214.0,26070.0
2021-01-05 09:40:27.090,0.0509,0.0509,90.0,0.0508,31.0,138214.0,26070.0
2021-01-05 09:40:27.701,0.0509,0.051,27.0,0.0509,4.0,138124.0,26170.0
2021-01-05 09:40:28.110,0.0509,0.051,27.0,0.0507,58.0,138114.0,26180.0
2021-01-05 09:40:28.690,0.0509,0.0509,25.0,0.0507,43.0,138114.0,26180.0
2021-01-05 09:40:29.170,0.0509,0.0509,40.0,0.0507,13.0,138114.0,26180.0
2021-01-05 09:40:30.150,0.0509,0.0509,10.0,0.0508,45.0,138114.0,26180.0
2021-01-05 09:40:30.700,0.0507,0.0507,17.0,0.0506,45.0,138081.0,26213.0
2021-01-05 09:40:31.040,0.0507,0.0509,25.0,0.0507,16.0,138064.0,26230.0
2021-01-05 09:40:31.631,0.0507,0.0508,5.0,0.0507,50.0,138064.0,26230.0
2021-01-05 09:40:31.991,0.0507,0.0508,5.0,0.0507,20.0,138064.0,26230.0
2021-01-05 09:40:32.611,0.0507,0.0507,18.0,0.0506,74.0,138064.0,26250.0
2021-01-05 09:40:33.161,0.0508,0.0507,30.0,0.0506,34.0,138124.0,26310.0
2021-01-05 09:40:33.531,0.0506,0.0506,29.0,0.0504,2.0,138158.0,26344.0
2021-01-05 09:40:34.171,0.0506,0.0505,30.0,0.0504,5.0,138158.0,26344.0
2021-01-05 09:40:34.601,0.0506,0.0507,18.0,0.0504,50.0,138158.0,26344.0
2021-01-05 09:40:35.201,0.0506,0.0507,18.0,0.0505,30.0,138168.0,26354.0
2021-01-05 09:40:35.681,0.0505,0.0507,18.0,0.0505,32.0,138167.0,26355.0
2021-01-05 09:40:36.161,0.0508,0.0508,6.0,0.0505,46.0,138197.0,26386.0
2021-01-05 09:40:36.620,0.0507,0.0507,20.0,0.0506,15.0,138197.0,26404.0
2021-01-05 09:40:37.201,0.0507,0.0507,20.0,0.0506,15.0,138197.0,26404.0
2021-01-05 09:40:37.700,0.0507,0.0508,3.0,0.0507,10.0,138187.0,26435.0
2021-01-05 09:40:38.090,0.0507,0.0508,33.0,0.0504,110.0,138187.0,26438.0
2021-01-05 09:40:38.641,0.0507,0.0506,5.0,0.0505,15.0,138187.0,26438.0
2021-01-05 09:40:39.041,0.0506,0.0508,3.0,0.0506,5.0,138177.0,26463.0
2021-01-05 09:40:39.681,0.0505,0.0507,15.0,0.0505,45.0,138177.0,26464.0
2021-01-05 09:40:39.940,0.0504,0.0506,3.0,0.0504,46.0,138177.0,26465.0
2021-01-05 09:40:40.601,0.0504,0.0506,3.0,0.0504,61.0,138177.0,26465.0
2021-01-05 09:40:41.131,0.0505,0.0505,14.0,0.0504,36.0,138187.0,26476.0
2021-01-05 09:40:41.621,0.0505,0.0505,45.0,0.0503,12.0,138187.0,26476.0
2021-01-05 09:40:42.161,0.0505,0.0506,39.0,0.0505,32.0,138182.0,26496.0
2021-01-05 09:40:42.601,0.0506,0.0506,24.0,0.0504,16.0,138173.0,26511.0
2021-01-05 09:40:43.191,0.0506,0.0506,9.0,0.0505,3.0,138173.0,26526.0
2021-01-05 09:40:43.621,0.0506,0.0506,9.0,0.0505,3.0,138173.0,26526.0
2021-01-05 09:40:44.161,0.0506,0.0506,24.0,0.0504,1.0,138173.0,26526.0
2021-01-05 09:40:44.610,0.0504,0.0506,9.0,0.0505,3.0,138173.0,26527.0
2021-01-05 09:40:45.131,0.0504,0.0506,9.0,0.0505,3.0,138173.0,26527.0
2021-01-05 09:40:45.621,0.0505,0.0506,24.0,0.0505,2.0,138172.0,26528.0
