,last,ask1,asize1,bid1,bsize1,oi,volume
2021-01-05 09:25:00.080,,0.5394,1.0,0.5212,1.0,7632.0,
2021-01-05 09:30:00.451,,0.5445,1.0,0.5213,1.0,7632.0,
2021-01-05 09:30:00.991,,0.5294,20.0,0.5213,4.0,7632.0,
2021-01-05 09:30:01.481,0.5213,0.5244,10.0,0.5213,21.0,7631.0,3.0
2021-01-05 09:30:01.990,0.5213,0.5247,20.0,0.5213,1.0,7631.0,3.0
2021-01-05 09:30:02.501,0.5213,0.524,10.0,0.5213,1.0,7631.0,3.0
2021-01-05 09:30:03.010,0.5213,0.5244,30.0,0.5213,1.0,7631.0,3.0
2021-01-05 09:30:03.471,0.5213,0.5244,20.0,0.5213,1.0,7631.0,3.0
2021-01-05 09:30:03.980,0.5213,0.524,10.0,0.5213,21.0,7631.0,3.0
2021-01-05 09:30:04.430,0.5213,0.5223,10.0,0.5212,1.0,7632.0,4.0
2021-01-05 09:30:05.010,0.5212,0.5219,10.0,0.5195,20.0,7632.0,5.0
2021-01-05 09:30:05.481,0.5212,0.5215,10.0,0.5185,20.0,7632.0,5.0
2021-01-05 09:30:05.990,0.5212,0.5219,10.0,0.5161,10.0,7632.0,5.0
2021-01-05 09:30:06.480,0.5212,0.5191,10.0,0.5161,20.0,7632.0,5.0
2021-01-05 09:30:06.971,0.5212,0.5191,20.0,0.5149,20.0,7632.0,5.0
2021-01-05 09:30:07.471,0.5212,0.5191,20.0,0.5139,20.0,7632.0,5.0
2021-01-05 09:30:07.721,0.5212,0.5185,10.0,0.5139,20.0,7632.0,5.0
2021-01-05 09:30:08.520,0.5212,0.5182,10.0,0.5147,10.0,7632.0,5.0
2021-01-05 09:30:08.960,0.5212,0.5184,10.0,0.5146,20.0,7632.0,5.0
2021-01-05 09:30:09.490,0.5212,0.5176,10.0,0.5139,20.0,7632.0,5.0
2021-01-05 09:30:10.501,0.5212,0.517,10.0,0.5139,20.0,7632.0,5.0
2021-01-05 09:30:11.000,0.5212,0.517,20.0,0.5139,20.0,7632.0,5.0
2021-01-05 09:30:11.440,0.5212,0.5164,10.0,0.5125,10.0,7632.0,5.0
2021-01-05 09:30:11.980,0.5212,0.5158,10.0,0.5123,10.0,7632.0,5.0
2021-01-05 09:30:12.521,0.5212,0.5161,20.0,0.5123,20.0,7632.0,5.0
2021-01-05 09:30:12.900,0.5212,0.5176,10.0,0.5141,10.0,7632.0,5.0
2021-01-05 09:30:13.501,0.5212,0.5176,20.0,0.5141,20.0,7632.0,5.0
2021-01-05 09:30:13.941,0.5212,0.5174,10.0,0.5138,10.0,7632.0,5.0
2021-01-05 09:30:14.521,0.5212,0.5174,20.0,0.5138,20.0,7632.0,5.0
2021-01-05 09:30:15.040,0.5212,0.5174,20.0,0.5136,10.0,7632.0,5.0
2021-01-05 09:30:15.520,0.5212,0.5174,20.0,0.5141,10.0,7632.0,5.0
2021-01-05 09:30:15.991,0.5212,0.5173,10.0,0.5141,20.0,7632.0,5.0
2021-01-05 09:30:16.531,0.5212,0.5174,20.0,0.5147,10.0,7632.0,5.0
2021-01-05 09:30:17.021,0.5212,0.5174,20.0,0.5149,10.0,7632.0,5.0
2021-01-05 09:30:17.641,0.5174,0.519,20.0,0.5153,10.0,7612.0,25.0
2021-01-05 09:30:18.231,0.5174,0.5203,20.0,0.5157,10.0,7612.0,25.0
2021-01-05 09:30:19.241,0.5174,0.5203,20.0,0.5163,10.0,7612.0,25.0
2021-01-05 09:30:19.741,0.5174,0.5209,30.0,0.5166,10.0,7612.0,25.0
2021-01-05 09:30:20.240,0.5174,0.5206,10.0,0.5167,10.0,7612.0,25.0
2021-01-05 09:30:20.740,0.5174,0.5209,20.0,0.5163,20.0,7612.0,25.0
2021-01-05 09:30:21.241,0.5174,0.5195,10.0,0.5163,20.0,7612.0,25.0
2021-01-05 09:30:21.731,0.5174,0.5211,10.0,0.5159,10.0,7612.0,25.0
2021-01-05 09:30:22.240,0.5174,0.5191,10.0,0.5157,20.0,7612.0,25.0
2021-01-05 09:30:22.671,0.5174,0.5196,20.0,0.5157,30.0,7612.0,25.0
2021-01-05 09:30:23.170,0.5174,0.5195,10.0,0.5157,20.0,7612.0,25.0
2021-01-05 09:30:23.670,0.5174,0.5186,10.0,0.515,20.0,7612.0,25.0
2021-01-05 09:30:24.140,0.5174,0.5183,10.0,0.515,20.0,7612.0,25.0
2021-01-05 09:30:24.661,0.5174,0.5176,10.0,0.5144,20.0,7612.0,25.0
2021-01-05 09:30:25.160,0.5174,0.5172,10.0,0.5144,20.0,7612.0,25.0
2021-01-05 09:30:25.671,0.5174,0.5176,20.0,0.5141,10.0,7612.0,25.0
2021-01-05 09:30:26.171,0.5174,0.5176,30.0,0.5142,10.0,7612.0,25.0
2021-01-05 09:30:26.670,0.5174,0.5176,30.0,0.5138,20.0,7612.0,25.0
2021-01-05 09:30:27.170,0.5174,0.5173,10.0,0.5138,30.0,7612.0,25.0
2021-01-05 09:30:27.671,0.5174,0.5176,20.0,0.514,10.0,7612.0,25.0
2021-01-05 09:30:28.161,0.5174,0.5176,20.0,0.5151,1.0,7612.0,25.0
2021-01-05 09:30:28.670,0.5174,0.5175,10.0,0.5151,1.0,7612.0,25.0
2021-01-05 09:30:29.150,0.5174,0.5176,20.0,0.5151,1.0,7612.0,25.0
2021-01-05 09:30:29.650,0.5174,0.5171,10.0,0.5151,1.0,7612.0,25.0
2021-01-05 09:30:30.171,0.5174,0.5175,10.0,0.5151,1.0,7612.0,25.0
2021-01-05 09:30:30.620,0.5174,0.5175,20.0,0.5151,1.0,7612.0,25.0
2021-01-05 09:30:31.121,0.5174,0.5181,10.0,0.5151,1.0,7612.0,25.0
2021-01-05 09:30:31.661,0.5174,0.5182,20.0,0.5151,1.0,7612.0,25.0
2021-01-05 09:30:32.140,0.5174,0.5181,10.0,0.5151,1.0,7612.0,25.0
2021-01-05 09:30:32.631,0.5174,0.5182,20.0,0.5151,1.0,7612.0,25.0
2021-01-05 09:30:33.171,0.5174,0.5182,20.0,0.5151,1.0,7612.0,25.0
2021-01-05 09:30:33.671,0.5174,0.5194,20.0,0.5151,1.0,7612.0,25.0
2021-01-05 09:30:34.191,0.5174,0.5194,20.0,0.5151,1.0,7612.0,25.0
2021-01-05 09:30:34.670,0.5174,0.5194,20.0,0.5151,1.0,7612.0,25.0
2021-01-05 09:30:36.160,0.5151,0.5184,10.0,0.515,10.0,7611.0,26.0
2021-01-05 09:30:36.681,0.5151,0.5184,20.0,0.5153,10.0,7611.0,26.0
2021-01-05 09:30:37.171,0.5151,0.5191,10.0,0.5155,10.0,7611.0,26.0
2021-01-05 09:30:37.670,0.5151,0.5189,10.0,0.5153,20.0,7611.0,26.0
2021-01-05 09:30:38.141,0.5151,0.5187,10.0,0.5151,10.0,7611.0,26.0
2021-01-05 09:30:38.700,0.5151,0.5189,20.0,0.5157,10.0,7611.0,26.0
2021-01-05 09:30:39.201,0.5151,0.5189,20.0,0.5151,10.0,7611.0,26.0
2021-01-05 09:30:39.661,0.5151,0.5188,10.0,0.5153,10.0,7611.0,26.0
2021-01-05 09:30:40.170,0.5151,0.5188,20.0,0.5153,20.0,7611.0,26.0
2021-01-05 09:30:40.690,0.5153,0.5194,20.0,0.5153,19.0,7610.0,27.0
2021-01-05 09:30:41.011,0.5153,0.5194,20.0,0.5153,20.0,7610.0,27.0
2021-01-05 09:30:41.701,0.5153,0.5192,10.0,0.5153,20.0,7610.0,27.0
2021-01-05 09:30:42.181,0.5153,0.5193,10.0,0.5156,10.0,7610.0,27.0
2021-01-05 09:30:42.671,0.5153,0.5194,20.0,0.5161,10.0,7610.0,27.0
2021-01-05 09:30:43.180,0.5153,0.5201,30.0,0.5163,10.0,7610.0,27.0
2021-01-05 09:30:43.681,0.5153,0.5199,10.0,0.5161,30.0,7610.0,27.0
2021-01-05 09:30:44.181,0.5153,0.5201,20.0,0.5168,10.0,7610.0,27.0
2021-01-05 09:30:44.650,0.5153,0.5201,20.0,0.5168,30.0,7610.0,27.0
2021-01-05 09:30:45.161,0.5153,0.5201,20.0,0.5168,30.0,7610.0,27.0
2021-01-05 09:30:45.710,0.5168,0.5201,20.0,0.517,10.0,7608.0,29.0
2021-01-05 09:30:46.200,0.5168,0.5207,20.0,0.5171,10.0,7608.0,29.0
2021-01-05 09:30:46.701,0.5168,0.5207,20.0,0.5173,10.0,7608.0,29.0
2021-01-05 09:30:47.191,0.5168,0.5211,10.0,0.5174,10.0,7608.0,29.0
2021-01-05 09:30:47.691,0.5168,0.5213,20.0,0.5185,10.0,7608.0,29.0
2021-01-05 09:30:48.200,0.5168,0.5219,10.0,0.5185,20.0,7608.0,29.0
2021-01-05 09:30:49.210,0.5168,0.5216,10.0,0.5185,20.0,7608.0,29.0
2021-01-05 09:30:49.700,0.5168,0.5216,20.0,0.5179,20.0,7608.0,29.0
2021-01-05 09:30:50.171,0.5168,0.5229,30.0,0.5161,20.0,7608.0,29.0
2021-01-05 09:30:50.651,0.5168,0.5217,10.0,0.5182,10.0,7608.0,29.0
2021-01-05 09:30:51.181,0.5168,0.5217,10.0,0.5182,10.0,7608.0,29.0
2021-01-05 09:30:51.721,0.5168,0.5217,20.0,0.5182,20.0,7608.0,29.0
2021-01-05 09:30:52.221,0.5168,0.5221,10.0,0.5183,10.0,7608.0,29.0
2021-01-05 09:30:52.651,0.5168,0.5224,10.0,0.5187,10.0,7608.0,29.0
2021-01-05 09:30:53.120,0.5168,0.5224,30.0,0.5189,10.0,7608.0,29.0
2021-01-05 09:30:54.130,0.5168,0.5223,10.0,0.5188,10.0,7608.0,29.0
2021-01-05 09:30:54.670,0.5168,0.5224,20.0,0.5188,10.0,7608.0,29.0
2021-01-05 09:30:55.081,0.5168,0.5229,20.0,0.5195,10.0,7608.0,29.0
2021-01-05 09:30:55.671,0.5168,0.5236,30.0,0.5195,30.0,7608.0,29.0
2021-01-05 09:30:56.170,0.5168,0.523,10.0,0.5195,30.0,7608.0,29.0
2021-01-05 09:30:56.660,0.5168,0.5234,10.0,0.5197,10.0,7608.0,29.0
2021-01-05 09:30:57.171,0.5168,0.523,20.0,0.5195,30.0,7608.0,29.0
2021-01-05 09:30:57.600,0.5168,0.523,30.0,0.5195,20.0,7608.0,29.0
2021-01-05 09:30:58.091,0.5168,0.521,10.0,0.5195,20.0,7608.0,29.0
2021-01-05 09:30:59.171,0.5168,0.5205,10.0,0.5187,20.0,7608.0,29.0
2021-01-05 09:30:59.640,0.5168,0.5199,10.0,0.5187,20.0,7608.0,29.0
2021-01-05 09:31:00.161,0.5199,0.5206,20.0,0.5192,10.0,7608.0,39.0
2021-01-05 09:31:00.681,0.5199,0.52,10.0,0.5178,10.0,7608.0,39.0
2021-01-05 09:31:01.140,0.5199,0.52,10.0,0.5183,10.0,7608.0,39.0
2021-01-05 09:31:02.170,0.5199,0.5189,20.0,0.5173,10.0,7608.0,39.0
2021-01-05 09:31:02.681,0.5199,0.5193,10.0,0.5173,10.0,7608.0,39.0
2021-01-05 09:31:03.131,0.5199,0.5189,10.0,0.5165,10.0,7608.0,39.0
2021-01-05 09:31:03.680,0.5185,0.5185,5.0,0.5163,10.0,7608.0,44.0
2021-01-05 09:31:04.181,0.5185,0.5185,5.0,0.5163,10.0,7608.0,44.0
2021-01-05 09:31:04.671,0.5185,0.5185,5.0,0.5167,10.0,7608.0,44.0
2021-01-05 09:31:05.190,0.5185,0.5185,5.0,0.5165,10.0,7608.0,44.0
2021-01-05 09:31:05.591,0.5185,0.5185,5.0,0.5167,10.0,7608.0,44.0
2021-01-05 09:31:06.160,0.5185,0.5195,30.0,0.5174,10.0,7608.0,44.0
2021-01-05 09:31:06.681,0.5185,0.5195,20.0,0.5185,10.0,7608.0,44.0
2021-01-05 09:31:07.190,0.5185,0.52,10.0,0.5185,10.0,7608.0,44.0
2021-01-05 09:31:07.670,0.5185,0.52,10.0,0.5185,10.0,7608.0,44.0
2021-01-05 09:31:08.200,0.5185,0.52,10.0,0.518,20.0,7608.0,44.0
2021-01-05 09:31:08.600,0.5185,0.5205,2.0,0.5194,10.0,7608.0,44.0
2021-01-05 09:31:09.101,0.5185,0.5205,2.0,0.5187,10.0,7608.0,44.0
2021-01-05 09:31:09.701,0.5185,0.5205,2.0,0.5189,10.0,7608.0,44.0
2021-01-05 09:31:10.200,0.5185,0.5205,2.0,0.5192,10.0,7608.0,44.0
2021-01-05 09:31:10.690,0.5185,0.5205,2.0,0.5194,10.0,7608.0,44.0
2021-01-05 09:31:11.170,0.5185,0.5205,2.0,0.5194,10.0,7608.0,44.0
2021-01-05 09:31:11.570,0.5185,0.5205,2.0,0.5189,10.0,7608.0,44.0
2021-01-05 09:31:12.171,0.5185,0.5205,22.0,0.5193,10.0,7608.0,44.0
2021-01-05 09:31:12.621,0.5185,0.5204,10.0,0.5184,30.0,7608.0,44.0
2021-01-05 09:31:13.170,0.5185,0.5205,22.0,0.5196,10.0,7608.0,44.0
2021-01-05 09:31:13.710,0.5185,0.5205,22.0,0.5196,10.0,7608.0,44.0
2021-01-05 09:31:14.200,0.5185,0.5205,22.0,0.5191,10.0,7608.0,44.0
2021-01-05 09:31:15.110,0.5185,0.5204,10.0,0.5183,10.0,7608.0,44.0
2021-01-05 09:31:16.711,0.5185,0.5205,22.0,0.519,10.0,7608.0,44.0
2021-01-05 09:31:17.201,0.5185,0.5205,22.0,0.5192,10.0,7608.0,44.0
2021-01-05 09:31:17.710,0.5185,0.5205,22.0,0.5194,10.0,7608.0,44.0
2021-01-05 09:31:18.201,0.5185,0.5205,22.0,0.5194,10.0,7608.0,44.0
2021-01-05 09:31:18.720,0.5185,0.5205,22.0,0.5198,10.0,7608.0,44.0
2021-01-05 09:31:19.150,0.5205,0.522,20.0,0.5205,1.0,7608.0,46.0
2021-01-05 09:31:19.721,0.5205,0.5215,10.0,0.5205,1.0,7608.0,46.0
2021-01-05 09:31:20.171,0.5205,0.5215,20.0,0.5205,1.0,7608.0,46.0
2021-01-05 09:31:20.701,0.5205,0.5221,10.0,0.5203,10.0,7608.0,46.0
2021-01-05 09:31:21.221,0.5205,0.5203,3.0,0.519,10.0,7608.0,46.0
2021-01-05 09:31:21.671,0.5205,0.5207,10.0,0.519,10.0,7612.0,50.0
2021-01-05 09:31:22.211,0.5207,0.5201,10.0,0.518,10.0,7612.0,60.0
2021-01-05 09:31:22.620,0.5201,0.5208,20.0,0.5183,10.0,7612.0,70.0
2021-01-05 09:31:23.171,0.5201,0.52,10.0,0.5179,20.0,7612.0,70.0
2021-01-05 09:31:23.640,0.5201,0.52,10.0,0.5182,10.0,7612.0,70.0
2021-01-05 09:31:24.151,0.5201,0.52,10.0,0.5182,20.0,7612.0,70.0
2021-01-05 09:31:24.660,0.5201,0.5206,10.0,0.5187,10.0,7612.0,70.0
2021-01-05 09:31:25.150,0.5201,0.5212,20.0,0.5193,10.0,7612.0,70.0
2021-01-05 09:31:25.630,0.5201,0.5213,10.0,0.5195,10.0,7612.0,70.0
2021-01-05 09:31:26.141,0.5201,0.5207,10.0,0.5187,30.0,7612.0,70.0
2021-01-05 09:31:26.681,0.5201,0.5207,10.0,0.5189,10.0,7612.0,70.0
2021-01-05 09:31:27.171,0.5201,0.5212,10.0,0.5192,10.0,7612.0,70.0
2021-01-05 09:31:27.601,0.5201,0.5205,10.0,0.5187,20.0,7612.0,70.0
2021-01-05 09:31:28.091,0.5201,0.5205,10.0,0.5189,10.0,7612.0,70.0
2021-01-05 09:31:28.610,0.5201,0.5205,10.0,0.5189,10.0,7612.0,70.0
2021-01-05 09:31:29.171,0.5201,0.5205,10.0,0.5189,10.0,7612.0,70.0
2021-01-05 09:31:30.170,0.5201,0.5205,10.0,0.5189,10.0,7612.0,70.0
2021-01-05 09:31:30.671,0.5201,0.521,10.0,0.5191,10.0,7612.0,70.0
2021-01-05 09:31:31.101,0.5201,0.5208,10.0,0.5191,10.0,7612.0,70.0
2021-01-05 09:31:31.630,0.5201,0.5208,10.0,0.5191,10.0,7612.0,70.0
2021-01-05 09:31:32.191,0.5201,0.5205,10.0,0.5185,10.0,7612.0,70.0
2021-01-05 09:31:32.671,0.5201,0.5205,10.0,0.5189,10.0,7612.0,70.0
2021-01-05 09:31:33.190,0.5201,0.5205,10.0,0.5191,10.0,7612.0,70.0
2021-01-05 09:31:33.610,0.5201,0.5205,10.0,0.5191,10.0,7612.0,70.0
2021-01-05 09:31:34.181,0.5205,0.5208,20.0,0.5191,10.0,7613.0,71.0
2021-01-05 09:31:34.681,0.5205,0.5204,10.0,0.5184,20.0,7613.0,71.0
2021-01-05 09:31:35.190,0.5205,0.5204,10.0,0.5186,10.0,7613.0,71.0
2021-01-05 09:31:35.651,0.5205,0.5204,10.0,0.5189,10.0,7613.0,71.0
2021-01-05 09:31:36.181,0.5205,0.5204,10.0,0.5189,10.0,7613.0,71.0
2021-01-05 09:31:36.690,0.5205,0.5204,10.0,0.5184,20.0,7613.0,71.0
2021-01-05 09:31:37.191,0.5205,0.5205,20.0,0.519,10.0,7613.0,71.0
2021-01-05 09:31:37.620,0.5205,0.5205,20.0,0.519,10.0,7613.0,71.0
2021-01-05 09:31:38.190,0.5205,0.5213,20.0,0.5198,10.0,7613.0,71.0
2021-01-05 09:31:39.210,0.5205,0.522,30.0,0.5206,5.0,7613.0,71.0
2021-01-05 09:31:39.710,0.5205,0.522,30.0,0.5206,5.0,7613.0,71.0
2021-01-05 09:31:40.190,0.5205,0.522,30.0,0.5206,5.0,7613.0,71.0
2021-01-05 09:31:40.711,0.5205,0.522,20.0,0.5209,10.0,7613.0,71.0
2021-01-05 09:31:41.191,0.5205,0.5231,10.0,0.5209,10.0,7613.0,71.0
2021-01-05 09:31:41.700,0.5205,0.5234,20.0,0.5211,10.0,7613.0,71.0
2021-01-05 09:31:42.211,0.5205,0.523,10.0,0.5211,10.0,7613.0,71.0
2021-01-05 09:31:43.191,0.5205,0.5226,10.0,0.5206,10.0,7613.0,71.0
2021-01-05 09:31:43.621,0.5205,0.522,10.0,0.5205,10.0,7613.0,71.0
2021-01-05 09:31:44.190,0.5205,0.522,10.0,0.5205,10.0,7613.0,71.0
2021-01-05 09:31:44.691,0.5205,0.5215,10.0,0.5194,10.0,7613.0,71.0
2021-01-05 09:31:45.170,0.5205,0.5223,20.0,0.5209,10.0,7613.0,71.0
2021-01-05 09:31:45.700,0.5205,0.522,10.0,0.5201,10.0,7613.0,71.0
2021-01-05 09:31:46.071,0.5205,0.5229,20.0,0.521,10.0,7613.0,71.0
2021-01-05 09:31:46.701,0.5205,0.5231,10.0,0.521,10.0,7613.0,71.0
2021-01-05 09:31:47.191,0.5205,0.5224,10.0,0.5206,20.0,7613.0,71.0
2021-01-05 09:31:47.690,0.5205,0.5233,10.0,0.5211,10.0,7613.0,71.0
2021-01-05 09:31:48.211,0.5205,0.5233,10.0,0.5213,10.0,7613.0,71.0
2021-01-05 09:31:48.691,0.5205,0.5233,10.0,0.5213,10.0,7613.0,71.0
2021-01-05 09:31:49.711,0.5205,0.5233,10.0,0.5216,10.0,7613.0,71.0
2021-01-05 09:31:50.191,0.5205,0.5235,20.0,0.5223,10.0,7613.0,71.0
2021-01-05 09:31:50.710,0.5205,0.5245,10.0,0.5223,10.0,7613.0,71.0
2021-01-05 09:31:51.210,0.5205,0.5241,10.0,0.5223,10.0,7613.0,71.0
2021-01-05 09:31:51.210,0.5205,0.5241,10.0,0.5223,10.0,7613.0,71.0
2021-01-05 09:31:52.220,0.5205,0.5247,20.0,0.5227,20.0,7613.0,71.0
2021-01-05 09:31:52.621,0.5205,0.5247,20.0,0.523,10.0,7613.0,71.0
2021-01-05 09:31:53.171,0.5205,0.5247,20.0,0.523,10.0,7613.0,71.0
2021-01-05 09:31:53.530,0.5205,0.5252,20.0,0.5235,10.0,7613.0,71.0
2021-01-05 09:31:54.151,0.5205,0.5262,30.0,0.5237,20.0,7613.0,71.0
2021-01-05 09:31:54.641,0.5205,0.526,10.0,0.5237,10.0,7613.0,71.0
2021-01-05 09:31:55.150,0.5205,0.526,10.0,0.5237,10.0,7613.0,71.0
2021-01-05 09:31:55.670,0.5205,0.5262,20.0,0.524,10.0,7613.0,71.0
2021-01-05 09:31:56.110,0.5205,0.5262,20.0,0.524,10.0,7613.0,71.0
2021-01-05 09:31:56.591,0.5205,0.5262,20.0,0.524,30.0,7613.0,71.0
2021-01-05 09:31:57.171,0.5205,0.5262,20.0,0.5241,10.0,7613.0,71.0
2021-01-05 09:31:57.651,0.5205,0.5262,20.0,0.5243,10.0,7613.0,71.0
2021-01-05 09:31:58.171,0.5205,0.5261,10.0,0.5243,10.0,7613.0,71.0
2021-01-05 09:31:59.180,0.5205,0.5261,10.0,0.5243,10.0,7613.0,71.0
2021-01-05 09:31:59.660,0.5205,0.5261,10.0,0.5243,10.0,7613.0,71.0
2021-01-05 09:32:00.150,0.5205,0.5256,10.0,0.5237,10.0,7613.0,71.0
2021-01-05 09:32:00.650,0.5205,0.5256,20.0,0.5243,10.0,7613.0,71.0
2021-01-05 09:32:01.170,0.5205,0.5262,20.0,0.5243,10.0,7613.0,71.0
2021-01-05 09:32:01.601,0.5205,0.5252,10.0,0.5235,20.0,7613.0,71.0
2021-01-05 09:32:02.171,0.5205,0.525,10.0,0.5232,10.0,7613.0,71.0
2021-01-05 09:32:02.671,0.5205,0.5244,10.0,0.5229,20.0,7613.0,71.0
2021-01-05 09:32:03.180,0.5205,0.5244,30.0,0.522,10.0,7613.0,71.0
2021-01-05 09:32:03.641,0.5205,0.5244,30.0,0.522,10.0,7613.0,71.0
2021-01-05 09:32:04.150,0.5205,0.524,10.0,0.522,10.0,7613.0,71.0
2021-01-05 09:32:04.661,0.5205,0.5244,20.0,0.5228,10.0,7613.0,71.0
2021-01-05 09:32:05.130,0.5205,0.5244,20.0,0.5232,10.0,7613.0,71.0
2021-01-05 09:32:05.660,0.5205,0.5244,20.0,0.5226,10.0,7613.0,71.0
2021-01-05 09:32:06.161,0.5205,0.5244,20.0,0.524,10.0,7613.0,71.0
2021-01-05 09:32:06.680,0.5205,0.5253,10.0,0.5233,10.0,7613.0,71.0
2021-01-05 09:32:07.070,0.5205,0.5243,10.0,0.5223,10.0,7613.0,71.0
2021-01-05 09:32:07.671,0.5205,0.5243,10.0,0.5223,10.0,7613.0,71.0
2021-01-05 09:32:08.171,0.5205,0.5243,10.0,0.5227,10.0,7613.0,71.0
2021-01-05 09:32:08.670,0.5205,0.5245,20.0,0.5234,10.0,7613.0,71.0
2021-01-05 09:32:09.141,0.5205,0.5253,20.0,0.5239,10.0,7613.0,71.0
2021-01-05 09:32:09.681,0.5205,0.5252,3.0,0.5239,10.0,7613.0,71.0
2021-01-05 09:32:10.140,0.5205,0.525,10.0,0.523,10.0,7613.0,71.0
2021-01-05 09:32:10.630,0.5205,0.5252,20.0,0.5237,10.0,7613.0,71.0
2021-01-05 09:32:11.170,0.5205,0.5255,10.0,0.5237,10.0,7613.0,71.0
2021-01-05 09:32:11.650,0.5205,0.5248,10.0,0.5228,10.0,7613.0,71.0
2021-01-05 09:32:12.161,0.5205,0.5243,10.0,0.5222,10.0,7613.0,71.0
2021-01-05 09:32:12.670,0.5205,0.5243,10.0,0.5222,10.0,7613.0,71.0
2021-01-05 09:32:13.171,0.5205,0.5243,10.0,0.5226,10.0,7613.0,71.0
2021-01-05 09:32:13.680,0.5205,0.5243,10.0,0.5226,10.0,7613.0,71.0
2021-01-05 09:32:14.660,0.5205,0.525,10.0,0.523,10.0,7613.0,71.0
2021-01-05 09:32:15.171,0.5205,0.525,10.0,0.523,10.0,7613.0,71.0
2021-01-05 09:32:15.171,0.5205,0.525,10.0,0.5233,10.0,7613.0,71.0
2021-01-05 09:32:16.151,0.5205,0.525,10.0,0.5233,10.0,7613.0,71.0
2021-01-05 09:32:16.551,0.5205,0.525,10.0,0.5233,10.0,7613.0,71.0
2021-01-05 09:32:17.161,0.5205,0.5245,10.0,0.5226,20.0,7613.0,71.0
2021-01-05 09:32:17.651,0.5205,0.5246,20.0,0.5233,10.0,7613.0,71.0
2021-01-05 09:32:18.130,0.5205,0.5251,20.0,0.5233,10.0,7613.0,71.0
2021-01-05 09:32:18.660,0.5205,0.5251,20.0,0.5238,10.0,7613.0,71.0
2021-01-05 09:32:19.150,0.5205,0.5256,10.0,0.5238,10.0,7613.0,71.0
2021-01-05 09:32:19.640,0.5205,0.5256,10.0,0.5238,10.0,7613.0,71.0
2021-01-05 09:32:20.151,0.5205,0.5256,10.0,0.5238,10.0,7613.0,71.0
2021-01-05 09:32:20.671,0.5205,0.5248,10.0,0.5236,20.0,7613.0,71.0
2021-01-05 09:32:21.171,0.5205,0.5244,10.0,0.5231,20.0,7613.0,71.0
2021-01-05 09:32:21.680,0.5205,0.524,15.0,0.5226,20.0,7613.0,71.0
2021-01-05 09:32:22.181,0.5205,0.524,10.0,0.5222,10.0,7613.0,71.0
2021-01-05 09:32:22.481,0.5205,0.524,10.0,0.5222,10.0,7613.0,71.0
2021-01-05 09:32:23.140,0.5205,0.524,10.0,0.5222,10.0,7613.0,71.0
2021-01-05 09:32:24.160,0.5205,0.524,10.0,0.5224,10.0,7613.0,71.0
2021-01-05 09:32:24.640,0.5205,0.524,10.0,0.5226,10.0,7613.0,71.0
2021-01-05 09:32:25.170,0.5205,0.5249,20.0,0.5231,10.0,7613.0,71.0
2021-01-05 09:32:25.670,0.5205,0.5246,10.0,0.5231,10.0,7613.0,71.0
2021-01-05 09:32:26.171,0.5205,0.5249,20.0,0.5237,10.0,7613.0,71.0
2021-01-05 09:32:26.650,0.5205,0.5258,20.0,0.5237,10.0,7613.0,71.0
2021-01-05 09:32:27.151,0.5205,0.5258,30.0,0.5237,10.0,7613.0,71.0
2021-01-05 09:32:27.670,0.5205,0.5258,10.0,0.5237,10.0,7613.0,71.0
2021-01-05 09:32:28.171,0.5205,0.5258,10.0,0.5237,10.0,7613.0,71.0
2021-01-05 09:32:28.630,0.5205,0.5258,10.0,0.524,10.0,7613.0,71.0
2021-01-05 09:32:29.180,0.5205,0.5263,10.0,0.524,10.0,7613.0,71.0
2021-01-05 09:32:30.171,0.5205,0.5257,10.0,0.524,10.0,7613.0,71.0
2021-01-05 09:32:31.631,0.5205,0.5264,30.0,0.5244,10.0,7613.0,71.0
2021-01-05 09:32:32.121,0.5205,0.5258,10.0,0.5238,10.0,7613.0,71.0
2021-01-05 09:32:33.141,0.5205,0.5258,10.0,0.524,10.0,7613.0,71.0
2021-01-05 09:32:33.671,0.5205,0.5264,40.0,0.5243,10.0,7613.0,71.0
2021-01-05 09:32:34.171,0.5205,0.5259,10.0,0.5243,10.0,7613.0,71.0
2021-01-05 09:32:34.691,0.5205,0.5255,10.0,0.5235,30.0,7613.0,71.0
2021-01-05 09:32:35.170,0.5205,0.5255,10.0,0.5237,10.0,7613.0,71.0
2021-01-05 09:32:35.671,0.5205,0.5255,10.0,0.5239,10.0,7613.0,71.0
2021-01-05 09:32:36.190,0.5205,0.5255,10.0,0.5239,10.0,7613.0,71.0
2021-01-05 09:32:36.691,0.5255,0.5255,8.0,0.5239,10.0,7615.0,73.0
2021-01-05 09:32:37.150,0.5255,0.5255,8.0,0.5239,10.0,7615.0,73.0
2021-01-05 09:32:37.640,0.5255,0.5255,8.0,0.5239,10.0,7615.0,73.0
2021-01-05 09:32:38.190,0.5255,0.5255,8.0,0.5239,10.0,7615.0,73.0
2021-01-05 09:32:39.200,0.5255,0.5255,8.0,0.5238,30.0,7615.0,73.0
2021-01-05 09:32:39.630,0.5255,0.5259,20.0,0.5241,10.0,7615.0,73.0
2021-01-05 09:32:40.151,0.5255,0.5258,10.0,0.5241,10.0,7615.0,73.0
2021-01-05 09:32:41.200,0.5255,0.5258,10.0,0.5241,10.0,7615.0,73.0
2021-01-05 09:32:41.690,0.5255,0.5259,20.0,0.5246,10.0,7615.0,73.0
2021-01-05 09:32:42.161,0.5255,0.5259,30.0,0.524,10.0,7615.0,73.0
2021-01-05 09:32:42.700,0.5255,0.5259,20.0,0.5246,10.0,7615.0,73.0
2021-01-05 09:32:43.121,0.5255,0.5263,10.0,0.5246,10.0,7615.0,73.0
2021-01-05 09:32:43.190,0.5255,0.5263,10.0,0.5246,10.0,7615.0,73.0
2021-01-05 09:32:44.110,0.5255,0.526,10.0,0.5245,10.0,7615.0,73.0
2021-01-05 09:32:44.990,0.5245,0.5254,30.0,0.5233,10.0,7615.0,83.0
2021-01-05 09:32:45.471,0.5245,0.5254,20.0,0.5243,10.0,7615.0,83.0
2021-01-05 09:32:46.160,0.5245,0.526,10.0,0.5243,10.0,7615.0,83.0
2021-01-05 09:32:46.310,0.5245,0.526,10.0,0.5243,10.0,7615.0,83.0
2021-01-05 09:32:47.701,0.5245,0.5264,20.0,0.5245,10.0,7615.0,83.0
2021-01-05 09:32:48.181,0.5245,0.5264,20.0,0.5247,10.0,7615.0,83.0
2021-01-05 09:32:48.690,0.5264,0.5264,15.0,0.525,10.0,7617.0,88.0
2021-01-05 09:32:49.190,0.5264,0.5272,30.0,0.5252,10.0,7618.0,90.0
2021-01-05 09:32:49.670,0.5264,0.5288,10.0,0.5261,10.0,7618.0,90.0
2021-01-05 09:32:50.171,0.5264,0.5303,20.0,0.5274,10.0,7618.0,90.0
2021-01-05 09:32:50.700,0.5264,0.5276,10.0,0.5259,20.0,7618.0,90.0
2021-01-05 09:32:51.170,0.5264,0.5286,4.0,0.5276,1.0,7618.0,90.0
2021-01-05 09:32:51.701,0.5264,0.5303,30.0,0.5276,11.0,7618.0,90.0
2021-01-05 09:32:52.191,0.5264,0.5287,10.0,0.5276,1.0,7618.0,90.0
2021-01-05 09:32:52.191,0.5264,0.5287,10.0,0.5263,10.0,7618.0,90.0
2021-01-05 09:32:53.161,0.5264,0.528,10.0,0.5263,10.0,7618.0,90.0
2021-01-05 09:32:53.641,0.5264,0.5277,10.0,0.5259,20.0,7618.0,90.0
2021-01-05 09:32:54.181,0.5264,0.5271,10.0,0.5251,20.0,7618.0,90.0
2021-01-05 09:32:54.671,0.5264,0.5268,10.0,0.5251,20.0,7618.0,90.0
2021-01-05 09:32:55.170,0.5264,0.5268,10.0,0.5253,10.0,7618.0,90.0
2021-01-05 09:32:55.650,0.5264,0.5278,10.0,0.5258,10.0,7618.0,90.0
2021-01-05 09:32:56.150,0.5264,0.5285,10.0,0.5264,10.0,7618.0,90.0
2021-01-05 09:32:56.611,0.5264,0.5292,10.0,0.5269,10.0,7618.0,90.0
2021-01-05 09:32:57.151,0.5264,0.5283,10.0,0.5262,10.0,7618.0,90.0
2021-01-05 09:32:57.600,0.5264,0.5276,10.0,0.5262,10.0,7618.0,90.0
2021-01-05 09:32:58.171,0.5264,0.5281,4.0,0.5262,10.0,7618.0,90.0
2021-01-05 09:32:58.651,0.5264,0.5282,10.0,0.5264,10.0,7618.0,90.0
2021-01-05 09:32:59.170,0.5264,0.528,10.0,0.5264,10.0,7618.0,90.0
2021-01-05 09:32:59.621,0.5264,0.5288,10.0,0.5266,10.0,7618.0,90.0
2021-01-05 09:33:00.180,0.5264,0.5286,10.0,0.5266,10.0,7618.0,90.0
2021-01-05 09:33:00.651,0.5264,0.5283,10.0,0.5266,10.0,7618.0,90.0
2021-01-05 09:33:01.081,0.5264,0.5278,10.0,0.5262,20.0,7618.0,90.0
2021-01-05 09:33:01.661,0.5264,0.5265,10.0,0.5254,20.0,7618.0,90.0
2021-01-05 09:33:02.130,0.5264,0.5265,10.0,0.5254,20.0,7618.0,90.0
2021-01-05 09:33:02.620,0.5254,0.5261,10.0,0.5251,10.0,7618.0,96.0
2021-01-05 09:33:03.121,0.5254,0.5261,20.0,0.5251,10.0,7618.0,96.0
2021-01-05 09:33:03.681,0.5254,0.5261,20.0,0.5251,10.0,7618.0,96.0
2021-01-05 09:33:04.140,0.5251,0.525,10.0,0.5231,20.0,7628.0,106.0
2021-01-05 09:33:04.630,0.5251,0.525,10.0,0.5231,20.0,7628.0,106.0
2021-01-05 09:33:05.121,0.5251,0.5249,4.0,0.5231,20.0,7628.0,106.0
2021-01-05 09:33:05.580,0.5251,0.5249,14.0,0.5225,30.0,7628.0,106.0
2021-01-05 09:33:06.170,0.5251,0.5245,10.0,0.5225,10.0,7628.0,106.0
2021-01-05 09:33:06.651,0.5251,0.524,4.0,0.5225,10.0,7628.0,106.0
2021-01-05 09:33:07.171,0.5251,0.524,4.0,0.5225,10.0,7628.0,106.0
2021-01-05 09:33:07.601,0.5251,0.524,24.0,0.5225,10.0,7628.0,106.0
2021-01-05 09:33:08.191,0.5251,0.524,20.0,0.5227,10.0,7628.0,106.0
2021-01-05 09:33:08.681,0.5251,0.5245,20.0,0.5231,10.0,7628.0,106.0
2021-01-05 09:33:09.181,0.5251,0.5251,20.0,0.5233,10.0,7628.0,106.0
2021-01-05 09:33:09.630,0.5251,0.5251,20.0,0.5235,10.0,7628.0,106.0
2021-01-05 09:33:10.180,0.5251,0.525,14.0,0.5229,10.0,7628.0,106.0
2021-01-05 09:33:10.681,0.5251,0.5242,10.0,0.5225,10.0,7628.0,106.0
2021-01-05 09:33:11.180,0.5251,0.5235,10.0,0.5225,10.0,7628.0,106.0
2021-01-05 09:33:11.580,0.5235,0.5242,30.0,0.5225,10.0,7628.0,111.0
2021-01-05 09:33:12.131,0.5235,0.5242,30.0,0.5235,2.0,7628.0,111.0
2021-01-05 09:33:12.650,0.5235,0.5242,20.0,0.5235,2.0,7628.0,111.0
2021-01-05 09:33:13.100,0.5235,0.5249,10.0,0.5235,2.0,7628.0,111.0
2021-01-05 09:33:13.691,0.5235,0.5249,10.0,0.5229,10.0,7628.0,111.0
2021-01-05 09:33:14.070,0.5235,0.5246,10.0,0.5229,10.0,7628.0,111.0
2021-01-05 09:33:14.650,0.5235,0.5246,10.0,0.5229,10.0,7628.0,111.0
2021-01-05 09:33:15.071,0.5235,0.5246,30.0,0.5229,10.0,7628.0,111.0
2021-01-05 09:33:15.651,0.5235,0.524,10.0,0.5225,30.0,7628.0,111.0
2021-01-05 09:33:16.181,0.5235,0.524,10.0,0.5225,10.0,7628.0,111.0
2021-01-05 09:33:16.671,0.5235,0.5229,10.0,0.5225,10.0,7628.0,111.0
2021-01-05 09:33:17.190,0.5225,0.5233,10.0,0.5212,30.0,7638.0,121.0
2021-01-05 09:33:17.551,0.5225,0.5225,10.0,0.5212,30.0,7638.0,121.0
2021-01-05 09:33:18.160,0.5225,0.5229,20.0,0.5207,30.0,7638.0,121.0
2021-01-05 09:33:18.680,0.5225,0.5229,20.0,0.5211,10.0,7638.0,121.0
2021-01-05 09:33:19.191,0.5225,0.5229,20.0,0.5225,10.0,7638.0,121.0
2021-01-05 09:33:19.591,0.5225,0.5225,1.0,0.5207,20.0,7634.0,131.0
2021-01-05 09:33:20.171,0.5225,0.5225,1.0,0.5202,30.0,7634.0,131.0
2021-01-05 09:33:20.680,0.5225,0.5225,1.0,0.5208,10.0,7634.0,131.0
2021-01-05 09:33:21.160,0.5225,0.5225,1.0,0.5203,10.0,7634.0,131.0
2021-01-05 09:33:21.681,0.5225,0.5225,1.0,0.5207,30.0,7634.0,131.0
2021-01-05 09:33:22.150,0.5225,0.5225,11.0,0.5207,10.0,7634.0,131.0
2021-01-05 09:33:22.670,0.5225,0.5222,10.0,0.5202,20.0,7634.0,131.0
2021-01-05 09:33:23.051,0.5225,0.522,10.0,0.5202,20.0,7634.0,131.0
2021-01-05 09:33:23.641,0.5225,0.522,10.0,0.5202,20.0,7634.0,131.0
2021-01-05 09:33:24.171,0.5225,0.522,10.0,0.5203,10.0,7634.0,131.0
2021-01-05 09:33:24.651,0.5225,0.5222,20.0,0.5208,10.0,7634.0,131.0
2021-01-05 09:33:24.661,0.5225,0.5225,1.0,0.5208,10.0,7634.0,131.0
2021-01-05 09:33:25.541,0.5225,0.5225,1.0,0.5212,10.0,7634.0,131.0
2021-01-05 09:33:26.161,0.5225,0.5228,10.0,0.5212,10.0,7634.0,131.0
2021-01-05 09:33:26.620,0.5225,0.5229,20.0,0.5212,10.0,7634.0,131.0
2021-01-05 09:33:27.171,0.5225,0.5224,10.0,0.5204,10.0,7634.0,131.0
2021-01-05 09:33:27.571,0.5225,0.5229,20.0,0.5216,10.0,7634.0,131.0
2021-01-05 09:33:28.180,0.5225,0.5231,10.0,0.5216,10.0,7634.0,131.0
2021-01-05 09:33:28.630,0.5225,0.5224,10.0,0.5204,10.0,7634.0,131.0
2021-01-05 09:33:29.171,0.5225,0.5224,10.0,0.5207,10.0,7634.0,131.0
2021-01-05 09:33:30.170,0.5225,0.5228,10.0,0.5212,10.0,7634.0,131.0
2021-01-05 09:33:30.670,0.5225,0.5228,10.0,0.5212,10.0,7634.0,131.0
2021-01-05 09:33:31.680,0.5225,0.5228,10.0,0.5212,10.0,7634.0,131.0
2021-01-05 09:33:32.141,0.5225,0.5228,10.0,0.5212,10.0,7634.0,131.0
2021-01-05 09:33:32.620,0.5225,0.5228,10.0,0.5212,10.0,7634.0,131.0
2021-01-05 09:33:36.101,0.5225,0.5228,10.0,0.5212,10.0,7634.0,131.0
2021-01-05 09:33:36.681,0.5225,0.5225,10.0,0.5205,10.0,7634.0,131.0
2021-01-05 09:33:37.190,0.5225,0.5222,10.0,0.5205,10.0,7634.0,131.0
2021-01-05 09:33:37.640,0.5225,0.522,10.0,0.5202,20.0,7634.0,131.0
2021-01-05 09:33:38.621,0.5225,0.522,10.0,0.5202,20.0,7634.0,131.0
2021-01-05 09:33:39.201,0.5225,0.522,10.0,0.5202,30.0,7634.0,131.0
2021-01-05 09:33:39.641,0.5225,0.5222,20.0,0.5207,10.0,7634.0,131.0
2021-01-05 09:33:40.160,0.5225,0.5222,20.0,0.521,10.0,7634.0,131.0
2021-01-05 09:33:40.690,0.5225,0.5226,10.0,0.521,10.0,7634.0,131.0
2021-01-05 09:33:41.161,0.5225,0.523,20.0,0.5213,10.0,7634.0,131.0
2021-01-05 09:33:41.691,0.5225,0.5227,10.0,0.5213,10.0,7634.0,131.0
2021-01-05 09:33:42.100,0.5225,0.5235,20.0,0.5215,10.0,7634.0,131.0
2021-01-05 09:33:42.640,0.5225,0.5235,20.0,0.5218,10.0,7634.0,131.0
2021-01-05 09:33:43.180,0.5225,0.5241,20.0,0.522,10.0,7634.0,131.0
2021-01-05 09:33:43.681,0.5225,0.5241,20.0,0.522,10.0,7634.0,131.0
2021-01-05 09:33:44.110,0.5225,0.5239,10.0,0.522,10.0,7634.0,131.0
2021-01-05 09:33:44.671,0.5225,0.5236,10.0,0.522,10.0,7634.0,131.0
2021-01-05 09:33:45.180,0.5225,0.5236,10.0,0.522,10.0,7634.0,131.0
2021-01-05 09:33:45.660,0.5225,0.5236,10.0,0.522,10.0,7634.0,131.0
2021-01-05 09:33:46.100,0.5225,0.5241,20.0,0.5222,10.0,7634.0,131.0
2021-01-05 09:33:46.680,0.5225,0.5241,20.0,0.5227,10.0,7634.0,131.0
2021-01-05 09:33:47.191,0.5225,0.5252,30.0,0.5229,10.0,7634.0,131.0
2021-01-05 09:33:47.681,0.5225,0.5252,30.0,0.5229,10.0,7634.0,131.0
2021-01-05 09:33:48.171,0.5225,0.5252,30.0,0.5229,10.0,7634.0,131.0
2021-01-05 09:33:48.680,0.5225,0.525,10.0,0.5229,10.0,7634.0,131.0
2021-01-05 09:33:49.051,0.5225,0.525,10.0,0.5229,10.0,7634.0,131.0
2021-01-05 09:33:49.681,0.5225,0.525,10.0,0.5231,10.0,7634.0,131.0
2021-01-05 09:33:50.130,0.5225,0.5252,20.0,0.5233,10.0,7634.0,131.0
2021-01-05 09:33:50.670,0.5225,0.5254,10.0,0.5233,30.0,7634.0,131.0
2021-01-05 09:33:51.571,0.5225,0.5249,10.0,0.5233,30.0,7634.0,131.0
2021-01-05 09:33:52.190,0.5225,0.5246,10.0,0.5233,20.0,7634.0,131.0
2021-01-05 09:33:52.661,0.5225,0.5251,20.0,0.5233,20.0,7634.0,131.0
2021-01-05 09:33:53.171,0.5225,0.5251,20.0,0.5233,20.0,7634.0,131.0
2021-01-05 09:33:53.650,0.5225,0.5246,10.0,0.5227,30.0,7634.0,131.0
2021-01-05 09:33:54.180,0.5225,0.5246,10.0,0.5227,30.0,7634.0,131.0
2021-01-05 09:33:54.610,0.5225,0.5246,10.0,0.5229,10.0,7634.0,131.0
2021-01-05 09:33:55.181,0.5225,0.5246,10.0,0.5229,10.0,7634.0,131.0
2021-01-05 09:33:55.650,0.5225,0.5251,20.0,0.5234,10.0,7634.0,131.0
2021-01-05 09:33:56.120,0.5225,0.5251,10.0,0.5234,30.0,7634.0,131.0
2021-01-05 09:33:56.651,0.5225,0.5251,10.0,0.5234,10.0,7634.0,131.0
2021-01-05 09:33:57.171,0.5225,0.5251,10.0,0.5234,30.0,7634.0,131.0
2021-01-05 09:33:57.671,0.5225,0.5257,20.0,0.5238,10.0,7634.0,131.0
2021-01-05 09:33:58.170,0.5225,0.526,10.0,0.5241,10.0,7634.0,131.0
2021-01-05 09:33:58.591,0.5225,0.5263,20.0,0.5243,10.0,7634.0,131.0
2021-01-05 09:33:59.140,0.5225,0.5273,20.0,0.5248,10.0,7634.0,131.0
2021-01-05 09:33:59.690,0.5225,0.5273,20.0,0.5248,30.0,7634.0,131.0
2021-01-05 09:34:00.191,0.5225,0.5273,20.0,0.5251,10.0,7634.0,131.0
2021-01-05 09:34:00.671,0.5225,0.528,20.0,0.5255,10.0,7634.0,131.0
2021-01-05 09:34:01.081,0.5225,0.528,30.0,0.5255,30.0,7634.0,131.0
2021-01-05 09:34:01.661,0.5225,0.5269,10.0,0.5255,20.0,7634.0,131.0
2021-01-05 09:34:02.170,0.5225,0.5265,10.0,0.5248,30.0,7634.0,131.0
2021-01-05 09:34:02.591,0.5225,0.5265,10.0,0.5248,30.0,7634.0,131.0
2021-01-05 09:34:03.171,0.5225,0.5271,20.0,0.5253,10.0,7634.0,131.0
2021-01-05 09:34:03.670,0.5225,0.5271,20.0,0.5253,10.0,7634.0,131.0
2021-01-05 09:34:04.120,0.5225,0.5271,20.0,0.5253,10.0,7634.0,131.0
2021-01-05 09:34:04.671,0.5225,0.5271,20.0,0.5253,30.0,7634.0,131.0
2021-01-05 09:34:04.950,0.5225,0.5271,20.0,0.5258,10.0,7634.0,131.0
2021-01-05 09:34:05.630,0.5225,0.528,20.0,0.5258,30.0,7634.0,131.0
2021-01-05 09:34:06.191,0.5225,0.528,20.0,0.5258,30.0,7634.0,131.0
2021-01-05 09:34:06.671,0.5225,0.528,20.0,0.5261,10.0,7634.0,131.0
2021-01-05 09:34:07.130,0.5225,0.528,20.0,0.5261,10.0,7634.0,131.0
2021-01-05 09:34:07.601,0.5225,0.528,20.0,0.5263,10.0,7634.0,131.0
2021-01-05 09:34:08.171,0.5225,0.5292,20.0,0.5269,10.0,7634.0,131.0
2021-01-05 09:34:08.630,0.5225,0.5292,20.0,0.5269,30.0,7634.0,131.0
2021-01-05 09:34:09.170,0.5225,0.5287,10.0,0.5269,30.0,7634.0,131.0
2021-01-05 09:34:09.670,0.5225,0.5282,10.0,0.5269,20.0,7634.0,131.0
2021-01-05 09:34:10.140,0.5225,0.5282,10.0,0.5264,10.0,7634.0,131.0
2021-01-05 09:34:10.281,0.5225,0.5277,10.0,0.5258,30.0,7634.0,131.0
2021-01-05 09:34:11.151,0.5225,0.5277,10.0,0.5258,30.0,7634.0,131.0
2021-01-05 09:34:11.681,0.5225,0.5268,10.0,0.525,20.0,7634.0,131.0
2021-01-05 09:34:12.121,0.5225,0.5268,10.0,0.525,20.0,7634.0,131.0
2021-01-05 09:34:12.480,0.5225,0.5271,20.0,0.526,10.0,7634.0,131.0
2021-01-05 09:34:13.191,0.5225,0.5274,10.0,0.5259,20.0,7634.0,131.0
2021-01-05 09:34:13.521,0.5225,0.5268,10.0,0.525,20.0,7634.0,131.0
2021-01-05 09:34:14.181,0.5225,0.5259,10.0,0.525,20.0,7634.0,131.0
2021-01-05 09:34:14.691,0.5225,0.5261,10.0,0.5241,20.0,7634.0,131.0
2021-01-05 09:34:15.181,0.5225,0.5249,10.0,0.5234,20.0,7634.0,131.0
2021-01-05 09:34:15.181,0.5225,0.5262,30.0,0.5238,10.0,7634.0,131.0
2021-01-05 09:34:16.190,0.5225,0.5261,3.0,0.5245,10.0,7634.0,131.0
2021-01-05 09:34:16.630,0.5225,0.5261,3.0,0.5254,10.0,7634.0,131.0
2021-01-05 09:34:17.070,0.5225,0.5261,3.0,0.5254,10.0,7634.0,131.0
2021-01-05 09:34:17.690,0.5261,0.527,3.0,0.5257,10.0,7634.0,134.0
2021-01-05 09:34:18.201,0.5261,0.5276,20.0,0.5262,10.0,7634.0,134.0
2021-01-05 09:34:18.620,0.5261,0.5276,10.0,0.5259,20.0,7634.0,134.0
2021-01-05 09:34:19.041,0.5261,0.5276,20.0,0.5261,10.0,7634.0,134.0
2021-01-05 09:34:19.661,0.5261,0.527,10.0,0.5259,20.0,7634.0,134.0
2021-01-05 09:34:20.180,0.5261,0.5274,20.0,0.5259,10.0,7634.0,134.0
2021-01-05 09:34:20.651,0.5261,0.528,10.0,0.5259,30.0,7634.0,134.0
2021-01-05 09:34:21.200,0.5261,0.528,10.0,0.5259,30.0,7634.0,134.0
2021-01-05 09:34:21.690,0.5261,0.5284,20.0,0.5264,10.0,7634.0,134.0
2021-01-05 09:34:22.151,0.5261,0.5284,20.0,0.5264,30.0,7634.0,134.0
2021-01-05 09:34:22.191,0.5261,0.5282,10.0,0.5264,10.0,7634.0,134.0
2021-01-05 09:34:23.181,0.5261,0.5282,10.0,0.5264,10.0,7634.0,134.0
2021-01-05 09:34:23.661,0.5261,0.5282,10.0,0.5264,10.0,7634.0,134.0
2021-01-05 09:34:24.170,0.5261,0.5282,10.0,0.5264,10.0,7634.0,134.0
2021-01-05 09:34:24.600,0.5261,0.5282,10.0,0.5264,10.0,7634.0,134.0
2021-01-05 09:34:25.150,0.5261,0.5284,20.0,0.5267,10.0,7634.0,134.0
2021-01-05 09:34:25.671,0.5261,0.5284,20.0,0.5267,10.0,7634.0,134.0
2021-01-05 09:34:26.641,0.5261,0.5284,20.0,0.5267,10.0,7634.0,134.0
2021-01-05 09:34:27.150,0.5261,0.5284,30.0,0.5267,10.0,7634.0,134.0
2021-01-05 09:34:27.690,0.5261,0.5284,30.0,0.5267,10.0,7634.0,134.0
2021-01-05 09:34:28.120,0.5261,0.5284,30.0,0.5267,10.0,7634.0,134.0
2021-01-05 09:34:28.621,0.5261,0.5284,30.0,0.5267,10.0,7634.0,134.0
2021-01-05 09:34:29.101,0.5261,0.5284,30.0,0.5267,10.0,7634.0,134.0
2021-01-05 09:34:29.601,0.5261,0.5284,30.0,0.5267,10.0,7634.0,134.0
2021-01-05 09:34:30.170,0.5261,0.5284,30.0,0.5267,10.0,7634.0,134.0
2021-01-05 09:34:30.671,0.5261,0.5281,10.0,0.5261,10.0,7634.0,134.0
2021-01-05 09:34:31.190,0.5261,0.5281,10.0,0.5266,10.0,7634.0,134.0
2021-01-05 09:34:31.691,0.5261,0.5284,20.0,0.527,10.0,7634.0,134.0
2021-01-05 09:34:32.121,0.5261,0.5291,30.0,0.527,10.0,7634.0,134.0
2021-01-05 09:34:32.690,0.5261,0.5286,10.0,0.527,10.0,7634.0,134.0
2021-01-05 09:34:33.691,0.5261,0.5291,20.0,0.5275,10.0,7634.0,134.0
2021-01-05 09:34:34.171,0.5261,0.5295,10.0,0.5275,10.0,7634.0,134.0
2021-01-05 09:34:34.630,0.5261,0.5295,10.0,0.5275,10.0,7634.0,134.0
2021-01-05 09:34:35.130,0.5261,0.5295,10.0,0.5277,10.0,7634.0,134.0
2021-01-05 09:34:35.670,0.5261,0.5297,20.0,0.528,10.0,7634.0,134.0
2021-01-05 09:34:36.680,0.5261,0.5302,30.0,0.528,10.0,7634.0,134.0
2021-01-05 09:34:37.700,0.5261,0.5302,20.0,0.5285,10.0,7634.0,134.0
2021-01-05 09:34:37.990,0.5261,0.5303,20.0,0.5285,10.0,7634.0,134.0
2021-01-05 09:34:38.611,0.5261,0.5309,30.0,0.5288,10.0,7634.0,134.0
2021-01-05 09:34:39.091,0.5261,0.5309,30.0,0.5288,10.0,7634.0,134.0
2021-01-05 09:34:40.171,0.5261,0.5309,20.0,0.5294,10.0,7634.0,134.0
2021-01-05 09:34:40.601,0.5261,0.5308,10.0,0.5288,20.0,7634.0,134.0
2021-01-05 09:34:41.201,0.5261,0.5308,20.0,0.5293,10.0,7634.0,134.0
2021-01-05 09:34:41.700,0.5261,0.5317,10.0,0.5293,10.0,7634.0,134.0
2021-01-05 09:34:42.171,0.5261,0.5314,10.0,0.5293,10.0,7634.0,134.0
2021-01-05 09:34:42.680,0.5261,0.5314,10.0,0.5293,10.0,7634.0,134.0
2021-01-05 09:34:43.191,0.5261,0.5314,30.0,0.5293,10.0,7634.0,134.0
2021-01-05 09:34:43.671,0.5261,0.5314,30.0,0.5293,10.0,7634.0,134.0
2021-01-05 09:34:44.151,0.5261,0.531,10.0,0.5293,10.0,7634.0,134.0
2021-01-05 09:34:44.701,0.5261,0.531,10.0,0.5293,10.0,7634.0,134.0
2021-01-05 09:34:45.200,0.5261,0.5314,20.0,0.5293,10.0,7634.0,134.0
2021-01-05 09:34:45.721,0.5261,0.5312,10.0,0.5293,10.0,7634.0,134.0
2021-01-05 09:34:46.140,0.5261,0.5314,20.0,0.5298,10.0,7634.0,134.0
2021-01-05 09:34:46.660,0.5261,0.5315,10.0,0.5298,10.0,7634.0,134.0
2021-01-05 09:34:47.181,0.5261,0.5315,10.0,0.5298,10.0,7634.0,134.0
2021-01-05 09:34:47.701,0.5261,0.5315,10.0,0.5298,10.0,7634.0,134.0
2021-01-05 09:34:48.141,0.5261,0.5315,10.0,0.5298,10.0,7634.0,134.0
2021-01-05 09:34:49.210,0.5261,0.5315,10.0,0.5298,10.0,7634.0,134.0
2021-01-05 09:34:49.701,0.5261,0.5313,10.0,0.5298,10.0,7634.0,134.0
2021-01-05 09:34:50.161,0.5261,0.5298,10.0,0.5288,10.0,7634.0,134.0
2021-01-05 09:34:50.700,0.5298,0.5298,6.0,0.5288,10.0,7644.0,148.0
2021-01-05 09:34:51.200,0.5298,0.5308,10.0,0.5293,10.0,7644.0,148.0
2021-01-05 09:34:51.651,0.5298,0.5308,30.0,0.5287,30.0,7644.0,148.0
2021-01-05 09:34:52.151,0.5298,0.5308,30.0,0.5293,10.0,7644.0,148.0
2021-01-05 09:34:52.650,0.5298,0.5307,10.0,0.5287,20.0,7644.0,148.0
2021-01-05 09:34:53.180,0.5298,0.5308,20.0,0.5293,10.0,7644.0,148.0
2021-01-05 09:34:53.651,0.5298,0.5313,20.0,0.5297,10.0,7644.0,148.0
2021-01-05 09:34:54.170,0.5298,0.5318,30.0,0.5297,10.0,7644.0,148.0
2021-01-05 09:34:54.631,0.5298,0.5325,20.0,0.5305,10.0,7644.0,148.0
2021-01-05 09:34:55.161,0.5298,0.5325,20.0,0.5311,20.0,7644.0,148.0
2021-01-05 09:34:55.591,0.5298,0.5338,10.0,0.5311,10.0,7644.0,148.0
2021-01-05 09:34:56.141,0.5298,0.5338,10.0,0.5313,20.0,7644.0,148.0
2021-01-05 09:34:56.681,0.5298,0.5346,10.0,0.5319,10.0,7644.0,148.0
2021-01-05 09:34:57.171,0.5298,0.5344,10.0,0.5319,10.0,7644.0,148.0
2021-01-05 09:34:57.461,0.5298,0.5344,10.0,0.5319,10.0,7644.0,148.0
2021-01-05 09:34:58.640,0.5298,0.5339,10.0,0.5318,10.0,7644.0,148.0
2021-01-05 09:34:59.170,0.5298,0.5345,10.0,0.532,10.0,7644.0,148.0
2021-01-05 09:34:59.610,0.5298,0.534,10.0,0.532,10.0,7644.0,148.0
2021-01-05 09:35:00.160,0.5298,0.534,10.0,0.532,20.0,7644.0,148.0
2021-01-05 09:35:00.630,0.5298,0.5347,10.0,0.5323,10.0,7644.0,148.0
2021-01-05 09:35:01.080,0.5298,0.5344,10.0,0.5322,30.0,7644.0,148.0
2021-01-05 09:35:01.170,0.5298,0.5337,10.0,0.5317,30.0,7644.0,148.0
2021-01-05 09:35:02.181,0.5298,0.5335,10.0,0.5317,30.0,7644.0,148.0
2021-01-05 09:35:02.680,0.5298,0.5332,10.0,0.5317,10.0,7644.0,148.0
2021-01-05 09:35:03.180,0.5298,0.5332,10.0,0.5317,10.0,7644.0,148.0
2021-01-05 09:35:03.660,0.5298,0.5325,10.0,0.5303,10.0,7644.0,148.0
2021-01-05 09:35:04.181,0.5298,0.5331,20.0,0.5314,10.0,7644.0,148.0
2021-01-05 09:35:04.661,0.5298,0.533,10.0,0.5314,10.0,7644.0,148.0
2021-01-05 09:35:05.180,0.5298,0.533,10.0,0.5314,10.0,7644.0,148.0
2021-01-05 09:35:05.671,0.5298,0.533,10.0,0.5314,10.0,7644.0,148.0
2021-01-05 09:35:06.180,0.5298,0.5336,10.0,0.5316,10.0,7644.0,148.0
2021-01-05 09:35:06.680,0.5298,0.5336,10.0,0.532,10.0,7644.0,148.0
2021-01-05 09:35:07.131,0.5298,0.5338,20.0,0.5322,10.0,7644.0,148.0
2021-01-05 09:35:07.650,0.5298,0.5343,20.0,0.5326,10.0,7644.0,148.0
2021-01-05 09:35:08.171,0.5298,0.5349,20.0,0.5331,10.0,7644.0,148.0
2021-01-05 09:35:09.191,0.5298,0.536,10.0,0.5339,10.0,7644.0,148.0
2021-01-05 09:35:09.700,0.5298,0.5362,20.0,0.5339,30.0,7644.0,148.0
2021-01-05 09:35:10.691,0.5298,0.5361,10.0,0.5339,30.0,7644.0,148.0
2021-01-05 09:35:11.160,0.5298,0.5361,10.0,0.5339,30.0,7644.0,148.0
2021-01-05 09:35:11.680,0.5298,0.5362,20.0,0.5345,20.0,7644.0,148.0
2021-01-05 09:35:12.101,0.5298,0.5362,20.0,0.5345,10.0,7644.0,148.0
2021-01-05 09:35:12.691,0.5298,0.5365,10.0,0.5345,10.0,7644.0,148.0
2021-01-05 09:35:13.160,0.5298,0.5345,4.0,0.5339,20.0,7644.0,148.0
2021-01-05 09:35:13.371,0.5298,0.5339,3.0,0.5323,10.0,7644.0,148.0
2021-01-05 09:35:14.191,0.5298,0.5339,13.0,0.5321,20.0,7644.0,148.0
2021-01-05 09:35:14.700,0.5298,0.5333,10.0,0.5312,20.0,7644.0,148.0
2021-01-05 09:35:15.171,0.5298,0.5333,10.0,0.531,10.0,7644.0,148.0
2021-01-05 09:35:15.451,0.5298,0.5336,20.0,0.532,10.0,7644.0,148.0
2021-01-05 09:35:16.151,0.5298,0.5341,10.0,0.5327,10.0,7644.0,148.0
2021-01-05 09:35:16.201,0.5298,0.5339,10.0,0.5318,10.0,7644.0,148.0
2021-01-05 09:35:17.680,0.5298,0.5339,10.0,0.5318,10.0,7644.0,148.0
2021-01-05 09:35:18.170,0.5298,0.5337,10.0,0.5318,10.0,7644.0,148.0
2021-01-05 09:35:18.641,0.5298,0.5331,10.0,0.531,1.0,7644.0,148.0
2021-01-05 09:35:19.180,0.5298,0.5329,10.0,0.5307,30.0,7644.0,148.0
2021-01-05 09:35:19.271,0.5298,0.5329,10.0,0.5307,30.0,7644.0,148.0
2021-01-05 09:35:20.681,0.5298,0.5334,10.0,0.5314,10.0,7644.0,148.0
2021-01-05 09:35:21.180,0.5298,0.5334,10.0,0.5318,10.0,7644.0,148.0
2021-01-05 09:35:21.340,0.5298,0.5339,5.0,0.5326,10.0,7644.0,148.0
2021-01-05 09:35:22.171,0.5298,0.5339,5.0,0.5326,10.0,7644.0,148.0
2021-01-05 09:35:22.650,0.5298,0.5339,5.0,0.5326,10.0,7644.0,148.0
2021-01-05 09:35:23.130,0.5298,0.5339,5.0,0.5326,10.0,7644.0,148.0
2021-01-05 09:35:23.680,0.5298,0.5339,5.0,0.5326,10.0,7644.0,148.0
2021-01-05 09:35:24.110,0.5298,0.5337,10.0,0.5318,10.0,7644.0,148.0
2021-01-05 09:35:24.671,0.5298,0.5339,5.0,0.5324,10.0,7644.0,148.0
2021-01-05 09:35:24.671,0.5298,0.5339,5.0,0.5327,10.0,7644.0,148.0
2021-01-05 09:35:25.660,0.5298,0.5339,5.0,0.5329,10.0,7644.0,148.0
2021-01-05 09:35:26.171,0.5298,0.5339,5.0,0.5329,10.0,7644.0,148.0
2021-01-05 09:35:26.651,0.5298,0.5339,5.0,0.5331,10.0,7644.0,148.0
2021-01-05 09:35:27.120,0.5298,0.5339,5.0,0.5331,10.0,7644.0,148.0
2021-01-05 09:35:27.641,0.5298,0.5339,5.0,0.5328,20.0,7644.0,148.0
2021-01-05 09:35:28.131,0.5298,0.5339,5.0,0.5326,10.0,7644.0,148.0
2021-01-05 09:35:29.641,0.5298,0.5339,5.0,0.5326,10.0,7644.0,148.0
2021-01-05 09:35:30.121,0.5298,0.5339,5.0,0.5329,10.0,7644.0,148.0
2021-01-05 09:35:30.690,0.5298,0.5339,5.0,0.5331,10.0,7644.0,148.0
2021-01-05 09:35:31.170,0.5298,0.5339,5.0,0.5331,10.0,7644.0,148.0
2021-01-05 09:35:31.700,0.5298,0.5339,5.0,0.5326,20.0,7644.0,148.0
2021-01-05 09:35:32.161,0.5298,0.5339,5.0,0.5331,10.0,7644.0,148.0
2021-01-05 09:35:32.630,0.5298,0.5339,5.0,0.5331,30.0,7644.0,148.0
2021-01-05 09:35:33.191,0.5298,0.5339,5.0,0.5331,30.0,7644.0,148.0
2021-01-05 09:35:33.650,0.5339,0.5353,20.0,0.5339,2.0,7649.0,153.0
2021-01-05 09:35:34.180,0.5339,0.5353,20.0,0.5339,2.0,7649.0,153.0
2021-01-05 09:35:34.691,0.5339,0.5356,10.0,0.5339,2.0,7649.0,153.0
2021-01-05 09:35:35.200,0.5339,0.5356,10.0,0.5339,2.0,7649.0,153.0
2021-01-05 09:35:35.590,0.5339,0.5363,10.0,0.5339,22.0,7649.0,153.0
2021-01-05 09:35:36.601,0.5339,0.5363,10.0,0.5342,10.0,7649.0,153.0
2021-01-05 09:35:37.171,0.5339,0.5363,10.0,0.5342,30.0,7649.0,153.0
2021-01-05 09:35:38.190,0.5339,0.5363,10.0,0.5342,30.0,7649.0,153.0
2021-01-05 09:35:38.651,0.5339,0.5356,10.0,0.5342,20.0,7649.0,153.0
2021-01-05 09:35:39.140,0.5339,0.5356,10.0,0.5337,20.0,7649.0,153.0
2021-01-05 09:35:39.690,0.5339,0.5356,10.0,0.5337,20.0,7649.0,153.0
2021-01-05 09:35:40.191,0.5339,0.5351,10.0,0.5337,20.0,7649.0,153.0
2021-01-05 09:35:40.691,0.5339,0.5351,10.0,0.5331,31.0,7649.0,153.0
2021-01-05 09:35:41.190,0.5339,0.5349,10.0,0.5331,31.0,7649.0,153.0
2021-01-05 09:35:41.580,0.5339,0.5349,10.0,0.5331,30.0,7649.0,153.0
2021-01-05 09:35:42.160,0.5339,0.5349,10.0,0.5333,10.0,7649.0,153.0
2021-01-05 09:35:42.670,0.5339,0.5351,20.0,0.5338,10.0,7649.0,153.0
2021-01-05 09:35:43.190,0.5339,0.5358,20.0,0.5343,10.0,7649.0,153.0
2021-01-05 09:35:43.661,0.5339,0.5352,10.0,0.5341,20.0,7649.0,153.0
2021-01-05 09:35:44.101,0.5339,0.5353,20.0,0.5341,10.0,7649.0,153.0
2021-01-05 09:35:44.681,0.5339,0.5358,1.0,0.5346,10.0,7649.0,153.0
2021-01-05 09:35:45.071,0.5339,0.5358,1.0,0.5346,30.0,7649.0,153.0
2021-01-05 09:35:45.670,0.5358,0.5365,20.0,0.5349,10.0,7648.0,154.0
2021-01-05 09:35:45.870,0.5358,0.5371,20.0,0.5352,10.0,7648.0,154.0
2021-01-05 09:35:46.170,0.5358,0.5371,20.0,0.5353,10.0,7648.0,154.0
2021-01-05 09:35:47.201,0.5358,0.5378,30.0,0.5352,30.0,7648.0,154.0
2021-01-05 09:35:48.181,0.5358,0.5383,20.0,0.5359,10.0,7648.0,154.0
2021-01-05 09:35:48.700,0.5358,0.5375,10.0,0.5359,20.0,7648.0,154.0
2021-01-05 09:35:49.180,0.5358,0.5376,20.0,0.5357,10.0,7648.0,154.0
2021-01-05 09:35:49.701,0.5358,0.5381,10.0,0.5359,10.0,7648.0,154.0
2021-01-05 09:35:50.150,0.5358,0.5381,10.0,0.5359,10.0,7648.0,154.0
2021-01-05 09:35:50.680,0.5358,0.5381,10.0,0.5359,10.0,7648.0,154.0
2021-01-05 09:35:51.180,0.5358,0.5379,10.0,0.5359,10.0,7648.0,154.0
2021-01-05 09:35:51.710,0.5358,0.5373,10.0,0.5357,20.0,7648.0,154.0
2021-01-05 09:35:52.190,0.5358,0.5373,10.0,0.5353,10.0,7648.0,154.0
2021-01-05 09:35:52.661,0.5353,0.5373,10.0,0.5353,10.0,7648.0,155.0
2021-01-05 09:35:53.111,0.5353,0.5373,10.0,0.5356,10.0,7648.0,155.0
2021-01-05 09:35:54.161,0.5353,0.5371,10.0,0.5356,10.0,7648.0,155.0
2021-01-05 09:35:54.640,0.5353,0.5367,10.0,0.5347,10.0,7648.0,155.0
2021-01-05 09:35:55.151,0.5353,0.536,10.0,0.5346,20.0,7648.0,155.0
2021-01-05 09:35:55.691,0.5353,0.536,30.0,0.5336,30.0,7648.0,155.0
2021-01-05 09:35:56.121,0.5353,0.536,30.0,0.5336,31.0,7648.0,155.0
2021-01-05 09:35:56.690,0.5353,0.536,30.0,0.5344,10.0,7648.0,155.0
2021-01-05 09:35:57.141,0.5353,0.536,30.0,0.5344,10.0,7648.0,155.0
2021-01-05 09:35:57.681,0.5353,0.536,30.0,0.5344,10.0,7648.0,155.0
2021-01-05 09:35:58.150,0.5353,0.536,30.0,0.5344,10.0,7648.0,155.0
2021-01-05 09:35:59.160,0.5353,0.536,10.0,0.5344,10.0,7648.0,155.0
2021-01-05 09:36:00.201,0.5353,0.5367,20.0,0.5354,10.0,7648.0,155.0
2021-01-05 09:36:00.680,0.5353,0.5373,10.0,0.5354,30.0,7648.0,155.0
2021-01-05 09:36:01.671,0.5353,0.5373,10.0,0.5354,30.0,7648.0,155.0
2021-01-05 09:36:02.170,0.5353,0.5366,10.0,0.5354,20.0,7648.0,155.0
2021-01-05 09:36:02.701,0.5354,0.5362,10.0,0.5349,20.0,7648.0,161.0
2021-01-05 09:36:03.150,0.5354,0.5354,1.0,0.5341,20.0,7648.0,161.0
2021-01-05 09:36:03.240,0.5354,0.5354,1.0,0.5336,30.0,7648.0,161.0
2021-01-05 09:36:04.161,0.5354,0.5354,1.0,0.5336,30.0,7648.0,161.0
2021-01-05 09:36:04.620,0.5354,0.5354,1.0,0.5336,30.0,7648.0,161.0
2021-01-05 09:36:05.150,0.5354,0.5356,10.0,0.534,10.0,7648.0,161.0
2021-01-05 09:36:05.690,0.5354,0.5362,20.0,0.5344,10.0,7648.0,161.0
2021-01-05 09:36:06.180,0.5354,0.5362,30.0,0.5344,30.0,7648.0,161.0
2021-01-05 09:36:06.691,0.5354,0.5362,30.0,0.5344,30.0,7648.0,161.0
2021-01-05 09:36:09.161,0.5354,0.5359,10.0,0.5344,30.0,7648.0,161.0
2021-01-05 09:36:09.691,0.5354,0.5359,10.0,0.5338,10.0,7648.0,161.0
2021-01-05 09:36:10.151,0.5354,0.5355,10.0,0.5338,10.0,7648.0,161.0
2021-01-05 09:36:10.510,0.5354,0.5351,10.0,0.5331,20.0,7648.0,161.0
2021-01-05 09:36:11.180,0.5354,0.5351,30.0,0.5332,5.0,7648.0,161.0
2021-01-05 09:36:11.651,0.5354,0.5351,20.0,0.5336,10.0,7648.0,161.0
2021-01-05 09:36:12.181,0.5354,0.5354,5.0,0.5336,30.0,7648.0,161.0
2021-01-05 09:36:12.260,0.5354,0.5354,5.0,0.534,10.0,7648.0,161.0
2021-01-05 09:36:13.190,0.5354,0.5356,20.0,0.534,10.0,7648.0,161.0
2021-01-05 09:36:13.680,0.5354,0.5353,5.0,0.534,10.0,7648.0,161.0
2021-01-05 09:36:14.690,0.5354,0.5353,5.0,0.534,10.0,7648.0,161.0
2021-01-05 09:36:15.140,0.5354,0.5353,5.0,0.5336,20.0,7648.0,161.0
2021-01-05 09:36:15.660,0.5354,0.5354,10.0,0.5336,20.0,7648.0,161.0
2021-01-05 09:36:16.150,0.5354,0.5352,10.0,0.5334,10.0,7648.0,161.0
2021-01-05 09:36:17.180,0.5354,0.5352,10.0,0.5334,10.0,7648.0,161.0
2021-01-05 09:36:18.181,0.5354,0.5351,5.0,0.5334,10.0,7648.0,161.0
2021-01-05 09:36:18.640,0.5354,0.535,10.0,0.5331,20.0,7648.0,161.0
2021-01-05 09:36:18.680,0.5354,0.535,10.0,0.5335,10.0,7648.0,161.0
2021-01-05 09:36:20.060,0.5354,0.535,10.0,0.5335,10.0,7648.0,161.0
2021-01-05 09:36:20.680,0.5354,0.535,10.0,0.5331,20.0,7648.0,161.0
2021-01-05 09:36:21.091,0.5354,0.5348,10.0,0.5331,20.0,7648.0,161.0
2021-01-05 09:36:21.691,0.5354,0.5346,10.0,0.5326,20.0,7648.0,161.0
2021-01-05 09:36:22.171,0.5354,0.5346,10.0,0.5329,10.0,7648.0,161.0
2021-01-05 09:36:22.680,0.5354,0.5346,10.0,0.5329,10.0,7648.0,161.0
2021-01-05 09:36:23.191,0.5354,0.5346,10.0,0.5329,10.0,7648.0,161.0
2021-01-05 09:36:23.681,0.5354,0.5351,20.0,0.5335,10.0,7648.0,161.0
2021-01-05 09:36:24.150,0.5354,0.5356,20.0,0.534,10.0,7648.0,161.0
2021-01-05 09:36:24.651,0.5354,0.5356,20.0,0.534,10.0,7648.0,161.0
2021-01-05 09:36:25.181,0.5354,0.5356,20.0,0.5342,10.0,7648.0,161.0
2021-01-05 09:36:25.650,0.5354,0.5354,10.0,0.5335,20.0,7648.0,161.0
2021-01-05 09:36:26.171,0.5354,0.5354,10.0,0.5337,10.0,7648.0,161.0
2021-01-05 09:36:26.651,0.5354,0.5355,5.0,0.5341,10.0,7648.0,161.0
2021-01-05 09:36:27.070,0.5354,0.5355,5.0,0.5343,10.0,7648.0,161.0
2021-01-05 09:36:27.160,0.5354,0.536,1.0,0.5345,10.0,7648.0,161.0
2021-01-05 09:36:28.040,0.5354,0.536,1.0,0.5355,5.0,7648.0,161.0
2021-01-05 09:36:28.601,0.536,0.537,20.0,0.536,1.0,7647.0,162.0
2021-01-05 09:36:29.100,0.536,0.5377,30.0,0.5361,11.0,7647.0,162.0
2021-01-05 09:36:29.590,0.536,0.5369,1.0,0.5355,30.0,7647.0,162.0
2021-01-05 09:36:30.161,0.536,0.5369,1.0,0.5356,10.0,7647.0,162.0
2021-01-05 09:36:30.651,0.536,0.5369,1.0,0.5357,10.0,7647.0,162.0
2021-01-05 09:36:31.181,0.536,0.5369,1.0,0.5357,10.0,7647.0,162.0
2021-01-05 09:36:31.690,0.536,0.5372,20.0,0.5357,10.0,7647.0,162.0
2021-01-05 09:36:32.130,0.536,0.5372,20.0,0.5355,40.0,7647.0,162.0
2021-01-05 09:36:32.660,0.536,0.5371,5.0,0.5355,40.0,7647.0,162.0
2021-01-05 09:36:32.821,0.536,0.5371,15.0,0.5355,10.0,7647.0,162.0
2021-01-05 09:36:33.670,0.536,0.5371,15.0,0.5355,10.0,7647.0,162.0
2021-01-05 09:36:34.091,0.536,0.5371,5.0,0.5357,10.0,7647.0,162.0
2021-01-05 09:36:34.671,0.536,0.5372,20.0,0.5357,10.0,7647.0,162.0
2021-01-05 09:36:34.971,0.536,0.537,15.0,0.535,30.0,7647.0,162.0
2021-01-05 09:36:35.701,0.536,0.537,15.0,0.5353,10.0,7647.0,162.0
2021-01-05 09:36:36.041,0.536,0.537,15.0,0.5355,10.0,7647.0,162.0
2021-01-05 09:36:36.700,0.536,0.5377,20.0,0.5361,10.0,7647.0,162.0
2021-01-05 09:36:37.190,0.536,0.538,10.0,0.5361,10.0,7647.0,162.0
2021-01-05 09:36:37.970,0.536,0.5379,5.0,0.5361,10.0,7647.0,162.0
2021-01-05 09:36:38.640,0.536,0.5379,5.0,0.5361,10.0,7647.0,162.0
2021-01-05 09:36:40.191,0.536,0.5372,10.0,0.5355,20.0,7647.0,162.0
2021-01-05 09:36:40.340,0.536,0.5378,5.0,0.536,10.0,7647.0,162.0
2021-01-05 09:36:41.201,0.536,0.5373,20.0,0.536,10.0,7647.0,162.0
2021-01-05 09:36:41.641,0.536,0.5373,10.0,0.5353,10.0,7647.0,162.0
2021-01-05 09:36:41.751,0.536,0.5373,10.0,0.5358,10.0,7647.0,162.0
2021-01-05 09:36:42.200,0.536,0.5373,10.0,0.5353,10.0,7647.0,162.0
2021-01-05 09:36:43.111,0.536,0.5373,10.0,0.5358,10.0,7647.0,162.0
2021-01-05 09:36:43.700,0.536,0.5377,20.0,0.5361,10.0,7647.0,162.0
2021-01-05 09:36:44.200,0.536,0.5377,30.0,0.5361,10.0,7647.0,162.0
2021-01-05 09:36:44.680,0.536,0.5377,10.0,0.5361,10.0,7647.0,162.0
2021-01-05 09:36:45.191,0.536,0.5382,20.0,0.5364,10.0,7647.0,162.0
2021-01-05 09:36:45.631,0.536,0.5382,20.0,0.5366,10.0,7647.0,162.0
2021-01-05 09:36:46.190,0.536,0.5382,20.0,0.5368,10.0,7647.0,162.0
2021-01-05 09:36:46.501,0.536,0.5387,20.0,0.5371,10.0,7647.0,162.0
2021-01-05 09:36:47.130,0.536,0.5387,20.0,0.5371,10.0,7647.0,162.0
2021-01-05 09:36:47.621,0.536,0.5392,20.0,0.5374,10.0,7647.0,162.0
2021-01-05 09:36:48.130,0.536,0.5392,20.0,0.5374,10.0,7647.0,162.0
2021-01-05 09:36:48.620,0.536,0.5391,10.0,0.5374,10.0,7647.0,162.0
2021-01-05 09:36:49.170,0.536,0.5391,5.0,0.5377,10.0,7647.0,162.0
2021-01-05 09:36:49.700,0.536,0.5391,5.0,0.5377,10.0,7647.0,162.0
2021-01-05 09:36:50.190,0.536,0.539,5.0,0.5377,10.0,7647.0,162.0
2021-01-05 09:36:50.670,0.536,0.539,5.0,0.5377,10.0,7647.0,162.0
2021-01-05 09:36:51.171,0.536,0.5389,5.0,0.5377,10.0,7647.0,162.0
2021-01-05 09:36:51.671,0.536,0.5389,5.0,0.5377,10.0,7647.0,162.0
2021-01-05 09:36:52.180,0.536,0.5389,5.0,0.5377,10.0,7647.0,162.0
2021-01-05 09:36:52.541,0.536,0.5392,20.0,0.5377,10.0,7647.0,162.0
2021-01-05 09:36:53.191,0.536,0.5399,32.0,0.5379,10.0,7647.0,162.0
2021-01-05 09:36:53.631,0.536,0.5399,32.0,0.538,10.0,7647.0,162.0
2021-01-05 09:36:54.180,0.536,0.5393,10.0,0.5374,10.0,7647.0,162.0
2021-01-05 09:36:54.631,0.536,0.5388,10.0,0.5368,10.0,7647.0,162.0
2021-01-05 09:36:55.141,0.536,0.5388,30.0,0.5372,20.0,7647.0,162.0
2021-01-05 09:36:55.260,0.536,0.5388,30.0,0.5372,10.0,7647.0,162.0
2021-01-05 09:36:56.141,0.536,0.5388,30.0,0.5372,10.0,7647.0,162.0
2021-01-05 09:36:56.691,0.5372,0.5388,30.0,0.5372,3.0,7647.0,169.0
2021-01-05 09:36:57.630,0.5372,0.5388,30.0,0.5372,3.0,7647.0,169.0
2021-01-05 09:36:58.160,0.5372,0.5387,3.0,0.5372,3.0,7647.0,169.0
2021-01-05 09:36:58.610,0.5372,0.5387,3.0,0.5372,3.0,7647.0,169.0
2021-01-05 09:36:59.181,0.5372,0.5387,3.0,0.5374,10.0,7647.0,169.0
2021-01-05 09:36:59.690,0.5372,0.5387,3.0,0.5379,10.0,7647.0,169.0
2021-01-05 09:37:00.120,0.5372,0.5399,32.0,0.5379,10.0,7647.0,169.0
2021-01-05 09:37:00.251,0.5372,0.5396,10.0,0.5379,10.0,7647.0,169.0
2021-01-05 09:37:01.031,0.5372,0.5396,10.0,0.5379,10.0,7647.0,169.0
2021-01-05 09:37:01.630,0.5372,0.5391,10.0,0.5372,33.0,7647.0,169.0
2021-01-05 09:37:02.191,0.5372,0.5388,10.0,0.5372,33.0,7647.0,169.0
2021-01-05 09:37:02.610,0.5372,0.5385,10.0,0.5372,3.0,7647.0,169.0
2021-01-05 09:37:03.151,0.5372,0.5385,10.0,0.5372,3.0,7647.0,169.0
2021-01-05 09:37:03.630,0.5372,0.5384,3.0,0.5372,3.0,7647.0,169.0
2021-01-05 09:37:04.200,0.5372,0.5377,10.0,0.5372,3.0,7647.0,169.0
2021-01-05 09:37:04.681,0.5372,0.5372,1.0,0.5356,10.0,7650.0,172.0
2021-01-05 09:37:05.140,0.5372,0.5372,1.0,0.5359,10.0,7650.0,172.0
2021-01-05 09:37:05.701,0.5372,0.5372,1.0,0.5353,10.0,7650.0,172.0
2021-01-05 09:37:06.131,0.5372,0.5372,1.0,0.5353,10.0,7650.0,172.0
2021-01-05 09:37:06.700,0.5372,0.5372,1.0,0.5353,10.0,7650.0,172.0
2021-01-05 09:37:07.180,0.5372,0.5372,1.0,0.5355,10.0,7650.0,172.0
2021-01-05 09:37:07.681,0.5372,0.5372,1.0,0.5357,10.0,7650.0,172.0
2021-01-05 09:37:08.190,0.5372,0.5381,10.0,0.5363,10.0,7650.0,172.0
2021-01-05 09:37:08.630,0.5372,0.5381,10.0,0.5365,10.0,7650.0,172.0
2021-01-05 09:37:09.170,0.5372,0.5388,10.0,0.5368,10.0,7650.0,172.0
2021-01-05 09:37:09.660,0.5372,0.5388,10.0,0.5368,10.0,7650.0,172.0
2021-01-05 09:37:10.121,0.5372,0.5377,10.0,0.5363,20.0,7650.0,172.0
2021-01-05 09:37:10.701,0.5372,0.5372,10.0,0.5356,20.0,7650.0,172.0
2021-01-05 09:37:11.080,0.5372,0.5372,10.0,0.5354,10.0,7650.0,172.0
2021-01-05 09:37:12.131,0.5372,0.5372,10.0,0.5354,10.0,7650.0,172.0
2021-01-05 09:37:12.501,0.5372,0.5372,10.0,0.5354,10.0,7650.0,172.0
2021-01-05 09:37:13.181,0.5372,0.537,10.0,0.5351,21.0,7650.0,172.0
2021-01-05 09:37:13.681,0.5372,0.5376,10.0,0.5358,10.0,7650.0,172.0
2021-01-05 09:37:14.130,0.5372,0.5376,10.0,0.5361,10.0,7650.0,172.0
2021-01-05 09:37:14.651,0.5372,0.5376,10.0,0.5361,30.0,7650.0,172.0
2021-01-05 09:37:15.160,0.5372,0.5386,10.0,0.5365,10.0,7650.0,172.0
2021-01-05 09:37:15.671,0.5372,0.538,10.0,0.5365,10.0,7650.0,172.0
2021-01-05 09:37:16.190,0.5372,0.538,10.0,0.5365,10.0,7650.0,172.0
2021-01-05 09:37:16.461,0.5372,0.5373,10.0,0.5361,20.0,7650.0,172.0
2021-01-05 09:37:17.200,0.5372,0.5373,10.0,0.5361,21.0,7650.0,172.0
2021-01-05 09:37:17.671,0.5372,0.5373,10.0,0.5361,1.0,7650.0,172.0
2021-01-05 09:37:18.061,0.5372,0.5373,10.0,0.5361,1.0,7650.0,172.0
2021-01-05 09:37:18.641,0.5372,0.5379,30.0,0.5362,5.0,7650.0,172.0
2021-01-05 09:37:18.891,0.5372,0.5379,10.0,0.5363,10.0,7650.0,172.0
2021-01-05 09:37:19.331,0.5372,0.5379,10.0,0.5363,10.0,7650.0,172.0
2021-01-05 09:37:20.191,0.5372,0.5379,10.0,0.5363,10.0,7650.0,172.0
2021-01-05 09:37:20.691,0.5372,0.5379,10.0,0.5363,10.0,7650.0,172.0
2021-01-05 09:37:21.200,0.5372,0.5375,10.0,0.5361,1.0,7650.0,172.0
2021-01-05 09:37:21.701,0.5372,0.5372,10.0,0.5361,1.0,7650.0,172.0
2021-01-05 09:37:22.030,0.5372,0.5372,10.0,0.5361,1.0,7650.0,172.0
2021-01-05 09:37:22.620,0.5372,0.5371,1.0,0.5361,1.0,7650.0,172.0
2021-01-05 09:37:23.150,0.5372,0.5371,1.0,0.5361,1.0,7650.0,172.0
2021-01-05 09:37:23.701,0.5372,0.5371,1.0,0.5361,1.0,7650.0,172.0
2021-01-05 09:37:24.080,0.5372,0.537,1.0,0.5361,1.0,7650.0,172.0
2021-01-05 09:37:24.631,0.5373,0.5373,12.0,0.5361,1.0,7650.0,192.0
2021-01-05 09:37:25.200,0.5373,0.5372,1.0,0.5361,1.0,7650.0,192.0
2021-01-05 09:37:25.670,0.5373,0.5372,1.0,0.5362,1.0,7650.0,192.0
2021-01-05 09:37:26.170,0.5373,0.5372,1.0,0.5362,1.0,7650.0,192.0
2021-01-05 09:37:26.650,0.5373,0.5371,10.0,0.5362,1.0,7650.0,192.0
2021-01-05 09:37:27.121,0.5373,0.537,1.0,0.5362,1.0,7650.0,192.0
2021-01-05 09:37:27.551,0.5373,0.537,1.0,0.5362,1.0,7650.0,192.0
2021-01-05 09:37:28.151,0.5373,0.537,1.0,0.5361,1.0,7650.0,192.0
2021-01-05 09:37:29.130,0.5373,0.537,1.0,0.5362,1.0,7650.0,192.0
2021-01-05 09:37:29.691,0.5373,0.5377,21.0,0.5363,1.0,7650.0,192.0
2021-01-05 09:37:30.590,0.5373,0.5376,10.0,0.5363,1.0,7650.0,212.0
2021-01-05 09:37:31.190,0.5373,0.5374,10.0,0.5362,1.0,7650.0,212.0
2021-01-05 09:37:31.691,0.5373,0.5374,10.0,0.5363,1.0,7650.0,212.0
2021-01-05 09:37:31.950,0.5373,0.5374,10.0,0.5361,1.0,7650.0,212.0
2021-01-05 09:37:32.571,0.5373,0.5375,1.0,0.5362,26.0,7650.0,212.0
2021-01-05 09:37:33.180,0.5373,0.5377,1.0,0.5367,10.0,7650.0,212.0
2021-01-05 09:37:33.681,0.5373,0.5377,1.0,0.5368,2.0,7650.0,212.0
2021-01-05 09:37:34.200,0.5373,0.5377,1.0,0.5368,2.0,7650.0,212.0
2021-01-05 09:37:34.431,0.5373,0.5377,1.0,0.5368,1.0,7650.0,212.0
2021-01-05 09:37:35.170,0.5373,0.5377,1.0,0.5368,1.0,7650.0,212.0
2021-01-05 09:37:35.650,0.5373,0.5376,10.0,0.5362,20.0,7650.0,212.0
2021-01-05 09:37:36.140,0.5373,0.5376,10.0,0.5362,20.0,7650.0,212.0
2021-01-05 09:37:36.671,0.5382,0.5382,20.0,0.5362,20.0,7649.0,232.0
2021-01-05 09:37:37.180,0.5382,0.5377,10.0,0.5362,20.0,7649.0,232.0
2021-01-05 09:37:37.691,0.5382,0.5371,11.0,0.5361,1.0,7649.0,232.0
2021-01-05 09:37:38.161,0.5382,0.5373,10.0,0.5361,1.0,7649.0,232.0
2021-01-05 09:37:38.651,0.5382,0.5369,1.0,0.5361,1.0,7649.0,232.0
2021-01-05 09:37:39.170,0.5382,0.5364,1.0,0.5361,1.0,7649.0,232.0
2021-01-05 09:37:39.641,0.5361,0.5361,1.0,0.5351,1.0,7650.0,233.0
2021-01-05 09:37:40.161,0.5361,0.5361,1.0,0.5351,2.0,7650.0,233.0
2021-01-05 09:37:40.701,0.5361,0.5361,1.0,0.5351,1.0,7650.0,233.0
2021-01-05 09:37:41.671,0.5361,0.5361,1.0,0.5351,1.0,7650.0,233.0
2021-01-05 09:37:42.130,0.5361,0.5361,1.0,0.5351,1.0,7650.0,233.0
2021-01-05 09:37:42.691,0.5361,0.536,1.0,0.5351,1.0,7650.0,233.0
2021-01-05 09:37:43.181,0.5361,0.536,2.0,0.5351,1.0,7650.0,233.0
2021-01-05 09:37:43.220,0.5361,0.5359,11.0,0.5351,1.0,7650.0,233.0
2021-01-05 09:37:43.961,0.5361,0.5358,1.0,0.5351,1.0,7650.0,233.0
2021-01-05 09:37:44.651,0.5351,0.5356,1.0,0.534,20.0,7651.0,234.0
2021-01-05 09:37:45.021,0.5351,0.5351,1.0,0.5338,10.0,7651.0,234.0
2021-01-05 09:37:45.650,0.5351,0.5351,1.0,0.5338,10.0,7651.0,234.0
2021-01-05 09:37:46.161,0.5351,0.5351,1.0,0.5339,1.0,7651.0,234.0
2021-01-05 09:37:46.601,0.5351,0.5351,1.0,0.534,6.0,7651.0,234.0
2021-01-05 09:37:47.131,0.5351,0.5351,1.0,0.5341,3.0,7651.0,234.0
2021-01-05 09:37:47.661,0.5351,0.5355,20.0,0.5343,10.0,7651.0,235.0
2021-01-05 09:37:47.951,0.5351,0.536,20.0,0.5345,10.0,7651.0,235.0
2021-01-05 09:37:48.700,0.5351,0.5359,10.0,0.5346,3.0,7651.0,235.0
2021-01-05 09:37:49.190,0.5351,0.5359,10.0,0.5346,3.0,7651.0,235.0
2021-01-05 09:37:49.521,0.5351,0.5358,10.0,0.5344,1.0,7651.0,235.0
2021-01-05 09:37:50.220,0.5347,0.5345,9.0,0.5344,1.0,7650.0,236.0
2021-01-05 09:37:50.721,0.5345,0.5358,10.0,0.5345,11.0,7650.0,245.0
2021-01-05 09:37:51.100,0.5345,0.5358,10.0,0.5345,15.0,7650.0,245.0
2021-01-05 09:37:51.630,0.5345,0.5368,20.0,0.5348,10.0,7650.0,245.0
2021-01-05 09:37:52.191,0.5345,0.5364,10.0,0.5348,10.0,7650.0,245.0
2021-01-05 09:37:52.300,0.5345,0.5364,10.0,0.5348,10.0,7650.0,245.0
2021-01-05 09:37:53.161,0.5345,0.5364,10.0,0.5348,10.0,7650.0,245.0
2021-01-05 09:37:53.680,0.5345,0.5364,10.0,0.5349,2.0,7650.0,245.0
2021-01-05 09:37:54.160,0.5345,0.5364,10.0,0.5348,10.0,7650.0,245.0
2021-01-05 09:37:54.170,0.5345,0.5362,10.0,0.5348,10.0,7650.0,245.0
2021-01-05 09:37:56.121,0.5345,0.5362,10.0,0.5346,21.0,7650.0,245.0
2021-01-05 09:37:56.611,0.5345,0.5359,10.0,0.5346,1.0,7650.0,245.0
2021-01-05 09:37:57.170,0.5345,0.5356,10.0,0.5341,20.0,7650.0,245.0
2021-01-05 09:37:57.601,0.5345,0.535,11.0,0.5332,20.0,7650.0,245.0
2021-01-05 09:37:58.091,0.5345,0.5351,10.0,0.5335,10.0,7650.0,245.0
2021-01-05 09:37:58.640,0.5345,0.5352,20.0,0.5337,10.0,7650.0,245.0
2021-01-05 09:37:59.130,0.5345,0.5356,10.0,0.5341,10.0,7650.0,245.0
2021-01-05 09:38:00.680,0.5345,0.536,10.0,0.5344,30.0,7650.0,245.0
2021-01-05 09:38:01.180,0.5345,0.536,10.0,0.5344,30.0,7650.0,245.0
2021-01-05 09:38:02.181,0.5345,0.536,10.0,0.5344,30.0,7650.0,245.0
2021-01-05 09:38:02.680,0.5345,0.536,10.0,0.5344,30.0,7650.0,245.0
2021-01-05 09:38:03.191,0.5345,0.536,10.0,0.5345,5.0,7650.0,245.0
2021-01-05 09:38:03.681,0.5345,0.536,10.0,0.5346,8.0,7650.0,245.0
2021-01-05 09:38:03.721,0.5345,0.5362,20.0,0.5349,10.0,7650.0,245.0
2021-01-05 09:38:04.680,0.5345,0.5368,10.0,0.5349,30.0,7650.0,245.0
2021-01-05 09:38:05.181,0.5345,0.5368,10.0,0.5349,30.0,7650.0,245.0
2021-01-05 09:38:05.681,0.5345,0.5367,10.0,0.5349,30.0,7650.0,245.0
2021-01-05 09:38:06.691,0.5345,0.5367,10.0,0.535,3.0,7650.0,245.0
2021-01-05 09:38:07.001,0.5345,0.5371,20.0,0.5354,10.0,7650.0,245.0
2021-01-05 09:38:07.590,0.5345,0.5377,10.0,0.5358,10.0,7650.0,245.0
2021-01-05 09:38:08.011,0.5345,0.5377,10.0,0.5359,3.0,7650.0,245.0
2021-01-05 09:38:09.160,0.5345,0.5384,20.0,0.536,20.0,7650.0,245.0
2021-01-05 09:38:09.611,0.5345,0.5384,20.0,0.5362,10.0,7650.0,245.0
2021-01-05 09:38:10.180,0.5345,0.5384,10.0,0.5362,11.0,7650.0,245.0
2021-01-05 09:38:10.670,0.5345,0.5385,20.0,0.5365,10.0,7650.0,245.0
2021-01-05 09:38:11.141,0.5345,0.5384,2.0,0.5365,30.0,7650.0,245.0
2021-01-05 09:38:11.701,0.5345,0.5383,15.0,0.5365,30.0,7650.0,245.0
2021-01-05 09:38:12.191,0.5345,0.537,10.0,0.5355,2.0,7650.0,245.0
2021-01-05 09:38:12.291,0.537,0.5379,10.0,0.5359,10.0,7650.0,253.0
2021-01-05 09:38:13.110,0.537,0.5382,5.0,0.5366,10.0,7650.0,253.0
2021-01-05 09:38:13.371,0.537,0.5383,12.0,0.5366,10.0,7650.0,253.0
2021-01-05 09:38:14.101,0.537,0.5386,10.0,0.5373,11.0,7650.0,253.0
2021-01-05 09:38:14.641,0.537,0.5392,10.0,0.5374,3.0,7650.0,253.0
2021-01-05 09:38:15.150,0.537,0.5399,12.0,0.5375,10.0,7650.0,253.0
2021-01-05 09:38:15.290,0.537,0.5399,12.0,0.5377,20.0,7650.0,253.0
2021-01-05 09:38:16.151,0.537,0.5393,10.0,0.5374,2.0,7650.0,253.0
2021-01-05 09:38:16.731,0.537,0.5392,4.0,0.5374,2.0,7650.0,253.0
2021-01-05 09:38:16.950,0.537,0.5392,4.0,0.5377,10.0,7650.0,253.0
2021-01-05 09:38:17.701,0.537,0.5392,4.0,0.5376,10.0,7650.0,253.0
2021-01-05 09:38:18.231,0.537,0.5392,2.0,0.5378,2.0,7650.0,253.0
2021-01-05 09:38:18.660,0.537,0.5396,4.0,0.5378,2.0,7650.0,253.0
2021-01-05 09:38:19.190,0.537,0.5396,4.0,0.538,10.0,7650.0,253.0
2021-01-05 09:38:19.551,0.537,0.5397,6.0,0.538,10.0,7650.0,253.0
2021-01-05 09:38:20.231,0.537,0.5397,6.0,0.538,10.0,7650.0,253.0
2021-01-05 09:38:20.650,0.537,0.5397,6.0,0.5382,10.0,7650.0,253.0
2021-01-05 09:38:21.180,0.537,0.5397,6.0,0.5383,8.0,7650.0,253.0
2021-01-05 09:38:21.520,0.537,0.5397,6.0,0.5389,6.0,7650.0,253.0
2021-01-05 09:38:22.141,0.5397,0.5399,2.0,0.5391,6.0,7644.0,259.0
2021-01-05 09:38:22.531,0.5397,0.5399,2.0,0.539,14.0,7644.0,259.0
2021-01-05 09:38:23.201,0.5399,0.5399,1.0,0.5394,2.0,7643.0,260.0
2021-01-05 09:38:23.681,0.5399,0.5399,1.0,0.5395,3.0,7643.0,260.0
2021-01-05 09:38:23.800,0.5399,0.5413,20.0,0.5399,2.0,7642.0,261.0
2021-01-05 09:38:24.141,0.5399,0.5412,2.0,0.54,2.0,7642.0,261.0
2021-01-05 09:38:25.101,0.5399,0.5412,12.0,0.5399,2.0,7642.0,261.0
2021-01-05 09:38:25.700,0.5399,0.5411,6.0,0.54,2.0,7642.0,261.0
2021-01-05 09:38:26.100,0.5399,0.5411,6.0,0.54,2.0,7642.0,261.0
2021-01-05 09:38:26.701,0.5399,0.5411,6.0,0.5399,2.0,7642.0,261.0
2021-01-05 09:38:27.151,0.5399,0.541,2.0,0.5399,2.0,7642.0,261.0
2021-01-05 09:38:27.691,0.5399,0.5409,4.0,0.5399,2.0,7642.0,261.0
2021-01-05 09:38:28.171,0.5399,0.5409,4.0,0.5401,14.0,7642.0,261.0
2021-01-05 09:38:28.680,0.5399,0.5417,10.0,0.5401,10.0,7642.0,261.0
2021-01-05 09:38:29.191,0.5399,0.5415,10.0,0.54,2.0,7642.0,261.0
2021-01-05 09:38:29.600,0.5399,0.5418,20.0,0.54,12.0,7642.0,261.0
2021-01-05 09:38:30.190,0.5399,0.5418,20.0,0.5402,10.0,7642.0,261.0
2021-01-05 09:38:30.670,0.5399,0.5417,10.0,0.5402,10.0,7642.0,261.0
2021-01-05 09:38:31.181,0.5399,0.5416,5.0,0.5402,10.0,7642.0,261.0
2021-01-05 09:38:31.700,0.5399,0.5415,7.0,0.5402,10.0,7642.0,261.0
2021-01-05 09:38:32.090,0.5399,0.5415,7.0,0.5407,10.0,7642.0,261.0
2021-01-05 09:38:32.701,0.5415,0.5415,4.0,0.5407,10.0,7642.0,264.0
2021-01-05 09:38:33.191,0.5415,0.542,3.0,0.5415,1.0,7642.0,267.0
2021-01-05 09:38:33.700,0.542,0.5436,10.0,0.542,3.0,7639.0,270.0
2021-01-05 09:38:34.201,0.542,0.5437,20.0,0.5418,10.0,7639.0,270.0
2021-01-05 09:38:35.200,0.542,0.5444,30.0,0.542,30.0,7639.0,270.0
2021-01-05 09:38:35.700,0.542,0.5443,1.0,0.5423,10.0,7639.0,270.0
2021-01-05 09:38:36.180,0.542,0.5443,1.0,0.5423,10.0,7639.0,270.0
2021-01-05 09:38:36.691,0.542,0.5443,1.0,0.5424,2.0,7639.0,270.0
2021-01-05 09:38:37.160,0.542,0.5444,20.0,0.5425,14.0,7639.0,270.0
2021-01-05 09:38:37.680,0.542,0.5452,20.0,0.5429,10.0,7639.0,270.0
2021-01-05 09:38:37.970,0.5429,0.5448,10.0,0.5429,20.0,7638.0,271.0
2021-01-05 09:38:38.660,0.5429,0.5448,10.0,0.543,11.0,7638.0,271.0
2021-01-05 09:38:39.161,0.5429,0.5458,20.0,0.5434,10.0,7638.0,271.0
2021-01-05 09:38:39.661,0.5429,0.5458,20.0,0.5434,30.0,7638.0,271.0
2021-01-05 09:38:39.901,0.5429,0.5473,30.0,0.5445,10.0,7638.0,271.0
2021-01-05 09:38:40.591,0.5429,0.547,10.0,0.5446,2.0,7638.0,271.0
2021-01-05 09:38:41.140,0.5429,0.5462,10.0,0.5446,2.0,7638.0,271.0
2021-01-05 09:38:41.640,0.5429,0.5467,20.0,0.5447,9.0,7638.0,271.0
2021-01-05 09:38:41.670,0.5429,0.5465,10.0,0.5447,1.0,7638.0,271.0
2021-01-05 09:38:42.700,0.5429,0.5464,1.0,0.5447,1.0,7638.0,271.0
2021-01-05 09:38:43.150,0.5429,0.5464,1.0,0.5447,1.0,7638.0,271.0
2021-01-05 09:38:43.701,0.5429,0.5463,1.0,0.5448,14.0,7638.0,271.0
2021-01-05 09:38:44.191,0.5429,0.5463,1.0,0.5449,5.0,7638.0,271.0
2021-01-05 09:38:44.621,0.5429,0.5455,5.0,0.545,5.0,7638.0,271.0
2021-01-05 09:38:45.201,0.5429,0.5458,10.0,0.5448,4.0,7638.0,271.0
2021-01-05 09:38:45.451,0.5429,0.5453,4.0,0.5447,1.0,7638.0,271.0
2021-01-05 09:38:46.200,0.5429,0.5452,1.0,0.5447,3.0,7638.0,271.0
2021-01-05 09:38:46.631,0.5429,0.5452,1.0,0.5447,1.0,7638.0,271.0
2021-01-05 09:38:47.140,0.5447,0.5451,1.0,0.5434,30.0,7638.0,272.0
2021-01-05 09:38:47.691,0.5447,0.5451,1.0,0.5435,2.0,7638.0,272.0
2021-01-05 09:38:48.200,0.5447,0.5443,2.0,0.5431,1.0,7638.0,272.0
2021-01-05 09:38:48.531,0.5447,0.5439,1.0,0.5423,10.0,7638.0,272.0
2021-01-05 09:38:49.130,0.5438,0.5438,4.0,0.5423,10.0,7639.0,273.0
2021-01-05 09:38:49.670,0.5438,0.5441,10.0,0.5424,13.0,7639.0,273.0
2021-01-05 09:38:50.091,0.5438,0.544,4.0,0.5425,10.0,7639.0,273.0
2021-01-05 09:38:50.651,0.5438,0.544,4.0,0.5425,10.0,7639.0,273.0
2021-01-05 09:38:51.170,0.5438,0.5444,20.0,0.5427,10.0,7639.0,273.0
2021-01-05 09:38:51.520,0.5438,0.5451,20.0,0.5436,10.0,7639.0,273.0
2021-01-05 09:38:52.140,0.5438,0.5456,10.0,0.5437,4.0,7639.0,273.0
2021-01-05 09:38:52.450,0.5438,0.5459,20.0,0.5441,10.0,7639.0,273.0
2021-01-05 09:38:53.160,0.5438,0.5462,10.0,0.5441,10.0,7639.0,273.0
2021-01-05 09:38:54.200,0.5438,0.5462,10.0,0.5441,10.0,7639.0,273.0
2021-01-05 09:38:54.690,0.5438,0.5467,10.0,0.5445,10.0,7639.0,273.0
2021-01-05 09:38:55.191,0.5438,0.5462,10.0,0.5445,10.0,7639.0,273.0
2021-01-05 09:38:55.650,0.5438,0.5468,10.0,0.5446,4.0,7639.0,273.0
2021-01-05 09:38:56.190,0.5438,0.5469,10.0,0.5449,10.0,7639.0,273.0
2021-01-05 09:38:56.661,0.5438,0.5469,10.0,0.545,7.0,7639.0,273.0
2021-01-05 09:38:57.181,0.5438,0.5457,10.0,0.545,5.0,7639.0,273.0
2021-01-05 09:38:57.640,0.5438,0.5464,10.0,0.546,20.0,7639.0,273.0
2021-01-05 09:38:58.161,0.546,0.5456,4.0,0.5446,4.0,7639.0,293.0
2021-01-05 09:38:58.501,0.546,0.5453,10.0,0.5437,20.0,7639.0,293.0
2021-01-05 09:38:59.060,0.546,0.5446,11.0,0.5431,20.0,7639.0,293.0
2021-01-05 09:39:00.140,0.546,0.5445,5.0,0.5433,4.0,7639.0,293.0
2021-01-05 09:39:00.660,0.546,0.5445,5.0,0.5434,6.0,7639.0,293.0
2021-01-05 09:39:01.120,0.5445,0.5456,4.0,0.5438,10.0,7639.0,298.0
2021-01-05 09:39:01.700,0.5445,0.5456,4.0,0.5439,2.0,7639.0,298.0
2021-01-05 09:39:02.170,0.5445,0.5452,10.0,0.5434,1.0,7639.0,298.0
2021-01-05 09:39:02.620,0.5445,0.5456,4.0,0.5441,10.0,7639.0,298.0
2021-01-05 09:39:03.150,0.5445,0.5453,10.0,0.5434,10.0,7639.0,298.0
2021-01-05 09:39:03.671,0.5445,0.5453,10.0,0.5434,12.0,7639.0,298.0
2021-01-05 09:39:04.161,0.546,0.5452,4.0,0.5434,10.0,7639.0,318.0
2021-01-05 09:39:04.610,0.546,0.5452,14.0,0.5434,10.0,7639.0,318.0
2021-01-05 09:39:05.211,0.546,0.5452,14.0,0.5434,10.0,7639.0,318.0
2021-01-05 09:39:05.651,0.546,0.5452,14.0,0.5434,10.0,7639.0,318.0
2021-01-05 09:39:06.650,0.546,0.5452,14.0,0.5434,10.0,7639.0,318.0
2021-01-05 09:39:07.200,0.546,0.545,10.0,0.5434,10.0,7639.0,318.0
2021-01-05 09:39:07.680,0.546,0.545,10.0,0.5434,10.0,7639.0,318.0
2021-01-05 09:39:08.131,0.546,0.545,10.0,0.5434,10.0,7639.0,318.0
2021-01-05 09:39:08.690,0.546,0.545,10.0,0.5435,5.0,7639.0,318.0
2021-01-05 09:39:09.161,0.546,0.5451,20.0,0.5439,10.0,7639.0,318.0
2021-01-05 09:39:09.601,0.5451,0.5457,10.0,0.5452,5.0,7639.0,338.0
2021-01-05 09:39:10.150,0.5452,0.5452,2.0,0.5434,10.0,7638.0,343.0
2021-01-05 09:39:10.681,0.5452,0.546,11.0,0.544,10.0,7638.0,343.0
2021-01-05 09:39:11.201,0.5452,0.547,20.0,0.5448,10.0,7638.0,343.0
2021-01-05 09:39:11.701,0.5452,0.5466,10.0,0.5448,10.0,7638.0,343.0
2021-01-05 09:39:12.150,0.5452,0.5461,10.0,0.5449,1.0,7638.0,343.0
2021-01-05 09:39:12.690,0.5452,0.546,1.0,0.5449,1.0,7638.0,343.0
2021-01-05 09:39:13.720,0.5452,0.5456,10.0,0.5449,1.0,7638.0,343.0
2021-01-05 09:39:14.160,0.5452,0.546,1.0,0.5449,3.0,7638.0,343.0
2021-01-05 09:39:15.220,0.5452,0.5466,10.0,0.5451,4.0,7638.0,343.0
2021-01-05 09:39:15.720,0.5452,0.5466,10.0,0.5451,4.0,7638.0,343.0
2021-01-05 09:39:16.121,0.5452,0.5463,7.0,0.545,2.0,7638.0,343.0
2021-01-05 09:39:17.191,0.5452,0.5463,7.0,0.545,2.0,7638.0,343.0
2021-01-05 09:39:17.641,0.5452,0.5462,1.0,0.5449,31.0,7638.0,343.0
2021-01-05 09:39:18.221,0.5452,0.5461,10.0,0.5449,1.0,7638.0,343.0
2021-01-05 09:39:19.710,0.5452,0.5461,10.0,0.545,2.0,7638.0,343.0
2021-01-05 09:39:20.180,0.5452,0.5463,7.0,0.5451,14.0,7638.0,343.0
2021-01-05 09:39:20.741,0.5453,0.5463,7.0,0.5453,5.0,7633.0,348.0
2021-01-05 09:39:21.231,0.5453,0.5463,7.0,0.5452,5.0,7633.0,348.0
2021-01-05 09:39:21.671,0.5453,0.5463,7.0,0.5453,2.0,7633.0,348.0
2021-01-05 09:39:22.211,0.5453,0.5463,7.0,0.5454,15.0,7633.0,348.0
2021-01-05 09:39:22.651,0.5453,0.5463,7.0,0.5455,10.0,7633.0,348.0
2021-01-05 09:39:23.200,0.5453,0.5463,7.0,0.5454,5.0,7633.0,348.0
2021-01-05 09:39:23.700,0.5453,0.5463,17.0,0.5451,4.0,7633.0,348.0
2021-01-05 09:39:24.151,0.5453,0.5463,7.0,0.5451,12.0,7633.0,348.0
2021-01-05 09:39:25.210,0.5453,0.5463,7.0,0.5451,10.0,7633.0,348.0
2021-01-05 09:39:25.690,0.5453,0.5463,7.0,0.5453,10.0,7633.0,348.0
2021-01-05 09:39:26.130,0.5453,0.5463,7.0,0.5454,19.0,7633.0,348.0
2021-01-05 09:39:26.681,0.5453,0.5463,7.0,0.5454,9.0,7633.0,348.0
2021-01-05 09:39:27.210,0.5453,0.5463,7.0,0.5455,10.0,7633.0,348.0
2021-01-05 09:39:27.711,0.5453,0.5462,1.0,0.5455,5.0,7633.0,348.0
2021-01-05 09:39:28.201,0.5453,0.5462,1.0,0.5453,10.0,7633.0,348.0
2021-01-05 09:39:28.710,0.5453,0.5462,1.0,0.5453,10.0,7633.0,348.0
2021-01-05 09:39:29.231,0.5453,0.5462,1.0,0.5453,10.0,7633.0,348.0
2021-01-05 09:39:29.721,0.5453,0.5461,1.0,0.545,20.0,7633.0,348.0
2021-01-05 09:39:30.220,0.5453,0.5459,21.0,0.5449,1.0,7633.0,348.0
2021-01-05 09:39:30.721,0.5453,0.5461,1.0,0.5449,1.0,7633.0,348.0
2021-01-05 09:39:31.121,0.5453,0.546,10.0,0.5449,1.0,7633.0,348.0
2021-01-05 09:39:31.690,0.5449,0.5453,1.0,0.5448,2.0,7634.0,349.0
2021-01-05 09:39:32.141,0.5449,0.5453,1.0,0.5448,2.0,7634.0,349.0
2021-01-05 09:39:32.671,0.5449,0.5453,1.0,0.5449,5.0,7634.0,349.0
2021-01-05 09:39:33.180,0.5449,0.5453,1.0,0.545,19.0,7634.0,349.0
2021-01-05 09:39:33.530,0.5453,0.5462,20.0,0.5453,5.0,7633.0,350.0
2021-01-05 09:39:34.210,0.5453,0.5462,20.0,0.545,9.0,7633.0,350.0
2021-01-05 09:39:34.681,0.5453,0.5461,10.0,0.5446,20.0,7633.0,350.0
2021-01-05 09:39:35.171,0.5453,0.546,1.0,0.5445,2.0,7633.0,350.0
2021-01-05 09:39:35.701,0.5453,0.5459,10.0,0.5442,10.0,7633.0,350.0
2021-01-05 09:39:36.231,0.5453,0.5459,10.0,0.5445,12.0,7633.0,350.0
2021-01-05 09:39:36.660,0.5453,0.5459,10.0,0.5444,2.0,7633.0,350.0
2021-01-05 09:39:37.221,0.5453,0.5458,1.0,0.5444,2.0,7633.0,350.0
2021-01-05 09:39:38.221,0.5453,0.5458,1.0,0.5441,2.0,7633.0,350.0
2021-01-05 09:39:39.241,0.5453,0.5462,20.0,0.5445,10.0,7633.0,350.0
2021-01-05 09:39:39.460,0.5462,0.5462,10.0,0.5445,10.0,7633.0,370.0
2021-01-05 09:39:40.200,0.5462,0.5462,20.0,0.5445,10.0,7633.0,370.0
2021-01-05 09:39:40.721,0.5462,0.5461,1.0,0.5445,10.0,7633.0,370.0
2021-01-05 09:39:41.220,0.5462,0.5454,20.0,0.5444,20.0,7633.0,370.0
2021-01-05 09:39:41.750,0.5444,0.5461,1.0,0.5446,10.0,7633.0,372.0
2021-01-05 09:39:42.210,0.5444,0.5452,10.0,0.5435,10.0,7633.0,372.0
2021-01-05 09:39:42.640,0.5444,0.5451,1.0,0.5443,2.0,7633.0,372.0
2021-01-05 09:39:43.170,0.5444,0.5451,1.0,0.5435,10.0,7633.0,372.0
2021-01-05 09:39:43.570,0.5444,0.545,10.0,0.5436,2.0,7633.0,372.0
2021-01-05 09:39:44.121,0.5444,0.545,10.0,0.5436,2.0,7633.0,372.0
2021-01-05 09:39:44.680,0.5444,0.545,10.0,0.5436,12.0,7633.0,372.0
2021-01-05 09:39:45.251,0.5444,0.5456,10.0,0.5437,15.0,7633.0,372.0
2021-01-05 09:39:45.750,0.546,0.5463,27.0,0.5439,10.0,7633.0,392.0
2021-01-05 09:39:46.190,0.546,0.5463,27.0,0.5444,10.0,7633.0,392.0
2021-01-05 09:39:46.630,0.546,0.5463,7.0,0.5456,11.0,7633.0,392.0
2021-01-05 09:39:47.250,0.546,0.5463,7.0,0.5457,5.0,7633.0,392.0
2021-01-05 09:39:47.710,0.546,0.5463,7.0,0.5448,10.0,7633.0,392.0
2021-01-05 09:39:48.140,0.546,0.5462,10.0,0.5445,2.0,7633.0,392.0
2021-01-05 09:39:48.720,0.546,0.5463,7.0,0.5448,10.0,7633.0,392.0
2021-01-05 09:39:49.241,0.546,0.5456,5.0,0.545,10.0,7633.0,392.0
2021-01-05 09:39:49.711,0.5456,0.5456,1.0,0.5452,10.0,7629.0,396.0
2021-01-05 09:39:50.121,0.5456,0.5463,7.0,0.5453,5.0,7628.0,397.0
2021-01-05 09:39:50.701,0.5463,0.5463,6.0,0.5455,17.0,7628.0,398.0
2021-01-05 09:39:51.241,0.5463,0.548,10.0,0.5465,1.0,7622.0,404.0
2021-01-05 09:39:51.730,0.5488,0.5488,10.0,0.5466,1.0,7622.0,424.0
2021-01-05 09:39:52.180,0.5488,0.5482,10.0,0.5467,3.0,7622.0,424.0
2021-01-05 09:39:52.601,0.5467,0.5477,10.0,0.5465,1.0,7622.0,427.0
2021-01-05 09:39:53.121,0.5467,0.5465,1.0,0.5457,10.0,7622.0,427.0
2021-01-05 09:39:53.600,0.5467,0.5465,11.0,0.5448,20.0,7622.0,427.0
2021-01-05 09:39:54.191,0.5467,0.5468,20.0,0.5452,10.0,7622.0,427.0
2021-01-05 09:39:54.191,0.5467,0.547,10.0,0.5453,5.0,7622.0,427.0
2021-01-05 09:39:55.181,0.5467,0.548,10.0,0.5459,10.0,7622.0,427.0
2021-01-05 09:39:55.640,0.5467,0.5474,10.0,0.5459,30.0,7622.0,427.0
2021-01-05 09:39:56.120,0.5467,0.5482,20.0,0.5468,10.0,7622.0,427.0
2021-01-05 09:39:56.610,0.5467,0.548,10.0,0.5465,20.0,7622.0,427.0
2021-01-05 09:39:57.181,0.5467,0.5478,10.0,0.546,10.0,7622.0,427.0
2021-01-05 09:39:57.580,0.5467,0.5475,10.0,0.546,10.0,7622.0,427.0
2021-01-05 09:39:58.170,0.5467,0.5472,10.0,0.5454,25.0,7622.0,427.0
2021-01-05 09:39:58.600,0.5467,0.547,10.0,0.5452,10.0,7622.0,427.0
2021-01-05 09:39:59.061,0.5467,0.547,10.0,0.5456,10.0,7622.0,427.0
2021-01-05 09:39:59.670,0.5467,0.547,10.0,0.5457,5.0,7622.0,427.0
2021-01-05 09:40:00.610,0.5467,0.5478,10.0,0.5459,10.0,7622.0,427.0
2021-01-05 09:40:01.201,0.5467,0.5473,10.0,0.5459,10.0,7622.0,427.0
2021-01-05 09:40:01.570,0.5469,0.5472,10.0,0.5453,4.0,7622.0,447.0
2021-01-05 09:40:02.141,0.5469,0.5467,10.0,0.5449,10.0,7622.0,447.0
2021-01-05 09:40:02.671,0.5469,0.5462,10.0,0.5442,20.0,7622.0,447.0
2021-01-05 09:40:03.171,0.5469,0.5462,10.0,0.5445,10.0,7622.0,447.0
2021-01-05 09:40:03.691,0.5469,0.5462,10.0,0.5447,10.0,7622.0,447.0
2021-01-05 09:40:04.160,0.5469,0.5467,20.0,0.545,10.0,7622.0,447.0
2021-01-05 09:40:04.700,0.5469,0.5465,10.0,0.5448,14.0,7622.0,447.0
2021-01-05 09:40:05.170,0.5469,0.5463,10.0,0.5445,10.0,7622.0,447.0
2021-01-05 09:40:06.200,0.5469,0.5463,10.0,0.5445,10.0,7622.0,447.0
2021-01-05 09:40:06.701,0.5469,0.5462,1.0,0.5445,10.0,7622.0,447.0
2021-01-05 09:40:07.191,0.5469,0.5462,1.0,0.5445,10.0,7622.0,447.0
2021-01-05 09:40:07.700,0.5464,0.5464,11.0,0.5445,10.0,7622.0,467.0
2021-01-05 09:40:08.200,0.5464,0.5456,10.0,0.5442,20.0,7622.0,467.0
2021-01-05 09:40:08.690,0.5464,0.5456,10.0,0.5437,20.0,7622.0,467.0
2021-01-05 09:40:09.191,0.5464,0.5451,10.0,0.5437,20.0,7622.0,467.0
2021-01-05 09:40:09.691,0.5464,0.5451,10.0,0.5432,20.0,7622.0,467.0
2021-01-05 09:40:10.150,0.5464,0.5452,20.0,0.5438,10.0,7622.0,467.0
2021-01-05 09:40:10.680,0.5464,0.5455,10.0,0.544,10.0,7622.0,467.0
2021-01-05 09:40:11.170,0.5464,0.5455,20.0,0.5441,10.0,7622.0,467.0
2021-01-05 09:40:11.610,0.5464,0.5455,20.0,0.5442,5.0,7622.0,467.0
2021-01-05 09:40:12.190,0.5464,0.5451,10.0,0.5442,5.0,7622.0,467.0
2021-01-05 09:40:12.661,0.5464,0.5442,5.0,0.5439,5.0,7622.0,467.0
2021-01-05 09:40:13.170,0.5439,0.5439,1.0,0.5432,20.0,7622.0,468.0
2021-01-05 09:40:13.400,0.5452,0.5445,10.0,0.5433,5.0,7622.0,488.0
2021-01-05 09:40:14.150,0.5452,0.544,5.0,0.5424,20.0,7622.0,488.0
2021-01-05 09:40:14.701,0.5452,0.5441,10.0,0.5424,20.0,7622.0,488.0
2021-01-05 09:40:15.690,0.5452,0.5441,10.0,0.5425,5.0,7622.0,488.0
2021-01-05 09:40:16.140,0.5452,0.5441,10.0,0.5426,5.0,7622.0,488.0
2021-01-05 09:40:16.520,0.5452,0.5445,20.0,0.5427,15.0,7622.0,488.0
2021-01-05 09:40:17.191,0.5452,0.5441,10.0,0.5428,5.0,7622.0,488.0
2021-01-05 09:40:18.161,0.5452,0.5441,10.0,0.5429,5.0,7622.0,488.0
2021-01-05 09:40:18.301,0.5452,0.5441,10.0,0.543,5.0,7622.0,488.0
2021-01-05 09:40:19.060,0.5452,0.5441,10.0,0.5431,5.0,7622.0,488.0
2021-01-05 09:40:19.711,0.5452,0.5445,20.0,0.5441,4.0,7622.0,488.0
2021-01-05 09:40:19.951,0.5452,0.5448,10.0,0.5442,10.0,7622.0,488.0
2021-01-05 09:40:20.691,0.5452,0.5452,20.0,0.5442,16.0,7622.0,488.0
2021-01-05 09:40:21.200,0.5452,0.5456,10.0,0.5444,11.0,7622.0,488.0
2021-01-05 09:40:21.701,0.5452,0.5456,10.0,0.5439,10.0,7622.0,488.0
2021-01-05 09:40:22.210,0.5452,0.5456,20.0,0.5445,5.0,7622.0,488.0
2021-01-05 09:40:22.591,0.5452,0.5456,10.0,0.5439,10.0,7622.0,488.0
2021-01-05 09:40:23.200,0.5452,0.5459,20.0,0.5443,20.0,7622.0,488.0
2021-01-05 09:40:23.701,0.5452,0.5459,20.0,0.5442,10.0,7622.0,488.0
2021-01-05 09:40:24.160,0.5452,0.5461,10.0,0.5443,2.0,7622.0,488.0
2021-01-05 09:40:25.011,0.5452,0.5457,10.0,0.5442,10.0,7622.0,488.0
2021-01-05 09:40:25.551,0.5452,0.5463,10.0,0.5461,1.0,7622.0,488.0
2021-01-05 09:40:26.181,0.5461,0.5459,30.0,0.5442,30.0,7623.0,489.0
2021-01-05 09:40:26.600,0.5461,0.5459,10.0,0.5442,32.0,7623.0,489.0
2021-01-05 09:40:27.101,0.5461,0.5461,1.0,0.5445,10.0,7623.0,489.0
2021-01-05 09:40:27.701,0.5461,0.5464,20.0,0.545,10.0,7623.0,489.0
2021-01-05 09:40:28.110,0.5461,0.5464,20.0,0.545,10.0,7623.0,489.0
2021-01-05 09:40:28.690,0.5461,0.5464,20.0,0.545,12.0,7623.0,489.0
2021-01-05 09:40:29.170,0.5461,0.5464,30.0,0.5444,10.0,7623.0,489.0
2021-01-05 09:40:30.150,0.5461,0.5464,30.0,0.5448,10.0,7623.0,489.0
2021-01-05 09:40:30.160,0.5461,0.5464,30.0,0.5448,10.0,7623.0,489.0
2021-01-05 09:40:31.101,0.5461,0.5464,30.0,0.5449,5.0,7623.0,489.0
2021-01-05 09:40:31.631,0.5461,0.5464,30.0,0.5449,5.0,7623.0,489.0
2021-01-05 09:40:32.611,0.5461,0.5462,10.0,0.5448,15.0,7623.0,489.0
2021-01-05 09:40:33.161,0.5461,0.5456,10.0,0.5448,5.0,7623.0,489.0
2021-01-05 09:40:33.501,0.5446,0.5448,1.0,0.5446,2.0,7628.0,502.0
2021-01-05 09:40:34.171,0.5448,0.5453,10.0,0.5434,20.0,7628.0,503.0
2021-01-05 09:40:34.211,0.5448,0.5453,10.0,0.5436,10.0,7628.0,503.0
2021-01-05 09:40:35.201,0.5448,0.5456,20.0,0.5441,10.0,7628.0,503.0
2021-01-05 09:40:35.681,0.5448,0.5456,20.0,0.5441,10.0,7628.0,503.0
2021-01-05 09:40:36.161,0.5448,0.5458,10.0,0.5442,7.0,7628.0,503.0
2021-01-05 09:40:36.620,0.5448,0.5458,10.0,0.5442,7.0,7628.0,503.0
2021-01-05 09:40:37.201,0.5448,0.5458,10.0,0.5443,2.0,7628.0,503.0
2021-01-05 09:40:37.201,0.5448,0.5464,20.0,0.5445,10.0,7628.0,503.0
2021-01-05 09:40:38.090,0.5448,0.5457,2.0,0.544,10.0,7628.0,503.0
2021-01-05 09:40:39.041,0.5448,0.5457,2.0,0.5442,10.0,7628.0,503.0
2021-01-05 09:40:39.681,0.5448,0.5457,2.0,0.5442,10.0,7628.0,503.0
2021-01-05 09:40:39.940,0.5448,0.5454,10.0,0.5434,30.0,7628.0,503.0
2021-01-05 09:40:40.670,0.5448,0.5454,10.0,0.5434,30.0,7628.0,503.0
2021-01-05 09:40:41.191,0.5448,0.5452,10.0,0.5434,30.0,7628.0,503.0
2021-01-05 09:40:41.621,0.5448,0.5449,10.0,0.5429,20.0,7628.0,503.0
2021-01-05 09:40:42.180,0.5448,0.5449,10.0,0.5433,2.0,7628.0,503.0
2021-01-05 09:40:42.601,0.5448,0.5448,2.0,0.5433,2.0,7628.0,503.0
2021-01-05 09:40:42.601,0.5448,0.5448,2.0,0.5434,5.0,7628.0,503.0
2021-01-05 09:40:43.500,0.5448,0.5448,2.0,0.5434,5.0,7628.0,503.0
2021-01-05 09:40:44.180,0.5448,0.5448,2.0,0.5434,5.0,7628.0,503.0
2021-01-05 09:40:44.610,0.5448,0.5449,10.0,0.5434,5.0,7628.0,503.0
2021-01-05 09:40:45.131,0.5448,0.5449,10.0,0.5432,10.0,7628.0,503.0
2021-01-05 09:40:46.161,0.5448,0.5449,10.0,0.5433,5.0,7628.0,503.0
2021-01-05 09:40:47.611,0.5448,0.5448,5.0,0.5432,10.0,7628.0,503.0
2021-01-05 09:40:48.160,0.5448,0.5448,5.0,0.5432,10.0,7628.0,503.0
2021-01-05 09:40:48.700,0.5448,0.5445,10.0,0.5433,2.0,7628.0,503.0
2021-01-05 09:40:49.111,0.5448,0.5448,5.0,0.5434,5.0,7628.0,503.0
2021-01-05 09:40:49.640,0.5448,0.545,10.0,0.5434,5.0,7628.0,503.0
2021-01-05 09:40:50.181,0.5448,0.545,10.0,0.5433,2.0,7628.0,503.0
2021-01-05 09:40:50.671,0.5448,0.545,10.0,0.5432,10.0,7628.0,503.0
2021-01-05 09:40:51.021,0.5448,0.545,10.0,0.5432,10.0,7628.0,503.0
2021-01-05 09:40:51.601,0.5448,0.5447,10.0,0.5432,10.0,7628.0,503.0
2021-01-05 09:40:52.650,0.5448,0.5447,30.0,0.5432,10.0,7628.0,503.0
2021-01-05 09:40:52.971,0.5448,0.5447,30.0,0.5433,5.0,7628.0,503.0
2021-01-05 09:40:53.611,0.5448,0.5447,30.0,0.5432,10.0,7628.0,503.0
2021-01-05 09:40:54.141,0.5448,0.5447,30.0,0.5433,5.0,7628.0,503.0
2021-01-05 09:40:54.141,0.5448,0.5443,10.0,0.5431,2.0,7628.0,503.0
2021-01-05 09:40:55.111,0.5448,0.5447,20.0,0.5432,10.0,7628.0,503.0
2021-01-05 09:40:55.251,0.5448,0.545,10.0,0.5432,10.0,7628.0,503.0
2021-01-05 09:40:56.121,0.5448,0.5447,10.0,0.5433,5.0,7628.0,503.0
2021-01-05 09:40:56.600,0.5448,0.5457,30.0,0.5438,10.0,7628.0,503.0
2021-01-05 09:40:57.180,0.5448,0.5457,30.0,0.5438,10.0,7628.0,503.0
2021-01-05 09:40:57.460,0.5448,0.5453,10.0,0.5438,10.0,7628.0,503.0
2021-01-05 09:40:58.231,0.5438,0.5451,10.0,0.5434,20.0,7628.0,508.0
2021-01-05 09:40:58.980,0.5438,0.5451,10.0,0.5435,10.0,7628.0,508.0
2021-01-05 09:40:59.650,0.5438,0.5451,30.0,0.5435,10.0,7628.0,508.0
2021-01-05 09:40:59.921,0.5438,0.5451,10.0,0.5435,10.0,7628.0,508.0
2021-01-05 09:41:00.571,0.5438,0.5451,10.0,0.5435,10.0,7628.0,508.0
2021-01-05 09:41:00.611,0.5438,0.5457,40.0,0.5437,10.0,7628.0,508.0
2021-01-05 09:41:01.650,0.5438,0.5449,10.0,0.5433,5.0,7628.0,508.0
2021-01-05 09:41:02.190,0.5438,0.5449,10.0,0.5433,5.0,7628.0,508.0
2021-01-05 09:41:02.661,0.5438,0.5449,10.0,0.5434,10.0,7628.0,508.0
2021-01-05 09:41:03.110,0.5438,0.5457,30.0,0.5438,10.0,7628.0,508.0
2021-01-05 09:41:03.721,0.5453,0.5457,30.0,0.5438,10.0,7628.0,518.0
2021-01-05 09:41:03.721,0.5453,0.5457,30.0,0.544,10.0,7628.0,518.0
2021-01-05 09:41:04.680,0.5453,0.5457,30.0,0.544,10.0,7628.0,518.0
2021-01-05 09:41:04.970,0.5453,0.5452,10.0,0.5439,2.0,7628.0,518.0
2021-01-05 09:41:05.660,0.5453,0.5452,10.0,0.5439,2.0,7628.0,518.0
2021-01-05 09:41:06.180,0.5453,0.5452,10.0,0.544,7.0,7628.0,518.0
2021-01-05 09:41:06.610,0.5453,0.5457,30.0,0.5441,2.0,7628.0,518.0
2021-01-05 09:41:07.100,0.5453,0.5457,30.0,0.5443,10.0,7628.0,518.0
2021-01-05 09:41:07.611,0.5453,0.5457,20.0,0.5443,10.0,7628.0,518.0
2021-01-05 09:41:08.130,0.5453,0.5463,20.0,0.5445,10.0,7628.0,518.0
2021-01-05 09:41:08.651,0.5453,0.546,10.0,0.5445,10.0,7628.0,518.0
2021-01-05 09:41:09.210,0.5453,0.546,10.0,0.5446,5.0,7628.0,518.0
2021-01-05 09:41:09.650,0.5463,0.5463,10.0,0.5447,10.0,7628.0,528.0
2021-01-05 09:41:10.220,0.5463,0.5462,10.0,0.5447,10.0,7628.0,528.0
2021-01-05 09:41:10.710,0.5463,0.5463,20.0,0.5448,2.0,7628.0,528.0
2021-01-05 09:41:11.140,0.5463,0.5469,20.0,0.545,10.0,7628.0,528.0
2021-01-05 09:41:11.711,0.5463,0.5464,10.0,0.5449,5.0,7628.0,528.0
2021-01-05 09:41:12.151,0.5463,0.5464,10.0,0.545,2.0,7628.0,528.0
2021-01-05 09:41:12.351,0.5463,0.5463,8.0,0.5449,10.0,7628.0,528.0
2021-01-05 09:41:13.161,0.5463,0.5461,10.0,0.5443,30.0,7628.0,528.0
2021-01-05 09:41:13.670,0.5463,0.5458,10.0,0.5443,10.0,7628.0,528.0
2021-01-05 09:41:13.980,0.5463,0.5463,8.0,0.5452,10.0,7628.0,528.0
2021-01-05 09:41:14.671,0.5463,0.5458,10.0,0.5443,10.0,7628.0,528.0
2021-01-05 09:41:14.981,0.5463,0.5458,10.0,0.5443,10.0,7628.0,528.0
2021-01-05 09:41:15.371,0.5456,0.5463,20.0,0.5442,5.0,7628.0,538.0
2021-01-05 09:41:16.210,0.5456,0.5455,10.0,0.5442,5.0,7628.0,538.0
2021-01-05 09:41:16.500,0.5456,0.5459,10.0,0.5443,15.0,7628.0,538.0
2021-01-05 09:41:17.180,0.5456,0.5461,10.0,0.5445,10.0,7628.0,538.0
2021-01-05 09:41:18.141,0.5456,0.5458,10.0,0.5443,5.0,7628.0,538.0
2021-01-05 09:41:18.600,0.5456,0.5458,10.0,0.5444,10.0,7628.0,538.0
2021-01-05 09:41:19.051,0.5456,0.5463,10.0,0.5446,10.0,7628.0,538.0
2021-01-05 09:41:19.520,0.5456,0.5463,10.0,0.5446,10.0,7628.0,538.0
2021-01-05 09:41:19.960,0.5456,0.5459,10.0,0.5442,5.0,7628.0,538.0
2021-01-05 09:41:20.721,0.5456,0.5459,10.0,0.5441,12.0,7628.0,538.0
2021-01-05 09:41:21.190,0.5456,0.5459,10.0,0.5443,2.0,7628.0,538.0
2021-01-05 09:41:21.460,0.5459,0.5463,10.0,0.5444,10.0,7628.0,548.0
2021-01-05 09:41:22.190,0.5459,0.5463,10.0,0.5447,10.0,7628.0,548.0
2021-01-05 09:41:22.700,0.5459,0.5463,10.0,0.545,10.0,7628.0,548.0
2021-01-05 09:41:23.061,0.5459,0.5463,10.0,0.545,10.0,7628.0,548.0
2021-01-05 09:41:24.150,0.5459,0.5462,18.0,0.5445,2.0,7628.0,548.0
2021-01-05 09:41:24.651,0.5459,0.5462,18.0,0.5445,12.0,7628.0,548.0
2021-01-05 09:41:25.120,0.5459,0.5462,8.0,0.545,10.0,7628.0,548.0
2021-01-05 09:41:25.641,0.5459,0.5462,3.0,0.5451,7.0,7628.0,548.0
2021-01-05 09:41:26.190,0.5459,0.5468,20.0,0.5452,16.0,7628.0,548.0
2021-01-05 09:41:26.670,0.5459,0.5468,20.0,0.5452,16.0,7628.0,548.0
2021-01-05 09:41:27.131,0.5459,0.5469,10.0,0.5452,16.0,7628.0,548.0
2021-01-05 09:41:27.710,0.5471,0.5475,20.0,0.5457,10.0,7628.0,558.0
2021-01-05 09:41:28.011,0.5471,0.5473,10.0,0.5457,10.0,7628.0,558.0
2021-01-05 09:41:28.540,0.5471,0.5472,5.0,0.5458,2.0,7628.0,558.0
2021-01-05 09:41:29.001,0.5471,0.5472,5.0,0.5458,2.0,7628.0,558.0
2021-01-05 09:41:30.180,0.5471,0.5472,5.0,0.5457,10.0,7628.0,558.0
2021-01-05 09:41:30.441,0.5471,0.5473,10.0,0.5458,2.0,7628.0,558.0
2021-01-05 09:41:31.181,0.5471,0.5471,10.0,0.5452,10.0,7628.0,558.0
2021-01-05 09:41:31.700,0.5471,0.5471,10.0,0.5454,10.0,7628.0,558.0
2021-01-05 09:41:32.220,0.5471,0.5471,10.0,0.5456,10.0,7628.0,558.0
2021-01-05 09:41:32.670,0.5471,0.5469,10.0,0.5451,7.0,7628.0,558.0
2021-01-05 09:41:33.000,0.5471,0.5475,20.0,0.5458,10.0,7628.0,558.0
2021-01-05 09:41:33.291,0.5471,0.547,20.0,0.5453,10.0,7628.0,558.0
2021-01-05 09:41:33.990,0.5471,0.5468,10.0,0.5453,10.0,7628.0,558.0
2021-01-05 09:41:34.720,0.5471,0.5468,10.0,0.5454,10.0,7628.0,558.0
2021-01-05 09:41:35.221,0.5471,0.5474,8.0,0.5457,10.0,7628.0,558.0
2021-01-05 09:41:35.721,0.5471,0.5475,20.0,0.546,10.0,7628.0,558.0
2021-01-05 09:41:35.970,0.5471,0.548,20.0,0.5462,10.0,7628.0,558.0
2021-01-05 09:41:36.620,0.5471,0.5485,30.0,0.5467,10.0,7628.0,558.0
2021-01-05 09:41:37.210,0.5471,0.5481,10.0,0.5463,7.0,7628.0,558.0
2021-01-05 09:41:37.711,0.5471,0.5484,3.0,0.5468,10.0,7628.0,558.0
2021-01-05 09:41:38.160,0.5471,0.5484,3.0,0.5469,10.0,7628.0,558.0
2021-01-05 09:41:38.650,0.5471,0.5484,33.0,0.5464,20.0,7628.0,558.0
2021-01-05 09:41:39.221,0.5471,0.5484,13.0,0.5464,15.0,7628.0,558.0
2021-01-05 09:41:39.521,0.5471,0.5484,30.0,0.5465,2.0,7628.0,558.0
2021-01-05 09:41:40.231,0.5471,0.548,10.0,0.5464,10.0,7628.0,558.0
2021-01-05 09:41:40.721,0.5471,0.548,10.0,0.5464,10.0,7628.0,558.0
2021-01-05 09:41:41.130,0.5471,0.548,10.0,0.5464,10.0,7628.0,558.0
2021-01-05 09:41:41.730,0.5471,0.5477,10.0,0.5463,5.0,7628.0,558.0
2021-01-05 09:41:42.201,0.5471,0.5477,10.0,0.5457,10.0,7628.0,558.0
2021-01-05 09:41:42.690,0.5474,0.5474,10.0,0.5457,10.0,7628.0,568.0
2021-01-05 09:41:43.071,0.5474,0.5474,30.0,0.5457,10.0,7628.0,568.0
2021-01-05 09:41:43.720,0.5474,0.5474,30.0,0.5458,5.0,7628.0,568.0
2021-01-05 09:41:44.220,0.5474,0.5474,30.0,0.5457,10.0,7628.0,568.0
2021-01-05 09:41:44.671,0.5474,0.5474,30.0,0.5459,15.0,7628.0,568.0
2021-01-05 09:41:45.171,0.5474,0.5474,30.0,0.5461,10.0,7628.0,568.0
2021-01-05 09:41:45.701,0.5474,0.5473,3.0,0.5458,5.0,7628.0,568.0
2021-01-05 09:41:46.191,0.5474,0.5473,3.0,0.546,10.0,7628.0,568.0
2021-01-05 09:41:46.661,0.5474,0.5473,3.0,0.546,10.0,7628.0,568.0
2021-01-05 09:41:46.990,0.5474,0.5473,3.0,0.5465,10.0,7628.0,568.0
2021-01-05 09:41:47.710,0.5474,0.5479,30.0,0.5466,5.0,7628.0,568.0
2021-01-05 09:41:48.181,0.5474,0.5484,20.0,0.547,10.0,7628.0,568.0
2021-01-05 09:41:48.600,0.5484,0.5489,30.0,0.547,10.0,7628.0,578.0
2021-01-05 09:41:49.191,0.5484,0.5471,11.0,0.5466,12.0,7628.0,578.0
2021-01-05 09:41:49.310,0.5471,0.5471,1.0,0.547,10.0,7620.0,588.0
2021-01-05 09:41:50.231,0.5471,0.5489,20.0,0.5475,9.0,7619.0,589.0
2021-01-05 09:41:50.661,0.5471,0.5489,20.0,0.5477,10.0,7619.0,589.0
2021-01-05 09:41:51.101,0.5471,0.5477,1.0,0.5469,10.0,7619.0,589.0
2021-01-05 09:41:51.760,0.5471,0.5477,1.0,0.5466,10.0,7619.0,589.0
2021-01-05 09:41:52.061,0.5471,0.5489,20.0,0.5477,1.0,7619.0,589.0
2021-01-05 09:41:52.690,0.5471,0.5495,10.0,0.5478,15.0,7619.0,589.0
2021-01-05 09:41:53.151,0.5471,0.5496,30.0,0.5481,10.0,7619.0,589.0
2021-01-05 09:41:54.161,0.5471,0.5495,5.0,0.5481,10.0,7619.0,589.0
2021-01-05 09:41:54.670,0.5496,0.5496,15.0,0.5482,5.0,7619.0,599.0
2021-01-05 09:41:55.101,0.5496,0.5496,20.0,0.5485,10.0,7619.0,599.0
2021-01-05 09:41:55.671,0.5496,0.5498,4.0,0.5485,10.0,7619.0,599.0
2021-01-05 09:41:56.151,0.5496,0.5498,4.0,0.5486,5.0,7619.0,599.0
2021-01-05 09:41:56.670,0.5486,0.5493,10.0,0.5483,5.0,7614.0,604.0
2021-01-05 09:41:57.110,0.5486,0.5498,4.0,0.5487,10.0,7614.0,604.0
2021-01-05 09:41:57.640,0.5487,0.5497,8.0,0.5482,15.0,7614.0,610.0
2021-01-05 09:41:57.640,0.5487,0.5497,8.0,0.5482,10.0,7614.0,610.0
2021-01-05 09:41:58.660,0.5487,0.5497,8.0,0.5482,10.0,7614.0,610.0
2021-01-05 09:41:59.131,0.5487,0.5497,8.0,0.5483,5.0,7614.0,610.0
2021-01-05 09:42:00.151,0.5487,0.5496,10.0,0.5483,5.0,7614.0,610.0
2021-01-05 09:42:00.701,0.5501,0.5503,10.0,0.5484,5.0,7610.0,620.0
2021-01-05 09:42:01.190,0.5501,0.5503,10.0,0.5485,7.0,7610.0,620.0
2021-01-05 09:42:01.630,0.5501,0.5503,10.0,0.5486,12.0,7610.0,620.0
2021-01-05 09:42:02.201,0.5501,0.5503,10.0,0.5486,10.0,7610.0,620.0
2021-01-05 09:42:02.641,0.5501,0.5503,10.0,0.5486,10.0,7610.0,620.0
2021-01-05 09:42:03.161,0.5501,0.5499,2.0,0.5486,10.0,7610.0,620.0
2021-01-05 09:42:04.120,0.5501,0.5499,2.0,0.5486,10.0,7610.0,620.0
2021-01-05 09:42:04.500,0.5501,0.5498,10.0,0.5485,7.0,7610.0,620.0
2021-01-05 09:42:05.150,0.5501,0.5498,10.0,0.5485,5.0,7610.0,620.0
2021-01-05 09:42:06.181,0.5501,0.5499,2.0,0.5485,5.0,7610.0,620.0
2021-01-05 09:42:06.690,0.5499,0.5499,2.0,0.5486,2.0,7608.0,630.0
2021-01-05 09:42:07.230,0.5499,0.5499,2.0,0.5485,5.0,7608.0,630.0
2021-01-05 09:42:07.691,0.5499,0.5499,2.0,0.5485,5.0,7608.0,630.0
2021-01-05 09:42:08.220,0.5499,0.5499,2.0,0.5485,5.0,7608.0,630.0
2021-01-05 09:42:08.660,0.5499,0.5499,2.0,0.5485,5.0,7608.0,630.0
2021-01-05 09:42:09.570,0.5499,0.5501,20.0,0.5487,5.0,7608.0,630.0
2021-01-05 09:42:10.220,0.5499,0.5501,20.0,0.5487,5.0,7608.0,630.0
2021-01-05 09:42:10.681,0.5499,0.5501,20.0,0.5488,7.0,7608.0,630.0
2021-01-05 09:42:11.211,0.5501,0.5501,18.0,0.549,10.0,7608.0,632.0
2021-01-05 09:42:11.651,0.5501,0.5508,20.0,0.5493,10.0,7608.0,633.0
2021-01-05 09:42:12.210,0.5501,0.5514,10.0,0.5494,2.0,7608.0,633.0
2021-01-05 09:42:12.711,0.5501,0.5514,10.0,0.5494,22.0,7608.0,633.0
2021-01-05 09:42:13.191,0.5501,0.5511,10.0,0.5494,20.0,7608.0,633.0
2021-01-05 09:42:13.560,0.5501,0.5504,10.0,0.5488,22.0,7608.0,633.0
2021-01-05 09:42:14.150,0.5501,0.5499,8.0,0.5489,10.0,7608.0,633.0
2021-01-05 09:42:14.671,0.5501,0.5499,8.0,0.5489,10.0,7608.0,633.0
2021-01-05 09:42:15.151,0.5501,0.5499,8.0,0.5489,10.0,7608.0,633.0
2021-01-05 09:42:15.650,0.5501,0.5499,8.0,0.549,5.0,7608.0,633.0
2021-01-05 09:42:16.181,0.5501,0.5499,8.0,0.549,12.0,7608.0,633.0
2021-01-05 09:42:16.651,0.5501,0.5499,8.0,0.5491,12.0,7608.0,633.0
2021-01-05 09:42:17.241,0.5501,0.5499,8.0,0.5491,10.0,7608.0,633.0
2021-01-05 09:42:17.681,0.5501,0.5499,8.0,0.5491,10.0,7608.0,633.0
2021-01-05 09:42:18.100,0.5501,0.5499,8.0,0.5491,10.0,7608.0,633.0
2021-01-05 09:42:18.651,0.5501,0.5498,3.0,0.549,10.0,7608.0,633.0
2021-01-05 09:42:19.210,0.5501,0.5498,3.0,0.5485,10.0,7608.0,633.0
2021-01-05 09:42:19.721,0.5501,0.5497,5.0,0.5485,10.0,7608.0,633.0
2021-01-05 09:42:20.751,0.5501,0.5497,5.0,0.5486,5.0,7608.0,633.0
2021-01-05 09:42:20.751,0.5501,0.5499,8.0,0.5487,2.0,7608.0,633.0
2021-01-05 09:42:21.621,0.5501,0.5499,8.0,0.5487,5.0,7608.0,633.0
2021-01-05 09:42:22.221,0.5501,0.5499,8.0,0.549,10.0,7608.0,633.0
2021-01-05 09:42:22.570,0.5501,0.5499,8.0,0.5491,5.0,7608.0,633.0
2021-01-05 09:42:22.981,0.5501,0.5499,8.0,0.5491,5.0,7608.0,633.0
2021-01-05 09:42:23.631,0.5501,0.5499,8.0,0.5492,10.0,7608.0,633.0
2021-01-05 09:42:24.151,0.5501,0.5499,8.0,0.5492,10.0,7608.0,633.0
2021-01-05 09:42:24.670,0.5501,0.5499,8.0,0.5493,1.0,7608.0,633.0
2021-01-05 09:42:25.200,0.5501,0.5499,8.0,0.5493,1.0,7608.0,633.0
2021-01-05 09:42:25.471,0.5501,0.5499,8.0,0.5494,19.0,7608.0,633.0
2021-01-05 09:42:25.940,0.5501,0.5499,8.0,0.5495,5.0,7608.0,633.0
2021-01-05 09:42:26.701,0.5501,0.5499,8.0,0.5495,15.0,7608.0,633.0
2021-01-05 09:42:27.171,0.5501,0.5499,8.0,0.5495,15.0,7608.0,633.0
2021-01-05 09:42:27.651,0.5499,0.5499,7.0,0.5495,15.0,7607.0,634.0
2021-01-05 09:42:28.130,0.5499,0.5499,7.0,0.5495,10.0,7607.0,634.0
2021-01-05 09:42:28.641,0.5495,0.5499,7.0,0.5495,9.0,7607.0,635.0
2021-01-05 09:42:29.211,0.5495,0.5499,7.0,0.5495,9.0,7607.0,635.0
2021-01-05 09:42:30.110,0.5495,0.5499,7.0,0.5495,9.0,7607.0,635.0
2021-01-05 09:42:30.710,0.5509,0.5509,8.0,0.5493,1.0,7599.0,645.0
2021-01-05 09:42:31.200,0.5509,0.5512,20.0,0.5497,10.0,7599.0,645.0
2021-01-05 09:42:31.200,0.5509,0.5516,10.0,0.5498,2.0,7599.0,645.0
2021-01-05 09:42:32.721,0.5509,0.5516,10.0,0.5498,2.0,7599.0,645.0
2021-01-05 09:42:33.121,0.5509,0.5516,10.0,0.5497,10.0,7599.0,645.0
2021-01-05 09:42:33.720,0.5509,0.5516,10.0,0.5497,12.0,7599.0,645.0
2021-01-05 09:42:34.210,0.5509,0.5512,10.0,0.5497,10.0,7599.0,645.0
2021-01-05 09:42:35.151,0.5509,0.5512,10.0,0.5497,12.0,7599.0,645.0
2021-01-05 09:42:35.701,0.5509,0.5512,10.0,0.5497,12.0,7599.0,645.0
2021-01-05 09:42:36.650,0.5512,0.5517,20.0,0.5497,12.0,7599.0,655.0
2021-01-05 09:42:37.251,0.5512,0.5517,30.0,0.5497,12.0,7599.0,655.0
2021-01-05 09:42:38.200,0.5497,0.5517,30.0,0.5497,7.0,7599.0,660.0
2021-01-05 09:42:38.661,0.5497,0.5515,10.0,0.5497,5.0,7599.0,660.0
2021-01-05 09:42:40.221,0.5497,0.5515,10.0,0.5499,10.0,7599.0,660.0
2021-01-05 09:42:40.721,0.5497,0.5515,10.0,0.5499,10.0,7599.0,660.0
2021-01-05 09:42:41.161,0.5497,0.5515,10.0,0.55,7.0,7599.0,660.0
2021-01-05 09:42:41.731,0.5497,0.5521,10.0,0.5502,10.0,7599.0,660.0
2021-01-05 09:42:42.250,0.5497,0.5521,10.0,0.5504,10.0,7599.0,660.0
2021-01-05 09:42:42.711,0.5515,0.552,18.0,0.5503,5.0,7599.0,670.0
2021-01-05 09:42:43.251,0.5515,0.552,18.0,0.55,35.0,7599.0,670.0
2021-01-05 09:42:43.741,0.5515,0.551,10.0,0.5495,20.0,7599.0,670.0
2021-01-05 09:42:44.211,0.5515,0.551,10.0,0.5496,17.0,7599.0,670.0
2021-01-05 09:42:44.670,0.5515,0.5521,10.0,0.5503,10.0,7599.0,670.0
2021-01-05 09:42:45.191,0.5515,0.5511,10.0,0.5497,2.0,7599.0,670.0
2021-01-05 09:42:45.591,0.5515,0.5513,10.0,0.5501,20.0,7599.0,670.0
2021-01-05 09:42:46.240,0.5515,0.5518,10.0,0.5502,2.0,7599.0,670.0
2021-01-05 09:42:46.741,0.5515,0.5518,10.0,0.5502,10.0,7599.0,670.0
2021-01-05 09:42:47.160,0.5515,0.5518,10.0,0.5502,10.0,7599.0,670.0
2021-01-05 09:42:47.690,0.5515,0.5518,10.0,0.5502,30.0,7599.0,670.0
2021-01-05 09:42:48.630,0.5515,0.5517,3.0,0.5502,20.0,7599.0,680.0
2021-01-05 09:42:49.110,0.5515,0.5515,10.0,0.5501,2.0,7599.0,680.0
2021-01-05 09:42:49.750,0.5515,0.5517,3.0,0.5501,30.0,7599.0,680.0
2021-01-05 09:42:49.980,0.5515,0.5517,3.0,0.5501,10.0,7599.0,680.0
2021-01-05 09:42:50.720,0.5515,0.5518,10.0,0.5501,30.0,7599.0,680.0
2021-01-05 09:42:51.050,0.5515,0.5518,10.0,0.5501,32.0,7599.0,680.0
2021-01-05 09:42:51.761,0.5515,0.5518,10.0,0.5501,30.0,7599.0,680.0
2021-01-05 09:42:52.251,0.5515,0.5516,10.0,0.5501,30.0,7599.0,680.0
2021-01-05 09:42:52.601,0.5515,0.5516,10.0,0.5501,30.0,7599.0,680.0
2021-01-05 09:42:53.181,0.5515,0.5516,10.0,0.5502,2.0,7599.0,680.0
2021-01-05 09:42:54.001,0.5515,0.5521,10.0,0.5503,15.0,7599.0,680.0
2021-01-05 09:42:54.710,0.5521,0.5522,20.0,0.5503,15.0,7599.0,690.0
2021-01-05 09:42:54.960,0.5521,0.5517,10.0,0.5504,5.0,7599.0,690.0
2021-01-05 09:42:55.701,0.5521,0.5517,10.0,0.5505,2.0,7599.0,690.0
2021-01-05 09:42:56.191,0.5521,0.5522,20.0,0.5506,7.0,7599.0,690.0
2021-01-05 09:42:56.631,0.5521,0.5521,10.0,0.5507,2.0,7599.0,690.0
2021-01-05 09:42:57.140,0.5521,0.5521,10.0,0.5508,5.0,7599.0,690.0
2021-01-05 09:42:57.311,0.5521,0.5518,5.0,0.5508,7.0,7599.0,690.0
2021-01-05 09:42:58.220,0.5521,0.5522,20.0,0.5508,2.0,7599.0,690.0
2021-01-05 09:42:58.731,0.5521,0.5521,4.0,0.5507,10.0,7599.0,690.0
2021-01-05 09:42:59.230,0.5521,0.5516,10.0,0.5506,20.0,7599.0,690.0
2021-01-05 09:42:59.651,0.5521,0.552,20.0,0.5507,10.0,7599.0,690.0
2021-01-05 09:43:00.131,0.5521,0.5521,4.0,0.5507,10.0,7599.0,690.0
2021-01-05 09:43:00.200,0.5521,0.5523,10.0,0.5508,9.0,7599.0,690.0
2021-01-05 09:43:01.201,0.5521,0.552,10.0,0.5509,7.0,7599.0,690.0
2021-01-05 09:43:01.701,0.5521,0.552,10.0,0.5505,10.0,7599.0,690.0
2021-01-05 09:43:01.981,0.5521,0.5525,10.0,0.5506,10.0,7599.0,690.0
2021-01-05 09:43:02.681,0.5521,0.5528,20.0,0.5512,10.0,7599.0,690.0
2021-01-05 09:43:03.241,0.5521,0.5528,20.0,0.5512,10.0,7599.0,690.0
2021-01-05 09:43:03.701,0.5521,0.5528,20.0,0.5512,10.0,7599.0,690.0
2021-01-05 09:43:04.740,0.5521,0.5512,4.0,0.5507,7.0,7599.0,690.0
2021-01-05 09:43:05.251,0.5521,0.5512,4.0,0.5506,20.0,7599.0,690.0
2021-01-05 09:43:05.681,0.5521,0.5511,3.0,0.55,10.0,7599.0,690.0
2021-01-05 09:43:06.171,0.5521,0.5511,3.0,0.5497,2.0,7599.0,690.0
2021-01-05 09:43:06.680,0.5521,0.5511,3.0,0.5497,12.0,7599.0,690.0
2021-01-05 09:43:07.231,0.5521,0.5511,3.0,0.5498,10.0,7599.0,690.0
2021-01-05 09:43:07.710,0.5521,0.5512,4.0,0.5499,12.0,7599.0,690.0
2021-01-05 09:43:08.181,0.5521,0.5511,3.0,0.5498,10.0,7599.0,690.0
2021-01-05 09:43:08.701,0.5521,0.5511,3.0,0.5498,5.0,7599.0,690.0
2021-01-05 09:43:09.231,0.5521,0.5511,3.0,0.5498,5.0,7599.0,690.0
2021-01-05 09:43:09.740,0.5521,0.5511,3.0,0.5498,5.0,7599.0,690.0
2021-01-05 09:43:10.150,0.5521,0.5512,4.0,0.5505,10.0,7599.0,690.0
2021-01-05 09:43:10.720,0.5521,0.5512,4.0,0.5506,12.0,7599.0,690.0
2021-01-05 09:43:11.250,0.5521,0.5523,10.0,0.5507,4.0,7599.0,690.0
2021-01-05 09:43:11.750,0.5521,0.5523,10.0,0.5507,4.0,7599.0,690.0
2021-01-05 09:43:12.570,0.5521,0.5522,3.0,0.5506,10.0,7599.0,690.0
2021-01-05 09:43:13.210,0.5521,0.5517,10.0,0.5497,30.0,7599.0,690.0
2021-01-05 09:43:13.721,0.5521,0.5514,10.0,0.5497,10.0,7599.0,690.0
2021-01-05 09:43:14.270,0.5521,0.5511,10.0,0.5493,1.0,7599.0,690.0
2021-01-05 09:43:15.241,0.5521,0.551,1.0,0.5493,1.0,7599.0,690.0
2021-01-05 09:43:15.711,0.551,0.5513,20.0,0.5511,20.0,7599.0,701.0
2021-01-05 09:43:16.241,0.551,0.5511,11.0,0.5493,1.0,7599.0,731.0
2021-01-05 09:43:16.720,0.5511,0.5511,6.0,0.5497,10.0,7597.0,743.0
2021-01-05 09:43:16.981,0.5511,0.5511,2.0,0.5498,10.0,7597.0,743.0
