,last,ask1,asize1,bid1,bsize1,oi,volume
2021-01-05 09:25:00.080,,0.4616,1.0,0.46,4.0,2063.0,
2021-01-05 09:30:00.451,0.46,0.4513,4.0,0.4405,1.0,2063.0,4.0
2021-01-05 09:30:00.991,0.46,0.4519,20.0,0.4439,20.0,2063.0,4.0
2021-01-05 09:30:01.481,0.4519,0.4519,18.0,0.4318,1.0,2065.0,6.0
2021-01-05 09:30:01.990,0.4519,0.4513,20.0,0.4432,20.0,2065.0,6.0
2021-01-05 09:30:02.211,0.4519,0.4502,20.0,0.4423,20.0,2065.0,6.0
2021-01-05 09:30:03.010,0.4519,0.4513,20.0,0.4431,20.0,2065.0,6.0
2021-01-05 09:30:03.471,0.4519,0.4513,20.0,0.4431,20.0,2065.0,6.0
2021-01-05 09:30:03.980,0.4519,0.452,20.0,0.444,20.0,2065.0,6.0
2021-01-05 09:30:04.430,0.4519,0.4511,20.0,0.4431,20.0,2065.0,6.0
2021-01-05 09:30:05.010,0.4519,0.4495,20.0,0.4415,20.0,2065.0,6.0
2021-01-05 09:30:05.990,0.4519,0.4486,20.0,0.1835,3.0,2065.0,6.0
2021-01-05 09:30:06.480,0.4519,0.4495,20.0,0.2181,3.0,2065.0,6.0
2021-01-05 09:30:06.971,0.4519,0.4495,20.0,0.2182,65.0,2065.0,6.0
2021-01-05 09:30:07.471,0.4519,0.4495,20.0,0.2483,9.0,2065.0,6.0
2021-01-05 09:30:08.001,0.4519,0.4495,20.0,0.2484,65.0,2065.0,6.0
2021-01-05 09:30:08.520,0.4519,0.4495,20.0,0.3107,3.0,2065.0,6.0
2021-01-05 09:30:08.960,0.4519,0.446,20.0,0.438,20.0,2065.0,6.0
2021-01-05 09:30:09.490,0.4519,0.446,20.0,0.438,20.0,2065.0,6.0
2021-01-05 09:30:09.970,0.4519,0.4455,20.0,0.4375,20.0,2065.0,6.0
2021-01-05 09:30:11.000,0.4519,0.4449,20.0,0.4369,20.0,2065.0,6.0
2021-01-05 09:30:13.000,0.4519,0.4455,20.0,0.4379,20.0,2065.0,6.0
2021-01-05 09:30:13.501,0.4519,0.4464,20.0,0.4384,20.0,2065.0,6.0
2021-01-05 09:30:14.521,0.4519,0.4464,20.0,0.4379,20.0,2065.0,6.0
2021-01-05 09:30:15.040,0.4519,0.4464,20.0,0.4384,20.0,2065.0,6.0
2021-01-05 09:30:15.991,0.4519,0.4464,20.0,0.4384,20.0,2065.0,6.0
2021-01-05 09:30:17.021,0.4519,0.4472,20.0,0.4392,20.0,2065.0,6.0
2021-01-05 09:30:18.231,0.4519,0.4485,20.0,0.4405,20.0,2065.0,6.0
2021-01-05 09:30:19.741,0.4519,0.4492,20.0,0.4412,20.0,2065.0,6.0
2021-01-05 09:30:20.740,0.4519,0.4485,20.0,0.4405,20.0,2065.0,6.0
2021-01-05 09:30:21.241,0.4519,0.4485,20.0,0.4405,20.0,2065.0,6.0
2021-01-05 09:30:21.741,0.4519,0.4485,20.0,0.4405,20.0,2065.0,6.0
2021-01-05 09:30:22.240,0.4519,0.4476,20.0,0.4396,20.0,2065.0,6.0
2021-01-05 09:30:22.671,0.4519,0.4476,20.0,0.4396,20.0,2065.0,6.0
2021-01-05 09:30:23.170,0.4519,0.4476,20.0,0.4396,20.0,2065.0,6.0
2021-01-05 09:30:23.670,0.4519,0.447,20.0,0.439,20.0,2065.0,6.0
2021-01-05 09:30:24.661,0.4519,0.4461,20.0,0.4381,20.0,2065.0,6.0
2021-01-05 09:30:26.670,0.4519,0.4456,20.0,0.4376,20.0,2065.0,6.0
2021-01-05 09:30:27.170,0.4519,0.4456,20.0,0.4376,20.0,2065.0,6.0
2021-01-05 09:30:27.671,0.4519,0.4456,20.0,0.4376,20.0,2065.0,6.0
2021-01-05 09:30:28.161,0.4519,0.4461,20.0,0.4376,20.0,2065.0,6.0
2021-01-05 09:30:28.670,0.4519,0.4456,20.0,0.4376,20.0,2065.0,6.0
2021-01-05 09:30:30.171,0.4519,0.4461,20.0,0.4376,20.0,2065.0,6.0
2021-01-05 09:30:30.620,0.4519,0.4461,20.0,0.4384,20.0,2065.0,6.0
2021-01-05 09:30:31.661,0.4519,0.4461,20.0,0.4389,20.0,2065.0,6.0
2021-01-05 09:30:32.140,0.4519,0.4461,20.0,0.4389,20.0,2065.0,6.0
2021-01-05 09:30:32.620,0.4519,0.4461,20.0,0.4396,20.0,2065.0,6.0
2021-01-05 09:30:33.171,0.4519,0.4461,20.0,0.4396,20.0,2065.0,6.0
2021-01-05 09:30:33.651,0.4519,0.4461,20.0,0.4396,20.0,2065.0,6.0
2021-01-05 09:30:34.191,0.4519,0.4461,20.0,0.4396,20.0,2065.0,6.0
2021-01-05 09:30:36.170,0.4519,0.4396,10.0,0.4389,20.0,2065.0,6.0
2021-01-05 09:30:36.681,0.4396,0.444,20.0,0.4394,4.0,2063.0,16.0
2021-01-05 09:30:37.171,0.4396,0.4461,20.0,0.4394,20.0,2063.0,16.0
2021-01-05 09:30:37.670,0.4396,0.446,10.0,0.4394,20.0,2063.0,16.0
2021-01-05 09:30:38.141,0.4396,0.446,10.0,0.4389,20.0,2063.0,16.0
2021-01-05 09:30:43.180,0.4396,0.446,10.0,0.4395,20.0,2063.0,16.0
2021-01-05 09:30:43.681,0.4396,0.446,10.0,0.4395,20.0,2063.0,16.0
2021-01-05 09:30:45.161,0.4396,0.4461,20.0,0.4395,20.0,2063.0,16.0
2021-01-05 09:30:46.200,0.4396,0.4484,20.0,0.4404,20.0,2063.0,16.0
2021-01-05 09:30:46.701,0.4396,0.4483,10.0,0.4404,20.0,2063.0,16.0
2021-01-05 09:30:47.191,0.4396,0.4483,10.0,0.4404,20.0,2063.0,16.0
2021-01-05 09:30:47.691,0.4396,0.4483,10.0,0.4412,20.0,2063.0,16.0
2021-01-05 09:30:48.711,0.4396,0.4483,10.0,0.4412,20.0,2063.0,16.0
2021-01-05 09:30:49.700,0.4396,0.4483,10.0,0.4404,20.0,2063.0,16.0
2021-01-05 09:30:50.171,0.4412,0.4483,10.0,0.4412,12.0,2063.0,24.0
2021-01-05 09:30:50.720,0.4412,0.4483,10.0,0.4404,20.0,2063.0,24.0
2021-01-05 09:30:51.170,0.4412,0.4483,10.0,0.4404,20.0,2063.0,24.0
2021-01-05 09:30:51.721,0.4412,0.4483,10.0,0.4404,20.0,2063.0,24.0
2021-01-05 09:30:52.651,0.4412,0.4457,3.0,0.4412,20.0,2063.0,24.0
2021-01-05 09:30:53.120,0.4412,0.4462,20.0,0.4412,20.0,2063.0,24.0
2021-01-05 09:30:53.660,0.4412,0.4484,20.0,0.4412,20.0,2063.0,24.0
2021-01-05 09:30:54.130,0.4412,0.4483,10.0,0.4412,20.0,2063.0,24.0
2021-01-05 09:30:54.670,0.4412,0.4483,10.0,0.4412,20.0,2063.0,24.0
2021-01-05 09:30:55.081,0.4412,0.4483,10.0,0.4412,20.0,2063.0,24.0
2021-01-05 09:30:56.660,0.4412,0.4483,10.0,0.4412,20.0,2063.0,24.0
2021-01-05 09:30:58.660,0.4412,0.4483,10.0,0.4404,20.0,2063.0,24.0
2021-01-05 09:30:59.171,0.4412,0.4483,10.0,0.4404,20.0,2063.0,24.0
2021-01-05 09:30:59.640,0.4412,0.4483,10.0,0.4404,20.0,2063.0,24.0
2021-01-05 09:31:00.161,0.4412,0.4476,20.0,0.4397,30.0,2063.0,24.0
2021-01-05 09:31:00.681,0.4412,0.4484,20.0,0.4407,20.0,2063.0,24.0
2021-01-05 09:31:01.140,0.4412,0.4476,20.0,0.4397,20.0,2063.0,24.0
2021-01-05 09:31:01.680,0.4412,0.4476,20.0,0.4397,20.0,2063.0,24.0
2021-01-05 09:31:02.170,0.4412,0.446,20.0,0.438,20.0,2063.0,24.0
2021-01-05 09:31:02.681,0.4412,0.4471,20.0,0.4391,20.0,2063.0,24.0
2021-01-05 09:31:03.131,0.4412,0.447,10.0,0.4391,20.0,2063.0,24.0
2021-01-05 09:31:03.680,0.4412,0.4465,20.0,0.44,1.0,2063.0,24.0
2021-01-05 09:31:04.181,0.4412,0.4465,20.0,0.44,21.0,2063.0,24.0
2021-01-05 09:31:04.671,0.4412,0.4464,10.0,0.44,21.0,2063.0,24.0
2021-01-05 09:31:05.190,0.4412,0.4459,20.0,0.44,21.0,2063.0,24.0
2021-01-05 09:31:05.670,0.4412,0.4459,20.0,0.44,21.0,2063.0,24.0
2021-01-05 09:31:06.160,0.4412,0.4458,10.0,0.44,21.0,2063.0,24.0
2021-01-05 09:31:06.681,0.4412,0.4458,30.0,0.44,21.0,2063.0,24.0
2021-01-05 09:31:08.650,0.4412,0.4465,20.0,0.4406,20.0,2063.0,24.0
2021-01-05 09:31:09.101,0.4412,0.446,20.0,0.44,21.0,2063.0,24.0
2021-01-05 09:31:09.701,0.4412,0.4465,20.0,0.44,21.0,2063.0,24.0
2021-01-05 09:31:10.200,0.4412,0.4464,10.0,0.44,21.0,2063.0,24.0
2021-01-05 09:31:10.690,0.4412,0.4464,30.0,0.44,21.0,2063.0,24.0
2021-01-05 09:31:14.200,0.4412,0.4464,30.0,0.4412,1.0,2063.0,24.0
2021-01-05 09:31:14.690,0.4412,0.4464,30.0,0.4412,21.0,2063.0,24.0
2021-01-05 09:31:17.710,0.4412,0.4464,30.0,0.4412,21.0,2063.0,24.0
2021-01-05 09:31:19.150,0.4412,0.4464,30.0,0.4412,21.0,2063.0,24.0
2021-01-05 09:31:20.171,0.4412,0.4471,20.0,0.4412,21.0,2063.0,24.0
2021-01-05 09:31:20.701,0.4412,0.447,10.0,0.4412,21.0,2063.0,24.0
2021-01-05 09:31:21.671,0.4412,0.447,30.0,0.4412,21.0,2063.0,24.0
2021-01-05 09:31:22.620,0.4412,0.447,30.0,0.4412,21.0,2063.0,24.0
2021-01-05 09:31:23.171,0.4412,0.445,10.0,0.4412,21.0,2063.0,24.0
2021-01-05 09:31:23.640,0.4412,0.445,10.0,0.4412,21.0,2063.0,24.0
2021-01-05 09:31:24.660,0.4412,0.445,10.0,0.4412,21.0,2063.0,24.0
2021-01-05 09:31:25.150,0.4412,0.445,10.0,0.4412,21.0,2063.0,24.0
2021-01-05 09:31:25.640,0.4412,0.4459,20.0,0.4412,21.0,2063.0,24.0
2021-01-05 09:31:26.141,0.4412,0.4458,20.0,0.4412,21.0,2063.0,24.0
2021-01-05 09:31:26.531,0.4412,0.4458,20.0,0.4412,22.0,2063.0,24.0
2021-01-05 09:31:27.171,0.4412,0.4458,10.0,0.4412,22.0,2063.0,24.0
2021-01-05 09:31:27.601,0.4412,0.4458,10.0,0.4412,22.0,2063.0,24.0
2021-01-05 09:31:28.610,0.4412,0.4458,20.0,0.4412,22.0,2063.0,24.0
2021-01-05 09:31:29.171,0.4412,0.4458,10.0,0.4412,22.0,2063.0,24.0
2021-01-05 09:31:30.170,0.4412,0.4458,10.0,0.4412,22.0,2063.0,24.0
2021-01-05 09:31:30.671,0.4412,0.4458,10.0,0.4412,22.0,2063.0,24.0
2021-01-05 09:31:31.150,0.4412,0.4458,10.0,0.4412,22.0,2063.0,24.0
2021-01-05 09:31:31.661,0.4412,0.4458,10.0,0.4412,22.0,2063.0,24.0
2021-01-05 09:31:32.191,0.4412,0.4458,10.0,0.4412,22.0,2063.0,24.0
2021-01-05 09:31:32.671,0.4412,0.4458,10.0,0.4412,22.0,2063.0,24.0
2021-01-05 09:31:33.190,0.4412,0.4458,10.0,0.4412,22.0,2063.0,24.0
2021-01-05 09:31:34.181,0.4412,0.4458,10.0,0.4412,22.0,2063.0,24.0
2021-01-05 09:31:34.681,0.4412,0.4458,10.0,0.4412,22.0,2063.0,24.0
2021-01-05 09:31:35.190,0.4412,0.4458,10.0,0.4412,22.0,2063.0,24.0
2021-01-05 09:31:35.670,0.4412,0.4458,10.0,0.4412,22.0,2063.0,24.0
2021-01-05 09:31:36.181,0.4412,0.4458,20.0,0.4413,2.0,2063.0,24.0
2021-01-05 09:31:36.690,0.4412,0.4454,10.0,0.4413,2.0,2063.0,24.0
2021-01-05 09:31:37.191,0.4412,0.4454,20.0,0.4413,2.0,2063.0,24.0
2021-01-05 09:31:37.620,0.4412,0.4459,20.0,0.4413,2.0,2063.0,24.0
2021-01-05 09:31:38.190,0.4412,0.4459,20.0,0.4413,2.0,2063.0,24.0
2021-01-05 09:31:39.210,0.4412,0.4459,20.0,0.4413,2.0,2063.0,24.0
2021-01-05 09:31:39.710,0.4412,0.4459,20.0,0.4413,2.0,2063.0,24.0
2021-01-05 09:31:40.200,0.4412,0.4459,20.0,0.4413,2.0,2063.0,24.0
2021-01-05 09:31:40.711,0.4412,0.4459,20.0,0.4422,10.0,2063.0,24.0
2021-01-05 09:31:41.191,0.4412,0.4471,20.0,0.4423,2.0,2063.0,24.0
2021-01-05 09:31:41.691,0.4412,0.4476,20.0,0.4423,2.0,2063.0,24.0
2021-01-05 09:31:42.211,0.4412,0.4475,10.0,0.4423,2.0,2063.0,24.0
2021-01-05 09:31:43.191,0.4412,0.4473,10.0,0.4423,2.0,2063.0,24.0
2021-01-05 09:31:43.621,0.4412,0.4466,10.0,0.4428,10.0,2063.0,24.0
2021-01-05 09:31:44.190,0.4412,0.4465,10.0,0.4429,2.0,2063.0,24.0
2021-01-05 09:31:44.691,0.4412,0.4456,10.0,0.4429,2.0,2063.0,24.0
2021-01-05 09:31:45.170,0.4412,0.4459,20.0,0.4429,2.0,2063.0,24.0
2021-01-05 09:31:45.700,0.4412,0.4466,20.0,0.4429,2.0,2063.0,24.0
2021-01-05 09:31:46.171,0.4412,0.4465,10.0,0.4429,2.0,2063.0,24.0
2021-01-05 09:31:46.701,0.4412,0.4468,10.0,0.4429,2.0,2063.0,24.0
2021-01-05 09:31:47.191,0.4412,0.4468,10.0,0.4429,2.0,2063.0,24.0
2021-01-05 09:31:47.690,0.4412,0.4468,10.0,0.4429,2.0,2063.0,24.0
2021-01-05 09:31:48.211,0.4412,0.4468,20.0,0.4429,2.0,2063.0,24.0
2021-01-05 09:31:48.691,0.4412,0.4468,10.0,0.4429,2.0,2063.0,24.0
2021-01-05 09:31:49.711,0.4412,0.4473,20.0,0.4429,2.0,2063.0,24.0
2021-01-05 09:31:50.191,0.4412,0.448,30.0,0.4429,2.0,2063.0,24.0
2021-01-05 09:31:50.710,0.4412,0.4479,10.0,0.4443,10.0,2063.0,24.0
2021-01-05 09:31:51.210,0.4412,0.4479,10.0,0.4444,2.0,2063.0,24.0
2021-01-05 09:31:51.210,0.4412,0.448,20.0,0.4444,2.0,2063.0,24.0
2021-01-05 09:31:52.220,0.4412,0.448,20.0,0.4448,10.0,2063.0,24.0
2021-01-05 09:31:52.621,0.4412,0.448,20.0,0.4448,30.0,2063.0,24.0
2021-01-05 09:31:53.171,0.4412,0.4482,10.0,0.4448,30.0,2063.0,24.0
2021-01-05 09:31:53.630,0.4412,0.4486,20.0,0.4448,30.0,2063.0,24.0
2021-01-05 09:31:54.151,0.4412,0.4486,20.0,0.4458,10.0,2063.0,24.0
2021-01-05 09:31:54.520,0.4412,0.4498,10.0,0.4458,30.0,2063.0,24.0
2021-01-05 09:31:55.150,0.4412,0.4497,10.0,0.4459,2.0,2063.0,24.0
2021-01-05 09:31:55.670,0.4412,0.4497,10.0,0.4459,2.0,2063.0,24.0
2021-01-05 09:31:57.171,0.4412,0.4497,10.0,0.4459,2.0,2063.0,24.0
2021-01-05 09:31:57.651,0.4412,0.4499,20.0,0.4459,2.0,2063.0,24.0
2021-01-05 09:31:58.171,0.4412,0.4498,10.0,0.4459,2.0,2063.0,24.0
2021-01-05 09:31:59.180,0.4412,0.4498,10.0,0.4459,2.0,2063.0,24.0
2021-01-05 09:31:59.660,0.4412,0.4498,10.0,0.4459,2.0,2063.0,24.0
2021-01-05 09:32:00.150,0.4412,0.4498,10.0,0.4459,2.0,2063.0,24.0
2021-01-05 09:32:00.650,0.4412,0.4498,10.0,0.4459,2.0,2063.0,24.0
2021-01-05 09:32:01.170,0.4412,0.4498,10.0,0.4459,2.0,2063.0,24.0
2021-01-05 09:32:01.670,0.4412,0.4498,10.0,0.4459,2.0,2063.0,24.0
2021-01-05 09:32:02.171,0.4412,0.4498,10.0,0.4459,2.0,2063.0,24.0
2021-01-05 09:32:02.671,0.4412,0.4493,10.0,0.4459,2.0,2063.0,24.0
2021-01-05 09:32:03.180,0.4412,0.4493,30.0,0.4458,20.0,2063.0,24.0
2021-01-05 09:32:03.641,0.4412,0.4492,10.0,0.4456,2.0,2063.0,24.0
2021-01-05 09:32:04.150,0.4412,0.4491,10.0,0.4456,2.0,2063.0,24.0
2021-01-05 09:32:04.630,0.4412,0.4493,20.0,0.4456,22.0,2063.0,24.0
2021-01-05 09:32:05.130,0.4412,0.4492,10.0,0.4456,22.0,2063.0,24.0
2021-01-05 09:32:05.660,0.4412,0.4492,30.0,0.4456,22.0,2063.0,24.0
2021-01-05 09:32:06.161,0.4412,0.4492,30.0,0.4456,22.0,2063.0,24.0
2021-01-05 09:32:06.680,0.4412,0.4492,30.0,0.4456,22.0,2063.0,24.0
2021-01-05 09:32:07.070,0.4412,0.4492,30.0,0.4456,2.0,2063.0,24.0
2021-01-05 09:32:08.171,0.4412,0.4492,30.0,0.4456,2.0,2063.0,24.0
2021-01-05 09:32:08.670,0.4412,0.4492,30.0,0.4456,2.0,2063.0,24.0
2021-01-05 09:32:09.141,0.4412,0.4492,20.0,0.4456,2.0,2063.0,24.0
2021-01-05 09:32:09.681,0.4412,0.4492,20.0,0.4459,2.0,2063.0,24.0
2021-01-05 09:32:10.140,0.4412,0.4499,20.0,0.446,2.0,2063.0,24.0
2021-01-05 09:32:10.630,0.4412,0.4498,10.0,0.4461,2.0,2063.0,24.0
2021-01-05 09:32:11.170,0.4412,0.4498,10.0,0.4461,22.0,2063.0,24.0
2021-01-05 09:32:11.650,0.4412,0.4498,10.0,0.4461,20.0,2063.0,24.0
2021-01-05 09:32:12.161,0.4412,0.4498,10.0,0.4455,20.0,2063.0,24.0
2021-01-05 09:32:12.670,0.4412,0.4498,20.0,0.4453,2.0,2063.0,24.0
2021-01-05 09:32:13.171,0.4412,0.4498,10.0,0.4453,2.0,2063.0,24.0
2021-01-05 09:32:13.671,0.4412,0.4498,10.0,0.445,22.0,2063.0,24.0
2021-01-05 09:32:14.660,0.4412,0.4498,10.0,0.445,22.0,2063.0,24.0
2021-01-05 09:32:15.171,0.4412,0.4498,10.0,0.445,22.0,2063.0,24.0
2021-01-05 09:32:15.671,0.4412,0.4498,10.0,0.445,22.0,2063.0,24.0
2021-01-05 09:32:17.161,0.4412,0.4498,10.0,0.445,22.0,2063.0,24.0
2021-01-05 09:32:17.651,0.4412,0.4498,10.0,0.445,22.0,2063.0,24.0
2021-01-05 09:32:18.670,0.4412,0.4498,10.0,0.445,22.0,2063.0,24.0
2021-01-05 09:32:19.670,0.4412,0.4498,10.0,0.4464,10.0,2063.0,24.0
2021-01-05 09:32:20.151,0.4412,0.4498,10.0,0.4464,32.0,2063.0,24.0
2021-01-05 09:32:20.600,0.4412,0.4498,10.0,0.4464,32.0,2063.0,24.0
2021-01-05 09:32:21.171,0.4412,0.4498,20.0,0.4464,20.0,2063.0,24.0
2021-01-05 09:32:21.680,0.4412,0.4497,10.0,0.445,22.0,2063.0,24.0
2021-01-05 09:32:22.181,0.4412,0.4499,20.0,0.445,22.0,2063.0,24.0
2021-01-05 09:32:22.650,0.4412,0.4498,10.0,0.445,22.0,2063.0,24.0
2021-01-05 09:32:23.180,0.4412,0.4485,10.0,0.445,22.0,2063.0,24.0
2021-01-05 09:32:23.670,0.4412,0.4485,30.0,0.4451,2.0,2063.0,24.0
2021-01-05 09:32:24.160,0.4412,0.4485,30.0,0.4451,2.0,2063.0,24.0
2021-01-05 09:32:25.170,0.4412,0.4485,30.0,0.4451,2.0,2063.0,24.0
2021-01-05 09:32:25.670,0.4412,0.4485,30.0,0.4451,2.0,2063.0,24.0
2021-01-05 09:32:26.171,0.4412,0.4485,20.0,0.4451,2.0,2063.0,24.0
2021-01-05 09:32:26.650,0.4412,0.4499,20.0,0.4451,2.0,2063.0,24.0
2021-01-05 09:32:27.151,0.4412,0.4498,10.0,0.4451,2.0,2063.0,24.0
2021-01-05 09:32:28.171,0.4412,0.4498,10.0,0.4451,2.0,2063.0,24.0
2021-01-05 09:32:28.630,0.4412,0.4499,20.0,0.4451,2.0,2063.0,24.0
2021-01-05 09:32:29.650,0.4412,0.4499,20.0,0.4451,2.0,2063.0,24.0
2021-01-05 09:32:31.691,0.4412,0.4499,20.0,0.4451,2.0,2063.0,24.0
2021-01-05 09:32:32.121,0.4412,0.4499,20.0,0.4451,2.0,2063.0,24.0
2021-01-05 09:32:32.690,0.4412,0.4499,30.0,0.4451,2.0,2063.0,24.0
2021-01-05 09:32:32.941,0.4412,0.4499,20.0,0.4451,2.0,2063.0,24.0
2021-01-05 09:32:33.671,0.4412,0.4499,20.0,0.4451,2.0,2063.0,24.0
2021-01-05 09:32:34.171,0.4412,0.4499,20.0,0.4452,2.0,2063.0,24.0
2021-01-05 09:32:34.691,0.4412,0.4499,20.0,0.4452,2.0,2063.0,24.0
2021-01-05 09:32:35.170,0.4412,0.4498,10.0,0.4452,2.0,2063.0,24.0
2021-01-05 09:32:35.671,0.4412,0.4498,10.0,0.4452,2.0,2063.0,24.0
2021-01-05 09:32:36.190,0.4412,0.4499,20.0,0.4452,2.0,2063.0,24.0
2021-01-05 09:32:38.670,0.4412,0.4499,20.0,0.4452,2.0,2063.0,24.0
2021-01-05 09:32:39.200,0.4412,0.4499,20.0,0.4452,2.0,2063.0,24.0
2021-01-05 09:32:39.630,0.4412,0.4499,20.0,0.4452,2.0,2063.0,24.0
2021-01-05 09:32:40.151,0.4412,0.4499,30.0,0.4452,2.0,2063.0,24.0
2021-01-05 09:32:41.200,0.4412,0.4499,20.0,0.4452,2.0,2063.0,24.0
2021-01-05 09:32:41.690,0.4412,0.4499,20.0,0.446,10.0,2063.0,24.0
2021-01-05 09:32:42.161,0.4412,0.4499,20.0,0.4461,2.0,2063.0,24.0
2021-01-05 09:32:42.700,0.4412,0.4509,20.0,0.4461,22.0,2063.0,24.0
2021-01-05 09:32:43.121,0.4412,0.4508,10.0,0.4461,22.0,2063.0,24.0
2021-01-05 09:32:43.321,0.4412,0.4508,10.0,0.4461,22.0,2063.0,24.0
2021-01-05 09:32:44.700,0.4412,0.4508,20.0,0.4461,22.0,2063.0,24.0
2021-01-05 09:32:44.990,0.4412,0.4508,20.0,0.4461,22.0,2063.0,24.0
2021-01-05 09:32:45.580,0.4412,0.4508,10.0,0.4461,22.0,2063.0,24.0
2021-01-05 09:32:46.160,0.4412,0.4508,10.0,0.4461,22.0,2063.0,24.0
2021-01-05 09:32:46.610,0.4412,0.4508,10.0,0.4461,22.0,2063.0,24.0
2021-01-05 09:32:47.701,0.4412,0.4508,10.0,0.4461,22.0,2063.0,24.0
2021-01-05 09:32:48.181,0.4412,0.4508,10.0,0.4461,22.0,2063.0,24.0
2021-01-05 09:32:48.690,0.4412,0.4508,10.0,0.4461,22.0,2063.0,24.0
2021-01-05 09:32:49.190,0.4412,0.4509,20.0,0.4461,22.0,2063.0,24.0
2021-01-05 09:32:49.670,0.4412,0.4524,20.0,0.447,10.0,2063.0,24.0
2021-01-05 09:32:50.171,0.4412,0.4537,20.0,0.448,20.0,2063.0,24.0
2021-01-05 09:32:50.650,0.4412,0.4526,10.0,0.448,20.0,2063.0,24.0
2021-01-05 09:32:51.170,0.4412,0.4537,30.0,0.448,20.0,2063.0,24.0
2021-01-05 09:32:51.641,0.4412,0.4536,10.0,0.4485,20.0,2063.0,24.0
2021-01-05 09:32:52.191,0.4412,0.4536,10.0,0.4486,2.0,2063.0,24.0
2021-01-05 09:32:52.671,0.4412,0.4536,30.0,0.4486,2.0,2063.0,24.0
2021-01-05 09:32:53.161,0.4412,0.4534,10.0,0.4486,2.0,2063.0,24.0
2021-01-05 09:32:53.641,0.4412,0.4532,10.0,0.4486,2.0,2063.0,24.0
2021-01-05 09:32:54.181,0.4412,0.4527,10.0,0.4485,20.0,2063.0,24.0
2021-01-05 09:32:55.161,0.4412,0.4524,10.0,0.4475,2.0,2063.0,24.0
2021-01-05 09:32:55.650,0.4412,0.4524,10.0,0.4475,2.0,2063.0,24.0
2021-01-05 09:32:56.150,0.4412,0.4524,10.0,0.4475,2.0,2063.0,24.0
2021-01-05 09:32:56.611,0.4412,0.4527,20.0,0.4485,10.0,2063.0,24.0
2021-01-05 09:32:57.151,0.4412,0.4532,10.0,0.4485,30.0,2063.0,24.0
2021-01-05 09:32:57.600,0.4412,0.4531,10.0,0.4485,30.0,2063.0,24.0
2021-01-05 09:32:58.171,0.4412,0.4531,30.0,0.4485,30.0,2063.0,24.0
2021-01-05 09:32:58.651,0.4412,0.4531,30.0,0.4485,30.0,2063.0,24.0
2021-01-05 09:32:59.170,0.4412,0.4531,30.0,0.4485,30.0,2063.0,24.0
2021-01-05 09:32:59.621,0.4412,0.4531,30.0,0.4485,30.0,2063.0,24.0
2021-01-05 09:33:00.180,0.4412,0.4531,30.0,0.4486,2.0,2063.0,24.0
2021-01-05 09:33:00.651,0.4412,0.4531,30.0,0.4486,2.0,2063.0,24.0
2021-01-05 09:33:01.141,0.4412,0.4531,30.0,0.4486,2.0,2063.0,24.0
2021-01-05 09:33:01.661,0.4412,0.4523,10.0,0.4485,20.0,2063.0,24.0
2021-01-05 09:33:02.130,0.4412,0.4523,30.0,0.4485,2.0,2063.0,24.0
2021-01-05 09:33:02.570,0.4412,0.4522,10.0,0.4482,20.0,2063.0,24.0
2021-01-05 09:33:03.171,0.4412,0.4513,10.0,0.4474,20.0,2063.0,24.0
2021-01-05 09:33:03.681,0.4412,0.4522,10.0,0.4474,20.0,2063.0,24.0
2021-01-05 09:33:03.871,0.4412,0.4513,20.0,0.4471,2.0,2063.0,24.0
2021-01-05 09:33:04.651,0.4412,0.4513,20.0,0.4468,22.0,2063.0,24.0
2021-01-05 09:33:05.181,0.4412,0.4512,20.0,0.4466,2.0,2063.0,24.0
2021-01-05 09:33:05.580,0.4412,0.4511,10.0,0.4463,22.0,2063.0,24.0
2021-01-05 09:33:06.170,0.4412,0.4504,10.0,0.4455,20.0,2063.0,24.0
2021-01-05 09:33:06.681,0.4412,0.4503,10.0,0.4461,2.0,2063.0,24.0
2021-01-05 09:33:07.171,0.4412,0.4501,10.0,0.4455,20.0,2063.0,24.0
2021-01-05 09:33:07.601,0.4412,0.4504,10.0,0.4461,2.0,2063.0,24.0
2021-01-05 09:33:07.961,0.4412,0.4503,10.0,0.4461,22.0,2063.0,24.0
2021-01-05 09:33:08.681,0.4412,0.4502,10.0,0.4461,22.0,2063.0,24.0
2021-01-05 09:33:09.181,0.4412,0.4502,10.0,0.4461,22.0,2063.0,24.0
2021-01-05 09:33:09.651,0.4412,0.4502,10.0,0.4461,22.0,2063.0,24.0
2021-01-05 09:33:10.180,0.4412,0.4501,10.0,0.4461,22.0,2063.0,24.0
2021-01-05 09:33:10.681,0.4412,0.4489,10.0,0.4461,22.0,2063.0,24.0
2021-01-05 09:33:11.180,0.4412,0.4489,30.0,0.4461,22.0,2063.0,24.0
2021-01-05 09:33:11.670,0.4412,0.4489,30.0,0.4459,2.0,2063.0,24.0
2021-01-05 09:33:12.181,0.4412,0.4489,30.0,0.446,20.0,2063.0,24.0
2021-01-05 09:33:12.650,0.4412,0.4489,20.0,0.446,20.0,2063.0,24.0
2021-01-05 09:33:13.100,0.4412,0.4489,20.0,0.446,20.0,2063.0,24.0
2021-01-05 09:33:13.691,0.4412,0.4498,30.0,0.446,20.0,2063.0,24.0
2021-01-05 09:33:14.160,0.4412,0.4489,20.0,0.446,20.0,2063.0,24.0
2021-01-05 09:33:14.600,0.4412,0.4498,30.0,0.4461,2.0,2063.0,24.0
2021-01-05 09:33:15.140,0.4412,0.4489,20.0,0.4461,2.0,2063.0,24.0
2021-01-05 09:33:15.651,0.4412,0.4498,30.0,0.4459,2.0,2063.0,24.0
2021-01-05 09:33:16.181,0.4412,0.4488,10.0,0.4459,2.0,2063.0,24.0
2021-01-05 09:33:16.671,0.4412,0.4488,10.0,0.4452,2.0,2063.0,24.0
2021-01-05 09:33:17.190,0.4412,0.448,10.0,0.4452,2.0,2063.0,24.0
2021-01-05 09:33:17.691,0.4412,0.448,10.0,0.4452,2.0,2063.0,24.0
2021-01-05 09:33:18.160,0.4412,0.448,10.0,0.445,2.0,2063.0,24.0
2021-01-05 09:33:18.680,0.4412,0.448,10.0,0.445,2.0,2063.0,24.0
2021-01-05 09:33:19.191,0.4412,0.448,30.0,0.445,2.0,2063.0,24.0
2021-01-05 09:33:19.660,0.4412,0.448,10.0,0.4447,2.0,2063.0,24.0
2021-01-05 09:33:20.171,0.4412,0.4479,10.0,0.4447,2.0,2063.0,24.0
2021-01-05 09:33:20.680,0.4412,0.4479,10.0,0.4447,2.0,2063.0,24.0
2021-01-05 09:33:21.160,0.4412,0.4479,30.0,0.4445,22.0,2063.0,24.0
2021-01-05 09:33:21.681,0.4412,0.4479,30.0,0.4445,22.0,2063.0,24.0
2021-01-05 09:33:22.150,0.4412,0.4479,30.0,0.4445,22.0,2063.0,24.0
2021-01-05 09:33:22.670,0.4412,0.4479,40.0,0.4442,2.0,2063.0,24.0
2021-01-05 09:33:23.151,0.4412,0.4479,40.0,0.4442,2.0,2063.0,24.0
2021-01-05 09:33:23.660,0.4412,0.4479,40.0,0.4442,2.0,2063.0,24.0
2021-01-05 09:33:24.171,0.4412,0.4479,40.0,0.4442,2.0,2063.0,24.0
2021-01-05 09:33:24.661,0.4412,0.4479,40.0,0.4442,2.0,2063.0,24.0
2021-01-05 09:33:25.671,0.4412,0.4479,30.0,0.4442,2.0,2063.0,24.0
2021-01-05 09:33:26.161,0.4412,0.4479,20.0,0.4444,10.0,2063.0,24.0
2021-01-05 09:33:26.651,0.4412,0.4478,10.0,0.4445,2.0,2063.0,24.0
2021-01-05 09:33:27.171,0.4412,0.4477,10.0,0.4441,10.0,2063.0,24.0
2021-01-05 09:33:27.571,0.4412,0.4477,20.0,0.4448,10.0,2063.0,24.0
2021-01-05 09:33:28.180,0.4412,0.4476,10.0,0.4448,30.0,2063.0,24.0
2021-01-05 09:33:28.630,0.4412,0.4476,10.0,0.4448,30.0,2063.0,24.0
2021-01-05 09:33:29.171,0.4412,0.4476,10.0,0.4442,2.0,2063.0,24.0
2021-01-05 09:33:30.180,0.4412,0.4476,10.0,0.4442,2.0,2063.0,24.0
2021-01-05 09:33:30.670,0.4412,0.4476,10.0,0.4446,20.0,2063.0,24.0
2021-01-05 09:33:31.131,0.4412,0.4476,10.0,0.4447,2.0,2063.0,24.0
2021-01-05 09:33:31.680,0.4412,0.4476,10.0,0.4447,2.0,2063.0,24.0
2021-01-05 09:33:32.170,0.4412,0.4476,10.0,0.4447,2.0,2063.0,24.0
2021-01-05 09:33:36.681,0.4412,0.4476,10.0,0.4442,2.0,2063.0,24.0
2021-01-05 09:33:37.190,0.4412,0.4476,10.0,0.4441,10.0,2063.0,24.0
2021-01-05 09:33:37.640,0.4412,0.4471,10.0,0.4441,10.0,2063.0,24.0
2021-01-05 09:33:38.120,0.4412,0.4471,10.0,0.4441,10.0,2063.0,24.0
2021-01-05 09:33:38.621,0.4412,0.447,10.0,0.4441,10.0,2063.0,24.0
2021-01-05 09:33:39.201,0.4412,0.447,10.0,0.4441,10.0,2063.0,24.0
2021-01-05 09:33:39.641,0.4412,0.447,20.0,0.4441,10.0,2063.0,24.0
2021-01-05 09:33:40.160,0.4412,0.447,20.0,0.4441,10.0,2063.0,24.0
2021-01-05 09:33:40.690,0.4412,0.4482,10.0,0.4441,10.0,2063.0,24.0
2021-01-05 09:33:41.161,0.4412,0.4481,10.0,0.4441,10.0,2063.0,24.0
2021-01-05 09:33:41.691,0.4412,0.4481,10.0,0.4442,2.0,2063.0,24.0
2021-01-05 09:33:42.160,0.4412,0.4481,30.0,0.4442,2.0,2063.0,24.0
2021-01-05 09:33:42.640,0.4412,0.4481,10.0,0.4442,2.0,2063.0,24.0
2021-01-05 09:33:43.180,0.4412,0.4486,20.0,0.4449,10.0,2063.0,24.0
2021-01-05 09:33:43.681,0.4412,0.4486,30.0,0.4449,10.0,2063.0,24.0
2021-01-05 09:33:44.110,0.4412,0.4486,20.0,0.4449,30.0,2063.0,24.0
2021-01-05 09:33:44.671,0.4412,0.4485,10.0,0.4449,30.0,2063.0,24.0
2021-01-05 09:33:45.180,0.4412,0.4485,10.0,0.4449,30.0,2063.0,24.0
2021-01-05 09:33:45.660,0.4412,0.4485,30.0,0.4449,30.0,2063.0,24.0
2021-01-05 09:33:46.161,0.4412,0.4485,30.0,0.4449,30.0,2063.0,24.0
2021-01-05 09:33:46.680,0.4412,0.4485,20.0,0.4452,10.0,2063.0,24.0
2021-01-05 09:33:47.191,0.4412,0.4493,20.0,0.4452,10.0,2063.0,24.0
2021-01-05 09:33:47.681,0.4412,0.4492,10.0,0.4458,10.0,2063.0,24.0
2021-01-05 09:33:48.171,0.4412,0.4493,20.0,0.4458,30.0,2063.0,24.0
2021-01-05 09:33:48.211,0.4412,0.4504,30.0,0.4458,30.0,2063.0,24.0
2021-01-05 09:33:49.120,0.4412,0.4504,30.0,0.4458,30.0,2063.0,24.0
2021-01-05 09:33:49.681,0.4412,0.4504,30.0,0.4459,2.0,2063.0,24.0
2021-01-05 09:33:50.180,0.4412,0.4504,30.0,0.4467,10.0,2063.0,24.0
2021-01-05 09:33:50.670,0.4412,0.4504,30.0,0.4467,10.0,2063.0,24.0
2021-01-05 09:33:51.141,0.4412,0.4504,30.0,0.4467,10.0,2063.0,24.0
2021-01-05 09:33:51.581,0.4412,0.4504,30.0,0.4467,30.0,2063.0,24.0
2021-01-05 09:33:52.190,0.4412,0.4504,30.0,0.4467,30.0,2063.0,24.0
2021-01-05 09:33:52.661,0.4412,0.4504,30.0,0.4468,2.0,2063.0,24.0
2021-01-05 09:33:53.650,0.4412,0.4504,30.0,0.4467,30.0,2063.0,24.0
2021-01-05 09:33:54.180,0.4412,0.4504,30.0,0.4467,32.0,2063.0,24.0
2021-01-05 09:33:54.610,0.4412,0.4504,30.0,0.4467,32.0,2063.0,24.0
2021-01-05 09:33:55.650,0.4412,0.4504,30.0,0.4467,32.0,2063.0,24.0
2021-01-05 09:33:56.120,0.4412,0.4504,30.0,0.4467,32.0,2063.0,24.0
2021-01-05 09:33:57.171,0.4412,0.4504,30.0,0.4467,22.0,2063.0,24.0
2021-01-05 09:33:57.671,0.4412,0.4504,30.0,0.4467,22.0,2063.0,24.0
2021-01-05 09:33:58.170,0.4412,0.4504,20.0,0.4467,32.0,2063.0,24.0
2021-01-05 09:33:58.670,0.4412,0.4503,10.0,0.4467,32.0,2063.0,24.0
2021-01-05 09:33:59.140,0.4412,0.4513,30.0,0.4472,10.0,2063.0,24.0
2021-01-05 09:33:59.690,0.4412,0.4513,20.0,0.4477,10.0,2063.0,24.0
2021-01-05 09:34:00.191,0.4412,0.4523,30.0,0.4477,30.0,2063.0,24.0
2021-01-05 09:34:00.671,0.4412,0.4523,30.0,0.4478,2.0,2063.0,24.0
2021-01-05 09:34:01.661,0.4412,0.4523,30.0,0.4478,2.0,2063.0,24.0
2021-01-05 09:34:02.170,0.4412,0.4523,30.0,0.4478,2.0,2063.0,24.0
2021-01-05 09:34:02.671,0.4412,0.4523,30.0,0.4478,2.0,2063.0,24.0
2021-01-05 09:34:03.171,0.4412,0.4523,30.0,0.4478,2.0,2063.0,24.0
2021-01-05 09:34:03.670,0.4412,0.4523,30.0,0.4478,2.0,2063.0,24.0
2021-01-05 09:34:04.120,0.4412,0.4523,30.0,0.4478,2.0,2063.0,24.0
2021-01-05 09:34:05.121,0.4412,0.4523,30.0,0.4478,2.0,2063.0,24.0
2021-01-05 09:34:06.671,0.4412,0.4523,20.0,0.4491,10.0,2063.0,24.0
2021-01-05 09:34:07.130,0.4412,0.4522,10.0,0.4492,2.0,2063.0,24.0
2021-01-05 09:34:07.311,0.4412,0.4522,20.0,0.4492,2.0,2063.0,24.0
2021-01-05 09:34:08.171,0.4412,0.453,20.0,0.45,10.0,2063.0,24.0
2021-01-05 09:34:08.690,0.4412,0.4538,30.0,0.45,30.0,2063.0,24.0
2021-01-05 09:34:09.170,0.4412,0.4537,10.0,0.45,30.0,2063.0,24.0
2021-01-05 09:34:09.670,0.4412,0.4537,10.0,0.45,30.0,2063.0,24.0
2021-01-05 09:34:10.140,0.4412,0.4537,10.0,0.4501,2.0,2063.0,24.0
2021-01-05 09:34:10.690,0.4412,0.4527,10.0,0.45,20.0,2063.0,24.0
2021-01-05 09:34:11.151,0.4412,0.4526,10.0,0.4492,2.0,2063.0,24.0
2021-01-05 09:34:11.681,0.4412,0.4526,10.0,0.4491,20.0,2063.0,24.0
2021-01-05 09:34:12.640,0.4412,0.4526,10.0,0.4491,20.0,2063.0,24.0
2021-01-05 09:34:13.191,0.4412,0.4526,10.0,0.4491,20.0,2063.0,24.0
2021-01-05 09:34:13.671,0.4412,0.4526,10.0,0.4491,20.0,2063.0,24.0
2021-01-05 09:34:14.181,0.4412,0.4518,10.0,0.4491,20.0,2063.0,24.0
2021-01-05 09:34:14.691,0.4412,0.4517,10.0,0.4478,22.0,2063.0,24.0
2021-01-05 09:34:15.181,0.4412,0.4504,10.0,0.4479,2.0,2063.0,24.0
2021-01-05 09:34:15.681,0.4412,0.4504,30.0,0.4479,2.0,2063.0,24.0
2021-01-05 09:34:16.630,0.4412,0.4511,20.0,0.448,10.0,2063.0,24.0
2021-01-05 09:34:17.181,0.4412,0.4516,1.0,0.448,10.0,2063.0,24.0
2021-01-05 09:34:17.690,0.4412,0.4516,1.0,0.448,10.0,2063.0,24.0
2021-01-05 09:34:18.201,0.4412,0.4518,20.0,0.4484,10.0,2063.0,24.0
2021-01-05 09:34:18.620,0.4412,0.4518,20.0,0.4484,30.0,2063.0,24.0
2021-01-05 09:34:19.041,0.4412,0.4518,20.0,0.4485,2.0,2063.0,24.0
2021-01-05 09:34:19.700,0.4412,0.4518,20.0,0.4485,2.0,2063.0,24.0
2021-01-05 09:34:20.180,0.4412,0.4518,20.0,0.4485,2.0,2063.0,24.0
2021-01-05 09:34:21.200,0.4412,0.4518,20.0,0.4485,2.0,2063.0,24.0
2021-01-05 09:34:21.690,0.4412,0.4524,20.0,0.4494,10.0,2063.0,24.0
2021-01-05 09:34:22.151,0.4412,0.4523,10.0,0.4494,30.0,2063.0,24.0
2021-01-05 09:34:22.191,0.4412,0.4523,10.0,0.4494,30.0,2063.0,24.0
2021-01-05 09:34:23.181,0.4412,0.4523,30.0,0.4494,30.0,2063.0,24.0
2021-01-05 09:34:24.170,0.4412,0.4523,30.0,0.4495,2.0,2063.0,24.0
2021-01-05 09:34:24.600,0.4412,0.4523,30.0,0.4495,2.0,2063.0,24.0
2021-01-05 09:34:25.171,0.4412,0.4523,30.0,0.4495,2.0,2063.0,24.0
2021-01-05 09:34:25.671,0.4412,0.4523,30.0,0.4495,2.0,2063.0,24.0
2021-01-05 09:34:26.170,0.4412,0.4523,30.0,0.4495,2.0,2063.0,24.0
2021-01-05 09:34:26.641,0.4412,0.4523,20.0,0.4495,2.0,2063.0,24.0
2021-01-05 09:34:27.150,0.4412,0.4523,20.0,0.4495,2.0,2063.0,24.0
2021-01-05 09:34:27.690,0.4412,0.453,30.0,0.4495,2.0,2063.0,24.0
2021-01-05 09:34:29.601,0.4412,0.453,30.0,0.4495,2.0,2063.0,24.0
2021-01-05 09:34:30.170,0.4412,0.453,30.0,0.4495,2.0,2063.0,24.0
2021-01-05 09:34:30.681,0.4412,0.453,30.0,0.4495,2.0,2063.0,24.0
2021-01-05 09:34:31.190,0.4412,0.453,30.0,0.4495,2.0,2063.0,24.0
2021-01-05 09:34:31.691,0.4412,0.453,20.0,0.4495,2.0,2063.0,24.0
2021-01-05 09:34:32.150,0.4412,0.4529,10.0,0.4495,2.0,2063.0,24.0
2021-01-05 09:34:33.090,0.4412,0.4529,10.0,0.4495,2.0,2063.0,24.0
2021-01-05 09:34:33.691,0.4412,0.453,20.0,0.4495,2.0,2063.0,24.0
2021-01-05 09:34:34.171,0.4412,0.453,20.0,0.4495,2.0,2063.0,24.0
2021-01-05 09:34:34.640,0.4412,0.453,20.0,0.4496,2.0,2063.0,24.0
2021-01-05 09:34:35.130,0.4412,0.453,20.0,0.4504,10.0,2063.0,24.0
2021-01-05 09:34:35.691,0.4412,0.4543,30.0,0.4505,2.0,2063.0,24.0
2021-01-05 09:34:36.171,0.4412,0.4542,10.0,0.4505,2.0,2063.0,24.0
2021-01-05 09:34:36.680,0.4412,0.4542,10.0,0.4505,2.0,2063.0,24.0
2021-01-05 09:34:37.700,0.4412,0.4543,30.0,0.4505,2.0,2063.0,24.0
2021-01-05 09:34:38.171,0.4412,0.4543,30.0,0.4514,10.0,2063.0,24.0
2021-01-05 09:34:38.690,0.4412,0.4543,20.0,0.4515,2.0,2063.0,24.0
2021-01-05 09:34:39.091,0.4412,0.4543,20.0,0.4515,2.0,2063.0,24.0
2021-01-05 09:34:39.470,0.4412,0.4557,30.0,0.4515,2.0,2063.0,24.0
2021-01-05 09:34:40.171,0.4412,0.4557,30.0,0.4515,2.0,2063.0,24.0
2021-01-05 09:34:40.271,0.4412,0.4557,30.0,0.4515,2.0,2063.0,24.0
2021-01-05 09:34:41.201,0.4412,0.4557,30.0,0.4515,2.0,2063.0,24.0
2021-01-05 09:34:42.171,0.4412,0.4557,30.0,0.4515,2.0,2063.0,24.0
2021-01-05 09:34:44.151,0.4412,0.4557,30.0,0.4515,2.0,2063.0,24.0
2021-01-05 09:34:44.701,0.4412,0.4557,30.0,0.4515,2.0,2063.0,24.0
2021-01-05 09:34:45.200,0.4412,0.4557,30.0,0.4521,10.0,2063.0,24.0
2021-01-05 09:34:45.721,0.4412,0.4557,30.0,0.4522,2.0,2063.0,24.0
2021-01-05 09:34:46.140,0.4412,0.4557,20.0,0.4522,22.0,2063.0,24.0
2021-01-05 09:34:46.660,0.4412,0.4556,10.0,0.4522,22.0,2063.0,24.0
2021-01-05 09:34:47.701,0.4412,0.4556,10.0,0.4522,22.0,2063.0,24.0
2021-01-05 09:34:50.220,0.4412,0.4556,10.0,0.4522,22.0,2063.0,24.0
2021-01-05 09:34:53.651,0.4412,0.4557,20.0,0.4522,22.0,2063.0,24.0
2021-01-05 09:34:54.170,0.4412,0.4557,20.0,0.4529,10.0,2063.0,24.0
2021-01-05 09:34:54.631,0.4412,0.4563,20.0,0.453,12.0,2063.0,24.0
2021-01-05 09:34:55.161,0.4412,0.4563,20.0,0.4544,10.0,2063.0,24.0
2021-01-05 09:34:55.680,0.4412,0.4575,20.0,0.4544,10.0,2063.0,24.0
2021-01-05 09:34:56.051,0.4412,0.4582,30.0,0.4544,10.0,2063.0,24.0
2021-01-05 09:34:56.681,0.4412,0.4581,10.0,0.4552,10.0,2063.0,24.0
2021-01-05 09:34:57.171,0.4412,0.4582,20.0,0.4552,10.0,2063.0,24.0
2021-01-05 09:34:57.670,0.4412,0.4582,10.0,0.4552,30.0,2063.0,24.0
2021-01-05 09:34:58.160,0.4412,0.4584,20.0,0.4552,30.0,2063.0,24.0
2021-01-05 09:34:58.640,0.4412,0.4583,10.0,0.4552,30.0,2063.0,24.0
2021-01-05 09:34:59.151,0.4412,0.4583,10.0,0.4552,30.0,2063.0,24.0
2021-01-05 09:35:00.160,0.4412,0.4584,20.0,0.4553,2.0,2063.0,24.0
2021-01-05 09:35:00.630,0.4412,0.459,30.0,0.4553,2.0,2063.0,24.0
2021-01-05 09:35:01.170,0.4412,0.4589,10.0,0.4553,2.0,2063.0,24.0
2021-01-05 09:35:01.610,0.4412,0.4589,10.0,0.4553,2.0,2063.0,24.0
2021-01-05 09:35:02.680,0.4412,0.4585,20.0,0.4545,10.0,2063.0,24.0
2021-01-05 09:35:03.180,0.4412,0.4585,40.0,0.4546,2.0,2063.0,24.0
2021-01-05 09:35:03.510,0.4412,0.4574,10.0,0.4546,2.0,2063.0,24.0
2021-01-05 09:35:04.181,0.4412,0.4573,10.0,0.4546,2.0,2063.0,24.0
2021-01-05 09:35:05.180,0.4412,0.4574,20.0,0.4546,2.0,2063.0,24.0
2021-01-05 09:35:05.671,0.4412,0.4585,30.0,0.4546,2.0,2063.0,24.0
2021-01-05 09:35:06.680,0.4412,0.4585,30.0,0.4546,2.0,2063.0,24.0
2021-01-05 09:35:07.131,0.4412,0.4585,20.0,0.4546,12.0,2063.0,24.0
2021-01-05 09:35:07.650,0.4412,0.4584,10.0,0.4561,10.0,2063.0,24.0
2021-01-05 09:35:08.171,0.4412,0.459,20.0,0.4566,10.0,2063.0,24.0
2021-01-05 09:35:09.191,0.4589,0.4592,4.0,0.4575,10.0,2063.0,25.0
2021-01-05 09:35:09.700,0.4589,0.4592,4.0,0.4576,2.0,2063.0,25.0
2021-01-05 09:35:11.160,0.4589,0.4592,4.0,0.4576,2.0,2063.0,25.0
2021-01-05 09:35:11.680,0.4589,0.4592,4.0,0.4581,10.0,2063.0,25.0
2021-01-05 09:35:12.691,0.4589,0.4592,4.0,0.4581,30.0,2063.0,25.0
2021-01-05 09:35:13.181,0.4589,0.4592,4.0,0.4575,30.0,2063.0,25.0
2021-01-05 09:35:13.640,0.4575,0.4591,10.0,0.4569,10.0,2064.0,26.0
2021-01-05 09:35:14.191,0.4575,0.4587,10.0,0.4561,10.0,2064.0,26.0
2021-01-05 09:35:14.691,0.4575,0.458,10.0,0.4553,10.0,2064.0,26.0
2021-01-05 09:35:15.200,0.4575,0.458,10.0,0.4554,2.0,2064.0,26.0
2021-01-05 09:35:15.690,0.4575,0.458,10.0,0.4554,2.0,2064.0,26.0
2021-01-05 09:35:16.151,0.4575,0.4584,20.0,0.4562,10.0,2064.0,26.0
2021-01-05 09:35:16.681,0.4575,0.4583,10.0,0.4562,10.0,2064.0,26.0
2021-01-05 09:35:17.680,0.4575,0.4583,10.0,0.4556,10.0,2064.0,26.0
2021-01-05 09:35:18.170,0.4575,0.4583,10.0,0.4556,12.0,2064.0,26.0
2021-01-05 09:35:18.681,0.4575,0.4583,10.0,0.4556,10.0,2064.0,26.0
2021-01-05 09:35:19.180,0.4575,0.4577,10.0,0.4551,10.0,2064.0,26.0
2021-01-05 09:35:19.641,0.4575,0.4575,10.0,0.4551,10.0,2064.0,26.0
2021-01-05 09:35:20.120,0.4575,0.4574,10.0,0.4551,10.0,2064.0,26.0
2021-01-05 09:35:20.690,0.4575,0.4574,10.0,0.4551,10.0,2064.0,26.0
2021-01-05 09:35:21.180,0.4575,0.4574,10.0,0.4551,10.0,2064.0,26.0
2021-01-05 09:35:21.601,0.4575,0.4586,1.0,0.4563,10.0,2064.0,26.0
2021-01-05 09:35:22.171,0.4575,0.4585,10.0,0.4563,10.0,2064.0,26.0
2021-01-05 09:35:22.521,0.4575,0.4592,14.0,0.4568,10.0,2064.0,26.0
2021-01-05 09:35:23.151,0.4575,0.4591,10.0,0.4568,10.0,2064.0,26.0
2021-01-05 09:35:23.680,0.4575,0.4591,10.0,0.4568,10.0,2064.0,26.0
2021-01-05 09:35:24.171,0.4575,0.4591,10.0,0.4568,10.0,2064.0,26.0
2021-01-05 09:35:24.671,0.4575,0.4591,10.0,0.4568,10.0,2064.0,26.0
2021-01-05 09:35:25.061,0.4575,0.4591,10.0,0.4568,10.0,2064.0,26.0
2021-01-05 09:35:25.660,0.4575,0.4591,10.0,0.4569,2.0,2064.0,26.0
2021-01-05 09:35:26.171,0.4575,0.4591,10.0,0.4569,2.0,2064.0,26.0
2021-01-05 09:35:26.651,0.4575,0.4591,10.0,0.4569,2.0,2064.0,26.0
2021-01-05 09:35:27.641,0.4575,0.4591,10.0,0.4568,10.0,2064.0,26.0
2021-01-05 09:35:29.641,0.4575,0.4591,10.0,0.4568,10.0,2064.0,26.0
2021-01-05 09:35:30.121,0.4575,0.4591,10.0,0.4568,10.0,2064.0,26.0
2021-01-05 09:35:30.690,0.4575,0.4591,10.0,0.4568,10.0,2064.0,26.0
2021-01-05 09:35:31.170,0.4575,0.4591,10.0,0.458,10.0,2064.0,26.0
2021-01-05 09:35:32.161,0.4575,0.4592,24.0,0.458,10.0,2064.0,26.0
2021-01-05 09:35:32.630,0.4575,0.4592,34.0,0.458,10.0,2064.0,26.0
2021-01-05 09:35:33.191,0.4575,0.4592,24.0,0.458,10.0,2064.0,26.0
2021-01-05 09:35:33.650,0.4575,0.4592,24.0,0.458,10.0,2064.0,26.0
2021-01-05 09:35:34.190,0.4575,0.4592,4.0,0.458,10.0,2064.0,26.0
2021-01-05 09:35:34.691,0.4592,0.4592,2.0,0.458,10.0,2065.0,28.0
2021-01-05 09:35:35.631,0.4592,0.4606,20.0,0.4584,10.0,2067.0,30.0
2021-01-05 09:35:36.161,0.4592,0.4605,10.0,0.4584,10.0,2067.0,30.0
2021-01-05 09:35:36.601,0.4592,0.4606,20.0,0.4584,30.0,2067.0,30.0
2021-01-05 09:35:37.171,0.4592,0.4606,10.0,0.4584,30.0,2067.0,30.0
2021-01-05 09:35:37.640,0.4592,0.4606,10.0,0.4584,30.0,2067.0,30.0
2021-01-05 09:35:38.651,0.4592,0.4606,20.0,0.4584,30.0,2067.0,30.0
2021-01-05 09:35:39.140,0.4592,0.4605,10.0,0.4584,10.0,2067.0,30.0
2021-01-05 09:35:40.191,0.4592,0.4605,11.0,0.458,10.0,2067.0,30.0
2021-01-05 09:35:41.190,0.4592,0.4605,11.0,0.458,10.0,2067.0,30.0
2021-01-05 09:35:42.160,0.4592,0.4605,11.0,0.458,10.0,2067.0,30.0
2021-01-05 09:35:42.670,0.4592,0.4605,10.0,0.458,10.0,2067.0,30.0
2021-01-05 09:35:43.190,0.4592,0.4605,10.0,0.458,10.0,2067.0,30.0
2021-01-05 09:35:43.661,0.4592,0.4605,10.0,0.458,10.0,2067.0,30.0
2021-01-05 09:35:44.101,0.4592,0.4606,20.0,0.4583,10.0,2067.0,30.0
2021-01-05 09:35:45.071,0.4592,0.4611,20.0,0.4588,10.0,2067.0,30.0
2021-01-05 09:35:45.670,0.4592,0.4611,20.0,0.4588,10.0,2067.0,30.0
2021-01-05 09:35:46.170,0.4592,0.4616,30.0,0.4595,10.0,2067.0,30.0
2021-01-05 09:35:46.700,0.4592,0.4615,10.0,0.4595,10.0,2067.0,30.0
2021-01-05 09:35:47.201,0.4592,0.4616,20.0,0.4595,10.0,2067.0,30.0
2021-01-05 09:35:48.181,0.4592,0.4622,20.0,0.4601,10.0,2067.0,30.0
2021-01-05 09:35:48.650,0.4592,0.4622,20.0,0.4601,30.0,2067.0,30.0
2021-01-05 09:35:49.180,0.4592,0.4622,20.0,0.4601,10.0,2067.0,30.0
2021-01-05 09:35:49.701,0.4592,0.4622,20.0,0.4601,30.0,2067.0,30.0
2021-01-05 09:35:50.150,0.4592,0.4622,20.0,0.4601,30.0,2067.0,30.0
2021-01-05 09:35:50.680,0.4592,0.4622,20.0,0.4601,30.0,2067.0,30.0
2021-01-05 09:35:51.710,0.4592,0.4622,20.0,0.4601,10.0,2067.0,30.0
2021-01-05 09:35:52.190,0.4592,0.4621,10.0,0.4601,10.0,2067.0,30.0
2021-01-05 09:35:52.661,0.4592,0.4621,10.0,0.4601,10.0,2067.0,30.0
2021-01-05 09:35:53.111,0.4592,0.4621,10.0,0.4601,10.0,2067.0,30.0
2021-01-05 09:35:54.161,0.4592,0.4621,10.0,0.4601,10.0,2067.0,30.0
2021-01-05 09:35:54.640,0.4592,0.462,11.0,0.4594,30.0,2067.0,30.0
2021-01-05 09:35:55.181,0.4592,0.4614,10.0,0.4588,20.0,2067.0,30.0
2021-01-05 09:35:55.581,0.4592,0.4614,30.0,0.4587,10.0,2067.0,30.0
2021-01-05 09:35:56.121,0.4592,0.4614,30.0,0.4587,10.0,2067.0,30.0
2021-01-05 09:35:56.661,0.4592,0.4609,10.0,0.4584,2.0,2067.0,30.0
2021-01-05 09:35:57.141,0.4592,0.4609,30.0,0.4584,2.0,2067.0,30.0
2021-01-05 09:35:57.681,0.4592,0.4609,30.0,0.4584,2.0,2067.0,30.0
2021-01-05 09:35:58.150,0.4592,0.4609,20.0,0.4584,2.0,2067.0,30.0
2021-01-05 09:35:58.701,0.4592,0.4613,10.0,0.4587,10.0,2067.0,30.0
2021-01-05 09:35:59.160,0.4592,0.4613,30.0,0.4587,10.0,2067.0,30.0
2021-01-05 09:36:00.190,0.4592,0.4619,30.0,0.4593,10.0,2067.0,30.0
2021-01-05 09:36:00.680,0.4592,0.4619,30.0,0.4593,30.0,2067.0,30.0
2021-01-05 09:36:01.671,0.4592,0.4619,10.0,0.4594,2.0,2067.0,30.0
2021-01-05 09:36:02.170,0.4592,0.4619,30.0,0.4593,30.0,2067.0,30.0
2021-01-05 09:36:02.701,0.4592,0.4618,1.0,0.4593,10.0,2067.0,30.0
2021-01-05 09:36:03.150,0.4592,0.4613,10.0,0.4586,30.0,2067.0,30.0
2021-01-05 09:36:03.700,0.4592,0.4613,30.0,0.4586,30.0,2067.0,30.0
2021-01-05 09:36:04.201,0.4592,0.4613,30.0,0.4586,30.0,2067.0,30.0
2021-01-05 09:36:04.620,0.4592,0.4613,30.0,0.4586,30.0,2067.0,30.0
2021-01-05 09:36:05.690,0.4592,0.4613,30.0,0.4587,2.0,2067.0,30.0
2021-01-05 09:36:06.180,0.4592,0.4613,30.0,0.4587,2.0,2067.0,30.0
2021-01-05 09:36:06.700,0.4592,0.4609,10.0,0.4586,30.0,2067.0,30.0
2021-01-05 09:36:07.181,0.4592,0.4608,10.0,0.4586,30.0,2067.0,30.0
2021-01-05 09:36:07.640,0.4592,0.4608,30.0,0.4586,30.0,2067.0,30.0
2021-01-05 09:36:09.161,0.4592,0.4608,30.0,0.4586,30.0,2067.0,30.0
2021-01-05 09:36:09.691,0.4592,0.4607,2.0,0.4586,30.0,2067.0,30.0
2021-01-05 09:36:10.101,0.4592,0.4606,12.0,0.4586,20.0,2067.0,30.0
2021-01-05 09:36:10.671,0.4592,0.4599,10.0,0.458,10.0,2067.0,30.0
2021-01-05 09:36:11.180,0.4592,0.4598,10.0,0.458,10.0,2067.0,30.0
2021-01-05 09:36:11.651,0.4592,0.4598,10.0,0.458,10.0,2067.0,30.0
2021-01-05 09:36:12.181,0.4592,0.4599,30.0,0.458,10.0,2067.0,30.0
2021-01-05 09:36:12.690,0.4592,0.4599,10.0,0.458,10.0,2067.0,30.0
2021-01-05 09:36:13.190,0.4592,0.4599,10.0,0.4581,2.0,2067.0,30.0
2021-01-05 09:36:14.150,0.4592,0.4599,10.0,0.4581,2.0,2067.0,30.0
2021-01-05 09:36:14.690,0.4592,0.4599,10.0,0.458,10.0,2067.0,30.0
2021-01-05 09:36:15.170,0.4592,0.4599,20.0,0.458,10.0,2067.0,30.0
2021-01-05 09:36:15.660,0.4592,0.4598,4.0,0.458,10.0,2067.0,30.0
2021-01-05 09:36:16.150,0.4592,0.4597,10.0,0.458,10.0,2067.0,30.0
2021-01-05 09:36:16.650,0.4592,0.4597,10.0,0.458,10.0,2067.0,30.0
2021-01-05 09:36:17.180,0.4592,0.4598,2.0,0.458,10.0,2067.0,30.0
2021-01-05 09:36:17.670,0.4592,0.4598,10.0,0.458,10.0,2067.0,30.0
2021-01-05 09:36:18.181,0.4592,0.4597,4.0,0.458,10.0,2067.0,30.0
2021-01-05 09:36:18.680,0.4592,0.4596,10.0,0.458,10.0,2067.0,30.0
2021-01-05 09:36:19.151,0.4592,0.4596,10.0,0.458,10.0,2067.0,30.0
2021-01-05 09:36:19.691,0.4592,0.4596,10.0,0.458,10.0,2067.0,30.0
2021-01-05 09:36:20.680,0.4592,0.4596,10.0,0.458,10.0,2067.0,30.0
2021-01-05 09:36:21.120,0.4592,0.4595,4.0,0.458,10.0,2067.0,30.0
2021-01-05 09:36:21.691,0.4592,0.4595,4.0,0.458,10.0,2067.0,30.0
2021-01-05 09:36:22.171,0.4592,0.4594,10.0,0.458,10.0,2067.0,30.0
2021-01-05 09:36:23.681,0.4592,0.4598,20.0,0.458,10.0,2067.0,30.0
2021-01-05 09:36:24.171,0.4592,0.4603,20.0,0.458,32.0,2067.0,30.0
2021-01-05 09:36:24.701,0.4592,0.4602,10.0,0.458,12.0,2067.0,30.0
2021-01-05 09:36:25.191,0.4592,0.4602,10.0,0.458,32.0,2067.0,30.0
2021-01-05 09:36:25.650,0.4592,0.4602,10.0,0.458,32.0,2067.0,30.0
2021-01-05 09:36:26.171,0.4592,0.4601,4.0,0.458,32.0,2067.0,30.0
2021-01-05 09:36:26.651,0.4592,0.4601,4.0,0.458,32.0,2067.0,30.0
2021-01-05 09:36:27.070,0.4592,0.461,20.0,0.4586,10.0,2067.0,30.0
2021-01-05 09:36:27.690,0.4592,0.4609,10.0,0.4586,10.0,2067.0,30.0
2021-01-05 09:36:28.040,0.4592,0.4615,20.0,0.4591,10.0,2067.0,30.0
2021-01-05 09:36:28.601,0.4592,0.4614,10.0,0.4591,10.0,2067.0,30.0
2021-01-05 09:36:29.171,0.4592,0.4621,20.0,0.4597,10.0,2067.0,30.0
2021-01-05 09:36:29.661,0.4592,0.462,10.0,0.4597,10.0,2067.0,30.0
2021-01-05 09:36:30.161,0.4592,0.462,10.0,0.4597,30.0,2067.0,30.0
2021-01-05 09:36:30.651,0.4592,0.4619,4.0,0.4597,10.0,2067.0,30.0
2021-01-05 09:36:31.181,0.4592,0.4619,4.0,0.4597,30.0,2067.0,30.0
2021-01-05 09:36:31.690,0.4592,0.4618,10.0,0.4597,10.0,2067.0,30.0
2021-01-05 09:36:32.660,0.4592,0.4618,10.0,0.4597,10.0,2067.0,30.0
2021-01-05 09:36:33.200,0.4592,0.4617,4.0,0.4597,10.0,2067.0,30.0
2021-01-05 09:36:33.670,0.4592,0.4617,4.0,0.4597,10.0,2067.0,30.0
2021-01-05 09:36:34.091,0.4592,0.4616,10.0,0.4597,10.0,2067.0,30.0
2021-01-05 09:36:35.150,0.4592,0.4616,30.0,0.4597,10.0,2067.0,30.0
2021-01-05 09:36:35.701,0.4592,0.4615,4.0,0.4597,10.0,2067.0,30.0
2021-01-05 09:36:36.191,0.4592,0.4615,4.0,0.4597,10.0,2067.0,30.0
2021-01-05 09:36:36.700,0.4592,0.4615,4.0,0.4598,2.0,2067.0,30.0
2021-01-05 09:36:37.190,0.4592,0.4615,2.0,0.4597,30.0,2067.0,30.0
2021-01-05 09:36:37.691,0.4592,0.4621,20.0,0.4597,32.0,2067.0,30.0
2021-01-05 09:36:38.041,0.4592,0.462,10.0,0.4597,32.0,2067.0,30.0
2021-01-05 09:36:38.640,0.4592,0.462,10.0,0.4597,32.0,2067.0,30.0
2021-01-05 09:36:39.090,0.4592,0.4619,4.0,0.4597,32.0,2067.0,30.0
2021-01-05 09:36:39.660,0.4592,0.4619,4.0,0.4597,32.0,2067.0,30.0
2021-01-05 09:36:40.191,0.4592,0.4618,10.0,0.4597,30.0,2067.0,30.0
2021-01-05 09:36:40.700,0.4592,0.4618,10.0,0.4598,2.0,2067.0,30.0
2021-01-05 09:36:41.201,0.4592,0.4618,10.0,0.4597,30.0,2067.0,30.0
2021-01-05 09:36:41.641,0.4592,0.4617,4.0,0.4597,10.0,2067.0,30.0
2021-01-05 09:36:42.200,0.4592,0.4617,4.0,0.4597,12.0,2067.0,30.0
2021-01-05 09:36:42.690,0.4592,0.4616,10.0,0.4597,10.0,2067.0,30.0
2021-01-05 09:36:43.180,0.4592,0.4616,10.0,0.4597,10.0,2067.0,30.0
2021-01-05 09:36:43.700,0.4592,0.4616,30.0,0.4597,10.0,2067.0,30.0
2021-01-05 09:36:44.200,0.4592,0.4615,1.0,0.4597,10.0,2067.0,30.0
2021-01-05 09:36:44.680,0.4592,0.4616,20.0,0.4597,10.0,2067.0,30.0
2021-01-05 09:36:45.191,0.4592,0.4621,20.0,0.4597,10.0,2067.0,30.0
2021-01-05 09:36:45.631,0.4592,0.4621,20.0,0.4602,10.0,2067.0,30.0
2021-01-05 09:36:46.190,0.4592,0.4627,20.0,0.4602,10.0,2067.0,30.0
2021-01-05 09:36:46.651,0.4592,0.4627,20.0,0.4608,10.0,2067.0,30.0
2021-01-05 09:36:47.130,0.4592,0.4633,20.0,0.4608,10.0,2067.0,30.0
2021-01-05 09:36:47.660,0.4592,0.4632,10.0,0.4608,30.0,2067.0,30.0
2021-01-05 09:36:48.130,0.4592,0.4632,10.0,0.4608,10.0,2067.0,30.0
2021-01-05 09:36:48.630,0.4592,0.4631,4.0,0.4608,30.0,2067.0,30.0
2021-01-05 09:36:49.170,0.4592,0.4631,4.0,0.4613,10.0,2067.0,30.0
2021-01-05 09:36:49.700,0.4592,0.4631,4.0,0.4613,10.0,2067.0,30.0
2021-01-05 09:36:50.670,0.4592,0.4631,4.0,0.4613,10.0,2067.0,30.0
2021-01-05 09:36:51.171,0.4592,0.463,4.0,0.4613,10.0,2067.0,30.0
2021-01-05 09:36:51.671,0.4592,0.463,4.0,0.4613,10.0,2067.0,30.0
2021-01-05 09:36:52.180,0.4592,0.4633,20.0,0.4613,10.0,2067.0,30.0
2021-01-05 09:36:52.670,0.4592,0.4632,10.0,0.4614,2.0,2067.0,30.0
2021-01-05 09:36:53.191,0.4592,0.464,30.0,0.4614,2.0,2067.0,30.0
2021-01-05 09:36:53.680,0.4592,0.464,30.0,0.4614,22.0,2067.0,30.0
2021-01-05 09:36:54.180,0.4592,0.464,30.0,0.4613,10.0,2067.0,30.0
2021-01-05 09:36:54.631,0.4592,0.464,30.0,0.4613,10.0,2067.0,30.0
2021-01-05 09:36:55.171,0.4592,0.464,30.0,0.4613,10.0,2067.0,30.0
2021-01-05 09:36:55.260,0.4592,0.4632,10.0,0.4608,20.0,2067.0,30.0
2021-01-05 09:36:56.141,0.4592,0.4632,30.0,0.4608,20.0,2067.0,30.0
2021-01-05 09:36:56.691,0.4592,0.4631,2.0,0.4608,22.0,2067.0,30.0
2021-01-05 09:36:57.171,0.4592,0.463,10.0,0.4608,22.0,2067.0,30.0
2021-01-05 09:36:57.630,0.4592,0.463,10.0,0.4608,20.0,2067.0,30.0
2021-01-05 09:36:58.610,0.4592,0.463,10.0,0.4608,20.0,2067.0,30.0
2021-01-05 09:36:59.181,0.4592,0.463,10.0,0.4609,2.0,2067.0,30.0
2021-01-05 09:36:59.690,0.4592,0.463,10.0,0.4609,2.0,2067.0,30.0
2021-01-05 09:37:00.151,0.4592,0.4632,20.0,0.4611,10.0,2067.0,30.0
2021-01-05 09:37:00.700,0.4592,0.4632,10.0,0.4611,10.0,2067.0,30.0
2021-01-05 09:37:01.081,0.4592,0.4632,10.0,0.4612,2.0,2067.0,30.0
2021-01-05 09:37:01.630,0.4592,0.4631,4.0,0.4611,10.0,2067.0,30.0
2021-01-05 09:37:02.191,0.4592,0.463,10.0,0.4611,10.0,2067.0,30.0
2021-01-05 09:37:02.610,0.4592,0.463,10.0,0.4608,20.0,2067.0,30.0
2021-01-05 09:37:03.151,0.4592,0.463,10.0,0.4609,2.0,2067.0,30.0
2021-01-05 09:37:03.630,0.4592,0.463,10.0,0.4608,20.0,2067.0,30.0
2021-01-05 09:37:03.630,0.4592,0.4626,10.0,0.46,10.0,2067.0,30.0
2021-01-05 09:37:04.690,0.4592,0.4626,10.0,0.4601,2.0,2067.0,30.0
2021-01-05 09:37:05.140,0.4592,0.4626,30.0,0.4601,2.0,2067.0,30.0
2021-01-05 09:37:05.701,0.4592,0.4626,30.0,0.46,10.0,2067.0,30.0
2021-01-05 09:37:06.171,0.4592,0.4621,10.0,0.4594,12.0,2067.0,30.0
2021-01-05 09:37:06.700,0.4592,0.4621,30.0,0.4594,12.0,2067.0,30.0
2021-01-05 09:37:07.180,0.4592,0.4621,30.0,0.4595,2.0,2067.0,30.0
2021-01-05 09:37:07.681,0.4592,0.4621,30.0,0.4595,2.0,2067.0,30.0
2021-01-05 09:37:08.200,0.4592,0.4621,10.0,0.4595,2.0,2067.0,30.0
2021-01-05 09:37:08.630,0.4592,0.4626,20.0,0.4601,10.0,2067.0,30.0
2021-01-05 09:37:09.170,0.4592,0.4625,10.0,0.4601,10.0,2067.0,30.0
2021-01-05 09:37:09.660,0.4592,0.4633,30.0,0.4606,10.0,2067.0,30.0
2021-01-05 09:37:10.121,0.4592,0.4624,4.0,0.4606,10.0,2067.0,30.0
2021-01-05 09:37:10.701,0.4606,0.4623,10.0,0.4598,10.0,2069.0,40.0
2021-01-05 09:37:11.201,0.4606,0.4623,30.0,0.4598,10.0,2069.0,40.0
2021-01-05 09:37:12.131,0.4606,0.4623,20.0,0.4595,2.0,2069.0,40.0
2021-01-05 09:37:12.131,0.4606,0.4619,10.0,0.4596,10.0,2069.0,40.0
2021-01-05 09:37:13.181,0.4606,0.4619,10.0,0.4596,10.0,2069.0,40.0
2021-01-05 09:37:13.681,0.4606,0.4619,10.0,0.4597,2.0,2069.0,40.0
2021-01-05 09:37:14.171,0.4606,0.4619,10.0,0.4597,2.0,2069.0,40.0
2021-01-05 09:37:14.651,0.4606,0.462,10.0,0.4601,10.0,2069.0,40.0
2021-01-05 09:37:15.160,0.4606,0.4623,20.0,0.4601,10.0,2069.0,40.0
2021-01-05 09:37:15.671,0.4606,0.4622,10.0,0.4602,2.0,2069.0,40.0
2021-01-05 09:37:16.461,0.4606,0.4621,4.0,0.4601,10.0,2069.0,40.0
2021-01-05 09:37:17.200,0.4606,0.4621,4.0,0.4601,10.0,2069.0,40.0
2021-01-05 09:37:17.671,0.4606,0.462,10.0,0.4601,10.0,2069.0,40.0
2021-01-05 09:37:18.891,0.4606,0.462,10.0,0.4602,2.0,2069.0,40.0
2021-01-05 09:37:19.711,0.4606,0.462,10.0,0.4601,30.0,2069.0,40.0
2021-01-05 09:37:20.211,0.4606,0.4623,20.0,0.4603,2.0,2069.0,40.0
2021-01-05 09:37:20.691,0.4606,0.4622,10.0,0.4601,30.0,2069.0,40.0
2021-01-05 09:37:21.200,0.4606,0.4622,10.0,0.4601,10.0,2069.0,40.0
2021-01-05 09:37:21.701,0.4606,0.4621,4.0,0.4601,10.0,2069.0,40.0
2021-01-05 09:37:22.030,0.4606,0.4618,10.0,0.4596,20.0,2069.0,40.0
2021-01-05 09:37:22.641,0.4606,0.4618,30.0,0.4596,20.0,2069.0,40.0
2021-01-05 09:37:23.100,0.4606,0.4618,30.0,0.4596,20.0,2069.0,40.0
2021-01-05 09:37:23.661,0.4606,0.4618,30.0,0.4596,20.0,2069.0,40.0
2021-01-05 09:37:24.080,0.4606,0.4618,30.0,0.4596,20.0,2069.0,40.0
2021-01-05 09:37:24.631,0.4606,0.4618,30.0,0.4596,20.0,2069.0,40.0
2021-01-05 09:37:25.200,0.4606,0.4618,30.0,0.4597,2.0,2069.0,40.0
2021-01-05 09:37:25.670,0.4606,0.4618,30.0,0.4596,20.0,2069.0,40.0
2021-01-05 09:37:26.650,0.4606,0.4618,30.0,0.4595,10.0,2069.0,40.0
2021-01-05 09:37:27.130,0.4606,0.4618,30.0,0.4595,10.0,2069.0,40.0
2021-01-05 09:37:27.551,0.4606,0.4617,2.0,0.4595,10.0,2069.0,40.0
2021-01-05 09:37:27.951,0.4606,0.4616,12.0,0.4595,10.0,2069.0,40.0
2021-01-05 09:37:29.130,0.4606,0.4616,12.0,0.4596,2.0,2069.0,40.0
2021-01-05 09:37:29.691,0.4606,0.4616,12.0,0.4596,2.0,2069.0,40.0
2021-01-05 09:37:30.191,0.4606,0.4616,10.0,0.4596,1.0,2069.0,40.0
2021-01-05 09:37:30.590,0.4606,0.4615,2.0,0.4596,3.0,2069.0,40.0
2021-01-05 09:37:31.190,0.4606,0.4615,2.0,0.4596,1.0,2069.0,40.0
2021-01-05 09:37:31.691,0.4606,0.4614,10.0,0.4596,1.0,2069.0,40.0
2021-01-05 09:37:32.651,0.4606,0.4618,30.0,0.4596,21.0,2069.0,40.0
2021-01-05 09:37:33.180,0.4606,0.4623,20.0,0.4605,10.0,2069.0,40.0
2021-01-05 09:37:33.681,0.4606,0.4622,10.0,0.4605,30.0,2069.0,40.0
2021-01-05 09:37:34.200,0.4606,0.4622,10.0,0.4605,30.0,2069.0,40.0
2021-01-05 09:37:35.170,0.4606,0.4622,20.0,0.4605,10.0,2069.0,40.0
2021-01-05 09:37:35.650,0.4606,0.4621,14.0,0.4602,10.0,2069.0,40.0
2021-01-05 09:37:36.200,0.4606,0.4621,14.0,0.4602,10.0,2069.0,40.0
2021-01-05 09:37:36.671,0.4606,0.4621,34.0,0.4602,10.0,2069.0,40.0
2021-01-05 09:37:37.691,0.4606,0.4618,10.0,0.4597,10.0,2069.0,40.0
2021-01-05 09:37:38.161,0.4606,0.4617,4.0,0.4597,10.0,2069.0,40.0
2021-01-05 09:37:38.651,0.4606,0.4616,10.0,0.4597,10.0,2069.0,40.0
2021-01-05 09:37:39.170,0.4606,0.4611,10.0,0.4596,1.0,2069.0,40.0
2021-01-05 09:37:39.700,0.4606,0.4611,10.0,0.4596,1.0,2069.0,40.0
2021-01-05 09:37:40.161,0.4606,0.4611,30.0,0.4596,1.0,2069.0,40.0
2021-01-05 09:37:40.701,0.4606,0.461,2.0,0.4596,1.0,2069.0,40.0
2021-01-05 09:37:41.131,0.4606,0.4609,10.0,0.4596,1.0,2069.0,40.0
2021-01-05 09:37:42.130,0.4606,0.4609,10.0,0.4596,1.0,2069.0,40.0
2021-01-05 09:37:42.691,0.4596,0.4596,1.0,0.459,10.0,2070.0,41.0
2021-01-05 09:37:43.181,0.4596,0.4596,1.0,0.4586,20.0,2070.0,41.0
2021-01-05 09:37:43.671,0.4596,0.4596,1.0,0.4585,10.0,2070.0,41.0
2021-01-05 09:37:44.651,0.4596,0.4596,1.0,0.458,30.0,2070.0,41.0
2021-01-05 09:37:45.191,0.4596,0.4595,10.0,0.458,10.0,2070.0,41.0
2021-01-05 09:37:45.191,0.4596,0.4595,10.0,0.458,10.0,2070.0,41.0
2021-01-05 09:37:46.601,0.4596,0.4595,10.0,0.458,10.0,2070.0,41.0
2021-01-05 09:37:47.661,0.4596,0.46,10.0,0.458,30.0,2070.0,41.0
2021-01-05 09:37:48.201,0.4596,0.4602,20.0,0.4583,10.0,2070.0,41.0
2021-01-05 09:37:48.700,0.4596,0.4601,10.0,0.4583,10.0,2070.0,41.0
2021-01-05 09:37:49.190,0.4596,0.4601,10.0,0.4583,10.0,2070.0,41.0
2021-01-05 09:37:49.670,0.4596,0.4601,10.0,0.4583,10.0,2070.0,41.0
2021-01-05 09:37:50.220,0.4596,0.4601,10.0,0.4583,10.0,2070.0,41.0
2021-01-05 09:37:51.691,0.4596,0.4609,10.0,0.4588,10.0,2070.0,41.0
2021-01-05 09:37:52.191,0.4596,0.4609,10.0,0.4588,10.0,2070.0,41.0
2021-01-05 09:37:52.660,0.4596,0.4609,10.0,0.4588,10.0,2070.0,41.0
2021-01-05 09:37:53.680,0.4596,0.4609,10.0,0.4588,30.0,2070.0,41.0
2021-01-05 09:37:54.170,0.4596,0.4608,4.0,0.4588,30.0,2070.0,41.0
2021-01-05 09:37:54.640,0.4596,0.4607,10.0,0.4588,30.0,2070.0,41.0
2021-01-05 09:37:55.691,0.4596,0.4607,10.0,0.4588,10.0,2070.0,41.0
2021-01-05 09:37:56.121,0.4596,0.4607,10.0,0.4588,10.0,2070.0,41.0
2021-01-05 09:37:56.611,0.4596,0.4604,10.0,0.4583,10.0,2070.0,41.0
2021-01-05 09:37:57.170,0.4596,0.4599,10.0,0.458,30.0,2070.0,41.0
2021-01-05 09:37:57.601,0.4596,0.4599,30.0,0.458,10.0,2070.0,41.0
2021-01-05 09:37:58.141,0.4596,0.4595,10.0,0.458,10.0,2070.0,41.0
2021-01-05 09:37:58.640,0.4596,0.4595,10.0,0.458,10.0,2070.0,41.0
2021-01-05 09:37:59.651,0.4596,0.4601,10.0,0.4581,4.0,2070.0,41.0
2021-01-05 09:38:00.680,0.4596,0.4601,10.0,0.458,40.0,2070.0,41.0
2021-01-05 09:38:01.180,0.4596,0.46,4.0,0.458,40.0,2070.0,41.0
2021-01-05 09:38:01.681,0.4596,0.4599,10.0,0.458,40.0,2070.0,41.0
2021-01-05 09:38:02.181,0.4596,0.4599,10.0,0.458,40.0,2070.0,41.0
2021-01-05 09:38:02.680,0.4596,0.4599,10.0,0.458,40.0,2070.0,41.0
2021-01-05 09:38:03.191,0.4596,0.4599,10.0,0.4581,4.0,2070.0,41.0
2021-01-05 09:38:04.190,0.4596,0.4606,10.0,0.4585,10.0,2070.0,41.0
2021-01-05 09:38:05.181,0.4596,0.4606,10.0,0.4585,30.0,2070.0,41.0
2021-01-05 09:38:05.621,0.4596,0.4606,10.0,0.4585,30.0,2070.0,41.0
2021-01-05 09:38:06.691,0.4596,0.4606,10.0,0.4586,2.0,2070.0,41.0
2021-01-05 09:38:07.200,0.4596,0.4609,20.0,0.4591,10.0,2070.0,41.0
2021-01-05 09:38:07.590,0.4596,0.4612,10.0,0.4591,30.0,2070.0,41.0
2021-01-05 09:38:08.151,0.4596,0.4612,10.0,0.4591,30.0,2070.0,41.0
2021-01-05 09:38:09.160,0.4596,0.4618,10.0,0.4597,10.0,2070.0,41.0
2021-01-05 09:38:10.180,0.4596,0.462,10.0,0.4601,10.0,2070.0,41.0
2021-01-05 09:38:10.670,0.4596,0.4619,10.0,0.4602,2.0,2070.0,41.0
2021-01-05 09:38:11.141,0.4596,0.4618,2.0,0.4602,20.0,2070.0,41.0
2021-01-05 09:38:11.701,0.4596,0.4617,4.0,0.4602,20.0,2070.0,41.0
2021-01-05 09:38:12.191,0.4596,0.4614,10.0,0.4593,10.0,2070.0,41.0
2021-01-05 09:38:12.691,0.4596,0.4614,10.0,0.4593,30.0,2070.0,41.0
2021-01-05 09:38:13.110,0.4596,0.4619,10.0,0.4598,10.0,2070.0,41.0
2021-01-05 09:38:13.690,0.4596,0.4619,10.0,0.4598,10.0,2070.0,41.0
2021-01-05 09:38:14.141,0.4596,0.4619,10.0,0.4599,4.0,2070.0,41.0
2021-01-05 09:38:14.691,0.4596,0.4625,10.0,0.4604,10.0,2070.0,41.0
2021-01-05 09:38:15.150,0.4596,0.463,10.0,0.4609,10.0,2070.0,41.0
2021-01-05 09:38:15.730,0.4596,0.463,10.0,0.4609,10.0,2070.0,41.0
2021-01-05 09:38:16.210,0.4596,0.463,10.0,0.4609,10.0,2070.0,41.0
2021-01-05 09:38:16.731,0.4596,0.4629,4.0,0.4609,10.0,2070.0,41.0
2021-01-05 09:38:17.190,0.4596,0.4628,10.0,0.4609,10.0,2070.0,41.0
2021-01-05 09:38:18.231,0.4596,0.4629,4.0,0.4609,10.0,2070.0,41.0
2021-01-05 09:38:18.660,0.4596,0.4628,10.0,0.4609,10.0,2070.0,41.0
2021-01-05 09:38:19.230,0.4596,0.4628,10.0,0.4609,10.0,2070.0,41.0
2021-01-05 09:38:19.670,0.4596,0.4628,10.0,0.4609,10.0,2070.0,41.0
2021-01-05 09:38:20.231,0.4596,0.4627,4.0,0.4609,10.0,2070.0,41.0
2021-01-05 09:38:20.671,0.4596,0.4627,4.0,0.461,2.0,2070.0,41.0
2021-01-05 09:38:21.180,0.4596,0.4636,30.0,0.4613,10.0,2070.0,41.0
2021-01-05 09:38:21.670,0.4596,0.4636,10.0,0.4613,10.0,2070.0,41.0
2021-01-05 09:38:22.210,0.4596,0.4641,10.0,0.4618,10.0,2070.0,41.0
2021-01-05 09:38:22.661,0.4596,0.4641,30.0,0.4618,10.0,2070.0,41.0
2021-01-05 09:38:22.971,0.4596,0.4641,10.0,0.4618,30.0,2070.0,41.0
2021-01-05 09:38:24.141,0.4596,0.4646,10.0,0.4623,10.0,2070.0,41.0
2021-01-05 09:38:24.671,0.4596,0.4646,10.0,0.4623,30.0,2070.0,41.0
2021-01-05 09:38:25.101,0.4596,0.4646,10.0,0.4623,30.0,2070.0,41.0
2021-01-05 09:38:25.700,0.4596,0.4646,10.0,0.4623,30.0,2070.0,41.0
2021-01-05 09:38:26.100,0.4596,0.4645,4.0,0.4623,30.0,2070.0,41.0
2021-01-05 09:38:26.701,0.4596,0.4644,10.0,0.4623,30.0,2070.0,41.0
2021-01-05 09:38:27.691,0.4596,0.4644,10.0,0.4623,30.0,2070.0,41.0
2021-01-05 09:38:28.171,0.4596,0.4644,10.0,0.4623,32.0,2070.0,41.0
2021-01-05 09:38:28.680,0.4596,0.4644,10.0,0.4623,30.0,2070.0,41.0
2021-01-05 09:38:29.641,0.4596,0.4644,10.0,0.4623,30.0,2070.0,41.0
2021-01-05 09:38:30.190,0.4596,0.4644,10.0,0.4624,2.0,2070.0,41.0
2021-01-05 09:38:30.670,0.4596,0.4644,10.0,0.4623,30.0,2070.0,41.0
2021-01-05 09:38:31.181,0.4596,0.4644,10.0,0.4623,30.0,2070.0,41.0
2021-01-05 09:38:31.700,0.4596,0.4644,10.0,0.4623,32.0,2070.0,41.0
2021-01-05 09:38:32.171,0.4596,0.4648,20.0,0.463,10.0,2070.0,41.0
2021-01-05 09:38:32.701,0.4596,0.4647,4.0,0.463,30.0,2070.0,41.0
2021-01-05 09:38:33.191,0.4596,0.4657,20.0,0.4635,10.0,2070.0,41.0
2021-01-05 09:38:33.700,0.4596,0.4664,10.0,0.464,10.0,2070.0,41.0
2021-01-05 09:38:34.201,0.4596,0.4664,10.0,0.464,30.0,2070.0,41.0
2021-01-05 09:38:35.200,0.4596,0.4671,10.0,0.4647,30.0,2070.0,41.0
2021-01-05 09:38:35.621,0.4596,0.4671,10.0,0.4647,30.0,2070.0,41.0
2021-01-05 09:38:36.130,0.4596,0.467,4.0,0.4647,30.0,2070.0,41.0
2021-01-05 09:38:36.691,0.4596,0.4669,10.0,0.4647,30.0,2070.0,41.0
2021-01-05 09:38:37.160,0.4596,0.4669,10.0,0.4652,10.0,2070.0,41.0
2021-01-05 09:38:37.680,0.4596,0.467,2.0,0.4652,10.0,2070.0,41.0
2021-01-05 09:38:38.030,0.4596,0.4674,10.0,0.4653,2.0,2070.0,41.0
2021-01-05 09:38:38.601,0.4596,0.4674,10.0,0.4654,2.0,2070.0,41.0
2021-01-05 09:38:39.161,0.4596,0.4683,10.0,0.4661,10.0,2070.0,41.0
2021-01-05 09:38:39.661,0.4596,0.4683,10.0,0.4661,30.0,2070.0,41.0
2021-01-05 09:38:40.201,0.4596,0.4692,10.0,0.4669,10.0,2070.0,41.0
2021-01-05 09:38:40.591,0.4596,0.4692,10.0,0.4669,10.0,2070.0,41.0
2021-01-05 09:38:41.190,0.4596,0.4692,10.0,0.4669,10.0,2070.0,41.0
2021-01-05 09:38:41.670,0.4596,0.4692,10.0,0.4669,10.0,2070.0,41.0
2021-01-05 09:38:42.191,0.4596,0.4692,10.0,0.4669,10.0,2070.0,41.0
2021-01-05 09:38:42.700,0.4596,0.4692,10.0,0.4669,10.0,2070.0,41.0
2021-01-05 09:38:43.190,0.4596,0.4692,10.0,0.4669,10.0,2070.0,41.0
2021-01-05 09:38:43.701,0.4596,0.4692,10.0,0.4669,10.0,2070.0,41.0
2021-01-05 09:38:44.200,0.4596,0.4692,10.0,0.4669,10.0,2070.0,41.0
2021-01-05 09:38:44.621,0.4596,0.4687,10.0,0.4668,20.0,2070.0,41.0
2021-01-05 09:38:45.201,0.4596,0.4686,2.0,0.4664,10.0,2070.0,41.0
2021-01-05 09:38:45.580,0.4596,0.4685,10.0,0.4664,10.0,2070.0,41.0
2021-01-05 09:38:46.200,0.4596,0.4684,2.0,0.4665,1.0,2070.0,41.0
2021-01-05 09:38:46.631,0.4596,0.4684,2.0,0.4665,1.0,2070.0,41.0
2021-01-05 09:38:47.140,0.4596,0.4681,10.0,0.4665,1.0,2070.0,41.0
2021-01-05 09:38:47.691,0.4596,0.468,1.0,0.4665,1.0,2070.0,41.0
2021-01-05 09:38:48.200,0.4596,0.4675,10.0,0.4665,1.0,2070.0,41.0
2021-01-05 09:38:48.650,0.4665,0.4674,1.0,0.4652,10.0,2071.0,42.0
2021-01-05 09:38:49.130,0.4665,0.4673,10.0,0.4652,10.0,2071.0,42.0
2021-01-05 09:38:49.670,0.4665,0.4667,10.0,0.4646,20.0,2071.0,42.0
2021-01-05 09:38:50.091,0.4665,0.4667,30.0,0.4646,20.0,2071.0,42.0
2021-01-05 09:38:50.651,0.4665,0.4667,20.0,0.4649,10.0,2071.0,42.0
2021-01-05 09:38:51.170,0.4665,0.4672,10.0,0.465,4.0,2071.0,42.0
2021-01-05 09:38:51.301,0.4665,0.468,10.0,0.4658,10.0,2071.0,42.0
2021-01-05 09:38:52.140,0.4665,0.468,10.0,0.4658,10.0,2071.0,42.0
2021-01-05 09:38:52.671,0.4665,0.4687,30.0,0.4665,10.0,2071.0,42.0
2021-01-05 09:38:53.191,0.4665,0.4686,4.0,0.4666,2.0,2071.0,42.0
2021-01-05 09:38:53.620,0.4665,0.4685,10.0,0.4666,2.0,2071.0,42.0
2021-01-05 09:38:54.690,0.4665,0.4685,10.0,0.4666,22.0,2071.0,42.0
2021-01-05 09:38:55.191,0.4665,0.4685,10.0,0.4666,22.0,2071.0,42.0
2021-01-05 09:38:55.650,0.4665,0.4694,10.0,0.4671,10.0,2071.0,42.0
2021-01-05 09:38:56.190,0.4665,0.4694,10.0,0.4671,12.0,2071.0,42.0
2021-01-05 09:38:57.200,0.4665,0.4693,4.0,0.4671,10.0,2071.0,42.0
2021-01-05 09:38:57.640,0.4665,0.4692,10.0,0.4672,2.0,2071.0,42.0
2021-01-05 09:38:58.190,0.4665,0.4692,10.0,0.4666,20.0,2071.0,42.0
2021-01-05 09:38:58.670,0.4665,0.4684,10.0,0.4662,10.0,2071.0,42.0
2021-01-05 09:38:59.060,0.4665,0.4684,10.0,0.4662,10.0,2071.0,42.0
2021-01-05 09:39:00.111,0.4665,0.4682,10.0,0.4662,10.0,2071.0,42.0
2021-01-05 09:39:00.660,0.4665,0.4682,10.0,0.4662,10.0,2071.0,42.0
2021-01-05 09:39:01.160,0.4665,0.4682,10.0,0.4662,10.0,2071.0,42.0
2021-01-05 09:39:01.700,0.4665,0.4682,10.0,0.4662,10.0,2071.0,42.0
2021-01-05 09:39:02.170,0.4665,0.4681,4.0,0.4662,10.0,2071.0,42.0
2021-01-05 09:39:02.660,0.4665,0.468,2.0,0.4662,12.0,2071.0,42.0
2021-01-05 09:39:03.150,0.4665,0.468,2.0,0.4662,10.0,2071.0,42.0
2021-01-05 09:39:03.671,0.4665,0.4679,10.0,0.4662,10.0,2071.0,42.0
2021-01-05 09:39:04.161,0.4665,0.4679,10.0,0.4662,10.0,2071.0,42.0
2021-01-05 09:39:04.610,0.4665,0.4678,6.0,0.4657,10.0,2071.0,42.0
2021-01-05 09:39:05.211,0.4665,0.4677,10.0,0.4657,10.0,2071.0,42.0
2021-01-05 09:39:05.701,0.4665,0.4677,10.0,0.4657,10.0,2071.0,42.0
2021-01-05 09:39:06.650,0.4665,0.4677,10.0,0.4657,10.0,2071.0,42.0
2021-01-05 09:39:07.200,0.4665,0.4677,10.0,0.4657,10.0,2071.0,42.0
2021-01-05 09:39:07.680,0.4665,0.4677,30.0,0.4657,10.0,2071.0,42.0
2021-01-05 09:39:08.131,0.4665,0.4677,30.0,0.4657,10.0,2071.0,42.0
2021-01-05 09:39:08.690,0.4665,0.4676,4.0,0.4657,10.0,2071.0,42.0
2021-01-05 09:39:09.161,0.4665,0.4676,4.0,0.4657,12.0,2071.0,42.0
2021-01-05 09:39:09.601,0.4665,0.4676,4.0,0.4657,12.0,2071.0,42.0
2021-01-05 09:39:10.191,0.4665,0.4679,10.0,0.4658,2.0,2071.0,42.0
2021-01-05 09:39:10.721,0.4665,0.4685,30.0,0.4663,10.0,2071.0,42.0
2021-01-05 09:39:11.201,0.4665,0.469,10.0,0.4668,10.0,2071.0,42.0
2021-01-05 09:39:11.701,0.4665,0.4689,4.0,0.4668,10.0,2071.0,42.0
2021-01-05 09:39:12.220,0.4665,0.4688,10.0,0.4668,10.0,2071.0,42.0
2021-01-05 09:39:12.690,0.4665,0.4688,10.0,0.4668,10.0,2071.0,42.0
2021-01-05 09:39:13.720,0.4665,0.4688,10.0,0.4668,10.0,2071.0,42.0
2021-01-05 09:39:14.160,0.4665,0.4687,4.0,0.4668,10.0,2071.0,42.0
2021-01-05 09:39:15.220,0.4665,0.469,10.0,0.4669,4.0,2071.0,42.0
2021-01-05 09:39:15.720,0.4665,0.469,10.0,0.4669,4.0,2071.0,42.0
2021-01-05 09:39:16.121,0.4665,0.469,10.0,0.4668,30.0,2071.0,42.0
2021-01-05 09:39:16.711,0.4665,0.4692,20.0,0.4673,10.0,2071.0,42.0
2021-01-05 09:39:17.191,0.4665,0.4691,10.0,0.4673,30.0,2071.0,42.0
2021-01-05 09:39:17.650,0.4665,0.469,6.0,0.4673,30.0,2071.0,42.0
2021-01-05 09:39:18.221,0.4665,0.4689,10.0,0.4668,20.0,2071.0,42.0
2021-01-05 09:39:19.710,0.4665,0.4689,10.0,0.4668,20.0,2071.0,42.0
2021-01-05 09:39:20.180,0.4665,0.4689,10.0,0.4669,2.0,2071.0,42.0
2021-01-05 09:39:20.741,0.4665,0.4692,20.0,0.4673,10.0,2071.0,42.0
2021-01-05 09:39:21.231,0.4665,0.4691,10.0,0.4674,2.0,2071.0,42.0
2021-01-05 09:39:21.231,0.4665,0.4691,10.0,0.4673,30.0,2071.0,42.0
2021-01-05 09:39:22.651,0.4665,0.4691,10.0,0.4673,30.0,2071.0,42.0
2021-01-05 09:39:23.051,0.4665,0.4691,10.0,0.4673,30.0,2071.0,42.0
2021-01-05 09:39:24.151,0.4665,0.4689,2.0,0.4673,30.0,2071.0,42.0
2021-01-05 09:39:25.700,0.4665,0.4689,2.0,0.4673,30.0,2071.0,42.0
2021-01-05 09:39:25.990,0.4665,0.4695,10.0,0.4674,2.0,2071.0,42.0
2021-01-05 09:39:27.210,0.4665,0.4695,10.0,0.4673,30.0,2071.0,42.0
2021-01-05 09:39:27.711,0.4665,0.4694,4.0,0.4673,30.0,2071.0,42.0
2021-01-05 09:39:28.220,0.4665,0.4693,10.0,0.4673,30.0,2071.0,42.0
2021-01-05 09:39:29.231,0.4665,0.4693,10.0,0.4674,2.0,2071.0,42.0
2021-01-05 09:39:29.721,0.4665,0.4692,2.0,0.4673,10.0,2071.0,42.0
2021-01-05 09:39:30.220,0.4665,0.4689,10.0,0.4668,20.0,2071.0,42.0
2021-01-05 09:39:30.721,0.4665,0.4689,10.0,0.4669,2.0,2071.0,42.0
2021-01-05 09:39:31.121,0.4665,0.4689,10.0,0.4668,20.0,2071.0,42.0
2021-01-05 09:39:31.701,0.4665,0.4689,10.0,0.4667,10.0,2071.0,42.0
2021-01-05 09:39:32.141,0.4665,0.4689,10.0,0.4667,10.0,2071.0,42.0
2021-01-05 09:39:32.700,0.4665,0.4689,10.0,0.4667,10.0,2071.0,42.0
2021-01-05 09:39:33.180,0.4665,0.4689,10.0,0.4668,14.0,2071.0,42.0
2021-01-05 09:39:33.530,0.4665,0.4689,10.0,0.4668,24.0,2071.0,42.0
2021-01-05 09:39:34.210,0.4665,0.4689,10.0,0.4668,22.0,2071.0,42.0
2021-01-05 09:39:34.681,0.4665,0.4689,10.0,0.4668,20.0,2071.0,42.0
2021-01-05 09:39:35.171,0.4665,0.4688,4.0,0.4668,20.0,2071.0,42.0
2021-01-05 09:39:35.701,0.4665,0.4687,10.0,0.4668,20.0,2071.0,42.0
2021-01-05 09:39:36.231,0.4665,0.4686,2.0,0.4667,10.0,2071.0,42.0
2021-01-05 09:39:36.660,0.4665,0.4686,2.0,0.4667,10.0,2071.0,42.0
2021-01-05 09:39:37.221,0.4665,0.4685,10.0,0.4667,10.0,2071.0,42.0
2021-01-05 09:39:37.730,0.4665,0.4684,4.0,0.4667,10.0,2071.0,42.0
2021-01-05 09:39:38.221,0.4665,0.4684,4.0,0.4667,10.0,2071.0,42.0
2021-01-05 09:39:38.650,0.4665,0.4683,12.0,0.4667,10.0,2071.0,42.0
2021-01-05 09:39:39.241,0.4665,0.4683,12.0,0.4668,2.0,2071.0,42.0
2021-01-05 09:39:39.751,0.4665,0.4683,2.0,0.4668,2.0,2071.0,42.0
2021-01-05 09:39:40.200,0.4665,0.4683,2.0,0.4668,22.0,2071.0,42.0
2021-01-05 09:39:40.721,0.4665,0.4682,4.0,0.4668,22.0,2071.0,42.0
2021-01-05 09:39:41.220,0.4665,0.4681,2.0,0.4668,20.0,2071.0,42.0
2021-01-05 09:39:41.750,0.4665,0.4681,2.0,0.4669,2.0,2071.0,42.0
2021-01-05 09:39:42.210,0.4665,0.4681,2.0,0.4668,10.0,2071.0,42.0
2021-01-05 09:39:42.640,0.4665,0.468,10.0,0.4662,10.0,2071.0,42.0
2021-01-05 09:39:43.191,0.4665,0.4679,6.0,0.4662,10.0,2071.0,42.0
2021-01-05 09:39:43.570,0.4665,0.4679,6.0,0.4662,10.0,2071.0,42.0
2021-01-05 09:39:44.231,0.4665,0.4678,10.0,0.4662,10.0,2071.0,42.0
2021-01-05 09:39:44.680,0.4665,0.4678,10.0,0.4662,10.0,2071.0,42.0
2021-01-05 09:39:45.251,0.4665,0.4678,10.0,0.4663,2.0,2071.0,42.0
2021-01-05 09:39:45.750,0.4665,0.4683,10.0,0.4664,2.0,2071.0,42.0
2021-01-05 09:39:46.190,0.4665,0.4688,10.0,0.4667,10.0,2071.0,42.0
2021-01-05 09:39:46.711,0.4665,0.4694,10.0,0.4673,10.0,2071.0,42.0
2021-01-05 09:39:47.250,0.4665,0.4694,10.0,0.4673,10.0,2071.0,42.0
2021-01-05 09:39:47.710,0.4665,0.4693,4.0,0.4673,10.0,2071.0,42.0
2021-01-05 09:39:48.221,0.4665,0.4692,10.0,0.4673,10.0,2071.0,42.0
2021-01-05 09:39:48.720,0.4665,0.4691,2.0,0.4673,10.0,2071.0,42.0
2021-01-05 09:39:49.241,0.4665,0.4691,2.0,0.4673,10.0,2071.0,42.0
2021-01-05 09:39:49.711,0.4665,0.469,10.0,0.4674,2.0,2071.0,42.0
2021-01-05 09:39:50.180,0.4665,0.469,10.0,0.4675,2.0,2071.0,42.0
2021-01-05 09:39:50.710,0.4665,0.47,30.0,0.469,2.0,2071.0,42.0
2021-01-05 09:39:51.241,0.4665,0.4705,10.0,0.469,2.0,2071.0,42.0
2021-01-05 09:39:51.730,0.4665,0.4709,10.0,0.469,2.0,2071.0,42.0
2021-01-05 09:39:52.251,0.4665,0.4708,2.0,0.469,2.0,2071.0,42.0
2021-01-05 09:39:52.601,0.4665,0.4707,12.0,0.4688,10.0,2071.0,42.0
2021-01-05 09:39:53.181,0.4665,0.4702,10.0,0.4681,10.0,2071.0,42.0
2021-01-05 09:39:53.630,0.4665,0.47,10.0,0.4681,10.0,2071.0,42.0
2021-01-05 09:39:54.191,0.4665,0.4699,10.0,0.4681,10.0,2071.0,42.0
2021-01-05 09:39:54.691,0.4665,0.4698,2.0,0.4681,10.0,2071.0,42.0
2021-01-05 09:39:55.181,0.4665,0.4698,2.0,0.4682,2.0,2071.0,42.0
2021-01-05 09:39:55.640,0.4665,0.4702,30.0,0.4683,4.0,2071.0,42.0
2021-01-05 09:39:56.120,0.4665,0.4702,20.0,0.4688,10.0,2071.0,42.0
2021-01-05 09:39:56.691,0.4665,0.4709,10.0,0.4688,10.0,2071.0,42.0
2021-01-05 09:39:57.181,0.4665,0.4701,4.0,0.4683,10.0,2071.0,42.0
2021-01-05 09:39:57.580,0.4665,0.47,12.0,0.4692,10.0,2071.0,42.0
2021-01-05 09:39:58.170,0.4692,0.4699,10.0,0.4692,4.0,2077.0,48.0
2021-01-05 09:39:58.600,0.4692,0.4699,10.0,0.4678,10.0,2081.0,52.0
2021-01-05 09:39:59.061,0.4692,0.4699,10.0,0.4678,10.0,2081.0,52.0
2021-01-05 09:39:59.651,0.4692,0.4699,10.0,0.4678,10.0,2081.0,52.0
2021-01-05 09:40:00.631,0.4692,0.4699,10.0,0.4678,12.0,2081.0,52.0
2021-01-05 09:40:01.201,0.4692,0.4699,10.0,0.4678,12.0,2081.0,52.0
2021-01-05 09:40:01.570,0.4692,0.4698,4.0,0.4678,10.0,2081.0,52.0
2021-01-05 09:40:02.200,0.4692,0.4693,10.0,0.4672,10.0,2081.0,52.0
2021-01-05 09:40:02.671,0.4692,0.4688,10.0,0.4667,10.0,2081.0,52.0
2021-01-05 09:40:03.171,0.4692,0.4688,10.0,0.4671,2.0,2081.0,52.0
2021-01-05 09:40:03.691,0.4692,0.4688,10.0,0.4669,2.0,2081.0,52.0
2021-01-05 09:40:04.160,0.4692,0.4688,10.0,0.467,4.0,2081.0,52.0
2021-01-05 09:40:04.700,0.4692,0.4688,10.0,0.467,4.0,2081.0,52.0
2021-01-05 09:40:05.170,0.4692,0.4688,10.0,0.4669,2.0,2081.0,52.0
2021-01-05 09:40:05.701,0.4692,0.4688,10.0,0.4669,2.0,2081.0,52.0
2021-01-05 09:40:06.200,0.4692,0.4688,10.0,0.4669,2.0,2081.0,52.0
2021-01-05 09:40:06.701,0.4692,0.4688,10.0,0.4669,2.0,2081.0,52.0
2021-01-05 09:40:07.191,0.4692,0.4687,6.0,0.4669,2.0,2081.0,52.0
2021-01-05 09:40:07.700,0.4692,0.4686,10.0,0.4667,10.0,2081.0,52.0
2021-01-05 09:40:08.200,0.4692,0.4686,10.0,0.4667,10.0,2081.0,52.0
2021-01-05 09:40:08.690,0.4692,0.4682,10.0,0.4663,20.0,2081.0,52.0
2021-01-05 09:40:09.191,0.4692,0.4681,2.0,0.4661,10.0,2081.0,52.0
2021-01-05 09:40:09.441,0.4692,0.468,14.0,0.4656,20.0,2081.0,52.0
2021-01-05 09:40:09.900,0.4692,0.4678,10.0,0.4657,12.0,2081.0,52.0
2021-01-05 09:40:10.680,0.4692,0.4678,10.0,0.4657,12.0,2081.0,52.0
2021-01-05 09:40:11.170,0.4692,0.4678,10.0,0.4658,4.0,2081.0,52.0
2021-01-05 09:40:11.671,0.4692,0.4678,10.0,0.4658,2.0,2081.0,52.0
2021-01-05 09:40:12.190,0.4692,0.4678,10.0,0.4658,2.0,2081.0,52.0
2021-01-05 09:40:12.661,0.4692,0.4677,4.0,0.4657,10.0,2081.0,52.0
2021-01-05 09:40:13.170,0.4692,0.4676,10.0,0.4657,10.0,2081.0,52.0
2021-01-05 09:40:13.700,0.4692,0.4672,10.0,0.4656,20.0,2081.0,52.0
2021-01-05 09:40:14.150,0.4692,0.4672,30.0,0.4651,10.0,2081.0,52.0
2021-01-05 09:40:14.701,0.4692,0.4672,30.0,0.4651,10.0,2081.0,52.0
2021-01-05 09:40:15.120,0.4692,0.4671,4.0,0.4651,10.0,2081.0,52.0
2021-01-05 09:40:15.690,0.4692,0.467,10.0,0.4651,10.0,2081.0,52.0
2021-01-05 09:40:17.191,0.4692,0.4667,10.0,0.4649,2.0,2081.0,52.0
2021-01-05 09:40:17.661,0.4692,0.4667,10.0,0.4649,2.0,2081.0,52.0
2021-01-05 09:40:18.161,0.4692,0.4667,10.0,0.4649,2.0,2081.0,52.0
2021-01-05 09:40:18.701,0.4692,0.4667,10.0,0.4649,2.0,2081.0,52.0
2021-01-05 09:40:19.190,0.4692,0.4667,10.0,0.465,2.0,2081.0,52.0
2021-01-05 09:40:19.711,0.4692,0.4671,10.0,0.465,14.0,2081.0,52.0
2021-01-05 09:40:20.191,0.4692,0.4675,10.0,0.4654,10.0,2081.0,52.0
2021-01-05 09:40:20.691,0.4692,0.4675,10.0,0.4654,10.0,2081.0,52.0
2021-01-05 09:40:21.200,0.4692,0.4681,10.0,0.466,10.0,2081.0,52.0
2021-01-05 09:40:21.701,0.4692,0.4681,10.0,0.466,30.0,2081.0,52.0
2021-01-05 09:40:22.210,0.4692,0.468,4.0,0.466,30.0,2081.0,52.0
2021-01-05 09:40:22.591,0.4692,0.468,4.0,0.466,30.0,2081.0,52.0
2021-01-05 09:40:23.200,0.4692,0.468,4.0,0.4665,10.0,2081.0,52.0
2021-01-05 09:40:23.701,0.4692,0.4686,10.0,0.4665,10.0,2081.0,52.0
2021-01-05 09:40:23.880,0.4692,0.4686,10.0,0.4666,2.0,2081.0,52.0
2021-01-05 09:40:24.681,0.4692,0.4686,10.0,0.4666,2.0,2081.0,52.0
2021-01-05 09:40:25.121,0.4692,0.4685,4.0,0.4665,10.0,2081.0,52.0
2021-01-05 09:40:25.570,0.4692,0.4684,10.0,0.4665,30.0,2081.0,52.0
2021-01-05 09:40:26.181,0.4692,0.4684,10.0,0.4665,10.0,2081.0,52.0
2021-01-05 09:40:27.140,0.4692,0.4684,10.0,0.4666,3.0,2081.0,52.0
2021-01-05 09:40:27.701,0.4692,0.4688,20.0,0.4671,10.0,2081.0,52.0
2021-01-05 09:40:28.110,0.4692,0.4687,10.0,0.4671,10.0,2081.0,52.0
2021-01-05 09:40:29.170,0.4692,0.4687,10.0,0.4671,10.0,2081.0,52.0
2021-01-05 09:40:30.150,0.4692,0.4686,6.0,0.4671,10.0,2081.0,52.0
2021-01-05 09:40:30.700,0.4692,0.4686,14.0,0.4671,10.0,2081.0,52.0
2021-01-05 09:40:31.101,0.4692,0.4686,10.0,0.4671,10.0,2081.0,52.0
2021-01-05 09:40:32.611,0.4692,0.4685,6.0,0.4671,10.0,2081.0,52.0
2021-01-05 09:40:33.191,0.4692,0.4684,10.0,0.4666,1.0,2081.0,52.0
2021-01-05 09:40:33.551,0.4692,0.4684,10.0,0.4666,1.0,2081.0,52.0
2021-01-05 09:40:34.561,0.4692,0.4683,1.0,0.4666,1.0,2081.0,52.0
2021-01-05 09:40:35.201,0.4692,0.4683,1.0,0.4666,1.0,2081.0,52.0
2021-01-05 09:40:35.681,0.4692,0.4682,10.0,0.4666,1.0,2081.0,52.0
2021-01-05 09:40:36.161,0.4692,0.4682,10.0,0.4667,3.0,2081.0,52.0
2021-01-05 09:40:36.620,0.4692,0.4682,10.0,0.4667,3.0,2081.0,52.0
2021-01-05 09:40:37.091,0.4682,0.4682,9.0,0.4667,3.0,2082.0,53.0
2021-01-05 09:40:37.700,0.4682,0.4686,10.0,0.4667,3.0,2082.0,53.0
2021-01-05 09:40:38.130,0.4682,0.4686,10.0,0.4666,1.0,2082.0,53.0
2021-01-05 09:40:38.651,0.4682,0.4685,2.0,0.4666,1.0,2082.0,53.0
2021-01-05 09:40:39.041,0.4682,0.4684,10.0,0.4666,1.0,2082.0,53.0
2021-01-05 09:40:39.681,0.4682,0.4684,11.0,0.4666,1.0,2082.0,53.0
2021-01-05 09:40:40.061,0.4682,0.4684,11.0,0.4666,1.0,2082.0,53.0
2021-01-05 09:40:41.191,0.4682,0.468,10.0,0.4666,1.0,2082.0,53.0
2021-01-05 09:40:41.640,0.4682,0.468,10.0,0.4666,1.0,2082.0,53.0
2021-01-05 09:40:42.180,0.4682,0.4679,1.0,0.4666,1.0,2082.0,53.0
2021-01-05 09:40:42.601,0.4682,0.4678,10.0,0.4666,1.0,2082.0,53.0
2021-01-05 09:40:44.161,0.4682,0.4677,1.0,0.4666,1.0,2082.0,53.0
2021-01-05 09:40:44.610,0.4682,0.4677,3.0,0.4666,1.0,2082.0,53.0
2021-01-05 09:40:45.131,0.4682,0.4676,10.0,0.4666,1.0,2082.0,53.0
2021-01-05 09:40:46.161,0.4682,0.4675,1.0,0.4666,1.0,2082.0,53.0
2021-01-05 09:40:46.581,0.4682,0.4675,1.0,0.4666,1.0,2082.0,53.0
2021-01-05 09:40:47.211,0.4682,0.4674,12.0,0.4666,1.0,2082.0,53.0
2021-01-05 09:40:47.611,0.4682,0.4674,12.0,0.4666,1.0,2082.0,53.0
2021-01-05 09:40:48.160,0.4682,0.4673,1.0,0.4666,1.0,2082.0,53.0
2021-01-05 09:40:48.700,0.4682,0.4673,1.0,0.4666,1.0,2082.0,53.0
2021-01-05 09:40:49.111,0.4682,0.4672,10.0,0.4666,1.0,2082.0,53.0
2021-01-05 09:40:50.181,0.4682,0.4671,2.0,0.4666,1.0,2082.0,53.0
2021-01-05 09:40:50.671,0.4666,0.4666,1.0,0.4654,10.0,2083.0,54.0
2021-01-05 09:40:51.021,0.4666,0.467,1.0,0.4655,2.0,2083.0,54.0
2021-01-05 09:40:51.601,0.4666,0.4669,10.0,0.4654,10.0,2083.0,54.0
2021-01-05 09:40:52.081,0.4666,0.4669,10.0,0.4654,10.0,2083.0,54.0
2021-01-05 09:40:52.650,0.4666,0.4675,30.0,0.4654,10.0,2083.0,54.0
2021-01-05 09:40:53.651,0.4666,0.4675,30.0,0.4654,10.0,2083.0,54.0
2021-01-05 09:40:54.661,0.4666,0.4675,30.0,0.4654,10.0,2083.0,54.0
2021-01-05 09:40:55.111,0.4666,0.4675,30.0,0.4654,10.0,2083.0,54.0
2021-01-05 09:40:55.681,0.4666,0.4675,10.0,0.4654,10.0,2083.0,54.0
2021-01-05 09:40:56.121,0.4666,0.4679,10.0,0.4658,10.0,2083.0,54.0
2021-01-05 09:40:56.711,0.4666,0.4679,10.0,0.4658,10.0,2083.0,54.0
2021-01-05 09:40:57.180,0.4666,0.4679,10.0,0.4658,30.0,2083.0,54.0
2021-01-05 09:40:57.710,0.4666,0.4679,10.0,0.4658,10.0,2083.0,54.0
2021-01-05 09:40:58.110,0.4666,0.4678,4.0,0.4658,30.0,2083.0,54.0
2021-01-05 09:40:58.721,0.4666,0.4677,10.0,0.4658,10.0,2083.0,54.0
2021-01-05 09:40:58.980,0.4666,0.4677,10.0,0.4658,30.0,2083.0,54.0
2021-01-05 09:40:59.650,0.4666,0.4676,2.0,0.4658,10.0,2083.0,54.0
2021-01-05 09:40:59.921,0.4666,0.4675,4.0,0.4658,10.0,2083.0,54.0
2021-01-05 09:41:00.611,0.4666,0.4674,10.0,0.4658,10.0,2083.0,54.0
2021-01-05 09:41:01.650,0.4666,0.4673,2.0,0.4658,10.0,2083.0,54.0
2021-01-05 09:41:02.190,0.4666,0.4673,2.0,0.4658,10.0,2083.0,54.0
2021-01-05 09:41:02.661,0.4666,0.4673,12.0,0.4658,10.0,2083.0,54.0
2021-01-05 09:41:03.110,0.4666,0.4679,10.0,0.4659,2.0,2083.0,54.0
2021-01-05 09:41:03.721,0.4658,0.4679,10.0,0.4658,10.0,2093.0,64.0
2021-01-05 09:41:04.180,0.4658,0.4679,10.0,0.4658,10.0,2093.0,64.0
2021-01-05 09:41:05.220,0.4658,0.4679,10.0,0.4658,10.0,2093.0,64.0
2021-01-05 09:41:06.620,0.4658,0.468,20.0,0.4663,10.0,2093.0,64.0
2021-01-05 09:41:07.100,0.4658,0.468,10.0,0.4663,10.0,2093.0,64.0
2021-01-05 09:41:07.611,0.4658,0.4684,10.0,0.4663,10.0,2093.0,64.0
2021-01-05 09:41:08.201,0.4658,0.4686,20.0,0.4667,10.0,2093.0,64.0
2021-01-05 09:41:08.701,0.4658,0.4685,10.0,0.4667,10.0,2093.0,64.0
2021-01-05 09:41:09.661,0.4667,0.4685,10.0,0.4667,10.0,2103.0,74.0
2021-01-05 09:41:10.220,0.4667,0.4684,2.0,0.4667,10.0,2103.0,74.0
2021-01-05 09:41:10.710,0.4667,0.4688,10.0,0.4667,10.0,2103.0,74.0
2021-01-05 09:41:11.210,0.4667,0.4692,20.0,0.4672,10.0,2103.0,74.0
2021-01-05 09:41:11.711,0.4667,0.4691,10.0,0.4672,10.0,2103.0,74.0
2021-01-05 09:41:12.151,0.4667,0.469,4.0,0.4672,10.0,2103.0,74.0
2021-01-05 09:41:12.710,0.4667,0.469,4.0,0.4672,10.0,2103.0,74.0
2021-01-05 09:41:13.161,0.4667,0.4689,10.0,0.4672,10.0,2103.0,74.0
2021-01-05 09:41:13.711,0.4667,0.4688,10.0,0.4667,10.0,2103.0,74.0
2021-01-05 09:41:14.160,0.4667,0.4688,10.0,0.4669,20.0,2103.0,74.0
2021-01-05 09:41:14.671,0.4667,0.4688,10.0,0.4667,10.0,2103.0,74.0
2021-01-05 09:41:15.651,0.4667,0.4684,10.0,0.4663,30.0,2113.0,84.0
2021-01-05 09:41:16.210,0.4667,0.4684,10.0,0.4663,10.0,2113.0,84.0
2021-01-05 09:41:17.180,0.4667,0.4684,10.0,0.4663,10.0,2113.0,84.0
2021-01-05 09:41:17.670,0.4667,0.4684,10.0,0.4663,10.0,2113.0,84.0
2021-01-05 09:41:18.141,0.4667,0.4684,10.0,0.4663,10.0,2113.0,84.0
2021-01-05 09:41:18.600,0.4667,0.4684,10.0,0.4663,30.0,2113.0,84.0
2021-01-05 09:41:19.161,0.4667,0.4684,10.0,0.4663,12.0,2113.0,84.0
2021-01-05 09:41:19.601,0.4667,0.4684,10.0,0.4663,32.0,2113.0,84.0
2021-01-05 09:41:19.960,0.4667,0.4683,4.0,0.4663,10.0,2113.0,84.0
2021-01-05 09:41:20.721,0.4667,0.4682,10.0,0.4663,10.0,2113.0,84.0
2021-01-05 09:41:21.190,0.4667,0.4682,10.0,0.4663,10.0,2113.0,84.0
2021-01-05 09:41:21.551,0.4663,0.4682,10.0,0.4665,10.0,2123.0,94.0
2021-01-05 09:41:22.190,0.4663,0.4686,10.0,0.4665,10.0,2123.0,94.0
2021-01-05 09:41:22.700,0.4663,0.4691,10.0,0.467,10.0,2123.0,94.0
2021-01-05 09:41:23.061,0.4663,0.4691,10.0,0.467,10.0,2123.0,94.0
2021-01-05 09:41:24.171,0.4663,0.469,4.0,0.467,10.0,2123.0,94.0
2021-01-05 09:41:24.651,0.4663,0.4689,14.0,0.467,10.0,2123.0,94.0
2021-01-05 09:41:25.120,0.4663,0.4689,14.0,0.467,30.0,2123.0,94.0
2021-01-05 09:41:25.641,0.4663,0.4689,10.0,0.467,10.0,2123.0,94.0
2021-01-05 09:41:26.190,0.4663,0.4689,10.0,0.467,30.0,2123.0,94.0
2021-01-05 09:41:26.670,0.4663,0.4695,30.0,0.4674,10.0,2123.0,94.0
2021-01-05 09:41:27.131,0.4663,0.4695,10.0,0.4674,10.0,2123.0,94.0
2021-01-05 09:41:27.710,0.4674,0.4698,10.0,0.4677,10.0,2133.0,104.0
2021-01-05 09:41:28.171,0.4674,0.4697,4.0,0.4677,30.0,2133.0,104.0
2021-01-05 09:41:28.540,0.4674,0.4696,10.0,0.4677,30.0,2133.0,104.0
2021-01-05 09:41:29.070,0.4674,0.4695,2.0,0.4677,30.0,2133.0,104.0
2021-01-05 09:41:30.180,0.4674,0.4694,10.0,0.4677,30.0,2133.0,104.0
2021-01-05 09:41:30.711,0.4674,0.4694,10.0,0.4677,30.0,2133.0,104.0
2021-01-05 09:41:32.670,0.4674,0.4694,10.0,0.4677,30.0,2133.0,104.0
2021-01-05 09:41:33.171,0.4674,0.4693,4.0,0.4677,30.0,2133.0,104.0
2021-01-05 09:41:33.680,0.4674,0.4693,4.0,0.4677,20.0,2133.0,104.0
2021-01-05 09:41:34.120,0.4674,0.4692,10.0,0.4677,20.0,2133.0,104.0
2021-01-05 09:41:34.720,0.4674,0.4692,10.0,0.4673,10.0,2133.0,104.0
2021-01-05 09:41:35.221,0.4674,0.4692,10.0,0.4673,10.0,2133.0,104.0
2021-01-05 09:41:35.721,0.4674,0.4695,2.0,0.4678,10.0,2133.0,104.0
2021-01-05 09:41:36.070,0.4674,0.4699,10.0,0.4679,4.0,2133.0,104.0
2021-01-05 09:41:36.620,0.4674,0.4705,10.0,0.4684,10.0,2133.0,104.0
2021-01-05 09:41:37.210,0.4674,0.4705,10.0,0.4684,10.0,2133.0,104.0
2021-01-05 09:41:37.711,0.4674,0.4705,10.0,0.4684,10.0,2133.0,104.0
2021-01-05 09:41:38.220,0.4674,0.471,10.0,0.4689,10.0,2133.0,104.0
2021-01-05 09:41:38.650,0.4674,0.471,10.0,0.4689,10.0,2133.0,104.0
2021-01-05 09:41:39.221,0.4674,0.4706,10.0,0.4685,10.0,2133.0,104.0
2021-01-05 09:41:40.231,0.4674,0.4706,30.0,0.4685,10.0,2133.0,104.0
2021-01-05 09:41:41.130,0.4674,0.4701,10.0,0.4684,20.0,2133.0,104.0
2021-01-05 09:41:41.730,0.4674,0.47,2.0,0.4684,20.0,2133.0,104.0
2021-01-05 09:41:42.201,0.4674,0.4699,10.0,0.468,10.0,2133.0,104.0
2021-01-05 09:41:42.690,0.4678,0.4696,10.0,0.4678,20.0,2143.0,114.0
2021-01-05 09:41:43.080,0.4678,0.4696,30.0,0.4678,20.0,2143.0,114.0
2021-01-05 09:41:43.720,0.4678,0.4696,30.0,0.4678,20.0,2143.0,114.0
2021-01-05 09:41:45.190,0.4678,0.4696,10.0,0.4678,20.0,2143.0,114.0
2021-01-05 09:41:45.701,0.4678,0.4695,4.0,0.4678,20.0,2143.0,114.0
2021-01-05 09:41:46.241,0.4678,0.4694,10.0,0.4678,20.0,2143.0,114.0
2021-01-05 09:41:46.661,0.4678,0.4694,10.0,0.4678,20.0,2143.0,114.0
2021-01-05 09:41:47.201,0.4678,0.4694,10.0,0.4678,20.0,2143.0,114.0
2021-01-05 09:41:47.741,0.4678,0.47,12.0,0.4679,10.0,2143.0,114.0
2021-01-05 09:41:48.181,0.4678,0.47,10.0,0.4679,10.0,2143.0,114.0
2021-01-05 09:41:48.740,0.4678,0.4705,10.0,0.4684,10.0,2153.0,124.0
2021-01-05 09:41:49.191,0.4678,0.4704,4.0,0.4684,10.0,2153.0,124.0
2021-01-05 09:41:49.750,0.4678,0.4703,10.0,0.4684,30.0,2153.0,124.0
2021-01-05 09:41:50.231,0.4678,0.4704,4.0,0.4689,10.0,2153.0,124.0
2021-01-05 09:41:50.751,0.4678,0.4704,4.0,0.4689,10.0,2153.0,124.0
2021-01-05 09:41:51.251,0.4678,0.4703,12.0,0.4689,10.0,2153.0,124.0
2021-01-05 09:41:51.760,0.4678,0.4703,12.0,0.4689,10.0,2153.0,124.0
2021-01-05 09:41:52.261,0.4678,0.4703,2.0,0.4689,30.0,2153.0,124.0
2021-01-05 09:41:52.690,0.4678,0.4714,20.0,0.4694,10.0,2153.0,124.0
2021-01-05 09:41:53.151,0.4678,0.4713,10.0,0.4694,10.0,2153.0,124.0
2021-01-05 09:41:54.161,0.4678,0.4712,2.0,0.4694,10.0,2153.0,124.0
2021-01-05 09:41:54.670,0.4694,0.4712,2.0,0.4692,20.0,2163.0,134.0
2021-01-05 09:41:54.880,0.4694,0.4714,20.0,0.4697,10.0,2163.0,134.0
2021-01-05 09:41:55.671,0.4694,0.4718,10.0,0.4697,30.0,2163.0,134.0
2021-01-05 09:41:56.151,0.4694,0.4718,10.0,0.4697,30.0,2163.0,134.0
2021-01-05 09:41:56.661,0.4694,0.4718,10.0,0.4697,30.0,2163.0,134.0
2021-01-05 09:41:57.110,0.4694,0.4718,10.0,0.4697,30.0,2163.0,134.0
2021-01-05 09:41:57.640,0.4694,0.4718,10.0,0.4697,10.0,2163.0,134.0
2021-01-05 09:41:58.130,0.4694,0.4717,4.0,0.4697,10.0,2163.0,134.0
2021-01-05 09:41:58.660,0.4694,0.4716,10.0,0.4697,10.0,2163.0,134.0
2021-01-05 09:41:58.971,0.4694,0.4715,4.0,0.4697,10.0,2163.0,134.0
2021-01-05 09:41:59.700,0.4694,0.4715,4.0,0.4697,10.0,2163.0,134.0
2021-01-05 09:42:00.151,0.4694,0.4714,10.0,0.4697,10.0,2163.0,134.0
2021-01-05 09:42:00.701,0.4694,0.4713,2.0,0.4697,10.0,2163.0,134.0
2021-01-05 09:42:01.190,0.4694,0.4718,10.0,0.4697,10.0,2163.0,134.0
2021-01-05 09:42:01.651,0.4694,0.4723,10.0,0.4702,10.0,2163.0,134.0
2021-01-05 09:42:02.201,0.4694,0.4723,10.0,0.4702,10.0,2163.0,134.0
2021-01-05 09:42:02.641,0.4694,0.4723,10.0,0.4702,10.0,2163.0,134.0
2021-01-05 09:42:03.161,0.4694,0.4722,4.0,0.4702,10.0,2163.0,134.0
2021-01-05 09:42:03.690,0.4694,0.4721,10.0,0.4702,10.0,2163.0,134.0
2021-01-05 09:42:04.091,0.4694,0.472,2.0,0.4702,10.0,2163.0,134.0
2021-01-05 09:42:04.500,0.4694,0.472,2.0,0.4702,10.0,2163.0,134.0
2021-01-05 09:42:05.150,0.4694,0.4719,10.0,0.4702,10.0,2163.0,134.0
2021-01-05 09:42:05.711,0.4694,0.4719,10.0,0.4702,10.0,2163.0,134.0
2021-01-05 09:42:06.181,0.4694,0.4719,10.0,0.4702,10.0,2163.0,134.0
2021-01-05 09:42:06.690,0.4694,0.4719,10.0,0.4702,10.0,2163.0,134.0
2021-01-05 09:42:07.230,0.4694,0.4718,4.0,0.4702,10.0,2163.0,134.0
2021-01-05 09:42:07.691,0.4694,0.4718,4.0,0.4702,10.0,2163.0,134.0
2021-01-05 09:42:08.220,0.4694,0.4717,10.0,0.4702,10.0,2163.0,134.0
2021-01-05 09:42:09.230,0.4694,0.4718,4.0,0.4702,10.0,2163.0,134.0
2021-01-05 09:42:09.551,0.4694,0.4719,20.0,0.4702,10.0,2163.0,134.0
2021-01-05 09:42:10.971,0.4694,0.472,2.0,0.4709,10.0,2163.0,134.0
2021-01-05 09:42:11.691,0.4694,0.4729,20.0,0.4709,10.0,2163.0,134.0
2021-01-05 09:42:12.210,0.4694,0.4729,20.0,0.472,1.0,2163.0,134.0
2021-01-05 09:42:12.721,0.4694,0.4728,2.0,0.472,1.0,2163.0,134.0
2021-01-05 09:42:13.211,0.4694,0.4727,1.0,0.4714,10.0,2163.0,134.0
2021-01-05 09:42:13.731,0.4694,0.4726,10.0,0.4709,10.0,2163.0,134.0
2021-01-05 09:42:15.151,0.4694,0.4726,10.0,0.4709,10.0,2163.0,134.0
2021-01-05 09:42:15.650,0.4694,0.4726,10.0,0.4709,10.0,2163.0,134.0
2021-01-05 09:42:16.181,0.4694,0.4726,10.0,0.4709,10.0,2163.0,134.0
2021-01-05 09:42:16.701,0.4694,0.4726,10.0,0.4709,10.0,2163.0,134.0
2021-01-05 09:42:17.681,0.4694,0.4725,4.0,0.4709,10.0,2163.0,134.0
2021-01-05 09:42:18.100,0.4694,0.4725,4.0,0.4709,10.0,2163.0,134.0
2021-01-05 09:42:18.701,0.4694,0.4724,10.0,0.4709,10.0,2163.0,134.0
2021-01-05 09:42:19.210,0.4694,0.4724,10.0,0.4709,10.0,2163.0,134.0
2021-01-05 09:42:19.721,0.4694,0.4724,10.0,0.4705,10.0,2163.0,134.0
2021-01-05 09:42:20.150,0.4694,0.4724,10.0,0.4705,10.0,2163.0,134.0
2021-01-05 09:42:20.720,0.4694,0.4723,4.0,0.4705,10.0,2163.0,134.0
2021-01-05 09:42:21.231,0.4694,0.4723,4.0,0.4705,10.0,2163.0,134.0
2021-01-05 09:42:21.621,0.4694,0.4722,10.0,0.4705,10.0,2163.0,134.0
2021-01-05 09:42:22.221,0.4694,0.4723,4.0,0.471,10.0,2163.0,134.0
2021-01-05 09:42:22.570,0.4694,0.4728,20.0,0.471,10.0,2163.0,134.0
2021-01-05 09:42:23.170,0.4694,0.4727,10.0,0.471,10.0,2163.0,134.0
2021-01-05 09:42:23.631,0.4694,0.4726,6.0,0.471,10.0,2163.0,134.0
2021-01-05 09:42:24.151,0.4694,0.4726,6.0,0.471,10.0,2163.0,134.0
2021-01-05 09:42:24.670,0.4694,0.4726,6.0,0.471,10.0,2163.0,134.0
2021-01-05 09:42:25.511,0.4694,0.4728,20.0,0.4715,10.0,2163.0,134.0
2021-01-05 09:42:26.130,0.4694,0.4736,30.0,0.4715,10.0,2163.0,134.0
2021-01-05 09:42:27.171,0.4694,0.4736,30.0,0.4715,10.0,2163.0,134.0
2021-01-05 09:42:27.651,0.4694,0.4736,30.0,0.4715,10.0,2163.0,134.0
2021-01-05 09:42:28.130,0.4694,0.4736,30.0,0.4715,10.0,2163.0,134.0
2021-01-05 09:42:29.720,0.4694,0.4736,30.0,0.4715,10.0,2163.0,134.0
2021-01-05 09:42:30.110,0.4694,0.4735,4.0,0.4715,10.0,2163.0,134.0
2021-01-05 09:42:30.710,0.4694,0.4734,10.0,0.4715,10.0,2163.0,134.0
2021-01-05 09:42:31.200,0.4694,0.4733,2.0,0.4715,10.0,2163.0,134.0
2021-01-05 09:42:31.720,0.4694,0.4733,2.0,0.4715,10.0,2163.0,134.0
2021-01-05 09:42:32.131,0.4694,0.4732,10.0,0.4715,10.0,2163.0,134.0
2021-01-05 09:42:32.721,0.4694,0.4733,2.0,0.4716,1.0,2163.0,134.0
2021-01-05 09:42:32.971,0.4694,0.4736,30.0,0.4716,1.0,2163.0,134.0
2021-01-05 09:42:34.210,0.4694,0.4735,2.0,0.4716,1.0,2163.0,134.0
2021-01-05 09:42:34.731,0.4694,0.4734,12.0,0.4716,1.0,2163.0,134.0
2021-01-05 09:42:36.650,0.4694,0.4734,12.0,0.4716,1.0,2163.0,134.0
2021-01-05 09:42:37.251,0.4694,0.4734,12.0,0.4716,1.0,2163.0,134.0
2021-01-05 09:42:37.751,0.4694,0.4734,12.0,0.4716,1.0,2163.0,134.0
2021-01-05 09:42:38.661,0.4694,0.4734,12.0,0.4716,1.0,2163.0,134.0
2021-01-05 09:42:40.221,0.4694,0.4734,10.0,0.4716,1.0,2163.0,134.0
2021-01-05 09:42:40.721,0.4694,0.4736,30.0,0.4717,4.0,2163.0,134.0
2021-01-05 09:42:41.161,0.4694,0.4736,20.0,0.472,10.0,2163.0,134.0
2021-01-05 09:42:41.731,0.4694,0.4741,30.0,0.472,10.0,2163.0,134.0
2021-01-05 09:42:42.250,0.4694,0.4741,10.0,0.472,10.0,2163.0,134.0
2021-01-05 09:42:42.711,0.4694,0.4741,10.0,0.472,10.0,2163.0,134.0
2021-01-05 09:42:43.251,0.4694,0.4741,10.0,0.472,10.0,2163.0,134.0
2021-01-05 09:42:43.741,0.4694,0.474,4.0,0.472,10.0,2163.0,134.0
2021-01-05 09:42:44.211,0.4694,0.4739,10.0,0.472,10.0,2163.0,134.0
2021-01-05 09:42:44.751,0.4694,0.474,4.0,0.4725,10.0,2163.0,134.0
2021-01-05 09:42:45.191,0.4694,0.4739,10.0,0.4725,10.0,2163.0,134.0
2021-01-05 09:42:45.650,0.4694,0.4742,20.0,0.4725,10.0,2163.0,134.0
2021-01-05 09:42:46.240,0.4694,0.4741,10.0,0.4725,10.0,2163.0,134.0
2021-01-05 09:42:46.741,0.4694,0.4741,10.0,0.4725,10.0,2163.0,134.0
2021-01-05 09:42:47.160,0.4694,0.474,2.0,0.4725,10.0,2163.0,134.0
2021-01-05 09:42:47.690,0.4694,0.4746,10.0,0.4725,10.0,2163.0,134.0
2021-01-05 09:42:48.720,0.4694,0.4745,4.0,0.4725,10.0,2163.0,134.0
2021-01-05 09:42:49.110,0.4694,0.4744,10.0,0.4725,10.0,2163.0,134.0
2021-01-05 09:42:50.261,0.4694,0.4743,2.0,0.4725,10.0,2163.0,134.0
2021-01-05 09:42:50.720,0.4694,0.4742,10.0,0.4725,10.0,2163.0,134.0
2021-01-05 09:42:51.060,0.4694,0.4742,10.0,0.4725,10.0,2163.0,134.0
2021-01-05 09:42:51.060,0.4694,0.4741,4.0,0.4725,10.0,2163.0,134.0
2021-01-05 09:42:52.251,0.4694,0.4741,4.0,0.4725,10.0,2163.0,134.0
2021-01-05 09:42:52.601,0.4694,0.4741,14.0,0.4725,10.0,2163.0,134.0
2021-01-05 09:42:53.621,0.4694,0.4743,22.0,0.4725,10.0,2163.0,134.0
2021-01-05 09:42:54.001,0.4694,0.4742,10.0,0.4725,10.0,2163.0,134.0
2021-01-05 09:42:54.710,0.4694,0.4746,10.0,0.4725,10.0,2163.0,134.0
2021-01-05 09:42:55.190,0.4694,0.4746,10.0,0.4725,10.0,2163.0,134.0
2021-01-05 09:42:55.701,0.4694,0.4745,4.0,0.4725,10.0,2163.0,134.0
2021-01-05 09:42:56.191,0.4694,0.4744,10.0,0.4725,10.0,2163.0,134.0
2021-01-05 09:42:56.631,0.4694,0.4744,10.0,0.4725,10.0,2163.0,134.0
2021-01-05 09:42:57.171,0.4694,0.4746,10.0,0.4725,10.0,2163.0,134.0
2021-01-05 09:42:57.661,0.4694,0.4748,20.0,0.4731,10.0,2163.0,134.0
2021-01-05 09:42:58.220,0.4694,0.4747,2.0,0.4731,10.0,2163.0,134.0
2021-01-05 09:42:58.731,0.4694,0.4746,4.0,0.4731,10.0,2163.0,134.0
2021-01-05 09:42:59.230,0.4694,0.4746,4.0,0.4727,20.0,2163.0,134.0
2021-01-05 09:42:59.730,0.4694,0.4746,4.0,0.4726,10.0,2163.0,134.0
2021-01-05 09:43:00.131,0.4694,0.4746,14.0,0.4726,10.0,2163.0,134.0
2021-01-05 09:43:00.721,0.4694,0.4747,2.0,0.4731,10.0,2163.0,134.0
2021-01-05 09:43:01.201,0.4694,0.4746,4.0,0.4731,10.0,2163.0,134.0
2021-01-05 09:43:01.701,0.4694,0.4745,2.0,0.4731,10.0,2163.0,134.0
2021-01-05 09:43:01.981,0.4694,0.4746,4.0,0.4731,10.0,2163.0,134.0
2021-01-05 09:43:02.681,0.4694,0.4746,4.0,0.4731,10.0,2163.0,134.0
2021-01-05 09:43:03.241,0.4694,0.4748,20.0,0.4731,10.0,2163.0,134.0
2021-01-05 09:43:03.701,0.4694,0.4752,10.0,0.4731,10.0,2163.0,134.0
2021-01-05 09:43:04.240,0.4694,0.4751,4.0,0.4731,10.0,2163.0,134.0
2021-01-05 09:43:04.240,0.4694,0.475,10.0,0.4731,10.0,2163.0,134.0
2021-01-05 09:43:05.251,0.4694,0.4749,4.0,0.4731,10.0,2163.0,134.0
2021-01-05 09:43:05.681,0.4694,0.4747,10.0,0.4725,10.0,2163.0,134.0
2021-01-05 09:43:06.171,0.4694,0.4747,30.0,0.4725,10.0,2163.0,134.0
2021-01-05 09:43:06.680,0.4694,0.4746,2.0,0.4725,10.0,2163.0,134.0
2021-01-05 09:43:07.231,0.4694,0.4745,12.0,0.4725,10.0,2163.0,134.0
2021-01-05 09:43:07.710,0.4694,0.4745,12.0,0.4725,10.0,2163.0,134.0
2021-01-05 09:43:08.181,0.4694,0.4745,22.0,0.4725,10.0,2163.0,134.0
2021-01-05 09:43:08.701,0.4694,0.4745,22.0,0.4725,10.0,2163.0,134.0
2021-01-05 09:43:08.701,0.4694,0.4744,4.0,0.4725,10.0,2163.0,134.0
2021-01-05 09:43:09.740,0.4694,0.4742,10.0,0.4721,10.0,2163.0,134.0
2021-01-05 09:43:10.150,0.4694,0.4743,2.0,0.4725,10.0,2163.0,134.0
2021-01-05 09:43:10.761,0.4694,0.4742,10.0,0.4725,10.0,2163.0,134.0
2021-01-05 09:43:11.250,0.4694,0.4742,10.0,0.4725,10.0,2163.0,134.0
2021-01-05 09:43:11.750,0.4694,0.4747,10.0,0.4725,10.0,2163.0,134.0
2021-01-05 09:43:12.730,0.4694,0.4747,10.0,0.4725,10.0,2163.0,134.0
2021-01-05 09:43:13.210,0.4694,0.4746,4.0,0.4725,10.0,2163.0,134.0
2021-01-05 09:43:13.740,0.4747,0.4753,20.0,0.4747,6.0,2197.0,168.0
2021-01-05 09:43:14.270,0.4747,0.4743,10.0,0.4722,10.0,2203.0,174.0
2021-01-05 09:43:15.241,0.4747,0.4739,10.0,0.4717,10.0,2203.0,174.0
2021-01-05 09:43:15.771,0.4747,0.4739,10.0,0.4717,10.0,2203.0,174.0
2021-01-05 09:43:16.270,0.4747,0.4739,10.0,0.4717,10.0,2203.0,174.0
2021-01-05 09:43:16.720,0.4747,0.4739,10.0,0.4718,4.0,2203.0,174.0
2021-01-05 09:43:17.271,0.4747,0.4739,10.0,0.4719,4.0,2203.0,174.0
2021-01-05 09:43:17.771,0.4747,0.4739,10.0,0.4717,10.0,2203.0,174.0
2021-01-05 09:43:18.270,0.4747,0.4739,10.0,0.4717,10.0,2203.0,174.0
2021-01-05 09:43:20.731,0.4747,0.4739,10.0,0.4717,10.0,2203.0,174.0
2021-01-05 09:43:21.271,0.4747,0.4739,10.0,0.4717,30.0,2203.0,174.0
2021-01-05 09:43:21.701,0.4747,0.4739,10.0,0.4718,4.0,2203.0,174.0
2021-01-05 09:43:22.281,0.4747,0.4743,20.0,0.4723,10.0,2203.0,174.0
2021-01-05 09:43:22.641,0.4747,0.4742,10.0,0.4723,10.0,2203.0,174.0
2021-01-05 09:43:23.201,0.4747,0.4742,10.0,0.4723,10.0,2203.0,174.0
2021-01-05 09:43:24.120,0.4747,0.4743,20.0,0.4723,10.0,2203.0,174.0
2021-01-05 09:43:24.631,0.4747,0.4742,10.0,0.4723,10.0,2203.0,174.0
2021-01-05 09:43:25.201,0.4747,0.4742,10.0,0.4724,4.0,2203.0,174.0
2021-01-05 09:43:25.701,0.4747,0.4742,10.0,0.4725,4.0,2203.0,174.0
2021-01-05 09:43:26.060,0.4747,0.4743,20.0,0.4728,10.0,2203.0,174.0
2021-01-05 09:43:26.621,0.4747,0.4749,30.0,0.4729,4.0,2203.0,174.0
2021-01-05 09:43:27.190,0.4747,0.4749,30.0,0.4728,10.0,2203.0,174.0
2021-01-05 09:43:27.620,0.4747,0.4749,30.0,0.4728,10.0,2203.0,174.0
2021-01-05 09:43:28.091,0.4747,0.4749,30.0,0.4728,10.0,2203.0,174.0
2021-01-05 09:43:29.660,0.4747,0.4749,30.0,0.4728,10.0,2203.0,174.0
2021-01-05 09:43:30.050,0.4747,0.4749,30.0,0.4728,10.0,2203.0,174.0
2021-01-05 09:43:30.701,0.4747,0.4749,30.0,0.4728,10.0,2203.0,174.0
2021-01-05 09:43:31.111,0.4747,0.4749,30.0,0.4728,10.0,2203.0,174.0
2021-01-05 09:43:31.720,0.4747,0.4749,30.0,0.4729,2.0,2203.0,174.0
2021-01-05 09:43:32.181,0.4747,0.4749,30.0,0.473,4.0,2203.0,174.0
2021-01-05 09:43:32.680,0.4747,0.4749,30.0,0.4731,4.0,2203.0,174.0
2021-01-05 09:43:33.141,0.4747,0.4748,2.0,0.4728,10.0,2203.0,174.0
2021-01-05 09:43:33.600,0.4747,0.4747,10.0,0.4728,10.0,2203.0,174.0
2021-01-05 09:43:34.221,0.4747,0.4747,10.0,0.4728,10.0,2203.0,174.0
2021-01-05 09:43:34.691,0.4747,0.4747,10.0,0.4728,10.0,2203.0,174.0
2021-01-05 09:43:35.160,0.4747,0.4747,10.0,0.4728,10.0,2203.0,174.0
2021-01-05 09:43:35.681,0.4747,0.4747,10.0,0.4728,10.0,2203.0,174.0
2021-01-05 09:43:36.661,0.4747,0.4745,10.0,0.4723,10.0,2203.0,174.0
2021-01-05 09:43:37.631,0.4747,0.4745,10.0,0.4724,4.0,2203.0,174.0
2021-01-05 09:43:38.221,0.4747,0.4745,10.0,0.4724,4.0,2203.0,174.0
2021-01-05 09:43:38.680,0.4747,0.4745,10.0,0.4723,10.0,2203.0,174.0
2021-01-05 09:43:39.241,0.4747,0.4745,10.0,0.4725,4.0,2203.0,174.0
2021-01-05 09:43:39.711,0.4747,0.4745,10.0,0.4723,10.0,2203.0,174.0
2021-01-05 09:43:40.731,0.4747,0.4745,10.0,0.4723,10.0,2203.0,174.0
2021-01-05 09:43:41.671,0.4747,0.4745,10.0,0.4723,10.0,2203.0,174.0
2021-01-05 09:43:42.191,0.4747,0.4745,10.0,0.4723,10.0,2203.0,174.0
2021-01-05 09:43:43.231,0.4747,0.4745,10.0,0.4723,10.0,2203.0,174.0
2021-01-05 09:43:43.711,0.4747,0.4745,10.0,0.4723,10.0,2203.0,174.0
2021-01-05 09:43:44.670,0.4747,0.4745,10.0,0.4724,4.0,2203.0,174.0
2021-01-05 09:43:45.221,0.4747,0.4745,10.0,0.4724,4.0,2203.0,174.0
2021-01-05 09:43:46.750,0.4747,0.4745,10.0,0.4723,10.0,2203.0,174.0
2021-01-05 09:43:47.250,0.4747,0.4745,10.0,0.4724,4.0,2203.0,174.0
2021-01-05 09:43:47.661,0.4747,0.4745,10.0,0.4723,10.0,2203.0,174.0
2021-01-05 09:43:48.220,0.4747,0.4745,10.0,0.4723,10.0,2203.0,174.0
2021-01-05 09:43:48.721,0.4747,0.4745,10.0,0.4723,10.0,2203.0,174.0
2021-01-05 09:43:49.061,0.4747,0.4745,10.0,0.4723,10.0,2203.0,174.0
2021-01-05 09:43:49.601,0.4747,0.474,10.0,0.4718,10.0,2203.0,174.0
2021-01-05 09:43:50.110,0.4747,0.474,30.0,0.4718,10.0,2203.0,174.0
2021-01-05 09:43:50.650,0.4747,0.474,20.0,0.4716,1.0,2203.0,174.0
2021-01-05 09:43:51.221,0.4747,0.4735,10.0,0.4716,1.0,2203.0,174.0
2021-01-05 09:43:51.660,0.4747,0.4734,2.0,0.4717,4.0,2203.0,174.0
2021-01-05 09:43:52.200,0.4747,0.4733,10.0,0.4717,4.0,2203.0,174.0
2021-01-05 09:43:52.681,0.4747,0.4732,2.0,0.4716,1.0,2203.0,174.0
2021-01-05 09:43:53.201,0.4747,0.4732,2.0,0.4716,1.0,2203.0,174.0
2021-01-05 09:43:53.610,0.4747,0.4731,10.0,0.4716,1.0,2203.0,174.0
2021-01-05 09:43:54.191,0.4747,0.4731,10.0,0.4716,1.0,2203.0,174.0
2021-01-05 09:43:54.980,0.4747,0.4732,2.0,0.4716,1.0,2203.0,174.0
2021-01-05 09:43:55.660,0.4747,0.4731,10.0,0.4716,1.0,2203.0,174.0
2021-01-05 09:43:56.721,0.4747,0.4731,10.0,0.4716,1.0,2203.0,174.0
2021-01-05 09:43:57.650,0.4747,0.4731,10.0,0.4716,1.0,2203.0,174.0
2021-01-05 09:43:58.711,0.4747,0.4731,10.0,0.4716,1.0,2203.0,174.0
2021-01-05 09:43:59.170,0.4747,0.4731,10.0,0.4716,1.0,2203.0,174.0
2021-01-05 09:44:00.701,0.4747,0.4731,10.0,0.4716,1.0,2203.0,174.0
2021-01-05 09:44:01.621,0.4747,0.4731,10.0,0.4716,1.0,2203.0,174.0
2021-01-05 09:44:02.711,0.4747,0.473,1.0,0.4716,1.0,2203.0,174.0
2021-01-05 09:44:03.241,0.4747,0.473,31.0,0.4716,1.0,2203.0,174.0
2021-01-05 09:44:03.750,0.4716,0.4714,1.0,0.4708,10.0,2204.0,175.0
2021-01-05 09:44:04.230,0.4716,0.4724,10.0,0.4703,30.0,2204.0,175.0
2021-01-05 09:44:04.751,0.4716,0.4724,30.0,0.4703,10.0,2204.0,175.0
2021-01-05 09:44:05.260,0.4716,0.4724,30.0,0.4703,10.0,2204.0,175.0
2021-01-05 09:44:05.761,0.4716,0.4722,10.0,0.4703,10.0,2204.0,175.0
2021-01-05 09:44:06.261,0.4716,0.4721,12.0,0.4703,10.0,2204.0,175.0
2021-01-05 09:44:06.770,0.4716,0.4721,12.0,0.4703,10.0,2204.0,175.0
2021-01-05 09:44:07.281,0.4716,0.4721,12.0,0.4694,20.0,2204.0,175.0
2021-01-05 09:44:07.750,0.4716,0.4719,10.0,0.4698,10.0,2204.0,175.0
2021-01-05 09:44:08.230,0.4716,0.4719,30.0,0.4698,10.0,2204.0,175.0
2021-01-05 09:44:10.270,0.4716,0.4719,30.0,0.4698,10.0,2204.0,175.0
2021-01-05 09:44:10.781,0.4716,0.4719,30.0,0.4698,10.0,2204.0,175.0
2021-01-05 09:44:11.271,0.4716,0.4719,30.0,0.4698,10.0,2204.0,175.0
2021-01-05 09:44:12.270,0.4716,0.4719,30.0,0.4698,10.0,2204.0,175.0
2021-01-05 09:44:13.230,0.4716,0.4719,30.0,0.4699,4.0,2204.0,175.0
2021-01-05 09:44:13.770,0.4716,0.4719,30.0,0.4698,10.0,2204.0,175.0
2021-01-05 09:44:14.781,0.4716,0.4719,30.0,0.4698,10.0,2204.0,175.0
2021-01-05 09:44:15.280,0.4716,0.4719,30.0,0.4698,10.0,2204.0,175.0
2021-01-05 09:44:15.780,0.4716,0.4719,30.0,0.4699,4.0,2204.0,175.0
2021-01-05 09:44:16.281,0.4716,0.4719,30.0,0.4699,4.0,2204.0,175.0
2021-01-05 09:44:17.280,0.4716,0.4719,30.0,0.47,2.0,2204.0,175.0
2021-01-05 09:44:17.770,0.4716,0.4719,10.0,0.4701,2.0,2204.0,175.0
2021-01-05 09:44:18.231,0.4716,0.4724,20.0,0.4701,4.0,2204.0,175.0
2021-01-05 09:44:18.780,0.4716,0.4723,10.0,0.4702,12.0,2204.0,175.0
2021-01-05 09:44:19.261,0.4716,0.4723,10.0,0.4702,10.0,2204.0,175.0
2021-01-05 09:44:19.781,0.4716,0.4723,10.0,0.4702,10.0,2204.0,175.0
2021-01-05 09:44:20.300,0.4716,0.4723,10.0,0.4702,10.0,2204.0,175.0
2021-01-05 09:44:20.780,0.4716,0.4723,10.0,0.4702,10.0,2204.0,175.0
2021-01-05 09:44:22.131,0.4716,0.4723,10.0,0.4702,10.0,2204.0,175.0
2021-01-05 09:44:23.620,0.4716,0.4719,10.0,0.47,20.0,2204.0,175.0
2021-01-05 09:44:24.221,0.4716,0.4719,10.0,0.4701,2.0,2204.0,175.0
2021-01-05 09:44:24.680,0.4716,0.4719,10.0,0.4702,2.0,2204.0,175.0
2021-01-05 09:44:25.120,0.4716,0.4718,2.0,0.4701,2.0,2204.0,175.0
2021-01-05 09:44:25.660,0.4716,0.4717,10.0,0.4701,2.0,2204.0,175.0
2021-01-05 09:44:26.090,0.4716,0.4717,10.0,0.4701,2.0,2204.0,175.0
2021-01-05 09:44:26.701,0.4716,0.4717,10.0,0.4701,2.0,2204.0,175.0
2021-01-05 09:44:27.201,0.4716,0.4717,10.0,0.4702,2.0,2204.0,175.0
2021-01-05 09:44:27.710,0.4716,0.4716,2.0,0.4698,10.0,2204.0,175.0
2021-01-05 09:44:28.221,0.4716,0.4716,2.0,0.4698,10.0,2204.0,175.0
2021-01-05 09:44:28.680,0.4716,0.4715,10.0,0.4698,10.0,2204.0,175.0
2021-01-05 09:44:29.200,0.4716,0.4715,10.0,0.4698,10.0,2204.0,175.0
2021-01-05 09:44:29.640,0.4716,0.4714,10.0,0.4695,20.0,2204.0,175.0
2021-01-05 09:44:30.720,0.4716,0.4714,10.0,0.4695,20.0,2204.0,175.0
2021-01-05 09:44:32.220,0.4716,0.4714,10.0,0.4695,20.0,2204.0,175.0
2021-01-05 09:44:32.670,0.4716,0.4714,10.0,0.4693,10.0,2204.0,175.0
2021-01-05 09:44:33.240,0.4716,0.471,10.0,0.469,20.0,2204.0,175.0
2021-01-05 09:44:33.730,0.4716,0.471,10.0,0.469,20.0,2204.0,175.0
2021-01-05 09:44:34.141,0.4716,0.471,10.0,0.469,20.0,2204.0,175.0
2021-01-05 09:44:34.520,0.4716,0.471,10.0,0.469,20.0,2204.0,175.0
2021-01-05 09:44:35.221,0.4716,0.471,10.0,0.469,20.0,2204.0,175.0
2021-01-05 09:44:35.740,0.4716,0.471,10.0,0.4691,4.0,2204.0,175.0
2021-01-05 09:44:36.220,0.4716,0.471,10.0,0.4691,4.0,2204.0,175.0
2021-01-05 09:44:36.741,0.4716,0.471,10.0,0.4691,4.0,2204.0,175.0
2021-01-05 09:44:37.240,0.4716,0.471,10.0,0.4691,4.0,2204.0,175.0
2021-01-05 09:44:37.751,0.4716,0.471,10.0,0.469,20.0,2204.0,175.0
2021-01-05 09:44:38.201,0.4716,0.471,10.0,0.469,20.0,2204.0,175.0
2021-01-05 09:44:38.731,0.4716,0.471,10.0,0.469,20.0,2204.0,175.0
2021-01-05 09:44:39.661,0.4716,0.471,10.0,0.4689,10.0,2204.0,175.0
2021-01-05 09:44:40.220,0.4716,0.4706,10.0,0.4687,10.0,2204.0,175.0
2021-01-05 09:44:40.750,0.4716,0.4706,10.0,0.4685,30.0,2204.0,175.0
2021-01-05 09:44:41.211,0.4716,0.4705,2.0,0.4685,30.0,2204.0,175.0
2021-01-05 09:44:41.730,0.4716,0.4704,10.0,0.4685,30.0,2204.0,175.0
2021-01-05 09:44:42.250,0.4716,0.4704,10.0,0.4685,30.0,2204.0,175.0
2021-01-05 09:44:43.230,0.4716,0.4704,10.0,0.4686,4.0,2204.0,175.0
2021-01-05 09:44:44.260,0.4716,0.4704,10.0,0.4687,4.0,2204.0,175.0
2021-01-05 09:44:44.761,0.4716,0.4704,10.0,0.4685,30.0,2204.0,175.0
2021-01-05 09:44:45.261,0.4716,0.4705,2.0,0.4691,10.0,2204.0,175.0
2021-01-05 09:44:45.760,0.4716,0.4715,10.0,0.4694,10.0,2204.0,175.0
2021-01-05 09:44:46.271,0.4716,0.4715,10.0,0.4694,10.0,2204.0,175.0
2021-01-05 09:44:46.771,0.4716,0.4715,10.0,0.4694,10.0,2204.0,175.0
2021-01-05 09:44:47.251,0.4716,0.4715,10.0,0.4694,10.0,2204.0,175.0
2021-01-05 09:44:47.770,0.4716,0.4715,10.0,0.4694,10.0,2204.0,175.0
2021-01-05 09:44:48.271,0.4716,0.4715,10.0,0.4694,10.0,2204.0,175.0
2021-01-05 09:44:49.270,0.4716,0.4715,10.0,0.4694,10.0,2204.0,175.0
2021-01-05 09:44:50.300,0.4716,0.4715,10.0,0.4695,4.0,2204.0,175.0
2021-01-05 09:44:50.811,0.4716,0.4715,10.0,0.4695,4.0,2204.0,175.0
2021-01-05 09:44:51.231,0.4716,0.4715,10.0,0.4695,4.0,2204.0,175.0
2021-01-05 09:44:51.810,0.4716,0.4715,10.0,0.4695,4.0,2204.0,175.0
2021-01-05 09:44:53.201,0.4716,0.4715,10.0,0.4694,10.0,2204.0,175.0
2021-01-05 09:44:53.710,0.4716,0.4715,10.0,0.4694,10.0,2204.0,175.0
2021-01-05 09:44:54.551,0.4716,0.4715,10.0,0.4694,10.0,2204.0,175.0
