,last,ask1,asize1,bid1,bsize1,oi,volume
2021-01-05 09:24:35.221,0.0073,0.0073,1.0,0.0073,1.0,46503.0,
2021-01-05 09:24:50.290,0.0073,0.0073,1.0,0.0073,1.0,46503.0,
2021-01-05 09:25:00.080,0.0073,0.0082,1.0,0.0073,1.0,46504.0,1.0
2021-01-05 09:30:00.451,0.0073,0.0083,1.0,0.0073,1.0,46504.0,1.0
2021-01-05 09:30:00.980,0.0073,0.0081,1.0,0.007,50.0,46504.0,1.0
2021-01-05 09:30:01.481,0.0073,0.0081,1.0,0.007,50.0,46504.0,1.0
2021-01-05 09:30:01.640,0.0073,0.0081,1.0,0.0072,20.0,46504.0,1.0
2021-01-05 09:30:02.501,0.0073,0.0085,20.0,0.0072,20.0,46504.0,1.0
2021-01-05 09:30:03.010,0.0073,0.009,20.0,0.0072,20.0,46504.0,1.0
2021-01-05 09:30:03.980,0.0073,0.0089,20.0,0.0071,20.0,46504.0,1.0
2021-01-05 09:30:05.010,0.0073,0.04,3.0,0.0071,20.0,46504.0,1.0
2021-01-05 09:30:15.991,0.0073,0.04,3.0,0.0071,20.0,46504.0,1.0
2021-01-05 09:30:17.021,0.0073,0.04,3.0,0.0071,20.0,46504.0,1.0
2021-01-05 09:30:17.641,0.0073,0.04,3.0,0.0071,20.0,46504.0,1.0
2021-01-05 09:30:18.231,0.0073,0.04,3.0,0.0071,20.0,46504.0,1.0
2021-01-05 09:30:18.750,0.0073,0.04,3.0,0.0071,20.0,46504.0,1.0
2021-01-05 09:30:19.251,0.0073,0.04,3.0,0.0071,20.0,46504.0,1.0
2021-01-05 09:30:19.751,0.0073,0.04,3.0,0.0071,20.0,46504.0,1.0
2021-01-05 09:30:20.240,0.0073,0.04,3.0,0.0071,20.0,46504.0,1.0
2021-01-05 09:30:20.740,0.0073,0.04,3.0,0.0071,20.0,46504.0,1.0
2021-01-05 09:30:21.241,0.0073,0.04,3.0,0.0071,20.0,46504.0,1.0
2021-01-05 09:30:21.741,0.0073,0.04,3.0,0.0071,20.0,46504.0,1.0
2021-01-05 09:30:22.240,0.0073,0.04,3.0,0.0071,20.0,46504.0,1.0
2021-01-05 09:30:22.671,0.0073,0.04,3.0,0.0071,20.0,46504.0,1.0
2021-01-05 09:30:23.170,0.0073,0.04,3.0,0.0071,20.0,46504.0,1.0
2021-01-05 09:30:23.670,0.0073,0.04,3.0,0.0071,20.0,46504.0,1.0
2021-01-05 09:30:24.161,0.0073,0.04,3.0,0.0071,20.0,46504.0,1.0
2021-01-05 09:30:24.661,0.0073,0.04,3.0,0.0071,20.0,46504.0,1.0
2021-01-05 09:30:25.160,0.0073,0.04,3.0,0.0071,20.0,46504.0,1.0
2021-01-05 09:30:25.241,0.0073,0.04,3.0,0.0071,20.0,46504.0,1.0
2021-01-05 09:30:26.171,0.0073,0.04,3.0,0.0071,20.0,46504.0,1.0
2021-01-05 09:30:26.670,0.0073,0.04,3.0,0.0071,20.0,46504.0,1.0
2021-01-05 09:30:27.170,0.0073,0.04,3.0,0.0071,20.0,46504.0,1.0
2021-01-05 09:30:27.671,0.0073,0.04,3.0,0.0071,20.0,46504.0,1.0
2021-01-05 09:30:28.161,0.0073,0.04,3.0,0.0071,20.0,46504.0,1.0
2021-01-05 09:30:28.670,0.0073,0.04,3.0,0.0071,20.0,46504.0,1.0
2021-01-05 09:30:29.150,0.0073,0.04,3.0,0.0071,20.0,46504.0,1.0
2021-01-05 09:30:29.650,0.0073,0.04,3.0,0.0071,20.0,46504.0,1.0
2021-01-05 09:30:30.171,0.0073,0.04,3.0,0.0071,20.0,46504.0,1.0
2021-01-05 09:30:30.620,0.0073,0.04,3.0,0.0071,20.0,46504.0,1.0
2021-01-05 09:30:31.121,0.0073,0.04,3.0,0.0071,20.0,46504.0,1.0
2021-01-05 09:30:31.661,0.0073,0.04,3.0,0.0071,20.0,46504.0,1.0
2021-01-05 09:30:32.140,0.0073,0.04,3.0,0.0071,20.0,46504.0,1.0
2021-01-05 09:30:32.631,0.0073,0.04,3.0,0.0071,20.0,46504.0,1.0
2021-01-05 09:30:33.171,0.0073,0.04,3.0,0.0071,20.0,46504.0,1.0
2021-01-05 09:30:33.671,0.0073,0.04,3.0,0.0071,20.0,46504.0,1.0
2021-01-05 09:30:34.191,0.0073,0.04,3.0,0.0071,20.0,46504.0,1.0
2021-01-05 09:30:34.670,0.0073,0.04,3.0,0.0071,20.0,46504.0,1.0
2021-01-05 09:30:35.121,0.0073,0.04,3.0,0.0071,20.0,46504.0,1.0
2021-01-05 09:30:35.680,0.0073,0.04,3.0,0.0072,14.0,46504.0,1.0
2021-01-05 09:30:36.170,0.0073,0.04,3.0,0.0072,14.0,46504.0,1.0
2021-01-05 09:30:36.681,0.0073,0.04,3.0,0.0072,14.0,46504.0,1.0
2021-01-05 09:30:37.171,0.0073,0.04,3.0,0.0072,14.0,46504.0,1.0
2021-01-05 09:30:37.670,0.0073,0.04,3.0,0.0072,14.0,46504.0,1.0
2021-01-05 09:30:38.141,0.0073,0.04,3.0,0.0072,14.0,46504.0,1.0
2021-01-05 09:30:38.700,0.0073,0.04,3.0,0.0072,14.0,46504.0,1.0
2021-01-05 09:30:39.201,0.0073,0.04,3.0,0.0072,14.0,46504.0,1.0
2021-01-05 09:30:39.680,0.0073,0.04,3.0,0.0072,14.0,46504.0,1.0
2021-01-05 09:30:40.170,0.0073,0.04,3.0,0.0072,14.0,46504.0,1.0
2021-01-05 09:30:40.690,0.0073,0.04,3.0,0.0072,14.0,46504.0,1.0
2021-01-05 09:30:41.011,0.0073,0.04,3.0,0.0072,14.0,46504.0,1.0
2021-01-05 09:30:41.701,0.0073,0.04,3.0,0.0072,14.0,46504.0,1.0
2021-01-05 09:30:42.181,0.0073,0.04,3.0,0.0072,14.0,46504.0,1.0
2021-01-05 09:30:42.671,0.0073,0.04,3.0,0.0072,14.0,46504.0,1.0
2021-01-05 09:30:43.180,0.0073,0.04,3.0,0.0072,14.0,46504.0,1.0
2021-01-05 09:30:43.180,0.0073,0.04,33.0,0.0072,44.0,46504.0,1.0
2021-01-05 09:30:44.181,0.0073,0.04,33.0,0.0072,44.0,46504.0,1.0
2021-01-05 09:30:44.650,0.0073,0.04,33.0,0.0072,44.0,46504.0,1.0
2021-01-05 09:30:45.161,0.0073,0.04,33.0,0.0072,44.0,46504.0,1.0
2021-01-05 09:30:45.710,0.0073,0.04,33.0,0.0072,44.0,46504.0,1.0
2021-01-05 09:30:46.200,0.0073,0.04,33.0,0.0072,44.0,46504.0,1.0
2021-01-05 09:30:46.701,0.0073,0.04,33.0,0.0072,44.0,46504.0,1.0
2021-01-05 09:30:47.191,0.0073,0.04,33.0,0.0072,44.0,46504.0,1.0
2021-01-05 09:30:47.691,0.0073,0.04,33.0,0.0072,44.0,46504.0,1.0
2021-01-05 09:30:48.200,0.0073,0.04,33.0,0.0072,44.0,46504.0,1.0
2021-01-05 09:30:48.711,0.0073,0.04,33.0,0.0072,44.0,46504.0,1.0
2021-01-05 09:30:49.210,0.0073,0.04,33.0,0.0072,44.0,46504.0,1.0
2021-01-05 09:30:49.700,0.0073,0.04,33.0,0.0072,44.0,46504.0,1.0
2021-01-05 09:30:50.171,0.0073,0.04,33.0,0.0072,44.0,46504.0,1.0
2021-01-05 09:30:50.720,0.0073,0.04,33.0,0.0072,44.0,46504.0,1.0
2021-01-05 09:30:51.181,0.0073,0.04,33.0,0.0072,44.0,46504.0,1.0
2021-01-05 09:30:51.521,0.0073,0.04,33.0,0.0072,44.0,46504.0,1.0
2021-01-05 09:30:52.221,0.0073,0.04,33.0,0.0072,44.0,46504.0,1.0
2021-01-05 09:30:52.651,0.0073,0.04,33.0,0.0072,44.0,46504.0,1.0
2021-01-05 09:30:53.120,0.0073,0.04,33.0,0.0072,44.0,46504.0,1.0
2021-01-05 09:30:53.660,0.0073,0.04,33.0,0.0072,44.0,46504.0,1.0
2021-01-05 09:30:54.130,0.0073,0.04,33.0,0.0072,44.0,46504.0,1.0
2021-01-05 09:30:54.670,0.0073,0.04,33.0,0.0072,44.0,46504.0,1.0
2021-01-05 09:30:55.081,0.0073,0.04,33.0,0.0072,44.0,46504.0,1.0
2021-01-05 09:30:55.671,0.0073,0.04,33.0,0.0072,44.0,46504.0,1.0
2021-01-05 09:30:56.170,0.0073,0.04,33.0,0.0072,44.0,46504.0,1.0
2021-01-05 09:30:56.660,0.0073,0.04,33.0,0.0072,44.0,46504.0,1.0
2021-01-05 09:30:57.171,0.0073,0.04,33.0,0.0072,44.0,46504.0,1.0
2021-01-05 09:30:57.600,0.0073,0.04,33.0,0.0072,44.0,46504.0,1.0
2021-01-05 09:30:58.091,0.0073,0.04,33.0,0.0072,44.0,46504.0,1.0
2021-01-05 09:30:59.171,0.0073,0.0089,70.0,0.0072,84.0,46504.0,1.0
2021-01-05 09:31:00.681,0.0073,0.0089,70.0,0.0072,84.0,46504.0,1.0
2021-01-05 09:31:01.140,0.0073,0.0089,70.0,0.0072,84.0,46504.0,1.0
2021-01-05 09:31:02.170,0.0073,0.0089,50.0,0.0072,74.0,46504.0,1.0
2021-01-05 09:31:02.681,0.0073,0.0089,70.0,0.0072,94.0,46504.0,1.0
2021-01-05 09:31:05.670,0.0073,0.0089,70.0,0.0074,16.0,46504.0,1.0
2021-01-05 09:31:06.160,0.0073,0.0089,70.0,0.0074,66.0,46504.0,1.0
2021-01-05 09:31:06.681,0.0073,0.0089,70.0,0.0074,66.0,46504.0,1.0
2021-01-05 09:31:07.190,0.0073,0.0088,20.0,0.0074,66.0,46504.0,1.0
2021-01-05 09:31:07.670,0.0073,0.0088,20.0,0.0074,66.0,46504.0,1.0
2021-01-05 09:31:08.200,0.0073,0.0088,20.0,0.0074,66.0,46504.0,1.0
2021-01-05 09:31:26.681,0.0073,0.0087,14.0,0.0074,66.0,46504.0,1.0
2021-01-05 09:31:27.171,0.0073,0.0087,64.0,0.0074,66.0,46504.0,1.0
2021-01-05 09:31:36.181,0.0073,0.0086,19.0,0.0074,50.0,46504.0,1.0
2021-01-05 09:31:36.690,0.0073,0.0086,39.0,0.0075,14.0,46504.0,1.0
2021-01-05 09:31:37.191,0.0073,0.0086,39.0,0.0075,34.0,46504.0,1.0
2021-01-05 09:31:38.190,0.0073,0.0086,39.0,0.0075,14.0,46504.0,1.0
2021-01-05 09:31:39.210,0.0073,0.0086,39.0,0.0074,44.0,46504.0,1.0
2021-01-05 09:31:39.710,0.0073,0.0085,12.0,0.0076,12.0,46504.0,1.0
2021-01-05 09:31:40.190,0.0073,0.0084,17.0,0.0076,42.0,46504.0,1.0
2021-01-05 09:31:40.711,0.0073,0.0084,79.0,0.0076,42.0,46504.0,1.0
2021-01-05 09:31:41.191,0.0073,0.0083,12.0,0.0076,30.0,46504.0,1.0
2021-01-05 09:31:41.691,0.0073,0.0083,62.0,0.0076,30.0,46504.0,1.0
2021-01-05 09:31:42.211,0.0073,0.0082,17.0,0.0076,30.0,46504.0,1.0
2021-01-05 09:31:42.711,0.0073,0.0082,79.0,0.0076,30.0,46504.0,1.0
2021-01-05 09:31:43.191,0.0073,0.0082,67.0,0.0076,30.0,46504.0,1.0
2021-01-05 09:31:43.191,0.0073,0.0082,79.0,0.0076,30.0,46504.0,1.0
2021-01-05 09:31:44.190,0.0073,0.0082,79.0,0.0076,30.0,46504.0,1.0
2021-01-05 09:31:44.691,0.0073,0.0082,67.0,0.0076,30.0,46504.0,1.0
2021-01-05 09:31:45.170,0.0073,0.0082,79.0,0.0076,30.0,46504.0,1.0
2021-01-05 09:31:45.621,0.0073,0.0082,67.0,0.0076,50.0,46504.0,1.0
2021-01-05 09:31:49.221,0.0073,0.0082,67.0,0.0076,50.0,46504.0,1.0
2021-01-05 09:31:51.210,0.0073,0.0082,67.0,0.0076,50.0,46504.0,1.0
2021-01-05 09:31:51.701,0.0073,0.0082,79.0,0.0076,50.0,46504.0,1.0
2021-01-05 09:31:52.220,0.0073,0.0081,3.0,0.0076,50.0,46504.0,1.0
2021-01-05 09:31:52.621,0.0073,0.0081,53.0,0.0076,50.0,46504.0,1.0
2021-01-05 09:31:53.171,0.0073,0.0081,67.0,0.0076,50.0,46504.0,1.0
2021-01-05 09:31:53.530,0.0073,0.0081,53.0,0.0076,50.0,46504.0,1.0
2021-01-05 09:31:56.681,0.0073,0.0081,67.0,0.0076,50.0,46504.0,1.0
2021-01-05 09:32:00.150,0.0073,0.0081,53.0,0.0076,50.0,46504.0,1.0
2021-01-05 09:32:02.171,0.0073,0.008,3.0,0.0076,50.0,46504.0,1.0
2021-01-05 09:32:02.671,0.0073,0.008,53.0,0.0076,50.0,46504.0,1.0
2021-01-05 09:32:03.180,0.0073,0.008,53.0,0.0076,50.0,46504.0,1.0
2021-01-05 09:32:04.661,0.0073,0.008,53.0,0.0076,50.0,46504.0,1.0
2021-01-05 09:32:05.141,0.0073,0.008,53.0,0.0076,50.0,46504.0,1.0
2021-01-05 09:32:06.161,0.0073,0.008,53.0,0.0076,50.0,46504.0,1.0
2021-01-05 09:32:06.680,0.0073,0.008,53.0,0.0076,50.0,46504.0,1.0
2021-01-05 09:32:07.070,0.0073,0.008,53.0,0.0076,50.0,46504.0,1.0
2021-01-05 09:32:07.671,0.0073,0.008,53.0,0.0076,50.0,46504.0,1.0
2021-01-05 09:32:08.651,0.0073,0.008,53.0,0.0076,50.0,46504.0,1.0
2021-01-05 09:32:09.681,0.0073,0.008,53.0,0.0076,50.0,46504.0,1.0
2021-01-05 09:32:10.161,0.0073,0.008,53.0,0.0076,50.0,46504.0,1.0
2021-01-05 09:32:10.630,0.0073,0.008,53.0,0.0076,50.0,46504.0,1.0
2021-01-05 09:32:14.660,0.0073,0.008,53.0,0.0076,50.0,46504.0,1.0
2021-01-05 09:32:16.551,0.0073,0.008,53.0,0.0076,50.0,46504.0,1.0
2021-01-05 09:32:17.651,0.0073,0.008,53.0,0.0076,50.0,46504.0,1.0
2021-01-05 09:32:19.150,0.0073,0.008,53.0,0.0076,50.0,46504.0,1.0
2021-01-05 09:32:19.670,0.0073,0.008,53.0,0.0076,50.0,46504.0,1.0
2021-01-05 09:32:20.151,0.0073,0.008,53.0,0.0076,50.0,46504.0,1.0
2021-01-05 09:32:21.680,0.0073,0.008,53.0,0.0076,50.0,46504.0,1.0
2021-01-05 09:32:23.180,0.0073,0.008,53.0,0.0076,50.0,46504.0,1.0
2021-01-05 09:32:24.160,0.0073,0.0079,3.0,0.0076,50.0,46504.0,1.0
2021-01-05 09:32:24.640,0.0073,0.0079,23.0,0.0076,50.0,46504.0,1.0
2021-01-05 09:32:25.170,0.0073,0.0079,23.0,0.0076,50.0,46504.0,1.0
2021-01-05 09:32:25.670,0.0073,0.0079,23.0,0.0076,50.0,46504.0,1.0
2021-01-05 09:32:26.650,0.0073,0.0079,3.0,0.0076,50.0,46504.0,1.0
2021-01-05 09:32:27.151,0.0073,0.008,53.0,0.0076,50.0,46504.0,1.0
2021-01-05 09:32:28.171,0.0073,0.008,53.0,0.0076,50.0,46504.0,1.0
2021-01-05 09:32:28.630,0.0073,0.008,53.0,0.0076,50.0,46504.0,1.0
2021-01-05 09:32:30.171,0.0073,0.008,53.0,0.0076,50.0,46504.0,1.0
2021-01-05 09:32:36.190,0.0073,0.008,53.0,0.0076,50.0,46504.0,1.0
2021-01-05 09:32:37.640,0.0073,0.0079,3.0,0.0076,50.0,46504.0,1.0
2021-01-05 09:32:38.190,0.0073,0.0079,23.0,0.0076,50.0,46504.0,1.0
2021-01-05 09:32:42.201,0.0073,0.0079,23.0,0.0076,20.0,46504.0,1.0
2021-01-05 09:32:42.700,0.0073,0.0079,23.0,0.0076,20.0,46504.0,1.0
2021-01-05 09:32:44.990,0.0073,0.0079,23.0,0.0076,50.0,46504.0,1.0
2021-01-05 09:32:48.181,0.0073,0.0079,23.0,0.0076,20.0,46504.0,1.0
2021-01-05 09:32:48.690,0.0073,0.0079,23.0,0.0076,20.0,46504.0,1.0
2021-01-05 09:32:49.190,0.0073,0.0079,23.0,0.0076,50.0,46504.0,1.0
2021-01-05 09:32:49.670,0.0073,0.0079,23.0,0.0076,50.0,46504.0,1.0
2021-01-05 09:32:50.171,0.0073,0.0079,35.0,0.0076,20.0,46504.0,1.0
2021-01-05 09:32:50.700,0.0073,0.0079,3.0,0.0076,50.0,46504.0,1.0
2021-01-05 09:32:51.170,0.0073,0.0079,3.0,0.0076,50.0,46504.0,1.0
2021-01-05 09:32:53.641,0.0073,0.0079,3.0,0.0076,50.0,46504.0,1.0
2021-01-05 09:32:54.181,0.0073,0.0079,3.0,0.0076,50.0,46504.0,1.0
2021-01-05 09:32:55.670,0.0073,0.0079,3.0,0.0076,50.0,46504.0,1.0
2021-01-05 09:32:56.150,0.0073,0.0079,3.0,0.0076,50.0,46504.0,1.0
2021-01-05 09:32:56.611,0.0073,0.0079,3.0,0.0076,50.0,46504.0,1.0
2021-01-05 09:32:57.600,0.0073,0.0079,3.0,0.0076,50.0,46504.0,1.0
2021-01-05 09:32:58.651,0.0073,0.0079,3.0,0.0076,50.0,46504.0,1.0
2021-01-05 09:32:59.621,0.0073,0.0079,3.0,0.0076,50.0,46504.0,1.0
2021-01-05 09:33:00.651,0.0073,0.0079,3.0,0.0076,50.0,46504.0,1.0
2021-01-05 09:33:01.141,0.0073,0.0079,23.0,0.0076,50.0,46504.0,1.0
2021-01-05 09:33:01.661,0.0073,0.0079,20.0,0.0076,50.0,46504.0,1.0
2021-01-05 09:33:02.130,0.0073,0.008,53.0,0.0076,50.0,46504.0,1.0
2021-01-05 09:33:02.620,0.0073,0.008,53.0,0.0076,50.0,46504.0,1.0
2021-01-05 09:33:03.171,0.0073,0.008,53.0,0.0076,50.0,46504.0,1.0
2021-01-05 09:33:07.171,0.0073,0.008,53.0,0.0076,50.0,46504.0,1.0
2021-01-05 09:33:10.180,0.0073,0.008,50.0,0.0076,50.0,46504.0,1.0
2021-01-05 09:33:15.651,0.0073,0.008,50.0,0.0076,60.0,46504.0,1.0
2021-01-05 09:33:19.660,0.0073,0.008,50.0,0.0076,72.0,46504.0,1.0
2021-01-05 09:33:20.171,0.0073,0.008,50.0,0.0076,86.0,46504.0,1.0
2021-01-05 09:33:20.680,0.0073,0.008,50.0,0.0076,86.0,46504.0,1.0
2021-01-05 09:33:21.160,0.0073,0.008,50.0,0.0076,86.0,46504.0,1.0
2021-01-05 09:33:21.681,0.0073,0.008,50.0,0.0076,86.0,46504.0,1.0
2021-01-05 09:33:22.150,0.0073,0.008,50.0,0.0076,86.0,46504.0,1.0
2021-01-05 09:33:23.660,0.0073,0.008,50.0,0.0076,74.0,46504.0,1.0
2021-01-05 09:33:24.171,0.0073,0.008,53.0,0.0076,74.0,46504.0,1.0
2021-01-05 09:33:24.661,0.0073,0.008,53.0,0.0076,74.0,46504.0,1.0
2021-01-05 09:33:26.161,0.0073,0.008,53.0,0.0076,60.0,46504.0,1.0
2021-01-05 09:33:26.651,0.0073,0.008,67.0,0.0076,60.0,46504.0,1.0
2021-01-05 09:33:27.171,0.0073,0.008,47.0,0.0076,60.0,46504.0,1.0
2021-01-05 09:33:34.070,0.0073,0.0079,3.0,0.0076,60.0,46504.0,1.0
2021-01-05 09:33:34.671,0.0073,0.0079,3.0,0.0076,60.0,46504.0,1.0
2021-01-05 09:33:37.640,0.0073,0.0079,3.0,0.0076,60.0,46504.0,1.0
2021-01-05 09:33:38.621,0.0073,0.0079,3.0,0.0076,60.0,46504.0,1.0
2021-01-05 09:33:39.201,0.0073,0.0079,17.0,0.0076,60.0,46504.0,1.0
2021-01-05 09:33:42.160,0.0073,0.0079,37.0,0.0076,60.0,46504.0,1.0
2021-01-05 09:33:45.660,0.0073,0.0079,37.0,0.0076,60.0,46504.0,1.0
2021-01-05 09:33:46.680,0.0073,0.0078,3.0,0.0076,60.0,46504.0,1.0
2021-01-05 09:33:47.191,0.0073,0.0078,33.0,0.0076,20.0,46504.0,1.0
2021-01-05 09:33:47.681,0.0073,0.0078,53.0,0.0076,20.0,46504.0,1.0
2021-01-05 09:33:48.171,0.0073,0.0078,53.0,0.0076,20.0,46504.0,1.0
2021-01-05 09:33:48.680,0.0073,0.0078,53.0,0.0076,20.0,46504.0,1.0
2021-01-05 09:33:50.670,0.0073,0.0078,53.0,0.0076,20.0,46504.0,1.0
2021-01-05 09:33:52.661,0.0073,0.0078,53.0,0.0076,20.0,46504.0,1.0
2021-01-05 09:33:58.170,0.0073,0.0078,53.0,0.0075,40.0,46504.0,1.0
2021-01-05 09:33:58.670,0.0073,0.0078,53.0,0.0075,40.0,46504.0,1.0
2021-01-05 09:33:59.140,0.0073,0.0078,53.0,0.0075,40.0,46504.0,1.0
2021-01-05 09:33:59.690,0.0073,0.0078,53.0,0.0075,10.0,46504.0,1.0
2021-01-05 09:34:00.191,0.0073,0.0078,53.0,0.0074,30.0,46504.0,1.0
2021-01-05 09:34:00.671,0.0073,0.0078,53.0,0.0074,40.0,46504.0,1.0
2021-01-05 09:34:01.081,0.0073,0.0078,67.0,0.0074,40.0,46504.0,1.0
2021-01-05 09:34:02.671,0.0073,0.0077,3.0,0.0074,40.0,46504.0,1.0
2021-01-05 09:34:03.171,0.0073,0.0077,33.0,0.0074,40.0,46504.0,1.0
2021-01-05 09:34:03.670,0.0073,0.0077,53.0,0.0074,40.0,46504.0,1.0
2021-01-05 09:34:06.681,0.0073,0.0077,53.0,0.0074,40.0,46504.0,1.0
2021-01-05 09:34:07.630,0.0073,0.0077,53.0,0.0074,40.0,46504.0,1.0
2021-01-05 09:34:09.670,0.0073,0.0077,53.0,0.0074,40.0,46504.0,1.0
2021-01-05 09:34:10.140,0.0073,0.0077,53.0,0.0074,54.0,46504.0,1.0
2021-01-05 09:34:10.690,0.0073,0.0077,53.0,0.0074,54.0,46504.0,1.0
2021-01-05 09:34:12.640,0.0073,0.0076,3.0,0.0074,40.0,46504.0,1.0
2021-01-05 09:34:13.191,0.0073,0.0076,23.0,0.0074,30.0,46504.0,1.0
2021-01-05 09:34:13.681,0.0073,0.0076,3.0,0.0074,30.0,46504.0,1.0
2021-01-05 09:34:14.691,0.0073,0.0076,3.0,0.0074,30.0,46504.0,1.0
2021-01-05 09:34:15.681,0.0073,0.0076,3.0,0.0074,30.0,46504.0,1.0
2021-01-05 09:34:16.190,0.0073,0.0076,33.0,0.0074,30.0,46504.0,1.0
2021-01-05 09:34:16.630,0.0073,0.0076,53.0,0.0074,30.0,46504.0,1.0
2021-01-05 09:34:17.181,0.0073,0.0076,53.0,0.0074,30.0,46504.0,1.0
2021-01-05 09:34:17.690,0.0073,0.0076,23.0,0.0074,30.0,46504.0,1.0
2021-01-05 09:34:18.620,0.0073,0.0076,20.0,0.0074,30.0,46504.0,1.0
2021-01-05 09:34:19.041,0.0073,0.0077,53.0,0.0074,30.0,46504.0,1.0
2021-01-05 09:34:19.700,0.0073,0.0077,53.0,0.0074,30.0,46504.0,1.0
2021-01-05 09:34:19.961,0.0073,0.0077,53.0,0.0074,40.0,46504.0,1.0
2021-01-05 09:34:21.690,0.0073,0.0077,53.0,0.0074,40.0,46504.0,1.0
2021-01-05 09:34:22.151,0.0073,0.0077,53.0,0.0074,40.0,46504.0,1.0
2021-01-05 09:34:22.651,0.0073,0.0077,67.0,0.0074,40.0,46504.0,1.0
2021-01-05 09:34:23.181,0.0073,0.0077,67.0,0.0074,40.0,46504.0,1.0
2021-01-05 09:34:23.661,0.0073,0.0077,67.0,0.0074,40.0,46504.0,1.0
2021-01-05 09:34:26.641,0.0073,0.0077,79.0,0.0074,40.0,46504.0,1.0
2021-01-05 09:34:27.690,0.0073,0.0077,67.0,0.0074,40.0,46504.0,1.0
2021-01-05 09:34:28.120,0.0073,0.0076,12.0,0.0074,40.0,46504.0,1.0
2021-01-05 09:34:28.621,0.0073,0.0076,45.0,0.0074,30.0,46504.0,1.0
2021-01-05 09:34:28.971,0.0073,0.0076,79.0,0.0074,30.0,46504.0,1.0
2021-01-05 09:34:31.190,0.0073,0.0075,12.0,0.0074,30.0,46504.0,1.0
2021-01-05 09:34:31.691,0.0073,0.0076,65.0,0.0074,30.0,46504.0,1.0
2021-01-05 09:34:32.121,0.0073,0.0076,65.0,0.0074,30.0,46504.0,1.0
2021-01-05 09:34:32.690,0.0073,0.0076,65.0,0.0074,30.0,46504.0,1.0
2021-01-05 09:34:36.680,0.0074,0.0076,65.0,0.0074,10.0,46504.0,21.0
2021-01-05 09:34:37.700,0.0074,0.0075,12.0,0.0074,10.0,46504.0,21.0
2021-01-05 09:34:38.171,0.0074,0.0075,20.0,0.0073,60.0,46504.0,21.0
2021-01-05 09:34:38.690,0.0074,0.0075,42.0,0.0073,50.0,46504.0,21.0
2021-01-05 09:34:39.091,0.0074,0.0075,42.0,0.0073,50.0,46504.0,21.0
2021-01-05 09:34:39.470,0.0074,0.0075,62.0,0.0073,50.0,46504.0,21.0
2021-01-05 09:34:40.651,0.0074,0.0075,50.0,0.0073,50.0,46504.0,21.0
2021-01-05 09:34:41.201,0.0074,0.0075,62.0,0.0073,50.0,46504.0,21.0
2021-01-05 09:34:42.171,0.0074,0.0075,50.0,0.0073,50.0,46504.0,21.0
2021-01-05 09:34:46.660,0.0074,0.0075,50.0,0.0073,62.0,46504.0,21.0
2021-01-05 09:34:47.181,0.0074,0.0075,50.0,0.0073,50.0,46504.0,21.0
2021-01-05 09:34:51.701,0.0074,0.0075,20.0,0.0073,50.0,46504.0,21.0
2021-01-05 09:34:52.220,0.0074,0.0075,30.0,0.0073,50.0,46504.0,21.0
2021-01-05 09:34:52.650,0.0074,0.0075,12.0,0.0073,50.0,46504.0,21.0
2021-01-05 09:34:53.180,0.0074,0.0075,62.0,0.0073,50.0,46504.0,21.0
2021-01-05 09:34:53.651,0.0074,0.0074,12.0,0.0073,50.0,46504.0,21.0
2021-01-05 09:34:54.170,0.0074,0.0074,32.0,0.0073,50.0,46504.0,21.0
2021-01-05 09:34:54.631,0.0074,0.0074,12.0,0.0073,50.0,46504.0,21.0
2021-01-05 09:34:55.161,0.0074,0.0075,62.0,0.0073,20.0,46504.0,21.0
2021-01-05 09:34:55.680,0.0074,0.0075,42.0,0.0073,50.0,46504.0,21.0
2021-01-05 09:34:56.141,0.0074,0.0075,62.0,0.0073,50.0,46504.0,21.0
2021-01-05 09:34:57.130,0.0073,0.0075,62.0,0.0073,10.0,46504.0,31.0
2021-01-05 09:34:59.170,0.0073,0.0074,12.0,0.0073,10.0,46504.0,31.0
2021-01-05 09:35:00.630,0.0073,0.0075,62.0,0.0073,40.0,46504.0,31.0
2021-01-05 09:35:00.640,0.0073,0.0075,76.0,0.0073,40.0,46504.0,31.0
2021-01-05 09:35:01.620,0.0073,0.0075,64.0,0.0073,40.0,46504.0,31.0
2021-01-05 09:35:02.181,0.0073,0.0075,76.0,0.0073,40.0,46504.0,31.0
2021-01-05 09:35:03.660,0.0073,0.0075,64.0,0.0073,40.0,46504.0,31.0
2021-01-05 09:35:05.671,0.0073,0.0075,64.0,0.0073,30.0,46514.0,41.0
2021-01-05 09:35:06.180,0.0073,0.0075,64.0,0.0073,30.0,46514.0,41.0
2021-01-05 09:35:06.680,0.0073,0.0075,67.0,0.0073,30.0,46514.0,41.0
2021-01-05 09:35:07.131,0.0073,0.0075,53.0,0.0073,30.0,46514.0,41.0
2021-01-05 09:35:07.650,0.0073,0.0075,65.0,0.0073,10.0,46514.0,61.0
2021-01-05 09:35:08.171,0.0073,0.0074,12.0,0.0072,60.0,46514.0,61.0
2021-01-05 09:35:09.191,0.0073,0.0074,62.0,0.0072,64.0,46514.0,61.0
2021-01-05 09:35:10.180,0.0073,0.0074,62.0,0.0072,64.0,46514.0,61.0
2021-01-05 09:35:10.691,0.0073,0.0074,32.0,0.0072,64.0,46514.0,61.0
2021-01-05 09:35:11.160,0.0073,0.0074,62.0,0.0072,64.0,46514.0,61.0
2021-01-05 09:35:11.680,0.0073,0.0074,62.0,0.0072,50.0,46514.0,61.0
2021-01-05 09:35:13.181,0.0073,0.0074,50.0,0.0072,50.0,46514.0,61.0
2021-01-05 09:35:13.640,0.0073,0.0075,65.0,0.0072,50.0,46514.0,61.0
2021-01-05 09:35:14.191,0.0073,0.0075,79.0,0.0072,64.0,46514.0,61.0
2021-01-05 09:35:14.700,0.0073,0.0075,59.0,0.0072,74.0,46514.0,61.0
2021-01-05 09:35:16.201,0.0073,0.0074,12.0,0.0072,74.0,46514.0,61.0
2021-01-05 09:35:16.660,0.0073,0.0073,12.0,0.0072,64.0,46514.0,61.0
2021-01-05 09:35:17.190,0.0073,0.0074,42.0,0.0072,50.0,46514.0,61.0
2021-01-05 09:35:17.670,0.0073,0.0073,12.0,0.0072,50.0,46514.0,61.0
2021-01-05 09:35:18.170,0.0073,0.0074,42.0,0.0072,50.0,46514.0,61.0
2021-01-05 09:35:18.641,0.0073,0.0074,26.0,0.0072,50.0,46514.0,61.0
2021-01-05 09:35:19.180,0.0073,0.0074,12.0,0.0072,50.0,46514.0,61.0
2021-01-05 09:35:20.170,0.0073,0.0073,12.0,0.0072,50.0,46514.0,61.0
2021-01-05 09:35:20.690,0.0073,0.0073,12.0,0.0072,50.0,46514.0,61.0
2021-01-05 09:35:21.180,0.0073,0.0074,42.0,0.0072,50.0,46514.0,61.0
2021-01-05 09:35:21.601,0.0073,0.0074,26.0,0.0072,50.0,46514.0,61.0
2021-01-05 09:35:22.171,0.0073,0.0074,56.0,0.0072,50.0,46514.0,61.0
2021-01-05 09:35:22.650,0.0073,0.0074,44.0,0.0072,50.0,46514.0,61.0
2021-01-05 09:35:23.151,0.0073,0.0074,26.0,0.0072,20.0,46514.0,61.0
2021-01-05 09:35:23.680,0.0073,0.0074,56.0,0.0072,50.0,46514.0,61.0
2021-01-05 09:35:24.171,0.0073,0.0074,56.0,0.0072,50.0,46514.0,61.0
2021-01-05 09:35:24.671,0.0073,0.0074,56.0,0.0072,50.0,46514.0,61.0
2021-01-05 09:35:25.170,0.0073,0.0074,56.0,0.0072,20.0,46514.0,61.0
2021-01-05 09:35:27.641,0.0073,0.0074,44.0,0.0072,50.0,46514.0,61.0
2021-01-05 09:35:30.121,0.0073,0.0074,56.0,0.0072,50.0,46514.0,61.0
2021-01-05 09:35:31.700,0.0073,0.0074,76.0,0.0072,50.0,46514.0,61.0
2021-01-05 09:35:34.190,0.0073,0.0073,12.0,0.0072,50.0,46514.0,61.0
2021-01-05 09:35:34.691,0.0073,0.0074,62.0,0.0072,20.0,46514.0,61.0
2021-01-05 09:35:35.200,0.0073,0.0074,64.0,0.0072,50.0,46514.0,61.0
2021-01-05 09:35:37.171,0.0073,0.0074,64.0,0.0072,50.0,46514.0,61.0
2021-01-05 09:35:37.640,0.0073,0.0074,64.0,0.0072,50.0,46514.0,61.0
2021-01-05 09:35:38.190,0.0073,0.0074,34.0,0.0072,50.0,46514.0,61.0
2021-01-05 09:35:38.651,0.0073,0.0074,64.0,0.0072,50.0,46514.0,61.0
2021-01-05 09:35:39.140,0.0073,0.0074,64.0,0.0072,62.0,46514.0,61.0
2021-01-05 09:35:39.690,0.0073,0.0074,34.0,0.0072,50.0,46514.0,61.0
2021-01-05 09:35:40.191,0.0073,0.0074,64.0,0.0072,50.0,46514.0,61.0
2021-01-05 09:35:40.691,0.0073,0.0074,76.0,0.0072,50.0,46514.0,61.0
2021-01-05 09:35:41.680,0.0073,0.0074,46.0,0.0072,50.0,46514.0,61.0
2021-01-05 09:35:42.160,0.0073,0.0074,76.0,0.0072,50.0,46514.0,61.0
2021-01-05 09:35:44.681,0.0073,0.0074,76.0,0.0072,50.0,46514.0,61.0
2021-01-05 09:35:45.071,0.0073,0.0074,76.0,0.0072,50.0,46514.0,61.0
2021-01-05 09:35:46.170,0.0073,0.0074,56.0,0.0072,50.0,46514.0,61.0
2021-01-05 09:35:46.700,0.0073,0.0074,76.0,0.0072,50.0,46514.0,61.0
2021-01-05 09:35:52.671,0.0073,0.0074,76.0,0.0072,50.0,46514.0,61.0
2021-01-05 09:35:54.640,0.0073,0.0074,64.0,0.0072,50.0,46514.0,61.0
2021-01-05 09:35:56.690,0.0073,0.0074,67.0,0.0072,50.0,46514.0,61.0
2021-01-05 09:35:59.160,0.0073,0.0074,37.0,0.0072,50.0,46514.0,61.0
2021-01-05 09:36:00.190,0.0073,0.0074,67.0,0.0072,50.0,46514.0,61.0
2021-01-05 09:36:00.680,0.0073,0.0074,37.0,0.0072,50.0,46514.0,61.0
2021-01-05 09:36:02.701,0.0073,0.0074,67.0,0.0072,50.0,46514.0,61.0
2021-01-05 09:36:04.201,0.0073,0.0074,44.0,0.0072,50.0,46514.0,61.0
2021-01-05 09:36:04.670,0.0073,0.0074,44.0,0.0072,50.0,46514.0,61.0
2021-01-05 09:36:05.690,0.0073,0.0074,44.0,0.0072,50.0,46514.0,61.0
2021-01-05 09:36:06.700,0.0073,0.0074,44.0,0.0072,62.0,46514.0,61.0
2021-01-05 09:36:09.691,0.0073,0.0074,44.0,0.0072,62.0,46514.0,61.0
2021-01-05 09:36:10.671,0.0073,0.0074,44.0,0.0072,50.0,46514.0,61.0
2021-01-05 09:36:11.180,0.0073,0.0074,26.0,0.0072,50.0,46514.0,61.0
2021-01-05 09:36:11.651,0.0073,0.0074,56.0,0.0072,50.0,46514.0,61.0
2021-01-05 09:36:12.181,0.0073,0.0074,26.0,0.0072,50.0,46514.0,61.0
2021-01-05 09:36:13.190,0.0073,0.0074,56.0,0.0072,50.0,46514.0,61.0
2021-01-05 09:36:13.680,0.0073,0.0074,26.0,0.0072,50.0,46514.0,61.0
2021-01-05 09:36:15.170,0.0073,0.0074,14.0,0.0072,50.0,46514.0,61.0
2021-01-05 09:36:16.150,0.0073,0.0074,14.0,0.0073,50.0,46514.0,61.0
2021-01-05 09:36:16.680,0.0073,0.0074,14.0,0.0073,80.0,46514.0,61.0
2021-01-05 09:36:17.180,0.0073,0.0074,14.0,0.0073,80.0,46514.0,61.0
2021-01-05 09:36:19.151,0.0073,0.0074,26.0,0.0073,50.0,46514.0,61.0
2021-01-05 09:36:19.691,0.0073,0.0074,26.0,0.0073,80.0,46514.0,61.0
2021-01-05 09:36:20.161,0.0073,0.0074,14.0,0.0073,80.0,46514.0,61.0
2021-01-05 09:36:21.691,0.0073,0.0074,26.0,0.0073,50.0,46514.0,61.0
2021-01-05 09:36:24.171,0.0073,0.0074,26.0,0.0073,80.0,46514.0,61.0
2021-01-05 09:36:25.191,0.0073,0.0074,14.0,0.0073,50.0,46514.0,61.0
2021-01-05 09:36:25.650,0.0073,0.0074,14.0,0.0073,50.0,46514.0,61.0
2021-01-05 09:36:26.171,0.0073,0.0074,26.0,0.0073,50.0,46514.0,61.0
2021-01-05 09:36:27.160,0.0073,0.0074,26.0,0.0073,50.0,46514.0,61.0
2021-01-05 09:36:27.690,0.0073,0.0074,26.0,0.0073,80.0,46514.0,61.0
2021-01-05 09:36:28.190,0.0073,0.0074,26.0,0.0073,80.0,46514.0,61.0
2021-01-05 09:36:29.171,0.0073,0.0074,26.0,0.0073,80.0,46514.0,61.0
2021-01-05 09:36:29.661,0.0074,0.0074,4.0,0.0073,80.0,46524.0,71.0
2021-01-05 09:36:30.161,0.0074,0.0074,24.0,0.0073,80.0,46524.0,71.0
2021-01-05 09:36:30.700,0.0074,0.0074,4.0,0.0073,80.0,46524.0,71.0
2021-01-05 09:36:31.181,0.0074,0.0074,16.0,0.0073,80.0,46524.0,71.0
2021-01-05 09:36:32.130,0.0074,0.0074,16.0,0.0073,50.0,46524.0,71.0
2021-01-05 09:36:32.660,0.0074,0.0074,16.0,0.0073,80.0,46524.0,71.0
2021-01-05 09:36:33.200,0.0074,0.0074,4.0,0.0073,80.0,46524.0,71.0
2021-01-05 09:36:34.091,0.0074,0.0074,16.0,0.0073,80.0,46524.0,71.0
2021-01-05 09:36:34.691,0.0074,0.0074,4.0,0.0073,80.0,46524.0,71.0
2021-01-05 09:36:35.701,0.0074,0.0074,16.0,0.0073,80.0,46524.0,71.0
2021-01-05 09:36:43.700,0.0074,0.0074,16.0,0.0073,80.0,46524.0,71.0
2021-01-05 09:36:44.680,0.0074,0.0074,16.0,0.0073,80.0,46524.0,71.0
2021-01-05 09:36:45.191,0.0074,0.0074,36.0,0.0073,80.0,46524.0,71.0
2021-01-05 09:36:45.631,0.0074,0.0074,16.0,0.0073,80.0,46524.0,71.0
2021-01-05 09:36:46.190,0.0074,0.0074,36.0,0.0073,80.0,46524.0,71.0
2021-01-05 09:36:46.651,0.0074,0.0074,16.0,0.0073,80.0,46524.0,71.0
2021-01-05 09:36:47.130,0.0074,0.0074,36.0,0.0073,80.0,46524.0,71.0
2021-01-05 09:36:47.660,0.0074,0.0074,16.0,0.0073,80.0,46524.0,71.0
2021-01-05 09:36:48.130,0.0074,0.0074,36.0,0.0073,80.0,46524.0,71.0
2021-01-05 09:36:49.181,0.0073,0.0074,36.0,0.0073,60.0,46544.0,91.0
2021-01-05 09:36:50.190,0.0073,0.0074,36.0,0.0073,30.0,46544.0,91.0
2021-01-05 09:36:55.171,0.0073,0.0074,36.0,0.0073,60.0,46544.0,91.0
2021-01-05 09:36:55.651,0.0073,0.0074,32.0,0.0073,30.0,46544.0,91.0
2021-01-05 09:36:56.141,0.0073,0.0074,26.0,0.0073,30.0,46544.0,91.0
2021-01-05 09:36:56.691,0.0073,0.0074,46.0,0.0073,60.0,46544.0,91.0
2021-01-05 09:36:57.630,0.0073,0.0074,26.0,0.0073,60.0,46544.0,91.0
2021-01-05 09:36:59.181,0.0073,0.0074,46.0,0.0073,60.0,46544.0,91.0
2021-01-05 09:37:00.700,0.0073,0.0074,34.0,0.0073,60.0,46544.0,91.0
2021-01-05 09:37:02.640,0.0073,0.0074,14.0,0.0073,60.0,46544.0,91.0
2021-01-05 09:37:03.151,0.0073,0.0074,34.0,0.0073,60.0,46544.0,91.0
2021-01-05 09:37:03.630,0.0073,0.0074,14.0,0.0073,60.0,46544.0,91.0
2021-01-05 09:37:04.200,0.0073,0.0074,14.0,0.0073,30.0,46544.0,91.0
2021-01-05 09:37:04.690,0.0073,0.0074,14.0,0.0073,30.0,46544.0,91.0
2021-01-05 09:37:05.140,0.0073,0.0074,14.0,0.0073,30.0,46544.0,91.0
2021-01-05 09:37:05.701,0.0073,0.0074,14.0,0.0073,30.0,46544.0,91.0
2021-01-05 09:37:08.200,0.0073,0.0074,26.0,0.0073,30.0,46544.0,91.0
2021-01-05 09:37:08.630,0.0073,0.0074,14.0,0.0073,30.0,46544.0,91.0
2021-01-05 09:37:09.170,0.0073,0.0074,26.0,0.0073,30.0,46544.0,91.0
2021-01-05 09:37:10.140,0.0073,0.0074,14.0,0.0073,30.0,46544.0,91.0
2021-01-05 09:37:10.701,0.0073,0.0074,26.0,0.0073,30.0,46544.0,91.0
2021-01-05 09:37:12.131,0.0073,0.0074,12.0,0.0073,30.0,46544.0,91.0
2021-01-05 09:37:12.620,0.0073,0.0074,26.0,0.0073,30.0,46544.0,91.0
2021-01-05 09:37:13.681,0.0073,0.0074,26.0,0.0073,30.0,46544.0,91.0
2021-01-05 09:37:14.171,0.0073,0.0074,26.0,0.0073,30.0,46544.0,91.0
2021-01-05 09:37:15.700,0.0073,0.0074,14.0,0.0073,30.0,46544.0,91.0
2021-01-05 09:37:16.201,0.0073,0.0074,26.0,0.0073,30.0,46544.0,91.0
2021-01-05 09:37:16.501,0.0073,0.0074,14.0,0.0073,30.0,46544.0,91.0
2021-01-05 09:37:17.200,0.0073,0.0074,26.0,0.0073,30.0,46544.0,91.0
2021-01-05 09:37:17.671,0.0073,0.0074,26.0,0.0073,30.0,46544.0,91.0
2021-01-05 09:37:21.200,0.0073,0.0074,26.0,0.0073,30.0,46544.0,91.0
2021-01-05 09:37:22.620,0.0073,0.0074,26.0,0.0073,30.0,46544.0,91.0
2021-01-05 09:37:25.200,0.0073,0.0074,46.0,0.0073,30.0,46544.0,91.0
2021-01-05 09:37:26.650,0.0073,0.0074,26.0,0.0073,30.0,46544.0,91.0
2021-01-05 09:37:27.130,0.0073,0.0074,46.0,0.0073,30.0,46544.0,91.0
2021-01-05 09:37:28.151,0.0073,0.0074,26.0,0.0073,30.0,46544.0,91.0
2021-01-05 09:37:29.130,0.0073,0.0074,46.0,0.0073,30.0,46544.0,91.0
2021-01-05 09:37:30.191,0.0073,0.0074,26.0,0.0073,30.0,46544.0,91.0
2021-01-05 09:37:30.650,0.0073,0.0074,46.0,0.0073,30.0,46544.0,91.0
2021-01-05 09:37:31.190,0.0073,0.0074,34.0,0.0073,30.0,46544.0,91.0
2021-01-05 09:37:37.691,0.0073,0.0074,14.0,0.0073,30.0,46544.0,91.0
2021-01-05 09:37:40.701,0.0073,0.0074,14.0,0.0073,30.0,46544.0,91.0
2021-01-05 09:37:41.131,0.0073,0.0074,14.0,0.0073,30.0,46544.0,91.0
2021-01-05 09:37:42.130,0.0073,0.0075,65.0,0.0073,30.0,46544.0,91.0
2021-01-05 09:37:42.691,0.0073,0.0075,79.0,0.0073,60.0,46544.0,91.0
2021-01-05 09:37:43.671,0.0073,0.0075,76.0,0.0073,60.0,46544.0,91.0
2021-01-05 09:37:45.191,0.0073,0.0075,64.0,0.0073,60.0,46544.0,91.0
2021-01-05 09:37:45.650,0.0073,0.0075,64.0,0.0073,60.0,46544.0,91.0
2021-01-05 09:37:49.190,0.0073,0.0075,76.0,0.0073,60.0,46544.0,91.0
2021-01-05 09:37:49.670,0.0073,0.0075,64.0,0.0073,60.0,46544.0,91.0
2021-01-05 09:37:50.220,0.0073,0.0075,76.0,0.0073,60.0,46544.0,91.0
2021-01-05 09:37:51.691,0.0073,0.0075,76.0,0.0073,60.0,46544.0,91.0
2021-01-05 09:37:55.190,0.0073,0.0075,62.0,0.0073,60.0,46544.0,91.0
2021-01-05 09:37:55.691,0.0073,0.0075,76.0,0.0073,60.0,46544.0,91.0
2021-01-05 09:37:57.170,0.0073,0.0075,76.0,0.0073,60.0,46544.0,91.0
2021-01-05 09:37:57.601,0.0073,0.0074,12.0,0.0073,60.0,46544.0,91.0
2021-01-05 09:37:58.141,0.0073,0.0074,12.0,0.0073,30.0,46544.0,91.0
2021-01-05 09:37:59.161,0.0073,0.0075,62.0,0.0073,60.0,46544.0,91.0
2021-01-05 09:37:59.651,0.0073,0.0075,76.0,0.0073,60.0,46544.0,91.0
2021-01-05 09:38:02.190,0.0073,0.0075,76.0,0.0073,60.0,46544.0,91.0
2021-01-05 09:38:04.190,0.0073,0.0074,12.0,0.0073,60.0,46544.0,91.0
2021-01-05 09:38:04.680,0.0073,0.0075,62.0,0.0073,30.0,46544.0,91.0
2021-01-05 09:38:05.181,0.0073,0.0075,76.0,0.0073,60.0,46544.0,91.0
2021-01-05 09:38:06.151,0.0073,0.0074,12.0,0.0073,60.0,46544.0,91.0
2021-01-05 09:38:06.691,0.0073,0.0074,12.0,0.0073,30.0,46544.0,91.0
2021-01-05 09:38:07.200,0.0073,0.0074,32.0,0.0073,30.0,46544.0,91.0
2021-01-05 09:38:07.690,0.0073,0.0074,32.0,0.0073,30.0,46544.0,91.0
2021-01-05 09:38:08.151,0.0073,0.0074,12.0,0.0073,30.0,46544.0,91.0
2021-01-05 09:38:09.160,0.0073,0.0074,12.0,0.0073,30.0,46544.0,91.0
2021-01-05 09:38:09.681,0.0073,0.0074,32.0,0.0073,30.0,46544.0,91.0
2021-01-05 09:38:10.670,0.0073,0.0074,32.0,0.0073,10.0,46564.0,111.0
2021-01-05 09:38:12.191,0.0073,0.0074,12.0,0.0073,10.0,46564.0,111.0
2021-01-05 09:38:12.691,0.0073,0.0074,12.0,0.0073,10.0,46564.0,111.0
2021-01-05 09:38:19.190,0.0073,0.0074,12.0,0.0073,10.0,46564.0,111.0
2021-01-05 09:38:19.670,0.0073,0.0074,26.0,0.0073,10.0,46564.0,111.0
2021-01-05 09:38:22.661,0.0073,0.0074,46.0,0.0073,10.0,46564.0,111.0
2021-01-05 09:38:23.201,0.0073,0.0074,46.0,0.0072,40.0,46574.0,121.0
2021-01-05 09:38:23.681,0.0073,0.0073,12.0,0.0072,30.0,46574.0,121.0
2021-01-05 09:38:24.141,0.0073,0.0073,12.0,0.0071,50.0,46574.0,121.0
2021-01-05 09:38:24.671,0.0073,0.0073,62.0,0.0071,74.0,46574.0,121.0
2021-01-05 09:38:25.101,0.0073,0.0073,50.0,0.0071,64.0,46574.0,121.0
2021-01-05 09:38:25.700,0.0073,0.0073,50.0,0.0071,64.0,46574.0,121.0
2021-01-05 09:38:26.100,0.0073,0.0073,50.0,0.0071,64.0,46574.0,121.0
2021-01-05 09:38:26.701,0.0073,0.0073,50.0,0.0071,76.0,46574.0,121.0
2021-01-05 09:38:27.151,0.0073,0.0073,20.0,0.0071,64.0,46574.0,121.0
2021-01-05 09:38:27.691,0.0073,0.0074,62.0,0.0071,64.0,46574.0,121.0
2021-01-05 09:38:28.171,0.0073,0.0074,76.0,0.0071,64.0,46574.0,121.0
2021-01-05 09:38:28.680,0.0073,0.0073,12.0,0.0071,74.0,46574.0,121.0
2021-01-05 09:38:29.191,0.0073,0.0073,32.0,0.0071,64.0,46574.0,121.0
2021-01-05 09:38:29.641,0.0073,0.0073,32.0,0.0071,64.0,46574.0,121.0
2021-01-05 09:38:30.670,0.0073,0.0073,32.0,0.0071,64.0,46574.0,121.0
2021-01-05 09:38:31.181,0.0073,0.0073,62.0,0.0071,64.0,46574.0,121.0
2021-01-05 09:38:31.700,0.0073,0.0073,32.0,0.0071,64.0,46574.0,121.0
2021-01-05 09:38:32.701,0.0073,0.0073,62.0,0.0071,64.0,46574.0,121.0
2021-01-05 09:38:34.201,0.0073,0.0073,62.0,0.0071,64.0,46574.0,121.0
2021-01-05 09:38:35.200,0.0073,0.0073,50.0,0.0071,64.0,46574.0,121.0
2021-01-05 09:38:35.700,0.0073,0.0073,62.0,0.0071,64.0,46574.0,121.0
2021-01-05 09:38:36.180,0.0073,0.0073,50.0,0.0071,64.0,46574.0,121.0
2021-01-05 09:38:36.691,0.0073,0.0073,62.0,0.0071,64.0,46574.0,121.0
2021-01-05 09:38:37.680,0.0073,0.0073,62.0,0.0071,64.0,46574.0,121.0
2021-01-05 09:38:40.201,0.0073,0.0072,12.0,0.0071,64.0,46574.0,121.0
2021-01-05 09:38:40.591,0.0073,0.0072,12.0,0.0071,34.0,46574.0,121.0
2021-01-05 09:38:41.190,0.0073,0.0073,62.0,0.0071,34.0,46574.0,121.0
2021-01-05 09:38:41.670,0.0073,0.0073,62.0,0.0071,64.0,46574.0,121.0
2021-01-05 09:38:44.690,0.0073,0.0073,42.0,0.0071,64.0,46574.0,121.0
2021-01-05 09:38:46.200,0.0073,0.0073,42.0,0.0071,64.0,46574.0,121.0
2021-01-05 09:38:48.200,0.0073,0.0073,42.0,0.0071,64.0,46574.0,121.0
2021-01-05 09:38:48.650,0.0073,0.0072,12.0,0.0071,64.0,46574.0,121.0
2021-01-05 09:38:49.130,0.0073,0.0073,42.0,0.0071,34.0,46574.0,121.0
2021-01-05 09:38:49.670,0.0073,0.0073,42.0,0.0071,64.0,46574.0,121.0
2021-01-05 09:38:50.110,0.0073,0.0073,62.0,0.0071,64.0,46574.0,121.0
2021-01-05 09:38:51.691,0.0073,0.0073,42.0,0.0071,64.0,46574.0,121.0
2021-01-05 09:38:52.671,0.0073,0.0073,62.0,0.0071,64.0,46574.0,121.0
2021-01-05 09:38:57.200,0.0073,0.0073,62.0,0.0071,64.0,46574.0,121.0
2021-01-05 09:38:57.640,0.0073,0.0072,12.0,0.0071,64.0,46574.0,121.0
2021-01-05 09:38:58.190,0.0073,0.0072,12.0,0.0071,34.0,46574.0,121.0
2021-01-05 09:38:58.670,0.0073,0.0073,42.0,0.0071,34.0,46574.0,121.0
2021-01-05 09:38:59.060,0.0073,0.0073,30.0,0.0071,64.0,46574.0,121.0
2021-01-05 09:39:00.140,0.0073,0.0072,12.0,0.0071,34.0,46574.0,121.0
2021-01-05 09:39:00.660,0.0073,0.0072,12.0,0.0071,34.0,46574.0,121.0
2021-01-05 09:39:01.700,0.0073,0.0073,42.0,0.0071,34.0,46574.0,121.0
2021-01-05 09:39:02.170,0.0073,0.0073,42.0,0.0071,64.0,46574.0,121.0
2021-01-05 09:39:03.671,0.0073,0.0073,42.0,0.0071,64.0,46574.0,121.0
2021-01-05 09:39:07.200,0.0073,0.0073,62.0,0.0071,64.0,46574.0,121.0
2021-01-05 09:39:07.680,0.0073,0.0073,62.0,0.0071,64.0,46574.0,121.0
2021-01-05 09:39:09.601,0.0073,0.0073,62.0,0.0071,50.0,46574.0,121.0
2021-01-05 09:39:10.191,0.0073,0.0073,76.0,0.0071,50.0,46574.0,121.0
2021-01-05 09:39:15.220,0.0073,0.0073,64.0,0.0071,50.0,46574.0,121.0
2021-01-05 09:39:15.720,0.0073,0.0072,12.0,0.0071,50.0,46574.0,121.0
2021-01-05 09:39:16.121,0.0073,0.0073,62.0,0.0071,20.0,46574.0,121.0
2021-01-05 09:39:16.600,0.0073,0.0072,12.0,0.0071,50.0,46574.0,121.0
2021-01-05 09:39:17.151,0.0073,0.0072,32.0,0.0071,20.0,46574.0,121.0
2021-01-05 09:39:18.221,0.0073,0.0072,12.0,0.0071,20.0,46574.0,121.0
2021-01-05 09:39:19.710,0.0073,0.0072,12.0,0.0071,20.0,46574.0,121.0
2021-01-05 09:39:20.741,0.0073,0.0072,32.0,0.0071,20.0,46574.0,121.0
2021-01-05 09:39:28.710,0.0073,0.0072,32.0,0.0071,50.0,46574.0,121.0
2021-01-05 09:39:29.721,0.0073,0.0072,20.0,0.0071,50.0,46574.0,121.0
2021-01-05 09:39:30.220,0.0073,0.0073,62.0,0.0071,50.0,46574.0,121.0
2021-01-05 09:39:30.721,0.0073,0.0072,12.0,0.0071,50.0,46574.0,121.0
2021-01-05 09:39:31.121,0.0073,0.0073,62.0,0.0071,50.0,46574.0,121.0
2021-01-05 09:39:31.690,0.0073,0.0072,12.0,0.0071,50.0,46574.0,121.0
2021-01-05 09:39:32.141,0.0073,0.0072,12.0,0.0071,50.0,46574.0,121.0
2021-01-05 09:39:32.700,0.0073,0.0072,32.0,0.0071,50.0,46574.0,121.0
2021-01-05 09:39:33.180,0.0073,0.0073,50.0,0.0071,50.0,46574.0,121.0
2021-01-05 09:39:33.530,0.0073,0.0073,46.0,0.0071,50.0,46574.0,121.0
2021-01-05 09:39:34.191,0.0073,0.0073,46.0,0.0071,50.0,46574.0,121.0
2021-01-05 09:39:35.701,0.0073,0.0073,46.0,0.0071,50.0,46574.0,121.0
2021-01-05 09:39:36.231,0.0073,0.0073,32.0,0.0071,50.0,46574.0,121.0
2021-01-05 09:39:36.660,0.0073,0.0073,32.0,0.0071,64.0,46574.0,121.0
2021-01-05 09:39:39.241,0.0073,0.0073,32.0,0.0071,50.0,46574.0,121.0
2021-01-05 09:39:39.751,0.0073,0.0073,32.0,0.0071,64.0,46574.0,121.0
2021-01-05 09:39:40.200,0.0073,0.0073,20.0,0.0071,64.0,46574.0,121.0
2021-01-05 09:39:40.721,0.0073,0.0074,65.0,0.0071,64.0,46574.0,121.0
2021-01-05 09:39:41.220,0.0073,0.0074,76.0,0.0071,64.0,46574.0,121.0
2021-01-05 09:39:41.750,0.0073,0.0073,12.0,0.0071,74.0,46574.0,121.0
2021-01-05 09:39:42.210,0.0073,0.0074,62.0,0.0071,64.0,46574.0,121.0
2021-01-05 09:39:42.740,0.0073,0.0074,64.0,0.0071,64.0,46574.0,121.0
2021-01-05 09:39:43.191,0.0073,0.0073,12.0,0.0071,64.0,46574.0,121.0
2021-01-05 09:39:43.570,0.0073,0.0073,12.0,0.0071,74.0,46574.0,121.0
2021-01-05 09:39:44.231,0.0073,0.0073,12.0,0.0071,64.0,46574.0,121.0
2021-01-05 09:39:44.680,0.0073,0.0073,12.0,0.0071,64.0,46574.0,121.0
2021-01-05 09:39:45.251,0.0073,0.0074,50.0,0.0071,64.0,46574.0,121.0
2021-01-05 09:39:45.750,0.0073,0.0074,76.0,0.0071,64.0,46574.0,121.0
2021-01-05 09:39:46.190,0.0073,0.0074,64.0,0.0071,74.0,46574.0,121.0
2021-01-05 09:39:46.711,0.0073,0.0074,76.0,0.0071,74.0,46574.0,121.0
2021-01-05 09:39:48.720,0.0073,0.0073,12.0,0.0071,74.0,46574.0,121.0
2021-01-05 09:39:49.241,0.0073,0.0073,12.0,0.0071,64.0,46574.0,121.0
2021-01-05 09:39:49.711,0.0073,0.0073,12.0,0.0071,64.0,46574.0,121.0
2021-01-05 09:39:50.180,0.0073,0.0074,62.0,0.0071,64.0,46574.0,121.0
2021-01-05 09:39:50.710,0.0073,0.0073,32.0,0.0071,64.0,46574.0,121.0
2021-01-05 09:39:51.241,0.0073,0.0073,12.0,0.0071,74.0,46574.0,121.0
2021-01-05 09:39:51.730,0.0073,0.0073,20.0,0.0071,64.0,46574.0,121.0
2021-01-05 09:39:52.251,0.0073,0.0074,62.0,0.0071,64.0,46574.0,121.0
2021-01-05 09:39:52.670,0.0073,0.0074,76.0,0.0071,64.0,46574.0,121.0
2021-01-05 09:39:53.181,0.0073,0.0074,76.0,0.0071,74.0,46574.0,121.0
2021-01-05 09:39:53.630,0.0073,0.0074,76.0,0.0071,74.0,46574.0,121.0
2021-01-05 09:39:54.191,0.0073,0.0074,34.0,0.0071,74.0,46574.0,121.0
2021-01-05 09:39:54.691,0.0073,0.0074,46.0,0.0071,74.0,46574.0,121.0
2021-01-05 09:39:55.181,0.0073,0.0073,12.0,0.0071,74.0,46574.0,121.0
2021-01-05 09:39:55.640,0.0073,0.0074,62.0,0.0071,64.0,46574.0,121.0
2021-01-05 09:39:56.120,0.0073,0.0074,46.0,0.0071,74.0,46574.0,121.0
2021-01-05 09:39:56.691,0.0073,0.0074,14.0,0.0071,86.0,46574.0,121.0
2021-01-05 09:39:57.181,0.0073,0.0074,76.0,0.0071,74.0,46574.0,121.0
2021-01-05 09:39:57.580,0.0073,0.0074,26.0,0.0071,74.0,46574.0,121.0
2021-01-05 09:39:58.170,0.0073,0.0074,46.0,0.0071,74.0,46574.0,121.0
2021-01-05 09:39:58.600,0.0073,0.0074,76.0,0.0071,74.0,46574.0,121.0
2021-01-05 09:39:59.061,0.0073,0.0074,76.0,0.0071,74.0,46574.0,121.0
2021-01-05 09:40:06.701,0.0073,0.0074,76.0,0.0071,74.0,46574.0,121.0
2021-01-05 09:40:12.680,0.0073,0.0074,46.0,0.0071,74.0,46574.0,121.0
2021-01-05 09:40:13.170,0.0073,0.0074,76.0,0.0071,74.0,46574.0,121.0
2021-01-05 09:40:13.700,0.0073,0.0074,76.0,0.0071,74.0,46574.0,121.0
2021-01-05 09:40:15.690,0.0073,0.0074,46.0,0.0071,74.0,46574.0,121.0
2021-01-05 09:40:16.140,0.0073,0.0074,76.0,0.0071,74.0,46574.0,121.0
2021-01-05 09:40:18.460,0.0073,0.0074,46.0,0.0071,74.0,46574.0,121.0
2021-01-05 09:40:20.191,0.0073,0.0074,46.0,0.0071,74.0,46574.0,121.0
2021-01-05 09:40:20.691,0.0073,0.0074,76.0,0.0071,74.0,46574.0,121.0
2021-01-05 09:40:21.200,0.0073,0.0074,64.0,0.0071,74.0,46574.0,121.0
2021-01-05 09:40:21.701,0.0073,0.0074,64.0,0.0071,86.0,46574.0,121.0
2021-01-05 09:40:22.210,0.0073,0.0074,76.0,0.0071,74.0,46574.0,121.0
2021-01-05 09:40:24.160,0.0073,0.0074,46.0,0.0071,74.0,46574.0,121.0
2021-01-05 09:40:24.681,0.0073,0.0074,76.0,0.0071,74.0,46574.0,121.0
2021-01-05 09:40:26.181,0.0073,0.0074,46.0,0.0071,74.0,46574.0,121.0
2021-01-05 09:40:26.650,0.0073,0.0074,76.0,0.0071,74.0,46574.0,121.0
2021-01-05 09:40:27.140,0.0073,0.0074,46.0,0.0071,74.0,46574.0,121.0
2021-01-05 09:40:27.701,0.0073,0.0073,12.0,0.0071,74.0,46574.0,121.0
2021-01-05 09:40:28.200,0.0073,0.0074,62.0,0.0071,64.0,46574.0,121.0
2021-01-05 09:40:28.690,0.0073,0.0073,32.0,0.0071,64.0,46574.0,121.0
2021-01-05 09:40:29.170,0.0073,0.0073,12.0,0.0071,64.0,46574.0,121.0
2021-01-05 09:40:30.160,0.0073,0.0073,32.0,0.0071,64.0,46574.0,121.0
2021-01-05 09:40:32.611,0.0073,0.0073,12.0,0.0071,64.0,46574.0,121.0
2021-01-05 09:40:33.191,0.0073,0.0073,12.0,0.0071,64.0,46574.0,121.0
2021-01-05 09:40:33.681,0.0073,0.0073,12.0,0.0071,64.0,46574.0,121.0
2021-01-05 09:40:34.601,0.0073,0.0074,53.0,0.0071,64.0,46574.0,121.0
2021-01-05 09:40:35.201,0.0073,0.0074,79.0,0.0071,64.0,46574.0,121.0
2021-01-05 09:40:35.681,0.0073,0.0074,49.0,0.0071,74.0,46574.0,121.0
2021-01-05 09:40:36.161,0.0073,0.0074,49.0,0.0071,74.0,46574.0,121.0
2021-01-05 09:40:36.620,0.0073,0.0074,79.0,0.0071,74.0,46574.0,121.0
2021-01-05 09:40:39.041,0.0073,0.0074,67.0,0.0071,74.0,46574.0,121.0
2021-01-05 09:40:39.681,0.0073,0.0073,12.0,0.0071,74.0,46574.0,121.0
2021-01-05 09:40:40.061,0.0073,0.0073,12.0,0.0071,64.0,46574.0,121.0
2021-01-05 09:40:40.670,0.0073,0.0073,12.0,0.0071,64.0,46574.0,121.0
2021-01-05 09:40:41.191,0.0073,0.0074,65.0,0.0071,64.0,46574.0,121.0
2021-01-05 09:40:41.661,0.0073,0.0074,79.0,0.0071,64.0,46574.0,121.0
2021-01-05 09:40:42.201,0.0073,0.0074,79.0,0.0071,74.0,46574.0,121.0
2021-01-05 09:40:47.611,0.0073,0.0074,79.0,0.0071,74.0,46574.0,121.0
2021-01-05 09:40:48.160,0.0073,0.0074,79.0,0.0071,74.0,46574.0,121.0
2021-01-05 09:40:48.700,0.0073,0.0074,79.0,0.0071,74.0,46574.0,121.0
2021-01-05 09:40:49.111,0.0073,0.0074,49.0,0.0071,74.0,46574.0,121.0
2021-01-05 09:40:49.640,0.0073,0.0074,79.0,0.0071,74.0,46574.0,121.0
2021-01-05 09:40:50.181,0.0073,0.0074,79.0,0.0071,74.0,46574.0,121.0
2021-01-05 09:40:50.671,0.0073,0.0074,79.0,0.0071,74.0,46574.0,121.0
2021-01-05 09:40:51.601,0.0073,0.0074,79.0,0.0071,74.0,46574.0,121.0
2021-01-05 09:40:52.661,0.0073,0.0074,67.0,0.0071,74.0,46574.0,121.0
2021-01-05 09:40:53.140,0.0073,0.0074,67.0,0.0071,86.0,46574.0,121.0
2021-01-05 09:40:53.651,0.0073,0.0074,67.0,0.0071,86.0,46574.0,121.0
2021-01-05 09:40:54.141,0.0073,0.0074,67.0,0.0071,86.0,46574.0,121.0
2021-01-05 09:40:54.661,0.0073,0.0074,67.0,0.0071,86.0,46574.0,121.0
2021-01-05 09:40:55.111,0.0073,0.0074,67.0,0.0071,86.0,46574.0,121.0
2021-01-05 09:40:57.180,0.0073,0.0074,37.0,0.0071,86.0,46574.0,121.0
2021-01-05 09:40:57.560,0.0073,0.0074,64.0,0.0071,86.0,46574.0,121.0
2021-01-05 09:40:59.070,0.0074,0.0074,44.0,0.0071,86.0,46588.0,135.0
2021-01-05 09:41:01.650,0.0074,0.0074,64.0,0.0071,86.0,46588.0,135.0
2021-01-05 09:41:03.110,0.0074,0.0074,76.0,0.0071,74.0,46588.0,135.0
2021-01-05 09:41:03.721,0.0074,0.0074,64.0,0.0071,86.0,46588.0,135.0
2021-01-05 09:41:04.180,0.0074,0.0074,64.0,0.0071,86.0,46588.0,135.0
2021-01-05 09:41:05.220,0.0074,0.0074,64.0,0.0071,86.0,46588.0,135.0
2021-01-05 09:41:06.221,0.0074,0.0074,64.0,0.0071,86.0,46588.0,135.0
2021-01-05 09:41:06.710,0.0074,0.0074,64.0,0.0072,20.0,46588.0,135.0
2021-01-05 09:41:07.100,0.0074,0.0074,34.0,0.0072,50.0,46588.0,135.0
2021-01-05 09:41:07.611,0.0074,0.0074,34.0,0.0072,50.0,46588.0,135.0
2021-01-05 09:41:08.201,0.0074,0.0074,46.0,0.0072,50.0,46588.0,135.0
2021-01-05 09:41:08.701,0.0074,0.0074,46.0,0.0072,50.0,46588.0,135.0
2021-01-05 09:41:09.210,0.0074,0.0074,46.0,0.0072,50.0,46588.0,135.0
2021-01-05 09:41:14.160,0.0074,0.0074,17.0,0.0072,50.0,46588.0,135.0
2021-01-05 09:41:14.671,0.0074,0.0074,29.0,0.0072,50.0,46588.0,135.0
2021-01-05 09:41:15.180,0.0074,0.0074,29.0,0.0072,50.0,46588.0,135.0
2021-01-05 09:41:15.601,0.0074,0.0074,29.0,0.0072,60.0,46588.0,135.0
2021-01-05 09:41:17.211,0.0074,0.0074,29.0,0.0073,1.0,46588.0,135.0
2021-01-05 09:41:17.670,0.0074,0.0074,29.0,0.0073,31.0,46588.0,135.0
2021-01-05 09:41:18.200,0.0074,0.0074,17.0,0.0073,31.0,46588.0,135.0
2021-01-05 09:41:18.600,0.0074,0.0074,29.0,0.0073,1.0,46588.0,135.0
2021-01-05 09:41:19.161,0.0074,0.0074,49.0,0.0073,1.0,46588.0,135.0
2021-01-05 09:41:20.070,0.0074,0.0074,17.0,0.0073,31.0,46588.0,135.0
2021-01-05 09:41:20.721,0.0074,0.0074,17.0,0.0073,31.0,46588.0,135.0
2021-01-05 09:41:21.190,0.0074,0.0074,17.0,0.0073,41.0,46588.0,135.0
2021-01-05 09:41:21.460,0.0074,0.0074,29.0,0.0073,41.0,46588.0,135.0
2021-01-05 09:41:22.190,0.0074,0.0074,49.0,0.0073,11.0,46588.0,135.0
2021-01-05 09:41:22.700,0.0074,0.0074,49.0,0.0073,1.0,46588.0,135.0
2021-01-05 09:41:23.061,0.0074,0.0074,49.0,0.0073,31.0,46588.0,135.0
2021-01-05 09:41:24.171,0.0074,0.0074,29.0,0.0073,31.0,46588.0,135.0
2021-01-05 09:41:24.651,0.0073,0.0074,49.0,0.0072,60.0,46588.0,155.0
2021-01-05 09:41:25.641,0.0073,0.0074,79.0,0.0072,60.0,46588.0,155.0
2021-01-05 09:41:26.190,0.0073,0.0074,49.0,0.0072,60.0,46588.0,155.0
2021-01-05 09:41:27.131,0.0073,0.0074,49.0,0.0072,60.0,46588.0,155.0
2021-01-05 09:41:28.011,0.0073,0.0074,49.0,0.0072,40.0,46588.0,155.0
2021-01-05 09:41:28.540,0.0073,0.0074,79.0,0.0072,40.0,46588.0,155.0
2021-01-05 09:41:30.670,0.0073,0.0074,79.0,0.0072,40.0,46588.0,155.0
2021-01-05 09:41:31.181,0.0073,0.0074,49.0,0.0072,40.0,46588.0,155.0
2021-01-05 09:41:31.700,0.0073,0.0074,79.0,0.0072,40.0,46588.0,155.0
2021-01-05 09:41:32.220,0.0073,0.0074,79.0,0.0072,40.0,46588.0,155.0
2021-01-05 09:41:32.670,0.0073,0.0074,79.0,0.0072,40.0,46588.0,155.0
2021-01-05 09:41:33.000,0.0073,0.0074,79.0,0.0072,40.0,46588.0,155.0
2021-01-05 09:41:33.680,0.0073,0.0074,49.0,0.0072,40.0,46588.0,155.0
2021-01-05 09:41:34.720,0.0073,0.0074,79.0,0.0072,40.0,46588.0,155.0
2021-01-05 09:41:35.721,0.0073,0.0074,79.0,0.0072,40.0,46588.0,155.0
2021-01-05 09:41:36.720,0.0073,0.0074,35.0,0.0072,40.0,46588.0,155.0
2021-01-05 09:41:37.210,0.0073,0.0073,14.0,0.0072,40.0,46588.0,155.0
2021-01-05 09:41:37.711,0.0073,0.0073,34.0,0.0072,40.0,46588.0,155.0
2021-01-05 09:41:38.220,0.0073,0.0073,34.0,0.0072,40.0,46588.0,155.0
2021-01-05 09:41:38.710,0.0073,0.0073,14.0,0.0072,40.0,46588.0,155.0
2021-01-05 09:41:39.521,0.0073,0.0074,62.0,0.0072,40.0,46588.0,155.0
2021-01-05 09:41:40.231,0.0073,0.0074,76.0,0.0072,41.0,46588.0,155.0
2021-01-05 09:41:41.130,0.0073,0.0074,76.0,0.0072,41.0,46588.0,155.0
2021-01-05 09:41:41.730,0.0073,0.0074,76.0,0.0072,41.0,46588.0,155.0
2021-01-05 09:41:42.700,0.0073,0.0074,46.0,0.0072,41.0,46588.0,155.0
2021-01-05 09:41:44.671,0.0073,0.0074,76.0,0.0072,41.0,46588.0,155.0
2021-01-05 09:41:45.701,0.0073,0.0074,62.0,0.0072,41.0,46588.0,155.0
2021-01-05 09:41:46.241,0.0073,0.0073,14.0,0.0072,41.0,46588.0,155.0
2021-01-05 09:41:46.661,0.0073,0.0073,14.0,0.0072,11.0,46588.0,155.0
2021-01-05 09:41:47.201,0.0073,0.0073,14.0,0.0072,11.0,46588.0,155.0
2021-01-05 09:41:48.181,0.0073,0.0073,34.0,0.0072,11.0,46588.0,155.0
2021-01-05 09:41:49.191,0.0073,0.0073,14.0,0.0072,11.0,46588.0,155.0
2021-01-05 09:41:49.750,0.0073,0.0073,14.0,0.0072,11.0,46588.0,155.0
2021-01-05 09:41:50.231,0.0073,0.0073,34.0,0.0072,11.0,46588.0,155.0
2021-01-05 09:41:50.751,0.0073,0.0073,14.0,0.0072,11.0,46588.0,155.0
2021-01-05 09:41:51.251,0.0073,0.0073,14.0,0.0072,11.0,46588.0,155.0
2021-01-05 09:41:51.760,0.0073,0.0073,14.0,0.0072,11.0,46588.0,155.0
2021-01-05 09:41:52.261,0.0073,0.0073,46.0,0.0072,11.0,46588.0,155.0
2021-01-05 09:41:52.690,0.0073,0.0073,26.0,0.0072,11.0,46588.0,155.0
2021-01-05 09:41:53.201,0.0073,0.0073,46.0,0.0072,11.0,46588.0,155.0
2021-01-05 09:41:53.660,0.0073,0.0073,34.0,0.0072,11.0,46588.0,155.0
2021-01-05 09:41:55.671,0.0073,0.0073,34.0,0.0072,1.0,46588.0,155.0
2021-01-05 09:41:56.151,0.0073,0.0073,34.0,0.0072,1.0,46588.0,155.0
2021-01-05 09:41:56.670,0.0073,0.0073,14.0,0.0072,1.0,46588.0,155.0
2021-01-05 09:41:57.110,0.0073,0.0073,14.0,0.0072,1.0,46588.0,155.0
2021-01-05 09:41:57.640,0.0073,0.0073,14.0,0.0072,1.0,46588.0,155.0
2021-01-05 09:41:59.700,0.0073,0.0073,14.0,0.0072,1.0,46588.0,155.0
2021-01-05 09:42:00.151,0.0073,0.0073,14.0,0.0072,1.0,46588.0,155.0
2021-01-05 09:42:00.701,0.0073,0.0073,26.0,0.0072,1.0,46588.0,155.0
2021-01-05 09:42:01.190,0.0073,0.0073,14.0,0.0072,1.0,46588.0,155.0
2021-01-05 09:42:01.651,0.0073,0.0073,26.0,0.0072,1.0,46588.0,155.0
2021-01-05 09:42:02.201,0.0073,0.0073,14.0,0.0072,1.0,46588.0,155.0
2021-01-05 09:42:03.601,0.0073,0.0073,26.0,0.0072,1.0,46588.0,155.0
2021-01-05 09:42:04.500,0.0073,0.0073,26.0,0.0072,1.0,46588.0,155.0
2021-01-05 09:42:06.181,0.0073,0.0073,26.0,0.0072,1.0,46588.0,155.0
2021-01-05 09:42:06.690,0.0073,0.0073,26.0,0.0072,1.0,46588.0,155.0
2021-01-05 09:42:07.691,0.0073,0.0073,46.0,0.0072,1.0,46588.0,155.0
2021-01-05 09:42:13.731,0.0073,0.0073,76.0,0.0072,1.0,46588.0,155.0
2021-01-05 09:42:14.150,0.0073,0.0073,46.0,0.0072,1.0,46588.0,155.0
2021-01-05 09:42:16.701,0.0073,0.0073,34.0,0.0072,1.0,46588.0,155.0
2021-01-05 09:42:21.621,0.0073,0.0073,64.0,0.0072,1.0,46588.0,155.0
2021-01-05 09:42:22.570,0.0073,0.0073,34.0,0.0072,1.0,46588.0,155.0
2021-01-05 09:42:34.210,0.0073,0.0073,14.0,0.0072,1.0,46588.0,155.0
2021-01-05 09:42:35.701,0.0073,0.0073,34.0,0.0072,1.0,46588.0,155.0
2021-01-05 09:42:36.200,0.0073,0.0073,20.0,0.0072,1.0,46588.0,155.0
2021-01-05 09:42:36.650,0.0073,0.0074,62.0,0.0072,1.0,46588.0,155.0
2021-01-05 09:42:37.251,0.0073,0.0074,76.0,0.0072,31.0,46588.0,155.0
2021-01-05 09:42:40.221,0.0073,0.0074,62.0,0.0072,31.0,46588.0,155.0
2021-01-05 09:42:40.721,0.0073,0.0074,76.0,0.0072,31.0,46588.0,155.0
2021-01-05 09:42:41.731,0.0073,0.0074,62.0,0.0072,31.0,46588.0,155.0
2021-01-05 09:42:43.251,0.0073,0.0073,12.0,0.0072,31.0,46588.0,155.0
2021-01-05 09:42:43.741,0.0073,0.0073,12.0,0.0072,1.0,46588.0,155.0
2021-01-05 09:42:44.211,0.0073,0.0073,32.0,0.0072,1.0,46588.0,155.0
2021-01-05 09:42:44.751,0.0073,0.0073,12.0,0.0072,1.0,46588.0,155.0
2021-01-05 09:42:48.720,0.0073,0.0074,62.0,0.0072,1.0,46588.0,155.0
2021-01-05 09:42:49.110,0.0073,0.0074,76.0,0.0072,31.0,46588.0,155.0
2021-01-05 09:42:50.261,0.0073,0.0074,62.0,0.0072,1.0,46588.0,155.0
2021-01-05 09:42:50.720,0.0073,0.0074,76.0,0.0072,31.0,46588.0,155.0
2021-01-05 09:42:52.251,0.0073,0.0074,76.0,0.0072,31.0,46588.0,155.0
2021-01-05 09:42:53.640,0.0073,0.0073,12.0,0.0072,31.0,46588.0,155.0
2021-01-05 09:42:54.191,0.0073,0.0074,62.0,0.0072,1.0,46588.0,155.0
2021-01-05 09:42:54.710,0.0073,0.0074,86.0,0.0072,31.0,46588.0,155.0
2021-01-05 09:42:55.701,0.0073,0.0073,12.0,0.0072,31.0,46588.0,155.0
2021-01-05 09:42:56.191,0.0073,0.0073,12.0,0.0072,1.0,46588.0,155.0
2021-01-05 09:42:56.631,0.0073,0.0073,12.0,0.0072,1.0,46588.0,155.0
2021-01-05 09:42:57.171,0.0073,0.0073,12.0,0.0072,1.0,46588.0,155.0
2021-01-05 09:42:57.591,0.0073,0.0073,32.0,0.0072,1.0,46588.0,155.0
2021-01-05 09:42:58.731,0.0073,0.0073,12.0,0.0072,1.0,46588.0,155.0
2021-01-05 09:42:59.230,0.0073,0.0074,72.0,0.0072,1.0,46588.0,155.0
2021-01-05 09:42:59.730,0.0073,0.0073,12.0,0.0072,31.0,46588.0,155.0
2021-01-05 09:43:00.131,0.0073,0.0073,12.0,0.0072,1.0,46588.0,155.0
2021-01-05 09:43:00.721,0.0073,0.0073,20.0,0.0072,1.0,46588.0,155.0
2021-01-05 09:43:01.211,0.0073,0.0074,62.0,0.0072,1.0,46588.0,155.0
2021-01-05 09:43:01.701,0.0073,0.0074,76.0,0.0072,31.0,46588.0,155.0
2021-01-05 09:43:02.681,0.0073,0.0073,12.0,0.0072,31.0,46588.0,155.0
2021-01-05 09:43:03.241,0.0073,0.0073,20.0,0.0072,1.0,46588.0,155.0
2021-01-05 09:43:03.701,0.0073,0.0074,62.0,0.0072,1.0,46588.0,155.0
2021-01-05 09:43:04.231,0.0073,0.0074,86.0,0.0072,31.0,46588.0,155.0
2021-01-05 09:43:04.740,0.0073,0.0074,86.0,0.0072,31.0,46588.0,155.0
2021-01-05 09:43:05.731,0.0073,0.0073,12.0,0.0072,31.0,46588.0,155.0
2021-01-05 09:43:06.171,0.0073,0.0073,12.0,0.0072,1.0,46588.0,155.0
2021-01-05 09:43:06.680,0.0073,0.0074,62.0,0.0072,1.0,46588.0,155.0
2021-01-05 09:43:07.231,0.0073,0.0074,76.0,0.0072,31.0,46588.0,155.0
2021-01-05 09:43:10.150,0.0073,0.0074,59.0,0.0072,31.0,46588.0,155.0
2021-01-05 09:43:13.210,0.0073,0.0074,59.0,0.0072,31.0,46588.0,155.0
2021-01-05 09:43:19.261,0.0073,0.0074,47.0,0.0072,31.0,46588.0,155.0
2021-01-05 09:43:19.761,0.0073,0.0073,12.0,0.0072,31.0,46588.0,155.0
2021-01-05 09:43:20.281,0.0073,0.0073,12.0,0.0072,31.0,46588.0,155.0
2021-01-05 09:43:20.731,0.0073,0.0073,12.0,0.0072,1.0,46588.0,155.0
2021-01-05 09:43:21.701,0.0073,0.0073,12.0,0.0072,1.0,46588.0,155.0
2021-01-05 09:43:22.281,0.0073,0.0073,12.0,0.0072,31.0,46588.0,155.0
2021-01-05 09:43:23.190,0.0073,0.0073,12.0,0.0072,1.0,46588.0,155.0
2021-01-05 09:43:26.621,0.0073,0.0073,12.0,0.0072,1.0,46588.0,155.0
2021-01-05 09:43:27.190,0.0073,0.0073,12.0,0.0072,1.0,46588.0,155.0
2021-01-05 09:43:27.591,0.0073,0.0073,12.0,0.0072,1.0,46588.0,155.0
2021-01-05 09:43:28.091,0.0073,0.0073,12.0,0.0072,1.0,46588.0,155.0
2021-01-05 09:43:30.701,0.0073,0.0073,12.0,0.0072,1.0,46588.0,155.0
2021-01-05 09:43:31.080,0.0073,0.0073,12.0,0.0072,1.0,46588.0,155.0
2021-01-05 09:43:31.720,0.0073,0.0073,12.0,0.0072,1.0,46588.0,155.0
2021-01-05 09:43:32.181,0.0073,0.0074,75.0,0.0072,1.0,46588.0,155.0
2021-01-05 09:43:32.701,0.0073,0.0074,89.0,0.0072,31.0,46588.0,155.0
2021-01-05 09:43:33.600,0.0073,0.0074,79.0,0.0072,31.0,46588.0,155.0
2021-01-05 09:43:36.661,0.0073,0.0074,79.0,0.0072,31.0,46588.0,155.0
2021-01-05 09:43:39.700,0.0073,0.0074,67.0,0.0072,31.0,46588.0,155.0
2021-01-05 09:43:44.251,0.0073,0.0073,12.0,0.0072,31.0,46588.0,155.0
2021-01-05 09:43:44.670,0.0073,0.0073,12.0,0.0072,31.0,46588.0,155.0
2021-01-05 09:43:44.670,0.0073,0.0074,65.0,0.0072,31.0,46588.0,155.0
2021-01-05 09:43:45.630,0.0073,0.0074,79.0,0.0072,31.0,46588.0,155.0
2021-01-05 09:43:48.220,0.0073,0.0074,76.0,0.0072,31.0,46588.0,155.0
2021-01-05 09:43:49.221,0.0073,0.0074,64.0,0.0072,31.0,46588.0,155.0
2021-01-05 09:43:49.601,0.0073,0.0073,12.0,0.0072,31.0,46588.0,155.0
2021-01-05 09:43:50.170,0.0073,0.0074,50.0,0.0072,31.0,46588.0,155.0
2021-01-05 09:43:50.650,0.0073,0.0074,76.0,0.0072,31.0,46588.0,155.0
2021-01-05 09:43:51.221,0.0073,0.0073,12.0,0.0072,31.0,46588.0,155.0
2021-01-05 09:43:51.660,0.0073,0.0073,12.0,0.0072,1.0,46588.0,155.0
2021-01-05 09:43:52.200,0.0073,0.0073,12.0,0.0072,1.0,46588.0,155.0
2021-01-05 09:43:52.681,0.0073,0.0074,42.0,0.0072,1.0,46588.0,155.0
2021-01-05 09:43:53.201,0.0073,0.0073,12.0,0.0072,31.0,46588.0,155.0
2021-01-05 09:43:53.610,0.0073,0.0073,12.0,0.0072,1.0,46588.0,155.0
2021-01-05 09:43:54.191,0.0073,0.0073,12.0,0.0072,31.0,46588.0,155.0
2021-01-05 09:43:54.980,0.0073,0.0073,12.0,0.0072,1.0,46588.0,155.0
2021-01-05 09:43:55.660,0.0073,0.0073,12.0,0.0072,1.0,46588.0,155.0
2021-01-05 09:43:56.200,0.0073,0.0073,12.0,0.0072,1.0,46588.0,155.0
2021-01-05 09:43:56.721,0.0073,0.0073,12.0,0.0072,31.0,46588.0,155.0
2021-01-05 09:43:57.650,0.0073,0.0073,12.0,0.0072,31.0,46588.0,155.0
2021-01-05 09:43:58.190,0.0073,0.0074,62.0,0.0072,31.0,46588.0,155.0
2021-01-05 09:43:58.711,0.0073,0.0074,76.0,0.0072,31.0,46588.0,155.0
2021-01-05 09:43:59.170,0.0073,0.0074,56.0,0.0072,31.0,46588.0,155.0
2021-01-05 09:44:00.561,0.0073,0.0074,56.0,0.0072,31.0,46588.0,155.0
2021-01-05 09:44:01.160,0.0073,0.0073,12.0,0.0072,41.0,46588.0,155.0
2021-01-05 09:44:01.621,0.0073,0.0073,12.0,0.0072,11.0,46588.0,155.0
2021-01-05 09:44:02.711,0.0073,0.0074,42.0,0.0072,11.0,46588.0,155.0
2021-01-05 09:44:02.711,0.0073,0.0074,56.0,0.0072,41.0,46588.0,155.0
2021-01-05 09:44:03.750,0.0073,0.0074,44.0,0.0072,41.0,46588.0,155.0
2021-01-05 09:44:04.230,0.0073,0.0073,12.0,0.0072,41.0,46588.0,155.0
2021-01-05 09:44:04.751,0.0073,0.0074,45.0,0.0072,11.0,46588.0,155.0
2021-01-05 09:44:05.260,0.0073,0.0073,12.0,0.0072,41.0,46588.0,155.0
2021-01-05 09:44:05.761,0.0073,0.0073,12.0,0.0072,11.0,46588.0,155.0
2021-01-05 09:44:06.261,0.0073,0.0074,45.0,0.0072,11.0,46588.0,155.0
2021-01-05 09:44:06.770,0.0073,0.0074,59.0,0.0072,41.0,46588.0,155.0
2021-01-05 09:44:07.281,0.0073,0.0074,59.0,0.0072,41.0,46588.0,155.0
2021-01-05 09:44:08.261,0.0073,0.0074,59.0,0.0072,41.0,46588.0,155.0
2021-01-05 09:44:08.760,0.0073,0.0074,59.0,0.0072,41.0,46588.0,155.0
2021-01-05 09:44:11.271,0.0073,0.0074,59.0,0.0072,41.0,46588.0,155.0
2021-01-05 09:44:11.780,0.0073,0.0074,59.0,0.0072,41.0,46588.0,155.0
2021-01-05 09:44:12.270,0.0073,0.0074,59.0,0.0072,41.0,46588.0,155.0
2021-01-05 09:44:14.260,0.0073,0.0074,59.0,0.0072,41.0,46588.0,155.0
2021-01-05 09:44:14.781,0.0073,0.0074,59.0,0.0072,41.0,46588.0,155.0
2021-01-05 09:44:15.280,0.0073,0.0074,59.0,0.0072,41.0,46588.0,155.0
2021-01-05 09:44:17.770,0.0073,0.0074,79.0,0.0072,41.0,46588.0,155.0
2021-01-05 09:44:18.780,0.0073,0.0074,65.0,0.0072,41.0,46588.0,155.0
2021-01-05 09:44:19.261,0.0073,0.0073,14.0,0.0072,41.0,46588.0,155.0
2021-01-05 09:44:19.801,0.0073,0.0073,14.0,0.0072,11.0,46588.0,155.0
2021-01-05 09:44:20.300,0.0073,0.0073,26.0,0.0072,11.0,46588.0,155.0
2021-01-05 09:44:20.801,0.0073,0.0073,26.0,0.0072,11.0,46588.0,155.0
2021-01-05 09:44:21.791,0.0073,0.0073,26.0,0.0072,11.0,46588.0,155.0
2021-01-05 09:44:22.250,0.0073,0.0073,14.0,0.0072,11.0,46588.0,155.0
2021-01-05 09:44:22.651,0.0073,0.0073,26.0,0.0072,11.0,46588.0,155.0
2021-01-05 09:44:26.701,0.0073,0.0073,14.0,0.0072,11.0,46588.0,155.0
2021-01-05 09:44:27.201,0.0073,0.0073,12.0,0.0072,11.0,46588.0,155.0
2021-01-05 09:44:27.710,0.0073,0.0074,45.0,0.0072,11.0,46588.0,155.0
2021-01-05 09:44:28.221,0.0073,0.0074,59.0,0.0072,41.0,46588.0,155.0
2021-01-05 09:44:29.640,0.0073,0.0074,59.0,0.0072,41.0,46588.0,155.0
2021-01-05 09:44:30.720,0.0073,0.0074,59.0,0.0072,41.0,46588.0,155.0
2021-01-05 09:44:32.220,0.0073,0.0074,59.0,0.0072,41.0,46588.0,155.0
2021-01-05 09:44:33.730,0.0073,0.0074,59.0,0.0072,41.0,46588.0,155.0
2021-01-05 09:44:40.250,0.0073,0.0074,47.0,0.0072,41.0,46588.0,155.0
2021-01-05 09:44:40.740,0.0073,0.0073,12.0,0.0072,41.0,46588.0,155.0
2021-01-05 09:44:41.251,0.0073,0.0074,33.0,0.0072,11.0,46588.0,155.0
2021-01-05 09:44:41.730,0.0073,0.0073,12.0,0.0072,41.0,46588.0,155.0
2021-01-05 09:44:42.250,0.0073,0.0073,12.0,0.0072,11.0,46588.0,155.0
2021-01-05 09:44:42.731,0.0073,0.0073,26.0,0.0072,11.0,46588.0,155.0
2021-01-05 09:44:43.251,0.0073,0.0073,26.0,0.0072,11.0,46588.0,155.0
2021-01-05 09:44:43.760,0.0073,0.0073,14.0,0.0072,11.0,46588.0,155.0
2021-01-05 09:44:44.260,0.0073,0.0073,14.0,0.0072,11.0,46588.0,155.0
2021-01-05 09:44:44.761,0.0073,0.0073,14.0,0.0072,11.0,46588.0,155.0
2021-01-05 09:44:45.261,0.0073,0.0073,14.0,0.0072,11.0,46588.0,155.0
2021-01-05 09:44:45.760,0.0073,0.0073,14.0,0.0072,11.0,46588.0,155.0
2021-01-05 09:44:45.760,0.0073,0.0073,14.0,0.0072,41.0,46588.0,155.0
2021-01-05 09:44:46.771,0.0073,0.0073,14.0,0.0072,11.0,46588.0,155.0
2021-01-05 09:44:47.770,0.0073,0.0073,14.0,0.0072,11.0,46588.0,155.0
2021-01-05 09:44:48.780,0.0073,0.0073,26.0,0.0072,11.0,46588.0,155.0
2021-01-05 09:44:50.300,0.0073,0.0073,26.0,0.0072,11.0,46588.0,155.0
2021-01-05 09:44:53.201,0.0073,0.0073,26.0,0.0072,11.0,46588.0,155.0
2021-01-05 09:44:53.621,0.0073,0.0073,26.0,0.0072,11.0,46588.0,155.0
2021-01-05 09:44:54.201,0.0073,0.0073,26.0,0.0072,11.0,46588.0,155.0
2021-01-05 09:44:54.970,0.0073,0.0073,12.0,0.0072,11.0,46588.0,155.0
2021-01-05 09:44:56.220,0.0073,0.0073,12.0,0.0072,11.0,46588.0,155.0
2021-01-05 09:44:56.720,0.0073,0.0073,12.0,0.0072,11.0,46588.0,155.0
2021-01-05 09:44:57.160,0.0073,0.0074,45.0,0.0072,11.0,46588.0,155.0
2021-01-05 09:44:57.431,0.0073,0.0074,59.0,0.0072,41.0,46588.0,155.0
2021-01-05 09:44:59.190,0.0073,0.0074,59.0,0.0072,41.0,46588.0,155.0
2021-01-05 09:44:59.711,0.0073,0.0074,59.0,0.0072,41.0,46588.0,155.0
2021-01-05 09:45:01.980,0.0073,0.0074,59.0,0.0073,20.0,46588.0,155.0
2021-01-05 09:45:02.710,0.0073,0.0074,29.0,0.0073,20.0,46588.0,155.0
2021-01-05 09:45:03.190,0.0073,0.0074,59.0,0.0073,30.0,46588.0,155.0
2021-01-05 09:45:03.680,0.0073,0.0074,29.0,0.0073,30.0,46588.0,155.0
2021-01-05 09:45:04.191,0.0073,0.0074,17.0,0.0073,30.0,46588.0,155.0
2021-01-05 09:45:05.221,0.0073,0.0074,17.0,0.0073,30.0,46588.0,155.0
2021-01-05 09:45:05.720,0.0073,0.0074,47.0,0.0073,30.0,46588.0,155.0
2021-01-05 09:45:06.220,0.0073,0.0074,17.0,0.0073,10.0,46588.0,155.0
2021-01-05 09:45:06.721,0.0073,0.0074,17.0,0.0072,31.0,46588.0,155.0
2021-01-05 09:45:07.130,0.0073,0.0074,47.0,0.0072,41.0,46588.0,155.0
2021-01-05 09:45:07.720,0.0073,0.0074,47.0,0.0072,41.0,46588.0,155.0
2021-01-05 09:45:08.700,0.0073,0.0074,44.0,0.0072,41.0,46588.0,155.0
2021-01-05 09:45:13.220,0.0073,0.0074,44.0,0.0072,41.0,46588.0,155.0
2021-01-05 09:45:13.681,0.0073,0.0074,56.0,0.0072,41.0,46588.0,155.0
2021-01-05 09:45:15.230,0.0073,0.0074,44.0,0.0072,41.0,46588.0,155.0
2021-01-05 09:45:15.721,0.0073,0.0074,44.0,0.0072,41.0,46588.0,155.0
2021-01-05 09:45:16.741,0.0073,0.0074,44.0,0.0072,41.0,46588.0,155.0
2021-01-05 09:45:17.170,0.0073,0.0074,56.0,0.0072,41.0,46588.0,155.0
2021-01-05 09:45:17.731,0.0073,0.0073,12.0,0.0072,41.0,46588.0,155.0
2021-01-05 09:45:18.230,0.0073,0.0073,12.0,0.0072,11.0,46588.0,155.0
2021-01-05 09:45:18.691,0.0073,0.0073,12.0,0.0072,41.0,46588.0,155.0
2021-01-05 09:45:19.191,0.0073,0.0074,42.0,0.0072,41.0,46588.0,155.0
2021-01-05 09:45:19.731,0.0073,0.0074,56.0,0.0072,41.0,46588.0,155.0
2021-01-05 09:45:20.240,0.0073,0.0074,44.0,0.0072,41.0,46588.0,155.0
2021-01-05 09:45:21.191,0.0073,0.0074,56.0,0.0072,41.0,46588.0,155.0
2021-01-05 09:45:22.710,0.0073,0.0073,12.0,0.0072,41.0,46588.0,155.0
2021-01-05 09:45:23.160,0.0073,0.0074,30.0,0.0072,11.0,46588.0,155.0
2021-01-05 09:45:23.671,0.0073,0.0074,56.0,0.0072,41.0,46588.0,155.0
2021-01-05 09:45:24.201,0.0073,0.0074,56.0,0.0072,41.0,46588.0,155.0
2021-01-05 09:45:25.131,0.0073,0.0074,44.0,0.0072,41.0,46588.0,155.0
2021-01-05 09:45:25.690,0.0073,0.0074,56.0,0.0072,41.0,46588.0,155.0
2021-01-05 09:45:26.220,0.0073,0.0074,56.0,0.0072,41.0,46588.0,155.0
2021-01-05 09:45:26.681,0.0073,0.0074,56.0,0.0072,41.0,46588.0,155.0
2021-01-05 09:45:28.220,0.0073,0.0074,56.0,0.0072,41.0,46588.0,155.0
2021-01-05 09:45:28.700,0.0073,0.0074,56.0,0.0072,41.0,46588.0,155.0
2021-01-05 09:45:29.140,0.0073,0.0074,56.0,0.0072,41.0,46588.0,155.0
2021-01-05 09:45:29.701,0.0073,0.0074,56.0,0.0072,41.0,46588.0,155.0
2021-01-05 09:45:33.180,0.0073,0.0074,56.0,0.0072,41.0,46588.0,155.0
2021-01-05 09:45:33.670,0.0073,0.0074,56.0,0.0072,41.0,46588.0,155.0
2021-01-05 09:45:35.731,0.0073,0.0074,56.0,0.0072,41.0,46588.0,155.0
2021-01-05 09:45:38.721,0.0073,0.0074,44.0,0.0072,41.0,46588.0,155.0
2021-01-05 09:45:39.210,0.0073,0.0074,44.0,0.0072,41.0,46588.0,155.0
2021-01-05 09:45:39.700,0.0073,0.0074,59.0,0.0072,41.0,46588.0,155.0
2021-01-05 09:45:40.240,0.0073,0.0074,47.0,0.0072,41.0,46588.0,155.0
2021-01-05 09:45:41.220,0.0073,0.0074,59.0,0.0072,41.0,46588.0,155.0
2021-01-05 09:45:41.660,0.0073,0.0074,47.0,0.0072,41.0,46588.0,155.0
2021-01-05 09:45:42.240,0.0073,0.0074,29.0,0.0072,41.0,46588.0,155.0
2021-01-05 09:45:42.711,0.0073,0.0074,14.0,0.0072,41.0,46588.0,155.0
2021-01-05 09:45:43.220,0.0073,0.0074,14.0,0.0072,41.0,46588.0,155.0
2021-01-05 09:45:43.710,0.0073,0.0074,14.0,0.0072,41.0,46588.0,155.0
2021-01-05 09:45:44.691,0.0073,0.0074,26.0,0.0072,41.0,46588.0,155.0
2021-01-05 09:45:55.230,0.0073,0.0074,56.0,0.0072,41.0,46588.0,155.0
2021-01-05 09:45:55.711,0.0073,0.0074,26.0,0.0072,41.0,46588.0,155.0
2021-01-05 09:45:56.120,0.0073,0.0074,56.0,0.0072,41.0,46588.0,155.0
2021-01-05 09:46:00.730,0.0073,0.0074,59.0,0.0072,41.0,46588.0,155.0
2021-01-05 09:46:01.230,0.0073,0.0074,59.0,0.0072,41.0,46588.0,155.0
2021-01-05 09:46:02.221,0.0073,0.0073,12.0,0.0072,11.0,46588.0,155.0
2021-01-05 09:46:02.711,0.0073,0.0073,26.0,0.0072,41.0,46588.0,155.0
2021-01-05 09:46:03.731,0.0073,0.0073,26.0,0.0072,41.0,46588.0,155.0
2021-01-05 09:46:06.690,0.0073,0.0073,26.0,0.0072,41.0,46588.0,155.0
2021-01-05 09:46:12.680,0.0073,0.0073,26.0,0.0072,41.0,46588.0,155.0
2021-01-05 09:46:13.681,0.0073,0.0073,26.0,0.0072,41.0,46588.0,155.0
2021-01-05 09:46:14.230,0.0073,0.0073,26.0,0.0072,41.0,46588.0,155.0
2021-01-05 09:46:15.231,0.0073,0.0073,26.0,0.0072,41.0,46588.0,155.0
2021-01-05 09:46:20.210,0.0073,0.0073,26.0,0.0072,41.0,46588.0,155.0
2021-01-05 09:46:26.191,0.0073,0.0073,14.0,0.0072,41.0,46588.0,155.0
2021-01-05 09:46:28.680,0.0073,0.0073,14.0,0.0072,41.0,46588.0,155.0
2021-01-05 09:46:29.151,0.0073,0.0073,14.0,0.0072,41.0,46588.0,155.0
2021-01-05 09:46:33.210,0.0073,0.0073,14.0,0.0072,41.0,46588.0,155.0
2021-01-05 09:46:33.331,0.0073,0.0073,12.0,0.0072,41.0,46588.0,155.0
2021-01-05 09:46:36.730,0.0073,0.0073,12.0,0.0072,41.0,46588.0,155.0
2021-01-05 09:46:37.241,0.0073,0.0073,26.0,0.0072,41.0,46588.0,155.0
2021-01-05 09:46:37.750,0.0073,0.0073,26.0,0.0072,11.0,46588.0,155.0
2021-01-05 09:46:38.201,0.0073,0.0073,42.0,0.0072,11.0,46588.0,155.0
2021-01-05 09:46:38.741,0.0073,0.0073,42.0,0.0072,11.0,46588.0,155.0
2021-01-05 09:46:39.210,0.0073,0.0073,12.0,0.0072,11.0,46588.0,155.0
2021-01-05 09:46:40.230,0.0073,0.0073,44.0,0.0072,11.0,46588.0,155.0
2021-01-05 09:46:40.301,0.0073,0.0073,14.0,0.0072,41.0,46588.0,155.0
2021-01-05 09:46:42.230,0.0073,0.0073,44.0,0.0072,11.0,46588.0,155.0
2021-01-05 09:46:42.741,0.0073,0.0073,42.0,0.0072,11.0,46588.0,155.0
2021-01-05 09:46:43.121,0.0073,0.0073,30.0,0.0072,11.0,46588.0,155.0
2021-01-05 09:46:50.170,0.0073,0.0074,62.0,0.0072,11.0,46588.0,155.0
2021-01-05 09:46:50.661,0.0073,0.0074,76.0,0.0072,41.0,46588.0,155.0
2021-01-05 09:46:51.731,0.0073,0.0074,76.0,0.0072,41.0,46588.0,155.0
2021-01-05 09:46:54.701,0.0073,0.0074,76.0,0.0072,41.0,46588.0,155.0
2021-01-05 09:46:56.221,0.0073,0.0074,76.0,0.0072,11.0,46588.0,155.0
2021-01-05 09:46:56.711,0.0073,0.0073,12.0,0.0072,41.0,46588.0,155.0
2021-01-05 09:46:56.801,0.0073,0.0073,56.0,0.0072,11.0,46588.0,155.0
2021-01-05 09:46:57.741,0.0073,0.0073,42.0,0.0072,11.0,46588.0,155.0
2021-01-05 09:46:58.131,0.0073,0.0073,56.0,0.0072,11.0,46588.0,155.0
2021-01-05 09:46:59.191,0.0073,0.0073,56.0,0.0072,31.0,46588.0,155.0
2021-01-05 09:47:00.741,0.0073,0.0073,56.0,0.0072,31.0,46588.0,155.0
2021-01-05 09:47:01.210,0.0073,0.0073,42.0,0.0072,31.0,46588.0,155.0
2021-01-05 09:47:02.230,0.0073,0.0073,42.0,0.0072,31.0,46588.0,155.0
2021-01-05 09:47:02.741,0.0073,0.0073,42.0,0.0072,31.0,46588.0,155.0
2021-01-05 09:47:03.220,0.0073,0.0073,42.0,0.0072,31.0,46588.0,155.0
2021-01-05 09:47:03.740,0.0073,0.0073,42.0,0.0072,31.0,46588.0,155.0
2021-01-05 09:47:04.751,0.0073,0.0073,30.0,0.0072,31.0,46588.0,155.0
2021-01-05 09:47:06.251,0.0073,0.0073,30.0,0.0072,31.0,46588.0,155.0
2021-01-05 09:47:07.221,0.0073,0.0073,30.0,0.0072,31.0,46588.0,155.0
2021-01-05 09:47:07.740,0.0073,0.0073,30.0,0.0072,31.0,46588.0,155.0
2021-01-05 09:47:08.230,0.0073,0.0073,30.0,0.0072,31.0,46588.0,155.0
2021-01-05 09:47:08.700,0.0073,0.0073,30.0,0.0072,31.0,46588.0,155.0
2021-01-05 09:47:09.751,0.0073,0.0073,30.0,0.0072,31.0,46588.0,155.0
2021-01-05 09:47:10.260,0.0073,0.0073,30.0,0.0072,31.0,46588.0,155.0
2021-01-05 09:47:10.721,0.0073,0.0074,42.0,0.0072,61.0,46588.0,155.0
2021-01-05 09:47:11.180,0.0073,0.0074,56.0,0.0072,61.0,46588.0,155.0
2021-01-05 09:47:13.201,0.0073,0.0073,12.0,0.0072,61.0,46588.0,155.0
2021-01-05 09:47:13.751,0.0073,0.0073,30.0,0.0072,31.0,46588.0,155.0
2021-01-05 09:47:14.220,0.0073,0.0074,30.0,0.0072,61.0,46588.0,155.0
2021-01-05 09:47:15.230,0.0073,0.0073,12.0,0.0072,61.0,46588.0,155.0
2021-01-05 09:47:15.701,0.0073,0.0073,12.0,0.0072,61.0,46588.0,155.0
2021-01-05 09:47:16.731,0.0073,0.0073,42.0,0.0072,61.0,46588.0,155.0
2021-01-05 09:47:17.251,0.0073,0.0073,12.0,0.0072,61.0,46588.0,155.0
2021-01-05 09:47:17.731,0.0073,0.0074,42.0,0.0072,61.0,46588.0,155.0
2021-01-05 09:47:18.221,0.0073,0.0074,44.0,0.0072,61.0,46588.0,155.0
2021-01-05 09:47:18.621,0.0073,0.0074,44.0,0.0072,61.0,46588.0,155.0
2021-01-05 09:47:19.760,0.0073,0.0074,44.0,0.0072,73.0,46588.0,155.0
2021-01-05 09:47:20.761,0.0073,0.0074,44.0,0.0072,61.0,46588.0,155.0
2021-01-05 09:47:21.760,0.0073,0.0074,56.0,0.0072,61.0,46588.0,155.0
2021-01-05 09:47:22.240,0.0073,0.0074,44.0,0.0072,61.0,46588.0,155.0
2021-01-05 09:47:22.701,0.0073,0.0073,12.0,0.0072,61.0,46588.0,155.0
2021-01-05 09:47:23.141,0.0073,0.0074,42.0,0.0072,61.0,46588.0,155.0
2021-01-05 09:47:23.700,0.0073,0.0074,56.0,0.0072,61.0,46588.0,155.0
2021-01-05 09:47:26.680,0.0073,0.0074,56.0,0.0072,61.0,46588.0,155.0
2021-01-05 09:47:27.241,0.0073,0.0074,56.0,0.0072,61.0,46588.0,155.0
2021-01-05 09:47:27.721,0.0073,0.0074,56.0,0.0072,61.0,46588.0,155.0
2021-01-05 09:47:28.201,0.0073,0.0074,56.0,0.0072,31.0,46588.0,155.0
2021-01-05 09:47:28.710,0.0073,0.0074,56.0,0.0072,61.0,46588.0,155.0
2021-01-05 09:47:33.651,0.0073,0.0074,44.0,0.0072,61.0,46588.0,155.0
2021-01-05 09:47:35.740,0.0073,0.0074,44.0,0.0072,61.0,46588.0,155.0
2021-01-05 09:47:37.251,0.0073,0.0074,30.0,0.0072,61.0,46588.0,155.0
2021-01-05 09:47:37.761,0.0073,0.0074,30.0,0.0072,75.0,46588.0,155.0
2021-01-05 09:47:38.760,0.0073,0.0074,30.0,0.0072,75.0,46588.0,155.0
2021-01-05 09:47:39.751,0.0073,0.0074,30.0,0.0072,75.0,46588.0,155.0
2021-01-05 09:47:41.261,0.0073,0.0074,30.0,0.0072,75.0,46588.0,155.0
2021-01-05 09:47:41.680,0.0073,0.0074,30.0,0.0072,75.0,46588.0,155.0
2021-01-05 09:47:47.270,0.0073,0.0074,42.0,0.0072,75.0,46588.0,155.0
2021-01-05 09:47:49.260,0.0073,0.0073,12.0,0.0072,61.0,46588.0,155.0
2021-01-05 09:47:49.771,0.0073,0.0074,12.0,0.0072,31.0,46588.0,155.0
2021-01-05 09:47:50.271,0.0073,0.0074,56.0,0.0072,61.0,46588.0,155.0
2021-01-05 09:47:50.751,0.0073,0.0074,56.0,0.0072,61.0,46588.0,155.0
2021-01-05 09:47:51.270,0.0073,0.0074,56.0,0.0072,61.0,46588.0,155.0
2021-01-05 09:47:52.271,0.0073,0.0074,44.0,0.0072,61.0,46588.0,155.0
2021-01-05 09:47:52.730,0.0073,0.0074,44.0,0.0072,61.0,46588.0,155.0
2021-01-05 09:47:53.221,0.0073,0.0073,12.0,0.0072,61.0,46588.0,155.0
2021-01-05 09:47:54.230,0.0073,0.0073,12.0,0.0072,61.0,46588.0,155.0
2021-01-05 09:47:55.241,0.0073,0.0073,12.0,0.0072,61.0,46588.0,155.0
2021-01-05 09:47:55.740,0.0073,0.0073,12.0,0.0072,61.0,46588.0,155.0
2021-01-05 09:47:56.251,0.0073,0.0073,12.0,0.0072,61.0,46588.0,155.0
2021-01-05 09:47:56.751,0.0073,0.0073,12.0,0.0072,61.0,46588.0,155.0
2021-01-05 09:47:57.250,0.0073,0.0073,12.0,0.0072,61.0,46588.0,155.0
2021-01-05 09:47:59.231,0.0073,0.0073,12.0,0.0072,61.0,46588.0,155.0
2021-01-05 09:48:00.791,0.0073,0.0073,12.0,0.0072,61.0,46588.0,155.0
2021-01-05 09:48:01.261,0.0073,0.0073,12.0,0.0072,61.0,46588.0,155.0
2021-01-05 09:48:01.791,0.0073,0.0073,12.0,0.0072,61.0,46588.0,155.0
2021-01-05 09:48:02.231,0.0073,0.0073,12.0,0.0072,61.0,46588.0,155.0
2021-01-05 09:48:03.261,0.0073,0.0073,12.0,0.0072,61.0,46588.0,155.0
2021-01-05 09:48:04.250,0.0073,0.0074,33.0,0.0072,61.0,46588.0,155.0
2021-01-05 09:48:04.790,0.0073,0.0073,12.0,0.0072,61.0,46588.0,155.0
2021-01-05 09:48:05.290,0.0073,0.0073,12.0,0.0072,61.0,46588.0,155.0
2021-01-05 09:48:05.741,0.0073,0.0074,33.0,0.0072,61.0,46588.0,155.0
2021-01-05 09:48:06.300,0.0073,0.0074,47.0,0.0072,61.0,46588.0,155.0
2021-01-05 09:48:07.280,0.0073,0.0073,12.0,0.0072,61.0,46588.0,155.0
2021-01-05 09:48:07.760,0.0073,0.0074,30.0,0.0072,61.0,46588.0,155.0
2021-01-05 09:48:08.250,0.0073,0.0074,44.0,0.0072,61.0,46588.0,155.0
2021-01-05 09:48:08.761,0.0073,0.0073,12.0,0.0072,61.0,46588.0,155.0
2021-01-05 09:48:09.291,0.0073,0.0073,12.0,0.0072,61.0,46588.0,155.0
2021-01-05 09:48:09.751,0.0073,0.0074,42.0,0.0072,61.0,46588.0,155.0
2021-01-05 09:48:10.171,0.0073,0.0074,42.0,0.0072,75.0,46588.0,155.0
2021-01-05 09:48:10.801,0.0073,0.0074,42.0,0.0072,75.0,46588.0,155.0
2021-01-05 09:48:11.291,0.0073,0.0074,42.0,0.0072,75.0,46588.0,155.0
2021-01-05 09:48:11.781,0.0073,0.0074,42.0,0.0072,75.0,46588.0,155.0
2021-01-05 09:48:12.751,0.0073,0.0074,42.0,0.0072,75.0,46588.0,155.0
2021-01-05 09:48:16.321,0.0073,0.0074,30.0,0.0072,75.0,46588.0,155.0
2021-01-05 09:48:16.801,0.0073,0.0074,30.0,0.0072,75.0,46588.0,155.0
2021-01-05 09:48:17.300,0.0073,0.0074,30.0,0.0072,75.0,46588.0,155.0
2021-01-05 09:48:17.811,0.0073,0.0074,30.0,0.0072,75.0,46588.0,155.0
2021-01-05 09:48:18.330,0.0073,0.0074,42.0,0.0072,75.0,46588.0,155.0
2021-01-05 09:48:18.841,0.0073,0.0074,42.0,0.0072,75.0,46588.0,155.0
2021-01-05 09:48:19.331,0.0073,0.0073,12.0,0.0072,75.0,46588.0,155.0
2021-01-05 09:48:21.340,0.0073,0.0074,42.0,0.0072,75.0,46588.0,155.0
2021-01-05 09:48:21.340,0.0073,0.0073,12.0,0.0072,75.0,46588.0,155.0
2021-01-05 09:48:22.301,0.0073,0.0074,42.0,0.0072,75.0,46588.0,155.0
2021-01-05 09:48:22.731,0.0073,0.0074,30.0,0.0072,75.0,46588.0,155.0
2021-01-05 09:48:23.021,0.0073,0.0073,12.0,0.0072,75.0,46588.0,155.0
2021-01-05 09:48:24.731,0.0073,0.0073,12.0,0.0072,75.0,46588.0,155.0
2021-01-05 09:48:25.221,0.0073,0.0074,30.0,0.0072,75.0,46588.0,155.0
2021-01-05 09:48:25.730,0.0073,0.0074,42.0,0.0072,75.0,46588.0,155.0
2021-01-05 09:48:26.101,0.0073,0.0074,42.0,0.0072,75.0,46588.0,155.0
2021-01-05 09:48:26.621,0.0073,0.0074,42.0,0.0072,75.0,46588.0,155.0
2021-01-05 09:48:27.221,0.0073,0.0073,12.0,0.0072,75.0,46588.0,155.0
2021-01-05 09:48:28.181,0.0073,0.0073,12.0,0.0072,45.0,46588.0,155.0
2021-01-05 09:48:28.731,0.0073,0.0074,30.0,0.0072,75.0,46588.0,155.0
2021-01-05 09:48:29.121,0.0073,0.0074,42.0,0.0072,75.0,46588.0,155.0
2021-01-05 09:48:30.210,0.0073,0.0073,12.0,0.0072,61.0,46588.0,155.0
2021-01-05 09:48:30.731,0.0073,0.0073,42.0,0.0072,61.0,46588.0,155.0
2021-01-05 09:48:31.140,0.0073,0.0073,42.0,0.0072,61.0,46588.0,155.0
2021-01-05 09:48:31.710,0.0073,0.0073,42.0,0.0072,31.0,46588.0,155.0
2021-01-05 09:48:32.200,0.0073,0.0073,42.0,0.0072,61.0,46588.0,155.0
2021-01-05 09:48:32.700,0.0073,0.0073,42.0,0.0072,31.0,46588.0,155.0
2021-01-05 09:48:34.721,0.0073,0.0073,42.0,0.0072,31.0,46588.0,155.0
2021-01-05 09:48:35.220,0.0073,0.0073,42.0,0.0072,31.0,46588.0,155.0
2021-01-05 09:48:36.730,0.0073,0.0073,42.0,0.0072,31.0,46588.0,155.0
2021-01-05 09:48:37.211,0.0073,0.0073,12.0,0.0072,31.0,46588.0,155.0
2021-01-05 09:48:37.681,0.0073,0.0073,42.0,0.0072,31.0,46588.0,155.0
2021-01-05 09:48:38.211,0.0073,0.0073,42.0,0.0072,31.0,46588.0,155.0
2021-01-05 09:48:38.690,0.0073,0.0073,42.0,0.0072,31.0,46588.0,155.0
2021-01-05 09:48:42.661,0.0073,0.0073,42.0,0.0072,31.0,46588.0,155.0
2021-01-05 09:48:43.131,0.0073,0.0073,42.0,0.0072,31.0,46588.0,155.0
2021-01-05 09:48:44.701,0.0073,0.0073,42.0,0.0072,31.0,46588.0,155.0
2021-01-05 09:48:47.021,0.0073,0.0073,12.0,0.0072,31.0,46588.0,155.0
2021-01-05 09:48:47.371,0.0073,0.0073,42.0,0.0072,31.0,46588.0,155.0
2021-01-05 09:48:48.330,0.0073,0.0073,42.0,0.0072,31.0,46588.0,155.0
2021-01-05 09:48:50.030,0.0073,0.0073,42.0,0.0072,31.0,46588.0,155.0
2021-01-05 09:48:51.031,0.0073,0.0073,42.0,0.0072,31.0,46588.0,155.0
2021-01-05 09:48:58.160,0.0073,0.0073,42.0,0.0072,31.0,46588.0,155.0
2021-01-05 09:48:59.161,0.0073,0.0073,42.0,0.0072,31.0,46588.0,155.0
2021-01-05 09:49:00.761,0.0073,0.0073,42.0,0.0072,31.0,46588.0,155.0
2021-01-05 09:49:02.790,0.0073,0.0073,42.0,0.0072,31.0,46588.0,155.0
2021-01-05 09:49:03.291,0.0073,0.0073,42.0,0.0072,31.0,46588.0,155.0
2021-01-05 09:49:03.760,0.0073,0.0073,42.0,0.0072,31.0,46588.0,155.0
2021-01-05 09:49:03.791,0.0073,0.0073,42.0,0.0072,31.0,46588.0,155.0
2021-01-05 09:49:05.301,0.0073,0.0073,42.0,0.0072,31.0,46588.0,155.0
2021-01-05 09:49:09.821,0.0073,0.0073,12.0,0.0072,31.0,46588.0,155.0
2021-01-05 09:49:09.821,0.0073,0.0073,12.0,0.0072,31.0,46588.0,155.0
2021-01-05 09:49:10.831,0.0073,0.0073,42.0,0.0072,31.0,46588.0,155.0
2021-01-05 09:49:11.341,0.0073,0.0073,42.0,0.0072,31.0,46588.0,155.0
2021-01-05 09:49:13.851,0.0073,0.0073,42.0,0.0072,31.0,46588.0,155.0
2021-01-05 09:49:14.261,0.0073,0.0073,42.0,0.0072,31.0,46588.0,155.0
2021-01-05 09:49:15.340,0.0073,0.0073,42.0,0.0072,31.0,46588.0,155.0
2021-01-05 09:49:15.851,0.0073,0.0073,42.0,0.0072,31.0,46588.0,155.0
2021-01-05 09:49:21.330,0.0073,0.0073,62.0,0.0072,31.0,46588.0,155.0
2021-01-05 09:49:22.300,0.0073,0.0073,42.0,0.0072,31.0,46588.0,155.0
2021-01-05 09:49:29.691,0.0073,0.0073,12.0,0.0072,31.0,46588.0,155.0
2021-01-05 09:49:30.090,0.0073,0.0073,42.0,0.0072,31.0,46588.0,155.0
2021-01-05 09:49:37.260,0.0073,0.0073,42.0,0.0072,31.0,46588.0,155.0
2021-01-05 09:49:37.680,0.0073,0.0073,56.0,0.0072,31.0,46588.0,155.0
2021-01-05 09:49:38.180,0.0073,0.0073,14.0,0.0072,61.0,46588.0,155.0
2021-01-05 09:49:38.720,0.0073,0.0073,44.0,0.0072,31.0,46588.0,155.0
2021-01-05 09:49:39.761,0.0073,0.0073,30.0,0.0072,31.0,46588.0,155.0
2021-01-05 09:49:40.170,0.0073,0.0073,44.0,0.0072,31.0,46588.0,155.0
2021-01-05 09:49:41.211,0.0073,0.0073,30.0,0.0072,31.0,46588.0,155.0
2021-01-05 09:49:42.301,0.0073,0.0073,30.0,0.0072,31.0,46588.0,155.0
2021-01-05 09:49:43.111,0.0073,0.0073,30.0,0.0072,31.0,46588.0,155.0
2021-01-05 09:49:43.741,0.0073,0.0073,42.0,0.0072,31.0,46588.0,155.0
2021-01-05 09:49:44.220,0.0073,0.0073,30.0,0.0072,31.0,46588.0,155.0
2021-01-05 09:49:44.760,0.0073,0.0073,42.0,0.0072,31.0,46588.0,155.0
2021-01-05 09:49:46.610,0.0073,0.0073,42.0,0.0072,31.0,46588.0,155.0
2021-01-05 09:49:47.691,0.0073,0.0073,30.0,0.0072,61.0,46588.0,155.0
2021-01-05 09:49:48.260,0.0073,0.0074,42.0,0.0072,31.0,46588.0,155.0
2021-01-05 09:49:48.761,0.0073,0.0073,12.0,0.0072,61.0,46588.0,155.0
2021-01-05 09:49:49.061,0.0073,0.0073,42.0,0.0072,31.0,46588.0,155.0
2021-01-05 09:49:49.741,0.0073,0.0073,12.0,0.0072,31.0,46588.0,155.0
2021-01-05 09:49:50.221,0.0073,0.0073,42.0,0.0072,31.0,46588.0,155.0
2021-01-05 09:49:52.260,0.0073,0.0073,12.0,0.0072,31.0,46588.0,155.0
2021-01-05 09:49:52.711,0.0073,0.0073,42.0,0.0072,31.0,46588.0,155.0
2021-01-05 09:49:53.731,0.0073,0.0073,30.0,0.0072,31.0,46588.0,155.0
2021-01-05 09:49:54.231,0.0073,0.0073,42.0,0.0072,31.0,46588.0,155.0
2021-01-05 09:49:54.661,0.0073,0.0073,42.0,0.0072,31.0,46588.0,155.0
2021-01-05 09:49:55.210,0.0073,0.0073,42.0,0.0072,61.0,46588.0,155.0
2021-01-05 09:49:55.681,0.0073,0.0073,42.0,0.0072,31.0,46588.0,155.0
2021-01-05 09:49:57.631,0.0073,0.0073,12.0,0.0072,31.0,46588.0,155.0
2021-01-05 09:49:58.240,0.0073,0.0073,42.0,0.0072,61.0,46588.0,155.0
2021-01-05 09:49:58.680,0.0073,0.0073,12.0,0.0072,31.0,46588.0,155.0
2021-01-05 09:49:59.220,0.0073,0.0073,42.0,0.0072,31.0,46588.0,155.0
2021-01-05 09:50:00.720,0.0073,0.0073,42.0,0.0072,31.0,46588.0,155.0
2021-01-05 09:50:02.241,0.0073,0.0073,42.0,0.0072,31.0,46588.0,155.0
2021-01-05 09:50:02.680,0.0073,0.0073,12.0,0.0072,31.0,46588.0,155.0
2021-01-05 09:50:03.730,0.0073,0.0073,42.0,0.0072,31.0,46588.0,155.0
2021-01-05 09:50:04.241,0.0073,0.0073,12.0,0.0072,31.0,46588.0,155.0
2021-01-05 09:50:04.710,0.0073,0.0073,12.0,0.0072,61.0,46588.0,155.0
2021-01-05 09:50:05.231,0.0073,0.0073,12.0,0.0072,61.0,46588.0,155.0
2021-01-05 09:50:05.690,0.0073,0.0074,42.0,0.0072,61.0,46588.0,155.0
2021-01-05 09:50:06.180,0.0073,0.0074,56.0,0.0072,61.0,46588.0,155.0
2021-01-05 09:50:07.211,0.0073,0.0074,56.0,0.0072,61.0,46588.0,155.0
2021-01-05 09:50:09.640,0.0073,0.0074,56.0,0.0072,61.0,46588.0,155.0
2021-01-05 09:50:10.210,0.0073,0.0074,56.0,0.0072,61.0,46588.0,155.0
2021-01-05 09:50:11.761,0.0073,0.0073,12.0,0.0072,61.0,46588.0,155.0
2021-01-05 09:50:12.170,0.0073,0.0074,12.0,0.0072,31.0,46588.0,155.0
2021-01-05 09:50:12.761,0.0073,0.0074,56.0,0.0072,61.0,46588.0,155.0
2021-01-05 09:50:13.670,0.0073,0.0074,56.0,0.0072,61.0,46588.0,155.0
2021-01-05 09:50:14.241,0.0073,0.0074,56.0,0.0072,61.0,46588.0,155.0
2021-01-05 09:50:14.700,0.0073,0.0074,56.0,0.0072,61.0,46588.0,155.0
2021-01-05 09:50:15.211,0.0073,0.0074,56.0,0.0072,61.0,46588.0,155.0
2021-01-05 09:50:15.741,0.0073,0.0074,56.0,0.0072,61.0,46588.0,155.0
2021-01-05 09:50:16.761,0.0073,0.0074,56.0,0.0072,31.0,46588.0,155.0
2021-01-05 09:50:17.230,0.0073,0.0074,56.0,0.0072,61.0,46588.0,155.0
2021-01-05 09:50:17.770,0.0073,0.0074,56.0,0.0072,61.0,46588.0,155.0
2021-01-05 09:50:18.271,0.0073,0.0074,56.0,0.0072,61.0,46588.0,155.0
2021-01-05 09:50:18.740,0.0073,0.0074,56.0,0.0072,31.0,46588.0,155.0
2021-01-05 09:50:19.260,0.0073,0.0074,56.0,0.0072,61.0,46588.0,155.0
2021-01-05 09:50:20.231,0.0073,0.0074,56.0,0.0072,31.0,46588.0,155.0
2021-01-05 09:50:21.721,0.0073,0.0074,56.0,0.0072,61.0,46588.0,155.0
2021-01-05 09:50:22.250,0.0073,0.0074,56.0,0.0072,31.0,46588.0,155.0
2021-01-05 09:50:22.661,0.0073,0.0074,56.0,0.0072,61.0,46588.0,155.0
2021-01-05 09:50:23.710,0.0073,0.0074,56.0,0.0072,31.0,46588.0,155.0
2021-01-05 09:50:24.240,0.0073,0.0074,44.0,0.0072,31.0,46588.0,155.0
2021-01-05 09:50:24.720,0.0073,0.0074,44.0,0.0072,61.0,46588.0,155.0
2021-01-05 09:50:25.241,0.0073,0.0074,56.0,0.0072,61.0,46588.0,155.0
2021-01-05 09:50:25.740,0.0073,0.0073,12.0,0.0072,61.0,46588.0,155.0
2021-01-05 09:50:26.230,0.0073,0.0073,42.0,0.0072,31.0,46588.0,155.0
2021-01-05 09:50:26.741,0.0073,0.0073,42.0,0.0072,31.0,46588.0,155.0
2021-01-05 09:50:28.251,0.0073,0.0073,42.0,0.0072,31.0,46588.0,155.0
2021-01-05 09:50:29.160,0.0073,0.0073,30.0,0.0072,31.0,46588.0,155.0
2021-01-05 09:50:29.730,0.0073,0.0073,42.0,0.0072,31.0,46588.0,155.0
2021-01-05 09:50:31.140,0.0073,0.0073,42.0,0.0072,31.0,46588.0,155.0
2021-01-05 09:50:32.681,0.0073,0.0073,42.0,0.0072,31.0,46588.0,155.0
2021-01-05 09:50:34.741,0.0073,0.0073,42.0,0.0072,31.0,46588.0,155.0
2021-01-05 09:50:35.240,0.0073,0.0073,42.0,0.0072,31.0,46588.0,155.0
2021-01-05 09:50:35.711,0.0073,0.0073,42.0,0.0072,31.0,46588.0,155.0
2021-01-05 09:50:39.190,0.0073,0.0073,42.0,0.0072,31.0,46588.0,155.0
2021-01-05 09:50:39.591,0.0073,0.0073,42.0,0.0072,31.0,46588.0,155.0
2021-01-05 09:50:42.260,0.0073,0.0073,42.0,0.0072,31.0,46588.0,155.0
2021-01-05 09:50:42.730,0.0073,0.0073,30.0,0.0072,31.0,46588.0,155.0
2021-01-05 09:50:43.080,0.0073,0.0073,30.0,0.0072,31.0,46588.0,155.0
2021-01-05 09:50:43.760,0.0073,0.0073,30.0,0.0072,31.0,46588.0,155.0
2021-01-05 09:50:44.250,0.0073,0.0073,30.0,0.0072,31.0,46588.0,155.0
2021-01-05 09:50:44.751,0.0073,0.0073,42.0,0.0072,31.0,46588.0,155.0
2021-01-05 09:50:49.191,0.0073,0.0073,42.0,0.0072,31.0,46588.0,155.0
2021-01-05 09:50:50.140,0.0073,0.0073,44.0,0.0072,31.0,46588.0,155.0
2021-01-05 09:50:50.730,0.0073,0.0073,44.0,0.0072,31.0,46588.0,155.0
2021-01-05 09:50:52.730,0.0073,0.0073,44.0,0.0072,31.0,46588.0,155.0
2021-01-05 09:50:53.241,0.0073,0.0073,44.0,0.0072,31.0,46588.0,155.0
2021-01-05 09:50:53.721,0.0073,0.0073,44.0,0.0072,31.0,46588.0,155.0
2021-01-05 09:50:54.230,0.0073,0.0073,44.0,0.0072,31.0,46588.0,155.0
2021-01-05 09:50:54.680,0.0073,0.0073,56.0,0.0072,31.0,46588.0,155.0
2021-01-05 09:50:55.640,0.0073,0.0073,56.0,0.0072,81.0,46588.0,155.0
2021-01-05 09:50:56.241,0.0073,0.0073,44.0,0.0072,81.0,46588.0,155.0
2021-01-05 09:50:56.691,0.0073,0.0073,56.0,0.0072,81.0,46588.0,155.0
2021-01-05 09:50:57.221,0.0073,0.0073,56.0,0.0072,81.0,46588.0,155.0
2021-01-05 09:50:58.130,0.0073,0.0073,30.0,0.0072,81.0,46588.0,155.0
2021-01-05 09:50:59.090,0.0073,0.0073,42.0,0.0072,81.0,46588.0,155.0
2021-01-05 09:50:59.740,0.0073,0.0073,42.0,0.0072,81.0,46588.0,155.0
2021-01-05 09:51:00.260,0.0073,0.0073,42.0,0.0072,81.0,46588.0,155.0
2021-01-05 09:51:00.710,0.0073,0.0073,42.0,0.0072,81.0,46588.0,155.0
2021-01-05 09:51:01.190,0.0073,0.0073,42.0,0.0072,81.0,46588.0,155.0
2021-01-05 09:51:03.161,0.0073,0.0073,42.0,0.0072,81.0,46588.0,155.0
2021-01-05 09:51:03.570,0.0073,0.0073,42.0,0.0072,81.0,46588.0,155.0
2021-01-05 09:51:05.751,0.0073,0.0073,30.0,0.0072,81.0,46588.0,155.0
2021-01-05 09:51:06.260,0.0073,0.0073,30.0,0.0072,81.0,46588.0,155.0
2021-01-05 09:51:12.271,0.0073,0.0073,30.0,0.0072,81.0,46588.0,155.0
2021-01-05 09:51:13.291,0.0073,0.0073,30.0,0.0072,61.0,46588.0,155.0
2021-01-05 09:51:13.291,0.0073,0.0073,42.0,0.0072,61.0,46588.0,155.0
2021-01-05 09:51:14.280,0.0073,0.0073,42.0,0.0072,61.0,46588.0,155.0
2021-01-05 09:51:18.311,0.0073,0.0073,42.0,0.0072,61.0,46588.0,155.0
2021-01-05 09:51:18.311,0.0073,0.0073,42.0,0.0072,61.0,46588.0,155.0
2021-01-05 09:51:19.300,0.0073,0.0073,42.0,0.0072,61.0,46588.0,155.0
2021-01-05 09:51:22.301,0.0073,0.0073,42.0,0.0072,61.0,46588.0,155.0
2021-01-05 09:51:25.221,0.0073,0.0073,30.0,0.0072,61.0,46588.0,155.0
2021-01-05 09:51:26.241,0.0073,0.0073,42.0,0.0072,61.0,46588.0,155.0
2021-01-05 09:51:27.770,0.0073,0.0073,30.0,0.0072,61.0,46588.0,155.0
2021-01-05 09:51:30.750,0.0073,0.0073,30.0,0.0072,61.0,46588.0,155.0
2021-01-05 09:51:31.270,0.0073,0.0073,42.0,0.0072,61.0,46588.0,155.0
2021-01-05 09:51:31.560,0.0073,0.0073,42.0,0.0072,61.0,46588.0,155.0
2021-01-05 09:51:32.250,0.0073,0.0073,42.0,0.0072,61.0,46588.0,155.0
2021-01-05 09:51:32.780,0.0073,0.0073,42.0,0.0072,61.0,46588.0,155.0
2021-01-05 09:51:33.291,0.0073,0.0073,42.0,0.0072,61.0,46588.0,155.0
2021-01-05 09:51:33.510,0.0073,0.0073,42.0,0.0072,61.0,46588.0,155.0
2021-01-05 09:51:34.290,0.0073,0.0073,42.0,0.0072,61.0,46588.0,155.0
2021-01-05 09:51:37.791,0.0073,0.0073,42.0,0.0072,61.0,46588.0,155.0
2021-01-05 09:51:38.290,0.0073,0.0073,42.0,0.0072,61.0,46588.0,155.0
2021-01-05 09:51:39.281,0.0073,0.0073,42.0,0.0072,61.0,46588.0,155.0
2021-01-05 09:51:39.771,0.0073,0.0073,42.0,0.0072,61.0,46588.0,155.0
2021-01-05 09:51:40.240,0.0073,0.0073,42.0,0.0072,61.0,46588.0,155.0
2021-01-05 09:51:44.280,0.0073,0.0073,30.0,0.0072,61.0,46588.0,155.0
2021-01-05 09:51:44.781,0.0073,0.0073,30.0,0.0072,61.0,46588.0,155.0
2021-01-05 09:51:45.260,0.0073,0.0073,42.0,0.0072,61.0,46588.0,155.0
2021-01-05 09:51:46.311,0.0073,0.0073,30.0,0.0072,61.0,46588.0,155.0
2021-01-05 09:51:46.800,0.0073,0.0073,30.0,0.0072,61.0,46588.0,155.0
2021-01-05 09:51:47.331,0.0073,0.0073,42.0,0.0072,61.0,46588.0,155.0
2021-01-05 09:51:47.811,0.0073,0.0073,30.0,0.0072,61.0,46588.0,155.0
2021-01-05 09:51:48.260,0.0073,0.0073,30.0,0.0072,61.0,46588.0,155.0
2021-01-05 09:51:48.771,0.0073,0.0073,30.0,0.0072,61.0,46588.0,155.0
2021-01-05 09:51:49.281,0.0073,0.0073,30.0,0.0072,61.0,46588.0,155.0
2021-01-05 09:51:50.800,0.0073,0.0073,42.0,0.0072,61.0,46588.0,155.0
2021-01-05 09:51:51.830,0.0073,0.0073,42.0,0.0072,61.0,46588.0,155.0
2021-01-05 09:51:53.161,0.0073,0.0073,42.0,0.0072,61.0,46588.0,155.0
2021-01-05 09:51:53.741,0.0073,0.0073,42.0,0.0072,61.0,46588.0,155.0
2021-01-05 09:51:55.230,0.0073,0.0073,42.0,0.0072,61.0,46588.0,155.0
2021-01-05 09:51:55.620,0.0073,0.0073,42.0,0.0072,61.0,46588.0,155.0
2021-01-05 09:51:59.750,0.0073,0.0073,42.0,0.0072,61.0,46588.0,155.0
2021-01-05 09:52:00.751,0.0073,0.0073,30.0,0.0072,61.0,46588.0,155.0
2021-01-05 09:52:02.250,0.0073,0.0074,62.0,0.0072,91.0,46588.0,155.0
2021-01-05 09:52:02.751,0.0073,0.0073,12.0,0.0072,91.0,46588.0,155.0
2021-01-05 09:52:03.251,0.0073,0.0073,12.0,0.0072,91.0,46588.0,155.0
2021-01-05 09:52:04.240,0.0073,0.0073,12.0,0.0072,91.0,46588.0,155.0
2021-01-05 09:52:04.741,0.0073,0.0073,12.0,0.0072,91.0,46588.0,155.0
2021-01-05 09:52:05.681,0.0073,0.0073,12.0,0.0072,91.0,46588.0,155.0
2021-01-05 09:52:07.671,0.0073,0.0074,30.0,0.0072,91.0,46588.0,155.0
2021-01-05 09:52:08.180,0.0073,0.0074,56.0,0.0072,111.0,46588.0,155.0
2021-01-05 09:52:11.761,0.0073,0.0074,56.0,0.0072,111.0,46588.0,155.0
2021-01-05 09:52:12.731,0.0073,0.0074,42.0,0.0072,111.0,46588.0,155.0
2021-01-05 09:52:13.260,0.0073,0.0074,42.0,0.0072,125.0,46588.0,155.0
2021-01-05 09:52:19.230,0.0073,0.0074,42.0,0.0072,125.0,46588.0,155.0
2021-01-05 09:52:20.750,0.0073,0.0073,12.0,0.0072,125.0,46588.0,155.0
2021-01-05 09:52:21.140,0.0073,0.0074,30.0,0.0072,95.0,46588.0,155.0
2021-01-05 09:52:21.330,0.0073,0.0074,30.0,0.0072,125.0,46588.0,155.0
2021-01-05 09:52:22.271,0.0073,0.0073,12.0,0.0072,125.0,46588.0,155.0
2021-01-05 09:52:22.750,0.0073,0.0073,42.0,0.0072,125.0,46588.0,155.0
2021-01-05 09:52:23.241,0.0073,0.0073,42.0,0.0072,95.0,46588.0,155.0
2021-01-05 09:52:25.220,0.0073,0.0073,42.0,0.0072,95.0,46588.0,155.0
2021-01-05 09:52:25.741,0.0073,0.0073,42.0,0.0072,95.0,46588.0,155.0
2021-01-05 09:52:26.100,0.0073,0.0073,42.0,0.0072,95.0,46588.0,155.0
2021-01-05 09:52:28.271,0.0073,0.0073,42.0,0.0072,75.0,46588.0,155.0
2021-01-05 09:52:29.260,0.0073,0.0073,30.0,0.0072,75.0,46588.0,155.0
2021-01-05 09:52:29.771,0.0073,0.0073,30.0,0.0072,75.0,46588.0,155.0
2021-01-05 09:52:30.271,0.0073,0.0073,42.0,0.0072,105.0,46588.0,155.0
2021-01-05 09:52:30.741,0.0073,0.0073,30.0,0.0072,75.0,46588.0,155.0
2021-01-05 09:52:30.741,0.0073,0.0073,30.0,0.0072,75.0,46588.0,155.0
2021-01-05 09:52:32.280,0.0073,0.0073,30.0,0.0072,75.0,46588.0,155.0
2021-01-05 09:52:32.760,0.0073,0.0073,30.0,0.0072,75.0,46588.0,155.0
2021-01-05 09:52:33.231,0.0073,0.0073,42.0,0.0072,75.0,46588.0,155.0
2021-01-05 09:52:36.301,0.0073,0.0073,42.0,0.0072,75.0,46588.0,155.0
2021-01-05 09:52:36.791,0.0073,0.0073,12.0,0.0072,75.0,46588.0,155.0
2021-01-05 09:52:37.300,0.0073,0.0073,42.0,0.0072,75.0,46588.0,155.0
2021-01-05 09:52:37.761,0.0073,0.0073,42.0,0.0072,61.0,46588.0,155.0
2021-01-05 09:52:38.251,0.0073,0.0073,42.0,0.0072,61.0,46588.0,155.0
2021-01-05 09:52:38.791,0.0073,0.0073,42.0,0.0072,61.0,46588.0,155.0
2021-01-05 09:52:39.801,0.0073,0.0073,42.0,0.0072,61.0,46588.0,155.0
2021-01-05 09:52:44.291,0.0073,0.0073,30.0,0.0072,61.0,46588.0,155.0
2021-01-05 09:52:44.781,0.0073,0.0073,30.0,0.0072,61.0,46588.0,155.0
2021-01-05 09:52:45.311,0.0073,0.0073,30.0,0.0072,61.0,46588.0,155.0
2021-01-05 09:52:46.291,0.0073,0.0073,42.0,0.0072,61.0,46588.0,155.0
2021-01-05 09:52:48.800,0.0073,0.0073,42.0,0.0072,51.0,46588.0,155.0
2021-01-05 09:52:49.211,0.0073,0.0073,42.0,0.0072,51.0,46588.0,155.0
2021-01-05 09:52:50.801,0.0073,0.0073,30.0,0.0072,51.0,46588.0,155.0
2021-01-05 09:52:51.280,0.0073,0.0073,30.0,0.0072,51.0,46588.0,155.0
2021-01-05 09:52:51.820,0.0073,0.0073,30.0,0.0072,81.0,46588.0,155.0
2021-01-05 09:52:52.321,0.0073,0.0073,30.0,0.0072,51.0,46588.0,155.0
2021-01-05 09:52:52.701,0.0073,0.0073,42.0,0.0072,51.0,46588.0,155.0
2021-01-05 09:52:53.231,0.0073,0.0073,42.0,0.0072,51.0,46588.0,155.0
2021-01-05 09:52:54.250,0.0073,0.0073,42.0,0.0072,61.0,46588.0,155.0
2021-01-05 09:52:54.751,0.0073,0.0073,42.0,0.0072,61.0,46588.0,155.0
2021-01-05 09:52:56.261,0.0073,0.0073,30.0,0.0072,61.0,46588.0,155.0
2021-01-05 09:52:57.220,0.0073,0.0073,30.0,0.0072,61.0,46588.0,155.0
2021-01-05 09:52:57.640,0.0073,0.0073,30.0,0.0072,61.0,46588.0,155.0
2021-01-05 09:52:59.761,0.0073,0.0073,30.0,0.0072,61.0,46588.0,155.0
2021-01-05 09:53:00.261,0.0073,0.0073,30.0,0.0072,61.0,46588.0,155.0
2021-01-05 09:53:02.760,0.0073,0.0073,30.0,0.0072,61.0,46588.0,155.0
2021-01-05 09:53:03.761,0.0073,0.0073,42.0,0.0072,61.0,46588.0,155.0
2021-01-05 09:53:07.630,0.0073,0.0073,42.0,0.0072,51.0,46588.0,155.0
2021-01-05 09:53:08.281,0.0073,0.0073,42.0,0.0072,51.0,46588.0,155.0
2021-01-05 09:53:09.301,0.0073,0.0073,42.0,0.0072,61.0,46588.0,155.0
2021-01-05 09:53:09.640,0.0073,0.0073,42.0,0.0072,61.0,46588.0,155.0
2021-01-05 09:53:10.300,0.0073,0.0073,42.0,0.0072,51.0,46588.0,155.0
2021-01-05 09:53:10.781,0.0073,0.0073,42.0,0.0072,51.0,46588.0,155.0
2021-01-05 09:53:12.300,0.0073,0.0073,42.0,0.0072,51.0,46588.0,155.0
2021-01-05 09:53:12.790,0.0073,0.0073,42.0,0.0072,51.0,46588.0,155.0
2021-01-05 09:53:13.301,0.0073,0.0073,42.0,0.0072,61.0,46588.0,155.0
2021-01-05 09:53:13.801,0.0073,0.0073,42.0,0.0072,61.0,46588.0,155.0
2021-01-05 09:53:14.821,0.0073,0.0073,42.0,0.0072,61.0,46588.0,155.0
2021-01-05 09:53:15.320,0.0073,0.0073,42.0,0.0072,61.0,46588.0,155.0
2021-01-05 09:53:16.821,0.0073,0.0073,42.0,0.0072,61.0,46588.0,155.0
2021-01-05 09:53:17.820,0.0073,0.0073,42.0,0.0072,61.0,46588.0,155.0
2021-01-05 09:53:18.811,0.0073,0.0073,30.0,0.0072,61.0,46588.0,155.0
2021-01-05 09:53:19.291,0.0073,0.0073,42.0,0.0072,61.0,46588.0,155.0
2021-01-05 09:53:19.800,0.0073,0.0073,42.0,0.0072,61.0,46588.0,155.0
2021-01-05 09:53:21.831,0.0073,0.0073,42.0,0.0072,61.0,46588.0,155.0
2021-01-05 09:53:22.311,0.0073,0.0073,42.0,0.0072,61.0,46588.0,155.0
2021-01-05 09:53:23.170,0.0073,0.0073,30.0,0.0072,61.0,46588.0,155.0
2021-01-05 09:53:23.740,0.0073,0.0073,42.0,0.0072,61.0,46588.0,155.0
2021-01-05 09:53:25.581,0.0073,0.0073,42.0,0.0072,61.0,46588.0,155.0
2021-01-05 09:53:27.730,0.0073,0.0073,42.0,0.0072,61.0,46588.0,155.0
2021-01-05 09:53:28.230,0.0073,0.0073,42.0,0.0072,61.0,46588.0,155.0
2021-01-05 09:53:29.231,0.0073,0.0073,42.0,0.0072,61.0,46588.0,155.0
2021-01-05 09:53:29.711,0.0073,0.0073,42.0,0.0072,61.0,46588.0,155.0
2021-01-05 09:53:30.211,0.0073,0.0073,42.0,0.0072,61.0,46588.0,155.0
2021-01-05 09:53:31.021,0.0073,0.0073,30.0,0.0072,61.0,46588.0,155.0
2021-01-05 09:53:31.740,0.0073,0.0074,12.0,0.0072,61.0,46588.0,155.0
2021-01-05 09:53:32.001,0.0073,0.0074,56.0,0.0072,91.0,46588.0,155.0
2021-01-05 09:53:32.681,0.0073,0.0073,12.0,0.0072,91.0,46588.0,155.0
2021-01-05 09:53:33.240,0.0073,0.0073,42.0,0.0072,61.0,46588.0,155.0
2021-01-05 09:53:33.640,0.0073,0.0073,42.0,0.0072,61.0,46588.0,155.0
2021-01-05 09:53:35.121,0.0073,0.0073,42.0,0.0072,61.0,46588.0,155.0
2021-01-05 09:53:39.261,0.0073,0.0073,12.0,0.0072,91.0,46588.0,155.0
2021-01-05 09:53:39.770,0.0073,0.0073,12.0,0.0072,91.0,46588.0,155.0
2021-01-05 09:53:47.771,0.0073,0.0073,12.0,0.0072,91.0,46588.0,155.0
2021-01-05 09:53:48.261,0.0073,0.0073,26.0,0.0072,91.0,46588.0,155.0
2021-01-05 09:53:49.811,0.0073,0.0073,26.0,0.0072,61.0,46588.0,155.0
2021-01-05 09:53:50.280,0.0073,0.0073,56.0,0.0072,61.0,46588.0,155.0
2021-01-05 09:53:52.610,0.0073,0.0073,56.0,0.0072,61.0,46588.0,155.0
2021-01-05 09:53:53.171,0.0073,0.0073,56.0,0.0072,61.0,46588.0,155.0
2021-01-05 09:53:54.620,0.0073,0.0073,56.0,0.0072,61.0,46588.0,155.0
2021-01-05 09:53:55.730,0.0073,0.0073,14.0,0.0072,91.0,46588.0,155.0
2021-01-05 09:53:56.220,0.0073,0.0073,56.0,0.0072,61.0,46588.0,155.0
2021-01-05 09:53:57.200,0.0073,0.0073,56.0,0.0072,61.0,46588.0,155.0
2021-01-05 09:53:57.770,0.0073,0.0073,56.0,0.0072,61.0,46588.0,155.0
2021-01-05 09:53:58.270,0.0073,0.0073,44.0,0.0072,61.0,46588.0,155.0
2021-01-05 09:53:58.771,0.0073,0.0073,44.0,0.0072,61.0,46588.0,155.0
2021-01-05 09:53:59.691,0.0073,0.0073,44.0,0.0072,61.0,46588.0,155.0
2021-01-05 09:54:00.241,0.0073,0.0073,44.0,0.0072,61.0,46588.0,155.0
2021-01-05 09:54:00.690,0.0073,0.0073,44.0,0.0072,61.0,46588.0,155.0
2021-01-05 09:54:00.771,0.0073,0.0073,56.0,0.0072,61.0,46588.0,155.0
2021-01-05 09:54:03.751,0.0073,0.0073,56.0,0.0072,61.0,46588.0,155.0
2021-01-05 09:54:10.240,0.0073,0.0073,56.0,0.0072,51.0,46588.0,155.0
2021-01-05 09:54:10.651,0.0073,0.0073,56.0,0.0072,51.0,46588.0,155.0
2021-01-05 09:54:11.700,0.0073,0.0073,56.0,0.0072,51.0,46588.0,155.0
2021-01-05 09:54:12.250,0.0073,0.0073,56.0,0.0072,61.0,46588.0,155.0
2021-01-05 09:54:18.241,0.0073,0.0073,56.0,0.0072,61.0,46588.0,155.0
2021-01-05 09:54:18.751,0.0073,0.0073,56.0,0.0072,61.0,46588.0,155.0
2021-01-05 09:54:19.231,0.0073,0.0073,56.0,0.0072,61.0,46588.0,155.0
2021-01-05 09:54:19.680,0.0073,0.0073,56.0,0.0072,61.0,46588.0,155.0
2021-01-05 09:54:22.141,0.0073,0.0073,26.0,0.0072,91.0,46588.0,155.0
2021-01-05 09:54:24.631,0.0073,0.0073,56.0,0.0072,61.0,46588.0,155.0
2021-01-05 09:54:28.231,0.0073,0.0073,56.0,0.0072,61.0,46588.0,155.0
2021-01-05 09:54:28.681,0.0073,0.0073,56.0,0.0072,61.0,46588.0,155.0
2021-01-05 09:54:29.230,0.0073,0.0073,56.0,0.0072,61.0,46588.0,155.0
2021-01-05 09:54:30.680,0.0073,0.0073,56.0,0.0072,61.0,46588.0,155.0
2021-01-05 09:54:31.080,0.0073,0.0073,42.0,0.0072,61.0,46588.0,155.0
2021-01-05 09:54:31.591,0.0073,0.0073,42.0,0.0072,61.0,46588.0,155.0
2021-01-05 09:54:32.240,0.0073,0.0073,42.0,0.0072,61.0,46588.0,155.0
2021-01-05 09:54:33.270,0.0073,0.0073,42.0,0.0072,61.0,46588.0,155.0
2021-01-05 09:54:33.481,0.0073,0.0073,42.0,0.0072,61.0,46588.0,155.0
2021-01-05 09:54:34.111,0.0073,0.0073,42.0,0.0072,61.0,46588.0,155.0
2021-01-05 09:54:34.321,0.0073,0.0073,42.0,0.0072,61.0,46588.0,155.0
2021-01-05 09:54:37.600,0.0073,0.0073,42.0,0.0072,61.0,46588.0,155.0
2021-01-05 09:54:41.771,0.0073,0.0073,42.0,0.0072,61.0,46588.0,155.0
2021-01-05 09:54:42.240,0.0073,0.0073,42.0,0.0072,61.0,46588.0,155.0
2021-01-05 09:54:52.761,0.0073,0.0073,42.0,0.0072,61.0,46588.0,155.0
2021-01-05 09:54:53.251,0.0073,0.0073,56.0,0.0072,61.0,46588.0,155.0
2021-01-05 09:54:58.261,0.0073,0.0073,56.0,0.0072,61.0,46588.0,155.0
2021-01-05 09:54:58.680,0.0073,0.0073,42.0,0.0072,61.0,46588.0,155.0
2021-01-05 09:54:59.201,0.0073,0.0073,42.0,0.0072,61.0,46588.0,155.0
2021-01-05 09:55:05.690,0.0073,0.0073,42.0,0.0072,61.0,46588.0,155.0
2021-01-05 09:55:06.211,0.0073,0.0073,56.0,0.0072,61.0,46588.0,155.0
2021-01-05 09:55:06.741,0.0073,0.0073,56.0,0.0072,61.0,46588.0,155.0
2021-01-05 09:55:09.281,0.0073,0.0073,56.0,0.0072,61.0,46588.0,155.0
2021-01-05 09:55:10.161,0.0073,0.0073,44.0,0.0072,61.0,46588.0,155.0
2021-01-05 09:55:10.760,0.0073,0.0073,56.0,0.0072,61.0,46588.0,155.0
2021-01-05 09:55:12.641,0.0073,0.0073,42.0,0.0072,61.0,46588.0,155.0
2021-01-05 09:55:14.260,0.0073,0.0073,42.0,0.0072,61.0,46588.0,155.0
2021-01-05 09:55:14.750,0.0073,0.0073,42.0,0.0072,61.0,46588.0,155.0
2021-01-05 09:55:16.750,0.0073,0.0073,30.0,0.0072,61.0,46588.0,155.0
2021-01-05 09:55:17.280,0.0073,0.0073,42.0,0.0072,61.0,46588.0,155.0
2021-01-05 09:55:17.761,0.0073,0.0073,44.0,0.0072,61.0,46588.0,155.0
2021-01-05 09:55:18.241,0.0073,0.0073,44.0,0.0072,61.0,46588.0,155.0
2021-01-05 09:55:19.290,0.0073,0.0073,30.0,0.0072,61.0,46588.0,155.0
2021-01-05 09:55:21.270,0.0073,0.0073,42.0,0.0072,61.0,46588.0,155.0
2021-01-05 09:55:22.281,0.0073,0.0073,42.0,0.0072,61.0,46588.0,155.0
2021-01-05 09:55:23.261,0.0073,0.0073,42.0,0.0072,61.0,46588.0,155.0
2021-01-05 09:55:24.240,0.0073,0.0073,30.0,0.0072,61.0,46588.0,155.0
2021-01-05 09:55:24.721,0.0073,0.0073,42.0,0.0072,61.0,46588.0,155.0
2021-01-05 09:55:27.600,0.0073,0.0073,56.0,0.0072,61.0,46588.0,155.0
2021-01-05 09:55:29.721,0.0072,0.0073,56.0,0.0072,60.0,46588.0,156.0
2021-01-05 09:55:30.760,0.0072,0.0073,56.0,0.0072,59.0,46589.0,157.0
2021-01-05 09:55:32.280,0.0072,0.0073,56.0,0.0072,58.0,46590.0,158.0
2021-01-05 09:55:33.260,0.0072,0.0073,56.0,0.0072,58.0,46590.0,158.0
2021-01-05 09:55:33.730,0.0072,0.0073,56.0,0.0072,58.0,46590.0,158.0
2021-01-05 09:55:34.251,0.0072,0.0073,56.0,0.0072,58.0,46590.0,158.0
2021-01-05 09:55:35.721,0.0072,0.0073,56.0,0.0072,58.0,46590.0,158.0
2021-01-05 09:55:38.291,0.0072,0.0073,56.0,0.0072,57.0,46591.0,159.0
2021-01-05 09:55:43.280,0.0072,0.0073,44.0,0.0072,45.0,46603.0,171.0
2021-01-05 09:55:43.580,0.0072,0.0073,44.0,0.0072,33.0,46615.0,183.0
2021-01-05 09:55:44.790,0.0072,0.0073,44.0,0.0072,32.0,46616.0,184.0
2021-01-05 09:55:46.300,0.0072,0.0073,44.0,0.0072,32.0,46616.0,184.0
2021-01-05 09:55:46.300,0.0072,0.0073,56.0,0.0072,32.0,46616.0,184.0
2021-01-05 09:55:48.311,0.0072,0.0073,56.0,0.0072,32.0,46616.0,184.0
2021-01-05 09:55:48.811,0.0072,0.0073,56.0,0.0072,31.0,46617.0,185.0
2021-01-05 09:56:00.770,0.0072,0.0073,56.0,0.0072,29.0,46619.0,187.0
2021-01-05 09:56:02.770,0.0072,0.0073,56.0,0.0072,29.0,46619.0,187.0
2021-01-05 09:56:03.271,0.0072,0.0073,56.0,0.0072,29.0,46619.0,187.0
2021-01-05 09:56:06.310,0.0072,0.0073,56.0,0.0072,29.0,46619.0,187.0
