,last,ask1,asize1,bid1,bsize1,oi,volume
2021-01-05 09:25:00.080,,0.0756,1.0,0.0742,1.0,8781.0,
2021-01-05 09:30:00.451,0.0742,0.0756,1.0,0.0713,1.0,8782.0,1.0
2021-01-05 09:30:00.991,0.0742,0.0755,1.0,0.0743,1.0,8782.0,1.0
2021-01-05 09:30:02.511,0.0743,0.0755,1.0,0.0732,1.0,8782.0,2.0
2021-01-05 09:30:04.430,0.0732,0.0755,1.0,0.0726,1.0,8782.0,3.0
2021-01-05 09:30:06.971,0.0726,0.0755,1.0,0.0721,1.0,8782.0,4.0
2021-01-05 09:30:08.520,0.0726,0.0755,1.0,0.073,1.0,8782.0,4.0
2021-01-05 09:30:08.960,0.073,0.0755,1.0,0.0721,1.0,8782.0,5.0
2021-01-05 09:30:11.000,0.0721,0.0735,20.0,0.0716,1.0,8782.0,6.0
2021-01-05 09:30:12.521,0.0721,0.0733,20.0,0.0716,1.0,8782.0,6.0
2021-01-05 09:30:13.000,0.0721,0.0755,1.0,0.0716,1.0,8782.0,6.0
2021-01-05 09:30:13.501,0.0721,0.0736,20.0,0.0716,1.0,8782.0,6.0
2021-01-05 09:30:15.520,0.0721,0.0738,20.0,0.0716,1.0,8782.0,6.0
2021-01-05 09:30:15.751,0.0716,0.0716,39.0,0.0711,1.0,8782.0,7.0
2021-01-05 09:30:16.531,0.0716,0.0716,39.0,0.0711,1.0,8782.0,7.0
2021-01-05 09:30:17.021,0.0716,0.0716,39.0,0.0711,1.0,8782.0,7.0
2021-01-05 09:30:17.641,0.0716,0.0716,39.0,0.0711,1.0,8782.0,7.0
2021-01-05 09:30:18.231,0.0716,0.0716,39.0,0.0711,1.0,8782.0,7.0
2021-01-05 09:30:19.251,0.0716,0.0716,38.0,0.0711,1.0,8782.0,8.0
2021-01-05 09:30:22.240,0.0716,0.0716,38.0,0.0711,1.0,8782.0,8.0
2021-01-05 09:30:23.670,0.0716,0.0716,38.0,0.0711,1.0,8782.0,8.0
2021-01-05 09:30:24.161,0.0716,0.0716,38.0,0.0711,1.0,8782.0,8.0
2021-01-05 09:30:24.661,0.0716,0.0716,38.0,0.0711,1.0,8782.0,8.0
2021-01-05 09:30:25.671,0.0716,0.0716,38.0,0.0711,1.0,8782.0,8.0
2021-01-05 09:30:28.161,0.0716,0.0716,38.0,0.0711,1.0,8782.0,8.0
2021-01-05 09:30:30.620,0.0716,0.0716,38.0,0.0711,1.0,8782.0,8.0
2021-01-05 09:30:31.661,0.0716,0.0716,38.0,0.0711,6.0,8782.0,8.0
2021-01-05 09:30:32.140,0.0716,0.0716,38.0,0.0711,6.0,8782.0,8.0
2021-01-05 09:30:32.631,0.0716,0.0716,38.0,0.0711,6.0,8782.0,8.0
2021-01-05 09:30:36.170,0.0716,0.0716,38.0,0.0711,6.0,8782.0,8.0
2021-01-05 09:30:39.680,0.0716,0.0716,38.0,0.0711,6.0,8782.0,8.0
2021-01-05 09:30:43.180,0.0716,0.0716,38.0,0.0711,6.0,8782.0,8.0
2021-01-05 09:30:44.181,0.0716,0.0716,38.0,0.0711,6.0,8782.0,8.0
2021-01-05 09:30:46.200,0.0716,0.0716,29.0,0.0711,6.0,8782.0,17.0
2021-01-05 09:30:48.200,0.0716,0.0716,29.0,0.0711,6.0,8782.0,17.0
2021-01-05 09:30:50.171,0.0716,0.0716,29.0,0.0711,6.0,8782.0,17.0
2021-01-05 09:30:53.120,0.0716,0.0716,29.0,0.0711,6.0,8782.0,17.0
2021-01-05 09:30:59.640,0.0716,0.0716,29.0,0.0711,6.0,8782.0,17.0
2021-01-05 09:31:01.680,0.0716,0.0716,29.0,0.0711,6.0,8782.0,17.0
2021-01-05 09:31:02.681,0.0716,0.0716,29.0,0.0711,6.0,8782.0,17.0
2021-01-05 09:31:03.131,0.0716,0.0716,29.0,0.0711,6.0,8782.0,17.0
2021-01-05 09:31:07.670,0.0716,0.0716,29.0,0.0711,6.0,8782.0,17.0
2021-01-05 09:31:09.051,0.0716,0.0716,29.0,0.0711,1.0,8782.0,17.0
2021-01-05 09:31:09.701,0.0716,0.0716,29.0,0.0711,1.0,8782.0,17.0
2021-01-05 09:31:11.701,0.0716,0.0716,29.0,0.0711,1.0,8782.0,17.0
2021-01-05 09:31:13.170,0.0716,0.0716,29.0,0.0711,21.0,8782.0,17.0
2021-01-05 09:31:15.110,0.0711,0.0716,29.0,0.0711,11.0,8791.0,27.0
2021-01-05 09:31:15.710,0.0711,0.0716,29.0,0.071,1.0,8791.0,27.0
2021-01-05 09:31:18.720,0.0711,0.0716,29.0,0.071,1.0,8791.0,27.0
2021-01-05 09:31:19.150,0.0711,0.0716,29.0,0.071,1.0,8791.0,27.0
2021-01-05 09:31:19.721,0.0711,0.0716,29.0,0.071,21.0,8791.0,27.0
2021-01-05 09:31:21.221,0.0711,0.0716,29.0,0.071,21.0,8791.0,27.0
2021-01-05 09:31:22.211,0.0711,0.0716,29.0,0.071,1.0,8791.0,27.0
2021-01-05 09:31:22.620,0.0711,0.0716,29.0,0.071,1.0,8791.0,27.0
2021-01-05 09:31:23.171,0.0711,0.0716,39.0,0.071,1.0,8791.0,27.0
2021-01-05 09:31:24.161,0.0711,0.0716,39.0,0.071,1.0,8791.0,27.0
2021-01-05 09:31:24.660,0.0711,0.0716,39.0,0.071,1.0,8791.0,27.0
2021-01-05 09:31:25.150,0.0711,0.0716,39.0,0.071,1.0,8791.0,27.0
2021-01-05 09:31:26.141,0.0711,0.0716,39.0,0.071,1.0,8791.0,27.0
2021-01-05 09:31:27.601,0.0711,0.0716,39.0,0.071,1.0,8791.0,27.0
2021-01-05 09:31:28.610,0.0711,0.0716,39.0,0.071,1.0,8791.0,27.0
2021-01-05 09:31:29.171,0.0711,0.0716,39.0,0.071,1.0,8791.0,27.0
2021-01-05 09:31:30.170,0.0711,0.0716,39.0,0.071,1.0,8791.0,27.0
2021-01-05 09:31:31.150,0.0711,0.0716,39.0,0.071,1.0,8791.0,27.0
2021-01-05 09:31:32.191,0.0711,0.0716,39.0,0.071,1.0,8791.0,27.0
2021-01-05 09:31:33.190,0.0711,0.0716,39.0,0.071,1.0,8791.0,27.0
2021-01-05 09:31:34.181,0.0711,0.0716,39.0,0.071,1.0,8791.0,27.0
2021-01-05 09:31:34.681,0.0711,0.0716,39.0,0.071,1.0,8791.0,27.0
2021-01-05 09:31:35.670,0.0711,0.0712,20.0,0.071,1.0,8791.0,27.0
2021-01-05 09:31:36.181,0.0711,0.0711,20.0,0.071,1.0,8791.0,27.0
2021-01-05 09:31:38.621,0.0711,0.0711,20.0,0.071,1.0,8791.0,27.0
2021-01-05 09:31:39.210,0.0711,0.0711,20.0,0.071,1.0,8791.0,27.0
2021-01-05 09:31:39.710,0.0711,0.0711,20.0,0.071,6.0,8791.0,27.0
2021-01-05 09:31:40.200,0.0711,0.0711,20.0,0.071,6.0,8791.0,27.0
2021-01-05 09:31:40.711,0.0711,0.0711,20.0,0.071,6.0,8791.0,27.0
2021-01-05 09:31:41.191,0.0711,0.0711,20.0,0.071,6.0,8791.0,27.0
2021-01-05 09:31:41.700,0.0711,0.0711,20.0,0.071,6.0,8791.0,27.0
2021-01-05 09:31:42.211,0.0711,0.0711,20.0,0.071,6.0,8791.0,27.0
2021-01-05 09:31:43.191,0.0711,0.0711,20.0,0.071,6.0,8791.0,27.0
2021-01-05 09:31:44.190,0.0711,0.0711,30.0,0.071,6.0,8791.0,27.0
2021-01-05 09:31:44.691,0.0711,0.0711,30.0,0.071,6.0,8791.0,27.0
2021-01-05 09:31:45.170,0.0711,0.0711,30.0,0.071,6.0,8791.0,27.0
2021-01-05 09:31:45.621,0.0711,0.0711,30.0,0.071,6.0,8791.0,27.0
2021-01-05 09:31:46.011,0.0711,0.0711,30.0,0.071,6.0,8791.0,27.0
2021-01-05 09:31:46.701,0.0711,0.0711,30.0,0.071,6.0,8791.0,27.0
2021-01-05 09:31:47.191,0.0711,0.0711,30.0,0.071,6.0,8791.0,27.0
2021-01-05 09:31:47.690,0.0711,0.0711,30.0,0.071,6.0,8791.0,27.0
2021-01-05 09:31:49.221,0.071,0.0711,30.0,0.0706,1.0,8796.0,33.0
2021-01-05 09:31:49.711,0.071,0.0711,30.0,0.0706,1.0,8796.0,33.0
2021-01-05 09:31:50.191,0.071,0.0711,30.0,0.0706,1.0,8796.0,33.0
2021-01-05 09:31:50.710,0.071,0.0711,30.0,0.0706,1.0,8796.0,33.0
2021-01-05 09:31:52.220,0.071,0.0711,30.0,0.0706,1.0,8796.0,33.0
2021-01-05 09:31:52.621,0.071,0.0711,30.0,0.0706,1.0,8796.0,33.0
2021-01-05 09:31:53.171,0.071,0.0711,30.0,0.0706,1.0,8796.0,33.0
2021-01-05 09:31:53.530,0.071,0.0711,10.0,0.0706,1.0,8796.0,33.0
2021-01-05 09:31:54.151,0.071,0.0711,10.0,0.0706,1.0,8796.0,33.0
2021-01-05 09:31:56.110,0.071,0.0711,10.0,0.0706,1.0,8796.0,33.0
2021-01-05 09:31:57.171,0.071,0.0711,10.0,0.0706,1.0,8796.0,33.0
2021-01-05 09:31:58.171,0.071,0.0711,10.0,0.0706,1.0,8796.0,33.0
2021-01-05 09:31:59.180,0.071,0.0711,10.0,0.0706,1.0,8796.0,33.0
2021-01-05 09:32:00.650,0.071,0.0711,10.0,0.0706,1.0,8796.0,33.0
2021-01-05 09:32:01.670,0.071,0.0711,10.0,0.0706,1.0,8796.0,33.0
2021-01-05 09:32:01.960,0.071,0.0707,20.0,0.0706,1.0,8796.0,33.0
2021-01-05 09:32:02.671,0.071,0.0707,30.0,0.0706,1.0,8796.0,33.0
2021-01-05 09:32:03.180,0.071,0.0707,30.0,0.0706,1.0,8796.0,33.0
2021-01-05 09:32:03.620,0.071,0.0707,30.0,0.0706,1.0,8796.0,33.0
2021-01-05 09:32:04.090,0.0706,0.0707,30.0,0.0701,5.0,8796.0,34.0
2021-01-05 09:32:04.661,0.0706,0.0707,30.0,0.0701,5.0,8796.0,34.0
2021-01-05 09:32:05.141,0.0706,0.0707,30.0,0.0701,5.0,8796.0,34.0
2021-01-05 09:32:05.660,0.0706,0.0707,30.0,0.0701,5.0,8796.0,34.0
2021-01-05 09:32:06.161,0.0706,0.0707,30.0,0.0701,5.0,8796.0,34.0
2021-01-05 09:32:06.680,0.0706,0.0707,30.0,0.0701,5.0,8796.0,34.0
2021-01-05 09:32:07.070,0.0706,0.0707,30.0,0.0701,5.0,8796.0,34.0
2021-01-05 09:32:08.171,0.0706,0.0707,30.0,0.0701,6.0,8796.0,34.0
2021-01-05 09:32:08.670,0.0706,0.0707,30.0,0.0701,6.0,8796.0,34.0
2021-01-05 09:32:09.141,0.0706,0.0707,10.0,0.0701,6.0,8796.0,34.0
2021-01-05 09:32:09.681,0.0706,0.0707,10.0,0.0701,6.0,8796.0,34.0
2021-01-05 09:32:10.071,0.0706,0.0707,10.0,0.0701,6.0,8796.0,34.0
2021-01-05 09:32:10.630,0.0706,0.0707,10.0,0.0701,6.0,8796.0,34.0
2021-01-05 09:32:11.650,0.0706,0.0707,10.0,0.0701,6.0,8796.0,34.0
2021-01-05 09:32:12.670,0.0706,0.0707,30.0,0.0701,6.0,8796.0,34.0
2021-01-05 09:32:13.171,0.0706,0.0707,30.0,0.0701,6.0,8796.0,34.0
2021-01-05 09:32:14.180,0.0706,0.0707,30.0,0.0701,6.0,8796.0,34.0
2021-01-05 09:32:14.660,0.0706,0.0707,10.0,0.0701,6.0,8796.0,34.0
2021-01-05 09:32:15.171,0.0706,0.0707,10.0,0.0701,6.0,8796.0,34.0
2021-01-05 09:32:16.551,0.0706,0.0707,10.0,0.0701,6.0,8796.0,34.0
2021-01-05 09:32:18.670,0.0706,0.0707,10.0,0.0701,6.0,8796.0,34.0
2021-01-05 09:32:20.151,0.0706,0.0707,10.0,0.0701,6.0,8796.0,34.0
2021-01-05 09:32:20.671,0.0706,0.0707,10.0,0.0701,6.0,8796.0,34.0
2021-01-05 09:32:22.660,0.0706,0.0707,10.0,0.0701,6.0,8796.0,34.0
2021-01-05 09:32:23.140,0.0706,0.0707,10.0,0.0701,6.0,8796.0,34.0
2021-01-05 09:32:26.171,0.0706,0.0707,10.0,0.0701,6.0,8796.0,34.0
2021-01-05 09:32:26.650,0.0706,0.0707,10.0,0.0701,6.0,8796.0,34.0
2021-01-05 09:32:27.151,0.0706,0.0707,10.0,0.0701,6.0,8796.0,34.0
2021-01-05 09:32:28.171,0.0706,0.0707,10.0,0.0701,6.0,8796.0,34.0
2021-01-05 09:32:29.650,0.0706,0.0707,10.0,0.0701,6.0,8796.0,34.0
2021-01-05 09:32:30.171,0.0706,0.0707,10.0,0.0701,6.0,8796.0,34.0
2021-01-05 09:32:31.151,0.0706,0.0707,10.0,0.0701,6.0,8796.0,34.0
2021-01-05 09:32:31.631,0.0706,0.0707,10.0,0.0701,6.0,8796.0,34.0
2021-01-05 09:32:32.121,0.0706,0.0707,10.0,0.0701,6.0,8796.0,34.0
2021-01-05 09:32:34.171,0.0706,0.0707,10.0,0.0701,6.0,8796.0,34.0
2021-01-05 09:32:36.190,0.0706,0.0707,10.0,0.0701,6.0,8796.0,34.0
2021-01-05 09:32:37.661,0.0706,0.0707,10.0,0.0701,6.0,8796.0,34.0
2021-01-05 09:32:44.700,0.0706,0.0707,10.0,0.0701,6.0,8796.0,34.0
2021-01-05 09:32:47.201,0.0706,0.0707,10.0,0.0701,6.0,8796.0,34.0
2021-01-05 09:32:47.651,0.0706,0.0707,10.0,0.0701,6.0,8796.0,34.0
2021-01-05 09:32:48.181,0.0706,0.0707,10.0,0.0701,6.0,8796.0,34.0
2021-01-05 09:32:48.690,0.0706,0.0707,10.0,0.0701,6.0,8796.0,34.0
2021-01-05 09:32:49.670,0.0706,0.0707,10.0,0.0701,6.0,8796.0,34.0
2021-01-05 09:32:50.171,0.0706,0.0708,10.0,0.0701,6.0,8796.0,34.0
2021-01-05 09:32:50.650,0.0706,0.0708,10.0,0.0701,6.0,8796.0,34.0
2021-01-05 09:32:51.170,0.0706,0.0709,10.0,0.0701,6.0,8796.0,34.0
2021-01-05 09:32:51.701,0.0706,0.0709,10.0,0.0701,6.0,8796.0,34.0
2021-01-05 09:32:52.191,0.0706,0.0709,10.0,0.0701,6.0,8796.0,34.0
2021-01-05 09:32:52.671,0.0706,0.0709,10.0,0.0701,6.0,8796.0,34.0
2021-01-05 09:32:52.940,0.0706,0.0709,10.0,0.0701,6.0,8796.0,34.0
2021-01-05 09:32:53.641,0.0706,0.0709,10.0,0.0701,6.0,8796.0,34.0
2021-01-05 09:32:54.100,0.0706,0.0709,10.0,0.0701,6.0,8796.0,34.0
2021-01-05 09:32:54.521,0.0706,0.0709,10.0,0.0701,6.0,8796.0,34.0
2021-01-05 09:32:56.021,0.0706,0.0709,10.0,0.0701,6.0,8796.0,34.0
2021-01-05 09:32:56.611,0.0706,0.0709,10.0,0.0701,6.0,8796.0,34.0
2021-01-05 09:32:57.151,0.0706,0.0709,10.0,0.0701,6.0,8796.0,34.0
2021-01-05 09:32:57.181,0.0706,0.0709,10.0,0.0701,6.0,8796.0,34.0
2021-01-05 09:32:58.171,0.0709,0.0713,20.0,0.0709,12.0,8796.0,44.0
2021-01-05 09:32:58.651,0.0709,0.0713,20.0,0.0709,12.0,8796.0,44.0
2021-01-05 09:33:00.111,0.0709,0.0713,20.0,0.0709,12.0,8796.0,44.0
2021-01-05 09:33:01.141,0.0709,0.0713,40.0,0.0709,12.0,8796.0,44.0
2021-01-05 09:33:01.671,0.0709,0.0713,40.0,0.0709,12.0,8796.0,44.0
2021-01-05 09:33:02.651,0.0709,0.0713,40.0,0.0705,10.0,8796.0,56.0
2021-01-05 09:33:03.171,0.0709,0.0713,50.0,0.0703,10.0,8796.0,56.0
2021-01-05 09:33:03.681,0.0709,0.0713,50.0,0.0703,10.0,8796.0,56.0
2021-01-05 09:33:04.140,0.0709,0.0713,30.0,0.0701,6.0,8796.0,56.0
2021-01-05 09:33:04.651,0.0709,0.0713,50.0,0.0701,6.0,8796.0,56.0
2021-01-05 09:33:05.580,0.0709,0.0713,50.0,0.0701,6.0,8796.0,56.0
2021-01-05 09:33:06.170,0.0709,0.0713,50.0,0.0701,6.0,8796.0,56.0
2021-01-05 09:33:07.171,0.0709,0.0713,50.0,0.0701,6.0,8796.0,56.0
2021-01-05 09:33:07.601,0.0709,0.0713,50.0,0.0701,6.0,8796.0,56.0
2021-01-05 09:33:08.191,0.0709,0.0713,50.0,0.0701,6.0,8796.0,56.0
2021-01-05 09:33:08.681,0.0709,0.0713,50.0,0.0701,6.0,8796.0,56.0
2021-01-05 09:33:09.611,0.0709,0.0713,50.0,0.0701,6.0,8796.0,56.0
2021-01-05 09:33:10.681,0.0709,0.0707,20.0,0.0701,6.0,8796.0,56.0
2021-01-05 09:33:11.180,0.0709,0.0707,30.0,0.0701,6.0,8796.0,56.0
2021-01-05 09:33:12.181,0.0709,0.0707,30.0,0.0701,6.0,8796.0,56.0
2021-01-05 09:33:12.650,0.0709,0.0707,30.0,0.0701,6.0,8796.0,56.0
2021-01-05 09:33:13.100,0.0709,0.0707,30.0,0.0701,6.0,8796.0,56.0
2021-01-05 09:33:14.160,0.0709,0.0707,20.0,0.0701,6.0,8796.0,56.0
2021-01-05 09:33:14.650,0.0709,0.0707,20.0,0.0701,6.0,8796.0,56.0
2021-01-05 09:33:15.030,0.0709,0.0707,30.0,0.0701,6.0,8796.0,56.0
2021-01-05 09:33:15.651,0.0709,0.0707,30.0,0.0701,6.0,8796.0,56.0
2021-01-05 09:33:16.671,0.0709,0.0707,50.0,0.0701,6.0,8796.0,56.0
2021-01-05 09:33:17.190,0.0709,0.0707,50.0,0.0701,6.0,8796.0,56.0
2021-01-05 09:33:18.680,0.0709,0.0707,50.0,0.0701,6.0,8796.0,56.0
2021-01-05 09:33:19.660,0.0709,0.0707,50.0,0.0701,6.0,8796.0,56.0
2021-01-05 09:33:20.680,0.0709,0.0707,50.0,0.0701,6.0,8796.0,56.0
2021-01-05 09:33:21.160,0.0709,0.0707,50.0,0.0701,6.0,8796.0,56.0
2021-01-05 09:33:21.681,0.0709,0.0707,50.0,0.0701,6.0,8796.0,56.0
2021-01-05 09:33:22.150,0.0709,0.0707,50.0,0.0701,6.0,8796.0,56.0
2021-01-05 09:33:22.670,0.0709,0.0707,50.0,0.0701,6.0,8796.0,56.0
2021-01-05 09:33:23.151,0.0709,0.0707,50.0,0.0701,6.0,8796.0,56.0
2021-01-05 09:33:24.171,0.0709,0.0707,50.0,0.0701,6.0,8796.0,56.0
2021-01-05 09:33:25.151,0.0709,0.0707,40.0,0.0701,6.0,8796.0,56.0
2021-01-05 09:33:25.671,0.0709,0.0707,50.0,0.0701,6.0,8796.0,56.0
2021-01-05 09:33:26.651,0.0709,0.0707,30.0,0.0701,6.0,8796.0,56.0
2021-01-05 09:33:27.171,0.0709,0.0707,30.0,0.0701,6.0,8796.0,56.0
2021-01-05 09:33:27.681,0.0709,0.0707,30.0,0.0701,6.0,8796.0,56.0
2021-01-05 09:33:28.180,0.0709,0.0707,30.0,0.0701,6.0,8796.0,56.0
2021-01-05 09:33:28.670,0.0709,0.0707,30.0,0.0701,16.0,8796.0,56.0
2021-01-05 09:33:29.681,0.0709,0.0707,30.0,0.0701,16.0,8796.0,56.0
2021-01-05 09:33:36.101,0.0709,0.0707,30.0,0.0701,16.0,8796.0,56.0
2021-01-05 09:33:36.681,0.0709,0.0707,30.0,0.0701,16.0,8796.0,56.0
2021-01-05 09:33:37.190,0.0709,0.0707,30.0,0.0701,6.0,8796.0,56.0
2021-01-05 09:33:37.640,0.0709,0.0707,50.0,0.0701,6.0,8796.0,56.0
2021-01-05 09:33:38.120,0.0709,0.0707,50.0,0.0701,6.0,8796.0,56.0
2021-01-05 09:33:38.621,0.0709,0.0707,50.0,0.0701,6.0,8796.0,56.0
2021-01-05 09:33:40.160,0.0709,0.0707,50.0,0.0701,16.0,8796.0,56.0
2021-01-05 09:33:40.690,0.0709,0.0707,50.0,0.0701,6.0,8796.0,56.0
2021-01-05 09:33:41.171,0.0709,0.0707,50.0,0.0701,6.0,8796.0,56.0
2021-01-05 09:33:41.691,0.0709,0.0707,50.0,0.0701,6.0,8796.0,56.0
2021-01-05 09:33:42.160,0.0709,0.0707,30.0,0.0701,6.0,8796.0,56.0
2021-01-05 09:33:42.640,0.0709,0.0707,30.0,0.0701,6.0,8796.0,56.0
2021-01-05 09:33:43.180,0.0709,0.0707,10.0,0.0701,6.0,8796.0,56.0
2021-01-05 09:33:43.681,0.0709,0.0707,10.0,0.0701,6.0,8796.0,56.0
2021-01-05 09:33:44.110,0.0709,0.0707,10.0,0.0701,6.0,8796.0,56.0
2021-01-05 09:33:44.671,0.0709,0.0707,10.0,0.0701,6.0,8796.0,56.0
2021-01-05 09:33:46.161,0.0709,0.0707,10.0,0.0701,6.0,8796.0,56.0
2021-01-05 09:33:47.191,0.0709,0.0708,10.0,0.0701,6.0,8796.0,56.0
2021-01-05 09:33:47.681,0.0709,0.0708,10.0,0.0701,6.0,8796.0,56.0
2021-01-05 09:33:48.171,0.0709,0.0708,10.0,0.0701,6.0,8796.0,56.0
2021-01-05 09:33:48.680,0.0709,0.0708,10.0,0.0701,6.0,8796.0,56.0
2021-01-05 09:33:49.681,0.0709,0.0708,10.0,0.0707,1.0,8796.0,56.0
2021-01-05 09:33:49.981,0.0707,0.0709,10.0,0.0701,16.0,8797.0,57.0
2021-01-05 09:33:50.670,0.0707,0.0709,10.0,0.0701,16.0,8797.0,57.0
2021-01-05 09:33:52.190,0.0707,0.0709,10.0,0.0701,16.0,8797.0,57.0
2021-01-05 09:33:53.650,0.0707,0.0709,10.0,0.0701,6.0,8797.0,57.0
2021-01-05 09:33:54.610,0.0707,0.0709,10.0,0.0701,6.0,8797.0,57.0
2021-01-05 09:33:57.171,0.0707,0.0709,10.0,0.0701,6.0,8797.0,57.0
2021-01-05 09:33:58.170,0.0707,0.0709,10.0,0.0701,6.0,8797.0,57.0
2021-01-05 09:33:58.670,0.0707,0.071,10.0,0.0701,6.0,8797.0,57.0
2021-01-05 09:33:59.140,0.0707,0.071,10.0,0.0702,1.0,8797.0,57.0
2021-01-05 09:33:59.590,0.0707,0.071,10.0,0.0702,21.0,8797.0,57.0
2021-01-05 09:34:00.191,0.0707,0.071,10.0,0.0702,21.0,8797.0,57.0
2021-01-05 09:34:00.671,0.0707,0.071,10.0,0.0702,21.0,8797.0,57.0
2021-01-05 09:34:01.140,0.0707,0.071,10.0,0.0702,21.0,8797.0,57.0
2021-01-05 09:34:01.661,0.0707,0.071,10.0,0.0702,21.0,8797.0,57.0
2021-01-05 09:34:02.170,0.0707,0.071,10.0,0.0702,21.0,8797.0,57.0
2021-01-05 09:34:03.171,0.0707,0.071,10.0,0.0702,21.0,8797.0,57.0
2021-01-05 09:34:03.670,0.0707,0.071,10.0,0.0702,21.0,8797.0,57.0
2021-01-05 09:34:04.120,0.0707,0.071,10.0,0.0702,31.0,8797.0,57.0
2021-01-05 09:34:05.121,0.0707,0.071,10.0,0.0702,31.0,8797.0,57.0
2021-01-05 09:34:08.171,0.0707,0.071,10.0,0.0702,31.0,8797.0,57.0
2021-01-05 09:34:09.170,0.0707,0.071,10.0,0.0702,31.0,8797.0,57.0
2021-01-05 09:34:09.670,0.0707,0.071,10.0,0.0702,31.0,8797.0,57.0
2021-01-05 09:34:11.151,0.0707,0.071,10.0,0.0702,31.0,8797.0,57.0
2021-01-05 09:34:11.681,0.0707,0.0707,20.0,0.0702,31.0,8797.0,57.0
2021-01-05 09:34:12.121,0.0707,0.0707,30.0,0.0702,21.0,8797.0,57.0
2021-01-05 09:34:12.640,0.0707,0.0707,30.0,0.0702,21.0,8797.0,57.0
2021-01-05 09:34:13.191,0.0707,0.0707,30.0,0.0702,21.0,8797.0,57.0
2021-01-05 09:34:13.681,0.0707,0.0707,30.0,0.0702,21.0,8797.0,57.0
2021-01-05 09:34:14.181,0.0707,0.0707,30.0,0.0702,21.0,8797.0,57.0
2021-01-05 09:34:14.691,0.0707,0.0707,30.0,0.0702,1.0,8797.0,57.0
2021-01-05 09:34:15.181,0.0707,0.0707,20.0,0.0702,1.0,8797.0,57.0
2021-01-05 09:34:15.681,0.0707,0.0707,30.0,0.0702,1.0,8797.0,57.0
2021-01-05 09:34:16.190,0.0707,0.0707,30.0,0.0702,1.0,8797.0,57.0
2021-01-05 09:34:16.620,0.0707,0.0707,20.0,0.0702,1.0,8797.0,57.0
2021-01-05 09:34:17.070,0.0707,0.0707,30.0,0.0702,1.0,8797.0,57.0
2021-01-05 09:34:17.690,0.0707,0.0707,20.0,0.0702,1.0,8797.0,57.0
2021-01-05 09:34:19.700,0.0707,0.0707,20.0,0.0702,1.0,8797.0,57.0
2021-01-05 09:34:20.180,0.0707,0.0707,20.0,0.0702,1.0,8797.0,57.0
2021-01-05 09:34:20.651,0.0707,0.0707,30.0,0.0702,1.0,8797.0,57.0
2021-01-05 09:34:21.690,0.0707,0.0707,20.0,0.0702,1.0,8797.0,57.0
2021-01-05 09:34:22.151,0.0707,0.0707,20.0,0.0702,11.0,8797.0,57.0
2021-01-05 09:34:24.170,0.0707,0.0707,20.0,0.0702,11.0,8797.0,57.0
2021-01-05 09:34:25.171,0.0707,0.0707,20.0,0.0702,11.0,8797.0,57.0
2021-01-05 09:34:25.671,0.0707,0.0707,20.0,0.0702,11.0,8797.0,57.0
2021-01-05 09:34:26.641,0.0707,0.0707,20.0,0.0704,12.0,8797.0,57.0
2021-01-05 09:34:27.150,0.0707,0.0707,20.0,0.0704,12.0,8797.0,57.0
2021-01-05 09:34:27.690,0.0707,0.0707,20.0,0.0704,32.0,8797.0,57.0
2021-01-05 09:34:28.621,0.0707,0.0707,20.0,0.0705,12.0,8797.0,57.0
2021-01-05 09:34:30.681,0.0707,0.0707,20.0,0.0704,32.0,8797.0,57.0
2021-01-05 09:34:31.190,0.0707,0.0707,20.0,0.0705,12.0,8797.0,57.0
2021-01-05 09:34:32.150,0.0707,0.0707,20.0,0.0706,12.0,8797.0,57.0
2021-01-05 09:34:33.691,0.0707,0.0709,10.0,0.0706,32.0,8817.0,77.0
2021-01-05 09:34:34.171,0.0707,0.0709,10.0,0.0706,32.0,8817.0,77.0
2021-01-05 09:34:34.640,0.0707,0.0709,10.0,0.0706,12.0,8817.0,77.0
2021-01-05 09:34:35.130,0.0707,0.0709,10.0,0.0708,2.0,8817.0,77.0
2021-01-05 09:34:35.570,0.0707,0.0709,10.0,0.0708,2.0,8817.0,77.0
2021-01-05 09:34:36.171,0.0707,0.0709,10.0,0.0708,2.0,8817.0,77.0
2021-01-05 09:34:36.680,0.0707,0.071,22.0,0.0708,2.0,8817.0,77.0
2021-01-05 09:34:37.161,0.0707,0.071,22.0,0.0708,2.0,8817.0,77.0
2021-01-05 09:34:37.700,0.0707,0.071,10.0,0.0708,14.0,8817.0,77.0
2021-01-05 09:34:37.940,0.0707,0.0711,10.0,0.0708,14.0,8817.0,77.0
2021-01-05 09:34:38.690,0.0707,0.0711,10.0,0.071,12.0,8817.0,77.0
2021-01-05 09:34:39.091,0.0707,0.0712,10.0,0.071,12.0,8817.0,77.0
2021-01-05 09:34:39.470,0.0707,0.0712,10.0,0.071,12.0,8817.0,77.0
2021-01-05 09:34:40.171,0.0707,0.0713,10.0,0.071,12.0,8817.0,77.0
2021-01-05 09:34:40.271,0.0707,0.0713,10.0,0.071,12.0,8817.0,77.0
2021-01-05 09:34:41.201,0.0707,0.0713,10.0,0.0708,2.0,8817.0,77.0
2021-01-05 09:34:41.700,0.0707,0.0711,12.0,0.0708,2.0,8817.0,77.0
2021-01-05 09:34:42.171,0.0707,0.0712,22.0,0.0708,2.0,8817.0,77.0
2021-01-05 09:34:42.680,0.0707,0.071,12.0,0.0706,42.0,8817.0,77.0
2021-01-05 09:34:43.191,0.0707,0.0711,12.0,0.0706,20.0,8817.0,77.0
2021-01-05 09:34:43.660,0.0707,0.0711,10.0,0.0705,10.0,8817.0,77.0
2021-01-05 09:34:44.151,0.0707,0.0709,12.0,0.0705,12.0,8817.0,77.0
2021-01-05 09:34:44.651,0.0707,0.0709,12.0,0.0705,12.0,8817.0,77.0
2021-01-05 09:34:45.721,0.0708,0.0708,11.0,0.0704,42.0,8817.0,78.0
2021-01-05 09:34:46.140,0.0708,0.0709,22.0,0.0705,12.0,8817.0,89.0
2021-01-05 09:34:46.660,0.0708,0.071,10.0,0.0706,12.0,8817.0,89.0
2021-01-05 09:34:47.181,0.0708,0.071,10.0,0.0706,32.0,8817.0,89.0
2021-01-05 09:34:47.701,0.0708,0.0711,10.0,0.0708,12.0,8817.0,89.0
2021-01-05 09:34:48.141,0.0708,0.0711,11.0,0.0708,12.0,8817.0,89.0
2021-01-05 09:34:48.700,0.0708,0.0711,1.0,0.0708,12.0,8817.0,89.0
2021-01-05 09:34:49.171,0.0708,0.0711,11.0,0.0708,12.0,8817.0,89.0
2021-01-05 09:34:49.701,0.0708,0.0711,11.0,0.071,1.0,8817.0,89.0
2021-01-05 09:34:50.220,0.0711,0.0719,12.0,0.0711,2.0,8817.0,100.0
2021-01-05 09:34:50.700,0.0711,0.0718,13.0,0.071,11.0,8817.0,100.0
2021-01-05 09:34:51.200,0.0711,0.0716,12.0,0.071,1.0,8817.0,100.0
2021-01-05 09:34:51.651,0.0711,0.0716,22.0,0.071,1.0,8817.0,100.0
2021-01-05 09:34:52.220,0.0711,0.0714,12.0,0.071,1.0,8817.0,100.0
2021-01-05 09:34:52.650,0.0711,0.0714,22.0,0.071,1.0,8817.0,100.0
2021-01-05 09:34:53.180,0.0711,0.0713,12.0,0.071,1.0,8817.0,100.0
2021-01-05 09:34:53.651,0.0711,0.0713,10.0,0.0711,12.0,8817.0,100.0
2021-01-05 09:34:54.170,0.0711,0.0714,10.0,0.0711,12.0,8817.0,100.0
2021-01-05 09:34:54.631,0.0711,0.0716,12.0,0.0711,12.0,8817.0,100.0
2021-01-05 09:34:55.040,0.0711,0.0716,22.0,0.0711,12.0,8817.0,100.0
2021-01-05 09:34:55.520,0.0711,0.0716,10.0,0.0712,12.0,8817.0,100.0
2021-01-05 09:34:56.051,0.0711,0.0716,10.0,0.0713,12.0,8817.0,100.0
2021-01-05 09:34:56.600,0.0711,0.0716,10.0,0.0713,22.0,8817.0,100.0
2021-01-05 09:34:57.130,0.0711,0.0716,10.0,0.0715,12.0,8817.0,100.0
2021-01-05 09:34:57.670,0.0711,0.0718,11.0,0.0715,12.0,8817.0,100.0
2021-01-05 09:34:58.160,0.0711,0.0718,11.0,0.0715,12.0,8817.0,100.0
2021-01-05 09:34:58.640,0.0711,0.0718,11.0,0.0716,1.0,8817.0,100.0
2021-01-05 09:34:59.151,0.0711,0.0718,1.0,0.0717,12.0,8817.0,100.0
2021-01-05 09:34:59.660,0.0718,0.0719,10.0,0.0718,1.0,8818.0,101.0
2021-01-05 09:35:00.160,0.0718,0.0719,1.0,0.0717,12.0,8819.0,102.0
2021-01-05 09:35:00.630,0.0718,0.0719,11.0,0.0717,12.0,8819.0,102.0
2021-01-05 09:35:01.070,0.0718,0.0719,11.0,0.0717,12.0,8819.0,102.0
2021-01-05 09:35:01.620,0.0718,0.0719,1.0,0.0716,13.0,8819.0,102.0
2021-01-05 09:35:02.181,0.0718,0.0719,11.0,0.0716,13.0,8819.0,102.0
2021-01-05 09:35:02.680,0.0718,0.0719,23.0,0.0716,1.0,8819.0,102.0
2021-01-05 09:35:03.180,0.0718,0.0719,11.0,0.0716,13.0,8819.0,102.0
2021-01-05 09:35:03.660,0.0719,0.072,22.0,0.0716,13.0,8819.0,103.0
2021-01-05 09:35:04.181,0.0719,0.072,1.0,0.0717,12.0,8819.0,103.0
2021-01-05 09:35:05.180,0.0719,0.072,1.0,0.0716,13.0,8819.0,103.0
2021-01-05 09:35:06.680,0.0719,0.072,1.0,0.0717,12.0,8819.0,103.0
2021-01-05 09:35:07.131,0.0719,0.0718,12.0,0.0716,1.0,8819.0,103.0
2021-01-05 09:35:07.650,0.0719,0.0718,12.0,0.0716,1.0,8819.0,103.0
2021-01-05 09:35:08.171,0.0719,0.0718,12.0,0.0716,1.0,8819.0,103.0
2021-01-05 09:35:09.191,0.0719,0.0718,12.0,0.0716,1.0,8819.0,103.0
2021-01-05 09:35:09.700,0.0719,0.072,1.0,0.0716,13.0,8819.0,103.0
2021-01-05 09:35:10.180,0.0719,0.0721,10.0,0.0717,12.0,8819.0,103.0
2021-01-05 09:35:10.691,0.0719,0.0721,10.0,0.0717,12.0,8819.0,103.0
2021-01-05 09:35:11.160,0.0719,0.0722,10.0,0.0718,12.0,8819.0,103.0
2021-01-05 09:35:11.680,0.0719,0.0722,10.0,0.0719,12.0,8819.0,103.0
2021-01-05 09:35:12.101,0.0719,0.0722,10.0,0.072,12.0,8819.0,103.0
2021-01-05 09:35:12.691,0.0719,0.0724,22.0,0.072,12.0,8819.0,103.0
2021-01-05 09:35:13.160,0.0719,0.0722,12.0,0.0719,10.0,8819.0,103.0
2021-01-05 09:35:13.371,0.0719,0.0721,1.0,0.0717,10.0,8819.0,103.0
2021-01-05 09:35:14.191,0.0719,0.072,12.0,0.0716,13.0,8819.0,103.0
2021-01-05 09:35:14.700,0.0719,0.0719,12.0,0.0716,1.0,8819.0,103.0
2021-01-05 09:35:15.171,0.0719,0.0721,1.0,0.0718,12.0,8819.0,103.0
2021-01-05 09:35:15.701,0.0721,0.0722,10.0,0.0718,12.0,8819.0,104.0
2021-01-05 09:35:16.151,0.0721,0.0724,10.0,0.0718,12.0,8819.0,104.0
2021-01-05 09:35:16.681,0.0721,0.0722,1.0,0.0718,12.0,8819.0,104.0
2021-01-05 09:35:17.190,0.0721,0.0722,1.0,0.0719,12.0,8819.0,104.0
2021-01-05 09:35:17.680,0.0721,0.0722,1.0,0.0719,12.0,8819.0,104.0
2021-01-05 09:35:18.170,0.0721,0.0722,1.0,0.0718,12.0,8819.0,104.0
2021-01-05 09:35:18.641,0.0721,0.0722,1.0,0.0718,12.0,8819.0,104.0
2021-01-05 09:35:19.180,0.0721,0.0722,1.0,0.0719,12.0,8819.0,104.0
2021-01-05 09:35:19.641,0.0721,0.0722,2.0,0.0719,12.0,8819.0,104.0
2021-01-05 09:35:20.170,0.0721,0.0722,2.0,0.072,12.0,8819.0,104.0
2021-01-05 09:35:20.690,0.0721,0.0722,2.0,0.072,12.0,8819.0,104.0
2021-01-05 09:35:21.180,0.0721,0.0722,2.0,0.072,12.0,8819.0,104.0
2021-01-05 09:35:21.601,0.0722,0.0723,10.0,0.0721,12.0,8819.0,105.0
2021-01-05 09:35:22.171,0.0722,0.0723,1.0,0.072,12.0,8819.0,105.0
2021-01-05 09:35:22.581,0.0722,0.0723,1.0,0.0721,12.0,8819.0,105.0
2021-01-05 09:35:23.130,0.0722,0.0722,20.0,0.072,12.0,8819.0,105.0
2021-01-05 09:35:23.680,0.0722,0.0722,19.0,0.0721,12.0,8819.0,106.0
2021-01-05 09:35:24.171,0.0722,0.0722,19.0,0.0718,10.0,8819.0,106.0
2021-01-05 09:35:24.671,0.0722,0.0722,29.0,0.072,12.0,8819.0,106.0
2021-01-05 09:35:25.170,0.0722,0.0722,19.0,0.072,12.0,8819.0,106.0
2021-01-05 09:35:25.660,0.0722,0.0722,19.0,0.0721,12.0,8819.0,106.0
2021-01-05 09:35:26.160,0.0722,0.0722,19.0,0.072,12.0,8819.0,106.0
2021-01-05 09:35:26.651,0.0722,0.0722,19.0,0.0721,12.0,8819.0,106.0
2021-01-05 09:35:27.120,0.0722,0.0724,10.0,0.0721,12.0,8819.0,106.0
2021-01-05 09:35:27.641,0.0722,0.0725,10.0,0.0722,12.0,8819.0,106.0
2021-01-05 09:35:28.131,0.0722,0.0726,22.0,0.0722,12.0,8819.0,106.0
2021-01-05 09:35:28.680,0.0722,0.0726,22.0,0.0722,12.0,8819.0,106.0
2021-01-05 09:35:29.160,0.0722,0.0724,12.0,0.072,22.0,8819.0,106.0
2021-01-05 09:35:29.641,0.0722,0.0725,22.0,0.0719,22.0,8819.0,106.0
2021-01-05 09:35:30.121,0.0725,0.0725,10.0,0.0721,12.0,8819.0,107.0
2021-01-05 09:35:30.690,0.0725,0.0726,22.0,0.0721,12.0,8819.0,107.0
2021-01-05 09:35:31.170,0.0725,0.0726,12.0,0.0721,22.0,8819.0,107.0
2021-01-05 09:35:31.700,0.0725,0.0726,22.0,0.0721,12.0,8819.0,107.0
2021-01-05 09:35:32.161,0.0725,0.0727,11.0,0.0721,10.0,8819.0,107.0
2021-01-05 09:35:32.630,0.0725,0.0726,12.0,0.0722,12.0,8819.0,107.0
2021-01-05 09:35:33.160,0.0725,0.0726,12.0,0.0722,12.0,8819.0,107.0
2021-01-05 09:35:33.650,0.0725,0.0727,10.0,0.0722,12.0,8819.0,107.0
2021-01-05 09:35:34.190,0.0725,0.0727,10.0,0.0722,12.0,8819.0,107.0
2021-01-05 09:35:34.691,0.0725,0.0727,10.0,0.0723,12.0,8819.0,107.0
2021-01-05 09:35:35.200,0.0725,0.0727,10.0,0.0723,22.0,8819.0,107.0
2021-01-05 09:35:35.590,0.0725,0.0728,10.0,0.0724,12.0,8819.0,107.0
2021-01-05 09:35:36.180,0.0725,0.0728,10.0,0.0724,12.0,8819.0,107.0
2021-01-05 09:35:36.620,0.0725,0.0728,10.0,0.0727,1.0,8819.0,107.0
2021-01-05 09:35:37.171,0.0725,0.0729,12.0,0.0727,1.0,8819.0,107.0
2021-01-05 09:35:37.581,0.0725,0.0729,12.0,0.0727,1.0,8819.0,107.0
2021-01-05 09:35:38.670,0.0725,0.0728,12.0,0.0727,1.0,8819.0,107.0
2021-01-05 09:35:39.140,0.0725,0.0728,12.0,0.0727,1.0,8819.0,107.0
2021-01-05 09:35:39.690,0.0725,0.0728,12.0,0.0727,1.0,8819.0,107.0
2021-01-05 09:35:40.191,0.0725,0.0728,12.0,0.0727,1.0,8819.0,107.0
2021-01-05 09:35:40.691,0.0727,0.0727,12.0,0.0722,10.0,8819.0,108.0
2021-01-05 09:35:41.190,0.0727,0.0728,22.0,0.0721,10.0,8819.0,108.0
2021-01-05 09:35:41.680,0.0727,0.0726,12.0,0.0721,12.0,8819.0,108.0
2021-01-05 09:35:42.160,0.0727,0.0727,12.0,0.0722,12.0,8819.0,108.0
2021-01-05 09:35:43.190,0.0727,0.0727,22.0,0.0722,22.0,8819.0,108.0
2021-01-05 09:35:43.661,0.0727,0.0728,10.0,0.0721,10.0,8819.0,108.0
2021-01-05 09:35:44.101,0.0727,0.0728,10.0,0.0721,10.0,8819.0,108.0
2021-01-05 09:35:45.071,0.0727,0.0729,10.0,0.0723,12.0,8819.0,108.0
2021-01-05 09:35:45.411,0.0727,0.0729,12.0,0.0724,12.0,8819.0,108.0
2021-01-05 09:35:46.170,0.0727,0.073,30.0,0.0724,32.0,8819.0,108.0
2021-01-05 09:35:46.700,0.0727,0.073,42.0,0.0725,12.0,8819.0,108.0
2021-01-05 09:35:47.201,0.0727,0.073,20.0,0.0728,1.0,8819.0,108.0
2021-01-05 09:35:48.181,0.0727,0.0732,12.0,0.0728,1.0,8819.0,108.0
2021-01-05 09:35:48.700,0.0727,0.0731,12.0,0.0728,1.0,8819.0,108.0
2021-01-05 09:35:49.190,0.0727,0.0731,12.0,0.0728,1.0,8819.0,108.0
2021-01-05 09:35:49.701,0.0727,0.073,12.0,0.0728,1.0,8819.0,108.0
2021-01-05 09:35:50.121,0.0727,0.0731,12.0,0.0728,1.0,8819.0,108.0
2021-01-05 09:35:51.710,0.0727,0.073,12.0,0.0728,1.0,8819.0,108.0
2021-01-05 09:35:52.190,0.073,0.0731,22.0,0.0728,1.0,8819.0,109.0
2021-01-05 09:35:52.661,0.073,0.0731,12.0,0.0728,1.0,8819.0,109.0
2021-01-05 09:35:52.990,0.073,0.0732,22.0,0.0728,1.0,8819.0,109.0
2021-01-05 09:35:53.631,0.073,0.0732,10.0,0.073,12.0,8819.0,109.0
2021-01-05 09:35:54.161,0.073,0.0734,22.0,0.073,12.0,8819.0,109.0
2021-01-05 09:35:54.371,0.073,0.0735,30.0,0.0728,1.0,8819.0,119.0
2021-01-05 09:35:55.151,0.073,0.0735,30.0,0.0728,1.0,8819.0,119.0
2021-01-05 09:35:55.691,0.073,0.0733,12.0,0.0728,1.0,8819.0,119.0
2021-01-05 09:35:56.121,0.073,0.0733,12.0,0.0728,1.0,8819.0,119.0
2021-01-05 09:35:56.690,0.073,0.0732,12.0,0.0728,13.0,8819.0,119.0
2021-01-05 09:35:57.141,0.073,0.0731,12.0,0.0728,1.0,8819.0,119.0
2021-01-05 09:35:57.681,0.073,0.073,20.0,0.0728,1.0,8819.0,119.0
2021-01-05 09:35:58.150,0.073,0.073,20.0,0.0728,1.0,8819.0,119.0
2021-01-05 09:35:59.160,0.073,0.073,32.0,0.0728,1.0,8819.0,119.0
2021-01-05 09:36:00.201,0.073,0.073,17.0,0.0728,13.0,8819.0,122.0
2021-01-05 09:36:00.680,0.073,0.0731,12.0,0.0728,2.0,8819.0,122.0
2021-01-05 09:36:01.181,0.073,0.0731,12.0,0.0728,2.0,8819.0,122.0
2021-01-05 09:36:01.671,0.073,0.0733,22.0,0.0729,12.0,8819.0,122.0
2021-01-05 09:36:02.170,0.073,0.0734,10.0,0.0728,12.0,8819.0,122.0
2021-01-05 09:36:02.630,0.073,0.0732,12.0,0.073,15.0,8819.0,122.0
2021-01-05 09:36:03.150,0.073,0.0733,22.0,0.073,15.0,8819.0,122.0
2021-01-05 09:36:03.700,0.073,0.0731,12.0,0.073,15.0,8819.0,122.0
2021-01-05 09:36:04.161,0.073,0.0733,12.0,0.0731,1.0,8819.0,122.0
2021-01-05 09:36:04.670,0.0731,0.0733,12.0,0.0732,15.0,8819.0,123.0
2021-01-05 09:36:05.150,0.0732,0.0733,12.0,0.0732,5.0,8819.0,133.0
2021-01-05 09:36:05.690,0.0732,0.0733,12.0,0.0728,2.0,8819.0,138.0
2021-01-05 09:36:06.180,0.0732,0.0733,12.0,0.0728,2.0,8819.0,138.0
2021-01-05 09:36:08.170,0.0732,0.0733,12.0,0.0728,2.0,8819.0,138.0
2021-01-05 09:36:09.161,0.0732,0.0732,11.0,0.0728,2.0,8819.0,139.0
2021-01-05 09:36:09.691,0.0732,0.0734,22.0,0.073,12.0,8819.0,139.0
2021-01-05 09:36:10.101,0.0732,0.0733,12.0,0.0729,12.0,8819.0,139.0
2021-01-05 09:36:10.671,0.0732,0.0733,12.0,0.0729,12.0,8819.0,139.0
2021-01-05 09:36:11.180,0.0732,0.0732,12.0,0.0728,2.0,8819.0,139.0
2021-01-05 09:36:11.651,0.0732,0.0732,12.0,0.0728,2.0,8819.0,139.0
2021-01-05 09:36:12.181,0.0732,0.0731,12.0,0.0728,2.0,8819.0,139.0
2021-01-05 09:36:13.190,0.0731,0.0731,12.0,0.0728,2.0,8819.0,140.0
2021-01-05 09:36:13.680,0.0731,0.0732,12.0,0.0728,2.0,8819.0,140.0
2021-01-05 09:36:14.150,0.0731,0.0732,12.0,0.0728,2.0,8819.0,140.0
2021-01-05 09:36:15.660,0.0731,0.0732,12.0,0.0728,2.0,8819.0,140.0
2021-01-05 09:36:16.680,0.0732,0.0732,11.0,0.0728,2.0,8819.0,141.0
2021-01-05 09:36:17.180,0.0732,0.0732,12.0,0.0728,2.0,8819.0,141.0
2021-01-05 09:36:20.690,0.0732,0.0731,12.0,0.0728,2.0,8819.0,142.0
2021-01-05 09:36:21.091,0.0732,0.0732,12.0,0.0728,2.0,8819.0,142.0
2021-01-05 09:36:21.691,0.0732,0.0731,12.0,0.0728,2.0,8819.0,142.0
2021-01-05 09:36:23.191,0.0732,0.0731,12.0,0.0728,2.0,8819.0,142.0
2021-01-05 09:36:23.681,0.0732,0.0733,32.0,0.0728,14.0,8819.0,142.0
2021-01-05 09:36:24.171,0.0732,0.0733,32.0,0.0729,12.0,8819.0,142.0
2021-01-05 09:36:24.701,0.0732,0.0733,32.0,0.0729,12.0,8819.0,142.0
2021-01-05 09:36:25.181,0.0732,0.0733,12.0,0.0729,12.0,8819.0,142.0
2021-01-05 09:36:25.690,0.0732,0.0733,12.0,0.0729,12.0,8819.0,142.0
2021-01-05 09:36:26.171,0.0732,0.0733,12.0,0.0729,12.0,8819.0,142.0
2021-01-05 09:36:26.651,0.0732,0.0733,12.0,0.0729,12.0,8819.0,142.0
2021-01-05 09:36:27.160,0.0732,0.0734,12.0,0.073,12.0,8819.0,142.0
2021-01-05 09:36:27.690,0.0732,0.0736,23.0,0.073,12.0,8819.0,142.0
2021-01-05 09:36:28.190,0.0732,0.0735,12.0,0.0731,12.0,8819.0,142.0
2021-01-05 09:36:28.681,0.0732,0.0737,10.0,0.0732,12.0,8819.0,142.0
2021-01-05 09:36:29.171,0.0732,0.0738,22.0,0.0732,12.0,8819.0,142.0
2021-01-05 09:36:29.661,0.0732,0.0738,10.0,0.0734,1.0,8819.0,142.0
2021-01-05 09:36:30.161,0.0732,0.0738,12.0,0.0734,1.0,8819.0,142.0
2021-01-05 09:36:30.700,0.0732,0.0737,12.0,0.0734,1.0,8819.0,142.0
2021-01-05 09:36:31.181,0.0732,0.0737,12.0,0.0734,1.0,8819.0,142.0
2021-01-05 09:36:33.200,0.0732,0.0736,12.0,0.0734,1.0,8819.0,142.0
2021-01-05 09:36:33.680,0.0736,0.0736,12.0,0.0734,1.0,8819.0,143.0
2021-01-05 09:36:34.091,0.0736,0.0736,12.0,0.0734,1.0,8819.0,143.0
2021-01-05 09:36:35.150,0.0736,0.0736,12.0,0.0734,1.0,8819.0,143.0
2021-01-05 09:36:35.701,0.0736,0.0736,12.0,0.0734,1.0,8819.0,143.0
2021-01-05 09:36:36.191,0.0736,0.0736,12.0,0.0734,1.0,8819.0,143.0
2021-01-05 09:36:36.700,0.0736,0.0737,12.0,0.0734,1.0,8819.0,143.0
2021-01-05 09:36:37.190,0.0736,0.0737,12.0,0.0736,30.0,8819.0,143.0
2021-01-05 09:36:37.691,0.0736,0.0739,10.0,0.0736,18.0,8819.0,155.0
2021-01-05 09:36:38.120,0.0736,0.0737,12.0,0.0736,18.0,8819.0,155.0
2021-01-05 09:36:38.640,0.0736,0.0739,10.0,0.0735,12.0,8819.0,155.0
2021-01-05 09:36:39.090,0.0736,0.0739,10.0,0.0738,18.0,8819.0,155.0
2021-01-05 09:36:39.680,0.0736,0.074,22.0,0.0738,18.0,8819.0,155.0
2021-01-05 09:36:40.191,0.0738,0.0738,12.0,0.0735,10.0,8819.0,165.0
2021-01-05 09:36:40.700,0.0739,0.0739,2.0,0.0735,12.0,8819.0,173.0
2021-01-05 09:36:41.201,0.0739,0.0739,12.0,0.0735,12.0,8819.0,173.0
2021-01-05 09:36:42.200,0.0739,0.074,22.0,0.0735,12.0,8819.0,174.0
2021-01-05 09:36:42.690,0.0739,0.074,12.0,0.0735,12.0,8819.0,174.0
2021-01-05 09:36:45.191,0.0739,0.0741,22.0,0.0736,12.0,8819.0,174.0
2021-01-05 09:36:45.631,0.0739,0.0741,22.0,0.0736,12.0,8819.0,174.0
2021-01-05 09:36:46.651,0.0739,0.0741,10.0,0.0737,12.0,8819.0,174.0
2021-01-05 09:36:47.130,0.0739,0.0741,10.0,0.0737,12.0,8819.0,174.0
2021-01-05 09:36:48.630,0.0739,0.0741,10.0,0.0737,22.0,8819.0,174.0
2021-01-05 09:36:49.181,0.0739,0.0741,10.0,0.0738,12.0,8819.0,174.0
2021-01-05 09:36:49.700,0.0739,0.0742,10.0,0.0738,22.0,8819.0,174.0
2021-01-05 09:36:50.670,0.0739,0.0743,42.0,0.0738,22.0,8819.0,174.0
2021-01-05 09:36:51.671,0.0739,0.0743,42.0,0.0738,12.0,8819.0,174.0
2021-01-05 09:36:52.180,0.0739,0.0743,42.0,0.0738,22.0,8819.0,174.0
2021-01-05 09:36:52.691,0.0739,0.0743,42.0,0.0739,12.0,8819.0,174.0
2021-01-05 09:36:53.191,0.0739,0.0743,42.0,0.0739,12.0,8819.0,174.0
2021-01-05 09:36:53.631,0.0739,0.0743,30.0,0.074,12.0,8819.0,174.0
2021-01-05 09:36:54.180,0.074,0.0743,20.0,0.0739,10.0,8819.0,175.0
2021-01-05 09:36:54.291,0.074,0.0741,12.0,0.0738,10.0,8819.0,175.0
2021-01-05 09:36:55.171,0.074,0.0742,10.0,0.0736,10.0,8819.0,175.0
2021-01-05 09:36:55.651,0.074,0.0742,10.0,0.0738,12.0,8819.0,175.0
2021-01-05 09:36:56.141,0.074,0.0742,10.0,0.0738,22.0,8819.0,175.0
2021-01-05 09:36:56.691,0.074,0.0742,10.0,0.074,12.0,8819.0,175.0
2021-01-05 09:36:57.630,0.074,0.0742,10.0,0.0738,10.0,8819.0,175.0
2021-01-05 09:36:58.160,0.074,0.074,12.0,0.0739,20.0,8819.0,175.0
2021-01-05 09:36:58.610,0.074,0.074,22.0,0.0739,20.0,8819.0,175.0
2021-01-05 09:36:59.181,0.074,0.0741,10.0,0.0739,20.0,8819.0,180.0
2021-01-05 09:36:59.690,0.0741,0.0742,10.0,0.0741,4.0,8819.0,190.0
2021-01-05 09:37:00.151,0.0741,0.0743,20.0,0.0741,4.0,8819.0,190.0
2021-01-05 09:37:01.081,0.0741,0.0743,20.0,0.0741,4.0,8819.0,190.0
2021-01-05 09:37:01.640,0.0741,0.0743,20.0,0.0742,1.0,8819.0,190.0
2021-01-05 09:37:02.191,0.0742,0.0743,20.0,0.0741,4.0,8819.0,191.0
2021-01-05 09:37:02.610,0.0742,0.0743,32.0,0.0741,4.0,8819.0,191.0
2021-01-05 09:37:04.200,0.0741,0.0741,12.0,0.0739,30.0,8819.0,195.0
2021-01-05 09:37:04.690,0.0741,0.0742,20.0,0.0741,12.0,8819.0,195.0
2021-01-05 09:37:05.140,0.0741,0.0742,30.0,0.0741,12.0,8819.0,195.0
2021-01-05 09:37:05.701,0.0741,0.0742,20.0,0.0739,20.0,8819.0,200.0
2021-01-05 09:37:06.171,0.0741,0.0742,32.0,0.0739,20.0,8819.0,200.0
2021-01-05 09:37:06.700,0.0741,0.0742,42.0,0.0739,20.0,8819.0,200.0
2021-01-05 09:37:07.180,0.0741,0.0742,32.0,0.0739,20.0,8819.0,200.0
2021-01-05 09:37:07.681,0.0741,0.0742,32.0,0.0739,20.0,8819.0,200.0
2021-01-05 09:37:08.630,0.0742,0.0742,19.0,0.0739,32.0,8819.0,201.0
2021-01-05 09:37:09.660,0.0742,0.0742,19.0,0.0739,32.0,8819.0,201.0
2021-01-05 09:37:10.140,0.0742,0.0742,19.0,0.0739,20.0,8819.0,201.0
2021-01-05 09:37:10.701,0.0742,0.074,12.0,0.0739,20.0,8819.0,201.0
2021-01-05 09:37:11.201,0.0742,0.074,12.0,0.0739,20.0,8819.0,201.0
2021-01-05 09:37:12.131,0.0742,0.074,12.0,0.0739,20.0,8819.0,201.0
2021-01-05 09:37:12.131,0.0742,0.074,12.0,0.0739,20.0,8819.0,201.0
2021-01-05 09:37:13.181,0.0742,0.074,12.0,0.0739,20.0,8819.0,201.0
2021-01-05 09:37:13.681,0.0742,0.0741,12.0,0.0739,20.0,8819.0,201.0
2021-01-05 09:37:14.701,0.0742,0.0741,12.0,0.0739,20.0,8819.0,201.0
2021-01-05 09:37:15.200,0.0742,0.0742,31.0,0.0739,20.0,8819.0,201.0
2021-01-05 09:37:15.700,0.0742,0.0741,12.0,0.0739,20.0,8819.0,201.0
2021-01-05 09:37:16.201,0.0741,0.0742,19.0,0.0741,1.0,8820.0,202.0
2021-01-05 09:37:16.501,0.0741,0.0742,41.0,0.0741,1.0,8820.0,202.0
2021-01-05 09:37:17.200,0.0741,0.0741,11.0,0.0739,20.0,8820.0,203.0
2021-01-05 09:37:17.671,0.0741,0.0742,41.0,0.0739,20.0,8820.0,203.0
2021-01-05 09:37:18.061,0.0741,0.0742,41.0,0.0739,20.0,8820.0,203.0
2021-01-05 09:37:19.131,0.0741,0.0742,41.0,0.0739,20.0,8820.0,203.0
2021-01-05 09:37:19.711,0.0741,0.0742,41.0,0.0739,20.0,8820.0,203.0
2021-01-05 09:37:20.211,0.0741,0.0742,29.0,0.0739,32.0,8820.0,203.0
2021-01-05 09:37:21.200,0.0741,0.0742,41.0,0.0739,20.0,8820.0,203.0
2021-01-05 09:37:22.030,0.0741,0.0742,41.0,0.0739,20.0,8820.0,203.0
2021-01-05 09:37:23.150,0.0741,0.0741,12.0,0.0739,20.0,8820.0,203.0
2021-01-05 09:37:23.701,0.0741,0.0741,12.0,0.0739,20.0,8820.0,203.0
2021-01-05 09:37:24.080,0.0741,0.0741,12.0,0.0739,20.0,8820.0,203.0
2021-01-05 09:37:24.631,0.0741,0.0741,12.0,0.0739,20.0,8820.0,203.0
2021-01-05 09:37:25.200,0.0741,0.0742,41.0,0.0739,20.0,8820.0,203.0
2021-01-05 09:37:26.650,0.0741,0.0741,12.0,0.0739,20.0,8820.0,203.0
2021-01-05 09:37:27.130,0.0741,0.0741,12.0,0.0739,20.0,8820.0,203.0
2021-01-05 09:37:27.551,0.0741,0.0741,12.0,0.0739,20.0,8820.0,203.0
2021-01-05 09:37:28.151,0.0741,0.0741,12.0,0.0739,20.0,8820.0,203.0
2021-01-05 09:37:28.560,0.0741,0.0741,12.0,0.0739,20.0,8820.0,203.0
2021-01-05 09:37:29.130,0.0741,0.0742,41.0,0.0739,20.0,8820.0,203.0
2021-01-05 09:37:30.191,0.0741,0.074,12.0,0.0739,20.0,8820.0,203.0
2021-01-05 09:37:30.650,0.0741,0.0742,51.0,0.0739,20.0,8820.0,203.0
2021-01-05 09:37:31.190,0.0741,0.0742,29.0,0.0739,20.0,8820.0,203.0
2021-01-05 09:37:31.691,0.0741,0.0742,29.0,0.0739,32.0,8820.0,203.0
2021-01-05 09:37:33.180,0.0741,0.0742,29.0,0.0741,12.0,8820.0,203.0
2021-01-05 09:37:33.681,0.0742,0.0742,24.0,0.0741,12.0,8820.0,208.0
2021-01-05 09:37:34.200,0.0742,0.0742,10.0,0.0741,12.0,8820.0,208.0
2021-01-05 09:37:34.500,0.0742,0.0745,22.0,0.0741,12.0,8820.0,208.0
2021-01-05 09:37:35.170,0.0742,0.0743,10.0,0.0741,12.0,8820.0,208.0
2021-01-05 09:37:35.641,0.0742,0.0744,22.0,0.074,12.0,8820.0,208.0
2021-01-05 09:37:36.200,0.0742,0.0744,20.0,0.0741,12.0,8820.0,208.0
2021-01-05 09:37:36.671,0.0742,0.0744,20.0,0.0739,20.0,8820.0,208.0
2021-01-05 09:37:37.180,0.0742,0.0744,32.0,0.074,12.0,8820.0,208.0
2021-01-05 09:37:38.651,0.0742,0.0744,32.0,0.074,12.0,8820.0,208.0
2021-01-05 09:37:39.170,0.0742,0.0743,12.0,0.0739,20.0,8820.0,208.0
2021-01-05 09:37:39.700,0.0742,0.0743,12.0,0.0739,20.0,8820.0,208.0
2021-01-05 09:37:40.161,0.0742,0.0743,12.0,0.0739,20.0,8820.0,208.0
2021-01-05 09:37:41.131,0.0742,0.0743,12.0,0.0739,20.0,8820.0,208.0
2021-01-05 09:37:42.130,0.0742,0.0743,12.0,0.0739,20.0,8820.0,208.0
2021-01-05 09:37:42.691,0.0742,0.0742,20.0,0.0739,20.0,8820.0,208.0
2021-01-05 09:37:43.671,0.0742,0.0742,32.0,0.0739,20.0,8820.0,208.0
2021-01-05 09:37:44.190,0.0742,0.0742,32.0,0.0739,20.0,8820.0,208.0
2021-01-05 09:37:45.650,0.0742,0.0742,32.0,0.0739,20.0,8820.0,208.0
2021-01-05 09:37:46.601,0.0742,0.0742,32.0,0.0739,20.0,8820.0,208.0
2021-01-05 09:37:47.210,0.0742,0.0742,42.0,0.0739,20.0,8820.0,208.0
2021-01-05 09:37:47.661,0.0742,0.0742,20.0,0.0739,20.0,8820.0,208.0
2021-01-05 09:37:49.670,0.0742,0.0742,20.0,0.0739,20.0,8820.0,208.0
2021-01-05 09:37:50.220,0.0742,0.0742,20.0,0.0739,20.0,8820.0,208.0
2021-01-05 09:37:50.721,0.0742,0.0742,20.0,0.0739,20.0,8820.0,208.0
2021-01-05 09:37:51.691,0.0742,0.0742,20.0,0.074,12.0,8820.0,208.0
2021-01-05 09:37:52.191,0.0742,0.0742,20.0,0.0739,20.0,8820.0,208.0
2021-01-05 09:37:52.660,0.0742,0.0742,20.0,0.0739,32.0,8820.0,208.0
2021-01-05 09:37:53.680,0.0742,0.0742,20.0,0.074,12.0,8820.0,208.0
2021-01-05 09:37:54.170,0.0742,0.0742,20.0,0.0739,32.0,8820.0,208.0
2021-01-05 09:37:54.690,0.0742,0.0742,20.0,0.0739,32.0,8820.0,208.0
2021-01-05 09:37:56.611,0.0742,0.0742,20.0,0.0739,20.0,8820.0,208.0
2021-01-05 09:37:57.601,0.0742,0.0742,32.0,0.0739,20.0,8820.0,208.0
2021-01-05 09:37:58.141,0.0742,0.0742,20.0,0.0739,20.0,8820.0,208.0
2021-01-05 09:37:59.161,0.0742,0.0742,20.0,0.0739,20.0,8820.0,208.0
2021-01-05 09:38:00.680,0.0742,0.0742,20.0,0.0739,32.0,8820.0,208.0
2021-01-05 09:38:01.180,0.0742,0.074,20.0,0.0739,20.0,8820.0,208.0
2021-01-05 09:38:01.681,0.074,0.074,10.0,0.0739,20.0,8820.0,218.0
2021-01-05 09:38:02.181,0.074,0.0741,10.0,0.0739,20.0,8830.0,228.0
2021-01-05 09:38:02.680,0.074,0.074,20.0,0.0739,20.0,8830.0,228.0
2021-01-05 09:38:02.841,0.074,0.074,20.0,0.0739,32.0,8830.0,228.0
2021-01-05 09:38:04.190,0.074,0.074,15.0,0.0739,32.0,8835.0,233.0
2021-01-05 09:38:04.680,0.074,0.0742,10.0,0.074,7.0,8845.0,248.0
2021-01-05 09:38:05.181,0.074,0.0742,12.0,0.0739,20.0,8845.0,248.0
2021-01-05 09:38:05.681,0.074,0.0743,22.0,0.0739,32.0,8845.0,248.0
2021-01-05 09:38:06.151,0.074,0.0743,22.0,0.0739,32.0,8845.0,248.0
2021-01-05 09:38:07.200,0.074,0.0743,10.0,0.074,12.0,8845.0,248.0
2021-01-05 09:38:07.690,0.074,0.0745,23.0,0.074,12.0,8845.0,248.0
2021-01-05 09:38:08.151,0.074,0.0745,22.0,0.074,12.0,8845.0,248.0
2021-01-05 09:38:09.160,0.074,0.0744,10.0,0.0741,12.0,8845.0,248.0
2021-01-05 09:38:09.681,0.074,0.0746,22.0,0.0741,12.0,8845.0,248.0
2021-01-05 09:38:10.180,0.074,0.0745,10.0,0.0741,12.0,8845.0,248.0
2021-01-05 09:38:10.670,0.074,0.0747,22.0,0.0742,12.0,8845.0,248.0
2021-01-05 09:38:11.141,0.074,0.0747,35.0,0.0742,22.0,8845.0,248.0
2021-01-05 09:38:11.701,0.074,0.0747,45.0,0.0742,22.0,8845.0,248.0
2021-01-05 09:38:12.191,0.074,0.0745,12.0,0.0742,10.0,8845.0,248.0
2021-01-05 09:38:12.531,0.074,0.0745,12.0,0.074,10.0,8845.0,248.0
2021-01-05 09:38:13.110,0.074,0.0744,12.0,0.074,22.0,8845.0,248.0
2021-01-05 09:38:13.690,0.074,0.0744,12.0,0.074,12.0,8845.0,248.0
2021-01-05 09:38:14.141,0.074,0.0744,12.0,0.0739,30.0,8845.0,248.0
2021-01-05 09:38:14.691,0.074,0.0744,12.0,0.0739,33.0,8845.0,248.0
2021-01-05 09:38:15.150,0.074,0.0744,12.0,0.074,12.0,8845.0,248.0
2021-01-05 09:38:15.730,0.0744,0.0744,7.0,0.074,13.0,8845.0,253.0
2021-01-05 09:38:16.151,0.0744,0.0745,12.0,0.074,23.0,8845.0,253.0
2021-01-05 09:38:16.731,0.0744,0.0746,12.0,0.0742,12.0,8845.0,253.0
2021-01-05 09:38:17.190,0.0744,0.0746,12.0,0.0742,12.0,8845.0,253.0
2021-01-05 09:38:17.701,0.0744,0.0746,12.0,0.0742,12.0,8845.0,253.0
2021-01-05 09:38:19.230,0.0744,0.0747,22.0,0.0743,12.0,8845.0,253.0
2021-01-05 09:38:19.670,0.0744,0.0747,10.0,0.0743,12.0,8845.0,253.0
2021-01-05 09:38:20.231,0.0744,0.0748,12.0,0.0744,12.0,8845.0,253.0
2021-01-05 09:38:20.671,0.0744,0.0748,22.0,0.0744,12.0,8845.0,253.0
2021-01-05 09:38:21.240,0.0744,0.0748,22.0,0.0744,12.0,8845.0,253.0
2021-01-05 09:38:21.670,0.0744,0.0748,10.0,0.0744,12.0,8845.0,253.0
2021-01-05 09:38:22.210,0.0744,0.0751,10.0,0.0746,20.0,8845.0,253.0
2021-01-05 09:38:22.661,0.0744,0.075,12.0,0.0746,20.0,8845.0,253.0
2021-01-05 09:38:23.201,0.0744,0.0751,12.0,0.0746,32.0,8845.0,253.0
2021-01-05 09:38:24.671,0.0744,0.0752,32.0,0.0747,12.0,8845.0,253.0
2021-01-05 09:38:25.101,0.0744,0.0752,35.0,0.0747,12.0,8845.0,253.0
2021-01-05 09:38:26.100,0.0744,0.0752,10.0,0.0751,5.0,8845.0,253.0
2021-01-05 09:38:26.701,0.0751,0.0751,12.0,0.0746,40.0,8845.0,258.0
2021-01-05 09:38:27.151,0.0751,0.0751,10.0,0.0748,12.0,8845.0,258.0
2021-01-05 09:38:27.691,0.0751,0.0751,10.0,0.0747,12.0,8845.0,258.0
2021-01-05 09:38:28.171,0.0751,0.0751,22.0,0.0746,32.0,8845.0,258.0
2021-01-05 09:38:28.680,0.0751,0.0751,12.0,0.0746,32.0,8845.0,258.0
2021-01-05 09:38:30.190,0.0751,0.0751,12.0,0.0746,32.0,8845.0,258.0
2021-01-05 09:38:30.670,0.0751,0.0753,20.0,0.0748,12.0,8845.0,258.0
2021-01-05 09:38:31.181,0.0751,0.0753,10.0,0.0748,12.0,8845.0,258.0
2021-01-05 09:38:31.640,0.0751,0.0754,10.0,0.0749,12.0,8845.0,258.0
2021-01-05 09:38:32.090,0.0751,0.0754,10.0,0.0749,12.0,8845.0,258.0
2021-01-05 09:38:32.701,0.0751,0.0752,12.0,0.0749,20.0,8845.0,258.0
2021-01-05 09:38:33.191,0.0751,0.0752,12.0,0.0749,20.0,8845.0,258.0
2021-01-05 09:38:33.700,0.0752,0.0754,10.0,0.0747,10.0,8845.0,270.0
2021-01-05 09:38:34.201,0.0752,0.0754,10.0,0.0747,23.0,8845.0,270.0
2021-01-05 09:38:35.200,0.0752,0.0755,11.0,0.0749,42.0,8845.0,270.0
2021-01-05 09:38:35.621,0.0751,0.0755,11.0,0.0751,11.0,8844.0,271.0
2021-01-05 09:38:36.130,0.0751,0.0755,11.0,0.0751,22.0,8844.0,271.0
2021-01-05 09:38:36.691,0.0755,0.0755,12.0,0.0754,10.0,8855.0,282.0
2021-01-05 09:38:37.160,0.0755,0.0756,12.0,0.0754,10.0,8855.0,282.0
2021-01-05 09:38:37.680,0.0755,0.0757,12.0,0.0755,20.0,8855.0,282.0
2021-01-05 09:38:38.161,0.0755,0.0757,12.0,0.0755,20.0,8855.0,282.0
2021-01-05 09:38:38.660,0.0755,0.0759,12.0,0.0755,20.0,8855.0,282.0
2021-01-05 09:38:39.161,0.0755,0.0758,12.0,0.0755,40.0,8855.0,282.0
2021-01-05 09:38:39.661,0.0755,0.0759,12.0,0.0755,40.0,8855.0,282.0
2021-01-05 09:38:40.201,0.0755,0.076,12.0,0.0755,52.0,8855.0,282.0
2021-01-05 09:38:40.591,0.0755,0.076,12.0,0.0755,55.0,8855.0,282.0
2021-01-05 09:38:41.190,0.0755,0.0761,22.0,0.0756,12.0,8855.0,282.0
2021-01-05 09:38:41.670,0.0755,0.0761,10.0,0.0756,10.0,8855.0,282.0
2021-01-05 09:38:42.191,0.0755,0.076,12.0,0.0756,10.0,8855.0,282.0
2021-01-05 09:38:42.700,0.0755,0.076,12.0,0.0755,55.0,8855.0,282.0
2021-01-05 09:38:43.190,0.0755,0.0761,12.0,0.0755,53.0,8855.0,282.0
2021-01-05 09:38:43.701,0.0755,0.0763,12.0,0.0755,50.0,8855.0,282.0
2021-01-05 09:38:44.191,0.0755,0.0762,12.0,0.0757,12.0,8855.0,282.0
2021-01-05 09:38:44.621,0.0755,0.0763,12.0,0.0757,10.0,8855.0,282.0
2021-01-05 09:38:45.201,0.0755,0.0763,12.0,0.076,5.0,8855.0,282.0
2021-01-05 09:38:45.480,0.076,0.0763,12.0,0.0759,10.0,8855.0,287.0
2021-01-05 09:38:46.200,0.076,0.0763,12.0,0.0759,10.0,8855.0,287.0
2021-01-05 09:38:46.210,0.076,0.0763,12.0,0.0758,10.0,8855.0,287.0
2021-01-05 09:38:47.140,0.076,0.0763,12.0,0.0758,10.0,8855.0,287.0
2021-01-05 09:38:47.691,0.076,0.0763,12.0,0.0758,10.0,8855.0,287.0
2021-01-05 09:38:48.200,0.076,0.0763,12.0,0.0758,10.0,8855.0,287.0
2021-01-05 09:38:49.130,0.076,0.0763,12.0,0.0758,10.0,8855.0,287.0
2021-01-05 09:38:49.691,0.076,0.0763,12.0,0.0758,10.0,8855.0,287.0
2021-01-05 09:38:50.091,0.076,0.0763,12.0,0.0758,10.0,8855.0,287.0
2021-01-05 09:38:50.651,0.076,0.0763,12.0,0.0758,23.0,8855.0,287.0
2021-01-05 09:38:51.170,0.076,0.0763,12.0,0.0758,13.0,8855.0,287.0
2021-01-05 09:38:51.691,0.076,0.0765,31.0,0.076,12.0,8855.0,287.0
2021-01-05 09:38:52.140,0.076,0.0765,21.0,0.076,22.0,8855.0,287.0
2021-01-05 09:38:52.630,0.076,0.0763,12.0,0.076,10.0,8855.0,287.0
2021-01-05 09:38:53.191,0.076,0.0763,12.0,0.0762,20.0,8855.0,287.0
2021-01-05 09:38:54.200,0.076,0.0764,12.0,0.0762,20.0,8855.0,287.0
2021-01-05 09:38:54.690,0.076,0.0765,21.0,0.0763,20.0,8855.0,287.0
2021-01-05 09:38:55.191,0.076,0.0765,21.0,0.0763,30.0,8855.0,287.0
2021-01-05 09:38:55.650,0.076,0.0765,21.0,0.0763,20.0,8855.0,287.0
2021-01-05 09:38:56.190,0.076,0.0765,21.0,0.0763,42.0,8855.0,287.0
2021-01-05 09:38:56.661,0.076,0.0765,21.0,0.0763,42.0,8855.0,287.0
2021-01-05 09:38:57.200,0.076,0.0765,21.0,0.0763,30.0,8855.0,287.0
2021-01-05 09:38:57.640,0.076,0.0765,21.0,0.0763,30.0,8855.0,287.0
2021-01-05 09:38:58.161,0.076,0.0765,21.0,0.0763,30.0,8855.0,287.0
2021-01-05 09:38:58.670,0.0765,0.0765,16.0,0.0764,4.0,8855.0,292.0
2021-01-05 09:38:59.060,0.0763,0.0765,10.0,0.0764,10.0,8855.0,300.0
2021-01-05 09:38:59.700,0.0763,0.0765,10.0,0.0764,10.0,8855.0,300.0
2021-01-05 09:39:00.660,0.0763,0.0765,10.0,0.0764,10.0,8855.0,300.0
2021-01-05 09:39:02.660,0.0763,0.0765,10.0,0.0764,10.0,8855.0,300.0
2021-01-05 09:39:03.150,0.0763,0.0765,10.0,0.0764,10.0,8855.0,300.0
2021-01-05 09:39:04.161,0.0763,0.0765,22.0,0.0764,10.0,8855.0,300.0
2021-01-05 09:39:05.211,0.0763,0.0765,10.0,0.0764,10.0,8855.0,300.0
2021-01-05 09:39:07.200,0.0765,0.0766,10.0,0.0764,30.0,8865.0,310.0
2021-01-05 09:39:07.680,0.0765,0.0767,12.0,0.0764,30.0,8865.0,310.0
2021-01-05 09:39:08.131,0.0765,0.0767,10.0,0.0764,30.0,8865.0,310.0
2021-01-05 09:39:08.690,0.0765,0.0767,12.0,0.0764,10.0,8865.0,310.0
2021-01-05 09:39:09.161,0.0765,0.0767,10.0,0.0764,10.0,8865.0,310.0
2021-01-05 09:39:09.601,0.0765,0.0768,12.0,0.0764,10.0,8865.0,310.0
2021-01-05 09:39:10.191,0.0765,0.0768,22.0,0.0764,10.0,8865.0,310.0
2021-01-05 09:39:11.201,0.0765,0.0768,10.0,0.0767,5.0,8865.0,310.0
2021-01-05 09:39:11.701,0.0767,0.077,12.0,0.0767,4.0,8865.0,311.0
2021-01-05 09:39:12.220,0.0767,0.077,22.0,0.0767,14.0,8865.0,311.0
2021-01-05 09:39:12.690,0.0767,0.077,22.0,0.0767,14.0,8865.0,311.0
2021-01-05 09:39:13.720,0.0767,0.0769,12.0,0.0767,14.0,8865.0,311.0
2021-01-05 09:39:14.160,0.0767,0.0769,12.0,0.0767,4.0,8865.0,311.0
2021-01-05 09:39:15.720,0.0767,0.0769,12.0,0.0767,4.0,8865.0,311.0
2021-01-05 09:39:16.721,0.0767,0.077,22.0,0.0767,4.0,8865.0,311.0
2021-01-05 09:39:17.650,0.0767,0.077,22.0,0.0767,14.0,8865.0,311.0
2021-01-05 09:39:18.221,0.0767,0.0769,12.0,0.0767,4.0,8865.0,311.0
2021-01-05 09:39:18.671,0.0767,0.0769,12.0,0.0767,4.0,8865.0,311.0
2021-01-05 09:39:19.710,0.0767,0.0769,12.0,0.0767,4.0,8865.0,311.0
2021-01-05 09:39:20.741,0.0767,0.077,22.0,0.0767,4.0,8865.0,311.0
2021-01-05 09:39:21.231,0.0767,0.0769,12.0,0.0767,14.0,8865.0,311.0
2021-01-05 09:39:21.671,0.0767,0.077,10.0,0.0767,14.0,8865.0,311.0
2021-01-05 09:39:22.211,0.0767,0.0771,12.0,0.0767,14.0,8865.0,311.0
2021-01-05 09:39:22.651,0.0767,0.0771,10.0,0.0767,26.0,8865.0,311.0
2021-01-05 09:39:23.200,0.077,0.0769,4.0,0.0767,14.0,8865.0,331.0
2021-01-05 09:39:23.700,0.077,0.077,10.0,0.0769,12.0,8865.0,331.0
2021-01-05 09:39:24.151,0.077,0.0774,10.0,0.077,12.0,8865.0,331.0
2021-01-05 09:39:25.210,0.077,0.0775,24.0,0.0771,12.0,8865.0,331.0
2021-01-05 09:39:25.700,0.0771,0.0775,24.0,0.077,10.0,8865.0,336.0
2021-01-05 09:39:26.130,0.0771,0.0775,36.0,0.077,22.0,8865.0,336.0
2021-01-05 09:39:26.681,0.0771,0.0774,12.0,0.077,10.0,8865.0,336.0
2021-01-05 09:39:27.210,0.0771,0.0774,12.0,0.0769,10.0,8865.0,336.0
2021-01-05 09:39:29.721,0.0771,0.0774,10.0,0.0769,10.0,8865.0,336.0
2021-01-05 09:39:29.970,0.0771,0.0773,12.0,0.0769,10.0,8865.0,336.0
2021-01-05 09:39:30.721,0.0771,0.0772,12.0,0.0768,20.0,8865.0,336.0
2021-01-05 09:39:31.121,0.0771,0.0771,12.0,0.0768,20.0,8865.0,336.0
2021-01-05 09:39:31.701,0.0771,0.0772,10.0,0.0768,32.0,8865.0,336.0
2021-01-05 09:39:32.700,0.0771,0.0774,22.0,0.0769,12.0,8865.0,336.0
2021-01-05 09:39:33.180,0.0771,0.0774,35.0,0.0769,12.0,8865.0,336.0
2021-01-05 09:39:33.530,0.0771,0.0774,23.0,0.0773,20.0,8865.0,336.0
2021-01-05 09:39:33.820,0.0773,0.0775,33.0,0.0773,8.0,8865.0,348.0
2021-01-05 09:39:34.681,0.0773,0.0775,33.0,0.0773,3.0,8865.0,353.0
2021-01-05 09:39:35.171,0.0773,0.0775,33.0,0.077,12.0,8865.0,356.0
2021-01-05 09:39:35.701,0.0773,0.0773,12.0,0.0769,20.0,8865.0,356.0
2021-01-05 09:39:36.231,0.0773,0.0774,22.0,0.0769,32.0,8865.0,356.0
2021-01-05 09:39:37.221,0.0773,0.0772,12.0,0.0769,20.0,8865.0,356.0
2021-01-05 09:39:37.730,0.0773,0.0772,12.0,0.0766,12.0,8865.0,356.0
2021-01-05 09:39:38.221,0.0773,0.0772,22.0,0.0766,12.0,8865.0,356.0
2021-01-05 09:39:40.200,0.0773,0.0772,22.0,0.0766,12.0,8865.0,356.0
2021-01-05 09:39:41.220,0.0773,0.0769,1.0,0.0765,12.0,8865.0,356.0
2021-01-05 09:39:41.750,0.0773,0.0769,1.0,0.0766,12.0,8865.0,356.0
2021-01-05 09:39:42.210,0.0773,0.0769,1.0,0.0764,10.0,8865.0,356.0
2021-01-05 09:39:42.740,0.0773,0.0767,12.0,0.0764,13.0,8865.0,356.0
2021-01-05 09:39:43.191,0.0773,0.0767,12.0,0.0762,22.0,8865.0,356.0
2021-01-05 09:39:43.570,0.0773,0.0767,12.0,0.0763,13.0,8865.0,356.0
2021-01-05 09:39:44.231,0.0773,0.0767,22.0,0.0763,13.0,8865.0,356.0
2021-01-05 09:39:44.680,0.0773,0.0767,22.0,0.0762,22.0,8865.0,356.0
2021-01-05 09:39:45.251,0.0773,0.0767,12.0,0.0762,22.0,8865.0,356.0
2021-01-05 09:39:45.750,0.0773,0.0766,12.0,0.0762,10.0,8865.0,356.0
2021-01-05 09:39:46.190,0.0766,0.0767,10.0,0.0762,13.0,8865.0,361.0
2021-01-05 09:39:46.711,0.0766,0.0769,11.0,0.0764,12.0,8865.0,361.0
2021-01-05 09:39:47.250,0.0766,0.0769,1.0,0.0764,12.0,8865.0,361.0
2021-01-05 09:39:47.710,0.0766,0.0767,12.0,0.0762,30.0,8865.0,361.0
2021-01-05 09:39:48.221,0.0766,0.0767,12.0,0.0763,13.0,8865.0,361.0
2021-01-05 09:39:49.241,0.0766,0.0767,12.0,0.0763,13.0,8865.0,361.0
2021-01-05 09:39:49.711,0.0767,0.0766,12.0,0.0762,20.0,8865.0,366.0
2021-01-05 09:39:50.061,0.0766,0.0767,12.0,0.0762,45.0,8865.0,367.0
2021-01-05 09:39:50.710,0.0766,0.0769,11.0,0.0763,12.0,8865.0,367.0
2021-01-05 09:39:51.241,0.0766,0.0769,11.0,0.0762,10.0,8865.0,367.0
2021-01-05 09:39:51.730,0.0766,0.0769,23.0,0.0763,25.0,8865.0,367.0
2021-01-05 09:39:52.180,0.0769,0.0769,10.0,0.0763,13.0,8876.0,378.0
2021-01-05 09:39:52.670,0.0769,0.0769,10.0,0.0765,12.0,8876.0,378.0
2021-01-05 09:39:53.181,0.0769,0.077,10.0,0.0765,32.0,8876.0,378.0
2021-01-05 09:39:53.600,0.0765,0.0771,10.0,0.0767,12.0,8876.0,383.0
2021-01-05 09:39:54.191,0.0767,0.0769,12.0,0.0765,20.0,8876.0,393.0
2021-01-05 09:39:54.191,0.0767,0.0769,22.0,0.0765,20.0,8876.0,393.0
2021-01-05 09:39:55.181,0.0767,0.0767,12.0,0.0763,10.0,8876.0,393.0
2021-01-05 09:39:55.640,0.0767,0.0767,22.0,0.0764,13.0,8876.0,393.0
2021-01-05 09:39:56.120,0.0767,0.0769,22.0,0.0764,33.0,8876.0,398.0
2021-01-05 09:39:56.691,0.0767,0.0769,12.0,0.0764,33.0,8876.0,398.0
2021-01-05 09:39:57.181,0.0767,0.0769,12.0,0.0764,13.0,8876.0,398.0
2021-01-05 09:39:57.580,0.0767,0.0769,12.0,0.0764,13.0,8876.0,398.0
2021-01-05 09:39:58.201,0.0767,0.077,10.0,0.0762,10.0,8876.0,398.0
2021-01-05 09:39:58.600,0.0767,0.0769,12.0,0.0763,12.0,8876.0,398.0
2021-01-05 09:39:59.061,0.0767,0.0769,22.0,0.0763,12.0,8876.0,398.0
2021-01-05 09:40:00.201,0.0769,0.0769,19.0,0.0763,12.0,8879.0,401.0
2021-01-05 09:40:00.631,0.0769,0.0769,22.0,0.0764,12.0,8879.0,401.0
2021-01-05 09:40:01.201,0.0769,0.0769,10.0,0.0763,12.0,8879.0,401.0
2021-01-05 09:40:01.551,0.0769,0.0769,22.0,0.0763,12.0,8879.0,401.0
2021-01-05 09:40:02.200,0.0769,0.0769,22.0,0.0763,12.0,8879.0,401.0
2021-01-05 09:40:02.671,0.0769,0.0769,22.0,0.0763,12.0,8879.0,401.0
2021-01-05 09:40:04.160,0.0769,0.0769,10.0,0.0763,12.0,8879.0,401.0
2021-01-05 09:40:05.170,0.0769,0.0769,10.0,0.0763,12.0,8879.0,401.0
2021-01-05 09:40:05.701,0.0769,0.0769,22.0,0.0764,12.0,8879.0,401.0
2021-01-05 09:40:06.200,0.0769,0.0768,12.0,0.0763,12.0,8879.0,401.0
2021-01-05 09:40:06.701,0.0769,0.0768,22.0,0.0763,12.0,8879.0,401.0
2021-01-05 09:40:07.191,0.0769,0.0768,10.0,0.0763,12.0,8879.0,401.0
2021-01-05 09:40:08.200,0.0768,0.0768,10.0,0.0763,12.0,8879.0,405.0
2021-01-05 09:40:08.690,0.0768,0.0768,22.0,0.0763,12.0,8879.0,405.0
2021-01-05 09:40:09.191,0.0768,0.0767,12.0,0.0762,12.0,8879.0,405.0
2021-01-05 09:40:09.691,0.0768,0.0767,22.0,0.0762,12.0,8879.0,405.0
2021-01-05 09:40:09.900,0.0768,0.0767,10.0,0.076,10.0,8879.0,405.0
2021-01-05 09:40:10.680,0.0768,0.0767,10.0,0.0762,12.0,8879.0,405.0
2021-01-05 09:40:11.170,0.0768,0.0767,10.0,0.0763,12.0,8879.0,405.0
2021-01-05 09:40:12.190,0.0768,0.0767,10.0,0.0763,12.0,8879.0,405.0
2021-01-05 09:40:12.680,0.0768,0.0767,10.0,0.0761,10.0,8879.0,405.0
2021-01-05 09:40:13.131,0.0768,0.0767,10.0,0.076,10.0,8879.0,405.0
2021-01-05 09:40:13.700,0.0768,0.0767,22.0,0.0762,12.0,8879.0,405.0
2021-01-05 09:40:14.150,0.0768,0.0768,10.0,0.0762,12.0,8879.0,405.0
2021-01-05 09:40:14.701,0.0768,0.0767,12.0,0.0762,12.0,8879.0,405.0
2021-01-05 09:40:16.140,0.0768,0.0767,22.0,0.0762,12.0,8879.0,405.0
2021-01-05 09:40:17.661,0.0768,0.0767,22.0,0.0762,12.0,8879.0,405.0
2021-01-05 09:40:18.120,0.0768,0.0767,22.0,0.0762,12.0,8879.0,405.0
2021-01-05 09:40:18.460,0.0768,0.0766,12.0,0.076,12.0,8879.0,405.0
2021-01-05 09:40:19.190,0.0768,0.0766,22.0,0.076,12.0,8879.0,405.0
2021-01-05 09:40:20.191,0.0768,0.0766,10.0,0.076,12.0,8879.0,405.0
2021-01-05 09:40:20.691,0.0768,0.0768,10.0,0.076,22.0,8879.0,405.0
2021-01-05 09:40:21.200,0.0768,0.0768,10.0,0.0762,12.0,8879.0,405.0
2021-01-05 09:40:21.701,0.0768,0.0766,12.0,0.0761,42.0,8879.0,405.0
2021-01-05 09:40:22.210,0.0768,0.0766,12.0,0.0761,32.0,8879.0,405.0
2021-01-05 09:40:23.701,0.0768,0.0766,22.0,0.0761,32.0,8879.0,405.0
2021-01-05 09:40:25.121,0.0768,0.0766,22.0,0.0761,32.0,8879.0,405.0
2021-01-05 09:40:27.140,0.0768,0.0766,22.0,0.0761,32.0,8879.0,405.0
2021-01-05 09:40:27.701,0.0768,0.0766,10.0,0.0762,12.0,8879.0,405.0
2021-01-05 09:40:28.200,0.0768,0.0767,10.0,0.0762,12.0,8879.0,405.0
2021-01-05 09:40:29.170,0.0768,0.0765,12.0,0.0761,30.0,8879.0,405.0
2021-01-05 09:40:29.681,0.0768,0.0765,12.0,0.0761,20.0,8879.0,405.0
2021-01-05 09:40:31.101,0.0768,0.0765,12.0,0.0761,20.0,8879.0,405.0
2021-01-05 09:40:32.611,0.0768,0.0766,10.0,0.0761,20.0,8879.0,405.0
2021-01-05 09:40:33.191,0.0768,0.0767,12.0,0.0762,12.0,8879.0,405.0
2021-01-05 09:40:33.681,0.0768,0.0767,12.0,0.0762,22.0,8879.0,405.0
2021-01-05 09:40:34.171,0.0768,0.0767,12.0,0.0762,22.0,8879.0,405.0
2021-01-05 09:40:34.601,0.0768,0.0769,22.0,0.0763,12.0,8879.0,405.0
2021-01-05 09:40:35.201,0.0768,0.0769,12.0,0.0763,22.0,8879.0,405.0
2021-01-05 09:40:36.161,0.0768,0.0769,12.0,0.0764,12.0,8879.0,405.0
2021-01-05 09:40:36.620,0.0768,0.0769,12.0,0.0764,22.0,8879.0,405.0
2021-01-05 09:40:37.201,0.0768,0.0769,12.0,0.0764,12.0,8879.0,405.0
2021-01-05 09:40:37.700,0.0768,0.0771,22.0,0.0765,12.0,8879.0,405.0
2021-01-05 09:40:38.130,0.0768,0.0772,10.0,0.0764,10.0,8879.0,405.0
2021-01-05 09:40:38.651,0.0768,0.077,12.0,0.0764,10.0,8879.0,405.0
2021-01-05 09:40:39.041,0.0768,0.0769,12.0,0.0764,22.0,8879.0,405.0
2021-01-05 09:40:40.151,0.0768,0.0769,12.0,0.0764,12.0,8879.0,405.0
2021-01-05 09:40:40.670,0.0768,0.0769,12.0,0.0764,12.0,8879.0,405.0
2021-01-05 09:40:41.191,0.0768,0.0769,12.0,0.0764,12.0,8879.0,405.0
2021-01-05 09:40:41.661,0.0768,0.0769,12.0,0.0763,22.0,8879.0,405.0
2021-01-05 09:40:42.201,0.0768,0.0771,10.0,0.0763,10.0,8879.0,405.0
2021-01-05 09:40:42.601,0.0768,0.077,12.0,0.0764,12.0,8879.0,405.0
2021-01-05 09:40:43.191,0.0768,0.077,12.0,0.0764,22.0,8879.0,405.0
2021-01-05 09:40:43.621,0.0768,0.077,10.0,0.0762,10.0,8879.0,405.0
2021-01-05 09:40:44.161,0.0768,0.077,10.0,0.0762,23.0,8879.0,405.0
2021-01-05 09:40:45.131,0.0768,0.0768,12.0,0.0762,13.0,8879.0,405.0
2021-01-05 09:40:45.621,0.0768,0.0767,12.0,0.0762,23.0,8879.0,405.0
2021-01-05 09:40:46.161,0.0768,0.0767,12.0,0.0762,23.0,8879.0,405.0
2021-01-05 09:40:46.581,0.0768,0.0766,12.0,0.0762,23.0,8879.0,405.0
2021-01-05 09:40:48.160,0.0768,0.0766,12.0,0.0762,10.0,8879.0,405.0
2021-01-05 09:40:48.700,0.0768,0.0766,12.0,0.0763,20.0,8879.0,405.0
2021-01-05 09:40:49.111,0.0768,0.0766,12.0,0.0761,22.0,8879.0,405.0
2021-01-05 09:40:49.640,0.0768,0.0766,22.0,0.0762,13.0,8879.0,405.0
2021-01-05 09:40:50.671,0.0768,0.0766,12.0,0.0761,12.0,8879.0,405.0
2021-01-05 09:40:51.021,0.0768,0.0765,12.0,0.0759,10.0,8879.0,405.0
2021-01-05 09:40:51.601,0.0768,0.0764,12.0,0.0759,25.0,8879.0,405.0
2021-01-05 09:40:52.081,0.0764,0.0764,12.0,0.0759,13.0,8879.0,410.0
2021-01-05 09:40:52.650,0.0764,0.0765,10.0,0.076,12.0,8879.0,410.0
2021-01-05 09:40:53.180,0.0764,0.0766,22.0,0.076,12.0,8879.0,410.0
2021-01-05 09:40:53.651,0.0764,0.0766,22.0,0.076,12.0,8879.0,410.0
2021-01-05 09:40:54.141,0.0764,0.0766,22.0,0.076,12.0,8879.0,410.0
2021-01-05 09:40:54.661,0.0764,0.0766,10.0,0.0761,12.0,8879.0,410.0
2021-01-05 09:40:55.111,0.0764,0.0766,10.0,0.076,13.0,8879.0,410.0
2021-01-05 09:40:55.240,0.0764,0.0766,10.0,0.0759,10.0,8879.0,410.0
2021-01-05 09:40:56.121,0.0764,0.0765,12.0,0.076,13.0,8879.0,410.0
2021-01-05 09:40:56.711,0.0764,0.0766,10.0,0.0762,12.0,8879.0,410.0
2021-01-05 09:40:57.180,0.0764,0.0767,10.0,0.0762,12.0,8879.0,410.0
2021-01-05 09:40:57.701,0.0764,0.0766,12.0,0.0762,23.0,8879.0,410.0
2021-01-05 09:40:58.200,0.0764,0.0766,22.0,0.0761,10.0,8879.0,410.0
2021-01-05 09:40:58.721,0.0764,0.0766,12.0,0.0761,23.0,8879.0,410.0
2021-01-05 09:40:58.980,0.0764,0.0767,10.0,0.0762,12.0,8879.0,410.0
2021-01-05 09:41:02.190,0.0764,0.0767,10.0,0.0762,12.0,8879.0,410.0
2021-01-05 09:41:02.661,0.0764,0.0767,10.0,0.0762,25.0,8879.0,410.0
2021-01-05 09:41:04.180,0.0764,0.0767,10.0,0.0763,12.0,8879.0,410.0
2021-01-05 09:41:04.680,0.0764,0.0768,10.0,0.0763,12.0,8879.0,410.0
2021-01-05 09:41:05.220,0.0764,0.0768,22.0,0.0762,22.0,8879.0,410.0
2021-01-05 09:41:06.710,0.0764,0.0768,10.0,0.0763,12.0,8879.0,410.0
2021-01-05 09:41:07.100,0.0764,0.0767,12.0,0.0763,10.0,8879.0,410.0
2021-01-05 09:41:07.611,0.0764,0.0767,22.0,0.0762,22.0,8879.0,410.0
2021-01-05 09:41:08.201,0.0764,0.0767,22.0,0.0762,35.0,8879.0,410.0
2021-01-05 09:41:08.701,0.0764,0.0767,10.0,0.0762,30.0,8879.0,410.0
2021-01-05 09:41:09.210,0.0764,0.0767,10.0,0.0763,12.0,8879.0,410.0
2021-01-05 09:41:09.661,0.0764,0.0768,10.0,0.0764,12.0,8879.0,410.0
2021-01-05 09:41:10.220,0.0764,0.0768,10.0,0.0764,12.0,8879.0,410.0
2021-01-05 09:41:10.710,0.0764,0.0768,10.0,0.0764,32.0,8879.0,410.0
2021-01-05 09:41:11.711,0.0764,0.0768,22.0,0.0764,20.0,8879.0,410.0
2021-01-05 09:41:12.710,0.0764,0.0768,10.0,0.0764,32.0,8879.0,410.0
2021-01-05 09:41:13.711,0.0764,0.0768,10.0,0.0764,12.0,8879.0,410.0
2021-01-05 09:41:14.160,0.0764,0.0768,10.0,0.0762,10.0,8879.0,410.0
2021-01-05 09:41:15.180,0.0764,0.0767,22.0,0.0762,12.0,8879.0,410.0
2021-01-05 09:41:15.601,0.0764,0.0766,12.0,0.0761,42.0,8879.0,410.0
2021-01-05 09:41:16.210,0.0764,0.0766,22.0,0.0761,42.0,8879.0,410.0
2021-01-05 09:41:16.500,0.0764,0.0766,10.0,0.0762,12.0,8879.0,410.0
2021-01-05 09:41:17.670,0.0764,0.0767,22.0,0.0762,12.0,8879.0,410.0
2021-01-05 09:41:18.141,0.0764,0.0767,22.0,0.0762,12.0,8879.0,410.0
2021-01-05 09:41:18.661,0.0764,0.0767,10.0,0.0763,12.0,8879.0,410.0
2021-01-05 09:41:19.161,0.0764,0.0767,10.0,0.0763,12.0,8879.0,410.0
2021-01-05 09:41:19.601,0.0764,0.0767,10.0,0.0763,12.0,8879.0,410.0
2021-01-05 09:41:20.721,0.0764,0.0767,10.0,0.0763,22.0,8879.0,410.0
2021-01-05 09:41:21.190,0.0764,0.0767,10.0,0.0763,12.0,8879.0,410.0
2021-01-05 09:41:22.700,0.0764,0.0767,10.0,0.0763,12.0,8879.0,410.0
2021-01-05 09:41:23.061,0.0764,0.0768,10.0,0.0763,12.0,8879.0,410.0
2021-01-05 09:41:24.171,0.0764,0.0768,22.0,0.0762,22.0,8879.0,410.0
2021-01-05 09:41:24.651,0.0764,0.0768,22.0,0.0763,20.0,8879.0,410.0
2021-01-05 09:41:25.120,0.0764,0.0768,10.0,0.0763,32.0,8879.0,410.0
2021-01-05 09:41:26.190,0.0764,0.0768,10.0,0.0763,42.0,8879.0,410.0
2021-01-05 09:41:26.670,0.0764,0.0768,10.0,0.0763,32.0,8879.0,410.0
2021-01-05 09:41:27.710,0.0764,0.0768,10.0,0.0765,12.0,8879.0,410.0
2021-01-05 09:41:28.171,0.0764,0.0766,12.0,0.0763,30.0,8879.0,410.0
2021-01-05 09:41:28.540,0.0764,0.0767,10.0,0.0763,32.0,8879.0,410.0
2021-01-05 09:41:29.001,0.0764,0.0768,10.0,0.0764,12.0,8879.0,410.0
2021-01-05 09:41:29.690,0.0764,0.0769,10.0,0.0763,30.0,8879.0,410.0
2021-01-05 09:41:30.180,0.0764,0.0766,12.0,0.0763,20.0,8879.0,410.0
2021-01-05 09:41:30.670,0.0766,0.0769,10.0,0.0763,20.0,8879.0,415.0
2021-01-05 09:41:31.181,0.0766,0.0769,22.0,0.0763,32.0,8879.0,415.0
2021-01-05 09:41:31.700,0.0766,0.0769,22.0,0.0763,42.0,8879.0,415.0
2021-01-05 09:41:32.220,0.0766,0.0769,12.0,0.0763,42.0,8879.0,415.0
2021-01-05 09:41:32.670,0.0766,0.0768,12.0,0.0763,30.0,8879.0,415.0
2021-01-05 09:41:33.171,0.0766,0.0769,22.0,0.0764,12.0,8879.0,415.0
2021-01-05 09:41:33.680,0.0766,0.0768,12.0,0.0763,30.0,8879.0,415.0
2021-01-05 09:41:34.120,0.0766,0.0768,12.0,0.0763,20.0,8879.0,415.0
2021-01-05 09:41:35.221,0.0766,0.0769,22.0,0.0763,32.0,8879.0,415.0
2021-01-05 09:41:35.721,0.0766,0.0769,22.0,0.0763,42.0,8879.0,415.0
2021-01-05 09:41:36.070,0.0766,0.0769,22.0,0.0763,32.0,8879.0,415.0
2021-01-05 09:41:36.720,0.0766,0.0769,10.0,0.0764,12.0,8879.0,415.0
2021-01-05 09:41:37.210,0.0766,0.0767,12.0,0.0764,10.0,8879.0,415.0
2021-01-05 09:41:37.711,0.0767,0.0768,10.0,0.0763,30.0,8890.0,427.0
2021-01-05 09:41:38.710,0.0767,0.0768,10.0,0.0765,12.0,8890.0,427.0
2021-01-05 09:41:39.221,0.0767,0.0769,10.0,0.0765,32.0,8890.0,427.0
2021-01-05 09:41:39.521,0.0767,0.0769,23.0,0.0767,12.0,8890.0,427.0
2021-01-05 09:41:40.721,0.0767,0.0769,13.0,0.0767,12.0,8890.0,427.0
2021-01-05 09:41:41.130,0.0767,0.0769,13.0,0.0767,12.0,8890.0,427.0
2021-01-05 09:41:41.730,0.0767,0.0769,13.0,0.0767,12.0,8890.0,427.0
2021-01-05 09:41:42.101,0.0769,0.0769,1.0,0.0765,20.0,8890.0,441.0
2021-01-05 09:41:42.690,0.0769,0.077,10.0,0.0766,12.0,8890.0,447.0
2021-01-05 09:41:43.080,0.0769,0.0768,12.0,0.0764,10.0,8890.0,447.0
2021-01-05 09:41:43.720,0.0769,0.0768,12.0,0.0763,30.0,8890.0,447.0
2021-01-05 09:41:44.220,0.0769,0.0768,35.0,0.0763,20.0,8890.0,447.0
2021-01-05 09:41:44.671,0.0769,0.0768,22.0,0.0763,20.0,8890.0,447.0
2021-01-05 09:41:45.190,0.0769,0.0768,22.0,0.0763,30.0,8890.0,447.0
2021-01-05 09:41:45.701,0.0769,0.0768,22.0,0.0763,20.0,8890.0,447.0
2021-01-05 09:41:46.241,0.0769,0.0768,22.0,0.0763,30.0,8890.0,447.0
2021-01-05 09:41:47.201,0.0769,0.0768,10.0,0.0764,12.0,8890.0,447.0
2021-01-05 09:41:47.741,0.0769,0.0768,10.0,0.0764,12.0,8890.0,447.0
2021-01-05 09:41:48.181,0.0768,0.0769,10.0,0.0764,10.0,8890.0,452.0
2021-01-05 09:41:48.600,0.0768,0.0769,10.0,0.0766,12.0,8890.0,452.0
2021-01-05 09:41:49.191,0.0768,0.0769,12.0,0.0765,20.0,8890.0,452.0
2021-01-05 09:41:49.750,0.0768,0.077,10.0,0.0766,12.0,8890.0,452.0
2021-01-05 09:41:50.231,0.0768,0.0771,10.0,0.0767,12.0,8890.0,452.0
2021-01-05 09:41:50.751,0.0768,0.0772,10.0,0.0767,12.0,8890.0,452.0
2021-01-05 09:41:51.251,0.0768,0.0771,12.0,0.0766,22.0,8890.0,452.0
2021-01-05 09:41:51.760,0.0768,0.0772,22.0,0.0767,12.0,8890.0,452.0
2021-01-05 09:41:52.261,0.0768,0.0772,12.0,0.0767,12.0,8890.0,452.0
2021-01-05 09:41:52.690,0.0768,0.0773,10.0,0.0767,30.0,8890.0,452.0
2021-01-05 09:41:53.151,0.0768,0.0773,10.0,0.0768,12.0,8890.0,452.0
2021-01-05 09:41:53.650,0.0768,0.0774,22.0,0.0767,30.0,8890.0,454.0
2021-01-05 09:41:54.161,0.0768,0.0774,25.0,0.0769,12.0,8890.0,454.0
2021-01-05 09:41:54.670,0.0768,0.0774,25.0,0.0769,32.0,8890.0,454.0
2021-01-05 09:41:55.160,0.0768,0.0774,13.0,0.077,12.0,8890.0,454.0
2021-01-05 09:41:55.671,0.0768,0.0774,25.0,0.0769,30.0,8890.0,454.0
2021-01-05 09:41:56.151,0.0768,0.0774,25.0,0.0769,50.0,8890.0,454.0
2021-01-05 09:41:56.680,0.0768,0.0773,12.0,0.0769,50.0,8890.0,454.0
2021-01-05 09:41:57.110,0.0768,0.0774,10.0,0.077,12.0,8890.0,454.0
2021-01-05 09:41:57.640,0.0768,0.0773,12.0,0.0769,30.0,8890.0,454.0
2021-01-05 09:41:58.140,0.0768,0.0773,12.0,0.0769,20.0,8890.0,454.0
2021-01-05 09:41:58.660,0.0768,0.0773,12.0,0.0769,20.0,8890.0,454.0
2021-01-05 09:41:59.131,0.0768,0.0773,12.0,0.0769,20.0,8890.0,454.0
2021-01-05 09:42:01.181,0.0768,0.0774,12.0,0.0769,20.0,8890.0,454.0
2021-01-05 09:42:01.651,0.0768,0.0774,12.0,0.0769,20.0,8890.0,454.0
2021-01-05 09:42:02.201,0.0768,0.0774,22.0,0.0769,30.0,8890.0,454.0
2021-01-05 09:42:04.641,0.0768,0.0773,12.0,0.0769,30.0,8890.0,454.0
2021-01-05 09:42:05.711,0.0768,0.0773,22.0,0.0769,30.0,8890.0,454.0
2021-01-05 09:42:06.181,0.0768,0.0773,12.0,0.0769,30.0,8890.0,454.0
2021-01-05 09:42:07.230,0.0768,0.0774,22.0,0.0769,62.0,8890.0,454.0
2021-01-05 09:42:11.211,0.0768,0.0774,22.0,0.0769,62.0,8890.0,454.0
2021-01-05 09:42:11.691,0.0768,0.0775,23.0,0.077,12.0,8890.0,454.0
2021-01-05 09:42:12.210,0.0768,0.0775,23.0,0.077,22.0,8890.0,454.0
2021-01-05 09:42:12.711,0.0768,0.0775,13.0,0.0774,20.0,8890.0,454.0
2021-01-05 09:42:13.191,0.0768,0.0775,13.0,0.0774,20.0,8890.0,454.0
2021-01-05 09:42:13.731,0.0768,0.0775,13.0,0.0771,10.0,8890.0,454.0
2021-01-05 09:42:14.150,0.0768,0.0775,13.0,0.077,22.0,8890.0,454.0
2021-01-05 09:42:14.671,0.0768,0.0775,23.0,0.077,22.0,8890.0,454.0
2021-01-05 09:42:15.151,0.0768,0.0775,1.0,0.077,10.0,8890.0,454.0
2021-01-05 09:42:15.650,0.0768,0.0775,1.0,0.0771,12.0,8890.0,454.0
2021-01-05 09:42:16.181,0.0768,0.0775,1.0,0.0771,12.0,8890.0,454.0
2021-01-05 09:42:17.241,0.0768,0.0775,13.0,0.077,22.0,8890.0,454.0
2021-01-05 09:42:18.100,0.0768,0.0775,13.0,0.077,22.0,8890.0,454.0
2021-01-05 09:42:18.701,0.0768,0.0775,13.0,0.077,22.0,8890.0,454.0
2021-01-05 09:42:19.210,0.0768,0.0775,13.0,0.077,12.0,8890.0,454.0
2021-01-05 09:42:19.721,0.0768,0.0775,23.0,0.077,12.0,8890.0,454.0
2021-01-05 09:42:20.171,0.0768,0.0774,12.0,0.0769,62.0,8890.0,454.0
2021-01-05 09:42:21.621,0.0768,0.0774,12.0,0.0769,62.0,8890.0,454.0
2021-01-05 09:42:22.221,0.0768,0.0775,11.0,0.0769,63.0,8890.0,454.0
2021-01-05 09:42:22.370,0.0768,0.0775,1.0,0.0769,50.0,8890.0,454.0
2021-01-05 09:42:23.170,0.0768,0.0775,13.0,0.077,12.0,8890.0,454.0
2021-01-05 09:42:23.631,0.0768,0.0775,1.0,0.077,10.0,8890.0,454.0
2021-01-05 09:42:24.151,0.0768,0.0773,12.0,0.077,10.0,8890.0,454.0
2021-01-05 09:42:24.601,0.0773,0.0773,7.0,0.077,10.0,8890.0,464.0
2021-01-05 09:42:25.200,0.0773,0.0775,11.0,0.0772,12.0,8890.0,464.0
2021-01-05 09:42:25.471,0.0773,0.0775,1.0,0.0772,12.0,8890.0,464.0
2021-01-05 09:42:26.130,0.0773,0.0775,1.0,0.0773,12.0,8890.0,464.0
2021-01-05 09:42:27.171,0.0773,0.0775,1.0,0.0773,12.0,8890.0,464.0
2021-01-05 09:42:30.710,0.0773,0.0775,1.0,0.0773,32.0,8890.0,464.0
2021-01-05 09:42:31.200,0.0775,0.0778,10.0,0.0774,12.0,8890.0,465.0
2021-01-05 09:42:31.720,0.0775,0.0779,10.0,0.0775,20.0,8890.0,465.0
2021-01-05 09:42:32.721,0.0775,0.0779,10.0,0.0775,40.0,8890.0,465.0
2021-01-05 09:42:34.210,0.0775,0.0778,12.0,0.0775,40.0,8890.0,465.0
2021-01-05 09:42:35.001,0.0775,0.0778,12.0,0.0775,40.0,8890.0,465.0
2021-01-05 09:42:35.701,0.0775,0.0778,22.0,0.0775,40.0,8890.0,465.0
2021-01-05 09:42:36.141,0.0775,0.0778,12.0,0.0775,40.0,8890.0,465.0
2021-01-05 09:42:37.251,0.0775,0.0778,22.0,0.0775,40.0,8890.0,465.0
2021-01-05 09:42:38.661,0.0775,0.0779,22.0,0.0775,40.0,8890.0,465.0
2021-01-05 09:42:41.731,0.0775,0.0779,22.0,0.0775,40.0,8890.0,465.0
2021-01-05 09:42:42.250,0.0775,0.0779,10.0,0.0775,40.0,8890.0,465.0
2021-01-05 09:42:42.711,0.0775,0.0778,12.0,0.0775,40.0,8890.0,465.0
2021-01-05 09:42:43.251,0.0775,0.0779,22.0,0.0775,40.0,8890.0,465.0
2021-01-05 09:42:43.741,0.0775,0.0777,12.0,0.0775,40.0,8890.0,465.0
2021-01-05 09:42:44.211,0.0775,0.0778,10.0,0.0775,40.0,8890.0,465.0
2021-01-05 09:42:44.751,0.0775,0.0779,10.0,0.0775,40.0,8890.0,465.0
2021-01-05 09:42:45.191,0.0775,0.0778,12.0,0.0775,20.0,8890.0,465.0
2021-01-05 09:42:45.650,0.0775,0.0779,22.0,0.0775,20.0,8890.0,465.0
2021-01-05 09:42:46.240,0.0775,0.0779,22.0,0.0775,20.0,8890.0,465.0
2021-01-05 09:42:46.741,0.0775,0.0779,12.0,0.0775,20.0,8890.0,465.0
2021-01-05 09:42:47.690,0.0775,0.078,22.0,0.0775,32.0,8890.0,465.0
2021-01-05 09:42:48.171,0.0775,0.078,22.0,0.0775,32.0,8890.0,465.0
2021-01-05 09:42:51.060,0.0775,0.078,12.0,0.0775,42.0,8890.0,465.0
2021-01-05 09:42:52.251,0.0775,0.078,22.0,0.0775,32.0,8890.0,465.0
2021-01-05 09:42:52.601,0.0775,0.078,10.0,0.0775,42.0,8890.0,465.0
2021-01-05 09:42:53.640,0.0775,0.078,10.0,0.0775,42.0,8890.0,465.0
2021-01-05 09:42:54.191,0.0775,0.0781,22.0,0.0775,42.0,8890.0,465.0
2021-01-05 09:42:54.710,0.0775,0.0781,10.0,0.0776,12.0,8890.0,465.0
2021-01-05 09:42:55.161,0.0775,0.0781,10.0,0.0776,22.0,8890.0,465.0
2021-01-05 09:42:58.220,0.0775,0.0781,10.0,0.0777,12.0,8890.0,465.0
2021-01-05 09:42:58.731,0.0775,0.0782,22.0,0.0777,30.0,8890.0,465.0
2021-01-05 09:42:59.730,0.0775,0.0782,10.0,0.0777,30.0,8890.0,465.0
2021-01-05 09:42:59.951,0.0775,0.0782,22.0,0.0777,30.0,8890.0,465.0
2021-01-05 09:43:00.721,0.0775,0.0782,10.0,0.0777,42.0,8890.0,465.0
2021-01-05 09:43:01.211,0.0775,0.0782,22.0,0.0777,30.0,8890.0,465.0
2021-01-05 09:43:02.681,0.0775,0.0782,10.0,0.0778,12.0,8890.0,465.0
2021-01-05 09:43:03.241,0.0775,0.0783,22.0,0.0778,12.0,8890.0,465.0
2021-01-05 09:43:05.251,0.0775,0.0782,12.0,0.0777,30.0,8890.0,465.0
2021-01-05 09:43:05.681,0.0775,0.0782,22.0,0.0777,30.0,8890.0,465.0
2021-01-05 09:43:06.171,0.0775,0.0782,23.0,0.0777,30.0,8890.0,465.0
2021-01-05 09:43:06.730,0.0775,0.0782,35.0,0.0777,20.0,8890.0,465.0
2021-01-05 09:43:07.231,0.0775,0.0782,10.0,0.0777,32.0,8890.0,465.0
2021-01-05 09:43:07.710,0.0775,0.0781,12.0,0.0777,20.0,8890.0,465.0
2021-01-05 09:43:08.181,0.0775,0.0781,12.0,0.0778,20.0,8890.0,465.0
2021-01-05 09:43:08.701,0.0775,0.0781,12.0,0.0778,20.0,8890.0,465.0
2021-01-05 09:43:09.740,0.0775,0.0781,12.0,0.0778,20.0,8890.0,465.0
2021-01-05 09:43:10.150,0.0775,0.0782,22.0,0.0778,20.0,8890.0,465.0
2021-01-05 09:43:10.761,0.0775,0.0782,12.0,0.0778,20.0,8890.0,465.0
2021-01-05 09:43:11.250,0.0775,0.0782,22.0,0.0778,20.0,8890.0,465.0
2021-01-05 09:43:13.210,0.0775,0.0781,12.0,0.0778,20.0,8890.0,465.0
2021-01-05 09:43:14.270,0.0775,0.078,12.0,0.0778,20.0,8890.0,465.0
2021-01-05 09:43:14.770,0.0775,0.078,12.0,0.0778,20.0,8890.0,465.0
2021-01-05 09:43:15.771,0.0775,0.078,12.0,0.0778,20.0,8890.0,465.0
2021-01-05 09:43:16.270,0.0775,0.0779,12.0,0.0778,20.0,8890.0,465.0
2021-01-05 09:43:16.720,0.0775,0.078,12.0,0.0778,20.0,8890.0,465.0
2021-01-05 09:43:17.771,0.0775,0.0781,10.0,0.0778,20.0,8890.0,465.0
2021-01-05 09:43:18.270,0.0775,0.078,12.0,0.0778,20.0,8890.0,465.0
2021-01-05 09:43:18.741,0.0775,0.078,12.0,0.0778,20.0,8890.0,465.0
2021-01-05 09:43:19.761,0.0775,0.0781,10.0,0.0778,20.0,8890.0,465.0
2021-01-05 09:43:20.281,0.0775,0.0779,12.0,0.0778,20.0,8890.0,465.0
2021-01-05 09:43:20.731,0.0775,0.0781,10.0,0.0778,20.0,8890.0,465.0
2021-01-05 09:43:21.271,0.0775,0.0782,10.0,0.0778,20.0,8890.0,465.0
2021-01-05 09:43:21.701,0.0775,0.0782,10.0,0.0778,20.0,8890.0,465.0
2021-01-05 09:43:22.281,0.0775,0.0782,10.0,0.0778,20.0,8890.0,465.0
2021-01-05 09:43:22.610,0.0778,0.0782,10.0,0.0778,15.0,8885.0,470.0
2021-01-05 09:43:23.190,0.0778,0.0782,10.0,0.0778,27.0,8885.0,470.0
2021-01-05 09:43:24.120,0.0778,0.0783,10.0,0.0778,27.0,8885.0,470.0
2021-01-05 09:43:25.201,0.0778,0.0781,12.0,0.0778,15.0,8885.0,470.0
2021-01-05 09:43:25.701,0.0778,0.0781,12.0,0.0778,15.0,8885.0,470.0
2021-01-05 09:43:26.181,0.0781,0.0782,10.0,0.0778,15.0,8885.0,475.0
2021-01-05 09:43:26.611,0.0781,0.0783,12.0,0.0778,27.0,8885.0,475.0
2021-01-05 09:43:27.190,0.0781,0.0784,10.0,0.078,12.0,8885.0,475.0
2021-01-05 09:43:27.591,0.0781,0.0784,10.0,0.078,12.0,8885.0,475.0
2021-01-05 09:43:28.091,0.0781,0.0783,13.0,0.0778,25.0,8885.0,475.0
2021-01-05 09:43:28.700,0.0781,0.0783,35.0,0.0778,27.0,8885.0,475.0
2021-01-05 09:43:29.701,0.0781,0.0783,35.0,0.0778,27.0,8885.0,475.0
2021-01-05 09:43:32.701,0.0781,0.0783,22.0,0.0778,27.0,8885.0,475.0
2021-01-05 09:43:33.141,0.0781,0.0783,22.0,0.0778,27.0,8885.0,475.0
2021-01-05 09:43:33.670,0.0781,0.0783,35.0,0.0778,27.0,8885.0,475.0
2021-01-05 09:43:34.221,0.0781,0.0783,35.0,0.0778,27.0,8885.0,475.0
2021-01-05 09:43:35.160,0.0781,0.0783,22.0,0.0778,27.0,8885.0,475.0
2021-01-05 09:43:35.681,0.0781,0.0783,22.0,0.0778,27.0,8885.0,475.0
2021-01-05 09:43:36.661,0.0781,0.0783,22.0,0.0778,27.0,8885.0,475.0
2021-01-05 09:43:38.221,0.0781,0.0783,22.0,0.0778,27.0,8885.0,475.0
2021-01-05 09:43:39.241,0.0781,0.0783,22.0,0.0778,12.0,8885.0,475.0
2021-01-05 09:43:39.700,0.0781,0.0781,12.0,0.0776,30.0,8885.0,475.0
2021-01-05 09:43:39.711,0.0781,0.0781,10.0,0.0776,20.0,8885.0,475.0
2021-01-05 09:43:40.361,0.0781,0.078,12.0,0.0776,20.0,8885.0,475.0
2021-01-05 09:43:42.741,0.0781,0.0779,12.0,0.0776,20.0,8885.0,475.0
2021-01-05 09:43:43.231,0.0781,0.0779,12.0,0.0776,20.0,8885.0,475.0
2021-01-05 09:43:43.711,0.0781,0.0779,12.0,0.0776,20.0,8885.0,475.0
2021-01-05 09:43:44.251,0.0781,0.0779,12.0,0.0776,20.0,8885.0,475.0
2021-01-05 09:43:45.221,0.0781,0.0779,12.0,0.0776,20.0,8885.0,475.0
2021-01-05 09:43:46.151,0.0781,0.0779,22.0,0.0776,20.0,8885.0,475.0
2021-01-05 09:43:46.750,0.0781,0.0779,22.0,0.0776,20.0,8885.0,475.0
2021-01-05 09:43:46.990,0.0781,0.0779,10.0,0.0776,20.0,8885.0,475.0
2021-01-05 09:43:47.661,0.0781,0.0779,12.0,0.0776,20.0,8885.0,475.0
2021-01-05 09:43:48.220,0.0781,0.0778,12.0,0.0776,20.0,8885.0,475.0
2021-01-05 09:43:48.641,0.0781,0.0778,12.0,0.0776,20.0,8885.0,475.0
2021-01-05 09:43:49.061,0.0781,0.0777,12.0,0.0776,20.0,8885.0,475.0
2021-01-05 09:43:49.511,0.0777,0.0777,12.0,0.0776,20.0,8885.0,476.0
2021-01-05 09:43:50.110,0.0777,0.0777,12.0,0.0776,20.0,8885.0,476.0
2021-01-05 09:43:50.721,0.0777,0.0777,12.0,0.0776,20.0,8885.0,476.0
2021-01-05 09:43:51.221,0.0777,0.0777,35.0,0.0776,20.0,8885.0,476.0
2021-01-05 09:43:51.660,0.0777,0.0776,12.0,0.077,10.0,8885.0,476.0
2021-01-05 09:43:52.200,0.0777,0.0775,12.0,0.0769,20.0,8885.0,476.0
2021-01-05 09:43:52.681,0.0777,0.0774,12.0,0.0769,20.0,8885.0,476.0
2021-01-05 09:43:53.161,0.0777,0.0773,12.0,0.0767,42.0,8885.0,476.0
2021-01-05 09:43:53.610,0.0773,0.0773,10.0,0.0767,20.0,8890.0,487.0
2021-01-05 09:43:54.680,0.0773,0.0773,10.0,0.0769,12.0,8890.0,487.0
2021-01-05 09:43:56.721,0.0773,0.0773,10.0,0.0769,12.0,8890.0,487.0
2021-01-05 09:43:57.230,0.0773,0.0773,10.0,0.0769,12.0,8890.0,487.0
2021-01-05 09:43:57.650,0.0773,0.0773,10.0,0.0769,12.0,8895.0,492.0
2021-01-05 09:43:58.190,0.0773,0.0773,10.0,0.0769,12.0,8895.0,492.0
2021-01-05 09:43:58.711,0.0773,0.0773,10.0,0.0769,12.0,8895.0,492.0
2021-01-05 09:43:59.170,0.0769,0.0769,18.0,0.0767,20.0,8895.0,504.0
2021-01-05 09:43:59.691,0.0769,0.0769,6.0,0.0767,20.0,8923.0,546.0
2021-01-05 09:44:00.131,0.0769,0.0769,1.0,0.0767,20.0,8928.0,551.0
2021-01-05 09:44:00.701,0.0769,0.077,10.0,0.0768,12.0,8928.0,552.0
2021-01-05 09:44:01.160,0.0769,0.0771,10.0,0.0767,12.0,8928.0,552.0
2021-01-05 09:44:02.031,0.0769,0.0771,10.0,0.0767,12.0,8928.0,552.0
2021-01-05 09:44:02.711,0.0769,0.0771,10.0,0.0769,20.0,8928.0,552.0
2021-01-05 09:44:03.241,0.0769,0.077,13.0,0.0769,20.0,8928.0,552.0
2021-01-05 09:44:03.731,0.0769,0.077,23.0,0.0769,20.0,8928.0,552.0
2021-01-05 09:44:04.230,0.0769,0.077,35.0,0.0769,15.0,8928.0,557.0
2021-01-05 09:44:04.751,0.0769,0.0769,2.0,0.0763,22.0,8928.0,572.0
2021-01-05 09:44:05.260,0.0769,0.0768,12.0,0.0767,20.0,8928.0,572.0
2021-01-05 09:44:05.750,0.0769,0.0768,13.0,0.0767,20.0,8928.0,572.0
2021-01-05 09:44:06.261,0.0767,0.0768,13.0,0.0767,8.0,8928.0,584.0
2021-01-05 09:44:06.770,0.0767,0.0768,13.0,0.0767,20.0,8928.0,584.0
2021-01-05 09:44:07.281,0.0767,0.0767,4.0,0.0763,10.0,8928.0,592.0
2021-01-05 09:44:07.750,0.0767,0.0766,12.0,0.0761,30.0,8928.0,592.0
2021-01-05 09:44:08.230,0.0767,0.0765,12.0,0.0761,20.0,8928.0,592.0
2021-01-05 09:44:08.760,0.0767,0.0765,23.0,0.0761,32.0,8928.0,592.0
2021-01-05 09:44:09.150,0.0767,0.0765,10.0,0.0761,32.0,8928.0,592.0
2021-01-05 09:44:09.150,0.0767,0.0764,13.0,0.0761,12.0,8928.0,592.0
2021-01-05 09:44:10.270,0.0767,0.0764,13.0,0.076,12.0,8928.0,592.0
2021-01-05 09:44:11.780,0.0767,0.0764,23.0,0.076,12.0,8928.0,592.0
2021-01-05 09:44:12.270,0.0767,0.0764,13.0,0.076,12.0,8928.0,592.0
2021-01-05 09:44:15.780,0.0767,0.0764,23.0,0.076,12.0,8928.0,592.0
2021-01-05 09:44:16.281,0.0767,0.0764,13.0,0.0759,12.0,8928.0,592.0
2021-01-05 09:44:16.781,0.0767,0.0764,23.0,0.076,12.0,8928.0,592.0
2021-01-05 09:44:17.280,0.0767,0.0764,13.0,0.0759,12.0,8928.0,592.0
2021-01-05 09:44:17.770,0.0767,0.0764,23.0,0.0757,30.0,8928.0,592.0
2021-01-05 09:44:18.231,0.0767,0.0764,23.0,0.0759,12.0,8928.0,592.0
2021-01-05 09:44:19.261,0.0767,0.0764,23.0,0.0759,12.0,8928.0,592.0
2021-01-05 09:44:19.801,0.0767,0.0764,23.0,0.076,12.0,8928.0,592.0
2021-01-05 09:44:20.300,0.0767,0.0764,23.0,0.076,12.0,8928.0,592.0
2021-01-05 09:44:20.801,0.0767,0.0764,23.0,0.076,12.0,8928.0,592.0
2021-01-05 09:44:21.270,0.0767,0.0764,13.0,0.076,12.0,8928.0,592.0
2021-01-05 09:44:21.760,0.0767,0.0764,13.0,0.0759,22.0,8928.0,592.0
2021-01-05 09:44:22.250,0.0767,0.0764,13.0,0.0761,12.0,8928.0,592.0
2021-01-05 09:44:25.041,0.0767,0.0764,13.0,0.0761,12.0,8928.0,592.0
2021-01-05 09:44:25.660,0.0767,0.0764,13.0,0.0762,12.0,8928.0,592.0
2021-01-05 09:44:26.201,0.0767,0.0764,13.0,0.0762,12.0,8928.0,592.0
2021-01-05 09:44:26.701,0.0767,0.0764,13.0,0.0761,12.0,8928.0,592.0
2021-01-05 09:44:27.201,0.0767,0.0764,13.0,0.0762,12.0,8928.0,592.0
2021-01-05 09:44:27.710,0.0767,0.0764,13.0,0.0761,12.0,8928.0,592.0
2021-01-05 09:44:28.221,0.0767,0.0764,13.0,0.0761,12.0,8928.0,592.0
2021-01-05 09:44:30.201,0.0767,0.0764,13.0,0.0761,12.0,8928.0,592.0
2021-01-05 09:44:30.720,0.0767,0.0764,23.0,0.0761,12.0,8928.0,592.0
2021-01-05 09:44:31.231,0.0767,0.0764,13.0,0.0761,12.0,8928.0,592.0
2021-01-05 09:44:31.730,0.0767,0.0764,23.0,0.0761,12.0,8928.0,592.0
2021-01-05 09:44:32.220,0.0767,0.0764,23.0,0.076,32.0,8928.0,592.0
2021-01-05 09:44:33.240,0.0767,0.0764,13.0,0.0759,10.0,8928.0,592.0
2021-01-05 09:44:33.730,0.0767,0.0764,23.0,0.0759,12.0,8928.0,592.0
2021-01-05 09:44:34.211,0.0767,0.0764,35.0,0.0758,22.0,8928.0,592.0
2021-01-05 09:44:34.520,0.0767,0.0764,35.0,0.0758,22.0,8928.0,592.0
2021-01-05 09:44:35.221,0.0767,0.0764,35.0,0.0758,12.0,8928.0,592.0
2021-01-05 09:44:37.751,0.0767,0.0763,12.0,0.0757,22.0,8928.0,592.0
2021-01-05 09:44:38.201,0.0767,0.0763,12.0,0.0757,12.0,8928.0,592.0
2021-01-05 09:44:39.240,0.0767,0.0762,23.0,0.0757,12.0,8928.0,592.0
2021-01-05 09:44:39.661,0.0767,0.0762,35.0,0.0756,42.0,8928.0,592.0
2021-01-05 09:44:40.250,0.0767,0.0762,35.0,0.0756,32.0,8928.0,592.0
2021-01-05 09:44:40.740,0.0767,0.0762,35.0,0.0756,22.0,8928.0,592.0
2021-01-05 09:44:41.211,0.0767,0.0761,12.0,0.0756,22.0,8928.0,592.0
2021-01-05 09:44:41.730,0.0767,0.0761,22.0,0.0756,12.0,8928.0,592.0
2021-01-05 09:44:42.250,0.0767,0.076,13.0,0.0756,12.0,8928.0,592.0
2021-01-05 09:44:44.260,0.0767,0.076,13.0,0.0757,12.0,8928.0,592.0
2021-01-05 09:44:44.761,0.0767,0.076,13.0,0.0755,22.0,8928.0,592.0
2021-01-05 09:44:45.261,0.0767,0.076,23.0,0.0754,10.0,8928.0,592.0
2021-01-05 09:44:45.760,0.0767,0.076,23.0,0.0756,12.0,8928.0,592.0
2021-01-05 09:44:46.271,0.0767,0.076,23.0,0.0756,12.0,8928.0,592.0
2021-01-05 09:44:46.771,0.0767,0.076,23.0,0.0756,12.0,8928.0,592.0
2021-01-05 09:44:47.251,0.0767,0.076,23.0,0.0756,12.0,8928.0,592.0
2021-01-05 09:44:47.770,0.0767,0.076,23.0,0.0756,12.0,8928.0,592.0
2021-01-05 09:44:48.780,0.0767,0.076,35.0,0.0754,32.0,8928.0,592.0
2021-01-05 09:44:49.270,0.0767,0.076,35.0,0.0754,22.0,8928.0,592.0
2021-01-05 09:44:50.300,0.0767,0.076,23.0,0.0754,10.0,8928.0,592.0
2021-01-05 09:44:50.801,0.0767,0.0758,12.0,0.0754,10.0,8928.0,592.0
2021-01-05 09:44:51.231,0.0767,0.0758,12.0,0.0754,10.0,8928.0,592.0
2021-01-05 09:44:52.311,0.0767,0.0759,10.0,0.0756,20.0,8928.0,592.0
2021-01-05 09:44:52.711,0.0767,0.0757,12.0,0.0756,20.0,8928.0,592.0
2021-01-05 09:44:53.201,0.0767,0.0757,12.0,0.0756,20.0,8928.0,592.0
2021-01-05 09:44:53.710,0.0756,0.0758,10.0,0.0756,8.0,8928.0,604.0
2021-01-05 09:44:54.201,0.0756,0.0758,13.0,0.0756,8.0,8928.0,604.0
2021-01-05 09:44:54.720,0.0756,0.0758,13.0,0.0756,8.0,8928.0,604.0
2021-01-05 09:44:54.970,0.0756,0.0759,22.0,0.0756,8.0,8928.0,604.0
2021-01-05 09:44:55.700,0.0756,0.0758,13.0,0.0756,8.0,8928.0,604.0
2021-01-05 09:44:56.220,0.0756,0.0758,25.0,0.0756,8.0,8928.0,604.0
2021-01-05 09:44:56.720,0.0756,0.0757,12.0,0.0756,8.0,8928.0,604.0
2021-01-05 09:44:57.160,0.0756,0.0757,12.0,0.0756,8.0,8928.0,604.0
2021-01-05 09:44:57.431,0.0756,0.0757,13.0,0.0756,8.0,8928.0,604.0
2021-01-05 09:44:58.120,0.0756,0.0756,12.0,0.0754,10.0,8928.0,604.0
2021-01-05 09:44:58.720,0.0756,0.0756,13.0,0.0754,10.0,8928.0,604.0
2021-01-05 09:44:59.190,0.0754,0.0754,2.0,0.075,10.0,8928.0,614.0
2021-01-05 09:44:59.711,0.0754,0.0765,14.0,0.0747,20.0,8928.0,614.0
2021-01-05 09:45:00.061,0.0754,0.0765,44.0,0.0747,10.0,8928.0,614.0
2021-01-05 09:45:00.591,0.0754,0.0763,12.0,0.0747,10.0,8928.0,614.0
2021-01-05 09:45:01.221,0.0754,0.0762,13.0,0.0747,30.0,8928.0,614.0
2021-01-05 09:45:01.680,0.0754,0.076,12.0,0.0747,10.0,8928.0,614.0
2021-01-05 09:45:02.061,0.0754,0.076,10.0,0.0749,12.0,8928.0,614.0
2021-01-05 09:45:02.710,0.0754,0.0759,13.0,0.0749,22.0,8928.0,614.0
2021-01-05 09:45:03.190,0.0754,0.0757,12.0,0.0751,12.0,8928.0,614.0
2021-01-05 09:45:03.680,0.0754,0.0757,22.0,0.0751,12.0,8928.0,614.0
2021-01-05 09:45:04.191,0.0754,0.0756,13.0,0.075,10.0,8928.0,614.0
2021-01-05 09:45:04.700,0.0754,0.0755,12.0,0.0749,22.0,8928.0,614.0
2021-01-05 09:45:05.221,0.0754,0.0754,12.0,0.0748,22.0,8928.0,614.0
2021-01-05 09:45:05.720,0.0754,0.0753,25.0,0.0747,22.0,8928.0,614.0
2021-01-05 09:45:06.721,0.0754,0.0752,12.0,0.0747,10.0,8928.0,614.0
2021-01-05 09:45:07.130,0.0754,0.0752,22.0,0.0746,12.0,8928.0,614.0
2021-01-05 09:45:07.720,0.0754,0.0751,13.0,0.0747,12.0,8928.0,614.0
2021-01-05 09:45:08.181,0.0754,0.0751,13.0,0.0747,12.0,8928.0,614.0
2021-01-05 09:45:08.700,0.0754,0.0751,13.0,0.0746,12.0,8928.0,614.0
2021-01-05 09:45:09.190,0.0754,0.0751,23.0,0.0747,12.0,8928.0,614.0
2021-01-05 09:45:09.710,0.0754,0.0749,12.0,0.0743,10.0,8928.0,614.0
2021-01-05 09:45:10.200,0.0754,0.0749,22.0,0.0741,10.0,8928.0,614.0
2021-01-05 09:45:10.700,0.0754,0.0747,12.0,0.074,30.0,8928.0,614.0
2021-01-05 09:45:11.091,0.0754,0.0747,22.0,0.0741,12.0,8928.0,614.0
2021-01-05 09:45:11.720,0.0754,0.0746,12.0,0.0739,22.0,8928.0,614.0
2021-01-05 09:45:12.150,0.0754,0.0746,22.0,0.0739,12.0,8928.0,614.0
2021-01-05 09:45:12.701,0.0754,0.0746,23.0,0.0739,12.0,8928.0,614.0
2021-01-05 09:45:13.220,0.0754,0.0745,12.0,0.0739,12.0,8928.0,614.0
2021-01-05 09:45:13.681,0.0754,0.0745,12.0,0.0739,12.0,8928.0,614.0
2021-01-05 09:45:14.181,0.0754,0.0745,25.0,0.0739,32.0,8928.0,614.0
2021-01-05 09:45:15.230,0.0754,0.0745,23.0,0.0739,20.0,8928.0,614.0
2021-01-05 09:45:15.721,0.0754,0.0743,12.0,0.0739,20.0,8928.0,614.0
2021-01-05 09:45:16.230,0.0754,0.0743,12.0,0.0739,20.0,8928.0,614.0
2021-01-05 09:45:17.170,0.0754,0.0743,22.0,0.0739,20.0,8928.0,614.0
2021-01-05 09:45:17.731,0.0754,0.0742,25.0,0.0739,20.0,8928.0,614.0
2021-01-05 09:45:18.230,0.0754,0.0742,35.0,0.0739,20.0,8928.0,614.0
2021-01-05 09:45:19.191,0.0754,0.0742,35.0,0.0739,20.0,8928.0,614.0
2021-01-05 09:45:19.731,0.0754,0.0742,22.0,0.0739,20.0,8928.0,614.0
2021-01-05 09:45:20.240,0.0754,0.0742,10.0,0.0739,20.0,8928.0,614.0
2021-01-05 09:45:20.741,0.0739,0.0742,10.0,0.0739,4.0,8912.0,630.0
2021-01-05 09:45:21.160,0.0739,0.0742,10.0,0.0737,12.0,8912.0,630.0
2021-01-05 09:45:21.731,0.0739,0.0742,10.0,0.0737,12.0,8912.0,630.0
2021-01-05 09:45:22.240,0.0739,0.0742,22.0,0.0736,32.0,8912.0,630.0
2021-01-05 09:45:22.710,0.0739,0.0742,10.0,0.0736,20.0,8912.0,630.0
2021-01-05 09:45:23.160,0.0739,0.0742,10.0,0.0737,12.0,8912.0,630.0
2021-01-05 09:45:24.701,0.0739,0.0741,12.0,0.0735,12.0,8912.0,630.0
2021-01-05 09:45:25.131,0.0739,0.0741,23.0,0.0735,10.0,8912.0,630.0
2021-01-05 09:45:25.690,0.0739,0.0741,13.0,0.0736,12.0,8912.0,630.0
2021-01-05 09:45:26.220,0.0739,0.0742,10.0,0.0737,12.0,8912.0,630.0
2021-01-05 09:45:26.681,0.0739,0.0741,25.0,0.0736,10.0,8912.0,630.0
2021-01-05 09:45:27.211,0.0739,0.0741,13.0,0.0736,12.0,8912.0,630.0
2021-01-05 09:45:27.711,0.0739,0.0741,35.0,0.0735,22.0,8912.0,630.0
2021-01-05 09:45:28.550,0.0739,0.0741,35.0,0.0735,22.0,8912.0,630.0
2021-01-05 09:45:29.140,0.0739,0.0741,35.0,0.0735,12.0,8912.0,630.0
2021-01-05 09:45:29.701,0.0739,0.0741,25.0,0.0735,12.0,8912.0,630.0
2021-01-05 09:45:30.710,0.0739,0.0739,12.0,0.0735,10.0,8912.0,630.0
2021-01-05 09:45:31.211,0.0739,0.0739,12.0,0.0734,30.0,8912.0,630.0
2021-01-05 09:45:32.160,0.0739,0.074,10.0,0.0734,20.0,8912.0,630.0
2021-01-05 09:45:32.690,0.0739,0.0739,13.0,0.0734,42.0,8912.0,630.0
2021-01-05 09:45:33.180,0.0739,0.0739,13.0,0.0734,32.0,8912.0,630.0
2021-01-05 09:45:33.670,0.0739,0.0739,13.0,0.0734,32.0,8912.0,630.0
2021-01-05 09:45:34.220,0.0739,0.0739,13.0,0.0734,32.0,8912.0,630.0
2021-01-05 09:45:35.190,0.0739,0.074,22.0,0.0734,32.0,8912.0,630.0
2021-01-05 09:45:35.701,0.0739,0.074,25.0,0.0734,42.0,8912.0,630.0
2021-01-05 09:45:36.240,0.0739,0.074,25.0,0.0734,42.0,8912.0,630.0
2021-01-05 09:45:36.730,0.0739,0.074,13.0,0.0734,30.0,8912.0,630.0
2021-01-05 09:45:37.241,0.0739,0.074,13.0,0.0736,12.0,8912.0,630.0
2021-01-05 09:45:37.731,0.0739,0.074,13.0,0.0736,22.0,8912.0,630.0
2021-01-05 09:45:38.240,0.0739,0.074,13.0,0.0738,12.0,8912.0,630.0
2021-01-05 09:45:38.711,0.074,0.074,1.0,0.0736,30.0,8912.0,643.0
2021-01-05 09:45:39.210,0.074,0.074,1.0,0.0738,12.0,8912.0,643.0
2021-01-05 09:45:39.700,0.074,0.074,12.0,0.0736,20.0,8912.0,643.0
2021-01-05 09:45:40.240,0.074,0.074,25.0,0.0736,20.0,8912.0,643.0
2021-01-05 09:45:40.730,0.074,0.0739,12.0,0.0736,20.0,8912.0,643.0
2021-01-05 09:45:41.220,0.074,0.074,12.0,0.0736,20.0,8912.0,643.0
2021-01-05 09:45:41.700,0.074,0.074,25.0,0.0736,20.0,8912.0,643.0
2021-01-05 09:45:42.240,0.074,0.074,13.0,0.0736,20.0,8912.0,643.0
2021-01-05 09:45:42.711,0.074,0.0739,12.0,0.0736,20.0,8912.0,643.0
2021-01-05 09:45:43.220,0.074,0.074,12.0,0.0736,20.0,8912.0,643.0
2021-01-05 09:45:43.731,0.074,0.074,12.0,0.0736,20.0,8912.0,643.0
2021-01-05 09:45:44.711,0.074,0.074,12.0,0.0736,20.0,8912.0,643.0
2021-01-05 09:45:45.220,0.074,0.074,12.0,0.0736,20.0,8912.0,643.0
2021-01-05 09:45:46.751,0.074,0.074,12.0,0.0736,30.0,8912.0,643.0
2021-01-05 09:45:47.241,0.074,0.074,12.0,0.0736,20.0,8912.0,643.0
2021-01-05 09:45:47.731,0.074,0.074,12.0,0.0736,30.0,8912.0,643.0
2021-01-05 09:45:49.221,0.074,0.074,12.0,0.0736,20.0,8912.0,643.0
2021-01-05 09:45:50.251,0.074,0.074,25.0,0.0736,20.0,8912.0,643.0
2021-01-05 09:45:50.691,0.074,0.0742,10.0,0.0736,20.0,8912.0,643.0
2021-01-05 09:45:51.221,0.074,0.0738,12.0,0.0736,30.0,8912.0,643.0
2021-01-05 09:45:51.721,0.074,0.0741,13.0,0.0736,30.0,8912.0,643.0
2021-01-05 09:45:51.940,0.074,0.0741,13.0,0.0738,12.0,8912.0,643.0
2021-01-05 09:45:52.641,0.074,0.0741,13.0,0.0738,10.0,8912.0,643.0
2021-01-05 09:45:53.211,0.074,0.0739,12.0,0.0737,10.0,8912.0,643.0
2021-01-05 09:45:53.711,0.074,0.0739,12.0,0.0736,30.0,8912.0,643.0
2021-01-05 09:45:54.710,0.074,0.0739,12.0,0.0736,20.0,8912.0,643.0
2021-01-05 09:45:55.230,0.074,0.074,12.0,0.0736,20.0,8912.0,643.0
2021-01-05 09:45:55.711,0.074,0.074,12.0,0.0736,30.0,8912.0,643.0
2021-01-05 09:45:56.120,0.074,0.0741,12.0,0.0736,30.0,8912.0,643.0
2021-01-05 09:45:56.631,0.074,0.074,12.0,0.0736,30.0,8912.0,643.0
2021-01-05 09:45:57.201,0.074,0.074,13.0,0.0736,30.0,8912.0,643.0
2021-01-05 09:45:57.651,0.074,0.0738,12.0,0.0736,20.0,8912.0,643.0
2021-01-05 09:45:58.231,0.074,0.0738,12.0,0.0734,20.0,8912.0,643.0
2021-01-05 09:45:58.711,0.074,0.0738,12.0,0.0734,20.0,8912.0,643.0
2021-01-05 09:45:59.230,0.074,0.0737,12.0,0.0733,10.0,8912.0,643.0
2021-01-05 09:45:59.710,0.074,0.074,12.0,0.0734,12.0,8912.0,643.0
2021-01-05 09:45:59.931,0.074,0.0743,10.0,0.0734,10.0,8912.0,643.0
2021-01-05 09:46:00.730,0.074,0.0741,12.0,0.0734,10.0,8912.0,643.0
2021-01-05 09:46:01.230,0.074,0.074,12.0,0.0734,30.0,8912.0,643.0
2021-01-05 09:46:02.221,0.074,0.0741,12.0,0.0734,20.0,8912.0,643.0
2021-01-05 09:46:02.711,0.074,0.0741,10.0,0.0734,30.0,8912.0,643.0
2021-01-05 09:46:03.120,0.074,0.0739,12.0,0.0734,10.0,8912.0,643.0
2021-01-05 09:46:03.731,0.074,0.074,12.0,0.0734,30.0,8912.0,643.0
2021-01-05 09:46:03.731,0.074,0.0739,12.0,0.0734,10.0,8912.0,643.0
2021-01-05 09:46:04.690,0.074,0.0738,12.0,0.0734,30.0,8912.0,643.0
2021-01-05 09:46:05.161,0.074,0.0737,12.0,0.0734,30.0,8912.0,643.0
2021-01-05 09:46:06.221,0.074,0.0737,12.0,0.0734,30.0,8912.0,643.0
2021-01-05 09:46:06.690,0.074,0.0737,12.0,0.0734,30.0,8912.0,643.0
2021-01-05 09:46:07.231,0.074,0.0737,12.0,0.0734,30.0,8912.0,643.0
2021-01-05 09:46:07.741,0.074,0.0738,12.0,0.0734,30.0,8912.0,643.0
2021-01-05 09:46:08.121,0.074,0.0738,12.0,0.0734,10.0,8912.0,643.0
2021-01-05 09:46:09.181,0.074,0.0739,12.0,0.0734,10.0,8912.0,643.0
2021-01-05 09:46:10.230,0.074,0.0739,12.0,0.0734,10.0,8912.0,643.0
2021-01-05 09:46:10.720,0.074,0.0742,10.0,0.0734,10.0,8912.0,643.0
2021-01-05 09:46:11.131,0.074,0.0742,13.0,0.0736,12.0,8912.0,643.0
2021-01-05 09:46:11.721,0.074,0.0742,13.0,0.0736,22.0,8912.0,643.0
2021-01-05 09:46:12.190,0.074,0.0743,10.0,0.0736,10.0,8912.0,643.0
2021-01-05 09:46:12.680,0.074,0.0743,13.0,0.0738,12.0,8912.0,643.0
2021-01-05 09:46:13.200,0.074,0.0743,13.0,0.0738,12.0,8912.0,643.0
2021-01-05 09:46:13.681,0.074,0.0742,12.0,0.0738,10.0,8912.0,643.0
2021-01-05 09:46:14.230,0.074,0.0743,12.0,0.0738,10.0,8912.0,643.0
2021-01-05 09:46:15.231,0.074,0.0743,13.0,0.0738,10.0,8912.0,643.0
2021-01-05 09:46:15.471,0.074,0.0741,12.0,0.0738,10.0,8912.0,643.0
2021-01-05 09:46:16.201,0.074,0.0743,12.0,0.0738,10.0,8912.0,643.0
2021-01-05 09:46:16.721,0.074,0.0743,12.0,0.0738,10.0,8912.0,643.0
2021-01-05 09:46:17.031,0.074,0.0744,12.0,0.0738,10.0,8912.0,643.0
2021-01-05 09:46:17.751,0.074,0.0744,12.0,0.0738,22.0,8912.0,643.0
2021-01-05 09:46:18.721,0.074,0.0744,12.0,0.0738,22.0,8912.0,643.0
2021-01-05 09:46:19.171,0.074,0.0745,12.0,0.0738,10.0,8912.0,643.0
2021-01-05 09:46:19.661,0.074,0.0744,12.0,0.0738,22.0,8912.0,643.0
2021-01-05 09:46:20.210,0.074,0.0744,12.0,0.0738,42.0,8912.0,643.0
2021-01-05 09:46:20.731,0.074,0.0744,12.0,0.0738,42.0,8912.0,643.0
2021-01-05 09:46:21.011,0.074,0.0744,12.0,0.0738,42.0,8912.0,643.0
2021-01-05 09:46:22.220,0.074,0.0744,12.0,0.0738,42.0,8912.0,643.0
2021-01-05 09:46:24.221,0.074,0.0744,12.0,0.0738,42.0,8912.0,643.0
2021-01-05 09:46:24.631,0.074,0.0744,12.0,0.0738,42.0,8912.0,643.0
2021-01-05 09:46:25.211,0.074,0.0744,12.0,0.0738,42.0,8912.0,643.0
2021-01-05 09:46:25.651,0.074,0.0744,12.0,0.0738,42.0,8912.0,643.0
2021-01-05 09:46:26.191,0.074,0.0744,12.0,0.0738,42.0,8912.0,643.0
2021-01-05 09:46:26.711,0.074,0.0744,12.0,0.0738,42.0,8912.0,643.0
2021-01-05 09:46:27.201,0.074,0.0745,22.0,0.0739,12.0,8912.0,643.0
2021-01-05 09:46:27.720,0.074,0.0744,12.0,0.0738,42.0,8912.0,643.0
2021-01-05 09:46:28.200,0.074,0.0744,12.0,0.0738,42.0,8912.0,643.0
2021-01-05 09:46:29.710,0.0738,0.0744,12.0,0.0738,22.0,8932.0,673.0
2021-01-05 09:46:30.721,0.0738,0.0744,12.0,0.0738,22.0,8932.0,673.0
2021-01-05 09:46:31.210,0.0738,0.0744,12.0,0.0738,22.0,8932.0,673.0
2021-01-05 09:46:32.100,0.0738,0.0744,12.0,0.0738,42.0,8932.0,673.0
2021-01-05 09:46:33.660,0.0738,0.0744,12.0,0.0738,42.0,8932.0,673.0
2021-01-05 09:46:34.171,0.0738,0.0744,12.0,0.0738,42.0,8932.0,673.0
2021-01-05 09:46:34.691,0.0738,0.0745,22.0,0.0739,12.0,8932.0,673.0
2021-01-05 09:46:35.231,0.0738,0.0745,12.0,0.0739,12.0,8932.0,673.0
2021-01-05 09:46:35.690,0.0738,0.0746,30.0,0.0738,30.0,8932.0,673.0
2021-01-05 09:46:36.221,0.0738,0.0744,12.0,0.0738,42.0,8932.0,673.0
2021-01-05 09:46:36.730,0.0738,0.0744,12.0,0.0738,42.0,8932.0,673.0
2021-01-05 09:46:38.741,0.0738,0.0744,12.0,0.0738,32.0,8932.0,673.0
2021-01-05 09:46:39.210,0.0738,0.0743,13.0,0.0738,42.0,8932.0,673.0
2021-01-05 09:46:40.211,0.0741,0.0741,12.0,0.0738,10.0,8932.0,674.0
2021-01-05 09:46:40.670,0.0741,0.0742,12.0,0.0738,10.0,8932.0,674.0
2021-01-05 09:46:41.250,0.0741,0.0742,12.0,0.0738,10.0,8932.0,674.0
2021-01-05 09:46:41.730,0.0741,0.0743,12.0,0.0738,10.0,8932.0,674.0
2021-01-05 09:46:42.011,0.0741,0.0745,12.0,0.0739,12.0,8932.0,674.0
2021-01-05 09:46:43.121,0.0741,0.0746,30.0,0.0738,10.0,8932.0,674.0
2021-01-05 09:46:43.761,0.0741,0.0744,12.0,0.0738,10.0,8932.0,674.0
2021-01-05 09:46:44.230,0.0741,0.0743,12.0,0.0738,10.0,8932.0,674.0
2021-01-05 09:46:46.251,0.0741,0.0743,12.0,0.0738,10.0,8932.0,674.0
2021-01-05 09:46:46.671,0.0741,0.0745,30.0,0.0738,10.0,8932.0,674.0
2021-01-05 09:46:47.230,0.0741,0.0745,45.0,0.0738,10.0,8932.0,674.0
2021-01-05 09:46:47.701,0.0741,0.0745,33.0,0.074,12.0,8932.0,674.0
2021-01-05 09:46:48.081,0.0741,0.0745,45.0,0.074,22.0,8932.0,674.0
2021-01-05 09:46:48.761,0.0741,0.0745,45.0,0.074,22.0,8932.0,674.0
2021-01-05 09:46:49.251,0.0741,0.0745,32.0,0.074,22.0,8932.0,674.0
2021-01-05 09:46:49.730,0.0741,0.0745,33.0,0.074,10.0,8932.0,674.0
2021-01-05 09:46:50.170,0.0741,0.0745,20.0,0.074,10.0,8932.0,674.0
2021-01-05 09:46:50.661,0.0741,0.0745,20.0,0.0741,12.0,8932.0,674.0
2021-01-05 09:46:51.261,0.0741,0.0745,33.0,0.0741,22.0,8932.0,674.0
2021-01-05 09:46:51.731,0.0741,0.0745,33.0,0.0741,22.0,8932.0,674.0
2021-01-05 09:46:52.210,0.0741,0.0745,33.0,0.0741,10.0,8932.0,674.0
2021-01-05 09:46:52.711,0.0741,0.0745,45.0,0.0741,10.0,8932.0,674.0
2021-01-05 09:46:53.201,0.0741,0.0744,12.0,0.0741,10.0,8932.0,674.0
2021-01-05 09:46:53.681,0.0741,0.0744,12.0,0.0741,10.0,8932.0,674.0
2021-01-05 09:46:54.221,0.0741,0.0745,32.0,0.0741,10.0,8932.0,674.0
2021-01-05 09:46:54.701,0.0741,0.0745,45.0,0.0741,10.0,8932.0,674.0
2021-01-05 09:46:55.180,0.0741,0.0745,13.0,0.0741,10.0,8932.0,674.0
2021-01-05 09:46:56.221,0.0741,0.0745,13.0,0.0741,10.0,8932.0,674.0
2021-01-05 09:46:56.711,0.0741,0.0745,13.0,0.0741,22.0,8932.0,674.0
2021-01-05 09:46:59.191,0.0745,0.0745,3.0,0.0741,10.0,8932.0,684.0
2021-01-05 09:47:00.741,0.0745,0.0746,12.0,0.0741,10.0,8932.0,684.0
2021-01-05 09:47:01.210,0.0745,0.0745,13.0,0.0741,10.0,8932.0,684.0
2021-01-05 09:47:01.721,0.0741,0.0744,12.0,0.0741,10.0,8932.0,689.0
2021-01-05 09:47:02.230,0.0741,0.0744,12.0,0.0741,10.0,8932.0,699.0
2021-01-05 09:47:02.741,0.0741,0.0743,25.0,0.0741,10.0,8932.0,704.0
2021-01-05 09:47:03.220,0.0741,0.0743,25.0,0.0737,22.0,8932.0,709.0
2021-01-05 09:47:03.740,0.074,0.0742,12.0,0.0737,20.0,8932.0,714.0
2021-01-05 09:47:04.211,0.074,0.0742,22.0,0.0737,20.0,8932.0,714.0
2021-01-05 09:47:05.250,0.074,0.0742,10.0,0.0739,12.0,8932.0,714.0
2021-01-05 09:47:05.730,0.074,0.0743,10.0,0.0738,10.0,8932.0,714.0
2021-01-05 09:47:06.130,0.074,0.0742,13.0,0.0738,12.0,8932.0,714.0
2021-01-05 09:47:06.750,0.074,0.074,12.0,0.0738,10.0,8932.0,714.0
2021-01-05 09:47:07.081,0.074,0.074,12.0,0.0738,10.0,8932.0,714.0
2021-01-05 09:47:07.740,0.074,0.0741,12.0,0.0738,10.0,8932.0,714.0
2021-01-05 09:47:08.230,0.074,0.0741,25.0,0.0738,10.0,8932.0,714.0
2021-01-05 09:47:08.700,0.074,0.0739,12.0,0.0738,10.0,8932.0,714.0
2021-01-05 09:47:08.900,0.074,0.0742,10.0,0.0738,22.0,8932.0,714.0
2021-01-05 09:47:09.590,0.074,0.0741,25.0,0.0738,10.0,8932.0,714.0
2021-01-05 09:47:10.721,0.074,0.0741,25.0,0.0738,10.0,8932.0,714.0
2021-01-05 09:47:11.751,0.074,0.0739,12.0,0.0738,10.0,8932.0,714.0
2021-01-05 09:47:12.241,0.0738,0.0739,12.0,0.0738,10.0,8932.0,719.0
2021-01-05 09:47:12.731,0.0738,0.0739,12.0,0.0738,10.0,8933.0,720.0
2021-01-05 09:47:14.220,0.0738,0.0739,12.0,0.0737,20.0,8933.0,720.0
2021-01-05 09:47:15.230,0.0738,0.0739,12.0,0.0737,20.0,8933.0,720.0
2021-01-05 09:47:15.701,0.0738,0.0738,12.0,0.0737,20.0,8933.0,720.0
2021-01-05 09:47:16.731,0.0738,0.0738,12.0,0.0737,20.0,8933.0,720.0
2021-01-05 09:47:17.251,0.0738,0.0738,12.0,0.0737,10.0,8933.0,720.0
2021-01-05 09:47:17.760,0.0738,0.0738,12.0,0.0737,20.0,8933.0,720.0
2021-01-05 09:47:19.111,0.0738,0.0738,12.0,0.0737,10.0,8933.0,720.0
2021-01-05 09:47:19.731,0.0738,0.0738,12.0,0.0737,10.0,8933.0,720.0
2021-01-05 09:47:20.231,0.0738,0.0738,25.0,0.0737,10.0,8933.0,720.0
2021-01-05 09:47:20.730,0.0737,0.0737,27.0,0.0736,10.0,8933.0,730.0
