,last,ask1,asize1,bid1,bsize1,oi,volume
2021-01-05 09:24:58.680,0.1137,0.1137,3.0,0.1137,3.0,13196.0,
2021-01-05 09:24:59.681,0.1137,0.1137,4.0,0.1137,4.0,13196.0,
2021-01-05 09:25:00.080,0.1137,0.1137,3.0,0.112,1.0,13197.0,4.0
2021-01-05 09:30:00.451,0.1139,0.1145,1.0,0.1139,4.0,13201.0,8.0
2021-01-05 09:30:00.991,0.1145,0.115,5.0,0.1142,20.0,13201.0,10.0
2021-01-05 09:30:01.481,0.115,0.1155,1.0,0.1137,37.0,13196.0,15.0
2021-01-05 09:30:01.990,0.115,0.1155,1.0,0.1145,20.0,13196.0,15.0
2021-01-05 09:30:02.511,0.1155,0.1158,1.0,0.115,20.0,13196.0,16.0
2021-01-05 09:30:03.471,0.1155,0.1158,1.0,0.1137,57.0,13196.0,16.0
2021-01-05 09:30:04.430,0.1158,0.116,1.0,0.1141,20.0,13196.0,17.0
2021-01-05 09:30:05.010,0.116,0.117,5.0,0.1158,1.0,13195.0,18.0
2021-01-05 09:30:05.471,0.116,0.117,5.0,0.1158,21.0,13195.0,18.0
2021-01-05 09:30:05.990,0.116,0.117,5.0,0.1159,3.0,13195.0,18.0
2021-01-05 09:30:06.480,0.116,0.117,5.0,0.1159,23.0,13195.0,18.0
2021-01-05 09:30:06.971,0.117,0.1178,3.0,0.1165,20.0,13195.0,23.0
2021-01-05 09:30:07.471,0.117,0.1178,3.0,0.1166,3.0,13195.0,23.0
2021-01-05 09:30:08.001,0.117,0.1178,3.0,0.1167,20.0,13195.0,23.0
2021-01-05 09:30:08.960,0.1178,0.1185,6.0,0.1167,20.0,13198.0,26.0
2021-01-05 09:30:10.501,0.1178,0.1185,6.0,0.1167,20.0,13198.0,26.0
2021-01-05 09:30:11.000,0.1178,0.1185,6.0,0.1167,20.0,13198.0,26.0
2021-01-05 09:30:11.521,0.1185,0.1188,6.0,0.1167,20.0,13199.0,32.0
2021-01-05 09:30:11.980,0.1185,0.1188,6.0,0.1169,20.0,13199.0,32.0
2021-01-05 09:30:13.000,0.1185,0.1188,6.0,0.1163,20.0,13199.0,32.0
2021-01-05 09:30:13.501,0.1185,0.1188,6.0,0.1161,20.0,13199.0,32.0
2021-01-05 09:30:15.040,0.1185,0.1187,3.0,0.1161,20.0,13199.0,32.0
2021-01-05 09:30:15.520,0.1185,0.118,1.0,0.1159,20.0,13199.0,32.0
2021-01-05 09:30:15.991,0.1185,0.118,1.0,0.1161,20.0,13199.0,32.0
2021-01-05 09:30:17.021,0.1185,0.118,1.0,0.1154,20.0,13199.0,32.0
2021-01-05 09:30:17.641,0.1185,0.1179,3.0,0.1154,20.0,13199.0,32.0
2021-01-05 09:30:18.231,0.1185,0.1179,3.0,0.1154,20.0,13199.0,32.0
2021-01-05 09:30:19.251,0.1185,0.1179,3.0,0.1145,20.0,13199.0,32.0
2021-01-05 09:30:19.741,0.1185,0.118,1.0,0.1145,20.0,13199.0,32.0
2021-01-05 09:30:20.740,0.1147,0.118,1.0,0.1147,19.0,13199.0,33.0
2021-01-05 09:30:21.241,0.1147,0.118,1.0,0.1149,20.0,13199.0,33.0
2021-01-05 09:30:21.741,0.1147,0.118,1.0,0.1147,20.0,13199.0,33.0
2021-01-05 09:30:22.240,0.1147,0.118,1.0,0.1152,20.0,13199.0,33.0
2021-01-05 09:30:22.671,0.1147,0.118,1.0,0.115,20.0,13199.0,33.0
2021-01-05 09:30:23.170,0.1147,0.118,1.0,0.1151,3.0,13199.0,33.0
2021-01-05 09:30:23.670,0.1147,0.118,1.0,0.1154,20.0,13199.0,33.0
2021-01-05 09:30:24.140,0.1147,0.118,1.0,0.1156,20.0,13199.0,33.0
2021-01-05 09:30:25.160,0.1147,0.118,1.0,0.1161,20.0,13199.0,33.0
2021-01-05 09:30:25.671,0.1147,0.118,1.0,0.1162,3.0,13199.0,33.0
2021-01-05 09:30:26.171,0.1162,0.118,1.0,0.1162,2.0,13200.0,34.0
2021-01-05 09:30:26.670,0.1162,0.118,1.0,0.1161,20.0,13200.0,34.0
2021-01-05 09:30:27.671,0.1162,0.118,1.0,0.1156,20.0,13200.0,34.0
2021-01-05 09:30:28.670,0.1162,0.1175,1.0,0.1159,20.0,13200.0,34.0
2021-01-05 09:30:29.150,0.1175,0.118,2.0,0.1159,20.0,13201.0,35.0
2021-01-05 09:30:29.650,0.1175,0.1179,1.0,0.1159,20.0,13201.0,35.0
2021-01-05 09:30:30.171,0.1175,0.1179,1.0,0.1156,20.0,13201.0,35.0
2021-01-05 09:30:30.620,0.1175,0.1179,1.0,0.1154,20.0,13201.0,35.0
2021-01-05 09:30:31.631,0.1175,0.1179,1.0,0.1152,20.0,13201.0,35.0
2021-01-05 09:30:32.061,0.1137,0.1178,1.0,0.1137,24.0,13199.0,68.0
2021-01-05 09:30:32.551,0.1137,0.118,2.0,0.113,1.0,13199.0,68.0
2021-01-05 09:30:33.171,0.1137,0.1159,2.0,0.1134,10.0,13199.0,68.0
2021-01-05 09:30:33.671,0.1159,0.118,2.0,0.1135,2.0,13199.0,70.0
2021-01-05 09:30:34.191,0.1159,0.1179,11.0,0.1135,5.0,13199.0,70.0
2021-01-05 09:30:34.670,0.1159,0.1179,10.0,0.1149,20.0,13199.0,70.0
2021-01-05 09:30:35.121,0.1159,0.1178,3.0,0.1149,20.0,13199.0,70.0
2021-01-05 09:30:35.680,0.1159,0.118,1.0,0.1149,20.0,13199.0,70.0
2021-01-05 09:30:36.170,0.1159,0.1179,1.0,0.1152,20.0,13199.0,70.0
2021-01-05 09:30:36.691,0.1152,0.118,1.0,0.1152,19.0,13200.0,71.0
2021-01-05 09:30:37.171,0.1152,0.118,1.0,0.1149,20.0,13200.0,71.0
2021-01-05 09:30:38.141,0.1152,0.118,2.0,0.1149,20.0,13200.0,71.0
2021-01-05 09:30:38.700,0.1152,0.1179,1.0,0.1149,20.0,13200.0,71.0
2021-01-05 09:30:39.201,0.1152,0.118,2.0,0.1149,20.0,13200.0,71.0
2021-01-05 09:30:39.680,0.1152,0.1179,1.0,0.1149,20.0,13200.0,71.0
2021-01-05 09:30:39.741,0.1152,0.1179,7.0,0.1149,20.0,13200.0,71.0
2021-01-05 09:30:40.690,0.1152,0.1175,2.0,0.1147,20.0,13200.0,71.0
2021-01-05 09:30:41.011,0.1152,0.1175,2.0,0.1147,20.0,13200.0,71.0
2021-01-05 09:30:41.701,0.1152,0.1175,7.0,0.1147,20.0,13200.0,71.0
2021-01-05 09:30:42.181,0.1152,0.1175,7.0,0.1145,20.0,13200.0,71.0
2021-01-05 09:30:42.671,0.1152,0.1174,1.0,0.1145,20.0,13200.0,71.0
2021-01-05 09:30:43.180,0.1152,0.1174,21.0,0.114,20.0,13200.0,71.0
2021-01-05 09:30:43.681,0.1152,0.1173,5.0,0.114,20.0,13200.0,71.0
2021-01-05 09:30:44.181,0.1138,0.1173,5.0,0.1138,18.0,13202.0,73.0
2021-01-05 09:30:44.650,0.1138,0.1173,5.0,0.1138,20.0,13202.0,73.0
2021-01-05 09:30:45.161,0.1138,0.1173,5.0,0.1138,20.0,13202.0,73.0
2021-01-05 09:30:45.710,0.1138,0.1172,1.0,0.1138,20.0,13202.0,73.0
2021-01-05 09:30:46.200,0.1138,0.1172,21.0,0.1138,18.0,13202.0,73.0
2021-01-05 09:30:46.671,0.1138,0.1171,5.0,0.1135,20.0,13202.0,73.0
2021-01-05 09:30:47.691,0.1138,0.1171,5.0,0.1133,30.0,13202.0,73.0
2021-01-05 09:30:48.200,0.1138,0.117,1.0,0.1133,30.0,13202.0,73.0
2021-01-05 09:30:49.210,0.1138,0.1166,20.0,0.1138,4.0,13203.0,80.0
2021-01-05 09:30:49.700,0.1138,0.1165,1.0,0.1138,24.0,13203.0,80.0
2021-01-05 09:30:50.171,0.1138,0.1164,1.0,0.1138,24.0,13203.0,80.0
2021-01-05 09:30:50.720,0.1138,0.1165,20.0,0.1138,24.0,13203.0,80.0
2021-01-05 09:30:51.181,0.1138,0.1164,1.0,0.1138,24.0,13203.0,80.0
2021-01-05 09:30:51.721,0.1138,0.117,21.0,0.1138,24.0,13203.0,80.0
2021-01-05 09:30:52.221,0.1138,0.1169,1.0,0.1138,22.0,13203.0,80.0
2021-01-05 09:30:52.651,0.1138,0.1169,1.0,0.1165,2.0,13203.0,80.0
2021-01-05 09:30:53.120,0.1165,0.1165,4.0,0.1145,20.0,13205.0,82.0
2021-01-05 09:30:53.660,0.1144,0.1165,24.0,0.1144,8.0,13205.0,84.0
2021-01-05 09:30:54.130,0.1144,0.1164,3.0,0.113,21.0,13205.0,84.0
2021-01-05 09:30:54.670,0.1144,0.1165,24.0,0.1131,2.0,13205.0,84.0
2021-01-05 09:30:55.081,0.1144,0.1164,1.0,0.1148,10.0,13205.0,84.0
2021-01-05 09:30:55.671,0.1144,0.1164,4.0,0.1148,10.0,13205.0,84.0
2021-01-05 09:30:56.170,0.1148,0.1164,4.0,0.1148,9.0,13206.0,85.0
2021-01-05 09:30:57.600,0.1148,0.115,2.0,0.1148,9.0,13206.0,85.0
2021-01-05 09:30:58.091,0.115,0.1156,20.0,0.115,2.0,13204.0,87.0
2021-01-05 09:30:59.171,0.115,0.117,21.0,0.115,2.0,13204.0,87.0
2021-01-05 09:31:00.161,0.115,0.1169,5.0,0.115,2.0,13204.0,87.0
2021-01-05 09:31:00.681,0.115,0.1169,5.0,0.1157,10.0,13204.0,87.0
2021-01-05 09:31:01.140,0.115,0.1169,5.0,0.1157,10.0,13204.0,87.0
2021-01-05 09:31:01.680,0.115,0.1169,5.0,0.1158,2.0,13204.0,87.0
2021-01-05 09:31:02.170,0.115,0.1169,5.0,0.1158,2.0,13204.0,87.0
2021-01-05 09:31:02.681,0.115,0.1169,5.0,0.1158,2.0,13204.0,87.0
2021-01-05 09:31:03.680,0.115,0.1169,5.0,0.1159,1.0,13204.0,87.0
2021-01-05 09:31:04.671,0.115,0.1168,1.0,0.1159,1.0,13204.0,87.0
2021-01-05 09:31:05.130,0.1168,0.117,51.0,0.1159,1.0,13204.0,88.0
2021-01-05 09:31:05.670,0.1168,0.1169,5.0,0.1158,1.0,13204.0,88.0
2021-01-05 09:31:06.160,0.1169,0.117,51.0,0.1158,1.0,13209.0,93.0
2021-01-05 09:31:06.681,0.1158,0.1169,3.0,0.1157,10.0,13210.0,94.0
2021-01-05 09:31:07.190,0.1158,0.1169,23.0,0.1157,10.0,13210.0,94.0
2021-01-05 09:31:07.670,0.1158,0.1166,1.0,0.1157,10.0,13210.0,94.0
2021-01-05 09:31:08.200,0.1158,0.1166,1.0,0.1157,10.0,13210.0,94.0
2021-01-05 09:31:08.600,0.1157,0.1165,3.0,0.1157,7.0,13213.0,97.0
2021-01-05 09:31:09.051,0.1157,0.1165,3.0,0.1157,5.0,13215.0,99.0
2021-01-05 09:31:10.690,0.1157,0.1165,3.0,0.1157,3.0,13217.0,101.0
2021-01-05 09:31:11.701,0.1157,0.1165,3.0,0.1157,3.0,13217.0,101.0
2021-01-05 09:31:12.190,0.1157,0.1166,21.0,0.1145,20.0,13220.0,104.0
2021-01-05 09:31:12.621,0.1157,0.1166,21.0,0.116,10.0,13220.0,104.0
2021-01-05 09:31:13.170,0.116,0.1166,21.0,0.116,8.0,13222.0,106.0
2021-01-05 09:31:14.200,0.116,0.1166,21.0,0.1145,20.0,13230.0,114.0
2021-01-05 09:31:15.110,0.116,0.1166,21.0,0.116,8.0,13230.0,114.0
2021-01-05 09:31:15.710,0.116,0.1159,1.0,0.1151,10.0,13230.0,114.0
2021-01-05 09:31:15.821,0.1159,0.1162,20.0,0.1152,3.0,13230.0,115.0
2021-01-05 09:31:16.711,0.1159,0.1166,21.0,0.1158,5.0,13230.0,115.0
2021-01-05 09:31:17.201,0.1158,0.1165,3.0,0.1151,10.0,13235.0,120.0
2021-01-05 09:31:17.650,0.1158,0.1165,3.0,0.1145,20.0,13235.0,120.0
2021-01-05 09:31:18.201,0.1158,0.1162,1.0,0.1145,20.0,13235.0,120.0
2021-01-05 09:31:18.720,0.1158,0.1162,21.0,0.1136,30.0,13235.0,120.0
2021-01-05 09:31:19.150,0.1158,0.1162,21.0,0.1136,30.0,13235.0,120.0
2021-01-05 09:31:19.721,0.1158,0.1162,21.0,0.1136,30.0,13235.0,120.0
2021-01-05 09:31:20.171,0.1158,0.1161,5.0,0.115,7.0,13235.0,120.0
2021-01-05 09:31:20.701,0.1158,0.116,3.0,0.115,7.0,13235.0,120.0
2021-01-05 09:31:21.221,0.1158,0.1162,21.0,0.115,7.0,13235.0,120.0
2021-01-05 09:31:21.671,0.1158,0.1161,5.0,0.1151,3.0,13235.0,120.0
2021-01-05 09:31:22.211,0.1158,0.1161,5.0,0.1151,3.0,13235.0,120.0
2021-01-05 09:31:22.620,0.1158,0.1161,5.0,0.1151,3.0,13235.0,120.0
2021-01-05 09:31:23.171,0.1161,0.1162,2.0,0.1159,7.0,13240.0,125.0
2021-01-05 09:31:23.640,0.1161,0.1162,2.0,0.1144,20.0,13240.0,125.0
2021-01-05 09:31:24.161,0.1161,0.1151,5.0,0.1145,3.0,13240.0,125.0
2021-01-05 09:31:24.610,0.1151,0.1151,1.0,0.1145,23.0,13245.0,130.0
2021-01-05 09:31:25.131,0.1151,0.1162,2.0,0.1153,17.0,13244.0,131.0
2021-01-05 09:31:25.630,0.1151,0.1161,3.0,0.1153,17.0,13244.0,131.0
2021-01-05 09:31:26.141,0.1153,0.1161,3.0,0.1153,15.0,13246.0,133.0
2021-01-05 09:31:26.681,0.1153,0.1161,3.0,0.1153,14.0,13247.0,134.0
2021-01-05 09:31:27.171,0.1153,0.1161,3.0,0.1153,14.0,13247.0,134.0
2021-01-05 09:31:27.601,0.1153,0.1161,3.0,0.1153,14.0,13247.0,134.0
2021-01-05 09:31:28.091,0.1153,0.1162,2.0,0.1153,14.0,13247.0,134.0
2021-01-05 09:31:28.610,0.1153,0.1162,2.0,0.1153,14.0,13247.0,134.0
2021-01-05 09:31:29.171,0.1153,0.1162,22.0,0.1153,13.0,13248.0,135.0
2021-01-05 09:31:30.170,0.1153,0.1162,22.0,0.1153,12.0,13248.0,136.0
2021-01-05 09:31:30.671,0.1153,0.1162,22.0,0.1153,12.0,13248.0,136.0
2021-01-05 09:31:30.721,0.1153,0.1162,22.0,0.1153,11.0,13249.0,137.0
2021-01-05 09:31:32.191,0.1153,0.1162,22.0,0.1153,11.0,13249.0,137.0
2021-01-05 09:31:32.671,0.1153,0.1162,22.0,0.1153,1.0,13259.0,147.0
2021-01-05 09:31:33.190,0.1153,0.1156,1.0,0.1145,24.0,13259.0,148.0
2021-01-05 09:31:33.480,0.1153,0.1153,1.0,0.1146,3.0,13259.0,148.0
2021-01-05 09:31:34.181,0.1153,0.1156,1.0,0.1153,1.0,13259.0,149.0
2021-01-05 09:31:34.681,0.1156,0.116,20.0,0.1154,10.0,13258.0,150.0
2021-01-05 09:31:35.190,0.1156,0.1162,22.0,0.1154,10.0,13258.0,150.0
2021-01-05 09:31:35.670,0.1156,0.1162,22.0,0.1154,10.0,13258.0,150.0
2021-01-05 09:31:35.670,0.1156,0.116,1.0,0.1158,1.0,13258.0,150.0
2021-01-05 09:31:36.680,0.1158,0.116,21.0,0.1154,10.0,13259.0,151.0
2021-01-05 09:31:37.191,0.1158,0.116,21.0,0.1154,10.0,13259.0,151.0
2021-01-05 09:31:37.620,0.1158,0.116,21.0,0.1155,2.0,13259.0,151.0
2021-01-05 09:31:38.190,0.1158,0.1159,3.0,0.1155,2.0,13259.0,151.0
2021-01-05 09:31:38.621,0.1155,0.116,21.0,0.1148,10.0,13261.0,153.0
2021-01-05 09:31:39.210,0.1155,0.1158,3.0,0.1148,10.0,13261.0,153.0
2021-01-05 09:31:39.710,0.1155,0.1158,23.0,0.1148,10.0,13261.0,153.0
2021-01-05 09:31:40.200,0.1155,0.1158,23.0,0.1152,6.0,13261.0,153.0
2021-01-05 09:31:40.711,0.1152,0.1157,3.0,0.1145,24.0,13267.0,159.0
2021-01-05 09:31:41.191,0.1152,0.1157,3.0,0.1145,24.0,13267.0,159.0
2021-01-05 09:31:41.700,0.1152,0.1152,10.0,0.1145,24.0,13267.0,159.0
2021-01-05 09:31:42.211,0.1152,0.1152,10.0,0.1145,24.0,13267.0,159.0
2021-01-05 09:31:42.711,0.1152,0.1152,10.0,0.1145,24.0,13267.0,159.0
2021-01-05 09:31:43.191,0.1152,0.1152,10.0,0.1146,3.0,13267.0,159.0
2021-01-05 09:31:43.710,0.1152,0.1152,11.0,0.1146,3.0,13267.0,159.0
2021-01-05 09:31:44.190,0.1152,0.1152,7.0,0.1146,3.0,13271.0,163.0
2021-01-05 09:31:44.691,0.1152,0.1155,1.0,0.1149,10.0,13273.0,170.0
2021-01-05 09:31:45.170,0.1152,0.1155,1.0,0.1149,10.0,13273.0,170.0
2021-01-05 09:31:45.621,0.1152,0.1155,21.0,0.1147,10.0,13273.0,170.0
2021-01-05 09:31:46.101,0.1152,0.1155,21.0,0.1146,10.0,13273.0,170.0
2021-01-05 09:31:46.701,0.1152,0.1155,21.0,0.1146,10.0,13273.0,170.0
2021-01-05 09:31:47.191,0.1152,0.1152,1.0,0.1146,10.0,13273.0,170.0
2021-01-05 09:31:47.711,0.1152,0.1152,1.0,0.1146,10.0,13273.0,170.0
2021-01-05 09:31:48.211,0.1152,0.1152,1.0,0.1146,10.0,13273.0,170.0
2021-01-05 09:31:49.221,0.1152,0.1152,1.0,0.1146,10.0,13273.0,170.0
2021-01-05 09:31:49.711,0.1152,0.1152,1.0,0.1146,10.0,13273.0,170.0
2021-01-05 09:31:50.191,0.1145,0.1151,3.0,0.1145,14.0,13283.0,180.0
2021-01-05 09:31:50.710,0.1145,0.1151,23.0,0.1145,14.0,13283.0,180.0
2021-01-05 09:31:51.210,0.1145,0.1151,23.0,0.1145,14.0,13283.0,180.0
2021-01-05 09:31:51.701,0.1145,0.1151,23.0,0.1145,14.0,13283.0,180.0
2021-01-05 09:31:52.070,0.1136,0.1151,23.0,0.1136,9.0,13297.0,195.0
2021-01-05 09:31:52.621,0.1136,0.1151,23.0,0.1136,9.0,13297.0,195.0
2021-01-05 09:31:53.171,0.1136,0.115,1.0,0.1137,1.0,13297.0,195.0
2021-01-05 09:31:53.640,0.1136,0.115,1.0,0.1137,1.0,13297.0,195.0
2021-01-05 09:31:54.641,0.1136,0.115,1.0,0.1137,1.0,13297.0,195.0
2021-01-05 09:31:55.150,0.1136,0.1145,1.0,0.1137,1.0,13297.0,195.0
2021-01-05 09:31:56.110,0.1136,0.1145,21.0,0.114,8.0,13297.0,195.0
2021-01-05 09:31:56.681,0.1136,0.1145,21.0,0.114,8.0,13297.0,195.0
2021-01-05 09:31:58.171,0.1136,0.1145,21.0,0.1131,20.0,13297.0,195.0
2021-01-05 09:31:59.121,0.1136,0.1144,1.0,0.1136,1.0,13297.0,196.0
2021-01-05 09:31:59.660,0.1136,0.1145,21.0,0.114,14.0,13297.0,196.0
2021-01-05 09:32:00.150,0.1136,0.1145,21.0,0.114,14.0,13297.0,196.0
2021-01-05 09:32:00.650,0.1136,0.1145,21.0,0.1131,20.0,13297.0,196.0
2021-01-05 09:32:01.170,0.1136,0.1145,21.0,0.1131,20.0,13297.0,196.0
2021-01-05 09:32:01.670,0.1136,0.1144,1.0,0.1142,14.0,13297.0,196.0
2021-01-05 09:32:02.171,0.1144,0.1145,2.0,0.1142,14.0,13298.0,197.0
2021-01-05 09:32:02.661,0.1144,0.1145,2.0,0.1142,14.0,13298.0,197.0
2021-01-05 09:32:03.180,0.1144,0.1145,2.0,0.1143,3.0,13298.0,197.0
2021-01-05 09:32:03.641,0.1144,0.1145,2.0,0.1143,3.0,13298.0,197.0
2021-01-05 09:32:04.150,0.1145,0.1151,20.0,0.1143,3.0,13297.0,199.0
2021-01-05 09:32:04.661,0.1141,0.1152,2.0,0.1141,19.0,13296.0,200.0
2021-01-05 09:32:05.141,0.1141,0.1152,22.0,0.1134,30.0,13296.0,200.0
2021-01-05 09:32:05.660,0.1141,0.1151,1.0,0.1134,30.0,13296.0,200.0
2021-01-05 09:32:06.161,0.1141,0.115,3.0,0.1135,1.0,13296.0,200.0
2021-01-05 09:32:06.680,0.1141,0.115,24.0,0.1135,1.0,13296.0,200.0
2021-01-05 09:32:07.070,0.1141,0.115,1.0,0.1135,1.0,13296.0,200.0
2021-01-05 09:32:07.671,0.1141,0.115,1.0,0.1145,3.0,13296.0,200.0
2021-01-05 09:32:08.171,0.1145,0.1149,3.0,0.1135,1.0,13299.0,203.0
2021-01-05 09:32:08.651,0.1145,0.115,1.0,0.1134,10.0,13299.0,203.0
2021-01-05 09:32:09.141,0.1145,0.1149,10.0,0.1134,10.0,13299.0,203.0
2021-01-05 09:32:09.681,0.1145,0.1149,20.0,0.1134,10.0,13299.0,203.0
2021-01-05 09:32:10.140,0.1145,0.1149,20.0,0.1134,10.0,13299.0,203.0
2021-01-05 09:32:10.601,0.1145,0.1145,1.0,0.1134,10.0,13299.0,203.0
2021-01-05 09:32:11.120,0.1145,0.1145,1.0,0.1134,10.0,13299.0,203.0
2021-01-05 09:32:11.650,0.1145,0.1145,1.0,0.1135,3.0,13299.0,203.0
2021-01-05 09:32:12.161,0.1145,0.1145,1.0,0.1135,3.0,13299.0,203.0
2021-01-05 09:32:12.670,0.1145,0.1145,1.0,0.1141,10.0,13299.0,203.0
2021-01-05 09:32:13.171,0.1145,0.1145,1.0,0.1141,10.0,13299.0,203.0
2021-01-05 09:32:13.680,0.1145,0.1144,2.0,0.1141,10.0,13299.0,203.0
2021-01-05 09:32:14.180,0.1145,0.1144,2.0,0.1141,10.0,13299.0,203.0
2021-01-05 09:32:14.660,0.1145,0.1144,2.0,0.1136,10.0,13299.0,203.0
2021-01-05 09:32:15.171,0.1145,0.1144,2.0,0.1136,10.0,13299.0,203.0
2021-01-05 09:32:15.671,0.1145,0.1144,2.0,0.1136,10.0,13299.0,203.0
2021-01-05 09:32:16.151,0.1145,0.1144,2.0,0.1139,13.0,13299.0,203.0
2021-01-05 09:32:16.551,0.1145,0.1144,2.0,0.1139,13.0,13299.0,203.0
2021-01-05 09:32:17.161,0.1145,0.1144,2.0,0.1139,13.0,13299.0,203.0
2021-01-05 09:32:17.651,0.1145,0.1144,2.0,0.1136,10.0,13299.0,203.0
2021-01-05 09:32:18.130,0.1145,0.1143,13.0,0.1136,10.0,13299.0,203.0
2021-01-05 09:32:18.670,0.1145,0.1143,13.0,0.1136,10.0,13299.0,203.0
2021-01-05 09:32:19.150,0.1145,0.1143,13.0,0.1138,5.0,13299.0,203.0
2021-01-05 09:32:19.670,0.1145,0.1143,13.0,0.1138,5.0,13299.0,203.0
2021-01-05 09:32:20.151,0.1145,0.1144,35.0,0.1138,13.0,13299.0,203.0
2021-01-05 09:32:20.671,0.1145,0.1142,1.0,0.1136,13.0,13299.0,203.0
2021-01-05 09:32:21.171,0.1145,0.1142,1.0,0.1139,10.0,13299.0,203.0
2021-01-05 09:32:21.680,0.1145,0.1142,1.0,0.114,3.0,13299.0,203.0
2021-01-05 09:32:22.181,0.1145,0.1142,1.0,0.114,3.0,13299.0,203.0
2021-01-05 09:32:22.660,0.1142,0.1144,2.0,0.114,16.0,13299.0,204.0
2021-01-05 09:32:23.180,0.1142,0.1144,2.0,0.114,3.0,13299.0,204.0
2021-01-05 09:32:24.160,0.1142,0.1144,2.0,0.1139,23.0,13299.0,204.0
2021-01-05 09:32:24.640,0.1142,0.1144,15.0,0.1139,10.0,13299.0,204.0
2021-01-05 09:32:25.170,0.1142,0.1143,13.0,0.1139,10.0,13299.0,204.0
2021-01-05 09:32:25.670,0.1142,0.1142,3.0,0.1139,10.0,13299.0,204.0
2021-01-05 09:32:26.171,0.1139,0.1141,13.0,0.1133,20.0,13300.0,205.0
2021-01-05 09:32:26.650,0.1139,0.1141,13.0,0.1132,10.0,13300.0,205.0
2021-01-05 09:32:27.670,0.1139,0.1141,13.0,0.1136,15.0,13300.0,205.0
2021-01-05 09:32:28.630,0.1139,0.1141,13.0,0.1136,15.0,13300.0,205.0
2021-01-05 09:32:29.180,0.1139,0.1141,13.0,0.1136,15.0,13300.0,205.0
2021-01-05 09:32:30.171,0.1139,0.1141,13.0,0.1136,15.0,13300.0,205.0
2021-01-05 09:32:30.671,0.1139,0.1141,13.0,0.1136,15.0,13300.0,205.0
2021-01-05 09:32:31.151,0.1139,0.1144,13.0,0.1136,15.0,13300.0,205.0
2021-01-05 09:32:31.631,0.1136,0.1144,13.0,0.1136,13.0,13302.0,207.0
2021-01-05 09:32:32.121,0.1136,0.1144,13.0,0.1136,13.0,13302.0,207.0
2021-01-05 09:32:32.690,0.1136,0.1144,13.0,0.1136,3.0,13302.0,217.0
2021-01-05 09:32:33.141,0.1136,0.1144,13.0,0.1136,3.0,13302.0,217.0
2021-01-05 09:32:33.671,0.1136,0.1144,13.0,0.1136,3.0,13302.0,217.0
2021-01-05 09:32:34.171,0.1136,0.1144,13.0,0.1136,3.0,13302.0,217.0
2021-01-05 09:32:34.691,0.1136,0.1144,13.0,0.1136,3.0,13302.0,217.0
2021-01-05 09:32:35.170,0.1136,0.1144,13.0,0.1136,1.0,13304.0,219.0
2021-01-05 09:32:35.671,0.1136,0.1144,13.0,0.1136,1.0,13304.0,219.0
2021-01-05 09:32:36.190,0.1136,0.1144,33.0,0.1136,1.0,13304.0,219.0
2021-01-05 09:32:36.691,0.1136,0.1143,13.0,0.1136,1.0,13304.0,219.0
2021-01-05 09:32:37.150,0.1136,0.1143,13.0,0.1131,13.0,13304.0,220.0
2021-01-05 09:32:37.640,0.1136,0.1143,13.0,0.113,1.0,13304.0,220.0
2021-01-05 09:32:38.670,0.1131,0.1131,2.0,0.113,21.0,13304.0,233.0
2021-01-05 09:32:38.710,0.1131,0.1136,13.0,0.1134,20.0,13304.0,235.0
2021-01-05 09:32:39.561,0.1132,0.1136,13.0,0.1132,10.0,13314.0,246.0
2021-01-05 09:32:40.151,0.1132,0.1136,13.0,0.1132,10.0,13314.0,246.0
2021-01-05 09:32:41.690,0.1132,0.1136,13.0,0.113,21.0,13314.0,246.0
2021-01-05 09:32:42.201,0.1132,0.1137,33.0,0.1132,16.0,13318.0,250.0
2021-01-05 09:32:42.700,0.1132,0.1136,13.0,0.1131,13.0,13318.0,250.0
2021-01-05 09:32:43.121,0.1131,0.1132,1.0,0.113,21.0,13328.0,260.0
2021-01-05 09:32:43.580,0.1132,0.1136,13.0,0.1132,21.0,13327.0,261.0
2021-01-05 09:32:44.151,0.1132,0.1137,33.0,0.1132,21.0,13327.0,261.0
2021-01-05 09:32:44.700,0.1132,0.1138,13.0,0.1134,20.0,13327.0,261.0
2021-01-05 09:32:45.580,0.1132,0.1138,20.0,0.1132,40.0,13327.0,261.0
2021-01-05 09:32:46.160,0.1132,0.1137,13.0,0.1132,20.0,13327.0,261.0
2021-01-05 09:32:46.621,0.1132,0.1137,13.0,0.1132,10.0,13337.0,271.0
2021-01-05 09:32:47.201,0.1132,0.1136,3.0,0.1132,10.0,13337.0,271.0
2021-01-05 09:32:47.701,0.1132,0.1135,13.0,0.1129,33.0,13337.0,271.0
2021-01-05 09:32:48.181,0.1132,0.1135,13.0,0.1129,20.0,13337.0,271.0
2021-01-05 09:32:48.690,0.1132,0.1134,20.0,0.1127,20.0,13337.0,271.0
2021-01-05 09:32:49.030,0.1132,0.1133,13.0,0.1127,20.0,13337.0,271.0
2021-01-05 09:32:49.611,0.1132,0.113,20.0,0.1121,33.0,13337.0,271.0
2021-01-05 09:32:50.171,0.1132,0.1126,20.0,0.112,1.0,13337.0,271.0
2021-01-05 09:32:50.700,0.1126,0.1125,3.0,0.1124,20.0,13342.0,276.0
2021-01-05 09:32:51.170,0.1124,0.1128,13.0,0.1122,13.0,13355.0,289.0
2021-01-05 09:32:51.701,0.1124,0.1125,20.0,0.112,1.0,13355.0,289.0
2021-01-05 09:32:52.191,0.1124,0.1126,13.0,0.1121,33.0,13355.0,289.0
2021-01-05 09:32:52.671,0.1124,0.1128,13.0,0.1125,1.0,13355.0,289.0
2021-01-05 09:32:53.161,0.1124,0.1129,33.0,0.1125,1.0,13355.0,289.0
2021-01-05 09:32:53.641,0.1124,0.1131,33.0,0.1125,14.0,13355.0,289.0
2021-01-05 09:32:54.181,0.1124,0.1131,13.0,0.1128,20.0,13355.0,289.0
2021-01-05 09:32:54.671,0.1131,0.1132,13.0,0.1129,3.0,13355.0,292.0
2021-01-05 09:32:55.170,0.1131,0.1133,13.0,0.1129,3.0,13355.0,292.0
2021-01-05 09:32:55.670,0.1128,0.1132,20.0,0.1128,11.0,13365.0,302.0
2021-01-05 09:32:56.150,0.1128,0.113,20.0,0.1124,20.0,13365.0,302.0
2021-01-05 09:32:56.611,0.1128,0.1129,13.0,0.1122,20.0,13365.0,302.0
2021-01-05 09:32:57.130,0.1128,0.113,20.0,0.1124,20.0,13365.0,302.0
2021-01-05 09:32:57.600,0.1128,0.1132,20.0,0.1127,20.0,13365.0,302.0
2021-01-05 09:32:57.600,0.1128,0.1132,33.0,0.1126,13.0,13365.0,302.0
2021-01-05 09:32:58.651,0.1128,0.113,20.0,0.1125,33.0,13365.0,302.0
2021-01-05 09:32:59.170,0.1128,0.1132,33.0,0.1126,13.0,13365.0,302.0
2021-01-05 09:32:59.621,0.1128,0.113,20.0,0.1123,33.0,13365.0,302.0
2021-01-05 09:33:00.180,0.1128,0.113,33.0,0.1124,13.0,13365.0,302.0
2021-01-05 09:33:00.651,0.1128,0.113,33.0,0.1125,20.0,13365.0,302.0
2021-01-05 09:33:01.141,0.1128,0.1131,13.0,0.1127,20.0,13365.0,302.0
2021-01-05 09:33:01.661,0.1128,0.1134,13.0,0.1129,20.0,13365.0,302.0
2021-01-05 09:33:02.130,0.1128,0.1134,13.0,0.1129,20.0,13365.0,302.0
2021-01-05 09:33:02.620,0.1134,0.1135,15.0,0.1131,20.0,13367.0,308.0
2021-01-05 09:33:03.121,0.1135,0.1136,4.0,0.1135,1.0,13367.0,310.0
2021-01-05 09:33:03.681,0.1136,0.114,13.0,0.1135,1.0,13363.0,314.0
2021-01-05 09:33:04.140,0.1136,0.1143,33.0,0.1136,13.0,13363.0,314.0
2021-01-05 09:33:04.630,0.1136,0.1143,13.0,0.1137,20.0,13363.0,314.0
2021-01-05 09:33:05.181,0.1136,0.1144,13.0,0.1138,16.0,13363.0,314.0
2021-01-05 09:33:05.690,0.1136,0.1144,13.0,0.1138,3.0,13363.0,314.0
2021-01-05 09:33:06.170,0.1144,0.1144,13.0,0.1139,22.0,13369.0,320.0
2021-01-05 09:33:06.651,0.1144,0.1145,15.0,0.1139,55.0,13369.0,320.0
2021-01-05 09:33:07.171,0.1144,0.1145,2.0,0.1141,20.0,13369.0,320.0
2021-01-05 09:33:07.601,0.1144,0.1145,15.0,0.1141,20.0,13369.0,320.0
2021-01-05 09:33:08.191,0.1144,0.1145,2.0,0.1139,53.0,13369.0,320.0
2021-01-05 09:33:08.681,0.1144,0.1144,20.0,0.1139,33.0,13369.0,320.0
2021-01-05 09:33:09.181,0.1144,0.1143,3.0,0.1137,20.0,13371.0,322.0
2021-01-05 09:33:09.630,0.1144,0.1142,20.0,0.1138,13.0,13371.0,322.0
2021-01-05 09:33:10.180,0.1144,0.1144,20.0,0.1138,13.0,13371.0,322.0
2021-01-05 09:33:10.681,0.1144,0.1144,1.0,0.114,20.0,13371.0,322.0
2021-01-05 09:33:11.180,0.1144,0.1144,1.0,0.114,33.0,13371.0,322.0
2021-01-05 09:33:11.670,0.1144,0.1144,1.0,0.1141,16.0,13371.0,322.0
2021-01-05 09:33:12.181,0.1144,0.1145,15.0,0.1141,3.0,13372.0,323.0
2021-01-05 09:33:12.650,0.1144,0.1144,33.0,0.114,20.0,13372.0,323.0
2021-01-05 09:33:13.100,0.1144,0.1144,33.0,0.1138,13.0,13372.0,323.0
2021-01-05 09:33:13.691,0.1144,0.1144,20.0,0.1138,13.0,13372.0,323.0
2021-01-05 09:33:14.160,0.1144,0.1141,10.0,0.1139,20.0,13372.0,323.0
2021-01-05 09:33:14.650,0.1144,0.1141,10.0,0.1139,20.0,13372.0,323.0
2021-01-05 09:33:15.071,0.1141,0.1141,6.0,0.1139,33.0,13376.0,327.0
2021-01-05 09:33:15.651,0.1141,0.1145,2.0,0.1141,16.0,13382.0,333.0
2021-01-05 09:33:16.171,0.1141,0.1145,2.0,0.1142,13.0,13382.0,333.0
2021-01-05 09:33:16.671,0.1145,0.115,21.0,0.1143,3.0,13381.0,335.0
2021-01-05 09:33:17.190,0.1145,0.115,21.0,0.1144,13.0,13381.0,335.0
2021-01-05 09:33:17.691,0.1145,0.115,21.0,0.1144,33.0,13381.0,335.0
2021-01-05 09:33:18.160,0.115,0.1151,13.0,0.1145,13.0,13383.0,337.0
2021-01-05 09:33:18.680,0.115,0.1151,13.0,0.1144,20.0,13383.0,337.0
2021-01-05 09:33:19.191,0.115,0.1151,13.0,0.1145,13.0,13383.0,337.0
2021-01-05 09:33:19.591,0.115,0.1152,20.0,0.1145,33.0,13383.0,337.0
2021-01-05 09:33:20.171,0.115,0.1151,13.0,0.1146,13.0,13383.0,337.0
2021-01-05 09:33:20.680,0.115,0.1152,20.0,0.1145,53.0,13383.0,337.0
2021-01-05 09:33:21.160,0.1152,0.1154,33.0,0.1147,20.0,13387.0,341.0
2021-01-05 09:33:21.681,0.1152,0.1152,20.0,0.1148,13.0,13387.0,341.0
2021-01-05 09:33:22.150,0.1152,0.1153,20.0,0.1148,13.0,13387.0,341.0
2021-01-05 09:33:22.670,0.1152,0.1155,30.0,0.1148,13.0,13387.0,341.0
2021-01-05 09:33:23.051,0.1152,0.1155,30.0,0.1148,33.0,13387.0,341.0
2021-01-05 09:33:23.660,0.1152,0.1155,30.0,0.1149,13.0,13387.0,341.0
2021-01-05 09:33:24.171,0.1155,0.1153,20.0,0.1148,33.0,13387.0,345.0
2021-01-05 09:33:24.651,0.1155,0.1153,33.0,0.1148,20.0,13387.0,345.0
2021-01-05 09:33:25.151,0.1155,0.1153,33.0,0.1148,13.0,13387.0,345.0
2021-01-05 09:33:25.671,0.1155,0.1151,20.0,0.1147,13.0,13387.0,345.0
2021-01-05 09:33:26.161,0.1155,0.1151,30.0,0.1146,13.0,13387.0,345.0
2021-01-05 09:33:26.651,0.1155,0.1149,20.0,0.1145,13.0,13387.0,345.0
2021-01-05 09:33:27.110,0.1149,0.1152,20.0,0.1146,20.0,13391.0,349.0
2021-01-05 09:33:27.571,0.1149,0.1149,30.0,0.1146,13.0,13391.0,349.0
2021-01-05 09:33:28.180,0.1149,0.1149,30.0,0.1144,33.0,13391.0,349.0
2021-01-05 09:33:28.670,0.1149,0.1149,10.0,0.1146,20.0,13391.0,349.0
2021-01-05 09:33:29.171,0.1149,0.1152,20.0,0.1147,13.0,13391.0,349.0
2021-01-05 09:33:30.170,0.115,0.115,15.0,0.1145,33.0,13396.0,354.0
2021-01-05 09:33:30.670,0.115,0.115,15.0,0.1146,13.0,13396.0,354.0
2021-01-05 09:33:31.181,0.1146,0.115,15.0,0.1146,12.0,13396.0,355.0
2021-01-05 09:33:31.680,0.1146,0.115,15.0,0.1146,13.0,13396.0,355.0
2021-01-05 09:33:32.170,0.1146,0.115,15.0,0.1146,13.0,13396.0,355.0
2021-01-05 09:33:32.620,0.1146,0.115,15.0,0.1146,13.0,13396.0,355.0
2021-01-05 09:33:33.000,0.115,0.115,12.0,0.1146,13.0,13399.0,358.0
2021-01-05 09:33:33.680,0.115,0.1152,20.0,0.1146,33.0,13399.0,358.0
2021-01-05 09:33:34.070,0.115,0.115,20.0,0.1146,33.0,13399.0,358.0
2021-01-05 09:33:35.690,0.115,0.1152,33.0,0.1146,33.0,13399.0,358.0
2021-01-05 09:33:35.951,0.115,0.1152,20.0,0.1146,20.0,13399.0,358.0
2021-01-05 09:33:36.681,0.115,0.1153,10.0,0.1148,20.0,13399.0,358.0
2021-01-05 09:33:37.190,0.115,0.1153,10.0,0.1149,13.0,13399.0,358.0
2021-01-05 09:33:37.640,0.115,0.1153,10.0,0.115,23.0,13399.0,358.0
2021-01-05 09:33:38.120,0.115,0.1157,33.0,0.1151,13.0,13399.0,358.0
2021-01-05 09:33:39.201,0.1157,0.1156,20.0,0.1151,13.0,13402.0,361.0
2021-01-05 09:33:39.641,0.1157,0.1154,20.0,0.1151,13.0,13402.0,361.0
2021-01-05 09:33:39.820,0.1157,0.1153,3.0,0.1149,13.0,13402.0,361.0
2021-01-05 09:33:40.690,0.1157,0.1153,16.0,0.1147,33.0,13402.0,361.0
2021-01-05 09:33:41.161,0.1157,0.1152,20.0,0.1148,13.0,13402.0,361.0
2021-01-05 09:33:41.691,0.1157,0.1153,3.0,0.1148,33.0,13402.0,361.0
2021-01-05 09:33:42.041,0.1153,0.1152,20.0,0.1147,13.0,13405.0,364.0
2021-01-05 09:33:42.640,0.1153,0.1152,33.0,0.1146,13.0,13405.0,364.0
2021-01-05 09:33:43.180,0.1153,0.115,20.0,0.1146,13.0,13405.0,364.0
2021-01-05 09:33:43.681,0.1153,0.115,20.0,0.1144,13.0,13405.0,364.0
2021-01-05 09:33:44.110,0.1153,0.115,20.0,0.1145,20.0,13405.0,364.0
2021-01-05 09:33:44.671,0.1153,0.115,20.0,0.1146,13.0,13405.0,364.0
2021-01-05 09:33:45.180,0.115,0.1152,20.0,0.1146,13.0,13410.0,369.0
2021-01-05 09:33:45.660,0.115,0.1152,33.0,0.1146,13.0,13410.0,369.0
2021-01-05 09:33:46.161,0.115,0.115,20.0,0.1145,33.0,13410.0,369.0
2021-01-05 09:33:46.680,0.115,0.1148,20.0,0.1144,13.0,13410.0,369.0
2021-01-05 09:33:47.191,0.115,0.1148,33.0,0.1142,13.0,13410.0,369.0
2021-01-05 09:33:47.681,0.115,0.1147,4.0,0.1141,13.0,13410.0,369.0
2021-01-05 09:33:48.171,0.1147,0.1147,2.0,0.1141,13.0,13412.0,371.0
2021-01-05 09:33:48.680,0.1147,0.1147,2.0,0.1141,13.0,13412.0,371.0
2021-01-05 09:33:49.120,0.1147,0.1147,15.0,0.1141,13.0,13412.0,371.0
2021-01-05 09:33:50.130,0.1147,0.1143,10.0,0.1141,13.0,13412.0,371.0
2021-01-05 09:33:50.670,0.1147,0.1143,10.0,0.1141,13.0,13412.0,371.0
2021-01-05 09:33:50.860,0.1143,0.1143,7.0,0.1142,3.0,13412.0,374.0
2021-01-05 09:33:51.581,0.1143,0.1147,2.0,0.1143,13.0,13405.0,381.0
2021-01-05 09:33:52.190,0.1143,0.1146,10.0,0.1144,20.0,13405.0,381.0
2021-01-05 09:33:52.570,0.1143,0.1146,10.0,0.1144,20.0,13405.0,381.0
2021-01-05 09:33:52.960,0.1143,0.1146,10.0,0.1143,13.0,13405.0,381.0
2021-01-05 09:33:53.650,0.1143,0.1146,10.0,0.1144,20.0,13405.0,381.0
2021-01-05 09:33:54.180,0.1146,0.1146,7.0,0.1144,20.0,13405.0,384.0
2021-01-05 09:33:55.650,0.1146,0.1144,49.0,0.1142,33.0,13405.0,384.0
2021-01-05 09:33:56.120,0.1144,0.1144,29.0,0.1142,33.0,13425.0,404.0
2021-01-05 09:33:56.681,0.1144,0.1144,29.0,0.1143,33.0,13425.0,404.0
2021-01-05 09:33:57.171,0.1144,0.1144,29.0,0.1143,20.0,13425.0,404.0
2021-01-05 09:33:57.671,0.1144,0.1144,29.0,0.1142,13.0,13425.0,404.0
2021-01-05 09:33:58.170,0.1142,0.1144,29.0,0.114,13.0,13425.0,411.0
2021-01-05 09:33:58.670,0.114,0.1142,13.0,0.1139,20.0,13427.0,413.0
2021-01-05 09:33:59.140,0.114,0.114,10.0,0.1134,40.0,13427.0,413.0
2021-01-05 09:33:59.590,0.114,0.1139,13.0,0.1134,40.0,13427.0,413.0
2021-01-05 09:34:00.191,0.114,0.1139,16.0,0.1134,40.0,13427.0,413.0
2021-01-05 09:34:00.671,0.114,0.1138,14.0,0.1134,20.0,13427.0,413.0
2021-01-05 09:34:01.081,0.114,0.1137,13.0,0.1132,13.0,13427.0,413.0
2021-01-05 09:34:01.661,0.114,0.1137,2.0,0.1135,20.0,13427.0,413.0
2021-01-05 09:34:02.170,0.1137,0.1138,1.0,0.1137,20.0,13427.0,415.0
2021-01-05 09:34:02.671,0.1138,0.1138,11.0,0.1135,40.0,13427.0,418.0
2021-01-05 09:34:03.121,0.1138,0.1138,13.0,0.1135,40.0,13428.0,419.0
2021-01-05 09:34:04.120,0.1138,0.1138,13.0,0.1135,20.0,13428.0,419.0
2021-01-05 09:34:04.671,0.1138,0.1138,13.0,0.1133,40.0,13428.0,419.0
2021-01-05 09:34:05.121,0.1138,0.1138,13.0,0.1133,20.0,13428.0,419.0
2021-01-05 09:34:06.191,0.1138,0.1138,13.0,0.1133,20.0,13428.0,419.0
2021-01-05 09:34:06.671,0.1138,0.1134,10.0,0.1132,13.0,13428.0,419.0
2021-01-05 09:34:07.130,0.1138,0.1134,10.0,0.1131,40.0,13428.0,419.0
2021-01-05 09:34:07.601,0.1138,0.1133,13.0,0.1131,20.0,13428.0,419.0
2021-01-05 09:34:08.171,0.1138,0.1132,23.0,0.1131,20.0,13428.0,419.0
2021-01-05 09:34:08.690,0.1131,0.1132,10.0,0.1128,33.0,13425.0,439.0
2021-01-05 09:34:09.170,0.1131,0.1132,10.0,0.1129,20.0,13425.0,439.0
2021-01-05 09:34:09.670,0.1131,0.1132,10.0,0.1131,20.0,13425.0,439.0
2021-01-05 09:34:10.140,0.1131,0.1132,10.0,0.1131,20.0,13425.0,439.0
2021-01-05 09:34:10.690,0.1133,0.1134,10.0,0.1133,8.0,13415.0,451.0
2021-01-05 09:34:11.151,0.1133,0.1136,13.0,0.1133,28.0,13415.0,451.0
2021-01-05 09:34:11.681,0.1133,0.1138,15.0,0.1136,5.0,13415.0,451.0
2021-01-05 09:34:12.081,0.1133,0.1138,15.0,0.1135,20.0,13415.0,451.0
2021-01-05 09:34:12.621,0.1133,0.1137,20.0,0.1133,33.0,13415.0,451.0
2021-01-05 09:34:13.191,0.1133,0.1138,15.0,0.1134,33.0,13415.0,451.0
2021-01-05 09:34:13.521,0.1138,0.1138,12.0,0.1136,20.0,13418.0,454.0
2021-01-05 09:34:14.150,0.1138,0.1141,13.0,0.1138,21.0,13421.0,466.0
2021-01-05 09:34:14.691,0.1141,0.1142,3.0,0.1138,34.0,13424.0,469.0
2021-01-05 09:34:15.181,0.1141,0.1142,3.0,0.1141,20.0,13424.0,469.0
2021-01-05 09:34:15.681,0.1141,0.1142,3.0,0.1139,53.0,13424.0,469.0
2021-01-05 09:34:16.190,0.1141,0.1142,3.0,0.1139,20.0,13424.0,469.0
2021-01-05 09:34:16.630,0.1141,0.1139,4.0,0.1136,13.0,13424.0,469.0
2021-01-05 09:34:17.070,0.1141,0.1139,4.0,0.1136,13.0,13424.0,469.0
2021-01-05 09:34:17.690,0.1141,0.1138,23.0,0.1135,13.0,13424.0,469.0
2021-01-05 09:34:18.201,0.1133,0.1138,23.0,0.1133,12.0,13424.0,470.0
2021-01-05 09:34:18.201,0.1133,0.1138,23.0,0.1133,33.0,13424.0,470.0
2021-01-05 09:34:19.041,0.1133,0.1138,33.0,0.1132,33.0,13424.0,470.0
2021-01-05 09:34:19.700,0.1139,0.1139,19.0,0.1134,20.0,13425.0,471.0
2021-01-05 09:34:19.961,0.1139,0.1137,20.0,0.1132,33.0,13425.0,471.0
2021-01-05 09:34:20.651,0.1139,0.1137,20.0,0.1132,33.0,13425.0,471.0
2021-01-05 09:34:21.200,0.1139,0.1136,3.0,0.1132,20.0,13425.0,471.0
2021-01-05 09:34:21.690,0.1139,0.1136,16.0,0.1132,20.0,13425.0,471.0
2021-01-05 09:34:22.151,0.1136,0.1136,11.0,0.1131,33.0,13430.0,476.0
2021-01-05 09:34:22.651,0.1136,0.1136,13.0,0.1131,33.0,13430.0,476.0
2021-01-05 09:34:23.181,0.1136,0.1137,33.0,0.1132,13.0,13430.0,476.0
2021-01-05 09:34:23.661,0.1136,0.1137,33.0,0.1132,13.0,13430.0,476.0
2021-01-05 09:34:24.170,0.1136,0.1137,20.0,0.1132,13.0,13430.0,476.0
2021-01-05 09:34:24.600,0.1136,0.1137,33.0,0.1132,13.0,13430.0,476.0
2021-01-05 09:34:25.150,0.1136,0.1137,43.0,0.1132,13.0,13430.0,476.0
2021-01-05 09:34:25.671,0.1136,0.1137,43.0,0.1132,13.0,13430.0,476.0
2021-01-05 09:34:26.170,0.1136,0.1137,30.0,0.1132,13.0,13430.0,476.0
2021-01-05 09:34:26.641,0.1136,0.1136,20.0,0.1132,13.0,13430.0,476.0
2021-01-05 09:34:27.150,0.1136,0.1136,20.0,0.1131,53.0,13430.0,476.0
2021-01-05 09:34:27.690,0.1136,0.1136,20.0,0.1132,3.0,13430.0,476.0
2021-01-05 09:34:28.120,0.1136,0.1136,20.0,0.1132,16.0,13430.0,476.0
2021-01-05 09:34:28.621,0.1136,0.1136,20.0,0.1132,13.0,13430.0,476.0
2021-01-05 09:34:29.171,0.1136,0.1136,20.0,0.1132,13.0,13430.0,476.0
2021-01-05 09:34:29.601,0.1136,0.1136,20.0,0.1132,13.0,13430.0,476.0
2021-01-05 09:34:30.170,0.1136,0.1136,20.0,0.1132,13.0,13430.0,476.0
2021-01-05 09:34:30.681,0.1136,0.1137,10.0,0.1132,13.0,13430.0,476.0
2021-01-05 09:34:31.190,0.1136,0.1136,20.0,0.1132,13.0,13430.0,476.0
2021-01-05 09:34:31.280,0.1136,0.1136,20.0,0.1132,13.0,13430.0,476.0
2021-01-05 09:34:32.690,0.1136,0.1136,21.0,0.1132,13.0,13430.0,476.0
2021-01-05 09:34:33.090,0.1136,0.1136,21.0,0.1131,33.0,13430.0,476.0
2021-01-05 09:34:33.691,0.1136,0.1134,20.0,0.1128,13.0,13430.0,476.0
2021-01-05 09:34:34.171,0.1136,0.1134,20.0,0.1128,13.0,13430.0,476.0
2021-01-05 09:34:34.640,0.1136,0.1134,20.0,0.1128,13.0,13430.0,476.0
2021-01-05 09:34:35.130,0.1136,0.1133,10.0,0.1128,13.0,13430.0,476.0
2021-01-05 09:34:35.691,0.1136,0.1132,20.0,0.1128,13.0,13430.0,476.0
2021-01-05 09:34:36.680,0.1136,0.1132,20.0,0.1128,13.0,13430.0,476.0
2021-01-05 09:34:37.161,0.1136,0.1132,20.0,0.1126,13.0,13430.0,476.0
2021-01-05 09:34:37.700,0.1136,0.113,30.0,0.1126,13.0,13430.0,476.0
2021-01-05 09:34:38.171,0.1136,0.113,20.0,0.1123,41.0,13430.0,476.0
2021-01-05 09:34:38.611,0.1136,0.113,33.0,0.1124,13.0,13430.0,476.0
2021-01-05 09:34:39.091,0.1124,0.113,20.0,0.1124,13.0,13430.0,477.0
2021-01-05 09:34:39.470,0.1124,0.113,20.0,0.1124,13.0,13430.0,477.0
2021-01-05 09:34:40.171,0.1124,0.1128,20.0,0.1124,13.0,13430.0,479.0
2021-01-05 09:34:40.421,0.1124,0.113,20.0,0.1125,13.0,13430.0,480.0
2021-01-05 09:34:41.201,0.1125,0.1128,20.0,0.1124,13.0,13431.0,481.0
2021-01-05 09:34:42.171,0.1125,0.1128,20.0,0.1123,1.0,13431.0,481.0
2021-01-05 09:34:42.680,0.1125,0.1128,20.0,0.1123,14.0,13431.0,481.0
2021-01-05 09:34:43.191,0.1125,0.1128,20.0,0.1123,14.0,13431.0,481.0
2021-01-05 09:34:43.671,0.1125,0.1128,20.0,0.1123,14.0,13431.0,481.0
2021-01-05 09:34:44.701,0.1125,0.1128,20.0,0.1123,34.0,13431.0,481.0
2021-01-05 09:34:45.200,0.1123,0.1123,1.0,0.1122,33.0,13431.0,482.0
2021-01-05 09:34:45.721,0.1123,0.1128,33.0,0.1123,3.0,13431.0,483.0
2021-01-05 09:34:46.140,0.1123,0.1127,10.0,0.1123,1.0,13431.0,483.0
2021-01-05 09:34:46.660,0.1123,0.1127,10.0,0.1124,13.0,13431.0,483.0
2021-01-05 09:34:47.181,0.1123,0.1127,10.0,0.1122,33.0,13431.0,483.0
2021-01-05 09:34:47.630,0.1123,0.1126,13.0,0.1121,20.0,13431.0,483.0
2021-01-05 09:34:48.700,0.1123,0.1127,30.0,0.1122,13.0,13431.0,483.0
2021-01-05 09:34:49.701,0.1123,0.1127,10.0,0.1123,20.0,13431.0,483.0
2021-01-05 09:34:50.161,0.1123,0.113,13.0,0.1125,20.0,13431.0,483.0
2021-01-05 09:34:50.700,0.1123,0.113,13.0,0.1125,40.0,13431.0,483.0
2021-01-05 09:34:51.200,0.1123,0.1129,20.0,0.1125,53.0,13431.0,483.0
2021-01-05 09:34:51.651,0.1123,0.1131,10.0,0.1126,13.0,13431.0,483.0
2021-01-05 09:34:52.220,0.1123,0.1129,20.0,0.1125,40.0,13431.0,483.0
2021-01-05 09:34:52.650,0.1123,0.113,13.0,0.1125,40.0,13431.0,483.0
2021-01-05 09:34:53.180,0.1123,0.1129,20.0,0.1125,40.0,13431.0,483.0
2021-01-05 09:34:53.651,0.1123,0.1127,10.0,0.1123,33.0,13431.0,483.0
2021-01-05 09:34:54.170,0.1123,0.1125,5.0,0.1122,20.0,13431.0,483.0
2021-01-05 09:34:54.631,0.1123,0.1123,10.0,0.112,14.0,13431.0,483.0
2021-01-05 09:34:55.161,0.112,0.1121,10.0,0.1118,13.0,13435.0,488.0
2021-01-05 09:34:55.680,0.112,0.112,14.0,0.1118,13.0,13435.0,488.0
2021-01-05 09:34:56.051,0.1118,0.112,28.0,0.1114,20.0,13443.0,496.0
2021-01-05 09:34:56.681,0.1116,0.1116,6.0,0.1114,13.0,13443.0,500.0
2021-01-05 09:34:57.171,0.1116,0.1116,6.0,0.1113,13.0,13443.0,500.0
2021-01-05 09:34:58.160,0.1116,0.1116,6.0,0.1113,13.0,13443.0,500.0
2021-01-05 09:34:58.640,0.1116,0.1116,6.0,0.1114,20.0,13443.0,500.0
2021-01-05 09:34:59.151,0.1116,0.1116,6.0,0.1113,13.0,13443.0,500.0
2021-01-05 09:35:00.160,0.1114,0.1119,13.0,0.1113,13.0,13443.0,510.0
2021-01-05 09:35:00.640,0.1114,0.1114,10.0,0.1112,20.0,13443.0,510.0
2021-01-05 09:35:01.070,0.1114,0.1114,10.0,0.1112,20.0,13443.0,510.0
2021-01-05 09:35:01.620,0.1114,0.1118,13.0,0.1114,10.0,13443.0,520.0
2021-01-05 09:35:02.160,0.1114,0.112,33.0,0.1114,23.0,13443.0,520.0
2021-01-05 09:35:02.680,0.1114,0.1122,20.0,0.1116,20.0,13443.0,520.0
2021-01-05 09:35:03.180,0.1114,0.1122,20.0,0.1117,13.0,13443.0,520.0
2021-01-05 09:35:03.660,0.1114,0.1123,13.0,0.1119,20.0,13443.0,520.0
2021-01-05 09:35:04.061,0.1114,0.1122,20.0,0.1116,40.0,13443.0,520.0
2021-01-05 09:35:05.180,0.1114,0.1122,20.0,0.1118,33.0,13443.0,520.0
2021-01-05 09:35:05.671,0.1118,0.1122,20.0,0.1118,31.0,13445.0,522.0
2021-01-05 09:35:06.180,0.1118,0.1121,1.0,0.1118,13.0,13445.0,522.0
2021-01-05 09:35:06.680,0.1118,0.112,20.0,0.1117,13.0,13445.0,522.0
2021-01-05 09:35:07.131,0.1118,0.1118,13.0,0.1116,13.0,13445.0,522.0
2021-01-05 09:35:07.650,0.1118,0.1118,13.0,0.1115,13.0,13445.0,522.0
2021-01-05 09:35:08.171,0.1115,0.1117,20.0,0.1112,13.0,13447.0,524.0
2021-01-05 09:35:08.680,0.1117,0.1117,11.0,0.1112,13.0,13456.0,533.0
2021-01-05 09:35:09.191,0.1112,0.1113,10.0,0.1111,2.0,13459.0,536.0
2021-01-05 09:35:09.700,0.1111,0.1113,10.0,0.1111,13.0,13461.0,539.0
2021-01-05 09:35:10.180,0.1111,0.1111,13.0,0.1106,20.0,13473.0,552.0
2021-01-05 09:35:10.691,0.1111,0.1111,26.0,0.1107,35.0,13473.0,552.0
2021-01-05 09:35:11.120,0.1111,0.1111,39.0,0.1107,33.0,13473.0,552.0
2021-01-05 09:35:11.680,0.1111,0.1111,49.0,0.1106,33.0,13473.0,552.0
2021-01-05 09:35:12.101,0.1111,0.1111,49.0,0.1107,13.0,13473.0,552.0
2021-01-05 09:35:12.691,0.1111,0.1111,49.0,0.1106,33.0,13473.0,552.0
2021-01-05 09:35:13.181,0.1111,0.1111,69.0,0.111,20.0,13493.0,572.0
2021-01-05 09:35:13.640,0.1111,0.1115,1.0,0.1113,10.0,13492.0,641.0
2021-01-05 09:35:14.191,0.1115,0.1117,1.0,0.1115,23.0,13491.0,642.0
2021-01-05 09:35:14.691,0.1117,0.1118,1.0,0.1117,1.0,13471.0,666.0
2021-01-05 09:35:15.200,0.1118,0.1123,13.0,0.1117,1.0,13471.0,667.0
2021-01-05 09:35:15.701,0.1118,0.112,20.0,0.1117,21.0,13471.0,667.0
2021-01-05 09:35:16.151,0.1118,0.1118,20.0,0.1116,13.0,13471.0,667.0
2021-01-05 09:35:16.660,0.1118,0.1121,33.0,0.1115,14.0,13471.0,667.0
2021-01-05 09:35:17.190,0.1118,0.112,1.0,0.1116,13.0,13471.0,667.0
2021-01-05 09:35:17.680,0.1118,0.1121,20.0,0.1116,13.0,13471.0,667.0
2021-01-05 09:35:18.170,0.1118,0.1121,20.0,0.1116,13.0,13471.0,667.0
2021-01-05 09:35:18.681,0.1118,0.1124,20.0,0.1117,20.0,13471.0,667.0
2021-01-05 09:35:19.180,0.1118,0.1124,20.0,0.1118,13.0,13471.0,667.0
2021-01-05 09:35:19.470,0.1118,0.1124,20.0,0.1118,13.0,13471.0,667.0
2021-01-05 09:35:20.170,0.1118,0.1124,20.0,0.1118,13.0,13471.0,667.0
2021-01-05 09:35:20.681,0.1118,0.1122,20.0,0.1117,33.0,13471.0,667.0
2021-01-05 09:35:21.180,0.1118,0.1122,20.0,0.1117,33.0,13471.0,667.0
2021-01-05 09:35:21.620,0.1118,0.1118,19.0,0.1115,13.0,13479.0,675.0
2021-01-05 09:35:22.171,0.1118,0.1117,1.0,0.1113,13.0,13479.0,675.0
2021-01-05 09:35:23.151,0.1118,0.1118,19.0,0.1113,13.0,13479.0,675.0
2021-01-05 09:35:24.171,0.1118,0.1121,43.0,0.1116,20.0,13479.0,675.0
2021-01-05 09:35:24.671,0.1118,0.1119,20.0,0.1114,13.0,13479.0,675.0
2021-01-05 09:35:25.170,0.1118,0.1119,33.0,0.1113,33.0,13479.0,675.0
2021-01-05 09:35:25.660,0.1118,0.1119,33.0,0.1113,33.0,13479.0,675.0
2021-01-05 09:35:26.171,0.1118,0.1119,33.0,0.1113,20.0,13479.0,675.0
2021-01-05 09:35:26.651,0.1119,0.1117,20.0,0.1112,13.0,13481.0,677.0
2021-01-05 09:35:27.130,0.1119,0.1117,20.0,0.1112,13.0,13481.0,677.0
2021-01-05 09:35:27.641,0.1119,0.112,30.0,0.1114,20.0,13481.0,677.0
2021-01-05 09:35:28.171,0.1119,0.112,30.0,0.1114,33.0,13481.0,677.0
2021-01-05 09:35:29.160,0.1119,0.112,43.0,0.1114,33.0,13481.0,677.0
2021-01-05 09:35:29.641,0.1119,0.112,43.0,0.1114,33.0,13481.0,677.0
2021-01-05 09:35:30.121,0.1119,0.1118,20.0,0.1112,33.0,13481.0,677.0
2021-01-05 09:35:30.690,0.1119,0.1114,4.0,0.1112,33.0,13481.0,677.0
2021-01-05 09:35:31.170,0.1119,0.1114,4.0,0.1113,13.0,13481.0,677.0
2021-01-05 09:35:31.700,0.1114,0.1118,33.0,0.1115,16.0,13481.0,681.0
2021-01-05 09:35:32.150,0.1114,0.1117,20.0,0.1114,13.0,13481.0,681.0
2021-01-05 09:35:32.630,0.1114,0.1117,20.0,0.1114,1.0,13485.0,685.0
2021-01-05 09:35:33.191,0.1114,0.1116,1.0,0.1114,1.0,13485.0,685.0
2021-01-05 09:35:33.650,0.1114,0.1116,14.0,0.1111,20.0,13486.0,686.0
2021-01-05 09:35:34.190,0.1114,0.1115,30.0,0.111,13.0,13486.0,686.0
2021-01-05 09:35:34.691,0.1114,0.1115,30.0,0.1109,13.0,13486.0,686.0
2021-01-05 09:35:35.200,0.1114,0.1115,30.0,0.1109,13.0,13486.0,686.0
2021-01-05 09:35:35.690,0.1114,0.1114,13.0,0.1108,33.0,13486.0,686.0
2021-01-05 09:35:36.180,0.1114,0.1113,1.0,0.1108,33.0,13486.0,686.0
2021-01-05 09:35:36.620,0.1114,0.1113,21.0,0.1108,33.0,13486.0,686.0
2021-01-05 09:35:37.171,0.1114,0.111,10.0,0.1108,20.0,13486.0,686.0
2021-01-05 09:35:37.640,0.1114,0.111,10.0,0.1108,20.0,13486.0,686.0
2021-01-05 09:35:37.940,0.1114,0.111,10.0,0.1109,13.0,13486.0,686.0
2021-01-05 09:35:38.651,0.111,0.1114,10.0,0.1109,33.0,13486.0,690.0
2021-01-05 09:35:39.140,0.111,0.1115,20.0,0.111,13.0,13486.0,690.0
2021-01-05 09:35:39.690,0.111,0.1115,20.0,0.111,13.0,13486.0,690.0
2021-01-05 09:35:40.191,0.111,0.1117,20.0,0.1111,20.0,13486.0,690.0
2021-01-05 09:35:40.691,0.111,0.1117,20.0,0.1112,13.0,13486.0,690.0
2021-01-05 09:35:41.190,0.111,0.1117,20.0,0.1112,20.0,13486.0,690.0
2021-01-05 09:35:41.680,0.1112,0.1117,20.0,0.1112,28.0,13491.0,695.0
2021-01-05 09:35:42.160,0.1112,0.1117,33.0,0.1112,20.0,13491.0,695.0
2021-01-05 09:35:42.670,0.1112,0.1114,20.0,0.1112,20.0,13491.0,695.0
2021-01-05 09:35:43.190,0.1112,0.1113,20.0,0.1108,33.0,13491.0,695.0
2021-01-05 09:35:43.661,0.1112,0.1116,20.0,0.111,20.0,13491.0,695.0
2021-01-05 09:35:44.101,0.1112,0.1113,20.0,0.111,20.0,13491.0,695.0
2021-01-05 09:35:44.681,0.1113,0.1112,14.0,0.1108,20.0,13494.0,698.0
2021-01-05 09:35:45.071,0.1113,0.1112,14.0,0.1106,13.0,13494.0,698.0
2021-01-05 09:35:45.670,0.1113,0.1111,33.0,0.1105,20.0,13494.0,698.0
2021-01-05 09:35:46.170,0.1113,0.111,20.0,0.1103,40.0,13494.0,698.0
2021-01-05 09:35:46.700,0.1113,0.1109,33.0,0.1103,33.0,13494.0,698.0
2021-01-05 09:35:47.201,0.1113,0.1108,13.0,0.1103,20.0,13494.0,698.0
2021-01-05 09:35:47.691,0.1113,0.1108,13.0,0.1103,20.0,13494.0,698.0
2021-01-05 09:35:48.181,0.1113,0.1107,1.0,0.1101,20.0,13494.0,698.0
2021-01-05 09:35:48.181,0.1113,0.1108,13.0,0.1103,20.0,13494.0,698.0
2021-01-05 09:35:49.180,0.1113,0.1107,1.0,0.1103,20.0,13494.0,698.0
2021-01-05 09:35:49.701,0.1113,0.1107,13.0,0.1101,33.0,13494.0,698.0
2021-01-05 09:35:50.630,0.1107,0.1108,33.0,0.1102,13.0,13498.0,702.0
2021-01-05 09:35:51.180,0.1107,0.1108,20.0,0.1102,13.0,13498.0,702.0
2021-01-05 09:35:51.710,0.1107,0.1108,20.0,0.1107,10.0,13498.0,702.0
2021-01-05 09:35:52.190,0.1107,0.1108,20.0,0.1107,8.0,13500.0,704.0
2021-01-05 09:35:52.661,0.1107,0.1108,20.0,0.1104,20.0,13500.0,704.0
2021-01-05 09:35:53.111,0.1107,0.1108,20.0,0.1104,33.0,13500.0,704.0
2021-01-05 09:35:54.161,0.1107,0.1108,20.0,0.1105,13.0,13500.0,704.0
2021-01-05 09:35:54.640,0.1108,0.111,24.0,0.1105,33.0,13513.0,724.0
2021-01-05 09:35:55.181,0.1108,0.111,24.0,0.1108,30.0,13513.0,724.0
2021-01-05 09:35:55.691,0.1109,0.111,23.0,0.1109,10.0,13515.0,728.0
2021-01-05 09:35:56.140,0.1109,0.111,23.0,0.1109,10.0,13515.0,728.0
2021-01-05 09:35:56.690,0.111,0.111,3.0,0.1108,40.0,13542.0,758.0
2021-01-05 09:35:57.141,0.111,0.111,3.0,0.1108,63.0,13542.0,758.0
2021-01-05 09:35:57.681,0.111,0.1109,9.0,0.1108,43.0,13542.0,758.0
2021-01-05 09:35:58.150,0.111,0.1109,9.0,0.1108,20.0,13542.0,758.0
2021-01-05 09:35:58.701,0.111,0.1109,9.0,0.1108,20.0,13542.0,758.0
2021-01-05 09:35:59.160,0.111,0.1108,10.0,0.1106,40.0,13542.0,758.0
2021-01-05 09:36:00.201,0.111,0.1107,1.0,0.1104,20.0,13542.0,758.0
2021-01-05 09:36:00.680,0.111,0.1107,1.0,0.1103,23.0,13542.0,758.0
2021-01-05 09:36:01.181,0.111,0.1106,9.0,0.1103,23.0,13542.0,758.0
2021-01-05 09:36:01.671,0.111,0.1106,9.0,0.1104,13.0,13542.0,758.0
2021-01-05 09:36:02.170,0.111,0.1106,9.0,0.1105,20.0,13542.0,758.0
2021-01-05 09:36:02.630,0.1106,0.111,3.0,0.1106,13.0,13544.0,767.0
2021-01-05 09:36:03.150,0.1106,0.111,3.0,0.1107,20.0,13544.0,767.0
2021-01-05 09:36:03.700,0.1106,0.111,3.0,0.1108,15.0,13544.0,767.0
2021-01-05 09:36:04.201,0.1106,0.111,3.0,0.1108,35.0,13544.0,767.0
2021-01-05 09:36:04.670,0.1106,0.111,3.0,0.1108,22.0,13544.0,767.0
2021-01-05 09:36:05.150,0.1106,0.111,3.0,0.1108,20.0,13544.0,767.0
2021-01-05 09:36:05.690,0.1106,0.1109,1.0,0.1108,20.0,13544.0,767.0
2021-01-05 09:36:06.180,0.1106,0.1109,1.0,0.1108,20.0,13544.0,767.0
2021-01-05 09:36:06.700,0.1106,0.1109,1.0,0.1106,33.0,13544.0,767.0
2021-01-05 09:36:07.181,0.1106,0.111,3.0,0.1106,20.0,13544.0,767.0
2021-01-05 09:36:07.640,0.1106,0.111,3.0,0.1106,20.0,13544.0,767.0
2021-01-05 09:36:08.170,0.1106,0.111,3.0,0.1106,20.0,13544.0,767.0
2021-01-05 09:36:08.641,0.111,0.111,2.0,0.1106,33.0,13545.0,768.0
2021-01-05 09:36:09.161,0.111,0.111,2.0,0.1107,20.0,13545.0,768.0
2021-01-05 09:36:09.330,0.111,0.1109,2.0,0.1108,13.0,13545.0,770.0
2021-01-05 09:36:10.030,0.1109,0.1112,10.0,0.1108,20.0,13545.0,771.0
2021-01-05 09:36:10.671,0.1109,0.1113,10.0,0.1111,10.0,13545.0,771.0
2021-01-05 09:36:11.180,0.1109,0.1114,10.0,0.1111,10.0,13545.0,771.0
2021-01-05 09:36:11.651,0.1111,0.1113,20.0,0.111,20.0,13545.0,781.0
2021-01-05 09:36:12.181,0.1111,0.1111,5.0,0.1108,63.0,13545.0,781.0
2021-01-05 09:36:12.690,0.1111,0.1111,25.0,0.1108,30.0,13545.0,781.0
2021-01-05 09:36:13.190,0.1111,0.1111,25.0,0.1108,30.0,13545.0,781.0
2021-01-05 09:36:13.680,0.1111,0.1111,25.0,0.1108,30.0,13545.0,781.0
2021-01-05 09:36:14.150,0.1111,0.111,3.0,0.1108,43.0,13545.0,781.0
2021-01-05 09:36:14.611,0.1111,0.1111,24.0,0.1108,30.0,13549.0,785.0
2021-01-05 09:36:15.170,0.1111,0.1111,4.0,0.1108,43.0,13549.0,785.0
2021-01-05 09:36:16.150,0.1111,0.1111,4.0,0.1108,43.0,13549.0,785.0
2021-01-05 09:36:16.680,0.1111,0.1111,4.0,0.1108,30.0,13549.0,785.0
2021-01-05 09:36:17.180,0.1111,0.1111,4.0,0.1108,30.0,13549.0,785.0
2021-01-05 09:36:18.181,0.1111,0.1111,4.0,0.1108,43.0,13549.0,785.0
2021-01-05 09:36:18.680,0.1111,0.1113,10.0,0.1111,5.0,13549.0,789.0
2021-01-05 09:36:19.151,0.1111,0.1112,30.0,0.1111,5.0,13549.0,789.0
2021-01-05 09:36:19.691,0.1111,0.1112,30.0,0.1111,5.0,13549.0,789.0
2021-01-05 09:36:20.161,0.1111,0.1112,20.0,0.1111,5.0,13549.0,789.0
2021-01-05 09:36:20.680,0.1111,0.1113,10.0,0.1111,5.0,13549.0,789.0
2021-01-05 09:36:21.120,0.1111,0.1114,30.0,0.1111,5.0,13549.0,789.0
2021-01-05 09:36:21.691,0.1111,0.1115,13.0,0.1112,10.0,13549.0,789.0
2021-01-05 09:36:22.171,0.1111,0.1114,30.0,0.1112,10.0,13549.0,789.0
2021-01-05 09:36:22.680,0.1111,0.1114,33.0,0.1112,10.0,13549.0,789.0
2021-01-05 09:36:23.191,0.1111,0.1113,13.0,0.1112,10.0,13549.0,789.0
2021-01-05 09:36:23.681,0.1112,0.1112,10.0,0.1111,5.0,13559.0,799.0
2021-01-05 09:36:24.150,0.1111,0.111,15.0,0.1108,20.0,13559.0,804.0
2021-01-05 09:36:24.701,0.1111,0.1109,1.0,0.1106,20.0,13559.0,804.0
2021-01-05 09:36:25.191,0.1111,0.1109,1.0,0.1105,13.0,13559.0,804.0
2021-01-05 09:36:25.650,0.1111,0.1113,43.0,0.1107,20.0,13559.0,804.0
2021-01-05 09:36:26.171,0.1111,0.1111,20.0,0.1106,10.0,13559.0,804.0
2021-01-05 09:36:26.651,0.1111,0.111,13.0,0.1109,2.0,13559.0,804.0
2021-01-05 09:36:27.070,0.1109,0.1109,23.0,0.1104,30.0,13561.0,806.0
2021-01-05 09:36:27.690,0.1109,0.1109,36.0,0.1104,30.0,13561.0,806.0
2021-01-05 09:36:28.120,0.1109,0.1108,33.0,0.1102,20.0,13561.0,806.0
2021-01-05 09:36:28.681,0.1109,0.1107,13.0,0.1102,20.0,13561.0,806.0
2021-01-05 09:36:29.100,0.1109,0.1104,2.0,0.11,1.0,13561.0,806.0
2021-01-05 09:36:29.661,0.1109,0.1103,8.0,0.11,14.0,13561.0,806.0
2021-01-05 09:36:30.161,0.1109,0.1103,8.0,0.11,1.0,13561.0,806.0
2021-01-05 09:36:30.651,0.1109,0.1103,7.0,0.11,31.0,13561.0,806.0
2021-01-05 09:36:31.181,0.1109,0.1103,7.0,0.11,1.0,13561.0,806.0
2021-01-05 09:36:31.690,0.1109,0.1103,7.0,0.11,21.0,13561.0,806.0
2021-01-05 09:36:32.660,0.1103,0.1104,2.0,0.11,34.0,13563.0,808.0
2021-01-05 09:36:33.200,0.1103,0.1104,2.0,0.1101,23.0,13563.0,808.0
2021-01-05 09:36:33.670,0.1103,0.1104,2.0,0.11,31.0,13563.0,808.0
2021-01-05 09:36:34.091,0.1103,0.1104,22.0,0.1101,20.0,13563.0,808.0
2021-01-05 09:36:34.971,0.1104,0.1106,20.0,0.1102,13.0,13565.0,810.0
2021-01-05 09:36:35.701,0.1104,0.1106,43.0,0.1101,20.0,13565.0,810.0
2021-01-05 09:36:36.191,0.1104,0.1106,43.0,0.1101,20.0,13565.0,810.0
2021-01-05 09:36:36.700,0.1103,0.1103,25.0,0.11,1.0,13565.0,815.0
2021-01-05 09:36:37.190,0.1103,0.1103,25.0,0.11,14.0,13565.0,815.0
2021-01-05 09:36:37.691,0.1103,0.1103,15.0,0.11,1.0,13565.0,815.0
2021-01-05 09:36:38.120,0.1103,0.1103,15.0,0.11,1.0,13565.0,815.0
2021-01-05 09:36:38.640,0.1103,0.1103,11.0,0.11,1.0,13569.0,819.0
2021-01-05 09:36:39.680,0.1103,0.1103,11.0,0.11,1.0,13569.0,819.0
2021-01-05 09:36:40.191,0.1103,0.1105,20.0,0.1101,33.0,13569.0,819.0
2021-01-05 09:36:40.700,0.1103,0.1102,20.0,0.11,14.0,13569.0,819.0
2021-01-05 09:36:41.201,0.1103,0.1104,20.0,0.1101,20.0,13569.0,819.0
2021-01-05 09:36:41.641,0.1103,0.1104,20.0,0.1101,20.0,13569.0,819.0
2021-01-05 09:36:42.200,0.1103,0.1104,20.0,0.1101,33.0,13569.0,819.0
2021-01-05 09:36:42.690,0.1103,0.1104,20.0,0.1101,20.0,13569.0,819.0
2021-01-05 09:36:43.180,0.1103,0.1104,20.0,0.1101,33.0,13569.0,819.0
2021-01-05 09:36:43.700,0.1103,0.1104,30.0,0.1101,20.0,13569.0,819.0
2021-01-05 09:36:44.200,0.1103,0.1104,20.0,0.1101,20.0,13569.0,819.0
2021-01-05 09:36:44.680,0.1103,0.1104,21.0,0.1101,20.0,13569.0,819.0
2021-01-05 09:36:45.191,0.1103,0.1102,20.0,0.11,1.0,13569.0,819.0
2021-01-05 09:36:45.631,0.1103,0.1102,30.0,0.11,1.0,13569.0,819.0
2021-01-05 09:36:46.190,0.11,0.1102,43.0,0.1097,20.0,13569.0,820.0
2021-01-05 09:36:46.651,0.11,0.11,20.0,0.1095,33.0,13569.0,820.0
2021-01-05 09:36:47.130,0.11,0.1099,1.0,0.1095,33.0,13569.0,820.0
2021-01-05 09:36:47.660,0.11,0.1099,21.0,0.1095,13.0,13569.0,820.0
2021-01-05 09:36:48.130,0.11,0.1099,35.0,0.1093,43.0,13569.0,820.0
2021-01-05 09:36:48.630,0.11,0.1099,21.0,0.1095,30.0,13569.0,820.0
2021-01-05 09:36:48.711,0.1099,0.1099,27.0,0.1093,33.0,13569.0,824.0
2021-01-05 09:36:49.700,0.1099,0.1099,17.0,0.1094,13.0,13569.0,824.0
2021-01-05 09:36:50.201,0.1099,0.1099,17.0,0.1094,13.0,13569.0,824.0
2021-01-05 09:36:50.670,0.1099,0.1099,17.0,0.1094,13.0,13569.0,824.0
2021-01-05 09:36:51.671,0.1099,0.1099,17.0,0.1094,23.0,13569.0,824.0
2021-01-05 09:36:52.180,0.1099,0.1099,19.0,0.1094,23.0,13569.0,824.0
2021-01-05 09:36:53.191,0.1099,0.1099,18.0,0.1093,43.0,13569.0,824.0
2021-01-05 09:36:53.680,0.1099,0.1097,20.0,0.1093,20.0,13569.0,824.0
2021-01-05 09:36:54.120,0.1099,0.1098,1.0,0.1095,10.0,13569.0,824.0
2021-01-05 09:36:54.631,0.1099,0.1098,1.0,0.1095,33.0,13569.0,824.0
2021-01-05 09:36:55.171,0.1099,0.1101,33.0,0.1095,53.0,13569.0,824.0
2021-01-05 09:36:55.651,0.1099,0.11,1.0,0.1096,13.0,13569.0,824.0
2021-01-05 09:36:56.141,0.1099,0.1101,20.0,0.1096,13.0,13569.0,824.0
2021-01-05 09:36:56.691,0.1096,0.1101,30.0,0.1096,12.0,13570.0,825.0
2021-01-05 09:36:57.171,0.1096,0.1101,30.0,0.1096,13.0,13570.0,825.0
2021-01-05 09:36:57.601,0.1096,0.1101,20.0,0.1097,30.0,13570.0,825.0
2021-01-05 09:36:58.160,0.1101,0.1101,15.0,0.1097,50.0,13576.0,831.0
2021-01-05 09:36:58.610,0.1101,0.1103,33.0,0.1097,63.0,13576.0,831.0
2021-01-05 09:36:59.181,0.1101,0.1101,20.0,0.1097,20.0,13576.0,831.0
2021-01-05 09:36:59.690,0.1101,0.1099,20.0,0.1094,23.0,13576.0,831.0
2021-01-05 09:37:00.700,0.1101,0.1099,20.0,0.1094,23.0,13576.0,831.0
2021-01-05 09:37:01.081,0.1101,0.1099,20.0,0.1095,13.0,13576.0,831.0
2021-01-05 09:37:01.640,0.1101,0.11,1.0,0.1096,20.0,13576.0,831.0
2021-01-05 09:37:02.191,0.1101,0.11,1.0,0.1097,10.0,13576.0,831.0
2021-01-05 09:37:02.640,0.1101,0.11,1.0,0.1098,20.0,13576.0,831.0
2021-01-05 09:37:03.151,0.1101,0.11,1.0,0.1098,20.0,13576.0,831.0
2021-01-05 09:37:03.630,0.1101,0.11,1.0,0.1098,30.0,13576.0,831.0
2021-01-05 09:37:04.200,0.1101,0.1104,13.0,0.1101,18.0,13576.0,833.0
2021-01-05 09:37:04.690,0.1101,0.1103,1.0,0.1101,31.0,13576.0,833.0
2021-01-05 09:37:05.140,0.1101,0.1103,1.0,0.1101,18.0,13576.0,833.0
2021-01-05 09:37:05.701,0.1101,0.1105,1.0,0.1102,13.0,13576.0,833.0
2021-01-05 09:37:06.171,0.1101,0.1104,1.0,0.1102,13.0,13576.0,833.0
2021-01-05 09:37:06.700,0.1101,0.1105,1.0,0.1102,23.0,13576.0,833.0
2021-01-05 09:37:07.180,0.1101,0.1105,1.0,0.1102,10.0,13576.0,833.0
2021-01-05 09:37:07.681,0.1101,0.1105,1.0,0.1101,31.0,13576.0,833.0
2021-01-05 09:37:08.200,0.1101,0.1104,20.0,0.1099,43.0,13576.0,833.0
2021-01-05 09:37:08.630,0.1101,0.1104,44.0,0.1098,10.0,13576.0,833.0
2021-01-05 09:37:09.170,0.1101,0.1102,20.0,0.1097,20.0,13576.0,833.0
2021-01-05 09:37:09.660,0.1101,0.1102,20.0,0.1097,33.0,13576.0,833.0
2021-01-05 09:37:10.140,0.1101,0.11,1.0,0.1099,20.0,13576.0,833.0
2021-01-05 09:37:10.701,0.11,0.1105,14.0,0.1101,20.0,13576.0,834.0
2021-01-05 09:37:11.201,0.11,0.1105,14.0,0.1101,20.0,13576.0,834.0
2021-01-05 09:37:11.700,0.11,0.1105,1.0,0.1101,20.0,13576.0,834.0
2021-01-05 09:37:12.261,0.11,0.1105,1.0,0.1102,10.0,13576.0,834.0
2021-01-05 09:37:13.181,0.11,0.1105,1.0,0.1102,30.0,13576.0,834.0
2021-01-05 09:37:13.681,0.11,0.1105,14.0,0.11,30.0,13576.0,834.0
2021-01-05 09:37:14.130,0.11,0.1104,24.0,0.11,20.0,13576.0,834.0
2021-01-05 09:37:14.701,0.11,0.1104,37.0,0.11,20.0,13576.0,834.0
2021-01-05 09:37:15.160,0.11,0.1103,13.0,0.1098,10.0,13576.0,834.0
2021-01-05 09:37:15.671,0.11,0.1104,33.0,0.1098,63.0,13576.0,834.0
2021-01-05 09:37:16.201,0.11,0.1103,13.0,0.1098,50.0,13576.0,834.0
2021-01-05 09:37:16.461,0.11,0.1105,15.0,0.1102,10.0,13576.0,834.0
2021-01-05 09:37:17.200,0.11,0.1105,2.0,0.1101,43.0,13576.0,834.0
2021-01-05 09:37:17.671,0.11,0.1105,2.0,0.1101,20.0,13576.0,834.0
2021-01-05 09:37:18.061,0.11,0.1105,2.0,0.1101,20.0,13576.0,834.0
2021-01-05 09:37:18.710,0.11,0.1105,35.0,0.11,20.0,13576.0,834.0
2021-01-05 09:37:19.021,0.11,0.1104,13.0,0.1099,20.0,13576.0,834.0
2021-01-05 09:37:19.711,0.11,0.1104,13.0,0.1099,40.0,13576.0,834.0
2021-01-05 09:37:20.211,0.11,0.1104,33.0,0.1099,20.0,13576.0,834.0
2021-01-05 09:37:20.691,0.11,0.1104,33.0,0.1099,20.0,13576.0,834.0
2021-01-05 09:37:21.200,0.11,0.1105,2.0,0.11,53.0,13576.0,834.0
2021-01-05 09:37:21.701,0.11,0.1105,15.0,0.1101,20.0,13576.0,834.0
2021-01-05 09:37:22.030,0.11,0.1105,2.0,0.1101,40.0,13576.0,834.0
2021-01-05 09:37:22.641,0.11,0.1105,2.0,0.1101,30.0,13576.0,834.0
2021-01-05 09:37:23.150,0.11,0.1105,1.0,0.1102,20.0,13576.0,834.0
2021-01-05 09:37:23.701,0.11,0.1105,1.0,0.1102,40.0,13576.0,834.0
2021-01-05 09:37:24.080,0.11,0.1105,1.0,0.1102,40.0,13576.0,834.0
2021-01-05 09:37:24.631,0.11,0.1105,1.0,0.1103,10.0,13576.0,834.0
2021-01-05 09:37:25.200,0.11,0.1105,34.0,0.1102,20.0,13576.0,834.0
2021-01-05 09:37:25.640,0.11,0.1105,21.0,0.11,63.0,13576.0,834.0
2021-01-05 09:37:26.120,0.11,0.1104,13.0,0.11,60.0,13576.0,834.0
2021-01-05 09:37:26.650,0.11,0.1105,14.0,0.11,50.0,13576.0,834.0
2021-01-05 09:37:27.130,0.11,0.1104,13.0,0.11,50.0,13576.0,834.0
2021-01-05 09:37:27.551,0.11,0.1104,13.0,0.11,60.0,13576.0,834.0
2021-01-05 09:37:28.151,0.11,0.1105,1.0,0.11,60.0,13576.0,834.0
2021-01-05 09:37:28.560,0.11,0.1105,1.0,0.1101,13.0,13576.0,834.0
2021-01-05 09:37:29.130,0.11,0.1105,14.0,0.11,50.0,13576.0,834.0
2021-01-05 09:37:29.611,0.11,0.1104,20.0,0.1101,13.0,13576.0,834.0
2021-01-05 09:37:30.191,0.11,0.1105,1.0,0.1103,20.0,13576.0,834.0
2021-01-05 09:37:30.590,0.11,0.1104,33.0,0.11,30.0,13576.0,834.0
2021-01-05 09:37:31.190,0.11,0.1105,15.0,0.1102,10.0,13576.0,834.0
2021-01-05 09:37:31.691,0.11,0.1104,13.0,0.1102,10.0,13576.0,834.0
2021-01-05 09:37:32.181,0.11,0.1105,15.0,0.1101,30.0,13576.0,834.0
2021-01-05 09:37:32.651,0.11,0.1103,20.0,0.11,10.0,13576.0,834.0
2021-01-05 09:37:33.180,0.11,0.1101,20.0,0.1096,7.0,13579.0,837.0
2021-01-05 09:37:33.701,0.11,0.1101,33.0,0.1096,10.0,13579.0,837.0
2021-01-05 09:37:34.200,0.11,0.1101,20.0,0.1096,60.0,13579.0,837.0
2021-01-05 09:37:34.500,0.11,0.1101,33.0,0.1096,60.0,13579.0,837.0
2021-01-05 09:37:35.170,0.11,0.1101,33.0,0.1096,50.0,13579.0,837.0
2021-01-05 09:37:35.650,0.11,0.1102,13.0,0.1098,20.0,13579.0,837.0
2021-01-05 09:37:35.881,0.1098,0.1101,1.0,0.1096,50.0,13579.0,838.0
2021-01-05 09:37:36.661,0.1098,0.1101,1.0,0.1098,20.0,13579.0,838.0
2021-01-05 09:37:37.180,0.1098,0.1101,1.0,0.1098,40.0,13579.0,838.0
2021-01-05 09:37:37.691,0.1098,0.1103,33.0,0.1101,1.0,13578.0,844.0
2021-01-05 09:37:37.981,0.1098,0.1103,13.0,0.1099,10.0,13578.0,844.0
2021-01-05 09:37:38.651,0.1098,0.1104,13.0,0.11,2.0,13578.0,844.0
2021-01-05 09:37:39.170,0.1098,0.1105,1.0,0.1101,10.0,13578.0,844.0
2021-01-05 09:37:39.700,0.1098,0.1105,14.0,0.1101,30.0,13578.0,844.0
2021-01-05 09:37:40.161,0.1098,0.1105,1.0,0.1101,30.0,13578.0,844.0
2021-01-05 09:37:40.701,0.1098,0.1105,1.0,0.1102,10.0,13578.0,844.0
2021-01-05 09:37:41.131,0.1098,0.1105,34.0,0.1101,30.0,13578.0,844.0
2021-01-05 09:37:41.660,0.1098,0.1105,34.0,0.1101,40.0,13578.0,844.0
2021-01-05 09:37:42.130,0.1098,0.1105,21.0,0.1102,10.0,13578.0,844.0
2021-01-05 09:37:42.691,0.1105,0.1105,7.0,0.1102,20.0,13598.0,864.0
2021-01-05 09:37:43.181,0.1105,0.1106,20.0,0.1102,30.0,13598.0,864.0
2021-01-05 09:37:43.671,0.1105,0.1108,12.0,0.1103,33.0,13598.0,864.0
2021-01-05 09:37:44.190,0.1105,0.1108,12.0,0.1104,23.0,13598.0,864.0
2021-01-05 09:37:44.651,0.1105,0.1108,12.0,0.1104,23.0,13598.0,864.0
2021-01-05 09:37:45.191,0.1105,0.1108,12.0,0.1105,10.0,13598.0,864.0
2021-01-05 09:37:45.650,0.1105,0.1108,12.0,0.1103,53.0,13598.0,864.0
2021-01-05 09:37:46.161,0.1105,0.1108,12.0,0.1104,10.0,13598.0,864.0
2021-01-05 09:37:46.601,0.1105,0.1108,25.0,0.1103,40.0,13598.0,864.0
2021-01-05 09:37:47.210,0.1105,0.1107,33.0,0.1103,30.0,13598.0,864.0
2021-01-05 09:37:47.661,0.1105,0.1106,14.0,0.1103,20.0,13598.0,864.0
2021-01-05 09:37:48.201,0.1105,0.1104,20.0,0.1101,30.0,13598.0,864.0
2021-01-05 09:37:48.691,0.1105,0.1105,13.0,0.1102,10.0,13598.0,864.0
2021-01-05 09:37:49.190,0.1105,0.1105,13.0,0.1101,30.0,13598.0,864.0
2021-01-05 09:37:49.670,0.1105,0.1105,13.0,0.1103,30.0,13598.0,864.0
2021-01-05 09:37:50.220,0.1105,0.1104,20.0,0.1102,10.0,13598.0,864.0
2021-01-05 09:37:50.681,0.1105,0.1104,13.0,0.1102,10.0,13598.0,864.0
2021-01-05 09:37:51.161,0.1105,0.1104,20.0,0.1102,10.0,13598.0,864.0
2021-01-05 09:37:51.691,0.1105,0.1103,14.0,0.11,10.0,13598.0,864.0
2021-01-05 09:37:52.191,0.1105,0.1103,1.0,0.11,10.0,13598.0,864.0
2021-01-05 09:37:52.631,0.1105,0.1102,13.0,0.1099,40.0,13598.0,864.0
2021-01-05 09:37:53.040,0.1102,0.1101,13.0,0.1099,20.0,13598.0,866.0
2021-01-05 09:37:53.680,0.1102,0.1101,13.0,0.1099,20.0,13598.0,866.0
2021-01-05 09:37:54.170,0.1102,0.1102,20.0,0.11,10.0,13598.0,866.0
2021-01-05 09:37:54.690,0.1102,0.1102,13.0,0.11,10.0,13598.0,866.0
2021-01-05 09:37:55.190,0.1102,0.1101,20.0,0.11,10.0,13598.0,866.0
2021-01-05 09:37:55.680,0.1101,0.1101,19.0,0.11,10.0,13598.0,867.0
2021-01-05 09:37:56.121,0.1101,0.1101,19.0,0.1099,20.0,13598.0,867.0
2021-01-05 09:37:56.611,0.1101,0.1101,2.0,0.11,10.0,13598.0,869.0
2021-01-05 09:37:57.170,0.1101,0.1103,33.0,0.11,10.0,13598.0,871.0
2021-01-05 09:37:57.601,0.1101,0.1104,13.0,0.1102,10.0,13598.0,871.0
2021-01-05 09:37:58.091,0.1101,0.1105,33.0,0.1102,10.0,13598.0,871.0
2021-01-05 09:37:58.640,0.1101,0.1104,20.0,0.1102,10.0,13598.0,871.0
2021-01-05 09:37:59.130,0.1102,0.1102,20.0,0.1101,1.0,13598.0,881.0
2021-01-05 09:37:59.651,0.1101,0.1102,20.0,0.1099,20.0,13599.0,882.0
2021-01-05 09:38:00.131,0.1101,0.1102,20.0,0.1099,20.0,13599.0,882.0
2021-01-05 09:38:00.680,0.1101,0.1102,20.0,0.1099,10.0,13599.0,882.0
2021-01-05 09:38:01.180,0.1101,0.1102,20.0,0.1099,10.0,13599.0,882.0
2021-01-05 09:38:01.681,0.1101,0.1102,20.0,0.1099,10.0,13599.0,882.0
2021-01-05 09:38:02.190,0.1101,0.1102,33.0,0.1098,10.0,13599.0,882.0
2021-01-05 09:38:02.680,0.1101,0.1102,33.0,0.1099,10.0,13599.0,882.0
2021-01-05 09:38:03.191,0.1101,0.1101,20.0,0.1098,10.0,13599.0,882.0
2021-01-05 09:38:03.691,0.1101,0.1101,20.0,0.1098,10.0,13599.0,882.0
2021-01-05 09:38:04.190,0.1101,0.1099,20.0,0.1096,10.0,13599.0,882.0
2021-01-05 09:38:04.680,0.1101,0.1099,33.0,0.1096,10.0,13599.0,882.0
2021-01-05 09:38:05.181,0.1101,0.1099,20.0,0.1095,10.0,13599.0,882.0
2021-01-05 09:38:05.681,0.1101,0.1099,20.0,0.1096,10.0,13599.0,882.0
2021-01-05 09:38:06.151,0.1101,0.1099,20.0,0.1096,23.0,13599.0,882.0
2021-01-05 09:38:06.691,0.1101,0.1097,20.0,0.1096,10.0,13599.0,882.0
2021-01-05 09:38:07.200,0.1096,0.1096,1.0,0.1091,33.0,13609.0,892.0
2021-01-05 09:38:07.690,0.1096,0.1095,13.0,0.1092,10.0,13609.0,892.0
2021-01-05 09:38:07.961,0.1096,0.1096,20.0,0.1093,10.0,13609.0,892.0
2021-01-05 09:38:08.670,0.1096,0.1096,33.0,0.1092,10.0,13609.0,892.0
2021-01-05 09:38:09.160,0.1096,0.1095,23.0,0.109,10.0,13609.0,892.0
2021-01-05 09:38:09.611,0.1096,0.1095,23.0,0.109,10.0,13609.0,892.0
2021-01-05 09:38:10.180,0.1096,0.1094,20.0,0.1089,13.0,13609.0,892.0
2021-01-05 09:38:10.670,0.1096,0.1092,20.0,0.1088,15.0,13609.0,892.0
2021-01-05 09:38:11.141,0.1096,0.1092,20.0,0.1089,23.0,13609.0,892.0
2021-01-05 09:38:11.701,0.1096,0.1092,20.0,0.109,13.0,13609.0,892.0
2021-01-05 09:38:12.191,0.1092,0.1096,3.0,0.1091,20.0,13609.0,895.0
2021-01-05 09:38:12.691,0.1092,0.1094,20.0,0.109,13.0,13609.0,895.0
2021-01-05 09:38:13.110,0.1092,0.1093,13.0,0.1088,25.0,13609.0,895.0
2021-01-05 09:38:13.690,0.1092,0.1093,33.0,0.1088,12.0,13609.0,895.0
2021-01-05 09:38:14.141,0.1092,0.1092,16.0,0.1088,2.0,13609.0,895.0
2021-01-05 09:38:14.691,0.1092,0.1092,36.0,0.1088,2.0,13609.0,895.0
2021-01-05 09:38:15.150,0.1088,0.1091,43.0,0.1088,1.0,13610.0,896.0
2021-01-05 09:38:15.730,0.1088,0.1089,20.0,0.1085,23.0,13611.0,897.0
2021-01-05 09:38:16.210,0.1088,0.1091,20.0,0.1088,10.0,13611.0,897.0
2021-01-05 09:38:16.731,0.1088,0.1091,30.0,0.1088,10.0,13611.0,897.0
2021-01-05 09:38:17.190,0.1088,0.1091,43.0,0.1087,10.0,13611.0,897.0
2021-01-05 09:38:17.701,0.1088,0.109,14.0,0.1087,10.0,13611.0,897.0
2021-01-05 09:38:18.231,0.1088,0.109,11.0,0.1088,10.0,13611.0,897.0
2021-01-05 09:38:18.660,0.1088,0.1089,33.0,0.1086,10.0,13611.0,897.0
2021-01-05 09:38:19.230,0.1088,0.1088,13.0,0.1085,10.0,13611.0,897.0
2021-01-05 09:38:19.670,0.1088,0.1088,33.0,0.1084,10.0,13611.0,897.0
2021-01-05 09:38:20.231,0.1088,0.1087,13.0,0.1085,20.0,13611.0,897.0
2021-01-05 09:38:20.671,0.1088,0.1087,13.0,0.1085,10.0,13611.0,897.0
2021-01-05 09:38:21.240,0.1088,0.1087,13.0,0.1085,10.0,13611.0,897.0
2021-01-05 09:38:21.670,0.1088,0.1085,20.0,0.1082,22.0,13611.0,897.0
2021-01-05 09:38:22.210,0.1088,0.1084,13.0,0.1082,12.0,13611.0,897.0
2021-01-05 09:38:22.661,0.1088,0.1084,13.0,0.1082,22.0,13611.0,897.0
2021-01-05 09:38:23.201,0.1088,0.1083,20.0,0.1082,2.0,13611.0,897.0
2021-01-05 09:38:23.681,0.1088,0.1083,20.0,0.1082,2.0,13611.0,897.0
2021-01-05 09:38:24.141,0.1088,0.1083,33.0,0.1082,2.0,13611.0,897.0
2021-01-05 09:38:24.690,0.1082,0.1083,33.0,0.1079,10.0,13612.0,899.0
2021-01-05 09:38:25.101,0.1082,0.1082,15.0,0.1081,10.0,13612.0,899.0
2021-01-05 09:38:25.670,0.1082,0.1082,2.0,0.108,10.0,13612.0,899.0
2021-01-05 09:38:26.100,0.1082,0.1082,35.0,0.1078,10.0,13612.0,899.0
2021-01-05 09:38:26.701,0.1082,0.1082,22.0,0.1081,10.0,13612.0,899.0
2021-01-05 09:38:27.151,0.1082,0.1082,2.0,0.1081,10.0,13612.0,899.0
2021-01-05 09:38:27.691,0.1082,0.1082,2.0,0.1081,10.0,13612.0,899.0
2021-01-05 09:38:28.171,0.1081,0.1081,10.0,0.1077,13.0,13622.0,909.0
2021-01-05 09:38:28.311,0.1081,0.1082,2.0,0.1077,20.0,13622.0,909.0
2021-01-05 09:38:29.191,0.1081,0.1082,2.0,0.1078,2.0,13622.0,909.0
2021-01-05 09:38:29.621,0.1081,0.1082,15.0,0.1078,2.0,13622.0,909.0
2021-01-05 09:38:30.190,0.1081,0.1081,13.0,0.1078,2.0,13622.0,909.0
2021-01-05 09:38:30.670,0.1081,0.1082,42.0,0.1078,2.0,13622.0,909.0
2021-01-05 09:38:31.181,0.1081,0.1082,35.0,0.1078,2.0,13622.0,909.0
2021-01-05 09:38:31.700,0.1081,0.1081,13.0,0.1078,2.0,13622.0,909.0
2021-01-05 09:38:32.171,0.1078,0.1079,20.0,0.1075,13.0,13624.0,911.0
2021-01-05 09:38:33.191,0.1078,0.1078,13.0,0.1072,13.0,13624.0,911.0
2021-01-05 09:38:33.700,0.1078,0.1076,20.0,0.1072,23.0,13624.0,911.0
2021-01-05 09:38:34.201,0.1078,0.1076,50.0,0.1069,10.0,13624.0,911.0
2021-01-05 09:38:35.200,0.1078,0.1073,13.0,0.1068,23.0,13624.0,911.0
2021-01-05 09:38:35.621,0.1078,0.1073,14.0,0.1067,33.0,13624.0,911.0
2021-01-05 09:38:36.130,0.1078,0.1073,14.0,0.1068,10.0,13624.0,911.0
2021-01-05 09:38:36.691,0.1078,0.1072,13.0,0.1068,10.0,13624.0,911.0
2021-01-05 09:38:37.131,0.1078,0.1072,33.0,0.1067,22.0,13624.0,911.0
2021-01-05 09:38:37.680,0.1078,0.1071,13.0,0.1067,12.0,13624.0,911.0
2021-01-05 09:38:38.161,0.1078,0.1071,33.0,0.1066,11.0,13624.0,911.0
2021-01-05 09:38:38.660,0.1078,0.1071,33.0,0.1067,10.0,13624.0,911.0
2021-01-05 09:38:39.161,0.1067,0.1067,40.0,0.1066,1.0,13634.0,921.0
2021-01-05 09:38:39.661,0.1067,0.1067,40.0,0.1066,1.0,13634.0,921.0
2021-01-05 09:38:40.141,0.1066,0.1066,13.0,0.106,13.0,13635.0,922.0
2021-01-05 09:38:40.591,0.1066,0.1066,10.0,0.1059,13.0,13635.0,922.0
2021-01-05 09:38:41.190,0.1066,0.1066,11.0,0.1061,20.0,13635.0,922.0
2021-01-05 09:38:41.640,0.1066,0.1066,44.0,0.1065,1.0,13635.0,922.0
2021-01-05 09:38:42.170,0.1065,0.1066,11.0,0.1061,33.0,13635.0,923.0
2021-01-05 09:38:42.700,0.1065,0.1065,1.0,0.1061,13.0,13635.0,923.0
2021-01-05 09:38:43.190,0.1065,0.1065,1.0,0.1061,20.0,13635.0,923.0
2021-01-05 09:38:43.701,0.1065,0.1065,1.0,0.1062,13.0,13635.0,923.0
2021-01-05 09:38:44.200,0.1065,0.1065,1.0,0.1062,10.0,13635.0,923.0
2021-01-05 09:38:44.621,0.1066,0.1067,50.0,0.1063,13.0,13635.0,925.0
2021-01-05 09:38:45.201,0.1066,0.1067,50.0,0.1063,20.0,13635.0,925.0
2021-01-05 09:38:45.580,0.1067,0.1067,39.0,0.1065,20.0,13635.0,926.0
2021-01-05 09:38:46.200,0.1067,0.1067,37.0,0.1066,13.0,13635.0,928.0
2021-01-05 09:38:46.521,0.1067,0.1067,36.0,0.1065,13.0,13636.0,929.0
2021-01-05 09:38:47.140,0.1067,0.1067,23.0,0.1065,33.0,13641.0,942.0
2021-01-05 09:38:47.691,0.1067,0.1067,9.0,0.1066,13.0,13648.0,956.0
2021-01-05 09:38:48.171,0.1067,0.1071,10.0,0.1067,20.0,13648.0,965.0
2021-01-05 09:38:49.130,0.1067,0.1071,10.0,0.1069,3.0,13648.0,965.0
2021-01-05 09:38:49.670,0.1071,0.1076,43.0,0.107,13.0,13648.0,968.0
2021-01-05 09:38:50.091,0.1071,0.1074,20.0,0.107,13.0,13648.0,968.0
2021-01-05 09:38:50.651,0.1071,0.1074,20.0,0.1069,13.0,13648.0,968.0
2021-01-05 09:38:51.170,0.1071,0.1073,20.0,0.1069,13.0,13648.0,968.0
2021-01-05 09:38:51.691,0.1071,0.107,20.0,0.1068,13.0,13648.0,968.0
2021-01-05 09:38:52.140,0.1068,0.107,20.0,0.1067,13.0,13648.0,973.0
2021-01-05 09:38:52.450,0.1068,0.1068,20.0,0.1064,13.0,13648.0,973.0
2021-01-05 09:38:53.160,0.1068,0.1068,20.0,0.1064,13.0,13648.0,973.0
2021-01-05 09:38:54.200,0.1068,0.1068,20.0,0.1064,13.0,13648.0,973.0
2021-01-05 09:38:54.690,0.1068,0.1065,10.0,0.1063,13.0,13648.0,973.0
2021-01-05 09:38:55.191,0.1065,0.1067,13.0,0.1063,10.0,13648.0,983.0
2021-01-05 09:38:55.700,0.1065,0.1066,20.0,0.1062,10.0,13648.0,983.0
2021-01-05 09:38:56.190,0.1065,0.1066,33.0,0.1062,10.0,13648.0,983.0
2021-01-05 09:38:56.661,0.1065,0.1066,30.0,0.1064,10.0,13648.0,983.0
2021-01-05 09:38:57.200,0.1065,0.1067,10.0,0.1065,10.0,13648.0,983.0
2021-01-05 09:38:57.640,0.1065,0.1067,30.0,0.1064,10.0,13650.0,985.0
2021-01-05 09:38:58.161,0.1065,0.1067,10.0,0.1065,10.0,13650.0,985.0
2021-01-05 09:38:58.670,0.1067,0.1067,5.0,0.1065,13.0,13645.0,990.0
2021-01-05 09:38:59.060,0.1067,0.1069,3.0,0.1066,20.0,13645.0,990.0
2021-01-05 09:39:00.111,0.1067,0.1069,3.0,0.1066,30.0,13645.0,990.0
2021-01-05 09:39:00.660,0.1067,0.1069,3.0,0.1066,30.0,13645.0,990.0
2021-01-05 09:39:01.160,0.1067,0.1069,23.0,0.1066,10.0,13645.0,990.0
2021-01-05 09:39:01.700,0.1067,0.1068,3.0,0.1066,10.0,13645.0,990.0
2021-01-05 09:39:02.170,0.1067,0.1069,3.0,0.1066,23.0,13645.0,990.0
2021-01-05 09:39:02.660,0.1067,0.1068,20.0,0.1065,13.0,13645.0,990.0
2021-01-05 09:39:03.150,0.1067,0.1069,3.0,0.1066,10.0,13645.0,990.0
2021-01-05 09:39:04.161,0.1067,0.1069,3.0,0.1066,33.0,13645.0,990.0
2021-01-05 09:39:04.610,0.1067,0.1069,3.0,0.1066,33.0,13645.0,990.0
2021-01-05 09:39:05.211,0.1067,0.1069,3.0,0.1067,13.0,13645.0,990.0
2021-01-05 09:39:05.701,0.1067,0.1069,3.0,0.1067,13.0,13645.0,990.0
2021-01-05 09:39:06.191,0.1067,0.1069,3.0,0.1067,13.0,13645.0,990.0
2021-01-05 09:39:06.650,0.1067,0.1069,3.0,0.1066,33.0,13645.0,990.0
2021-01-05 09:39:07.200,0.1067,0.1069,3.0,0.1067,23.0,13645.0,990.0
2021-01-05 09:39:07.680,0.1067,0.1069,3.0,0.1067,13.0,13645.0,990.0
2021-01-05 09:39:08.131,0.1067,0.1069,3.0,0.1067,13.0,13645.0,990.0
2021-01-05 09:39:08.650,0.1067,0.1069,3.0,0.1066,43.0,13645.0,991.0
2021-01-05 09:39:09.161,0.1067,0.1069,23.0,0.1065,23.0,13645.0,991.0
2021-01-05 09:39:09.601,0.1067,0.1066,10.0,0.1065,10.0,13645.0,991.0
2021-01-05 09:39:10.191,0.1066,0.1069,3.0,0.1065,13.0,13645.0,1001.0
2021-01-05 09:39:10.681,0.1066,0.1068,23.0,0.1065,13.0,13645.0,1001.0
2021-01-05 09:39:11.201,0.1065,0.1066,20.0,0.1064,23.0,13645.0,1014.0
2021-01-05 09:39:11.701,0.1065,0.1066,40.0,0.1064,10.0,13645.0,1014.0
2021-01-05 09:39:12.150,0.1065,0.1068,40.0,0.1064,10.0,13645.0,1014.0
2021-01-05 09:39:12.690,0.1065,0.1068,33.0,0.1064,10.0,13645.0,1014.0
2021-01-05 09:39:13.720,0.1065,0.1069,4.0,0.1064,43.0,13645.0,1014.0
2021-01-05 09:39:14.160,0.1065,0.1067,20.0,0.1064,10.0,13645.0,1014.0
2021-01-05 09:39:15.220,0.1065,0.1066,13.0,0.1064,10.0,13645.0,1014.0
2021-01-05 09:39:15.641,0.1064,0.1066,13.0,0.1064,1.0,13654.0,1023.0
2021-01-05 09:39:16.121,0.1064,0.1066,13.0,0.1064,1.0,13654.0,1023.0
2021-01-05 09:39:16.711,0.1064,0.1066,13.0,0.1062,20.0,13655.0,1024.0
2021-01-05 09:39:17.191,0.1064,0.1066,13.0,0.1062,10.0,13655.0,1024.0
2021-01-05 09:39:17.641,0.1064,0.1067,20.0,0.1063,13.0,13655.0,1024.0
2021-01-05 09:39:18.221,0.1064,0.1069,24.0,0.1065,10.0,13655.0,1024.0
2021-01-05 09:39:18.671,0.1064,0.1066,1.0,0.1065,10.0,13655.0,1024.0
2021-01-05 09:39:19.710,0.1064,0.1068,13.0,0.1064,10.0,13655.0,1024.0
2021-01-05 09:39:20.221,0.1064,0.1067,20.0,0.1062,20.0,13655.0,1024.0
2021-01-05 09:39:20.741,0.1064,0.1066,33.0,0.1062,20.0,13655.0,1024.0
2021-01-05 09:39:21.231,0.1064,0.1066,33.0,0.1064,10.0,13655.0,1024.0
2021-01-05 09:39:21.671,0.1064,0.1064,50.0,0.1062,20.0,13655.0,1024.0
2021-01-05 09:39:22.651,0.1064,0.1064,70.0,0.1062,10.0,13655.0,1024.0
2021-01-05 09:39:23.200,0.1064,0.1064,50.0,0.1063,10.0,13655.0,1024.0
2021-01-05 09:39:23.710,0.1064,0.1064,50.0,0.1063,20.0,13655.0,1024.0
2021-01-05 09:39:24.151,0.1064,0.1064,50.0,0.1062,20.0,13655.0,1024.0
2021-01-05 09:39:25.210,0.1064,0.1064,50.0,0.1062,20.0,13655.0,1024.0
2021-01-05 09:39:25.700,0.1064,0.1064,50.0,0.1062,10.0,13655.0,1024.0
2021-01-05 09:39:26.130,0.1064,0.1064,70.0,0.1062,10.0,13655.0,1024.0
2021-01-05 09:39:26.681,0.1064,0.1064,70.0,0.1062,10.0,13655.0,1024.0
2021-01-05 09:39:27.210,0.1064,0.1064,70.0,0.1062,10.0,13655.0,1024.0
2021-01-05 09:39:27.711,0.1064,0.1064,50.0,0.1062,20.0,13655.0,1024.0
2021-01-05 09:39:28.220,0.1064,0.1064,50.0,0.1062,10.0,13655.0,1024.0
2021-01-05 09:39:28.710,0.1064,0.1064,50.0,0.1062,10.0,13655.0,1024.0
2021-01-05 09:39:29.231,0.1064,0.1064,50.0,0.1062,10.0,13655.0,1024.0
2021-01-05 09:39:29.721,0.1064,0.1064,50.0,0.1063,10.0,13655.0,1024.0
2021-01-05 09:39:30.220,0.1064,0.1064,50.0,0.1063,33.0,13655.0,1024.0
2021-01-05 09:39:30.721,0.1064,0.1064,49.0,0.1062,20.0,13655.0,1025.0
2021-01-05 09:39:31.121,0.1064,0.1064,49.0,0.1063,20.0,13655.0,1025.0
2021-01-05 09:39:31.701,0.1064,0.1064,49.0,0.1063,20.0,13655.0,1025.0
2021-01-05 09:39:32.141,0.1064,0.1064,49.0,0.1063,20.0,13655.0,1025.0
2021-01-05 09:39:32.700,0.1064,0.1064,49.0,0.1063,10.0,13655.0,1025.0
2021-01-05 09:39:33.180,0.1064,0.1064,49.0,0.1063,10.0,13655.0,1025.0
2021-01-05 09:39:33.530,0.1064,0.1064,49.0,0.1063,10.0,13655.0,1025.0
2021-01-05 09:39:34.210,0.1064,0.1064,49.0,0.1063,10.0,13655.0,1025.0
2021-01-05 09:39:34.681,0.1064,0.1064,49.0,0.1063,20.0,13655.0,1025.0
2021-01-05 09:39:35.651,0.1064,0.1064,49.0,0.1063,40.0,13655.0,1025.0
2021-01-05 09:39:36.231,0.1064,0.1064,49.0,0.1063,20.0,13655.0,1025.0
2021-01-05 09:39:36.660,0.1064,0.1064,39.0,0.1063,20.0,13665.0,1035.0
2021-01-05 09:39:37.221,0.1064,0.1064,39.0,0.1063,20.0,13665.0,1035.0
2021-01-05 09:39:38.650,0.1064,0.1064,39.0,0.1063,20.0,13665.0,1035.0
2021-01-05 09:39:39.241,0.1064,0.1064,39.0,0.1063,20.0,13665.0,1035.0
2021-01-05 09:39:39.751,0.1064,0.1064,39.0,0.1063,20.0,13665.0,1035.0
2021-01-05 09:39:40.721,0.1064,0.1064,29.0,0.1063,20.0,13665.0,1045.0
2021-01-05 09:39:41.220,0.1064,0.1069,3.0,0.1064,4.0,13674.0,1074.0
2021-01-05 09:39:41.750,0.1064,0.1066,20.0,0.1063,10.0,13675.0,1075.0
2021-01-05 09:39:42.210,0.1064,0.1069,23.0,0.1064,10.0,13675.0,1075.0
2021-01-05 09:39:42.740,0.1064,0.1067,13.0,0.1063,40.0,13675.0,1075.0
2021-01-05 09:39:43.191,0.1064,0.1068,13.0,0.1064,20.0,13675.0,1075.0
2021-01-05 09:39:43.660,0.1064,0.1068,13.0,0.1066,20.0,13675.0,1075.0
2021-01-05 09:39:44.680,0.1064,0.1068,13.0,0.1064,30.0,13675.0,1075.0
2021-01-05 09:39:45.251,0.1064,0.1068,13.0,0.1064,30.0,13675.0,1075.0
2021-01-05 09:39:45.750,0.1064,0.1068,13.0,0.1064,30.0,13675.0,1075.0
2021-01-05 09:39:46.190,0.1064,0.1067,23.0,0.1063,10.0,13675.0,1075.0
2021-01-05 09:39:46.691,0.1063,0.1065,20.0,0.1062,27.0,13679.0,1079.0
2021-01-05 09:39:47.250,0.1063,0.1064,13.0,0.1062,27.0,13679.0,1079.0
2021-01-05 09:39:47.731,0.1063,0.1064,13.0,0.1062,27.0,13679.0,1079.0
2021-01-05 09:39:48.221,0.1063,0.1065,13.0,0.1062,31.0,13679.0,1079.0
2021-01-05 09:39:48.720,0.1063,0.1065,20.0,0.1062,31.0,13679.0,1079.0
2021-01-05 09:39:49.241,0.1063,0.1064,13.0,0.1062,31.0,13679.0,1079.0
2021-01-05 09:39:49.711,0.1063,0.1064,13.0,0.1062,21.0,13679.0,1079.0
2021-01-05 09:39:50.180,0.1062,0.1064,13.0,0.1062,21.0,13689.0,1089.0
2021-01-05 09:39:50.701,0.1062,0.1063,20.0,0.1062,9.0,13690.0,1091.0
2021-01-05 09:39:51.241,0.1062,0.1061,20.0,0.1058,10.0,13690.0,1100.0
2021-01-05 09:39:51.730,0.1058,0.106,13.0,0.1057,8.0,13692.0,1102.0
2021-01-05 09:39:52.251,0.1058,0.106,13.0,0.1055,30.0,13692.0,1102.0
2021-01-05 09:39:52.670,0.1058,0.1061,33.0,0.106,10.0,13692.0,1102.0
2021-01-05 09:39:53.181,0.1061,0.1062,20.0,0.106,10.0,13692.0,1111.0
2021-01-05 09:39:53.630,0.1061,0.1066,20.0,0.106,30.0,13692.0,1111.0
2021-01-05 09:39:54.091,0.1061,0.1064,20.0,0.106,30.0,13692.0,1111.0
2021-01-05 09:39:54.691,0.1061,0.1064,20.0,0.106,30.0,13692.0,1111.0
2021-01-05 09:39:55.181,0.1061,0.1062,20.0,0.106,10.0,13692.0,1111.0
2021-01-05 09:39:55.640,0.1061,0.1062,20.0,0.106,10.0,13692.0,1111.0
2021-01-05 09:39:56.120,0.106,0.1059,10.0,0.1057,2.0,13702.0,1121.0
2021-01-05 09:39:56.691,0.106,0.1059,13.0,0.1057,2.0,13702.0,1121.0
2021-01-05 09:39:57.181,0.106,0.1061,13.0,0.1057,2.0,13702.0,1121.0
2021-01-05 09:39:57.580,0.106,0.1062,63.0,0.1057,35.0,13702.0,1121.0
2021-01-05 09:39:58.170,0.106,0.1062,30.0,0.1059,20.0,13702.0,1121.0
2021-01-05 09:39:58.600,0.106,0.1062,43.0,0.106,3.0,13702.0,1121.0
2021-01-05 09:39:59.050,0.106,0.1062,43.0,0.106,3.0,13702.0,1121.0
2021-01-05 09:39:59.670,0.106,0.1062,30.0,0.1059,20.0,13702.0,1121.0
2021-01-05 09:40:00.631,0.106,0.1062,50.0,0.1058,13.0,13702.0,1121.0
2021-01-05 09:40:01.201,0.106,0.1062,30.0,0.1058,13.0,13702.0,1121.0
2021-01-05 09:40:01.570,0.106,0.1062,30.0,0.1061,10.0,13702.0,1121.0
2021-01-05 09:40:02.200,0.1062,0.1062,18.0,0.1061,10.0,13690.0,1133.0
2021-01-05 09:40:02.671,0.1062,0.1062,7.0,0.1061,40.0,13689.0,1144.0
2021-01-05 09:40:03.171,0.1061,0.1064,15.0,0.1061,39.0,13690.0,1153.0
2021-01-05 09:40:03.691,0.1061,0.1066,15.0,0.1061,29.0,13690.0,1153.0
2021-01-05 09:40:04.160,0.1061,0.1064,20.0,0.1061,9.0,13690.0,1153.0
2021-01-05 09:40:04.700,0.1061,0.1065,15.0,0.1061,9.0,13690.0,1153.0
2021-01-05 09:40:05.701,0.1061,0.1066,35.0,0.1061,9.0,13690.0,1153.0
2021-01-05 09:40:06.200,0.1061,0.1065,15.0,0.1061,19.0,13690.0,1153.0
2021-01-05 09:40:06.701,0.1061,0.1065,15.0,0.1061,9.0,13690.0,1153.0
2021-01-05 09:40:07.191,0.1061,0.1065,15.0,0.1062,10.0,13690.0,1153.0
2021-01-05 09:40:07.700,0.1061,0.1066,35.0,0.1062,10.0,13690.0,1153.0
2021-01-05 09:40:08.200,0.1061,0.1067,15.0,0.1065,10.0,13690.0,1153.0
2021-01-05 09:40:08.690,0.1061,0.1068,35.0,0.1065,10.0,13690.0,1153.0
2021-01-05 09:40:09.170,0.1061,0.1067,15.0,0.1065,10.0,13690.0,1153.0
2021-01-05 09:40:09.691,0.1061,0.1068,15.0,0.1065,20.0,13690.0,1153.0
2021-01-05 09:40:10.150,0.1061,0.1068,35.0,0.1065,10.0,13690.0,1153.0
2021-01-05 09:40:10.680,0.1061,0.1067,35.0,0.1065,10.0,13690.0,1153.0
2021-01-05 09:40:11.120,0.1061,0.1066,15.0,0.1065,10.0,13690.0,1153.0
2021-01-05 09:40:11.671,0.1061,0.1066,15.0,0.1065,20.0,13690.0,1153.0
2021-01-05 09:40:12.190,0.1061,0.1066,15.0,0.1065,20.0,13690.0,1153.0
2021-01-05 09:40:12.680,0.1061,0.1068,15.0,0.1065,30.0,13690.0,1153.0
2021-01-05 09:40:13.170,0.1061,0.1068,15.0,0.1065,20.0,13690.0,1153.0
2021-01-05 09:40:13.700,0.1061,0.1069,18.0,0.1066,23.0,13690.0,1153.0
2021-01-05 09:40:14.150,0.1061,0.1069,3.0,0.1067,10.0,13690.0,1153.0
2021-01-05 09:40:14.701,0.1061,0.1069,3.0,0.1066,34.0,13690.0,1153.0
2021-01-05 09:40:15.110,0.1061,0.1069,3.0,0.1067,10.0,13690.0,1153.0
2021-01-05 09:40:15.690,0.1061,0.1069,3.0,0.1068,10.0,13690.0,1153.0
2021-01-05 09:40:16.140,0.1061,0.1069,3.0,0.1068,10.0,13690.0,1153.0
2021-01-05 09:40:16.610,0.1061,0.1069,3.0,0.1067,10.0,13690.0,1153.0
2021-01-05 09:40:17.191,0.1061,0.1069,3.0,0.1067,20.0,13690.0,1153.0
2021-01-05 09:40:17.661,0.1061,0.1069,3.0,0.1067,10.0,13690.0,1153.0
2021-01-05 09:40:18.120,0.1061,0.1069,3.0,0.1067,10.0,13690.0,1153.0
2021-01-05 09:40:18.641,0.1061,0.1069,3.0,0.1067,20.0,13690.0,1153.0
2021-01-05 09:40:19.190,0.1061,0.1069,3.0,0.1067,20.0,13690.0,1153.0
2021-01-05 09:40:19.711,0.1061,0.1069,18.0,0.1067,10.0,13690.0,1153.0
2021-01-05 09:40:20.191,0.1067,0.1067,10.0,0.1066,1.0,13700.0,1163.0
2021-01-05 09:40:20.691,0.1067,0.1067,25.0,0.1066,1.0,13700.0,1163.0
2021-01-05 09:40:21.200,0.1066,0.1066,19.0,0.1064,10.0,13700.0,1164.0
2021-01-05 09:40:21.701,0.1066,0.1066,19.0,0.1064,10.0,13700.0,1164.0
2021-01-05 09:40:22.210,0.1067,0.1067,15.0,0.1063,10.0,13710.0,1174.0
2021-01-05 09:40:22.591,0.1067,0.1067,35.0,0.1065,10.0,13710.0,1174.0
2021-01-05 09:40:23.200,0.1067,0.1066,15.0,0.1063,10.0,13710.0,1174.0
2021-01-05 09:40:23.701,0.1067,0.1066,15.0,0.1062,10.0,13710.0,1174.0
2021-01-05 09:40:24.160,0.1066,0.1067,20.0,0.1062,10.0,13710.0,1175.0
2021-01-05 09:40:24.681,0.1066,0.1067,45.0,0.1063,10.0,13710.0,1175.0
2021-01-05 09:40:25.121,0.1066,0.1067,20.0,0.1063,10.0,13710.0,1175.0
2021-01-05 09:40:25.570,0.1066,0.1066,15.0,0.1062,30.0,13710.0,1175.0
2021-01-05 09:40:26.181,0.1066,0.1067,20.0,0.1064,10.0,13710.0,1175.0
2021-01-05 09:40:26.650,0.1066,0.1067,35.0,0.1062,30.0,13710.0,1175.0
2021-01-05 09:40:27.140,0.1066,0.1066,15.0,0.1062,10.0,13710.0,1175.0
2021-01-05 09:40:27.701,0.1066,0.1064,10.0,0.106,10.0,13710.0,1175.0
2021-01-05 09:40:28.110,0.1066,0.1064,10.0,0.1062,10.0,13710.0,1175.0
2021-01-05 09:40:28.690,0.1066,0.1064,10.0,0.1061,10.0,13710.0,1175.0
2021-01-05 09:40:29.170,0.1066,0.1064,10.0,0.1062,10.0,13710.0,1175.0
2021-01-05 09:40:30.150,0.1066,0.1063,15.0,0.1061,10.0,13710.0,1175.0
2021-01-05 09:40:30.700,0.1066,0.1065,35.0,0.1061,10.0,13710.0,1175.0
2021-01-05 09:40:31.101,0.1066,0.1064,15.0,0.1061,10.0,13710.0,1175.0
2021-01-05 09:40:31.631,0.1066,0.1065,35.0,0.1061,10.0,13710.0,1175.0
2021-01-05 09:40:32.140,0.1066,0.1065,35.0,0.1061,20.0,13710.0,1175.0
2021-01-05 09:40:32.611,0.1066,0.1065,20.0,0.1062,3.0,13710.0,1175.0
2021-01-05 09:40:33.180,0.1066,0.1068,35.0,0.1067,10.0,13710.0,1175.0
2021-01-05 09:40:33.551,0.1066,0.1069,3.0,0.1067,10.0,13710.0,1175.0
2021-01-05 09:40:34.171,0.1066,0.1069,3.0,0.1067,10.0,13710.0,1175.0
2021-01-05 09:40:34.601,0.1066,0.1068,15.0,0.1067,10.0,13710.0,1175.0
2021-01-05 09:40:35.201,0.1067,0.1067,10.0,0.1061,41.0,13710.0,1185.0
2021-01-05 09:40:35.681,0.1067,0.1067,25.0,0.1063,20.0,13710.0,1185.0
2021-01-05 09:40:36.161,0.1067,0.1066,15.0,0.1063,20.0,13710.0,1185.0
2021-01-05 09:40:36.620,0.1067,0.1066,15.0,0.1061,41.0,13710.0,1185.0
2021-01-05 09:40:37.201,0.1067,0.1066,15.0,0.1061,51.0,13710.0,1185.0
2021-01-05 09:40:37.700,0.1067,0.1065,20.0,0.1061,41.0,13710.0,1185.0
2021-01-05 09:40:38.130,0.1067,0.1067,35.0,0.1062,10.0,13710.0,1185.0
2021-01-05 09:40:38.651,0.1067,0.1067,35.0,0.1062,10.0,13710.0,1185.0
2021-01-05 09:40:39.041,0.1067,0.1067,20.0,0.1062,20.0,13710.0,1185.0
2021-01-05 09:40:39.681,0.1067,0.1066,15.0,0.1062,40.0,13710.0,1185.0
2021-01-05 09:40:40.061,0.1067,0.1069,38.0,0.1064,20.0,13710.0,1185.0
2021-01-05 09:40:41.191,0.1067,0.1069,23.0,0.1065,25.0,13710.0,1185.0
2021-01-05 09:40:41.640,0.1067,0.1069,3.0,0.1066,10.0,13710.0,1185.0
2021-01-05 09:40:42.180,0.1067,0.1069,3.0,0.1064,40.0,13710.0,1185.0
2021-01-05 09:40:42.601,0.1067,0.1069,3.0,0.1065,10.0,13710.0,1185.0
2021-01-05 09:40:43.191,0.1067,0.1069,3.0,0.1065,10.0,13710.0,1185.0
2021-01-05 09:40:43.621,0.1067,0.1069,18.0,0.1065,10.0,13710.0,1185.0
2021-01-05 09:40:44.161,0.1067,0.1069,18.0,0.1065,30.0,13710.0,1185.0
2021-01-05 09:40:44.610,0.1067,0.1068,15.0,0.1066,10.0,13710.0,1185.0
2021-01-05 09:40:45.131,0.1067,0.1068,15.0,0.1066,10.0,13710.0,1185.0
2021-01-05 09:40:46.161,0.1067,0.1069,18.0,0.1067,1.0,13710.0,1185.0
2021-01-05 09:40:47.611,0.1067,0.1069,3.0,0.1067,1.0,13710.0,1185.0
2021-01-05 09:40:48.160,0.1067,0.1069,3.0,0.1067,1.0,13710.0,1185.0
2021-01-05 09:40:48.700,0.1067,0.1069,3.0,0.1068,13.0,13710.0,1185.0
2021-01-05 09:40:49.111,0.1068,0.1069,18.0,0.1067,1.0,13717.0,1195.0
2021-01-05 09:40:49.640,0.1068,0.1069,3.0,0.1067,1.0,13717.0,1195.0
2021-01-05 09:40:50.181,0.1068,0.1069,3.0,0.1067,11.0,13717.0,1195.0
2021-01-05 09:40:50.671,0.1068,0.1069,3.0,0.1067,1.0,13717.0,1195.0
2021-01-05 09:40:51.021,0.1068,0.1069,3.0,0.1067,1.0,13717.0,1195.0
2021-01-05 09:40:51.601,0.1068,0.1069,3.0,0.1067,11.0,13717.0,1195.0
2021-01-05 09:40:52.181,0.1068,0.1069,3.0,0.1067,11.0,13717.0,1195.0
2021-01-05 09:40:52.661,0.1068,0.1069,3.0,0.1067,11.0,13717.0,1195.0
2021-01-05 09:40:53.140,0.1068,0.1069,18.0,0.1067,11.0,13717.0,1195.0
2021-01-05 09:40:53.651,0.1068,0.1069,3.0,0.1067,11.0,13717.0,1195.0
2021-01-05 09:40:54.141,0.1068,0.1069,3.0,0.1067,11.0,13717.0,1195.0
2021-01-05 09:40:54.521,0.1068,0.1069,3.0,0.1067,31.0,13717.0,1195.0
2021-01-05 09:40:55.111,0.1068,0.1069,18.0,0.1067,1.0,13717.0,1195.0
2021-01-05 09:40:56.121,0.1068,0.1068,15.0,0.1067,11.0,13727.0,1205.0
2021-01-05 09:40:56.600,0.1068,0.1068,35.0,0.1067,1.0,13727.0,1205.0
2021-01-05 09:40:57.180,0.1068,0.1068,20.0,0.1067,1.0,13727.0,1205.0
2021-01-05 09:40:57.560,0.1068,0.1069,38.0,0.1068,1.0,13727.0,1205.0
2021-01-05 09:40:58.110,0.1068,0.1069,38.0,0.1068,1.0,13727.0,1205.0
2021-01-05 09:40:58.721,0.1068,0.1069,38.0,0.1068,1.0,13727.0,1205.0
2021-01-05 09:40:58.980,0.1068,0.1069,38.0,0.1068,1.0,13727.0,1205.0
2021-01-05 09:40:59.650,0.1068,0.1069,3.0,0.1068,1.0,13727.0,1205.0
2021-01-05 09:41:00.611,0.1068,0.1069,18.0,0.1068,1.0,13727.0,1205.0
2021-01-05 09:41:00.980,0.1068,0.1069,38.0,0.1068,1.0,13727.0,1205.0
2021-01-05 09:41:01.650,0.1068,0.1069,3.0,0.1068,1.0,13727.0,1205.0
2021-01-05 09:41:02.190,0.1068,0.1069,3.0,0.1068,1.0,13727.0,1205.0
2021-01-05 09:41:02.661,0.1068,0.1069,3.0,0.1068,1.0,13727.0,1205.0
2021-01-05 09:41:03.110,0.1068,0.1069,38.0,0.1068,1.0,13727.0,1205.0
2021-01-05 09:41:03.721,0.1068,0.1069,38.0,0.1068,1.0,13727.0,1205.0
2021-01-05 09:41:04.180,0.1068,0.1069,38.0,0.1068,1.0,13727.0,1205.0
2021-01-05 09:41:04.680,0.1068,0.1069,23.0,0.1068,1.0,13727.0,1205.0
2021-01-05 09:41:05.220,0.1068,0.1069,23.0,0.1068,1.0,13727.0,1205.0
2021-01-05 09:41:05.660,0.1068,0.1069,23.0,0.1068,1.0,13727.0,1205.0
2021-01-05 09:41:06.221,0.1068,0.1068,15.0,0.1067,1.0,13728.0,1206.0
2021-01-05 09:41:06.620,0.1068,0.1068,15.0,0.1067,1.0,13728.0,1206.0
2021-01-05 09:41:07.100,0.1068,0.1068,10.0,0.1067,1.0,13728.0,1206.0
2021-01-05 09:41:07.631,0.1068,0.1068,25.0,0.1067,1.0,13728.0,1206.0
2021-01-05 09:41:08.130,0.1067,0.1067,35.0,0.1063,10.0,13729.0,1207.0
2021-01-05 09:41:08.701,0.1067,0.1068,15.0,0.1065,10.0,13729.0,1207.0
2021-01-05 09:41:09.210,0.1067,0.1068,25.0,0.1065,10.0,13729.0,1207.0
2021-01-05 09:41:09.661,0.1067,0.1067,35.0,0.1062,12.0,13729.0,1207.0
2021-01-05 09:41:10.220,0.1067,0.1066,15.0,0.1064,10.0,13729.0,1207.0
2021-01-05 09:41:10.710,0.1067,0.1067,15.0,0.1062,32.0,13729.0,1227.0
2021-01-05 09:41:11.210,0.1067,0.1066,30.0,0.1062,2.0,13729.0,1227.0
2021-01-05 09:41:11.711,0.1067,0.1066,10.0,0.1063,10.0,13729.0,1227.0
2021-01-05 09:41:12.151,0.1067,0.1066,10.0,0.1064,10.0,13729.0,1227.0
2021-01-05 09:41:12.710,0.1067,0.1067,35.0,0.1062,47.0,13729.0,1227.0
2021-01-05 09:41:13.161,0.1067,0.1069,33.0,0.1066,10.0,13729.0,1227.0
2021-01-05 09:41:13.701,0.1067,0.1069,3.0,0.1065,15.0,13729.0,1227.0
2021-01-05 09:41:14.160,0.1067,0.1066,20.0,0.1062,12.0,13729.0,1227.0
2021-01-05 09:41:14.671,0.1067,0.1069,23.0,0.1064,20.0,13729.0,1227.0
2021-01-05 09:41:15.180,0.1067,0.1069,3.0,0.1064,20.0,13729.0,1227.0
2021-01-05 09:41:15.651,0.1067,0.1069,3.0,0.1065,15.0,13729.0,1227.0
2021-01-05 09:41:16.210,0.1067,0.1069,3.0,0.1064,35.0,13729.0,1227.0
2021-01-05 09:41:16.500,0.1067,0.1069,38.0,0.1064,20.0,13729.0,1227.0
2021-01-05 09:41:17.180,0.1067,0.1068,15.0,0.1063,10.0,13729.0,1227.0
2021-01-05 09:41:17.670,0.1067,0.1069,38.0,0.1063,25.0,13729.0,1227.0
2021-01-05 09:41:18.141,0.1067,0.1069,23.0,0.1064,20.0,13729.0,1227.0
2021-01-05 09:41:18.600,0.1067,0.1069,23.0,0.1064,25.0,13729.0,1227.0
2021-01-05 09:41:19.161,0.1067,0.1067,20.0,0.1063,20.0,13729.0,1227.0
2021-01-05 09:41:19.570,0.1067,0.1067,20.0,0.1064,10.0,13729.0,1227.0
2021-01-05 09:41:20.070,0.1067,0.1067,15.0,0.1064,30.0,13729.0,1227.0
2021-01-05 09:41:20.721,0.1067,0.1068,15.0,0.1064,30.0,13729.0,1227.0
2021-01-05 09:41:21.190,0.1067,0.1068,16.0,0.1064,30.0,13729.0,1227.0
2021-01-05 09:41:21.551,0.1067,0.1067,15.0,0.1064,30.0,13729.0,1227.0
2021-01-05 09:41:22.190,0.1067,0.1067,38.0,0.1064,10.0,13729.0,1227.0
2021-01-05 09:41:22.700,0.1067,0.1067,48.0,0.1063,10.0,13729.0,1227.0
2021-01-05 09:41:23.610,0.1067,0.1067,33.0,0.1063,10.0,13729.0,1227.0
2021-01-05 09:41:24.171,0.1067,0.1067,10.0,0.1064,20.0,13729.0,1227.0
2021-01-05 09:41:24.651,0.1067,0.1066,15.0,0.1064,20.0,13729.0,1227.0
2021-01-05 09:41:25.120,0.1067,0.1066,15.0,0.1063,10.0,13729.0,1227.0
2021-01-05 09:41:25.641,0.1067,0.1066,15.0,0.1063,10.0,13729.0,1227.0
2021-01-05 09:41:26.190,0.1067,0.1066,15.0,0.1063,10.0,13729.0,1227.0
2021-01-05 09:41:26.670,0.1067,0.1066,25.0,0.1063,10.0,13729.0,1227.0
2021-01-05 09:41:27.131,0.1067,0.1065,15.0,0.1063,10.0,13729.0,1227.0
2021-01-05 09:41:27.710,0.1067,0.1064,20.0,0.1063,10.0,13729.0,1227.0
2021-01-05 09:41:28.050,0.1067,0.1065,35.0,0.1063,10.0,13729.0,1227.0
2021-01-05 09:41:28.540,0.1067,0.1065,35.0,0.1063,10.0,13729.0,1227.0
2021-01-05 09:41:29.690,0.1067,0.1065,20.0,0.1063,10.0,13729.0,1227.0
2021-01-05 09:41:30.180,0.1067,0.1065,20.0,0.1063,10.0,13729.0,1227.0
2021-01-05 09:41:30.441,0.1063,0.1065,45.0,0.1062,2.0,13739.0,1237.0
2021-01-05 09:41:31.181,0.1063,0.1065,20.0,0.1062,2.0,13739.0,1237.0
2021-01-05 09:41:31.700,0.1063,0.1065,30.0,0.1062,2.0,13739.0,1237.0
2021-01-05 09:41:32.670,0.1063,0.1067,20.0,0.1063,10.0,13739.0,1237.0
2021-01-05 09:41:33.171,0.1063,0.1064,20.0,0.1062,2.0,13739.0,1237.0
2021-01-05 09:41:33.621,0.1063,0.1066,20.0,0.1062,17.0,13739.0,1237.0
2021-01-05 09:41:34.120,0.1063,0.1066,20.0,0.1063,10.0,13739.0,1237.0
2021-01-05 09:41:34.720,0.1063,0.1066,20.0,0.1063,10.0,13739.0,1237.0
2021-01-05 09:41:35.221,0.1063,0.1066,45.0,0.1062,12.0,13739.0,1237.0
2021-01-05 09:41:35.721,0.1063,0.1064,20.0,0.1062,12.0,13739.0,1237.0
2021-01-05 09:41:36.070,0.1062,0.1063,10.0,0.1062,10.0,13741.0,1239.0
2021-01-05 09:41:36.720,0.1062,0.1062,11.0,0.1061,1.0,13751.0,1249.0
2021-01-05 09:41:37.210,0.1062,0.1062,11.0,0.1061,1.0,13751.0,1249.0
2021-01-05 09:41:37.551,0.1061,0.1061,15.0,0.106,11.0,13752.0,1250.0
2021-01-05 09:41:38.220,0.1061,0.1061,44.0,0.106,11.0,13753.0,1251.0
2021-01-05 09:41:38.650,0.1061,0.1061,30.0,0.106,11.0,13753.0,1251.0
2021-01-05 09:41:39.221,0.1061,0.1063,30.0,0.106,11.0,13753.0,1251.0
2021-01-05 09:41:39.521,0.1061,0.1063,55.0,0.106,11.0,13753.0,1251.0
2021-01-05 09:41:40.231,0.1061,0.1063,30.0,0.106,11.0,13753.0,1251.0
2021-01-05 09:41:40.721,0.1061,0.1062,30.0,0.106,11.0,13753.0,1251.0
2021-01-05 09:41:41.130,0.1061,0.1062,30.0,0.106,11.0,13753.0,1251.0
2021-01-05 09:41:41.730,0.1061,0.1062,30.0,0.1061,10.0,13753.0,1251.0
2021-01-05 09:41:42.201,0.1061,0.1062,30.0,0.1061,10.0,13753.0,1251.0
2021-01-05 09:41:42.610,0.1062,0.1062,20.0,0.1061,20.0,13743.0,1261.0
2021-01-05 09:41:43.080,0.1062,0.1062,19.0,0.1061,35.0,13742.0,1262.0
2021-01-05 09:41:43.720,0.1062,0.1062,18.0,0.1061,35.0,13741.0,1263.0
2021-01-05 09:41:44.671,0.1062,0.1062,18.0,0.106,36.0,13741.0,1263.0
2021-01-05 09:41:45.190,0.1062,0.1062,18.0,0.106,21.0,13741.0,1263.0
2021-01-05 09:41:45.701,0.1062,0.1062,18.0,0.1061,10.0,13741.0,1263.0
2021-01-05 09:41:46.241,0.1062,0.1062,17.0,0.106,26.0,13741.0,1264.0
2021-01-05 09:41:46.581,0.1062,0.1062,17.0,0.1061,15.0,13741.0,1264.0
2021-01-05 09:41:47.170,0.1062,0.1062,36.0,0.1061,15.0,13741.0,1265.0
2021-01-05 09:41:47.741,0.1062,0.1062,36.0,0.106,11.0,13741.0,1265.0
2021-01-05 09:41:48.181,0.1062,0.1062,36.0,0.106,11.0,13741.0,1265.0
2021-01-05 09:41:48.740,0.1062,0.1061,20.0,0.106,11.0,13741.0,1265.0
2021-01-05 09:41:49.191,0.1062,0.1062,15.0,0.106,26.0,13741.0,1266.0
2021-01-05 09:41:49.451,0.106,0.1061,20.0,0.106,3.0,13749.0,1274.0
2021-01-05 09:41:50.231,0.106,0.1059,17.0,0.1055,25.0,13752.0,1277.0
2021-01-05 09:41:50.751,0.106,0.1059,17.0,0.1054,10.0,13752.0,1277.0
2021-01-05 09:41:51.251,0.106,0.1062,35.0,0.1056,10.0,13752.0,1277.0
2021-01-05 09:41:51.750,0.106,0.1062,35.0,0.1058,20.0,13752.0,1277.0
2021-01-05 09:41:52.261,0.106,0.1061,20.0,0.1056,15.0,13752.0,1277.0
2021-01-05 09:41:52.690,0.106,0.106,30.0,0.1055,15.0,13752.0,1277.0
2021-01-05 09:41:53.151,0.106,0.106,55.0,0.1054,15.0,13752.0,1277.0
2021-01-05 09:41:54.161,0.106,0.1059,45.0,0.1054,15.0,13752.0,1277.0
2021-01-05 09:41:54.591,0.106,0.1059,45.0,0.1053,35.0,13752.0,1277.0
2021-01-05 09:41:54.880,0.106,0.1057,20.0,0.1052,1.0,13752.0,1277.0
2021-01-05 09:41:55.671,0.106,0.1057,20.0,0.1053,15.0,13752.0,1277.0
2021-01-05 09:41:56.151,0.106,0.1057,20.0,0.1053,15.0,13752.0,1277.0
2021-01-05 09:41:56.670,0.106,0.1059,20.0,0.1054,30.0,13752.0,1277.0
2021-01-05 09:41:57.110,0.106,0.1055,10.0,0.1053,15.0,13752.0,1277.0
2021-01-05 09:41:57.640,0.1056,0.1059,20.0,0.1055,1.0,13756.0,1298.0
2021-01-05 09:41:58.140,0.1056,0.1058,10.0,0.1055,16.0,13756.0,1298.0
2021-01-05 09:41:58.660,0.1056,0.1058,10.0,0.1055,16.0,13756.0,1298.0
2021-01-05 09:41:59.131,0.1056,0.1058,10.0,0.1055,1.0,13756.0,1298.0
2021-01-05 09:42:00.151,0.1056,0.1058,10.0,0.1055,36.0,13756.0,1298.0
2021-01-05 09:42:00.701,0.1055,0.1055,9.0,0.1054,10.0,13757.0,1299.0
2021-01-05 09:42:01.651,0.1055,0.1055,9.0,0.1053,45.0,13757.0,1299.0
2021-01-05 09:42:02.201,0.1055,0.1055,9.0,0.1053,45.0,13757.0,1299.0
2021-01-05 09:42:02.710,0.1055,0.1055,9.0,0.1053,30.0,13757.0,1299.0
2021-01-05 09:42:03.161,0.1055,0.1055,9.0,0.1054,15.0,13757.0,1299.0
2021-01-05 09:42:03.690,0.1054,0.1055,9.0,0.1054,14.0,13756.0,1300.0
2021-01-05 09:42:04.091,0.1054,0.1055,9.0,0.1054,15.0,13756.0,1300.0
2021-01-05 09:42:04.641,0.1054,0.1055,9.0,0.1054,15.0,13756.0,1300.0
2021-01-05 09:42:05.211,0.1054,0.1055,9.0,0.1054,15.0,13756.0,1300.0
2021-01-05 09:42:05.711,0.1054,0.1055,9.0,0.1054,15.0,13756.0,1300.0
2021-01-05 09:42:06.181,0.1054,0.1055,9.0,0.1054,15.0,13756.0,1300.0
2021-01-05 09:42:06.671,0.1054,0.1055,9.0,0.1054,45.0,13756.0,1300.0
2021-01-05 09:42:07.230,0.1054,0.1055,9.0,0.1054,30.0,13756.0,1300.0
2021-01-05 09:42:07.691,0.1054,0.1055,9.0,0.1054,30.0,13756.0,1300.0
2021-01-05 09:42:08.220,0.1054,0.1055,9.0,0.1054,35.0,13756.0,1310.0
2021-01-05 09:42:08.721,0.1055,0.1058,10.0,0.1055,15.0,13756.0,1319.0
2021-01-05 09:42:09.230,0.1055,0.1058,15.0,0.1053,30.0,13756.0,1319.0
2021-01-05 09:42:09.570,0.1055,0.1058,35.0,0.1053,45.0,13756.0,1319.0
2021-01-05 09:42:10.200,0.1055,0.1058,35.0,0.1053,15.0,13756.0,1319.0
2021-01-05 09:42:10.590,0.1055,0.1057,15.0,0.1052,11.0,13756.0,1319.0
2021-01-05 09:42:11.211,0.1055,0.1056,30.0,0.1052,11.0,13756.0,1319.0
2021-01-05 09:42:11.720,0.1055,0.1056,45.0,0.1052,1.0,13756.0,1319.0
2021-01-05 09:42:12.210,0.1055,0.1054,20.0,0.1052,1.0,13756.0,1319.0
2021-01-05 09:42:12.721,0.1052,0.1054,20.0,0.1051,11.0,13757.0,1320.0
2021-01-05 09:42:13.211,0.1052,0.1055,20.0,0.1053,10.0,13757.0,1320.0
2021-01-05 09:42:13.731,0.1052,0.1058,35.0,0.1052,45.0,13757.0,1320.0
2021-01-05 09:42:14.150,0.1052,0.1058,30.0,0.1053,15.0,13757.0,1320.0
2021-01-05 09:42:14.671,0.1052,0.1058,45.0,0.1053,15.0,13757.0,1320.0
2021-01-05 09:42:15.151,0.1052,0.1058,20.0,0.1053,35.0,13757.0,1320.0
2021-01-05 09:42:15.650,0.1052,0.1058,20.0,0.1053,35.0,13757.0,1320.0
2021-01-05 09:42:16.181,0.1058,0.1058,29.0,0.1053,20.0,13763.0,1326.0
2021-01-05 09:42:16.701,0.1058,0.1058,29.0,0.1053,20.0,13763.0,1326.0
2021-01-05 09:42:17.241,0.1058,0.1058,14.0,0.1053,35.0,13763.0,1326.0
2021-01-05 09:42:17.681,0.1058,0.1058,14.0,0.1053,35.0,13763.0,1326.0
2021-01-05 09:42:18.100,0.1058,0.1058,14.0,0.1054,15.0,13763.0,1326.0
2021-01-05 09:42:18.570,0.1058,0.106,21.0,0.1055,3.0,13763.0,1326.0
2021-01-05 09:42:19.210,0.1058,0.106,21.0,0.1056,15.0,13763.0,1326.0
2021-01-05 09:42:19.721,0.1058,0.106,21.0,0.1055,48.0,13763.0,1326.0
2021-01-05 09:42:20.150,0.1058,0.106,21.0,0.1056,15.0,13763.0,1326.0
2021-01-05 09:42:20.751,0.1058,0.106,36.0,0.1055,30.0,13763.0,1326.0
2021-01-05 09:42:21.231,0.1058,0.106,21.0,0.1055,20.0,13763.0,1326.0
2021-01-05 09:42:21.621,0.1058,0.106,1.0,0.1057,10.0,13763.0,1326.0
2021-01-05 09:42:22.221,0.1058,0.1058,20.0,0.1055,25.0,13763.0,1326.0
2021-01-05 09:42:22.570,0.1058,0.1058,20.0,0.1055,10.0,13763.0,1326.0
2021-01-05 09:42:23.191,0.1058,0.1058,20.0,0.1055,10.0,13763.0,1326.0
2021-01-05 09:42:23.631,0.1058,0.1058,20.0,0.1055,25.0,13763.0,1326.0
2021-01-05 09:42:24.151,0.1058,0.1058,20.0,0.1054,25.0,13763.0,1326.0
2021-01-05 09:42:24.670,0.1058,0.1058,20.0,0.1055,15.0,13763.0,1326.0
2021-01-05 09:42:25.200,0.1058,0.1058,20.0,0.1054,25.0,13763.0,1326.0
2021-01-05 09:42:25.511,0.1058,0.1058,35.0,0.1054,10.0,13763.0,1326.0
2021-01-05 09:42:26.130,0.1058,0.1057,3.0,0.1054,10.0,13763.0,1326.0
2021-01-05 09:42:27.171,0.1057,0.1057,2.0,0.1054,10.0,13764.0,1327.0
2021-01-05 09:42:27.661,0.1057,0.1057,2.0,0.1054,10.0,13764.0,1327.0
2021-01-05 09:42:28.130,0.1057,0.1057,2.0,0.1054,10.0,13764.0,1327.0
2021-01-05 09:42:28.641,0.1057,0.1057,2.0,0.1054,25.0,13764.0,1327.0
2021-01-05 09:42:29.100,0.1057,0.1057,2.0,0.1054,20.0,13764.0,1327.0
2021-01-05 09:42:30.220,0.1057,0.1057,2.0,0.1054,35.0,13764.0,1327.0
2021-01-05 09:42:30.710,0.1057,0.1057,2.0,0.1055,15.0,13764.0,1327.0
2021-01-05 09:42:31.200,0.1057,0.1057,22.0,0.1054,25.0,13764.0,1327.0
2021-01-05 09:42:31.720,0.1057,0.1057,22.0,0.1054,25.0,13764.0,1327.0
2021-01-05 09:42:32.131,0.1057,0.1057,22.0,0.1055,15.0,13764.0,1327.0
2021-01-05 09:42:33.121,0.1057,0.1057,22.0,0.1055,15.0,13764.0,1327.0
2021-01-05 09:42:33.720,0.1057,0.1057,22.0,0.1055,15.0,13764.0,1327.0
2021-01-05 09:42:34.210,0.1057,0.1057,2.0,0.1055,10.0,13764.0,1327.0
2021-01-05 09:42:34.731,0.1057,0.1057,2.0,0.1056,15.0,13764.0,1327.0
2021-01-05 09:42:35.001,0.1057,0.1057,2.0,0.1055,25.0,13764.0,1327.0
2021-01-05 09:42:36.650,0.1057,0.1057,2.0,0.1055,25.0,13764.0,1327.0
2021-01-05 09:42:37.251,0.1057,0.1057,2.0,0.1055,25.0,13764.0,1327.0
2021-01-05 09:42:37.751,0.1057,0.1057,2.0,0.1055,25.0,13764.0,1327.0
2021-01-05 09:42:38.661,0.1057,0.1057,2.0,0.1056,15.0,13764.0,1327.0
2021-01-05 09:42:39.530,0.1057,0.1057,2.0,0.1056,15.0,13764.0,1327.0
2021-01-05 09:42:40.221,0.1057,0.1057,2.0,0.1055,25.0,13764.0,1327.0
2021-01-05 09:42:40.721,0.1057,0.1057,2.0,0.1055,10.0,13764.0,1327.0
2021-01-05 09:42:41.201,0.1057,0.1057,2.0,0.1055,10.0,13764.0,1327.0
2021-01-05 09:42:41.731,0.1057,0.1057,2.0,0.1055,10.0,13764.0,1327.0
2021-01-05 09:42:42.250,0.1057,0.1057,2.0,0.1054,10.0,13764.0,1327.0
2021-01-05 09:42:42.640,0.1057,0.1057,2.0,0.1056,10.0,13764.0,1327.0
2021-01-05 09:42:43.251,0.1057,0.1057,2.0,0.1055,25.0,13764.0,1327.0
2021-01-05 09:42:43.741,0.1057,0.1057,2.0,0.1056,35.0,13764.0,1327.0
2021-01-05 09:42:44.211,0.1057,0.1057,2.0,0.1056,20.0,13764.0,1327.0
2021-01-05 09:42:44.751,0.1057,0.1057,32.0,0.1054,10.0,13764.0,1327.0
2021-01-05 09:42:45.191,0.1057,0.1057,2.0,0.1056,30.0,13764.0,1327.0
2021-01-05 09:42:45.650,0.1057,0.1057,2.0,0.1056,10.0,13764.0,1327.0
2021-01-05 09:42:46.240,0.1057,0.1057,2.0,0.1056,10.0,13764.0,1327.0
2021-01-05 09:42:46.741,0.1057,0.1057,2.0,0.1055,10.0,13764.0,1327.0
2021-01-05 09:42:47.231,0.1057,0.1057,2.0,0.1054,10.0,13764.0,1327.0
2021-01-05 09:42:47.690,0.1057,0.1057,17.0,0.1054,10.0,13764.0,1327.0
2021-01-05 09:42:48.171,0.1057,0.1057,2.0,0.1054,10.0,13764.0,1327.0
2021-01-05 09:42:48.720,0.1057,0.1057,2.0,0.1056,10.0,13764.0,1327.0
2021-01-05 09:42:49.110,0.1057,0.1057,2.0,0.1056,30.0,13764.0,1327.0
2021-01-05 09:42:50.261,0.1057,0.1057,2.0,0.1056,10.0,13764.0,1327.0
2021-01-05 09:42:50.670,0.1057,0.1057,12.0,0.1055,10.0,13764.0,1327.0
2021-01-05 09:42:51.060,0.1057,0.1057,12.0,0.1055,10.0,13764.0,1327.0
2021-01-05 09:42:51.721,0.1057,0.1056,15.0,0.1055,10.0,13764.0,1327.0
2021-01-05 09:42:52.251,0.1056,0.1057,12.0,0.1056,5.0,13749.0,1342.0
2021-01-05 09:42:52.601,0.1056,0.1057,12.0,0.1056,5.0,13749.0,1342.0
2021-01-05 09:42:53.190,0.1056,0.1057,12.0,0.1055,10.0,13749.0,1342.0
2021-01-05 09:42:54.191,0.1056,0.1057,12.0,0.1055,10.0,13749.0,1342.0
2021-01-05 09:42:54.710,0.1056,0.1057,12.0,0.1055,10.0,13749.0,1342.0
2021-01-05 09:42:55.190,0.1056,0.1057,12.0,0.1055,25.0,13749.0,1342.0
2021-01-05 09:42:55.701,0.1056,0.1057,12.0,0.1055,10.0,13749.0,1342.0
2021-01-05 09:42:56.191,0.1056,0.1057,27.0,0.1055,10.0,13749.0,1342.0
2021-01-05 09:42:56.650,0.1056,0.1057,12.0,0.1055,10.0,13749.0,1342.0
2021-01-05 09:42:57.171,0.1055,0.1057,12.0,0.1055,9.0,13750.0,1343.0
2021-01-05 09:42:58.220,0.1055,0.1057,47.0,0.1054,10.0,13750.0,1343.0
2021-01-05 09:42:58.731,0.1055,0.1057,12.0,0.1055,10.0,13750.0,1343.0
