,last,ask1,asize1,bid1,bsize1,oi,volume
2021-01-05 09:25:00.080,,0.6509,1.0,0.6422,3.0,260.0,
2021-01-05 09:30:00.451,0.6422,0.6422,9.0,0.6196,1.0,263.0,3.0
2021-01-05 09:30:00.991,0.6422,0.636,20.0,0.6275,20.0,263.0,3.0
2021-01-05 09:30:01.481,0.6422,0.636,20.0,0.6092,1.0,263.0,3.0
2021-01-05 09:30:01.990,0.6422,0.6353,20.0,0.6268,20.0,263.0,3.0
2021-01-05 09:30:02.440,0.6422,0.6342,20.0,0.6258,20.0,263.0,3.0
2021-01-05 09:30:03.010,0.6422,0.6353,20.0,0.6267,20.0,263.0,3.0
2021-01-05 09:30:03.980,0.6422,0.6363,20.0,0.6278,20.0,263.0,3.0
2021-01-05 09:30:04.430,0.6422,0.6352,20.0,0.6267,20.0,263.0,3.0
2021-01-05 09:30:05.010,0.6422,0.6336,20.0,0.6251,20.0,263.0,3.0
2021-01-05 09:30:05.990,0.6422,0.6336,20.0,0.2569,3.0,263.0,3.0
2021-01-05 09:30:06.480,0.6422,0.6336,20.0,0.306,3.0,263.0,3.0
2021-01-05 09:30:06.971,0.6422,0.6336,20.0,0.3061,65.0,263.0,3.0
2021-01-05 09:30:07.471,0.6422,0.6336,20.0,0.3487,3.0,263.0,3.0
2021-01-05 09:30:08.001,0.6422,0.6336,20.0,0.3488,65.0,263.0,3.0
2021-01-05 09:30:08.520,0.6422,0.6336,20.0,0.3859,3.0,263.0,3.0
2021-01-05 09:30:08.960,0.6422,0.6336,20.0,0.386,65.0,263.0,3.0
2021-01-05 09:30:15.991,0.6422,0.6336,20.0,0.386,65.0,263.0,3.0
2021-01-05 09:30:16.531,0.6422,0.6336,20.0,0.3861,1.0,263.0,3.0
2021-01-05 09:30:19.251,0.6422,0.7545,1.0,0.3861,1.0,263.0,3.0
2021-01-05 09:30:19.751,0.6422,0.7544,65.0,0.3861,1.0,263.0,3.0
2021-01-05 09:30:20.240,0.6422,0.7544,65.0,0.386,65.0,263.0,3.0
2021-01-05 09:30:20.740,0.6422,0.7544,65.0,0.386,65.0,263.0,3.0
2021-01-05 09:30:21.241,0.6422,0.7544,65.0,0.3861,1.0,263.0,3.0
2021-01-05 09:30:26.171,0.6422,0.6324,10.0,0.6168,10.0,263.0,3.0
2021-01-05 09:30:26.670,0.6422,0.6324,10.0,0.6168,10.0,263.0,3.0
2021-01-05 09:30:27.170,0.6422,0.6295,20.0,0.621,20.0,263.0,3.0
2021-01-05 09:30:27.671,0.6422,0.6295,20.0,0.621,20.0,263.0,3.0
2021-01-05 09:30:28.161,0.6422,0.6295,20.0,0.621,20.0,263.0,3.0
2021-01-05 09:30:30.620,0.6422,0.6304,20.0,0.6219,20.0,263.0,3.0
2021-01-05 09:30:31.121,0.6422,0.6304,20.0,0.6219,20.0,263.0,3.0
2021-01-05 09:30:31.631,0.6422,0.6304,20.0,0.6219,20.0,263.0,3.0
2021-01-05 09:30:32.140,0.6422,0.631,20.0,0.6225,20.0,263.0,3.0
2021-01-05 09:30:32.631,0.6422,0.6316,20.0,0.6232,20.0,263.0,3.0
2021-01-05 09:30:33.171,0.6422,0.6316,20.0,0.6232,20.0,263.0,3.0
2021-01-05 09:30:33.671,0.6422,0.6316,20.0,0.6232,20.0,263.0,3.0
2021-01-05 09:30:36.170,0.6422,0.6309,20.0,0.6225,20.0,263.0,3.0
2021-01-05 09:30:36.691,0.6422,0.6309,20.0,0.6225,20.0,263.0,3.0
2021-01-05 09:30:37.171,0.6422,0.6316,20.0,0.6225,20.0,263.0,3.0
2021-01-05 09:30:38.141,0.6422,0.631,20.0,0.6225,20.0,263.0,3.0
2021-01-05 09:30:38.700,0.6422,0.6316,20.0,0.6225,20.0,263.0,3.0
2021-01-05 09:30:39.680,0.6422,0.6309,20.0,0.6225,20.0,263.0,3.0
2021-01-05 09:30:42.671,0.6422,0.6316,20.0,0.6225,20.0,263.0,3.0
2021-01-05 09:30:43.180,0.6422,0.6316,20.0,0.6232,20.0,263.0,3.0
2021-01-05 09:30:43.681,0.6422,0.6316,20.0,0.6232,20.0,263.0,3.0
2021-01-05 09:30:44.181,0.6422,0.6322,20.0,0.6232,20.0,263.0,3.0
2021-01-05 09:30:44.650,0.6422,0.6322,20.0,0.6232,20.0,263.0,3.0
2021-01-05 09:30:45.161,0.6422,0.6322,20.0,0.6232,20.0,263.0,3.0
2021-01-05 09:30:46.200,0.6422,0.6322,20.0,0.6243,20.0,263.0,3.0
2021-01-05 09:30:46.701,0.6422,0.6322,20.0,0.6243,20.0,263.0,3.0
2021-01-05 09:30:47.191,0.6422,0.6322,20.0,0.6243,20.0,263.0,3.0
2021-01-05 09:30:47.691,0.6422,0.6322,20.0,0.6251,20.0,263.0,3.0
2021-01-05 09:30:48.711,0.6422,0.6322,20.0,0.6251,20.0,263.0,3.0
2021-01-05 09:30:50.171,0.6422,0.6322,20.0,0.6251,20.0,263.0,3.0
2021-01-05 09:30:50.720,0.6422,0.6322,20.0,0.6243,20.0,263.0,3.0
2021-01-05 09:30:51.721,0.6422,0.6322,20.0,0.6243,20.0,263.0,3.0
2021-01-05 09:30:52.221,0.6422,0.6322,20.0,0.6243,20.0,263.0,3.0
2021-01-05 09:30:52.651,0.6422,0.6322,20.0,0.6252,20.0,263.0,3.0
2021-01-05 09:30:53.120,0.6422,0.6322,20.0,0.6252,20.0,263.0,3.0
2021-01-05 09:30:53.660,0.6422,0.6322,20.0,0.6252,20.0,263.0,3.0
2021-01-05 09:30:55.081,0.6422,0.6322,20.0,0.6252,20.0,263.0,3.0
2021-01-05 09:30:55.671,0.6422,0.6341,20.0,0.6252,20.0,263.0,3.0
2021-01-05 09:30:56.170,0.6422,0.6341,20.0,0.6252,20.0,263.0,3.0
2021-01-05 09:30:56.631,0.6422,0.6341,20.0,0.6252,20.0,263.0,3.0
2021-01-05 09:30:58.140,0.6422,0.6335,20.0,0.6252,20.0,263.0,3.0
2021-01-05 09:30:59.171,0.6422,0.6335,20.0,0.6243,20.0,263.0,3.0
2021-01-05 09:31:00.161,0.6422,0.6335,20.0,0.6249,20.0,263.0,3.0
2021-01-05 09:31:00.681,0.6422,0.6335,20.0,0.6249,20.0,263.0,3.0
2021-01-05 09:31:01.150,0.6422,0.6321,20.0,0.6237,20.0,263.0,3.0
2021-01-05 09:31:01.680,0.6422,0.6321,20.0,0.6237,20.0,263.0,3.0
2021-01-05 09:31:02.170,0.6422,0.6304,20.0,0.622,20.0,263.0,3.0
2021-01-05 09:31:02.681,0.6422,0.6315,20.0,0.6231,20.0,263.0,3.0
2021-01-05 09:31:03.131,0.6422,0.6315,20.0,0.6231,20.0,263.0,3.0
2021-01-05 09:31:03.680,0.6422,0.6309,20.0,0.622,20.0,263.0,3.0
2021-01-05 09:31:04.181,0.6422,0.6309,20.0,0.622,20.0,263.0,3.0
2021-01-05 09:31:04.671,0.6422,0.6309,20.0,0.622,20.0,263.0,3.0
2021-01-05 09:31:05.190,0.6422,0.6303,20.0,0.622,20.0,263.0,3.0
2021-01-05 09:31:06.160,0.6422,0.6309,20.0,0.6227,20.0,263.0,3.0
2021-01-05 09:31:06.681,0.6422,0.6309,20.0,0.6227,20.0,263.0,3.0
2021-01-05 09:31:07.190,0.6422,0.632,20.0,0.6236,20.0,263.0,3.0
2021-01-05 09:31:07.670,0.6422,0.632,20.0,0.6236,20.0,263.0,3.0
2021-01-05 09:31:08.200,0.6422,0.632,20.0,0.6236,20.0,263.0,3.0
2021-01-05 09:31:08.650,0.6422,0.6333,20.0,0.6248,20.0,263.0,3.0
2021-01-05 09:31:09.101,0.6422,0.6324,20.0,0.6236,20.0,263.0,3.0
2021-01-05 09:31:09.261,0.6422,0.6324,20.0,0.6236,20.0,263.0,3.0
2021-01-05 09:31:10.690,0.6422,0.6324,20.0,0.6243,20.0,263.0,3.0
2021-01-05 09:31:12.711,0.6422,0.6324,20.0,0.6236,20.0,263.0,3.0
2021-01-05 09:31:13.170,0.6422,0.6324,20.0,0.6243,20.0,263.0,3.0
2021-01-05 09:31:14.690,0.6422,0.6324,20.0,0.6236,20.0,263.0,3.0
2021-01-05 09:31:15.110,0.6422,0.6318,20.0,0.6236,20.0,263.0,3.0
2021-01-05 09:31:15.710,0.6422,0.6318,20.0,0.6236,20.0,263.0,3.0
2021-01-05 09:31:16.180,0.6422,0.6318,20.0,0.6236,20.0,263.0,3.0
2021-01-05 09:31:17.201,0.6422,0.6324,20.0,0.6236,20.0,263.0,3.0
2021-01-05 09:31:18.201,0.6422,0.6324,20.0,0.6243,20.0,263.0,3.0
2021-01-05 09:31:18.720,0.6422,0.6324,20.0,0.6243,20.0,263.0,3.0
2021-01-05 09:31:19.150,0.6422,0.6332,20.0,0.6255,20.0,263.0,3.0
2021-01-05 09:31:19.721,0.6422,0.6332,20.0,0.6243,20.0,263.0,3.0
2021-01-05 09:31:20.171,0.6422,0.6332,20.0,0.6243,20.0,263.0,3.0
2021-01-05 09:31:20.691,0.6422,0.6332,20.0,0.6257,20.0,263.0,3.0
2021-01-05 09:31:21.221,0.6422,0.6332,20.0,0.6243,20.0,263.0,3.0
2021-01-05 09:31:21.671,0.6422,0.6332,20.0,0.6243,20.0,263.0,3.0
2021-01-05 09:31:22.211,0.6422,0.6326,20.0,0.6237,20.0,263.0,3.0
2021-01-05 09:31:22.620,0.6422,0.6326,20.0,0.6237,20.0,263.0,3.0
2021-01-05 09:31:23.171,0.6422,0.6304,10.0,0.6238,1.0,263.0,3.0
2021-01-05 09:31:23.640,0.6422,0.6304,30.0,0.6237,20.0,263.0,3.0
2021-01-05 09:31:24.660,0.6422,0.6304,30.0,0.6237,20.0,263.0,3.0
2021-01-05 09:31:25.640,0.6422,0.6304,30.0,0.6247,20.0,263.0,3.0
2021-01-05 09:31:28.101,0.6422,0.6304,30.0,0.6237,20.0,263.0,3.0
2021-01-05 09:31:30.671,0.6422,0.6304,30.0,0.6243,20.0,263.0,3.0
2021-01-05 09:31:31.661,0.6422,0.6304,30.0,0.6243,20.0,263.0,3.0
2021-01-05 09:31:32.191,0.6422,0.6304,30.0,0.6237,20.0,263.0,3.0
2021-01-05 09:31:33.190,0.6422,0.6304,30.0,0.6244,20.0,263.0,3.0
2021-01-05 09:31:34.181,0.6422,0.6304,30.0,0.6244,20.0,263.0,3.0
2021-01-05 09:31:34.681,0.6422,0.6304,30.0,0.6237,30.0,263.0,3.0
2021-01-05 09:31:35.190,0.6422,0.6304,30.0,0.6237,20.0,263.0,3.0
2021-01-05 09:31:36.181,0.6422,0.6304,30.0,0.6238,1.0,263.0,3.0
2021-01-05 09:31:38.190,0.6422,0.6304,30.0,0.6249,20.0,263.0,3.0
2021-01-05 09:31:38.690,0.6422,0.6304,30.0,0.625,1.0,263.0,3.0
2021-01-05 09:31:39.710,0.6422,0.6304,30.0,0.625,1.0,263.0,3.0
2021-01-05 09:31:40.200,0.6422,0.6304,20.0,0.625,1.0,263.0,3.0
2021-01-05 09:31:41.191,0.6422,0.6308,10.0,0.6258,20.0,263.0,3.0
2021-01-05 09:31:41.700,0.6422,0.6314,10.0,0.6259,1.0,263.0,3.0
2021-01-05 09:31:42.711,0.6422,0.6314,10.0,0.6259,1.0,263.0,3.0
2021-01-05 09:31:44.691,0.6422,0.6319,20.0,0.6259,1.0,263.0,3.0
2021-01-05 09:31:45.170,0.6422,0.6324,10.0,0.6259,1.0,263.0,3.0
2021-01-05 09:31:45.700,0.6422,0.6326,30.0,0.6259,1.0,263.0,3.0
2021-01-05 09:31:46.171,0.6422,0.6326,20.0,0.6259,1.0,263.0,3.0
2021-01-05 09:31:50.191,0.6422,0.6326,20.0,0.6259,1.0,263.0,3.0
2021-01-05 09:31:50.710,0.6422,0.6327,20.0,0.6283,10.0,263.0,3.0
2021-01-05 09:31:51.210,0.6422,0.6327,20.0,0.6284,1.0,263.0,3.0
2021-01-05 09:31:52.621,0.6422,0.6327,20.0,0.6284,1.0,263.0,3.0
2021-01-05 09:31:53.171,0.6422,0.6327,20.0,0.629,10.0,263.0,3.0
2021-01-05 09:31:53.640,0.6422,0.6333,20.0,0.629,30.0,263.0,3.0
2021-01-05 09:31:54.151,0.6422,0.6343,30.0,0.629,30.0,263.0,3.0
2021-01-05 09:31:54.520,0.6422,0.6343,30.0,0.629,30.0,263.0,3.0
2021-01-05 09:31:55.150,0.6422,0.6343,30.0,0.6291,1.0,263.0,3.0
2021-01-05 09:31:56.110,0.6422,0.6343,30.0,0.6291,1.0,263.0,3.0
2021-01-05 09:31:57.171,0.6422,0.6343,20.0,0.6291,1.0,263.0,3.0
2021-01-05 09:31:58.171,0.6422,0.6352,30.0,0.6291,1.0,263.0,3.0
2021-01-05 09:31:59.180,0.6422,0.6352,30.0,0.6291,1.0,263.0,3.0
2021-01-05 09:32:01.670,0.6422,0.6352,30.0,0.6291,1.0,263.0,3.0
2021-01-05 09:32:04.150,0.6422,0.6345,20.0,0.6291,1.0,263.0,3.0
2021-01-05 09:32:05.130,0.6422,0.6352,30.0,0.6291,1.0,263.0,3.0
2021-01-05 09:32:05.660,0.6422,0.6352,30.0,0.6292,1.0,263.0,3.0
2021-01-05 09:32:06.161,0.6422,0.6352,20.0,0.6292,1.0,263.0,3.0
2021-01-05 09:32:06.680,0.6422,0.6359,30.0,0.6292,1.0,263.0,3.0
2021-01-05 09:32:07.070,0.6422,0.6353,20.0,0.6292,1.0,263.0,3.0
2021-01-05 09:32:08.171,0.6422,0.6359,20.0,0.6292,1.0,263.0,3.0
2021-01-05 09:32:12.161,0.6422,0.6353,20.0,0.6292,1.0,263.0,3.0
2021-01-05 09:32:12.670,0.6422,0.6353,20.0,0.6292,1.0,263.0,3.0
2021-01-05 09:32:14.660,0.6422,0.6359,20.0,0.6292,1.0,263.0,3.0
2021-01-05 09:32:15.171,0.6422,0.6359,20.0,0.6292,1.0,263.0,3.0
2021-01-05 09:32:15.671,0.6422,0.6359,20.0,0.6293,1.0,263.0,3.0
2021-01-05 09:32:20.671,0.6422,0.6359,20.0,0.6293,1.0,263.0,3.0
2021-01-05 09:32:21.171,0.6422,0.6359,20.0,0.6293,1.0,263.0,3.0
2021-01-05 09:32:22.660,0.6422,0.6347,10.0,0.6293,1.0,263.0,3.0
2021-01-05 09:32:23.180,0.6422,0.6347,10.0,0.6293,1.0,263.0,3.0
2021-01-05 09:32:24.091,0.6422,0.6347,10.0,0.6293,1.0,263.0,3.0
2021-01-05 09:32:25.670,0.6422,0.6347,10.0,0.6294,1.0,263.0,3.0
2021-01-05 09:32:28.630,0.6422,0.6347,10.0,0.6294,1.0,263.0,3.0
2021-01-05 09:32:31.631,0.6422,0.6352,20.0,0.6302,10.0,263.0,3.0
2021-01-05 09:32:31.950,0.6422,0.6357,10.0,0.6303,1.0,263.0,3.0
2021-01-05 09:32:34.171,0.6422,0.6357,10.0,0.6303,1.0,263.0,3.0
2021-01-05 09:32:42.161,0.6422,0.6357,10.0,0.6304,1.0,263.0,3.0
2021-01-05 09:32:42.700,0.6422,0.6357,10.0,0.6304,1.0,263.0,3.0
2021-01-05 09:32:48.181,0.6422,0.6357,10.0,0.6304,1.0,263.0,3.0
2021-01-05 09:32:48.690,0.6422,0.6359,20.0,0.6311,10.0,263.0,3.0
2021-01-05 09:32:49.190,0.6422,0.6368,30.0,0.6312,1.0,263.0,3.0
2021-01-05 09:32:49.670,0.6422,0.6368,30.0,0.6312,11.0,263.0,3.0
2021-01-05 09:32:50.171,0.6422,0.6368,10.0,0.6326,20.0,263.0,3.0
2021-01-05 09:32:50.700,0.6422,0.6371,20.0,0.6312,11.0,263.0,3.0
2021-01-05 09:32:51.170,0.6422,0.6384,10.0,0.6327,1.0,263.0,3.0
2021-01-05 09:32:51.701,0.6422,0.6379,10.0,0.6327,21.0,263.0,3.0
2021-01-05 09:32:52.191,0.6422,0.6379,10.0,0.6327,21.0,263.0,3.0
2021-01-05 09:32:52.671,0.6422,0.6379,10.0,0.6327,21.0,263.0,3.0
2021-01-05 09:32:53.161,0.6422,0.6383,20.0,0.6327,21.0,263.0,3.0
2021-01-05 09:32:53.641,0.6422,0.639,10.0,0.6327,21.0,263.0,3.0
2021-01-05 09:32:54.181,0.6422,0.6393,20.0,0.6327,21.0,263.0,3.0
2021-01-05 09:32:54.671,0.6422,0.6393,20.0,0.6327,21.0,263.0,3.0
2021-01-05 09:32:55.170,0.6422,0.6383,20.0,0.6327,1.0,263.0,3.0
2021-01-05 09:32:55.650,0.6422,0.6383,20.0,0.6327,1.0,263.0,3.0
2021-01-05 09:32:56.150,0.6422,0.6393,30.0,0.6327,1.0,263.0,3.0
2021-01-05 09:32:56.611,0.6422,0.6393,30.0,0.6327,1.0,263.0,3.0
2021-01-05 09:32:57.600,0.6422,0.6393,20.0,0.6327,1.0,263.0,3.0
2021-01-05 09:33:01.141,0.6422,0.6393,20.0,0.6328,1.0,263.0,3.0
2021-01-05 09:33:01.671,0.6422,0.6387,20.0,0.6328,1.0,263.0,3.0
2021-01-05 09:33:02.130,0.6422,0.6387,20.0,0.6328,1.0,263.0,3.0
2021-01-05 09:33:02.651,0.6422,0.6381,20.0,0.6328,1.0,263.0,3.0
2021-01-05 09:33:03.171,0.6422,0.637,10.0,0.6322,10.0,263.0,3.0
2021-01-05 09:33:03.681,0.6422,0.637,10.0,0.6321,1.0,263.0,3.0
2021-01-05 09:33:04.140,0.6422,0.6366,20.0,0.6319,1.0,263.0,3.0
2021-01-05 09:33:04.651,0.6422,0.6366,20.0,0.6316,1.0,263.0,3.0
2021-01-05 09:33:05.181,0.6422,0.6366,20.0,0.6314,1.0,263.0,3.0
2021-01-05 09:33:05.690,0.6422,0.6358,20.0,0.6312,1.0,263.0,3.0
2021-01-05 09:33:06.170,0.6422,0.6352,20.0,0.6304,1.0,263.0,3.0
2021-01-05 09:33:06.651,0.6422,0.6352,20.0,0.6309,1.0,263.0,3.0
2021-01-05 09:33:07.171,0.6422,0.6352,20.0,0.6303,1.0,263.0,3.0
2021-01-05 09:33:07.601,0.6422,0.6352,20.0,0.6309,1.0,263.0,3.0
2021-01-05 09:33:08.191,0.6422,0.6358,20.0,0.6309,1.0,263.0,3.0
2021-01-05 09:33:09.181,0.6422,0.6364,20.0,0.6309,1.0,263.0,3.0
2021-01-05 09:33:10.180,0.6422,0.6364,20.0,0.6309,1.0,263.0,3.0
2021-01-05 09:33:10.681,0.6422,0.6344,10.0,0.6308,1.0,263.0,3.0
2021-01-05 09:33:11.180,0.6422,0.6344,30.0,0.6308,1.0,263.0,3.0
2021-01-05 09:33:11.670,0.6422,0.6344,30.0,0.6306,1.0,263.0,3.0
2021-01-05 09:33:12.650,0.6422,0.6344,30.0,0.6306,21.0,263.0,3.0
2021-01-05 09:33:15.651,0.6422,0.6344,30.0,0.6306,1.0,263.0,3.0
2021-01-05 09:33:16.671,0.6422,0.6344,30.0,0.6298,20.0,263.0,3.0
2021-01-05 09:33:17.190,0.6422,0.6344,30.0,0.6299,1.0,263.0,3.0
2021-01-05 09:33:18.160,0.6422,0.6344,30.0,0.6297,1.0,263.0,3.0
2021-01-05 09:33:19.660,0.6422,0.6327,10.0,0.6284,30.0,263.0,3.0
2021-01-05 09:33:20.171,0.6422,0.6327,10.0,0.6285,1.0,263.0,3.0
2021-01-05 09:33:20.680,0.6422,0.6327,30.0,0.6285,1.0,263.0,3.0
2021-01-05 09:33:21.160,0.6422,0.6327,10.0,0.6285,1.0,263.0,3.0
2021-01-05 09:33:21.681,0.6422,0.6327,30.0,0.6285,1.0,263.0,3.0
2021-01-05 09:33:22.150,0.6422,0.6327,10.0,0.6285,1.0,263.0,3.0
2021-01-05 09:33:22.670,0.6422,0.6327,30.0,0.6285,1.0,263.0,3.0
2021-01-05 09:33:23.151,0.6422,0.6327,10.0,0.6285,1.0,263.0,3.0
2021-01-05 09:33:23.660,0.6422,0.6327,30.0,0.6285,1.0,263.0,3.0
2021-01-05 09:33:24.171,0.6422,0.6327,10.0,0.6285,1.0,263.0,3.0
2021-01-05 09:33:24.661,0.6422,0.6327,30.0,0.6285,1.0,263.0,3.0
2021-01-05 09:33:26.161,0.6422,0.6327,20.0,0.6285,11.0,263.0,3.0
2021-01-05 09:33:27.171,0.6422,0.6338,20.0,0.6285,11.0,263.0,3.0
2021-01-05 09:33:28.630,0.6422,0.6338,20.0,0.6285,11.0,263.0,3.0
2021-01-05 09:33:30.180,0.6422,0.6338,20.0,0.6286,1.0,263.0,3.0
2021-01-05 09:33:30.670,0.6422,0.6338,20.0,0.6286,1.0,263.0,3.0
2021-01-05 09:33:32.620,0.6422,0.6338,20.0,0.6286,1.0,263.0,3.0
2021-01-05 09:33:37.190,0.6422,0.6328,10.0,0.6286,1.0,263.0,3.0
2021-01-05 09:33:37.640,0.6422,0.6328,30.0,0.6286,1.0,263.0,3.0
2021-01-05 09:33:38.120,0.6422,0.6328,30.0,0.6286,1.0,263.0,3.0
2021-01-05 09:33:40.160,0.6422,0.6328,30.0,0.6287,1.0,263.0,3.0
2021-01-05 09:33:40.690,0.6422,0.6328,20.0,0.6287,1.0,263.0,3.0
2021-01-05 09:33:41.161,0.6422,0.6338,20.0,0.6287,1.0,263.0,3.0
2021-01-05 09:33:42.600,0.6422,0.6338,20.0,0.6287,1.0,263.0,3.0
2021-01-05 09:33:43.681,0.6422,0.6338,20.0,0.6287,1.0,263.0,3.0
2021-01-05 09:33:46.680,0.6422,0.6338,20.0,0.6293,10.0,263.0,3.0
2021-01-05 09:33:47.191,0.6422,0.6347,30.0,0.6294,1.0,263.0,3.0
2021-01-05 09:33:47.681,0.6422,0.6347,20.0,0.6294,1.0,263.0,3.0
2021-01-05 09:33:52.661,0.6422,0.6347,20.0,0.6294,1.0,263.0,3.0
2021-01-05 09:33:53.171,0.6422,0.6358,40.0,0.6294,1.0,263.0,3.0
2021-01-05 09:33:53.650,0.6422,0.6358,30.0,0.6294,1.0,263.0,3.0
2021-01-05 09:33:57.171,0.6422,0.6358,30.0,0.6295,1.0,263.0,3.0
2021-01-05 09:33:57.671,0.6422,0.6358,30.0,0.6295,1.0,263.0,3.0
2021-01-05 09:33:58.170,0.6422,0.6358,20.0,0.6305,10.0,263.0,3.0
2021-01-05 09:33:58.670,0.6422,0.6364,30.0,0.6305,30.0,263.0,3.0
2021-01-05 09:33:59.140,0.6422,0.6364,20.0,0.6306,1.0,263.0,3.0
2021-01-05 09:33:59.690,0.6422,0.6371,40.0,0.6306,1.0,263.0,3.0
2021-01-05 09:34:00.191,0.6422,0.6371,30.0,0.6317,10.0,263.0,3.0
2021-01-05 09:34:00.671,0.6422,0.6371,20.0,0.6319,10.0,263.0,3.0
2021-01-05 09:34:01.081,0.6422,0.6371,20.0,0.6319,30.0,263.0,3.0
2021-01-05 09:34:01.661,0.6422,0.6371,20.0,0.6319,30.0,263.0,3.0
2021-01-05 09:34:02.170,0.6422,0.6371,20.0,0.632,1.0,263.0,3.0
2021-01-05 09:34:02.671,0.6422,0.6382,30.0,0.632,1.0,263.0,3.0
2021-01-05 09:34:03.411,0.6422,0.6382,20.0,0.632,1.0,263.0,3.0
2021-01-05 09:34:05.121,0.6422,0.6382,20.0,0.632,1.0,263.0,3.0
2021-01-05 09:34:08.171,0.6422,0.6382,20.0,0.6344,10.0,263.0,3.0
2021-01-05 09:34:08.690,0.6422,0.6389,30.0,0.6345,1.0,263.0,3.0
2021-01-05 09:34:09.170,0.6422,0.6389,20.0,0.6345,1.0,263.0,3.0
2021-01-05 09:34:09.670,0.6422,0.6395,30.0,0.6345,1.0,263.0,3.0
2021-01-05 09:34:10.140,0.6422,0.6395,20.0,0.6345,1.0,263.0,3.0
2021-01-05 09:34:11.151,0.6422,0.6385,10.0,0.6345,1.0,263.0,3.0
2021-01-05 09:34:11.681,0.6422,0.6385,20.0,0.6334,20.0,263.0,3.0
2021-01-05 09:34:12.121,0.6422,0.6385,20.0,0.6335,1.0,263.0,3.0
2021-01-05 09:34:12.640,0.6422,0.6385,20.0,0.6335,1.0,263.0,3.0
2021-01-05 09:34:13.191,0.6422,0.6385,20.0,0.6335,21.0,263.0,3.0
2021-01-05 09:34:14.181,0.6422,0.638,20.0,0.6327,20.0,263.0,3.0
2021-01-05 09:34:14.691,0.6422,0.6374,20.0,0.6327,1.0,263.0,3.0
2021-01-05 09:34:15.181,0.6422,0.6358,10.0,0.6325,1.0,263.0,3.0
2021-01-05 09:34:15.681,0.6422,0.6358,30.0,0.6325,1.0,263.0,3.0
2021-01-05 09:34:16.630,0.6422,0.6358,20.0,0.6325,1.0,263.0,3.0
2021-01-05 09:34:17.181,0.6422,0.6374,20.0,0.6325,1.0,263.0,3.0
2021-01-05 09:34:17.690,0.6422,0.6374,20.0,0.6325,1.0,263.0,3.0
2021-01-05 09:34:18.620,0.6422,0.6374,20.0,0.6325,1.0,263.0,3.0
2021-01-05 09:34:25.150,0.6422,0.6374,20.0,0.6338,10.0,263.0,3.0
2021-01-05 09:34:25.671,0.6422,0.6384,30.0,0.6339,1.0,263.0,3.0
2021-01-05 09:34:30.681,0.6422,0.6384,30.0,0.6339,1.0,263.0,3.0
2021-01-05 09:34:31.691,0.6422,0.6384,20.0,0.6339,1.0,263.0,3.0
2021-01-05 09:34:32.121,0.6422,0.6391,30.0,0.6339,1.0,263.0,3.0
2021-01-05 09:34:33.090,0.6422,0.6391,30.0,0.6339,1.0,263.0,3.0
2021-01-05 09:34:33.691,0.6422,0.6391,30.0,0.6339,1.0,263.0,3.0
2021-01-05 09:34:34.171,0.6422,0.6391,30.0,0.6339,1.0,263.0,3.0
2021-01-05 09:34:35.691,0.6422,0.6391,30.0,0.634,1.0,263.0,3.0
2021-01-05 09:34:36.171,0.6422,0.6391,30.0,0.6344,10.0,263.0,3.0
2021-01-05 09:34:37.161,0.6422,0.6391,30.0,0.6344,30.0,263.0,3.0
2021-01-05 09:34:37.700,0.6422,0.6391,20.0,0.6355,10.0,263.0,3.0
2021-01-05 09:34:38.171,0.6422,0.6405,20.0,0.6355,30.0,263.0,3.0
2021-01-05 09:34:39.091,0.6422,0.6405,20.0,0.6355,20.0,263.0,3.0
2021-01-05 09:34:39.470,0.6422,0.6405,20.0,0.6356,1.0,263.0,3.0
2021-01-05 09:34:40.171,0.6422,0.6405,20.0,0.6356,21.0,263.0,3.0
2021-01-05 09:34:41.201,0.6422,0.6405,20.0,0.6356,31.0,263.0,3.0
2021-01-05 09:34:41.700,0.6422,0.6418,30.0,0.6356,31.0,263.0,3.0
2021-01-05 09:34:45.721,0.6422,0.6418,20.0,0.6356,31.0,263.0,3.0
2021-01-05 09:34:46.140,0.6422,0.6418,20.0,0.6371,10.0,263.0,3.0
2021-01-05 09:34:46.660,0.6422,0.6418,20.0,0.6372,1.0,263.0,3.0
2021-01-05 09:34:48.700,0.6422,0.6418,20.0,0.6372,1.0,263.0,3.0
2021-01-05 09:34:49.701,0.6422,0.6418,20.0,0.6372,1.0,263.0,3.0
2021-01-05 09:34:54.631,0.6422,0.6418,20.0,0.6372,1.0,263.0,3.0
2021-01-05 09:34:55.161,0.6422,0.6418,20.0,0.6389,10.0,263.0,3.0
2021-01-05 09:34:55.680,0.6422,0.6424,20.0,0.639,1.0,263.0,3.0
2021-01-05 09:34:56.131,0.6422,0.6433,30.0,0.639,21.0,263.0,3.0
2021-01-05 09:34:58.160,0.6422,0.6433,20.0,0.639,21.0,263.0,3.0
2021-01-05 09:34:59.170,0.6422,0.6441,30.0,0.639,21.0,263.0,3.0
2021-01-05 09:35:00.160,0.6422,0.6441,30.0,0.639,21.0,263.0,3.0
2021-01-05 09:35:00.630,0.6422,0.6441,30.0,0.639,21.0,263.0,3.0
2021-01-05 09:35:04.181,0.6422,0.6441,20.0,0.639,21.0,263.0,3.0
2021-01-05 09:35:05.180,0.6422,0.6448,30.0,0.639,21.0,263.0,3.0
2021-01-05 09:35:05.671,0.6422,0.6448,30.0,0.6391,1.0,263.0,3.0
2021-01-05 09:35:06.680,0.6422,0.6448,30.0,0.6391,1.0,263.0,3.0
2021-01-05 09:35:07.131,0.6422,0.6448,20.0,0.6391,1.0,263.0,3.0
2021-01-05 09:35:07.650,0.6422,0.6448,20.0,0.6401,10.0,263.0,3.0
2021-01-05 09:35:08.171,0.6422,0.6448,20.0,0.6402,1.0,263.0,3.0
2021-01-05 09:35:09.191,0.6422,0.6448,20.0,0.6416,10.0,263.0,3.0
2021-01-05 09:35:10.180,0.6422,0.6457,30.0,0.6416,30.0,263.0,3.0
2021-01-05 09:35:10.691,0.6422,0.6457,20.0,0.6416,30.0,263.0,3.0
2021-01-05 09:35:11.120,0.6422,0.6464,30.0,0.6417,1.0,263.0,3.0
2021-01-05 09:35:12.101,0.6422,0.6464,30.0,0.6417,1.0,263.0,3.0
2021-01-05 09:35:12.691,0.6422,0.6464,30.0,0.6417,1.0,263.0,3.0
2021-01-05 09:35:13.640,0.6422,0.6454,10.0,0.6416,10.0,263.0,3.0
2021-01-05 09:35:14.191,0.6422,0.6448,10.0,0.6403,10.0,263.0,3.0
2021-01-05 09:35:14.691,0.6422,0.6448,30.0,0.64,10.0,263.0,3.0
2021-01-05 09:35:15.171,0.6422,0.6448,30.0,0.6403,1.0,263.0,3.0
2021-01-05 09:35:16.201,0.6422,0.6448,30.0,0.6403,21.0,263.0,3.0
2021-01-05 09:35:17.190,0.6422,0.6448,30.0,0.6403,1.0,263.0,3.0
2021-01-05 09:35:18.681,0.6422,0.6448,30.0,0.6401,1.0,263.0,3.0
2021-01-05 09:35:19.180,0.6422,0.6438,10.0,0.6401,1.0,263.0,3.0
2021-01-05 09:35:19.641,0.6422,0.6438,30.0,0.6399,1.0,263.0,3.0
2021-01-05 09:35:20.681,0.6422,0.6438,30.0,0.6399,1.0,263.0,3.0
2021-01-05 09:35:21.601,0.6422,0.6438,20.0,0.6403,10.0,263.0,3.0
2021-01-05 09:35:22.171,0.6422,0.6448,20.0,0.6404,1.0,263.0,3.0
2021-01-05 09:35:23.130,0.6422,0.6448,20.0,0.6404,1.0,263.0,3.0
2021-01-05 09:35:26.651,0.6422,0.6448,20.0,0.6405,10.0,263.0,3.0
2021-01-05 09:35:27.130,0.6422,0.6448,20.0,0.6406,1.0,263.0,3.0
2021-01-05 09:35:27.641,0.6422,0.6448,20.0,0.6406,1.0,263.0,3.0
2021-01-05 09:35:31.170,0.6422,0.6448,20.0,0.6412,10.0,263.0,3.0
2021-01-05 09:35:31.700,0.6422,0.646,30.0,0.6413,1.0,263.0,3.0
2021-01-05 09:35:33.650,0.6422,0.646,30.0,0.6413,1.0,263.0,3.0
2021-01-05 09:35:34.190,0.6422,0.646,30.0,0.6413,1.0,263.0,3.0
2021-01-05 09:35:35.200,0.6422,0.646,20.0,0.6421,10.0,263.0,3.0
2021-01-05 09:35:35.600,0.6422,0.646,20.0,0.6422,1.0,263.0,3.0
2021-01-05 09:35:36.180,0.6422,0.6467,30.0,0.6422,1.0,263.0,3.0
2021-01-05 09:35:37.171,0.6422,0.6467,20.0,0.6424,10.0,263.0,3.0
2021-01-05 09:35:38.651,0.6422,0.6467,20.0,0.6424,10.0,263.0,3.0
2021-01-05 09:35:40.691,0.6422,0.6467,20.0,0.6424,11.0,263.0,3.0
2021-01-05 09:35:41.680,0.6422,0.6462,10.0,0.6422,1.0,263.0,3.0
2021-01-05 09:35:42.160,0.6422,0.6462,10.0,0.6425,1.0,263.0,3.0
2021-01-05 09:35:42.670,0.6422,0.6462,10.0,0.6425,1.0,263.0,3.0
2021-01-05 09:35:43.661,0.6422,0.6462,10.0,0.6422,1.0,263.0,3.0
2021-01-05 09:35:45.071,0.6422,0.6462,10.0,0.6422,1.0,263.0,3.0
2021-01-05 09:35:45.670,0.6422,0.6467,20.0,0.6433,10.0,263.0,3.0
2021-01-05 09:35:45.891,0.6422,0.648,40.0,0.6433,30.0,263.0,3.0
2021-01-05 09:35:46.170,0.6422,0.648,30.0,0.6433,30.0,263.0,3.0
2021-01-05 09:35:47.691,0.6422,0.648,30.0,0.6442,10.0,263.0,3.0
2021-01-05 09:35:48.181,0.6422,0.648,30.0,0.6442,10.0,263.0,3.0
2021-01-05 09:35:48.650,0.6422,0.648,30.0,0.6442,30.0,263.0,3.0
2021-01-05 09:35:49.701,0.6422,0.648,30.0,0.6442,30.0,263.0,3.0
2021-01-05 09:35:50.150,0.6422,0.648,30.0,0.6442,30.0,263.0,3.0
2021-01-05 09:35:50.680,0.6422,0.648,30.0,0.6443,1.0,263.0,3.0
2021-01-05 09:35:52.661,0.6422,0.648,20.0,0.6443,1.0,263.0,3.0
2021-01-05 09:35:53.111,0.6422,0.649,30.0,0.6443,1.0,263.0,3.0
2021-01-05 09:35:54.161,0.6422,0.649,30.0,0.6443,1.0,263.0,3.0
2021-01-05 09:35:54.640,0.6422,0.6481,10.0,0.6443,1.0,263.0,3.0
2021-01-05 09:35:55.181,0.6422,0.6481,30.0,0.6434,1.0,263.0,3.0
2021-01-05 09:35:56.140,0.6422,0.6471,10.0,0.6434,1.0,263.0,3.0
2021-01-05 09:35:57.160,0.6422,0.6471,30.0,0.6434,1.0,263.0,3.0
2021-01-05 09:35:57.681,0.6422,0.6471,30.0,0.6435,1.0,263.0,3.0
2021-01-05 09:35:58.150,0.6422,0.6471,30.0,0.6435,1.0,263.0,3.0
2021-01-05 09:35:59.160,0.6422,0.6471,30.0,0.6435,1.0,263.0,3.0
2021-01-05 09:36:00.201,0.6422,0.6481,30.0,0.6435,1.0,263.0,3.0
2021-01-05 09:36:00.680,0.6422,0.6481,30.0,0.6435,1.0,263.0,3.0
2021-01-05 09:36:02.170,0.6422,0.6481,30.0,0.6435,1.0,263.0,3.0
2021-01-05 09:36:03.150,0.6422,0.6481,30.0,0.6434,1.0,263.0,3.0
2021-01-05 09:36:03.700,0.6422,0.6472,10.0,0.6434,1.0,263.0,3.0
2021-01-05 09:36:04.201,0.6422,0.6472,30.0,0.6433,21.0,263.0,3.0
2021-01-05 09:36:04.670,0.6422,0.6472,30.0,0.6433,21.0,263.0,3.0
2021-01-05 09:36:09.691,0.6422,0.6465,10.0,0.6433,1.0,263.0,3.0
2021-01-05 09:36:10.101,0.6422,0.6465,30.0,0.6427,20.0,263.0,3.0
2021-01-05 09:36:10.671,0.6422,0.6465,30.0,0.6427,20.0,263.0,3.0
2021-01-05 09:36:15.660,0.6422,0.6465,30.0,0.6428,1.0,263.0,3.0
2021-01-05 09:36:16.150,0.6422,0.6465,30.0,0.6428,1.0,263.0,3.0
2021-01-05 09:36:18.680,0.6422,0.6463,10.0,0.6423,1.0,263.0,3.0
2021-01-05 09:36:19.151,0.6422,0.6463,10.0,0.6429,1.0,263.0,3.0
2021-01-05 09:36:19.331,0.6422,0.6463,10.0,0.6426,21.0,263.0,3.0
2021-01-05 09:36:20.690,0.6422,0.6463,10.0,0.6425,1.0,263.0,3.0
2021-01-05 09:36:21.120,0.6422,0.6463,10.0,0.6422,1.0,263.0,3.0
2021-01-05 09:36:21.691,0.6422,0.6463,10.0,0.6422,1.0,263.0,3.0
2021-01-05 09:36:22.171,0.6422,0.6463,10.0,0.6423,1.0,263.0,3.0
2021-01-05 09:36:22.680,0.6422,0.6463,10.0,0.6423,1.0,263.0,3.0
2021-01-05 09:36:23.141,0.6422,0.6463,10.0,0.6434,1.0,263.0,3.0
2021-01-05 09:36:24.171,0.6422,0.6463,10.0,0.6434,1.0,263.0,3.0
2021-01-05 09:36:25.191,0.6422,0.6463,10.0,0.6434,2.0,263.0,3.0
2021-01-05 09:36:25.650,0.6422,0.6463,10.0,0.6434,1.0,263.0,3.0
2021-01-05 09:36:26.651,0.6422,0.6465,20.0,0.6435,1.0,263.0,3.0
2021-01-05 09:36:27.690,0.6422,0.6472,30.0,0.6435,1.0,263.0,3.0
2021-01-05 09:36:28.120,0.6422,0.6472,20.0,0.6435,1.0,263.0,3.0
2021-01-05 09:36:28.681,0.6422,0.6472,20.0,0.6435,1.0,263.0,3.0
2021-01-05 09:36:29.171,0.6422,0.6481,30.0,0.6435,1.0,263.0,3.0
2021-01-05 09:36:30.161,0.6422,0.6481,30.0,0.6435,1.0,263.0,3.0
2021-01-05 09:36:36.700,0.6422,0.6481,30.0,0.6436,1.0,263.0,3.0
2021-01-05 09:36:37.190,0.6422,0.6481,30.0,0.6436,1.0,263.0,3.0
2021-01-05 09:36:37.691,0.6422,0.6481,30.0,0.6436,21.0,263.0,3.0
2021-01-05 09:36:42.200,0.6422,0.6481,30.0,0.6436,21.0,263.0,3.0
2021-01-05 09:36:45.191,0.6422,0.6481,20.0,0.6443,10.0,263.0,3.0
2021-01-05 09:36:45.631,0.6422,0.6481,20.0,0.6444,1.0,263.0,3.0
2021-01-05 09:36:46.190,0.6422,0.649,30.0,0.6444,1.0,263.0,3.0
2021-01-05 09:36:46.501,0.6422,0.6499,10.0,0.6451,10.0,263.0,3.0
2021-01-05 09:36:47.130,0.6422,0.649,20.0,0.6451,10.0,263.0,3.0
2021-01-05 09:36:47.660,0.6422,0.6499,10.0,0.6451,30.0,263.0,3.0
2021-01-05 09:36:48.130,0.6422,0.6499,10.0,0.6451,10.0,263.0,3.0
2021-01-05 09:36:48.630,0.6422,0.6499,10.0,0.6451,30.0,263.0,3.0
2021-01-05 09:36:49.181,0.6422,0.6499,10.0,0.6451,10.0,263.0,3.0
2021-01-05 09:36:49.700,0.6422,0.6499,10.0,0.6451,30.0,263.0,3.0
2021-01-05 09:36:50.201,0.6422,0.6499,10.0,0.6451,10.0,263.0,3.0
2021-01-05 09:36:50.670,0.6422,0.6499,10.0,0.6452,1.0,263.0,3.0
2021-01-05 09:36:51.171,0.6422,0.6499,10.0,0.6452,21.0,263.0,3.0
2021-01-05 09:36:53.191,0.6422,0.6499,10.0,0.6452,21.0,263.0,3.0
2021-01-05 09:37:00.700,0.6422,0.6499,10.0,0.6453,1.0,263.0,3.0
2021-01-05 09:37:04.200,0.6422,0.649,10.0,0.6453,1.0,263.0,3.0
2021-01-05 09:37:04.690,0.6422,0.649,10.0,0.6453,1.0,263.0,3.0
2021-01-05 09:37:05.140,0.6422,0.649,30.0,0.6453,1.0,263.0,3.0
2021-01-05 09:37:05.701,0.6422,0.649,30.0,0.6444,1.0,263.0,3.0
2021-01-05 09:37:06.131,0.6422,0.649,30.0,0.6445,1.0,263.0,3.0
2021-01-05 09:37:06.171,0.6422,0.649,30.0,0.6445,1.0,263.0,3.0
2021-01-05 09:37:08.200,0.6422,0.649,30.0,0.6445,1.0,263.0,3.0
2021-01-05 09:37:09.170,0.6422,0.649,30.0,0.6445,1.0,263.0,3.0
2021-01-05 09:37:10.140,0.6422,0.649,30.0,0.6445,1.0,263.0,3.0
2021-01-05 09:37:10.701,0.6422,0.649,30.0,0.6445,1.0,263.0,3.0
2021-01-05 09:37:11.201,0.6422,0.649,30.0,0.6445,1.0,263.0,3.0
2021-01-05 09:37:13.181,0.6422,0.648,10.0,0.6445,1.0,263.0,3.0
2021-01-05 09:37:13.681,0.6422,0.648,10.0,0.6445,1.0,263.0,3.0
2021-01-05 09:37:14.171,0.6422,0.648,30.0,0.6445,1.0,263.0,3.0
2021-01-05 09:37:14.651,0.6422,0.648,10.0,0.6445,1.0,263.0,3.0
2021-01-05 09:37:15.200,0.6422,0.648,30.0,0.6445,1.0,263.0,3.0
2021-01-05 09:37:15.700,0.6422,0.648,10.0,0.6445,1.0,263.0,3.0
2021-01-05 09:37:16.201,0.6422,0.648,30.0,0.6446,1.0,263.0,3.0
2021-01-05 09:37:16.501,0.6422,0.648,10.0,0.6446,1.0,263.0,3.0
2021-01-05 09:37:17.200,0.6422,0.648,20.0,0.6446,1.0,263.0,3.0
2021-01-05 09:37:17.671,0.6422,0.649,30.0,0.6446,1.0,263.0,3.0
2021-01-05 09:37:20.211,0.6422,0.649,30.0,0.6446,1.0,263.0,3.0
2021-01-05 09:37:22.030,0.6422,0.649,30.0,0.6444,1.0,263.0,3.0
2021-01-05 09:37:23.150,0.6422,0.649,30.0,0.6445,1.0,263.0,3.0
2021-01-05 09:37:24.080,0.6422,0.6481,10.0,0.6445,1.0,263.0,3.0
2021-01-05 09:37:24.631,0.6422,0.6481,10.0,0.6443,1.0,263.0,3.0
2021-01-05 09:37:25.200,0.6422,0.6481,30.0,0.6443,1.0,263.0,3.0
2021-01-05 09:37:25.670,0.6422,0.6481,30.0,0.6443,1.0,263.0,3.0
2021-01-05 09:37:28.560,0.6422,0.6481,30.0,0.6443,2.0,263.0,3.0
2021-01-05 09:37:30.191,0.6422,0.6481,30.0,0.6443,1.0,263.0,3.0
2021-01-05 09:37:31.691,0.6422,0.6481,30.0,0.6444,1.0,263.0,3.0
2021-01-05 09:37:33.180,0.6422,0.6481,20.0,0.6446,10.0,263.0,3.0
2021-01-05 09:37:33.701,0.6422,0.6481,20.0,0.6447,1.0,263.0,3.0
2021-01-05 09:37:34.200,0.6422,0.649,20.0,0.6447,21.0,263.0,3.0
2021-01-05 09:37:34.340,0.6422,0.649,20.0,0.6447,21.0,263.0,3.0
2021-01-05 09:37:36.671,0.6422,0.6486,10.0,0.6447,21.0,263.0,3.0
2021-01-05 09:37:37.691,0.6422,0.6486,10.0,0.6444,1.0,263.0,3.0
2021-01-05 09:37:38.651,0.6422,0.6486,10.0,0.6443,1.0,263.0,3.0
2021-01-05 09:37:39.170,0.6422,0.6475,10.0,0.6443,1.0,263.0,3.0
2021-01-05 09:37:39.641,0.6422,0.6475,10.0,0.6443,1.0,263.0,3.0
2021-01-05 09:37:40.161,0.6422,0.6475,30.0,0.6443,1.0,263.0,3.0
2021-01-05 09:37:40.701,0.6422,0.6475,30.0,0.6443,1.0,263.0,3.0
2021-01-05 09:37:42.130,0.6422,0.6475,30.0,0.6443,1.0,263.0,3.0
2021-01-05 09:37:43.181,0.6422,0.6475,30.0,0.6443,1.0,263.0,3.0
2021-01-05 09:37:43.671,0.6422,0.6475,30.0,0.6443,1.0,263.0,3.0
2021-01-05 09:37:44.190,0.6422,0.6466,10.0,0.6443,1.0,263.0,3.0
2021-01-05 09:37:44.651,0.6443,0.6466,30.0,0.6434,1.0,264.0,4.0
2021-01-05 09:37:45.191,0.6443,0.6466,30.0,0.6434,1.0,264.0,4.0
2021-01-05 09:37:47.210,0.6443,0.6466,30.0,0.6434,1.0,264.0,4.0
2021-01-05 09:37:48.201,0.6443,0.6466,30.0,0.6435,1.0,264.0,4.0
2021-01-05 09:37:48.700,0.6443,0.6466,30.0,0.6434,1.0,264.0,4.0
2021-01-05 09:37:49.190,0.6443,0.6466,30.0,0.6434,2.0,264.0,4.0
2021-01-05 09:37:49.670,0.6443,0.6466,30.0,0.6434,1.0,264.0,4.0
2021-01-05 09:37:51.691,0.6443,0.6466,30.0,0.6435,1.0,264.0,4.0
2021-01-05 09:37:52.191,0.6443,0.6466,30.0,0.6434,21.0,264.0,4.0
2021-01-05 09:37:52.660,0.6443,0.6466,30.0,0.6434,22.0,264.0,4.0
2021-01-05 09:37:53.680,0.6443,0.6466,20.0,0.6434,22.0,264.0,4.0
2021-01-05 09:37:54.170,0.6443,0.6466,20.0,0.6434,21.0,264.0,4.0
2021-01-05 09:37:54.690,0.6443,0.6471,10.0,0.6434,21.0,264.0,4.0
2021-01-05 09:37:56.121,0.6443,0.6471,10.0,0.6434,21.0,264.0,4.0
2021-01-05 09:37:56.611,0.6443,0.6471,10.0,0.6434,21.0,264.0,4.0
2021-01-05 09:37:57.120,0.6443,0.6468,10.0,0.6434,1.0,264.0,4.0
2021-01-05 09:37:57.601,0.6443,0.646,10.0,0.6434,1.0,264.0,4.0
2021-01-05 09:37:58.091,0.6443,0.646,30.0,0.6434,1.0,264.0,4.0
2021-01-05 09:37:59.161,0.6443,0.646,30.0,0.6434,1.0,264.0,4.0
2021-01-05 09:38:03.191,0.6443,0.646,20.0,0.6434,1.0,264.0,4.0
2021-01-05 09:38:03.691,0.6443,0.6468,30.0,0.6434,1.0,264.0,4.0
2021-01-05 09:38:04.190,0.6443,0.6468,30.0,0.6434,1.0,264.0,4.0
2021-01-05 09:38:04.680,0.6443,0.6468,30.0,0.6434,21.0,264.0,4.0
2021-01-05 09:38:05.681,0.6443,0.6468,30.0,0.6434,21.0,264.0,4.0
2021-01-05 09:38:06.691,0.6443,0.6468,30.0,0.6434,21.0,264.0,4.0
2021-01-05 09:38:07.200,0.6443,0.6468,20.0,0.6434,31.0,264.0,4.0
2021-01-05 09:38:07.690,0.6443,0.6468,20.0,0.6434,31.0,264.0,4.0
2021-01-05 09:38:09.160,0.6443,0.6476,20.0,0.6434,41.0,264.0,4.0
2021-01-05 09:38:09.681,0.6443,0.6476,20.0,0.6444,10.0,264.0,4.0
2021-01-05 09:38:10.180,0.6443,0.6487,30.0,0.6444,30.0,264.0,4.0
2021-01-05 09:38:10.670,0.6443,0.6487,30.0,0.6445,1.0,264.0,4.0
2021-01-05 09:38:11.141,0.6443,0.6487,30.0,0.6445,1.0,264.0,4.0
2021-01-05 09:38:12.191,0.6443,0.6487,20.0,0.6444,30.0,264.0,4.0
2021-01-05 09:38:12.691,0.6443,0.6487,20.0,0.6444,31.0,264.0,4.0
2021-01-05 09:38:13.110,0.6443,0.6487,20.0,0.6444,31.0,264.0,4.0
2021-01-05 09:38:15.150,0.6443,0.6487,20.0,0.6453,10.0,264.0,4.0
2021-01-05 09:38:15.730,0.6443,0.6494,20.0,0.6454,1.0,264.0,4.0
2021-01-05 09:38:16.210,0.6443,0.6488,20.0,0.6454,1.0,264.0,4.0
2021-01-05 09:38:16.731,0.6443,0.6494,20.0,0.6454,1.0,264.0,4.0
2021-01-05 09:38:17.190,0.6443,0.6494,20.0,0.6454,1.0,264.0,4.0
2021-01-05 09:38:18.660,0.6443,0.6494,20.0,0.6454,1.0,264.0,4.0
2021-01-05 09:38:21.670,0.6443,0.6494,20.0,0.6461,20.0,264.0,4.0
2021-01-05 09:38:22.210,0.6443,0.6504,20.0,0.6462,1.0,264.0,4.0
2021-01-05 09:38:22.531,0.6443,0.6504,20.0,0.6462,1.0,264.0,4.0
2021-01-05 09:38:23.871,0.6443,0.6504,20.0,0.6462,1.0,264.0,4.0
2021-01-05 09:38:24.690,0.6443,0.6504,20.0,0.6471,10.0,264.0,4.0
2021-01-05 09:38:25.101,0.6443,0.6514,30.0,0.6471,30.0,264.0,4.0
2021-01-05 09:38:25.700,0.6443,0.6514,30.0,0.6472,1.0,264.0,4.0
2021-01-05 09:38:26.100,0.6443,0.6514,30.0,0.6472,1.0,264.0,4.0
2021-01-05 09:38:26.701,0.6443,0.6514,30.0,0.6471,30.0,264.0,4.0
2021-01-05 09:38:27.201,0.6443,0.6514,30.0,0.6471,31.0,264.0,4.0
2021-01-05 09:38:28.171,0.6443,0.6514,20.0,0.6471,31.0,264.0,4.0
2021-01-05 09:38:32.171,0.6443,0.6514,20.0,0.6471,31.0,264.0,4.0
2021-01-05 09:38:33.191,0.6443,0.6514,20.0,0.6482,10.0,264.0,4.0
2021-01-05 09:38:33.700,0.6443,0.6523,20.0,0.6483,1.0,264.0,4.0
2021-01-05 09:38:34.201,0.6443,0.6523,20.0,0.6491,10.0,264.0,4.0
2021-01-05 09:38:35.200,0.6443,0.6531,20.0,0.6492,21.0,264.0,4.0
2021-01-05 09:38:35.700,0.6443,0.6531,20.0,0.6492,21.0,264.0,4.0
2021-01-05 09:38:36.691,0.6443,0.6531,20.0,0.6492,21.0,264.0,4.0
2021-01-05 09:38:37.680,0.6443,0.6539,20.0,0.6501,10.0,264.0,4.0
2021-01-05 09:38:38.161,0.6443,0.6547,30.0,0.6502,1.0,264.0,4.0
2021-01-05 09:38:38.601,0.6443,0.6547,30.0,0.6502,1.0,264.0,4.0
2021-01-05 09:38:40.201,0.6443,0.6559,20.0,0.6517,10.0,264.0,4.0
2021-01-05 09:38:40.591,0.6443,0.6559,20.0,0.6517,10.0,264.0,4.0
2021-01-05 09:38:41.190,0.6443,0.6559,20.0,0.6518,1.0,264.0,4.0
2021-01-05 09:38:44.690,0.6443,0.6559,20.0,0.6519,1.0,264.0,4.0
2021-01-05 09:38:46.200,0.6443,0.6554,10.0,0.652,1.0,264.0,4.0
2021-01-05 09:38:46.631,0.6443,0.6554,10.0,0.6519,1.0,264.0,4.0
2021-01-05 09:38:47.691,0.6443,0.6554,10.0,0.6519,1.0,264.0,4.0
2021-01-05 09:38:48.200,0.6443,0.6544,10.0,0.6519,1.0,264.0,4.0
2021-01-05 09:38:49.130,0.6443,0.6543,1.0,0.6519,1.0,264.0,4.0
2021-01-05 09:38:49.670,0.6443,0.6543,1.0,0.6519,1.0,264.0,4.0
2021-01-05 09:38:50.110,0.6519,0.6543,1.0,0.6501,20.0,265.0,5.0
2021-01-05 09:38:50.651,0.6519,0.6544,30.0,0.6502,1.0,265.0,5.0
2021-01-05 09:38:52.150,0.6519,0.6544,20.0,0.6509,10.0,265.0,5.0
2021-01-05 09:38:52.671,0.6519,0.6554,10.0,0.651,1.0,265.0,5.0
2021-01-05 09:38:53.191,0.6519,0.6554,10.0,0.651,21.0,265.0,5.0
2021-01-05 09:38:53.620,0.6519,0.6554,10.0,0.651,21.0,265.0,5.0
2021-01-05 09:38:54.690,0.6519,0.6554,10.0,0.6512,10.0,265.0,5.0
2021-01-05 09:38:55.700,0.6519,0.6559,20.0,0.6519,10.0,265.0,5.0
2021-01-05 09:38:56.190,0.6519,0.6565,30.0,0.6519,30.0,265.0,5.0
2021-01-05 09:38:58.670,0.6519,0.6555,10.0,0.6513,1.0,265.0,5.0
2021-01-05 09:38:59.060,0.6519,0.6555,30.0,0.6513,1.0,265.0,5.0
2021-01-05 09:38:59.700,0.6519,0.6555,30.0,0.6513,1.0,265.0,5.0
2021-01-05 09:39:04.161,0.6519,0.6555,30.0,0.651,21.0,265.0,5.0
2021-01-05 09:39:04.610,0.6519,0.6555,30.0,0.6511,1.0,265.0,5.0
2021-01-05 09:39:05.701,0.6519,0.6555,30.0,0.6511,1.0,265.0,5.0
2021-01-05 09:39:07.200,0.6519,0.6555,30.0,0.651,21.0,265.0,5.0
2021-01-05 09:39:07.680,0.6519,0.6555,30.0,0.6511,1.0,265.0,5.0
2021-01-05 09:39:11.201,0.6519,0.6555,30.0,0.6511,1.0,265.0,5.0
2021-01-05 09:39:15.220,0.6519,0.6555,20.0,0.6519,10.0,265.0,5.0
2021-01-05 09:39:15.720,0.6519,0.6555,20.0,0.652,1.0,265.0,5.0
2021-01-05 09:39:16.121,0.6519,0.6564,10.0,0.652,1.0,265.0,5.0
2021-01-05 09:39:16.711,0.6519,0.6564,10.0,0.652,1.0,265.0,5.0
2021-01-05 09:39:25.700,0.6519,0.6564,10.0,0.6521,1.0,265.0,5.0
2021-01-05 09:39:26.161,0.6519,0.6564,10.0,0.6521,1.0,265.0,5.0
2021-01-05 09:39:27.711,0.6519,0.6564,10.0,0.6521,1.0,265.0,5.0
2021-01-05 09:39:30.721,0.6519,0.6564,10.0,0.6521,1.0,265.0,5.0
2021-01-05 09:39:36.231,0.6519,0.6564,10.0,0.6522,1.0,265.0,5.0
2021-01-05 09:39:41.220,0.6519,0.6555,10.0,0.652,1.0,265.0,5.0
2021-01-05 09:39:41.750,0.6519,0.6555,30.0,0.6521,1.0,265.0,5.0
2021-01-05 09:39:42.210,0.6519,0.6555,30.0,0.6517,1.0,265.0,5.0
2021-01-05 09:39:43.660,0.6519,0.6555,30.0,0.6517,1.0,265.0,5.0
2021-01-05 09:39:45.750,0.6519,0.6555,30.0,0.6517,1.0,265.0,5.0
2021-01-05 09:39:46.711,0.6519,0.6555,20.0,0.6521,10.0,265.0,5.0
2021-01-05 09:39:47.250,0.6519,0.6555,20.0,0.6522,1.0,265.0,5.0
2021-01-05 09:39:47.731,0.6519,0.6564,10.0,0.6522,1.0,265.0,5.0
2021-01-05 09:39:48.221,0.6519,0.6564,10.0,0.6522,1.0,265.0,5.0
2021-01-05 09:39:48.720,0.6519,0.6564,10.0,0.6522,21.0,265.0,5.0
2021-01-05 09:39:50.710,0.6519,0.6564,10.0,0.6522,21.0,265.0,5.0
2021-01-05 09:39:51.241,0.6519,0.6565,20.0,0.6533,10.0,265.0,5.0
2021-01-05 09:39:51.730,0.6519,0.6574,20.0,0.6534,1.0,265.0,5.0
2021-01-05 09:39:52.251,0.6519,0.6574,20.0,0.6534,21.0,265.0,5.0
2021-01-05 09:39:53.630,0.6519,0.6566,10.0,0.6533,10.0,265.0,5.0
2021-01-05 09:39:54.191,0.6519,0.6566,30.0,0.6534,1.0,265.0,5.0
2021-01-05 09:39:54.191,0.6519,0.6566,30.0,0.6534,1.0,265.0,5.0
2021-01-05 09:39:56.120,0.6519,0.6574,20.0,0.6534,1.0,265.0,5.0
2021-01-05 09:39:56.691,0.6519,0.6574,20.0,0.6534,1.0,265.0,5.0
2021-01-05 09:39:57.181,0.6519,0.6574,20.0,0.6534,1.0,265.0,5.0
2021-01-05 09:39:57.580,0.6519,0.6574,20.0,0.6534,1.0,265.0,5.0
2021-01-05 09:39:58.600,0.6519,0.6574,20.0,0.6534,1.0,265.0,5.0
2021-01-05 09:39:59.061,0.6519,0.6574,20.0,0.6534,1.0,265.0,5.0
2021-01-05 09:39:59.670,0.6519,0.6574,20.0,0.6534,1.0,265.0,5.0
2021-01-05 09:40:01.570,0.6519,0.6567,10.0,0.6532,1.0,265.0,5.0
2021-01-05 09:40:02.200,0.6519,0.6565,10.0,0.653,1.0,265.0,5.0
2021-01-05 09:40:02.671,0.6519,0.6559,10.0,0.6522,1.0,265.0,5.0
2021-01-05 09:40:03.171,0.6519,0.6559,30.0,0.6527,1.0,265.0,5.0
2021-01-05 09:40:04.160,0.6519,0.6559,30.0,0.6527,1.0,265.0,5.0
2021-01-05 09:40:06.200,0.6519,0.6559,30.0,0.6527,1.0,265.0,5.0
2021-01-05 09:40:06.701,0.6519,0.6559,30.0,0.6527,1.0,265.0,5.0
2021-01-05 09:40:07.700,0.6519,0.6559,30.0,0.6525,1.0,265.0,5.0
2021-01-05 09:40:08.200,0.6519,0.6559,30.0,0.6524,20.0,265.0,5.0
2021-01-05 09:40:08.690,0.6519,0.6559,30.0,0.6517,1.0,265.0,5.0
2021-01-05 09:40:09.191,0.6519,0.6549,10.0,0.6517,1.0,265.0,5.0
2021-01-05 09:40:09.441,0.6519,0.6549,10.0,0.6517,1.0,265.0,5.0
2021-01-05 09:40:10.150,0.6519,0.6549,30.0,0.6518,1.0,265.0,5.0
2021-01-05 09:40:10.680,0.6519,0.6549,30.0,0.6518,1.0,265.0,5.0
2021-01-05 09:40:11.170,0.6519,0.6549,30.0,0.6518,1.0,265.0,5.0
2021-01-05 09:40:12.190,0.6519,0.6549,30.0,0.6517,1.0,265.0,5.0
2021-01-05 09:40:12.680,0.6519,0.6549,30.0,0.6511,1.0,265.0,5.0
2021-01-05 09:40:13.170,0.6519,0.6549,30.0,0.6512,1.0,265.0,5.0
2021-01-05 09:40:13.700,0.6519,0.6549,30.0,0.651,20.0,265.0,5.0
2021-01-05 09:40:14.150,0.6519,0.654,10.0,0.6509,1.0,265.0,5.0
2021-01-05 09:40:14.701,0.6519,0.654,10.0,0.6507,1.0,265.0,5.0
2021-01-05 09:40:15.120,0.6519,0.654,30.0,0.6507,1.0,265.0,5.0
2021-01-05 09:40:15.690,0.6519,0.654,30.0,0.6507,1.0,265.0,5.0
2021-01-05 09:40:19.711,0.6519,0.654,30.0,0.6507,1.0,265.0,5.0
2021-01-05 09:40:20.191,0.6519,0.654,20.0,0.6507,1.0,265.0,5.0
2021-01-05 09:40:20.691,0.6519,0.654,20.0,0.6507,1.0,265.0,5.0
2021-01-05 09:40:21.200,0.6519,0.6552,10.0,0.6508,10.0,265.0,5.0
2021-01-05 09:40:21.701,0.6519,0.6552,30.0,0.6509,1.0,265.0,5.0
2021-01-05 09:40:22.591,0.6519,0.6552,30.0,0.6509,1.0,265.0,5.0
2021-01-05 09:40:23.701,0.6519,0.6552,30.0,0.651,1.0,265.0,5.0
2021-01-05 09:40:24.370,0.6519,0.6552,30.0,0.651,21.0,265.0,5.0
2021-01-05 09:40:25.121,0.6519,0.6552,30.0,0.651,21.0,265.0,5.0
2021-01-05 09:40:26.650,0.6519,0.6552,30.0,0.6511,1.0,265.0,5.0
2021-01-05 09:40:27.140,0.6519,0.6552,20.0,0.6517,10.0,265.0,5.0
2021-01-05 09:40:27.701,0.6519,0.6552,20.0,0.6518,1.0,265.0,5.0
2021-01-05 09:40:28.110,0.6519,0.6558,20.0,0.6518,1.0,265.0,5.0
2021-01-05 09:40:31.631,0.6519,0.6558,20.0,0.6531,1.0,265.0,5.0
2021-01-05 09:40:32.140,0.6519,0.6558,20.0,0.6531,1.0,265.0,5.0
2021-01-05 09:40:32.611,0.6519,0.6557,1.0,0.6531,1.0,265.0,5.0
2021-01-05 09:40:33.191,0.6519,0.6557,1.0,0.6531,1.0,265.0,5.0
2021-01-05 09:40:33.551,0.6531,0.6557,1.0,0.6517,40.0,266.0,6.0
2021-01-05 09:40:34.171,0.6531,0.6557,1.0,0.6517,41.0,266.0,6.0
2021-01-05 09:40:34.561,0.6531,0.6558,20.0,0.6517,41.0,266.0,6.0
2021-01-05 09:40:38.130,0.6531,0.6558,20.0,0.6517,41.0,266.0,6.0
2021-01-05 09:40:39.681,0.6531,0.6558,20.0,0.6517,41.0,266.0,6.0
2021-01-05 09:40:40.151,0.6531,0.6558,20.0,0.6517,40.0,266.0,6.0
2021-01-05 09:40:40.670,0.6531,0.6558,20.0,0.6517,40.0,266.0,6.0
2021-01-05 09:40:41.191,0.6531,0.655,10.0,0.6517,10.0,266.0,6.0
2021-01-05 09:40:41.640,0.6531,0.655,20.0,0.6511,21.0,266.0,6.0
2021-01-05 09:40:42.180,0.6531,0.655,20.0,0.6514,1.0,266.0,6.0
2021-01-05 09:40:42.601,0.6531,0.655,40.0,0.6514,1.0,266.0,6.0
2021-01-05 09:40:44.161,0.6531,0.655,40.0,0.6511,21.0,266.0,6.0
2021-01-05 09:40:44.610,0.6531,0.655,40.0,0.6513,1.0,266.0,6.0
2021-01-05 09:40:45.131,0.6531,0.655,40.0,0.6511,21.0,266.0,6.0
2021-01-05 09:40:46.581,0.6531,0.655,40.0,0.6512,1.0,266.0,6.0
2021-01-05 09:40:48.700,0.6531,0.655,40.0,0.6511,21.0,266.0,6.0
2021-01-05 09:40:49.111,0.6531,0.655,40.0,0.6513,1.0,266.0,6.0
2021-01-05 09:40:50.181,0.6531,0.655,40.0,0.6513,1.0,266.0,6.0
2021-01-05 09:40:51.601,0.6531,0.655,40.0,0.6511,21.0,266.0,6.0
2021-01-05 09:40:52.650,0.6531,0.655,40.0,0.6512,1.0,266.0,6.0
2021-01-05 09:40:53.651,0.6531,0.655,40.0,0.6511,21.0,266.0,6.0
2021-01-05 09:40:54.661,0.6531,0.655,40.0,0.6511,20.0,266.0,6.0
2021-01-05 09:40:55.111,0.6531,0.655,40.0,0.6511,20.0,266.0,6.0
2021-01-05 09:40:56.711,0.6531,0.655,30.0,0.6511,20.0,266.0,6.0
2021-01-05 09:41:01.041,0.6531,0.655,30.0,0.6512,1.0,266.0,6.0
2021-01-05 09:41:01.650,0.6531,0.655,30.0,0.6511,20.0,266.0,6.0
2021-01-05 09:41:02.190,0.6531,0.655,30.0,0.6511,20.0,266.0,6.0
2021-01-05 09:41:03.110,0.6531,0.655,30.0,0.6512,1.0,266.0,6.0
2021-01-05 09:41:03.721,0.6531,0.655,30.0,0.6511,20.0,266.0,6.0
2021-01-05 09:41:04.180,0.6531,0.655,30.0,0.6513,1.0,266.0,6.0
2021-01-05 09:41:05.220,0.6531,0.655,30.0,0.6511,20.0,266.0,6.0
2021-01-05 09:41:05.660,0.6531,0.655,30.0,0.6511,20.0,266.0,6.0
2021-01-05 09:41:07.631,0.6531,0.655,30.0,0.6512,1.0,266.0,6.0
2021-01-05 09:41:08.201,0.6531,0.655,20.0,0.6516,10.0,266.0,6.0
2021-01-05 09:41:09.210,0.6531,0.6559,30.0,0.6516,10.0,266.0,6.0
2021-01-05 09:41:10.710,0.6531,0.6559,30.0,0.6517,1.0,266.0,6.0
2021-01-05 09:41:11.711,0.6531,0.6559,30.0,0.6517,21.0,266.0,6.0
2021-01-05 09:41:12.710,0.6531,0.6559,30.0,0.6517,21.0,266.0,6.0
2021-01-05 09:41:13.711,0.6531,0.6559,30.0,0.6517,20.0,266.0,6.0
2021-01-05 09:41:14.160,0.6531,0.6559,30.0,0.6518,1.0,266.0,6.0
2021-01-05 09:41:14.671,0.6531,0.6559,30.0,0.6517,20.0,266.0,6.0
2021-01-05 09:41:17.211,0.6531,0.6559,30.0,0.6517,21.0,266.0,6.0
2021-01-05 09:41:18.141,0.6531,0.6559,30.0,0.6517,20.0,266.0,6.0
2021-01-05 09:41:19.161,0.6531,0.6559,30.0,0.6518,1.0,266.0,6.0
2021-01-05 09:41:20.070,0.6531,0.6559,30.0,0.6517,20.0,266.0,6.0
2021-01-05 09:41:20.721,0.6531,0.6559,30.0,0.6517,21.0,266.0,6.0
2021-01-05 09:41:23.610,0.6531,0.6559,30.0,0.6517,31.0,266.0,6.0
2021-01-05 09:41:27.131,0.6531,0.6559,20.0,0.6524,10.0,266.0,6.0
2021-01-05 09:41:27.710,0.6531,0.6559,20.0,0.6525,1.0,266.0,6.0
2021-01-05 09:41:28.171,0.6531,0.6566,20.0,0.6524,30.0,266.0,6.0
2021-01-05 09:41:28.540,0.6531,0.6566,20.0,0.6525,1.0,266.0,6.0
2021-01-05 09:41:32.670,0.6531,0.6566,20.0,0.6525,1.0,266.0,6.0
2021-01-05 09:41:33.680,0.6531,0.6566,20.0,0.6524,30.0,266.0,6.0
2021-01-05 09:41:34.120,0.6531,0.6566,20.0,0.6524,30.0,266.0,6.0
2021-01-05 09:41:35.221,0.6531,0.6566,20.0,0.6524,30.0,266.0,6.0
2021-01-05 09:41:36.720,0.6531,0.6566,20.0,0.6533,10.0,266.0,6.0
2021-01-05 09:41:37.210,0.6531,0.6566,20.0,0.6533,10.0,266.0,6.0
2021-01-05 09:41:37.711,0.6531,0.6576,30.0,0.6534,10.0,266.0,6.0
2021-01-05 09:41:38.220,0.6531,0.6576,30.0,0.6534,10.0,266.0,6.0
2021-01-05 09:41:38.650,0.6531,0.6576,30.0,0.6534,30.0,266.0,6.0
2021-01-05 09:41:39.521,0.6531,0.6576,30.0,0.6535,1.0,266.0,6.0
2021-01-05 09:41:40.231,0.6531,0.6576,30.0,0.6534,30.0,266.0,6.0
2021-01-05 09:41:41.130,0.6531,0.6576,30.0,0.6534,30.0,266.0,6.0
2021-01-05 09:41:42.201,0.6531,0.6576,30.0,0.6534,30.0,266.0,6.0
2021-01-05 09:41:42.690,0.6531,0.6567,10.0,0.6534,20.0,266.0,6.0
2021-01-05 09:41:43.080,0.6531,0.6567,30.0,0.6524,20.0,266.0,6.0
2021-01-05 09:41:43.720,0.6531,0.6567,30.0,0.6525,1.0,266.0,6.0
2021-01-05 09:41:44.671,0.6531,0.6567,30.0,0.6525,1.0,266.0,6.0
2021-01-05 09:41:47.201,0.6531,0.6567,30.0,0.6525,1.0,266.0,6.0
2021-01-05 09:41:48.181,0.6531,0.6567,20.0,0.6531,10.0,266.0,6.0
2021-01-05 09:41:48.740,0.6531,0.6575,10.0,0.6532,1.0,266.0,6.0
2021-01-05 09:41:49.191,0.6531,0.6575,10.0,0.6531,30.0,266.0,6.0
2021-01-05 09:41:49.750,0.6531,0.6575,10.0,0.6533,1.0,266.0,6.0
2021-01-05 09:41:50.231,0.6531,0.6575,10.0,0.6533,1.0,266.0,6.0
2021-01-05 09:41:50.751,0.6531,0.6576,20.0,0.6533,1.0,266.0,6.0
2021-01-05 09:41:51.251,0.6531,0.6583,10.0,0.654,10.0,266.0,6.0
2021-01-05 09:41:52.261,0.6531,0.6583,30.0,0.654,30.0,266.0,6.0
2021-01-05 09:41:53.201,0.6531,0.6583,30.0,0.654,31.0,266.0,6.0
2021-01-05 09:41:53.681,0.6531,0.6583,30.0,0.6541,1.0,266.0,6.0
2021-01-05 09:41:55.160,0.6531,0.6583,20.0,0.6548,10.0,266.0,6.0
2021-01-05 09:41:55.671,0.6531,0.659,30.0,0.6548,30.0,266.0,6.0
2021-01-05 09:41:56.151,0.6531,0.659,20.0,0.6549,1.0,266.0,6.0
2021-01-05 09:41:56.661,0.6531,0.659,20.0,0.6548,30.0,266.0,6.0
2021-01-05 09:41:57.110,0.6531,0.659,20.0,0.6548,30.0,266.0,6.0
2021-01-05 09:41:58.660,0.6531,0.659,20.0,0.6549,1.0,266.0,6.0
2021-01-05 09:42:08.660,0.6531,0.659,20.0,0.655,1.0,266.0,6.0
2021-01-05 09:42:10.200,0.6531,0.659,20.0,0.6551,1.0,266.0,6.0
2021-01-05 09:42:10.681,0.6531,0.659,20.0,0.6552,1.0,266.0,6.0
2021-01-05 09:42:10.971,0.6531,0.659,20.0,0.6558,10.0,266.0,6.0
2021-01-05 09:42:11.651,0.6531,0.6597,30.0,0.6558,30.0,266.0,6.0
2021-01-05 09:42:12.210,0.6531,0.6597,20.0,0.656,10.0,266.0,6.0
2021-01-05 09:42:12.721,0.6531,0.6597,20.0,0.6561,1.0,266.0,6.0
2021-01-05 09:42:13.211,0.6531,0.6597,20.0,0.6561,1.0,266.0,6.0
2021-01-05 09:42:13.731,0.6531,0.6597,20.0,0.6559,1.0,266.0,6.0
2021-01-05 09:42:14.150,0.6531,0.6597,20.0,0.656,1.0,266.0,6.0
2021-01-05 09:42:15.151,0.6531,0.6597,20.0,0.6558,30.0,266.0,6.0
2021-01-05 09:42:15.650,0.6531,0.6597,20.0,0.6559,1.0,266.0,6.0
2021-01-05 09:42:18.701,0.6531,0.6597,20.0,0.6558,30.0,266.0,6.0
2021-01-05 09:42:19.721,0.6531,0.6597,20.0,0.6559,1.0,266.0,6.0
2021-01-05 09:42:20.150,0.6531,0.6597,20.0,0.6558,30.0,266.0,6.0
2021-01-05 09:42:20.680,0.6531,0.6597,20.0,0.6558,31.0,266.0,6.0
2021-01-05 09:42:21.621,0.6531,0.6597,20.0,0.6558,30.0,266.0,6.0
2021-01-05 09:42:24.151,0.6531,0.6597,20.0,0.6559,1.0,266.0,6.0
2021-01-05 09:42:28.130,0.6531,0.6597,20.0,0.6559,1.0,266.0,6.0
2021-01-05 09:42:29.720,0.6531,0.6597,20.0,0.6563,10.0,266.0,6.0
2021-01-05 09:42:30.220,0.6531,0.6597,20.0,0.6564,1.0,266.0,6.0
2021-01-05 09:42:30.710,0.6531,0.6597,20.0,0.6564,21.0,266.0,6.0
2021-01-05 09:42:31.200,0.6531,0.6597,20.0,0.6565,1.0,266.0,6.0
2021-01-05 09:42:32.721,0.6531,0.6597,20.0,0.6566,10.0,266.0,6.0
2021-01-05 09:42:33.720,0.6531,0.6597,20.0,0.6566,10.0,266.0,6.0
2021-01-05 09:42:35.151,0.6531,0.6597,20.0,0.6567,1.0,266.0,6.0
2021-01-05 09:42:42.250,0.6531,0.6597,20.0,0.6567,1.0,266.0,6.0
2021-01-05 09:42:42.711,0.6531,0.6597,20.0,0.6567,1.0,266.0,6.0
2021-01-05 09:42:43.251,0.6531,0.6597,20.0,0.6568,1.0,266.0,6.0
2021-01-05 09:42:44.211,0.6531,0.6597,20.0,0.6568,1.0,266.0,6.0
2021-01-05 09:42:44.751,0.6531,0.6598,3.0,0.6568,1.0,266.0,6.0
2021-01-05 09:42:45.650,0.6531,0.6598,3.0,0.6568,1.0,266.0,6.0
2021-01-05 09:42:46.741,0.6531,0.6598,3.0,0.6568,1.0,266.0,6.0
2021-01-05 09:42:47.160,0.6531,0.6598,3.0,0.6574,10.0,266.0,6.0
2021-01-05 09:42:47.690,0.6531,0.6598,3.0,0.6575,1.0,266.0,6.0
2021-01-05 09:42:49.750,0.6531,0.6598,3.0,0.6575,1.0,266.0,6.0
2021-01-05 09:42:56.191,0.6531,0.6598,3.0,0.6576,1.0,266.0,6.0
2021-01-05 09:42:56.631,0.6531,0.6598,3.0,0.6577,1.0,266.0,6.0
2021-01-05 09:42:58.220,0.6531,0.6598,3.0,0.6577,1.0,266.0,6.0
2021-01-05 09:42:58.990,0.6531,0.6598,3.0,0.6577,1.0,266.0,6.0
2021-01-05 09:43:00.141,0.6531,0.6598,3.0,0.6577,1.0,266.0,6.0
2021-01-05 09:43:00.721,0.6531,0.6598,3.0,0.6578,1.0,266.0,6.0
2021-01-05 09:43:01.211,0.6531,0.6598,3.0,0.6579,1.0,266.0,6.0
2021-01-05 09:43:01.701,0.6531,0.6598,3.0,0.6579,1.0,266.0,6.0
2021-01-05 09:43:02.681,0.6531,0.6598,3.0,0.6582,10.0,266.0,6.0
2021-01-05 09:43:03.241,0.6531,0.6598,3.0,0.6583,2.0,266.0,6.0
2021-01-05 09:43:03.341,0.6531,0.6598,3.0,0.6583,22.0,266.0,6.0
2021-01-05 09:43:04.740,0.6531,0.6598,3.0,0.6583,20.0,266.0,6.0
2021-01-05 09:43:05.251,0.6531,0.6598,3.0,0.6583,20.0,266.0,6.0
2021-01-05 09:43:05.681,0.6531,0.6598,3.0,0.6575,1.0,266.0,6.0
2021-01-05 09:43:06.680,0.6531,0.6598,3.0,0.6576,1.0,266.0,6.0
2021-01-05 09:43:07.231,0.6531,0.6598,3.0,0.6574,20.0,266.0,6.0
2021-01-05 09:43:08.181,0.6531,0.6598,3.0,0.6574,20.0,266.0,6.0
2021-01-05 09:43:08.701,0.6531,0.6598,3.0,0.6574,20.0,266.0,6.0
2021-01-05 09:43:10.150,0.6531,0.6598,3.0,0.6574,20.0,266.0,6.0
2021-01-05 09:43:11.750,0.6531,0.6598,3.0,0.6575,1.0,266.0,6.0
2021-01-05 09:43:12.171,0.6531,0.6598,3.0,0.6575,2.0,266.0,6.0
2021-01-05 09:43:13.210,0.6531,0.6598,3.0,0.6574,20.0,266.0,6.0
2021-01-05 09:43:13.740,0.6531,0.6598,3.0,0.6573,10.0,266.0,6.0
2021-01-05 09:43:14.270,0.6531,0.6597,1.0,0.6573,10.0,266.0,6.0
2021-01-05 09:43:15.241,0.6531,0.6597,1.0,0.6568,21.0,266.0,6.0
2021-01-05 09:43:15.711,0.6531,0.6597,1.0,0.6567,1.0,266.0,6.0
2021-01-05 09:43:16.270,0.6531,0.6598,3.0,0.6565,12.0,266.0,6.0
2021-01-05 09:43:17.271,0.6531,0.6598,3.0,0.6565,12.0,266.0,6.0
2021-01-05 09:43:25.201,0.6531,0.6598,3.0,0.6573,10.0,266.0,6.0
2021-01-05 09:43:25.701,0.6531,0.6598,3.0,0.6574,1.0,266.0,6.0
2021-01-05 09:43:27.190,0.6531,0.6598,3.0,0.6574,1.0,266.0,6.0
2021-01-05 09:43:28.091,0.6531,0.6598,3.0,0.6574,1.0,266.0,6.0
2021-01-05 09:43:35.681,0.6531,0.6598,3.0,0.6575,1.0,266.0,6.0
2021-01-05 09:43:36.661,0.6531,0.6598,3.0,0.6574,1.0,266.0,6.0
2021-01-05 09:43:37.181,0.6531,0.6598,3.0,0.6573,30.0,266.0,6.0
2021-01-05 09:43:38.221,0.6531,0.6598,3.0,0.6574,1.0,266.0,6.0
2021-01-05 09:43:43.711,0.6531,0.6598,3.0,0.6573,30.0,266.0,6.0
2021-01-05 09:43:44.251,0.6531,0.6598,3.0,0.6574,1.0,266.0,6.0
2021-01-05 09:43:44.670,0.6531,0.6598,3.0,0.6573,30.0,266.0,6.0
2021-01-05 09:43:45.221,0.6531,0.6598,3.0,0.6573,31.0,266.0,6.0
2021-01-05 09:43:48.721,0.6531,0.6598,3.0,0.6573,30.0,266.0,6.0
2021-01-05 09:43:49.601,0.6531,0.6598,3.0,0.6573,30.0,266.0,6.0
2021-01-05 09:43:50.170,0.6531,0.6598,3.0,0.6573,20.0,266.0,6.0
2021-01-05 09:43:50.721,0.6531,0.6598,3.0,0.6565,1.0,266.0,6.0
2021-01-05 09:43:51.221,0.6531,0.6598,3.0,0.6566,1.0,266.0,6.0
2021-01-05 09:43:52.200,0.6531,0.6598,3.0,0.6565,1.0,266.0,6.0
2021-01-05 09:43:54.191,0.6531,0.6598,3.0,0.6565,1.0,266.0,6.0
2021-01-05 09:43:57.230,0.6531,0.6598,3.0,0.6566,1.0,266.0,6.0
2021-01-05 09:44:00.701,0.6531,0.6598,3.0,0.6565,1.0,266.0,6.0
2021-01-05 09:44:01.160,0.6531,0.6598,3.0,0.6565,2.0,266.0,6.0
2021-01-05 09:44:02.711,0.6531,0.6598,3.0,0.6565,1.0,266.0,6.0
2021-01-05 09:44:03.241,0.6531,0.6598,3.0,0.6565,1.0,266.0,6.0
2021-01-05 09:44:03.731,0.6531,0.6597,10.0,0.6565,1.0,266.0,6.0
2021-01-05 09:44:04.751,0.6531,0.6597,30.0,0.6565,1.0,266.0,6.0
2021-01-05 09:44:05.761,0.6531,0.6587,10.0,0.6565,1.0,266.0,6.0
2021-01-05 09:44:06.261,0.6531,0.6587,30.0,0.6565,1.0,266.0,6.0
2021-01-05 09:44:07.281,0.6531,0.6587,20.0,0.6565,1.0,266.0,6.0
2021-01-05 09:44:07.750,0.6531,0.6588,10.0,0.6565,1.0,266.0,6.0
2021-01-05 09:44:08.261,0.6531,0.6588,30.0,0.6565,1.0,266.0,6.0
2021-01-05 09:44:08.760,0.6531,0.6588,30.0,0.6565,1.0,266.0,6.0
2021-01-05 09:44:09.150,0.6531,0.6587,1.0,0.6565,1.0,266.0,6.0
2021-01-05 09:44:09.780,0.6565,0.6587,1.0,0.6549,20.0,267.0,7.0
2021-01-05 09:44:10.270,0.6565,0.6587,1.0,0.655,1.0,267.0,7.0
2021-01-05 09:44:10.781,0.6565,0.6587,1.0,0.655,1.0,267.0,7.0
2021-01-05 09:44:11.271,0.6565,0.6588,30.0,0.655,1.0,267.0,7.0
2021-01-05 09:44:11.780,0.6565,0.6588,30.0,0.6551,3.0,267.0,7.0
2021-01-05 09:44:13.230,0.6565,0.6588,30.0,0.6552,1.0,267.0,7.0
2021-01-05 09:44:14.781,0.6565,0.6588,30.0,0.6551,3.0,267.0,7.0
2021-01-05 09:44:15.280,0.6565,0.6588,30.0,0.6552,1.0,267.0,7.0
2021-01-05 09:44:15.780,0.6565,0.6588,30.0,0.6551,3.0,267.0,7.0
2021-01-05 09:44:16.781,0.6565,0.6588,30.0,0.6551,3.0,267.0,7.0
2021-01-05 09:44:17.280,0.6565,0.6588,30.0,0.6551,3.0,267.0,7.0
2021-01-05 09:44:17.770,0.6565,0.6588,30.0,0.6551,3.0,267.0,7.0
2021-01-05 09:44:21.270,0.6565,0.6588,30.0,0.6552,1.0,267.0,7.0
2021-01-05 09:44:21.791,0.6565,0.6588,30.0,0.6551,3.0,267.0,7.0
2021-01-05 09:44:23.130,0.6565,0.6588,30.0,0.6551,3.0,267.0,7.0
2021-01-05 09:44:24.000,0.6565,0.6588,30.0,0.6551,3.0,267.0,7.0
2021-01-05 09:44:26.090,0.6565,0.6588,30.0,0.6551,3.0,267.0,7.0
2021-01-05 09:44:26.701,0.6565,0.6588,30.0,0.6551,3.0,267.0,7.0
2021-01-05 09:44:27.201,0.6565,0.6588,30.0,0.6551,3.0,267.0,7.0
2021-01-05 09:44:29.200,0.6565,0.6588,30.0,0.6551,3.0,267.0,7.0
2021-01-05 09:44:29.640,0.6565,0.6588,30.0,0.6551,3.0,267.0,7.0
2021-01-05 09:44:32.220,0.6565,0.6588,20.0,0.6551,3.0,267.0,7.0
2021-01-05 09:44:32.691,0.6565,0.6579,10.0,0.6549,20.0,267.0,7.0
2021-01-05 09:44:33.231,0.6565,0.6579,10.0,0.6549,20.0,267.0,7.0
2021-01-05 09:44:33.730,0.6565,0.6579,30.0,0.6536,30.0,267.0,7.0
2021-01-05 09:44:34.141,0.6565,0.6579,30.0,0.6537,1.0,267.0,7.0
2021-01-05 09:44:34.510,0.6565,0.6579,30.0,0.6538,3.0,267.0,7.0
2021-01-05 09:44:35.221,0.6565,0.6579,30.0,0.6539,1.0,267.0,7.0
2021-01-05 09:44:36.220,0.6565,0.6579,30.0,0.6539,1.0,267.0,7.0
2021-01-05 09:44:39.661,0.6565,0.6579,30.0,0.6539,1.0,267.0,7.0
2021-01-05 09:44:40.250,0.6565,0.6579,30.0,0.6539,1.0,267.0,7.0
2021-01-05 09:44:41.251,0.6565,0.6579,30.0,0.6539,1.0,267.0,7.0
2021-01-05 09:44:44.761,0.6565,0.6579,30.0,0.6536,30.0,267.0,7.0
2021-01-05 09:44:45.261,0.6565,0.6579,30.0,0.654,1.0,267.0,7.0
2021-01-05 09:44:46.271,0.6565,0.6579,30.0,0.654,1.0,267.0,7.0
2021-01-05 09:44:46.771,0.6565,0.6579,30.0,0.654,1.0,267.0,7.0
2021-01-05 09:44:50.300,0.6565,0.6579,20.0,0.654,1.0,267.0,7.0
2021-01-05 09:44:50.811,0.6565,0.6579,20.0,0.6544,10.0,267.0,7.0
2021-01-05 09:44:51.270,0.6565,0.6579,20.0,0.6545,1.0,267.0,7.0
2021-01-05 09:44:53.710,0.6565,0.6579,20.0,0.6545,1.0,267.0,7.0
2021-01-05 09:44:58.120,0.6565,0.6579,20.0,0.6544,30.0,267.0,7.0
2021-01-05 09:44:58.720,0.6565,0.6578,10.0,0.6544,20.0,267.0,7.0
2021-01-05 09:44:59.190,0.6565,0.6578,10.0,0.6536,20.0,267.0,7.0
2021-01-05 09:44:59.711,0.6565,0.6578,10.0,0.6537,1.0,267.0,7.0
2021-01-05 09:45:00.591,0.6565,0.6578,10.0,0.6537,1.0,267.0,7.0
2021-01-05 09:45:01.221,0.6565,0.6578,10.0,0.6536,20.0,267.0,7.0
2021-01-05 09:45:01.680,0.6565,0.657,10.0,0.6531,10.0,267.0,7.0
2021-01-05 09:45:01.980,0.6565,0.6567,10.0,0.6529,21.0,267.0,7.0
2021-01-05 09:45:02.710,0.6565,0.6567,10.0,0.6529,21.0,267.0,7.0
2021-01-05 09:45:03.680,0.6565,0.6567,10.0,0.6529,21.0,267.0,7.0
2021-01-05 09:45:04.191,0.6565,0.6567,10.0,0.6529,20.0,267.0,7.0
2021-01-05 09:45:05.221,0.6565,0.6561,10.0,0.6521,20.0,267.0,7.0
2021-01-05 09:45:06.220,0.6565,0.6561,30.0,0.6521,20.0,267.0,7.0
2021-01-05 09:45:06.721,0.6565,0.6561,30.0,0.6518,10.0,267.0,7.0
2021-01-05 09:45:07.130,0.6565,0.6561,30.0,0.6522,1.0,267.0,7.0
2021-01-05 09:45:07.720,0.6565,0.6561,30.0,0.6522,21.0,267.0,7.0
2021-01-05 09:45:08.700,0.6565,0.6561,30.0,0.6518,10.0,267.0,7.0
2021-01-05 09:45:09.111,0.6565,0.6561,30.0,0.6521,1.0,267.0,7.0
2021-01-05 09:45:09.720,0.6565,0.6561,30.0,0.6518,11.0,267.0,7.0
2021-01-05 09:45:10.200,0.6565,0.6561,30.0,0.6518,11.0,267.0,7.0
2021-01-05 09:45:11.720,0.6565,0.6561,30.0,0.6518,11.0,267.0,7.0
2021-01-05 09:45:12.150,0.6565,0.6561,30.0,0.6518,10.0,267.0,7.0
2021-01-05 09:45:12.701,0.6565,0.6552,10.0,0.6514,20.0,267.0,7.0
2021-01-05 09:45:13.220,0.6565,0.6552,30.0,0.6508,10.0,267.0,7.0
2021-01-05 09:45:15.230,0.6565,0.6552,30.0,0.6508,10.0,267.0,7.0
2021-01-05 09:45:16.230,0.6565,0.6541,10.0,0.65,20.0,267.0,7.0
2021-01-05 09:45:17.731,0.6565,0.6541,30.0,0.6498,10.0,267.0,7.0
2021-01-05 09:45:18.691,0.6565,0.6541,30.0,0.6498,10.0,267.0,7.0
2021-01-05 09:45:19.191,0.6565,0.6541,30.0,0.6498,10.0,267.0,7.0
2021-01-05 09:45:19.731,0.6565,0.6541,30.0,0.6499,1.0,267.0,7.0
2021-01-05 09:45:21.191,0.6565,0.6541,30.0,0.6498,10.0,267.0,7.0
2021-01-05 09:45:22.240,0.6565,0.6541,30.0,0.6498,10.0,267.0,7.0
2021-01-05 09:45:22.710,0.6565,0.6541,30.0,0.6499,1.0,267.0,7.0
2021-01-05 09:45:23.160,0.6565,0.6541,30.0,0.6499,1.0,267.0,7.0
2021-01-05 09:45:25.131,0.6565,0.6541,30.0,0.6498,11.0,267.0,7.0
2021-01-05 09:45:26.681,0.6565,0.6541,30.0,0.6498,10.0,267.0,7.0
2021-01-05 09:45:27.211,0.6565,0.6541,30.0,0.6498,10.0,267.0,7.0
2021-01-05 09:45:27.711,0.6565,0.6541,30.0,0.6498,10.0,267.0,7.0
2021-01-05 09:45:29.140,0.6565,0.6541,20.0,0.6506,10.0,267.0,7.0
2021-01-05 09:45:30.210,0.6565,0.655,10.0,0.6507,1.0,267.0,7.0
2021-01-05 09:45:30.541,0.6565,0.6543,20.0,0.6507,1.0,267.0,7.0
2021-01-05 09:45:31.211,0.6565,0.655,10.0,0.6507,1.0,267.0,7.0
2021-01-05 09:45:31.701,0.6565,0.655,10.0,0.6507,1.0,267.0,7.0
2021-01-05 09:45:32.160,0.6565,0.655,10.0,0.6507,1.0,267.0,7.0
2021-01-05 09:45:33.180,0.6565,0.655,10.0,0.6508,10.0,267.0,7.0
2021-01-05 09:45:34.220,0.6565,0.655,10.0,0.6509,1.0,267.0,7.0
2021-01-05 09:45:35.701,0.6565,0.6552,20.0,0.6515,10.0,267.0,7.0
2021-01-05 09:45:36.240,0.6565,0.6558,30.0,0.6515,30.0,267.0,7.0
2021-01-05 09:45:37.241,0.6565,0.6558,30.0,0.6515,30.0,267.0,7.0
2021-01-05 09:45:39.710,0.6565,0.6558,30.0,0.6516,1.0,267.0,7.0
2021-01-05 09:45:42.711,0.6565,0.6558,30.0,0.6515,30.0,267.0,7.0
2021-01-05 09:45:43.220,0.6565,0.6558,30.0,0.6517,1.0,267.0,7.0
2021-01-05 09:45:43.710,0.6565,0.6558,30.0,0.6515,30.0,267.0,7.0
2021-01-05 09:45:45.220,0.6565,0.6558,30.0,0.6516,1.0,267.0,7.0
2021-01-05 09:45:45.681,0.6565,0.6558,30.0,0.6515,30.0,267.0,7.0
2021-01-05 09:45:46.230,0.6565,0.6558,30.0,0.6515,30.0,267.0,7.0
2021-01-05 09:45:50.750,0.6565,0.6558,30.0,0.6516,1.0,267.0,7.0
2021-01-05 09:45:51.250,0.6565,0.6558,30.0,0.6515,30.0,267.0,7.0
2021-01-05 09:45:52.251,0.6565,0.6558,30.0,0.6516,1.0,267.0,7.0
2021-01-05 09:45:53.711,0.6565,0.6558,30.0,0.6515,30.0,267.0,7.0
2021-01-05 09:45:54.191,0.6565,0.6558,30.0,0.6516,1.0,267.0,7.0
2021-01-05 09:45:54.710,0.6565,0.6558,30.0,0.6515,30.0,267.0,7.0
2021-01-05 09:45:55.711,0.6565,0.6558,30.0,0.6515,31.0,267.0,7.0
2021-01-05 09:45:56.631,0.6565,0.6558,30.0,0.6515,30.0,267.0,7.0
2021-01-05 09:45:57.201,0.6565,0.6558,30.0,0.6515,30.0,267.0,7.0
2021-01-05 09:45:57.651,0.6565,0.6558,30.0,0.6515,30.0,267.0,7.0
2021-01-05 09:45:58.711,0.6565,0.6558,30.0,0.6516,1.0,267.0,7.0
2021-01-05 09:45:59.230,0.6565,0.6558,30.0,0.6515,30.0,267.0,7.0
2021-01-05 09:46:00.730,0.6565,0.6564,20.0,0.6523,10.0,267.0,7.0
2021-01-05 09:46:01.230,0.6565,0.6564,20.0,0.6524,1.0,267.0,7.0
2021-01-05 09:46:01.670,0.6565,0.6564,20.0,0.6524,1.0,267.0,7.0
2021-01-05 09:46:03.220,0.6565,0.6564,20.0,0.6525,1.0,267.0,7.0
2021-01-05 09:46:03.731,0.6565,0.6564,20.0,0.6524,1.0,267.0,7.0
2021-01-05 09:46:05.161,0.6565,0.6564,20.0,0.6523,30.0,267.0,7.0
2021-01-05 09:46:05.691,0.6565,0.6564,20.0,0.6523,31.0,267.0,7.0
2021-01-05 09:46:06.221,0.6565,0.6564,20.0,0.6524,1.0,267.0,7.0
2021-01-05 09:46:06.690,0.6565,0.6564,20.0,0.6525,1.0,267.0,7.0
2021-01-05 09:46:08.730,0.6565,0.6564,20.0,0.6525,1.0,267.0,7.0
2021-01-05 09:46:09.600,0.6565,0.6564,20.0,0.6531,10.0,267.0,7.0
2021-01-05 09:46:10.221,0.6565,0.6575,30.0,0.6532,1.0,267.0,7.0
2021-01-05 09:46:10.720,0.6565,0.6575,30.0,0.6532,2.0,267.0,7.0
2021-01-05 09:46:12.680,0.6565,0.6575,20.0,0.6539,10.0,267.0,7.0
2021-01-05 09:46:13.200,0.6565,0.6575,20.0,0.654,1.0,267.0,7.0
2021-01-05 09:46:13.681,0.6565,0.6575,20.0,0.654,2.0,267.0,7.0
2021-01-05 09:46:14.230,0.6565,0.6575,20.0,0.6541,10.0,267.0,7.0
2021-01-05 09:46:15.231,0.6565,0.6583,30.0,0.6541,10.0,267.0,7.0
2021-01-05 09:46:15.920,0.6565,0.6583,30.0,0.6541,10.0,267.0,7.0
2021-01-05 09:46:17.221,0.6565,0.6583,30.0,0.6542,2.0,267.0,7.0
2021-01-05 09:46:17.751,0.6565,0.6583,30.0,0.6542,2.0,267.0,7.0
2021-01-05 09:46:18.721,0.6565,0.6583,30.0,0.6542,2.0,267.0,7.0
2021-01-05 09:46:20.691,0.6565,0.6583,30.0,0.6542,1.0,267.0,7.0
2021-01-05 09:46:22.220,0.6565,0.6583,30.0,0.6542,1.0,267.0,7.0
2021-01-05 09:46:23.201,0.6565,0.6583,30.0,0.6543,1.0,267.0,7.0
2021-01-05 09:46:23.710,0.6565,0.6583,30.0,0.6544,1.0,267.0,7.0
2021-01-05 09:46:25.211,0.6565,0.6583,30.0,0.6544,1.0,267.0,7.0
2021-01-05 09:46:27.201,0.6565,0.6583,30.0,0.6544,1.0,267.0,7.0
2021-01-05 09:46:33.660,0.6565,0.6583,30.0,0.6545,1.0,267.0,7.0
2021-01-05 09:46:34.171,0.6565,0.6583,30.0,0.6545,21.0,267.0,7.0
2021-01-05 09:46:35.120,0.6565,0.6583,20.0,0.6548,10.0,267.0,7.0
2021-01-05 09:46:35.721,0.6565,0.6583,20.0,0.6549,1.0,267.0,7.0
2021-01-05 09:46:36.221,0.6565,0.6592,30.0,0.6549,1.0,267.0,7.0
2021-01-05 09:46:36.730,0.6565,0.6592,30.0,0.6549,1.0,267.0,7.0
2021-01-05 09:46:38.151,0.6565,0.6581,10.0,0.6545,21.0,267.0,7.0
2021-01-05 09:46:38.741,0.6565,0.6581,30.0,0.6545,21.0,267.0,7.0
2021-01-05 09:46:39.210,0.6565,0.6581,30.0,0.6543,1.0,267.0,7.0
2021-01-05 09:46:40.230,0.6565,0.6581,30.0,0.6543,1.0,267.0,7.0
2021-01-05 09:46:40.670,0.6565,0.6581,30.0,0.6543,1.0,267.0,7.0
2021-01-05 09:46:49.730,0.6565,0.6581,30.0,0.6544,1.0,267.0,7.0
2021-01-05 09:46:52.711,0.6565,0.6581,30.0,0.6544,1.0,267.0,7.0
2021-01-05 09:46:56.221,0.6565,0.6581,30.0,0.6543,1.0,267.0,7.0
2021-01-05 09:46:56.711,0.6565,0.6581,30.0,0.6544,1.0,267.0,7.0
2021-01-05 09:46:57.641,0.6565,0.6581,30.0,0.6542,1.0,267.0,7.0
2021-01-05 09:46:58.131,0.6565,0.6581,30.0,0.6543,1.0,267.0,7.0
2021-01-05 09:46:59.191,0.6565,0.6581,30.0,0.6541,1.0,267.0,7.0
2021-01-05 09:47:00.741,0.6565,0.6581,30.0,0.6539,20.0,267.0,7.0
2021-01-05 09:47:01.210,0.6565,0.6571,10.0,0.6539,20.0,267.0,7.0
2021-01-05 09:47:01.721,0.6565,0.6564,10.0,0.6527,30.0,267.0,7.0
2021-01-05 09:47:02.230,0.6565,0.6564,30.0,0.6528,1.0,267.0,7.0
2021-01-05 09:47:02.741,0.6565,0.6561,10.0,0.6527,20.0,267.0,7.0
2021-01-05 09:47:03.220,0.6565,0.6561,10.0,0.6517,20.0,267.0,7.0
2021-01-05 09:47:03.740,0.6565,0.6561,30.0,0.6521,20.0,267.0,7.0
2021-01-05 09:47:04.211,0.6565,0.6561,30.0,0.6521,20.0,267.0,7.0
2021-01-05 09:47:05.250,0.6565,0.6561,30.0,0.6521,20.0,267.0,7.0
2021-01-05 09:47:05.750,0.6565,0.6561,30.0,0.6521,20.0,267.0,7.0
2021-01-05 09:47:06.251,0.6565,0.6551,10.0,0.6521,20.0,267.0,7.0
2021-01-05 09:47:06.750,0.6565,0.6551,10.0,0.651,20.0,267.0,7.0
2021-01-05 09:47:07.221,0.6565,0.6551,30.0,0.651,20.0,267.0,7.0
2021-01-05 09:47:07.740,0.6565,0.6551,30.0,0.651,20.0,267.0,7.0
2021-01-05 09:47:08.700,0.6565,0.6542,10.0,0.651,20.0,267.0,7.0
2021-01-05 09:47:09.751,0.6565,0.6542,30.0,0.6502,20.0,267.0,7.0
2021-01-05 09:47:10.260,0.6565,0.6542,30.0,0.6502,21.0,267.0,7.0
2021-01-05 09:47:11.250,0.6565,0.6534,10.0,0.6502,21.0,267.0,7.0
2021-01-05 09:47:11.751,0.6565,0.6534,30.0,0.6502,20.0,267.0,7.0
2021-01-05 09:47:12.241,0.6565,0.6534,30.0,0.6495,20.0,267.0,7.0
2021-01-05 09:47:12.731,0.6565,0.6534,30.0,0.6495,21.0,267.0,7.0
2021-01-05 09:47:13.201,0.6565,0.6534,30.0,0.6495,21.0,267.0,7.0
2021-01-05 09:47:14.721,0.6565,0.6534,30.0,0.6495,20.0,267.0,7.0
2021-01-05 09:47:15.701,0.6565,0.6525,10.0,0.6495,20.0,267.0,7.0
2021-01-05 09:47:16.241,0.6565,0.6525,30.0,0.6484,30.0,267.0,7.0
2021-01-05 09:47:16.731,0.6565,0.6525,30.0,0.6485,1.0,267.0,7.0
2021-01-05 09:47:17.220,0.6565,0.6525,30.0,0.6485,1.0,267.0,7.0
2021-01-05 09:47:19.261,0.6565,0.6525,30.0,0.6484,20.0,267.0,7.0
2021-01-05 09:47:19.731,0.6565,0.6517,10.0,0.6484,20.0,267.0,7.0
2021-01-05 09:47:20.160,0.6565,0.6517,30.0,0.6475,30.0,267.0,7.0
2021-01-05 09:47:20.730,0.6565,0.6517,30.0,0.6476,1.0,267.0,7.0
2021-01-05 09:47:21.760,0.6565,0.651,10.0,0.6476,1.0,267.0,7.0
2021-01-05 09:47:22.240,0.6565,0.651,30.0,0.6476,1.0,267.0,7.0
2021-01-05 09:47:23.151,0.6565,0.651,30.0,0.6475,20.0,267.0,7.0
2021-01-05 09:47:25.241,0.6565,0.651,30.0,0.6475,20.0,267.0,7.0
2021-01-05 09:47:26.180,0.6565,0.651,30.0,0.6476,1.0,267.0,7.0
2021-01-05 09:47:27.721,0.6565,0.6508,10.0,0.6475,20.0,267.0,7.0
2021-01-05 09:47:28.230,0.6565,0.6508,10.0,0.6465,30.0,267.0,7.0
2021-01-05 09:47:28.710,0.6565,0.6508,10.0,0.6466,1.0,267.0,7.0
2021-01-05 09:47:30.720,0.6565,0.6508,10.0,0.6466,1.0,267.0,7.0
2021-01-05 09:47:36.721,0.6565,0.6508,10.0,0.6466,1.0,267.0,7.0
2021-01-05 09:47:38.760,0.6565,0.6508,10.0,0.6467,1.0,267.0,7.0
2021-01-05 09:47:39.261,0.6565,0.6508,10.0,0.6467,1.0,267.0,7.0
2021-01-05 09:47:39.751,0.6565,0.6508,10.0,0.6467,1.0,267.0,7.0
2021-01-05 09:47:40.761,0.6565,0.6508,10.0,0.6466,1.0,267.0,7.0
2021-01-05 09:47:41.701,0.6565,0.6508,10.0,0.6465,30.0,267.0,7.0
2021-01-05 09:47:42.250,0.6565,0.6508,10.0,0.6465,30.0,267.0,7.0
2021-01-05 09:47:42.761,0.6565,0.6508,10.0,0.6465,30.0,267.0,7.0
2021-01-05 09:47:43.470,0.6565,0.65,10.0,0.6465,20.0,267.0,7.0
2021-01-05 09:47:44.260,0.6565,0.65,30.0,0.6463,1.0,267.0,7.0
2021-01-05 09:47:44.761,0.6565,0.65,30.0,0.6463,20.0,267.0,7.0
2021-01-05 09:47:45.251,0.6565,0.65,30.0,0.6461,1.0,267.0,7.0
2021-01-05 09:47:46.260,0.6565,0.65,30.0,0.6456,30.0,267.0,7.0
2021-01-05 09:47:46.761,0.6565,0.65,30.0,0.6459,1.0,267.0,7.0
2021-01-05 09:47:49.260,0.6565,0.65,30.0,0.6459,1.0,267.0,7.0
2021-01-05 09:47:49.771,0.6565,0.65,20.0,0.6465,10.0,267.0,7.0
2021-01-05 09:47:50.271,0.6565,0.6508,10.0,0.6465,30.0,267.0,7.0
2021-01-05 09:47:51.771,0.6565,0.651,20.0,0.6466,1.0,267.0,7.0
2021-01-05 09:47:52.271,0.6565,0.6517,20.0,0.6478,10.0,267.0,7.0
2021-01-05 09:47:52.730,0.6565,0.6517,20.0,0.6478,10.0,267.0,7.0
2021-01-05 09:47:53.221,0.6565,0.6517,20.0,0.6479,1.0,267.0,7.0
2021-01-05 09:47:54.230,0.6565,0.6513,10.0,0.647,1.0,267.0,7.0
2021-01-05 09:47:54.741,0.6565,0.6513,10.0,0.647,1.0,267.0,7.0
2021-01-05 09:47:55.231,0.6565,0.6517,20.0,0.6479,10.0,267.0,7.0
2021-01-05 09:47:55.740,0.6565,0.6522,10.0,0.6479,10.0,267.0,7.0
2021-01-05 09:47:56.251,0.6565,0.6522,10.0,0.6479,10.0,267.0,7.0
2021-01-05 09:47:56.751,0.6565,0.6525,20.0,0.6489,10.0,267.0,7.0
2021-01-05 09:47:57.750,0.6565,0.6532,20.0,0.6481,20.0,267.0,7.0
2021-01-05 09:47:58.261,0.6565,0.6518,10.0,0.6481,20.0,267.0,7.0
2021-01-05 09:47:58.781,0.6565,0.6518,30.0,0.6475,10.0,267.0,7.0
2021-01-05 09:47:59.200,0.6565,0.6518,30.0,0.6476,20.0,267.0,7.0
2021-01-05 09:47:59.751,0.6565,0.6518,30.0,0.6476,20.0,267.0,7.0
2021-01-05 09:48:00.791,0.6565,0.6518,20.0,0.6466,11.0,267.0,7.0
2021-01-05 09:48:01.261,0.6565,0.651,10.0,0.6466,11.0,267.0,7.0
2021-01-05 09:48:01.791,0.6565,0.651,30.0,0.6466,11.0,267.0,7.0
2021-01-05 09:48:02.231,0.6565,0.651,30.0,0.6467,1.0,267.0,7.0
2021-01-05 09:48:02.781,0.6565,0.651,20.0,0.6459,1.0,267.0,7.0
2021-01-05 09:48:03.261,0.6565,0.65,10.0,0.646,1.0,267.0,7.0
2021-01-05 09:48:03.791,0.6565,0.65,30.0,0.646,1.0,267.0,7.0
2021-01-05 09:48:04.250,0.6565,0.65,30.0,0.646,1.0,267.0,7.0
2021-01-05 09:48:04.790,0.6565,0.65,30.0,0.646,1.0,267.0,7.0
2021-01-05 09:48:06.300,0.6565,0.65,30.0,0.6459,1.0,267.0,7.0
2021-01-05 09:48:06.781,0.6565,0.65,30.0,0.646,1.0,267.0,7.0
2021-01-05 09:48:06.781,0.6565,0.65,30.0,0.646,1.0,267.0,7.0
2021-01-05 09:48:07.760,0.6565,0.65,30.0,0.6456,30.0,267.0,7.0
2021-01-05 09:48:08.281,0.6565,0.65,30.0,0.6456,30.0,267.0,7.0
2021-01-05 09:48:08.761,0.6565,0.65,30.0,0.6457,1.0,267.0,7.0
2021-01-05 09:48:09.291,0.6565,0.65,30.0,0.6457,1.0,267.0,7.0
2021-01-05 09:48:09.751,0.6565,0.65,20.0,0.6456,20.0,267.0,7.0
2021-01-05 09:48:10.171,0.6565,0.6491,10.0,0.6456,20.0,267.0,7.0
2021-01-05 09:48:10.801,0.6565,0.6491,30.0,0.6447,30.0,267.0,7.0
2021-01-05 09:48:11.301,0.6565,0.6491,30.0,0.6447,31.0,267.0,7.0
2021-01-05 09:48:12.300,0.6565,0.6491,30.0,0.6447,31.0,267.0,7.0
2021-01-05 09:48:13.251,0.6565,0.6491,30.0,0.6447,31.0,267.0,7.0
2021-01-05 09:48:13.760,0.6565,0.6491,20.0,0.6447,21.0,267.0,7.0
2021-01-05 09:48:14.300,0.6565,0.6499,10.0,0.6456,10.0,267.0,7.0
2021-01-05 09:48:14.791,0.6565,0.6499,30.0,0.6457,1.0,267.0,7.0
2021-01-05 09:48:15.310,0.6565,0.6499,20.0,0.6457,1.0,267.0,7.0
2021-01-05 09:48:15.831,0.6565,0.6507,20.0,0.6464,10.0,267.0,7.0
2021-01-05 09:48:16.321,0.6565,0.6507,20.0,0.6464,20.0,267.0,7.0
2021-01-05 09:48:16.801,0.6565,0.6516,30.0,0.6475,10.0,267.0,7.0
2021-01-05 09:48:17.300,0.6565,0.6516,30.0,0.6475,30.0,267.0,7.0
2021-01-05 09:48:17.811,0.6565,0.6516,20.0,0.6475,30.0,267.0,7.0
2021-01-05 09:48:18.221,0.6565,0.6516,20.0,0.6475,30.0,267.0,7.0
2021-01-05 09:48:18.841,0.6565,0.6516,20.0,0.6484,10.0,267.0,7.0
2021-01-05 09:48:19.331,0.6565,0.6527,30.0,0.6484,30.0,267.0,7.0
2021-01-05 09:48:19.800,0.6565,0.6527,30.0,0.6485,1.0,267.0,7.0
2021-01-05 09:48:20.791,0.6565,0.6527,30.0,0.6485,1.0,267.0,7.0
2021-01-05 09:48:21.340,0.6565,0.6527,30.0,0.6485,1.0,267.0,7.0
2021-01-05 09:48:22.731,0.6565,0.6527,30.0,0.6484,30.0,267.0,7.0
2021-01-05 09:48:23.021,0.6565,0.6527,30.0,0.6486,1.0,267.0,7.0
2021-01-05 09:48:24.080,0.6565,0.6527,30.0,0.6486,1.0,267.0,7.0
2021-01-05 09:48:24.731,0.6484,0.6527,30.0,0.6484,11.0,277.0,27.0
2021-01-05 09:48:25.221,0.6484,0.6527,30.0,0.6484,20.0,277.0,27.0
2021-01-05 09:48:26.621,0.6484,0.6527,30.0,0.6491,10.0,277.0,27.0
2021-01-05 09:48:27.181,0.6484,0.6527,20.0,0.6492,10.0,277.0,27.0
2021-01-05 09:48:27.701,0.6484,0.6527,20.0,0.6492,10.0,277.0,27.0
2021-01-05 09:48:28.181,0.6484,0.6536,10.0,0.6492,10.0,277.0,27.0
2021-01-05 09:48:28.731,0.6484,0.6536,10.0,0.6492,10.0,277.0,27.0
2021-01-05 09:48:29.011,0.6484,0.6541,20.0,0.6501,10.0,277.0,27.0
2021-01-05 09:48:29.691,0.6484,0.6541,20.0,0.6501,30.0,277.0,27.0
2021-01-05 09:48:30.210,0.6484,0.6541,20.0,0.6501,30.0,277.0,27.0
2021-01-05 09:48:32.200,0.6484,0.6543,10.0,0.6501,30.0,277.0,27.0
2021-01-05 09:48:32.700,0.6484,0.6556,30.0,0.6513,10.0,277.0,27.0
2021-01-05 09:48:33.190,0.6484,0.6556,30.0,0.6513,10.0,277.0,27.0
2021-01-05 09:48:33.680,0.6484,0.6556,30.0,0.6513,30.0,277.0,27.0
2021-01-05 09:48:34.141,0.6484,0.6556,30.0,0.6513,10.0,277.0,27.0
2021-01-05 09:48:34.721,0.6484,0.6556,30.0,0.6513,30.0,277.0,27.0
2021-01-05 09:48:35.220,0.6484,0.6556,30.0,0.6513,10.0,277.0,27.0
2021-01-05 09:48:35.691,0.6484,0.6556,30.0,0.6513,30.0,277.0,27.0
2021-01-05 09:48:36.210,0.6484,0.6556,30.0,0.6513,10.0,277.0,27.0
2021-01-05 09:48:36.730,0.6484,0.6556,30.0,0.6513,30.0,277.0,27.0
2021-01-05 09:48:37.211,0.6484,0.6546,10.0,0.6502,10.0,277.0,27.0
2021-01-05 09:48:37.491,0.6484,0.6544,10.0,0.6509,20.0,277.0,27.0
2021-01-05 09:48:38.211,0.6484,0.6544,10.0,0.6502,30.0,277.0,27.0
2021-01-05 09:48:41.231,0.6484,0.6544,10.0,0.6502,30.0,277.0,27.0
2021-01-05 09:48:42.190,0.6484,0.6544,10.0,0.6502,30.0,277.0,27.0
2021-01-05 09:48:42.661,0.6484,0.6546,30.0,0.6502,30.0,277.0,27.0
2021-01-05 09:48:43.740,0.6484,0.6546,30.0,0.6502,30.0,277.0,27.0
2021-01-05 09:48:46.011,0.6484,0.6546,20.0,0.651,10.0,277.0,27.0
2021-01-05 09:48:46.391,0.6484,0.6554,10.0,0.651,30.0,277.0,27.0
2021-01-05 09:48:47.021,0.6484,0.6554,10.0,0.651,30.0,277.0,27.0
2021-01-05 09:48:47.911,0.6484,0.6554,10.0,0.651,30.0,277.0,27.0
2021-01-05 09:48:52.510,0.6484,0.6554,10.0,0.651,30.0,277.0,27.0
2021-01-05 09:48:52.700,0.6484,0.6554,10.0,0.651,30.0,277.0,27.0
2021-01-05 09:48:53.000,0.6484,0.6556,20.0,0.652,10.0,277.0,27.0
2021-01-05 09:48:54.091,0.6484,0.6556,20.0,0.652,30.0,277.0,27.0
2021-01-05 09:48:54.681,0.6484,0.6556,20.0,0.652,10.0,277.0,27.0
2021-01-05 09:48:55.201,0.6484,0.6561,10.0,0.652,30.0,277.0,27.0
2021-01-05 09:48:55.680,0.6484,0.6561,10.0,0.652,10.0,277.0,27.0
2021-01-05 09:48:56.200,0.6484,0.6561,10.0,0.6521,1.0,277.0,27.0
2021-01-05 09:48:56.700,0.6484,0.6562,20.0,0.6521,21.0,277.0,27.0
2021-01-05 09:48:57.171,0.6484,0.6562,20.0,0.6528,10.0,277.0,27.0
2021-01-05 09:48:57.730,0.6484,0.6562,20.0,0.6528,10.0,277.0,27.0
2021-01-05 09:48:58.160,0.6484,0.6572,30.0,0.6529,1.0,277.0,27.0
2021-01-05 09:48:58.750,0.6484,0.6572,10.0,0.653,7.0,277.0,27.0
2021-01-05 09:48:59.161,0.6484,0.6572,30.0,0.6529,21.0,277.0,27.0
2021-01-05 09:48:59.691,0.6484,0.6572,10.0,0.6529,21.0,277.0,27.0
2021-01-05 09:49:00.260,0.6484,0.6572,30.0,0.6529,21.0,277.0,27.0
2021-01-05 09:49:00.461,0.6484,0.6572,10.0,0.6529,21.0,277.0,27.0
2021-01-05 09:49:01.211,0.6484,0.6572,30.0,0.6529,21.0,277.0,27.0
2021-01-05 09:49:01.620,0.6484,0.6572,10.0,0.6529,21.0,277.0,27.0
2021-01-05 09:49:02.261,0.6484,0.6572,30.0,0.6529,21.0,277.0,27.0
2021-01-05 09:49:02.790,0.6484,0.6572,10.0,0.6529,21.0,277.0,27.0
2021-01-05 09:49:06.311,0.6484,0.6572,10.0,0.6529,20.0,277.0,27.0
2021-01-05 09:49:06.820,0.6484,0.6572,30.0,0.6529,20.0,277.0,27.0
2021-01-05 09:49:09.821,0.6484,0.6572,20.0,0.6514,20.0,277.0,27.0
2021-01-05 09:49:10.330,0.6484,0.6556,10.0,0.6514,20.0,277.0,27.0
2021-01-05 09:49:10.831,0.6484,0.6556,30.0,0.6514,20.0,277.0,27.0
2021-01-05 09:49:11.341,0.6484,0.6556,10.0,0.6514,20.0,277.0,27.0
2021-01-05 09:49:11.850,0.6484,0.6556,10.0,0.6514,20.0,277.0,27.0
2021-01-05 09:49:12.270,0.6484,0.6562,20.0,0.6514,20.0,277.0,27.0
2021-01-05 09:49:12.850,0.6484,0.6564,10.0,0.6521,10.0,277.0,27.0
2021-01-05 09:49:13.310,0.6484,0.6564,30.0,0.6521,30.0,277.0,27.0
2021-01-05 09:49:13.851,0.6484,0.6564,30.0,0.6521,30.0,277.0,27.0
2021-01-05 09:49:14.261,0.6484,0.6564,30.0,0.6521,30.0,277.0,27.0
2021-01-05 09:49:20.840,0.6484,0.6564,30.0,0.6522,1.0,277.0,27.0
2021-01-05 09:49:21.330,0.6484,0.6564,20.0,0.6522,1.0,277.0,27.0
2021-01-05 09:49:21.831,0.6484,0.6573,10.0,0.653,10.0,277.0,27.0
2021-01-05 09:49:22.300,0.6484,0.6573,30.0,0.6531,1.0,277.0,27.0
2021-01-05 09:49:22.600,0.6484,0.6573,30.0,0.6531,1.0,277.0,27.0
2021-01-05 09:49:23.201,0.6484,0.6573,30.0,0.6531,1.0,277.0,27.0
2021-01-05 09:49:32.701,0.6484,0.6573,20.0,0.6539,10.0,277.0,27.0
2021-01-05 09:49:33.191,0.6484,0.6581,20.0,0.6539,30.0,277.0,27.0
2021-01-05 09:49:33.621,0.6484,0.6581,20.0,0.6539,30.0,277.0,27.0
2021-01-05 09:49:34.701,0.6484,0.6581,20.0,0.654,1.0,277.0,27.0
2021-01-05 09:49:35.120,0.6484,0.6581,20.0,0.654,1.0,277.0,27.0
2021-01-05 09:49:35.711,0.6484,0.6581,20.0,0.6539,30.0,277.0,27.0
2021-01-05 09:49:36.171,0.6484,0.6581,20.0,0.6539,30.0,277.0,27.0
2021-01-05 09:49:37.260,0.6484,0.6581,20.0,0.654,1.0,277.0,27.0
2021-01-05 09:49:38.760,0.6484,0.6581,20.0,0.6549,10.0,277.0,27.0
2021-01-05 09:49:39.231,0.6484,0.6581,20.0,0.6549,10.0,277.0,27.0
2021-01-05 09:49:39.761,0.6484,0.6581,20.0,0.655,1.0,277.0,27.0
2021-01-05 09:49:40.581,0.6484,0.6592,30.0,0.655,21.0,277.0,27.0
2021-01-05 09:49:42.700,0.6484,0.6592,30.0,0.655,20.0,277.0,27.0
2021-01-05 09:49:43.741,0.6484,0.6592,30.0,0.655,20.0,277.0,27.0
2021-01-05 09:49:47.691,0.6484,0.6592,30.0,0.655,20.0,277.0,27.0
2021-01-05 09:49:51.760,0.6484,0.6584,10.0,0.655,20.0,277.0,27.0
2021-01-05 09:49:52.711,0.6484,0.6584,30.0,0.654,30.0,277.0,27.0
2021-01-05 09:49:53.731,0.6484,0.6584,30.0,0.654,30.0,277.0,27.0
2021-01-05 09:49:54.231,0.6484,0.6575,10.0,0.654,20.0,277.0,27.0
2021-01-05 09:49:55.151,0.6484,0.6575,30.0,0.6531,30.0,277.0,27.0
2021-01-05 09:49:55.681,0.6484,0.6575,30.0,0.6531,30.0,277.0,27.0
2021-01-05 09:49:56.701,0.6484,0.6575,30.0,0.6531,30.0,277.0,27.0
2021-01-05 09:49:57.141,0.6484,0.6567,10.0,0.6531,20.0,277.0,27.0
2021-01-05 09:49:57.491,0.6484,0.6567,30.0,0.6531,20.0,277.0,27.0
2021-01-05 09:49:58.240,0.6484,0.6567,30.0,0.6523,30.0,277.0,27.0
2021-01-05 09:49:59.220,0.6484,0.6558,10.0,0.6523,20.0,277.0,27.0
2021-01-05 09:49:59.700,0.6484,0.6558,10.0,0.6523,20.0,277.0,27.0
2021-01-05 09:49:59.731,0.6484,0.6558,30.0,0.6515,30.0,277.0,27.0
2021-01-05 09:50:01.621,0.6484,0.6558,30.0,0.6515,30.0,277.0,27.0
2021-01-05 09:50:02.680,0.6484,0.6554,10.0,0.6515,30.0,277.0,27.0
2021-01-05 09:50:03.210,0.6484,0.6549,10.0,0.6515,20.0,277.0,27.0
2021-01-05 09:50:03.730,0.6484,0.6549,30.0,0.6506,30.0,277.0,27.0
2021-01-05 09:50:04.241,0.6484,0.6541,10.0,0.6501,10.0,277.0,27.0
2021-01-05 09:50:04.710,0.6484,0.6541,10.0,0.6501,10.0,277.0,27.0
2021-01-05 09:50:05.231,0.6484,0.6531,10.0,0.6501,10.0,277.0,27.0
2021-01-05 09:50:05.690,0.6484,0.6531,10.0,0.649,20.0,277.0,27.0
2021-01-05 09:50:06.180,0.6484,0.6531,30.0,0.649,20.0,277.0,27.0
2021-01-05 09:50:06.310,0.6484,0.6531,10.0,0.649,20.0,277.0,27.0
2021-01-05 09:50:07.211,0.6484,0.6531,20.0,0.6499,10.0,277.0,27.0
2021-01-05 09:50:07.740,0.6484,0.6537,30.0,0.6531,10.0,277.0,27.0
2021-01-05 09:50:08.011,0.6531,0.6531,2.0,0.6499,30.0,277.0,37.0
2021-01-05 09:50:08.760,0.6531,0.6531,2.0,0.6499,30.0,277.0,37.0
2021-01-05 09:50:09.090,0.6531,0.6531,22.0,0.6499,10.0,277.0,37.0
2021-01-05 09:50:09.640,0.6531,0.6531,2.0,0.6499,10.0,277.0,37.0
2021-01-05 09:50:10.210,0.6531,0.6531,22.0,0.6499,10.0,277.0,37.0
2021-01-05 09:50:10.641,0.6531,0.6531,2.0,0.6499,10.0,277.0,37.0
2021-01-05 09:50:11.761,0.6531,0.6531,2.0,0.65,10.0,277.0,37.0
2021-01-05 09:50:13.670,0.6531,0.6531,22.0,0.649,20.0,277.0,37.0
2021-01-05 09:50:14.700,0.6531,0.6531,22.0,0.649,20.0,277.0,37.0
2021-01-05 09:50:16.761,0.6531,0.6531,22.0,0.649,20.0,277.0,37.0
2021-01-05 09:50:20.680,0.6531,0.6531,2.0,0.6498,10.0,277.0,37.0
2021-01-05 09:50:21.681,0.6531,0.6531,2.0,0.6498,30.0,277.0,37.0
2021-01-05 09:50:22.250,0.6531,0.6537,20.0,0.6531,8.0,278.0,39.0
2021-01-05 09:50:22.580,0.6531,0.6531,2.0,0.65,10.0,283.0,49.0
2021-01-05 09:50:23.220,0.6531,0.6531,2.0,0.6501,2.0,283.0,49.0
2021-01-05 09:50:23.710,0.6531,0.6531,2.0,0.6501,2.0,283.0,49.0
2021-01-05 09:50:24.240,0.6531,0.6537,20.0,0.6531,8.0,283.0,51.0
2021-01-05 09:50:24.311,0.6531,0.6537,20.0,0.6531,10.0,287.0,57.0
2021-01-05 09:50:25.241,0.6531,0.6536,2.0,0.6501,2.0,297.0,67.0
2021-01-05 09:50:26.230,0.6531,0.6537,20.0,0.6501,2.0,297.0,67.0
2021-01-05 09:50:27.661,0.6531,0.6541,10.0,0.6501,2.0,297.0,67.0
2021-01-05 09:50:28.251,0.6531,0.6543,20.0,0.6507,10.0,297.0,67.0
2021-01-05 09:50:28.731,0.6531,0.655,30.0,0.6508,2.0,297.0,67.0
2021-01-05 09:50:31.140,0.6531,0.655,30.0,0.6508,2.0,297.0,67.0
2021-01-05 09:50:35.240,0.6531,0.655,30.0,0.6508,2.0,297.0,67.0
2021-01-05 09:50:37.711,0.6531,0.6542,10.0,0.6508,2.0,297.0,67.0
2021-01-05 09:50:38.750,0.6531,0.6542,30.0,0.6509,1.0,297.0,67.0
2021-01-05 09:50:39.591,0.6531,0.6542,30.0,0.6509,1.0,297.0,67.0
2021-01-05 09:50:40.150,0.6531,0.6542,30.0,0.6509,1.0,297.0,67.0
2021-01-05 09:50:40.511,0.6531,0.6542,30.0,0.6507,20.0,297.0,67.0
2021-01-05 09:50:41.180,0.6531,0.6542,30.0,0.6505,2.0,297.0,67.0
2021-01-05 09:50:42.260,0.6531,0.6542,30.0,0.6505,22.0,297.0,67.0
2021-01-05 09:50:42.730,0.6531,0.6542,30.0,0.6505,2.0,297.0,67.0
2021-01-05 09:50:43.760,0.6531,0.6542,30.0,0.6499,1.0,297.0,67.0
2021-01-05 09:50:44.250,0.6531,0.6542,30.0,0.65,2.0,297.0,67.0
2021-01-05 09:50:44.751,0.6531,0.6542,30.0,0.65,2.0,297.0,67.0
2021-01-05 09:50:45.681,0.6531,0.6542,30.0,0.65,2.0,297.0,67.0
2021-01-05 09:50:49.771,0.6531,0.6542,30.0,0.65,2.0,297.0,67.0
2021-01-05 09:50:54.680,0.6531,0.6542,40.0,0.6499,1.0,297.0,67.0
2021-01-05 09:50:55.221,0.6531,0.6542,40.0,0.65,2.0,297.0,67.0
2021-01-05 09:50:55.640,0.6531,0.6542,30.0,0.65,2.0,297.0,67.0
2021-01-05 09:50:56.241,0.6531,0.6533,10.0,0.6499,1.0,297.0,67.0
2021-01-05 09:50:56.691,0.6531,0.6533,30.0,0.65,2.0,297.0,67.0
2021-01-05 09:50:57.680,0.6531,0.6533,30.0,0.65,2.0,297.0,67.0
2021-01-05 09:50:59.740,0.6531,0.6533,20.0,0.65,2.0,297.0,67.0
2021-01-05 09:51:00.260,0.6531,0.6541,10.0,0.6506,10.0,297.0,67.0
2021-01-05 09:51:00.710,0.6531,0.6542,20.0,0.6507,1.0,297.0,67.0
2021-01-05 09:51:01.190,0.6531,0.6542,20.0,0.6509,7.0,297.0,67.0
2021-01-05 09:51:01.661,0.6531,0.655,30.0,0.6507,1.0,297.0,67.0
2021-01-05 09:51:04.110,0.6531,0.655,30.0,0.6507,1.0,297.0,67.0
2021-01-05 09:51:04.731,0.6531,0.654,10.0,0.6507,1.0,297.0,67.0
2021-01-05 09:51:05.230,0.6531,0.654,30.0,0.6507,1.0,297.0,67.0
2021-01-05 09:51:05.751,0.6531,0.654,30.0,0.6506,20.0,297.0,67.0
2021-01-05 09:51:06.260,0.6531,0.654,30.0,0.6507,1.0,297.0,67.0
2021-01-05 09:51:06.740,0.6531,0.654,30.0,0.6507,1.0,297.0,67.0
2021-01-05 09:51:07.251,0.6531,0.654,30.0,0.6507,1.0,297.0,67.0
2021-01-05 09:51:08.250,0.6531,0.654,30.0,0.6505,20.0,297.0,67.0
2021-01-05 09:51:09.251,0.6531,0.654,30.0,0.6502,1.0,297.0,67.0
2021-01-05 09:51:11.270,0.6531,0.654,20.0,0.6502,1.0,297.0,67.0
2021-01-05 09:51:11.781,0.6531,0.654,20.0,0.6506,10.0,297.0,67.0
2021-01-05 09:51:12.271,0.6531,0.654,20.0,0.6506,10.0,297.0,67.0
2021-01-05 09:51:12.791,0.6531,0.654,20.0,0.6507,2.0,297.0,67.0
2021-01-05 09:51:13.291,0.6531,0.6558,10.0,0.6515,10.0,297.0,67.0
2021-01-05 09:51:13.810,0.6531,0.6558,30.0,0.6515,30.0,297.0,67.0
2021-01-05 09:51:14.280,0.6531,0.6558,20.0,0.6515,20.0,297.0,67.0
2021-01-05 09:51:15.250,0.6531,0.6567,10.0,0.6523,30.0,297.0,67.0
2021-01-05 09:51:16.730,0.6531,0.6567,10.0,0.6523,30.0,297.0,67.0
2021-01-05 09:51:17.310,0.6531,0.6567,10.0,0.6523,30.0,297.0,67.0
2021-01-05 09:51:17.811,0.6531,0.6567,10.0,0.6524,2.0,297.0,67.0
2021-01-05 09:51:18.311,0.6531,0.6569,30.0,0.6523,20.0,297.0,67.0
2021-01-05 09:51:18.791,0.6531,0.6555,10.0,0.6512,10.0,297.0,67.0
2021-01-05 09:51:19.281,0.6531,0.6555,30.0,0.6513,2.0,297.0,67.0
2021-01-05 09:51:19.800,0.6531,0.6555,30.0,0.6513,22.0,297.0,67.0
2021-01-05 09:51:20.261,0.6531,0.6555,30.0,0.6513,22.0,297.0,67.0
2021-01-05 09:51:20.810,0.6531,0.6555,30.0,0.6513,22.0,297.0,67.0
2021-01-05 09:51:22.301,0.6531,0.6561,20.0,0.6513,22.0,297.0,67.0
2021-01-05 09:51:22.560,0.6531,0.6561,20.0,0.6522,10.0,297.0,67.0
2021-01-05 09:51:23.121,0.6531,0.6566,10.0,0.6523,2.0,297.0,67.0
2021-01-05 09:51:24.251,0.6531,0.6566,10.0,0.6523,2.0,297.0,67.0
2021-01-05 09:51:24.760,0.6531,0.6566,10.0,0.6523,2.0,297.0,67.0
2021-01-05 09:51:26.771,0.6531,0.6566,10.0,0.6523,2.0,297.0,67.0
2021-01-05 09:51:27.161,0.6531,0.6566,10.0,0.6525,10.0,297.0,67.0
2021-01-05 09:51:27.770,0.6531,0.6566,10.0,0.6526,1.0,297.0,67.0
2021-01-05 09:51:29.271,0.6531,0.6569,20.0,0.6526,1.0,297.0,67.0
2021-01-05 09:51:29.770,0.6531,0.6575,10.0,0.6531,10.0,297.0,67.0
2021-01-05 09:51:30.260,0.6531,0.6575,10.0,0.6531,30.0,297.0,67.0
2021-01-05 09:51:31.270,0.6531,0.6575,10.0,0.6531,30.0,297.0,67.0
2021-01-05 09:51:31.560,0.6531,0.6575,10.0,0.6532,2.0,297.0,67.0
2021-01-05 09:51:32.780,0.6531,0.6575,10.0,0.6532,2.0,297.0,67.0
2021-01-05 09:51:33.291,0.6531,0.6575,10.0,0.6532,2.0,297.0,67.0
2021-01-05 09:51:34.290,0.6531,0.6575,10.0,0.6532,2.0,297.0,67.0
2021-01-05 09:51:37.270,0.6531,0.6575,10.0,0.6532,3.0,297.0,67.0
2021-01-05 09:51:40.791,0.6531,0.6578,30.0,0.6532,3.0,297.0,67.0
2021-01-05 09:51:41.281,0.6531,0.6578,30.0,0.654,10.0,297.0,67.0
2021-01-05 09:51:41.690,0.6531,0.6578,20.0,0.6541,11.0,297.0,67.0
2021-01-05 09:51:42.271,0.6531,0.6578,20.0,0.6541,11.0,297.0,67.0
2021-01-05 09:51:42.741,0.6531,0.6578,20.0,0.6541,11.0,297.0,67.0
2021-01-05 09:51:43.761,0.6531,0.6578,20.0,0.6541,11.0,297.0,67.0
2021-01-05 09:51:44.280,0.6531,0.6578,20.0,0.6541,11.0,297.0,67.0
2021-01-05 09:51:45.811,0.6531,0.6578,20.0,0.6541,11.0,297.0,67.0
2021-01-05 09:51:46.311,0.6531,0.6574,10.0,0.654,20.0,297.0,67.0
2021-01-05 09:51:46.800,0.6531,0.6574,30.0,0.6537,1.0,297.0,67.0
2021-01-05 09:51:47.331,0.6531,0.6574,30.0,0.6537,21.0,297.0,67.0
2021-01-05 09:51:48.771,0.6531,0.6574,30.0,0.6537,21.0,297.0,67.0
2021-01-05 09:51:49.281,0.6531,0.6574,30.0,0.6537,21.0,297.0,67.0
2021-01-05 09:51:51.301,0.6531,0.6574,20.0,0.6532,2.0,297.0,67.0
2021-01-05 09:51:51.830,0.6531,0.6566,10.0,0.6526,1.0,297.0,67.0
2021-01-05 09:51:52.301,0.6531,0.6566,20.0,0.6526,1.0,297.0,67.0
2021-01-05 09:51:52.731,0.6531,0.6556,10.0,0.6526,1.0,297.0,67.0
2021-01-05 09:51:53.161,0.6531,0.6556,10.0,0.6527,2.0,297.0,67.0
2021-01-05 09:51:54.231,0.6531,0.6556,10.0,0.6527,2.0,297.0,67.0
2021-01-05 09:51:54.711,0.6531,0.6556,10.0,0.6526,1.0,297.0,67.0
2021-01-05 09:51:55.230,0.6531,0.6556,10.0,0.6518,20.0,297.0,67.0
2021-01-05 09:51:55.620,0.6531,0.6556,10.0,0.6527,2.0,297.0,67.0
2021-01-05 09:51:56.200,0.6531,0.6556,10.0,0.6527,2.0,297.0,67.0
2021-01-05 09:51:56.740,0.6531,0.6556,10.0,0.6518,20.0,297.0,67.0
2021-01-05 09:51:57.230,0.6531,0.6556,10.0,0.6519,2.0,297.0,67.0
2021-01-05 09:51:59.750,0.6531,0.6556,10.0,0.6519,2.0,297.0,67.0
2021-01-05 09:52:00.250,0.6531,0.6559,20.0,0.6521,10.0,297.0,67.0
2021-01-05 09:52:00.751,0.6531,0.6565,30.0,0.6522,2.0,297.0,67.0
2021-01-05 09:52:02.250,0.6531,0.6565,30.0,0.6522,2.0,297.0,67.0
2021-01-05 09:52:10.591,0.6531,0.6565,30.0,0.6523,2.0,297.0,67.0
2021-01-05 09:52:20.270,0.6531,0.6565,30.0,0.6526,10.0,297.0,67.0
2021-01-05 09:52:20.750,0.6531,0.6565,30.0,0.6527,2.0,297.0,67.0
2021-01-05 09:52:20.750,0.6531,0.6565,20.0,0.653,10.0,297.0,67.0
2021-01-05 09:52:21.370,0.6531,0.6565,20.0,0.6531,1.0,297.0,67.0
2021-01-05 09:52:22.271,0.6531,0.6573,30.0,0.6531,1.0,297.0,67.0
2021-01-05 09:52:22.711,0.6531,0.6573,10.0,0.6531,1.0,297.0,67.0
2021-01-05 09:52:23.241,0.6531,0.6573,30.0,0.6531,1.0,297.0,67.0
2021-01-05 09:52:23.751,0.6531,0.6573,10.0,0.6531,1.0,297.0,67.0
2021-01-05 09:52:24.181,0.6531,0.6573,30.0,0.6531,1.0,297.0,67.0
2021-01-05 09:52:24.701,0.6531,0.6573,10.0,0.6531,1.0,297.0,67.0
2021-01-05 09:52:25.220,0.6531,0.6573,30.0,0.6531,1.0,297.0,67.0
2021-01-05 09:52:25.741,0.6531,0.6573,10.0,0.6532,2.0,297.0,67.0
2021-01-05 09:52:26.100,0.6531,0.6573,30.0,0.6532,2.0,297.0,67.0
2021-01-05 09:52:26.751,0.6531,0.6573,10.0,0.6532,2.0,297.0,67.0
2021-01-05 09:52:27.760,0.6531,0.6573,10.0,0.6532,2.0,297.0,67.0
2021-01-05 09:52:28.250,0.6531,0.6581,10.0,0.6527,22.0,297.0,67.0
2021-01-05 09:52:28.761,0.6531,0.6565,10.0,0.6533,2.0,297.0,67.0
2021-01-05 09:52:29.251,0.6531,0.6565,10.0,0.6533,2.0,297.0,67.0
2021-01-05 09:52:29.771,0.6531,0.6565,10.0,0.6533,22.0,297.0,67.0
2021-01-05 09:52:30.271,0.6531,0.6565,30.0,0.6533,22.0,297.0,67.0
2021-01-05 09:52:30.741,0.6531,0.6565,20.0,0.6533,22.0,297.0,67.0
2021-01-05 09:52:31.270,0.6531,0.6573,30.0,0.6534,1.0,297.0,67.0
2021-01-05 09:52:31.760,0.6531,0.6573,30.0,0.6535,2.0,297.0,67.0
2021-01-05 09:52:32.030,0.6531,0.6573,30.0,0.6535,2.0,297.0,67.0
2021-01-05 09:52:32.691,0.6531,0.6573,30.0,0.6535,2.0,297.0,67.0
2021-01-05 09:52:33.781,0.6531,0.6573,30.0,0.6535,3.0,297.0,67.0
2021-01-05 09:52:34.301,0.6531,0.6573,30.0,0.6535,3.0,297.0,67.0
2021-01-05 09:52:36.301,0.6531,0.6573,20.0,0.6535,3.0,297.0,67.0
2021-01-05 09:52:36.770,0.6531,0.6583,40.0,0.654,10.0,297.0,67.0
2021-01-05 09:52:37.300,0.6531,0.6583,40.0,0.6541,2.0,297.0,67.0
2021-01-05 09:52:37.761,0.6531,0.6583,40.0,0.6541,2.0,297.0,67.0
2021-01-05 09:52:38.170,0.6531,0.6583,40.0,0.6541,2.0,297.0,67.0
2021-01-05 09:52:41.780,0.6531,0.6583,30.0,0.6541,2.0,297.0,67.0
2021-01-05 09:52:42.291,0.6531,0.6583,20.0,0.6548,20.0,297.0,67.0
2021-01-05 09:52:42.790,0.6531,0.6584,20.0,0.6549,3.0,297.0,67.0
2021-01-05 09:52:43.290,0.6531,0.6592,30.0,0.6554,4.0,297.0,67.0
2021-01-05 09:52:43.780,0.6531,0.6592,30.0,0.6549,23.0,297.0,67.0
2021-01-05 09:52:45.311,0.6531,0.6592,30.0,0.6549,23.0,297.0,67.0
2021-01-05 09:52:47.810,0.6531,0.6592,20.0,0.6549,23.0,297.0,67.0
2021-01-05 09:52:48.331,0.6531,0.6598,23.0,0.6557,10.0,297.0,67.0
2021-01-05 09:52:48.800,0.6531,0.6598,23.0,0.6558,3.0,297.0,67.0
2021-01-05 09:52:49.211,0.6531,0.6598,23.0,0.6566,10.0,297.0,67.0
2021-01-05 09:52:49.820,0.6531,0.6598,3.0,0.6567,3.0,297.0,67.0
2021-01-05 09:52:50.321,0.6531,0.6598,3.0,0.6567,3.0,297.0,67.0
2021-01-05 09:52:50.801,0.6531,0.6598,3.0,0.6567,3.0,297.0,67.0
2021-01-05 09:52:51.280,0.6531,0.6598,23.0,0.6567,3.0,297.0,67.0
2021-01-05 09:52:51.820,0.6531,0.6598,23.0,0.6567,2.0,297.0,67.0
2021-01-05 09:52:53.231,0.6567,0.6589,10.0,0.6549,2.0,299.0,69.0
2021-01-05 09:52:54.250,0.6567,0.6589,10.0,0.655,2.0,299.0,69.0
2021-01-05 09:52:54.751,0.6567,0.6589,10.0,0.6551,1.0,299.0,69.0
2021-01-05 09:52:55.260,0.6567,0.6589,10.0,0.6552,2.0,299.0,69.0
2021-01-05 09:52:55.760,0.6567,0.6589,10.0,0.6552,2.0,299.0,69.0
2021-01-05 09:52:56.261,0.6567,0.6589,10.0,0.6552,2.0,299.0,69.0
2021-01-05 09:52:57.260,0.6567,0.6589,30.0,0.6546,10.0,299.0,69.0
2021-01-05 09:52:57.761,0.6567,0.6589,30.0,0.6546,12.0,299.0,69.0
2021-01-05 09:52:58.261,0.6567,0.6589,30.0,0.6546,10.0,299.0,69.0
2021-01-05 09:52:59.260,0.6567,0.6589,30.0,0.6546,10.0,299.0,69.0
2021-01-05 09:53:00.190,0.6567,0.658,10.0,0.6547,2.0,299.0,69.0
2021-01-05 09:53:00.770,0.6567,0.658,10.0,0.6547,2.0,299.0,69.0
2021-01-05 09:53:01.761,0.6567,0.6588,10.0,0.6547,2.0,299.0,69.0
2021-01-05 09:53:02.011,0.6567,0.6588,10.0,0.6547,22.0,299.0,69.0
2021-01-05 09:53:02.760,0.6567,0.6588,10.0,0.6547,22.0,299.0,69.0
2021-01-05 09:53:02.991,0.6567,0.6588,30.0,0.6547,22.0,299.0,69.0
2021-01-05 09:53:03.561,0.6567,0.6588,10.0,0.6547,22.0,299.0,69.0
2021-01-05 09:53:03.830,0.6567,0.6588,30.0,0.6547,22.0,299.0,69.0
2021-01-05 09:53:04.770,0.6567,0.6588,10.0,0.6547,20.0,299.0,69.0
2021-01-05 09:53:05.281,0.6567,0.6588,30.0,0.6547,20.0,299.0,69.0
2021-01-05 09:53:05.761,0.6567,0.6588,10.0,0.6547,20.0,299.0,69.0
2021-01-05 09:53:08.281,0.6567,0.6598,23.0,0.6555,10.0,299.0,69.0
2021-01-05 09:53:08.790,0.6567,0.6598,23.0,0.6555,40.0,299.0,69.0
2021-01-05 09:53:09.640,0.6567,0.6598,23.0,0.6556,2.0,299.0,69.0
2021-01-05 09:53:10.781,0.6567,0.6598,23.0,0.6557,1.0,299.0,69.0
2021-01-05 09:53:11.301,0.6567,0.6598,23.0,0.6558,2.0,299.0,69.0
2021-01-05 09:53:11.770,0.6567,0.6598,23.0,0.6556,2.0,299.0,69.0
2021-01-05 09:53:12.300,0.6567,0.6598,23.0,0.6559,2.0,299.0,69.0
2021-01-05 09:53:12.781,0.6567,0.6598,23.0,0.6555,40.0,299.0,69.0
2021-01-05 09:53:13.301,0.6567,0.659,10.0,0.6546,10.0,299.0,69.0
2021-01-05 09:53:13.801,0.6567,0.659,10.0,0.6546,10.0,299.0,69.0
2021-01-05 09:53:14.321,0.6567,0.659,30.0,0.6546,10.0,299.0,69.0
2021-01-05 09:53:14.821,0.6567,0.659,20.0,0.6541,20.0,299.0,69.0
2021-01-05 09:53:15.320,0.6567,0.6579,10.0,0.6541,20.0,299.0,69.0
2021-01-05 09:53:15.820,0.6567,0.6579,30.0,0.6539,2.0,299.0,69.0
2021-01-05 09:53:16.321,0.6567,0.6579,30.0,0.6539,20.0,299.0,69.0
2021-01-05 09:53:17.820,0.6567,0.6587,20.0,0.654,1.0,299.0,69.0
2021-01-05 09:53:18.300,0.6567,0.6589,10.0,0.6545,10.0,299.0,69.0
2021-01-05 09:53:18.811,0.6567,0.6589,30.0,0.6545,30.0,299.0,69.0
2021-01-05 09:53:19.291,0.6567,0.6589,30.0,0.6549,10.0,299.0,69.0
2021-01-05 09:53:19.810,0.6567,0.6589,30.0,0.6549,10.0,299.0,69.0
2021-01-05 09:53:20.311,0.6567,0.6589,30.0,0.6549,10.0,299.0,69.0
2021-01-05 09:53:20.830,0.6567,0.6589,30.0,0.655,1.0,299.0,69.0
2021-01-05 09:53:21.831,0.6567,0.6589,30.0,0.655,1.0,299.0,69.0
2021-01-05 09:53:22.311,0.6567,0.6589,30.0,0.6551,1.0,299.0,69.0
2021-01-05 09:53:24.121,0.6567,0.6589,30.0,0.6552,2.0,299.0,69.0
2021-01-05 09:53:25.191,0.6567,0.6589,30.0,0.6552,2.0,299.0,69.0
2021-01-05 09:53:25.581,0.6567,0.6589,30.0,0.6553,1.0,299.0,69.0
2021-01-05 09:53:26.751,0.6567,0.6589,20.0,0.6554,10.0,299.0,69.0
2021-01-05 09:53:27.730,0.6567,0.6589,10.0,0.6551,1.0,299.0,69.0
2021-01-05 09:53:28.230,0.6567,0.6589,10.0,0.6551,1.0,299.0,69.0
2021-01-05 09:53:28.750,0.6567,0.658,10.0,0.6551,1.0,299.0,69.0
2021-01-05 09:53:29.231,0.6567,0.658,10.0,0.6551,1.0,299.0,69.0
2021-01-05 09:53:29.711,0.6567,0.658,30.0,0.6551,1.0,299.0,69.0
2021-01-05 09:53:30.211,0.6567,0.658,30.0,0.6551,1.0,299.0,69.0
2021-01-05 09:53:33.240,0.6567,0.658,30.0,0.6551,1.0,299.0,69.0
2021-01-05 09:53:33.640,0.6567,0.658,20.0,0.6551,21.0,299.0,69.0
2021-01-05 09:53:34.110,0.6567,0.658,20.0,0.6551,1.0,299.0,69.0
2021-01-05 09:53:34.541,0.6567,0.658,20.0,0.6551,21.0,299.0,69.0
2021-01-05 09:53:35.121,0.6567,0.658,20.0,0.6551,21.0,299.0,69.0
2021-01-05 09:53:35.720,0.6567,0.658,20.0,0.6551,21.0,299.0,69.0
2021-01-05 09:53:39.261,0.6567,0.658,20.0,0.6551,21.0,299.0,69.0
2021-01-05 09:53:43.800,0.6567,0.658,20.0,0.6551,1.0,299.0,69.0
2021-01-05 09:53:45.260,0.6567,0.658,20.0,0.6551,1.0,299.0,69.0
2021-01-05 09:53:46.261,0.6567,0.6581,10.0,0.6551,1.0,299.0,69.0
2021-01-05 09:53:47.020,0.6567,0.6581,30.0,0.6551,1.0,299.0,69.0
2021-01-05 09:53:48.801,0.6551,0.6581,20.0,0.6537,20.0,300.0,70.0
2021-01-05 09:53:49.281,0.6551,0.6572,10.0,0.6537,20.0,300.0,70.0
2021-01-05 09:53:49.811,0.6551,0.6572,30.0,0.6538,2.0,300.0,70.0
2021-01-05 09:53:50.280,0.6551,0.6572,30.0,0.6537,20.0,300.0,70.0
2021-01-05 09:53:50.820,0.6551,0.6572,30.0,0.6537,20.0,300.0,70.0
2021-01-05 09:53:51.310,0.6551,0.6572,30.0,0.6535,2.0,300.0,70.0
2021-01-05 09:53:51.811,0.6551,0.6572,30.0,0.6532,2.0,300.0,70.0
2021-01-05 09:53:52.311,0.6551,0.6572,30.0,0.6532,2.0,300.0,70.0
2021-01-05 09:53:53.171,0.6551,0.6572,30.0,0.6532,2.0,300.0,70.0
2021-01-05 09:53:56.220,0.6551,0.6572,20.0,0.6537,10.0,300.0,70.0
2021-01-05 09:53:56.691,0.6551,0.6572,20.0,0.6538,2.0,300.0,70.0
2021-01-05 09:53:57.200,0.6551,0.6581,30.0,0.6538,2.0,300.0,70.0
2021-01-05 09:53:57.770,0.6551,0.6572,20.0,0.6538,2.0,300.0,70.0
2021-01-05 09:53:58.270,0.6551,0.6581,30.0,0.6538,2.0,300.0,70.0
2021-01-05 09:53:59.071,0.6551,0.6581,30.0,0.6538,2.0,300.0,70.0
2021-01-05 09:54:00.241,0.6551,0.6581,30.0,0.6537,30.0,300.0,70.0
2021-01-05 09:54:00.690,0.6551,0.6581,30.0,0.6539,2.0,300.0,70.0
2021-01-05 09:54:02.771,0.6551,0.6581,30.0,0.6538,2.0,300.0,70.0
2021-01-05 09:54:06.260,0.6551,0.6581,30.0,0.6538,2.0,300.0,70.0
2021-01-05 09:54:09.201,0.6551,0.6581,20.0,0.6546,10.0,300.0,70.0
2021-01-05 09:54:10.240,0.6551,0.6581,20.0,0.6547,23.0,300.0,70.0
2021-01-05 09:54:10.680,0.6551,0.6581,20.0,0.6547,22.0,300.0,70.0
2021-01-05 09:54:11.231,0.6551,0.6581,20.0,0.6547,23.0,300.0,70.0
2021-01-05 09:54:12.250,0.6551,0.6581,20.0,0.6547,20.0,300.0,70.0
2021-01-05 09:54:13.201,0.6551,0.6579,10.0,0.6547,20.0,300.0,70.0
2021-01-05 09:54:14.100,0.6551,0.6579,10.0,0.6538,2.0,300.0,70.0
2021-01-05 09:54:15.260,0.6551,0.6579,10.0,0.6539,2.0,300.0,70.0
2021-01-05 09:54:17.191,0.6551,0.6579,10.0,0.6539,2.0,300.0,70.0
2021-01-05 09:54:17.700,0.6551,0.6579,10.0,0.6537,20.0,300.0,70.0
2021-01-05 09:54:18.241,0.6551,0.6579,10.0,0.654,2.0,300.0,70.0
2021-01-05 09:54:19.680,0.6551,0.6579,10.0,0.654,2.0,300.0,70.0
2021-01-05 09:54:20.700,0.6551,0.6579,10.0,0.654,2.0,300.0,70.0
2021-01-05 09:54:21.761,0.6551,0.6581,20.0,0.6546,10.0,300.0,70.0
2021-01-05 09:54:22.141,0.6551,0.6581,20.0,0.6547,2.0,300.0,70.0
2021-01-05 09:54:22.681,0.6551,0.6581,20.0,0.6546,30.0,300.0,70.0
2021-01-05 09:54:25.670,0.6551,0.6579,10.0,0.6541,1.0,300.0,70.0
2021-01-05 09:54:26.131,0.6551,0.6579,10.0,0.6538,2.0,300.0,70.0
2021-01-05 09:54:27.251,0.6551,0.6579,10.0,0.6537,20.0,300.0,70.0
2021-01-05 09:54:27.661,0.6551,0.6579,10.0,0.6537,20.0,300.0,70.0
2021-01-05 09:54:28.231,0.6551,0.6579,10.0,0.6537,20.0,300.0,70.0
2021-01-05 09:54:29.691,0.6551,0.6579,10.0,0.6537,20.0,300.0,70.0
2021-01-05 09:54:31.170,0.6551,0.6579,10.0,0.6537,20.0,300.0,70.0
2021-01-05 09:54:31.591,0.6551,0.6579,10.0,0.6537,20.0,300.0,70.0
2021-01-05 09:54:32.240,0.6551,0.657,10.0,0.6537,20.0,300.0,70.0
2021-01-05 09:54:33.270,0.6551,0.657,30.0,0.6537,20.0,300.0,70.0
2021-01-05 09:54:37.251,0.6551,0.657,30.0,0.6537,20.0,300.0,70.0
2021-01-05 09:54:41.771,0.6551,0.657,30.0,0.6538,2.0,300.0,70.0
2021-01-05 09:54:42.240,0.6551,0.657,30.0,0.6538,3.0,300.0,70.0
2021-01-05 09:54:42.781,0.6551,0.657,30.0,0.6538,3.0,300.0,70.0
2021-01-05 09:54:43.050,0.6551,0.657,30.0,0.6538,3.0,300.0,70.0
2021-01-05 09:54:44.701,0.6551,0.657,30.0,0.6538,1.0,300.0,70.0
2021-01-05 09:54:48.220,0.6551,0.657,30.0,0.6537,20.0,300.0,70.0
2021-01-05 09:54:48.341,0.6551,0.657,30.0,0.6537,22.0,300.0,70.0
2021-01-05 09:54:49.061,0.6551,0.657,30.0,0.6537,20.0,300.0,70.0
2021-01-05 09:54:49.651,0.6551,0.657,30.0,0.6537,22.0,300.0,70.0
2021-01-05 09:54:51.061,0.6551,0.657,30.0,0.6537,20.0,300.0,70.0
2021-01-05 09:54:53.701,0.6551,0.657,30.0,0.6537,20.0,300.0,70.0
2021-01-05 09:54:54.171,0.6551,0.657,30.0,0.6537,20.0,300.0,70.0
2021-01-05 09:54:54.711,0.6551,0.657,30.0,0.6537,20.0,300.0,70.0
2021-01-05 09:54:55.211,0.6551,0.657,30.0,0.6537,20.0,300.0,70.0
2021-01-05 09:54:57.710,0.6551,0.657,30.0,0.6533,10.0,300.0,70.0
2021-01-05 09:54:58.261,0.6551,0.6561,10.0,0.653,20.0,300.0,70.0
2021-01-05 09:54:59.201,0.6551,0.6561,30.0,0.6517,40.0,300.0,70.0
2021-01-05 09:54:59.681,0.6551,0.6561,30.0,0.6517,30.0,300.0,70.0
2021-01-05 09:55:00.240,0.6551,0.6561,30.0,0.6517,30.0,300.0,70.0
2021-01-05 09:55:01.191,0.6551,0.6553,10.0,0.6517,20.0,300.0,70.0
2021-01-05 09:55:01.760,0.6551,0.6553,30.0,0.6517,20.0,300.0,70.0
2021-01-05 09:55:02.271,0.6551,0.6553,30.0,0.6517,20.0,300.0,70.0
2021-01-05 09:55:02.761,0.6551,0.6553,30.0,0.6517,20.0,300.0,70.0
2021-01-05 09:55:03.281,0.6551,0.6542,10.0,0.6508,20.0,300.0,70.0
2021-01-05 09:55:03.721,0.6551,0.6542,30.0,0.6506,2.0,300.0,70.0
2021-01-05 09:55:04.720,0.6551,0.6542,30.0,0.6506,22.0,300.0,70.0
2021-01-05 09:55:05.690,0.6551,0.6542,30.0,0.6506,22.0,300.0,70.0
2021-01-05 09:55:06.741,0.6551,0.6542,30.0,0.6506,22.0,300.0,70.0
2021-01-05 09:55:07.281,0.6551,0.6542,30.0,0.6506,20.0,300.0,70.0
2021-01-05 09:55:09.281,0.6551,0.6542,20.0,0.6509,10.0,300.0,70.0
2021-01-05 09:55:09.590,0.6551,0.655,10.0,0.6509,10.0,300.0,70.0
2021-01-05 09:55:11.021,0.6551,0.655,10.0,0.6509,10.0,300.0,70.0
2021-01-05 09:55:11.721,0.6551,0.6542,10.0,0.6506,20.0,300.0,70.0
2021-01-05 09:55:12.641,0.6551,0.6542,30.0,0.6506,20.0,300.0,70.0
2021-01-05 09:55:13.221,0.6551,0.6542,30.0,0.6499,30.0,300.0,70.0
2021-01-05 09:55:13.761,0.6551,0.6542,30.0,0.6499,32.0,300.0,70.0
2021-01-05 09:55:14.260,0.6551,0.6533,10.0,0.6499,20.0,300.0,70.0
2021-01-05 09:55:14.710,0.6551,0.6533,30.0,0.6499,20.0,300.0,70.0
2021-01-05 09:55:15.161,0.6551,0.6533,30.0,0.6499,22.0,300.0,70.0
2021-01-05 09:55:15.751,0.6551,0.6533,30.0,0.6493,20.0,300.0,70.0
2021-01-05 09:55:16.281,0.6551,0.6533,30.0,0.6493,20.0,300.0,70.0
2021-01-05 09:55:18.241,0.6551,0.6533,30.0,0.6494,2.0,300.0,70.0
2021-01-05 09:55:20.771,0.6551,0.6533,30.0,0.6494,2.0,300.0,70.0
2021-01-05 09:55:21.270,0.6551,0.6533,30.0,0.6494,2.0,300.0,70.0
2021-01-05 09:55:22.281,0.6551,0.6533,20.0,0.6499,10.0,300.0,70.0
2021-01-05 09:55:22.750,0.6551,0.6545,10.0,0.6501,10.0,300.0,70.0
2021-01-05 09:55:23.261,0.6551,0.6545,20.0,0.65,2.0,300.0,70.0
2021-01-05 09:55:23.750,0.6551,0.6551,20.0,0.651,10.0,300.0,70.0
2021-01-05 09:55:24.240,0.6551,0.6551,20.0,0.651,30.0,300.0,70.0
2021-01-05 09:55:26.751,0.6551,0.6551,20.0,0.651,32.0,300.0,70.0
2021-01-05 09:55:29.260,0.6551,0.6551,20.0,0.651,32.0,300.0,70.0
2021-01-05 09:55:31.750,0.6551,0.6551,20.0,0.651,32.0,300.0,70.0
2021-01-05 09:55:36.791,0.6551,0.6551,20.0,0.6511,2.0,300.0,70.0
2021-01-05 09:55:46.790,0.6551,0.6551,20.0,0.6512,2.0,300.0,70.0
2021-01-05 09:55:47.751,0.6551,0.6551,20.0,0.6512,2.0,300.0,70.0
2021-01-05 09:55:48.300,0.6551,0.6551,20.0,0.6521,10.0,300.0,70.0
2021-01-05 09:55:48.811,0.6551,0.6551,20.0,0.6521,30.0,300.0,70.0
2021-01-05 09:55:49.301,0.6551,0.6562,30.0,0.6521,30.0,300.0,70.0
2021-01-05 09:55:51.320,0.6551,0.6562,30.0,0.6521,30.0,300.0,70.0
2021-01-05 09:55:51.800,0.6551,0.6562,30.0,0.6522,2.0,300.0,70.0
2021-01-05 09:56:01.771,0.6551,0.6562,30.0,0.6523,2.0,300.0,70.0
2021-01-05 09:56:02.770,0.6551,0.6562,30.0,0.6523,2.0,300.0,70.0
2021-01-05 09:56:03.271,0.6551,0.6562,30.0,0.6521,30.0,300.0,70.0
