,last,ask1,asize1,bid1,bsize1,oi,volume
2021-01-05 09:25:00.080,,0.0183,2.0,0.0175,1.0,8468.0,
2021-01-05 09:30:00.451,,0.0183,1.0,0.0175,1.0,8468.0,
2021-01-05 09:30:00.991,0.0183,0.0198,1.0,0.0174,6.0,8468.0,1.0
2021-01-05 09:30:02.501,0.0183,0.02,1.0,0.0174,6.0,8468.0,1.0
2021-01-05 09:30:03.980,0.0183,0.02,21.0,0.0175,20.0,8468.0,1.0
2021-01-05 09:30:04.430,0.0183,0.02,21.0,0.0176,20.0,8468.0,1.0
2021-01-05 09:30:05.010,0.0183,0.02,21.0,0.0177,20.0,8468.0,1.0
2021-01-05 09:30:05.990,0.0183,0.02,1.0,0.0177,20.0,8468.0,1.0
2021-01-05 09:30:06.971,0.0183,0.02,21.0,0.0181,20.0,8468.0,1.0
2021-01-05 09:30:08.520,0.0183,0.02,21.0,0.018,20.0,8468.0,1.0
2021-01-05 09:30:10.501,0.0183,0.02,21.0,0.0181,20.0,8468.0,1.0
2021-01-05 09:30:13.000,0.0183,0.02,21.0,0.018,20.0,8468.0,1.0
2021-01-05 09:30:13.501,0.0183,0.02,21.0,0.0179,20.0,8468.0,1.0
2021-01-05 09:30:13.941,0.0183,0.02,21.0,0.018,20.0,8468.0,1.0
2021-01-05 09:30:14.521,0.0183,0.02,21.0,0.0179,20.0,8468.0,1.0
2021-01-05 09:30:15.040,0.0183,0.02,21.0,0.018,20.0,8468.0,1.0
2021-01-05 09:30:15.991,0.0183,0.02,21.0,0.018,20.0,8468.0,1.0
2021-01-05 09:30:17.021,0.0183,0.02,21.0,0.0179,20.0,8468.0,1.0
2021-01-05 09:30:18.231,0.0183,0.02,1.0,0.0174,6.0,8468.0,1.0
2021-01-05 09:30:18.750,0.0183,0.02,21.0,0.0178,20.0,8468.0,1.0
2021-01-05 09:30:19.251,0.0183,0.02,21.0,0.0177,20.0,8468.0,1.0
2021-01-05 09:30:19.751,0.0183,0.02,21.0,0.0177,20.0,8468.0,1.0
2021-01-05 09:30:20.240,0.0183,0.02,21.0,0.0177,20.0,8468.0,1.0
2021-01-05 09:30:20.740,0.0183,0.02,21.0,0.0178,20.0,8468.0,1.0
2021-01-05 09:30:21.241,0.0183,0.02,21.0,0.0179,20.0,8468.0,1.0
2021-01-05 09:30:21.741,0.0183,0.02,21.0,0.0178,20.0,8468.0,1.0
2021-01-05 09:30:22.240,0.0183,0.02,21.0,0.0179,20.0,8468.0,1.0
2021-01-05 09:30:23.670,0.0183,0.02,21.0,0.018,20.0,8468.0,1.0
2021-01-05 09:30:25.160,0.0183,0.02,1.0,0.018,20.0,8468.0,1.0
2021-01-05 09:30:25.671,0.0183,0.02,21.0,0.0181,20.0,8468.0,1.0
2021-01-05 09:30:26.670,0.0183,0.02,21.0,0.018,20.0,8468.0,1.0
2021-01-05 09:30:30.620,0.0183,0.02,21.0,0.0179,20.0,8468.0,1.0
2021-01-05 09:30:32.631,0.0183,0.02,21.0,0.0178,20.0,8468.0,1.0
2021-01-05 09:30:36.170,0.0183,0.02,21.0,0.0179,20.0,8468.0,1.0
2021-01-05 09:30:36.691,0.0183,0.02,21.0,0.0178,20.0,8468.0,1.0
2021-01-05 09:30:42.671,0.0183,0.02,21.0,0.0178,20.0,8468.0,1.0
2021-01-05 09:30:43.180,0.0183,0.02,41.0,0.0178,40.0,8468.0,1.0
2021-01-05 09:30:59.640,0.0183,0.0197,20.0,0.0179,20.0,8468.0,1.0
2021-01-05 09:31:00.161,0.0183,0.0197,60.0,0.0179,60.0,8468.0,1.0
2021-01-05 09:31:00.681,0.0183,0.0197,60.0,0.018,1.0,8468.0,1.0
2021-01-05 09:31:01.140,0.0183,0.0197,60.0,0.018,21.0,8468.0,1.0
2021-01-05 09:31:02.170,0.0183,0.0197,40.0,0.018,1.0,8468.0,1.0
2021-01-05 09:31:02.681,0.0183,0.0197,60.0,0.018,21.0,8468.0,1.0
2021-01-05 09:31:03.131,0.0183,0.0197,60.0,0.018,21.0,8468.0,1.0
2021-01-05 09:31:03.680,0.0183,0.0197,60.0,0.0181,1.0,8468.0,1.0
2021-01-05 09:31:04.181,0.0183,0.0197,60.0,0.0181,41.0,8468.0,1.0
2021-01-05 09:31:04.671,0.0183,0.0197,60.0,0.0181,41.0,8468.0,1.0
2021-01-05 09:31:05.670,0.0183,0.0197,60.0,0.0182,1.0,8468.0,1.0
2021-01-05 09:31:06.160,0.0183,0.0197,60.0,0.0182,1.0,8468.0,1.0
2021-01-05 09:31:06.681,0.0183,0.0197,60.0,0.0182,1.0,8468.0,1.0
2021-01-05 09:31:08.650,0.0183,0.0197,60.0,0.0182,1.0,8468.0,1.0
2021-01-05 09:31:11.701,0.0183,0.0197,60.0,0.0182,21.0,8468.0,1.0
2021-01-05 09:31:12.171,0.0183,0.0197,60.0,0.0182,1.0,8468.0,1.0
2021-01-05 09:31:12.621,0.0183,0.0197,60.0,0.0182,21.0,8468.0,1.0
2021-01-05 09:31:14.200,0.0183,0.0197,60.0,0.0183,1.0,8468.0,1.0
2021-01-05 09:31:14.690,0.0183,0.0197,60.0,0.0183,41.0,8468.0,1.0
2021-01-05 09:31:16.180,0.0183,0.0197,60.0,0.0184,1.0,8468.0,1.0
2021-01-05 09:31:16.711,0.0183,0.0197,60.0,0.0184,1.0,8468.0,1.0
2021-01-05 09:31:17.201,0.0183,0.0197,60.0,0.0184,1.0,8468.0,1.0
2021-01-05 09:31:19.150,0.0183,0.0197,40.0,0.0184,1.0,8468.0,1.0
2021-01-05 09:31:19.721,0.0183,0.0197,60.0,0.0184,1.0,8468.0,1.0
2021-01-05 09:31:20.701,0.0183,0.0197,60.0,0.0184,1.0,8468.0,1.0
2021-01-05 09:31:23.171,0.0183,0.0197,60.0,0.0184,1.0,8468.0,1.0
2021-01-05 09:31:23.640,0.0183,0.0196,14.0,0.0184,1.0,8468.0,1.0
2021-01-05 09:31:24.161,0.0183,0.0196,34.0,0.0184,1.0,8468.0,1.0
2021-01-05 09:31:25.150,0.0183,0.0196,34.0,0.0184,1.0,8468.0,1.0
2021-01-05 09:31:26.101,0.0183,0.019,20.0,0.0184,1.0,8468.0,1.0
2021-01-05 09:31:26.670,0.0183,0.019,40.0,0.0184,1.0,8468.0,1.0
2021-01-05 09:31:27.171,0.0183,0.019,60.0,0.0183,1.0,8468.0,1.0
2021-01-05 09:31:27.601,0.0183,0.019,60.0,0.0183,1.0,8468.0,1.0
2021-01-05 09:31:28.091,0.0183,0.019,60.0,0.0183,1.0,8468.0,1.0
2021-01-05 09:31:28.610,0.0183,0.019,60.0,0.0183,1.0,8468.0,1.0
2021-01-05 09:31:29.641,0.0183,0.019,60.0,0.0183,1.0,8468.0,1.0
2021-01-05 09:31:30.170,0.0183,0.019,60.0,0.0183,1.0,8468.0,1.0
2021-01-05 09:31:31.150,0.0183,0.019,60.0,0.0183,1.0,8468.0,1.0
2021-01-05 09:31:32.671,0.0183,0.019,60.0,0.0183,1.0,8468.0,1.0
2021-01-05 09:31:36.181,0.0183,0.0189,3.0,0.0183,1.0,8468.0,1.0
2021-01-05 09:31:36.690,0.0183,0.0189,43.0,0.0183,1.0,8468.0,1.0
2021-01-05 09:31:37.620,0.0183,0.0189,43.0,0.0183,1.0,8468.0,1.0
2021-01-05 09:31:38.190,0.0183,0.0189,43.0,0.0183,1.0,8468.0,1.0
2021-01-05 09:31:39.210,0.0183,0.0189,43.0,0.0183,1.0,8468.0,1.0
2021-01-05 09:31:39.710,0.0183,0.0189,43.0,0.0183,13.0,8468.0,1.0
2021-01-05 09:31:39.921,0.0183,0.0189,43.0,0.0183,1.0,8468.0,1.0
2021-01-05 09:31:40.711,0.0183,0.0189,43.0,0.0183,1.0,8468.0,1.0
2021-01-05 09:31:41.191,0.0183,0.0189,43.0,0.0183,1.0,8468.0,1.0
2021-01-05 09:31:41.700,0.0183,0.0189,43.0,0.0183,1.0,8468.0,1.0
2021-01-05 09:31:42.211,0.0183,0.0189,43.0,0.0182,21.0,8468.0,1.0
2021-01-05 09:31:42.711,0.0183,0.0189,43.0,0.0182,21.0,8468.0,1.0
2021-01-05 09:31:43.191,0.0183,0.0189,43.0,0.0182,21.0,8468.0,1.0
2021-01-05 09:31:44.190,0.0183,0.0189,43.0,0.0183,1.0,8468.0,1.0
2021-01-05 09:31:45.170,0.0183,0.0189,43.0,0.0183,1.0,8468.0,1.0
2021-01-05 09:31:45.621,0.0183,0.0188,3.0,0.0183,1.0,8468.0,1.0
2021-01-05 09:31:46.071,0.0183,0.0188,43.0,0.0183,1.0,8468.0,1.0
2021-01-05 09:31:46.701,0.0183,0.0188,43.0,0.0183,1.0,8468.0,1.0
2021-01-05 09:31:47.191,0.0183,0.0188,43.0,0.0183,1.0,8468.0,1.0
2021-01-05 09:31:47.690,0.0183,0.0187,20.0,0.0183,1.0,8468.0,1.0
2021-01-05 09:31:48.211,0.0183,0.0187,40.0,0.0183,1.0,8468.0,1.0
2021-01-05 09:31:48.691,0.0183,0.0187,40.0,0.0182,1.0,8468.0,1.0
2021-01-05 09:31:49.711,0.0183,0.0187,63.0,0.0182,1.0,8468.0,1.0
2021-01-05 09:31:50.191,0.0183,0.0187,63.0,0.0182,1.0,8468.0,1.0
2021-01-05 09:31:50.710,0.0183,0.0187,63.0,0.0181,1.0,8468.0,1.0
2021-01-05 09:31:51.210,0.0183,0.0187,63.0,0.0181,21.0,8468.0,1.0
2021-01-05 09:31:51.701,0.0183,0.0187,63.0,0.0181,1.0,8468.0,1.0
2021-01-05 09:31:52.220,0.0183,0.0187,63.0,0.0181,1.0,8468.0,1.0
2021-01-05 09:31:52.621,0.0183,0.0187,63.0,0.0181,1.0,8468.0,1.0
2021-01-05 09:31:57.171,0.0183,0.0187,63.0,0.0181,1.0,8468.0,1.0
2021-01-05 09:31:59.660,0.0183,0.0186,3.0,0.0181,1.0,8468.0,1.0
2021-01-05 09:32:00.150,0.0183,0.0186,43.0,0.0181,1.0,8468.0,1.0
2021-01-05 09:32:00.650,0.0183,0.0186,43.0,0.0181,1.0,8468.0,1.0
2021-01-05 09:32:01.670,0.0183,0.0186,43.0,0.018,13.0,8468.0,1.0
2021-01-05 09:32:02.171,0.0183,0.0186,43.0,0.018,13.0,8468.0,1.0
2021-01-05 09:32:02.671,0.0183,0.0186,43.0,0.018,13.0,8468.0,1.0
2021-01-05 09:32:03.641,0.0183,0.0186,43.0,0.0181,1.0,8468.0,1.0
2021-01-05 09:32:04.661,0.0183,0.0186,43.0,0.0181,1.0,8468.0,1.0
2021-01-05 09:32:05.141,0.0183,0.0186,43.0,0.0181,1.0,8468.0,1.0
2021-01-05 09:32:06.161,0.0183,0.0186,43.0,0.0181,1.0,8468.0,1.0
2021-01-05 09:32:06.680,0.0183,0.0186,23.0,0.0181,1.0,8468.0,1.0
2021-01-05 09:32:07.070,0.0183,0.0186,23.0,0.0181,1.0,8468.0,1.0
2021-01-05 09:32:08.100,0.0183,0.0186,23.0,0.018,1.0,8468.0,1.0
2021-01-05 09:32:08.670,0.0183,0.0186,23.0,0.018,1.0,8468.0,1.0
2021-01-05 09:32:09.681,0.0183,0.0186,43.0,0.018,1.0,8468.0,1.0
2021-01-05 09:32:10.630,0.0183,0.0186,43.0,0.018,1.0,8468.0,1.0
2021-01-05 09:32:11.170,0.0183,0.0186,43.0,0.018,1.0,8468.0,1.0
2021-01-05 09:32:11.650,0.0183,0.0186,23.0,0.018,1.0,8468.0,1.0
2021-01-05 09:32:12.161,0.0183,0.0186,23.0,0.018,1.0,8468.0,1.0
2021-01-05 09:32:13.680,0.0183,0.0186,23.0,0.018,1.0,8468.0,1.0
2021-01-05 09:32:14.180,0.0183,0.0186,23.0,0.018,21.0,8468.0,1.0
2021-01-05 09:32:14.660,0.0183,0.0186,23.0,0.018,21.0,8468.0,1.0
2021-01-05 09:32:15.171,0.0183,0.0186,23.0,0.018,21.0,8468.0,1.0
2021-01-05 09:32:15.671,0.0183,0.0186,43.0,0.018,21.0,8468.0,1.0
2021-01-05 09:32:16.151,0.0183,0.0186,43.0,0.0181,1.0,8468.0,1.0
2021-01-05 09:32:16.551,0.0183,0.0186,43.0,0.0181,1.0,8468.0,1.0
2021-01-05 09:32:17.651,0.0183,0.0186,43.0,0.0181,1.0,8468.0,1.0
2021-01-05 09:32:18.660,0.0183,0.0186,43.0,0.0181,1.0,8468.0,1.0
2021-01-05 09:32:19.670,0.0183,0.0186,43.0,0.0181,1.0,8468.0,1.0
2021-01-05 09:32:20.151,0.0183,0.0186,43.0,0.0181,1.0,8468.0,1.0
2021-01-05 09:32:20.671,0.0183,0.0186,43.0,0.018,1.0,8468.0,1.0
2021-01-05 09:32:21.171,0.0183,0.0186,43.0,0.0184,20.0,8468.0,1.0
2021-01-05 09:32:21.680,0.0184,0.0186,43.0,0.018,21.0,8468.0,21.0
2021-01-05 09:32:22.181,0.0184,0.0186,43.0,0.018,1.0,8468.0,21.0
2021-01-05 09:32:22.660,0.0184,0.0186,43.0,0.018,1.0,8468.0,21.0
2021-01-05 09:32:23.180,0.0184,0.0186,43.0,0.018,21.0,8468.0,21.0
2021-01-05 09:32:24.091,0.0184,0.0186,43.0,0.018,21.0,8468.0,21.0
2021-01-05 09:32:25.170,0.0184,0.0186,43.0,0.0181,1.0,8468.0,21.0
2021-01-05 09:32:25.670,0.0184,0.0186,43.0,0.0181,1.0,8468.0,21.0
2021-01-05 09:32:26.171,0.0184,0.0186,43.0,0.0181,1.0,8468.0,21.0
2021-01-05 09:32:26.650,0.0184,0.0186,43.0,0.0181,1.0,8468.0,21.0
2021-01-05 09:32:27.670,0.0184,0.0186,23.0,0.0181,1.0,8468.0,21.0
2021-01-05 09:32:28.171,0.0184,0.0186,23.0,0.0181,1.0,8468.0,21.0
2021-01-05 09:32:29.180,0.0184,0.0186,23.0,0.018,1.0,8468.0,21.0
2021-01-05 09:32:30.171,0.0184,0.0186,23.0,0.018,1.0,8468.0,21.0
2021-01-05 09:32:30.671,0.0184,0.0186,23.0,0.018,1.0,8468.0,21.0
2021-01-05 09:32:32.121,0.0184,0.0186,23.0,0.0182,20.0,8468.0,21.0
2021-01-05 09:32:32.690,0.0184,0.0186,23.0,0.0182,20.0,8468.0,21.0
2021-01-05 09:32:33.141,0.0184,0.0185,3.0,0.0182,20.0,8468.0,21.0
2021-01-05 09:32:33.671,0.0184,0.0185,23.0,0.0183,1.0,8468.0,21.0
2021-01-05 09:32:35.170,0.0184,0.0185,23.0,0.0183,1.0,8468.0,21.0
2021-01-05 09:32:36.190,0.0184,0.0185,43.0,0.0183,1.0,8468.0,21.0
2021-01-05 09:32:41.200,0.0184,0.0185,43.0,0.0183,21.0,8468.0,21.0
2021-01-05 09:32:41.690,0.0184,0.0185,43.0,0.0184,1.0,8468.0,21.0
2021-01-05 09:32:42.201,0.0184,0.0185,43.0,0.0183,20.0,8469.0,22.0
2021-01-05 09:32:42.700,0.0184,0.0185,43.0,0.0183,20.0,8469.0,22.0
2021-01-05 09:32:44.700,0.0184,0.0185,23.0,0.0183,20.0,8469.0,22.0
2021-01-05 09:32:45.580,0.0184,0.0184,3.0,0.0183,20.0,8469.0,22.0
2021-01-05 09:32:46.160,0.0184,0.0184,23.0,0.0183,20.0,8469.0,22.0
2021-01-05 09:32:48.690,0.0184,0.0184,43.0,0.0183,20.0,8469.0,22.0
2021-01-05 09:32:49.190,0.0183,0.0184,63.0,0.0182,20.0,8469.0,42.0
2021-01-05 09:32:49.670,0.0183,0.0184,43.0,0.0182,20.0,8469.0,42.0
2021-01-05 09:32:50.171,0.0183,0.0184,63.0,0.0182,20.0,8469.0,42.0
2021-01-05 09:32:50.650,0.0182,0.0184,20.0,0.0182,6.0,8469.0,56.0
2021-01-05 09:32:50.990,0.0182,0.0185,32.0,0.0182,6.0,8469.0,56.0
2021-01-05 09:32:51.701,0.0182,0.0184,15.0,0.0182,6.0,8469.0,56.0
2021-01-05 09:32:52.191,0.0182,0.0184,23.0,0.0182,6.0,8469.0,56.0
2021-01-05 09:32:53.161,0.0182,0.0184,3.0,0.0182,6.0,8469.0,56.0
2021-01-05 09:32:53.641,0.0182,0.0184,23.0,0.0182,6.0,8469.0,56.0
2021-01-05 09:32:54.181,0.0182,0.0184,23.0,0.0182,4.0,8467.0,58.0
2021-01-05 09:32:54.490,0.0182,0.0184,23.0,0.0182,4.0,8467.0,58.0
2021-01-05 09:32:55.161,0.0182,0.0184,23.0,0.0182,4.0,8467.0,58.0
2021-01-05 09:32:55.670,0.0182,0.0184,23.0,0.0182,4.0,8467.0,58.0
2021-01-05 09:32:56.150,0.0182,0.0184,23.0,0.0182,4.0,8467.0,58.0
2021-01-05 09:32:57.600,0.0182,0.0184,20.0,0.0182,4.0,8467.0,58.0
2021-01-05 09:32:59.621,0.0182,0.0184,20.0,0.0182,4.0,8467.0,58.0
2021-01-05 09:33:00.180,0.0182,0.0184,20.0,0.0182,4.0,8467.0,58.0
2021-01-05 09:33:00.651,0.0182,0.0184,20.0,0.0182,4.0,8467.0,58.0
2021-01-05 09:33:01.141,0.0182,0.0184,40.0,0.0182,4.0,8467.0,58.0
2021-01-05 09:33:01.671,0.0182,0.0184,20.0,0.0182,4.0,8467.0,58.0
2021-01-05 09:33:02.130,0.0182,0.0185,40.0,0.0182,4.0,8467.0,58.0
2021-01-05 09:33:03.121,0.0182,0.0185,20.0,0.0182,4.0,8467.0,58.0
2021-01-05 09:33:03.681,0.0182,0.0185,20.0,0.0182,4.0,8467.0,58.0
2021-01-05 09:33:03.871,0.0182,0.0185,20.0,0.0182,4.0,8467.0,58.0
2021-01-05 09:33:04.651,0.0182,0.0185,20.0,0.0182,4.0,8467.0,58.0
2021-01-05 09:33:05.690,0.0182,0.0186,40.0,0.0182,4.0,8467.0,58.0
2021-01-05 09:33:06.170,0.0182,0.0186,20.0,0.0182,4.0,8467.0,58.0
2021-01-05 09:33:06.681,0.0182,0.0186,20.0,0.0182,4.0,8467.0,58.0
2021-01-05 09:33:07.171,0.0182,0.0186,20.0,0.0182,4.0,8467.0,58.0
2021-01-05 09:33:07.601,0.0182,0.0186,20.0,0.0182,4.0,8467.0,58.0
2021-01-05 09:33:08.191,0.0182,0.0186,20.0,0.0182,4.0,8467.0,58.0
2021-01-05 09:33:08.681,0.0182,0.0186,20.0,0.0182,4.0,8467.0,58.0
2021-01-05 09:33:09.181,0.0182,0.0186,40.0,0.0182,4.0,8467.0,58.0
2021-01-05 09:33:09.630,0.0182,0.0186,40.0,0.0182,4.0,8467.0,58.0
2021-01-05 09:33:10.180,0.0182,0.0186,40.0,0.0182,4.0,8467.0,58.0
2021-01-05 09:33:10.681,0.0182,0.0186,40.0,0.0182,4.0,8467.0,58.0
2021-01-05 09:33:11.180,0.0182,0.0186,40.0,0.0182,4.0,8467.0,58.0
2021-01-05 09:33:11.670,0.0182,0.0186,40.0,0.0182,4.0,8467.0,58.0
2021-01-05 09:33:12.181,0.0182,0.0186,40.0,0.0182,4.0,8467.0,58.0
2021-01-05 09:33:12.650,0.0182,0.0186,40.0,0.0182,4.0,8467.0,58.0
2021-01-05 09:33:13.100,0.0182,0.0186,60.0,0.0182,4.0,8467.0,58.0
2021-01-05 09:33:13.691,0.0182,0.0186,40.0,0.0182,4.0,8467.0,58.0
2021-01-05 09:33:15.651,0.0182,0.0186,40.0,0.0182,4.0,8467.0,58.0
2021-01-05 09:33:16.671,0.0182,0.0186,20.0,0.0182,36.0,8467.0,58.0
2021-01-05 09:33:17.190,0.0182,0.0186,20.0,0.0182,36.0,8467.0,58.0
2021-01-05 09:33:17.691,0.0182,0.0186,20.0,0.0182,24.0,8467.0,58.0
2021-01-05 09:33:18.160,0.0182,0.0186,20.0,0.0182,24.0,8467.0,58.0
2021-01-05 09:33:19.191,0.0182,0.0186,20.0,0.0182,36.0,8467.0,58.0
2021-01-05 09:33:19.660,0.0182,0.0186,20.0,0.0182,36.0,8467.0,58.0
2021-01-05 09:33:20.171,0.0182,0.0185,5.0,0.0182,36.0,8467.0,58.0
2021-01-05 09:33:20.680,0.0182,0.0185,25.0,0.0182,36.0,8467.0,58.0
2021-01-05 09:33:21.160,0.0182,0.0185,25.0,0.0182,36.0,8467.0,58.0
2021-01-05 09:33:21.681,0.0182,0.0185,25.0,0.0182,36.0,8467.0,58.0
2021-01-05 09:33:22.670,0.0182,0.0185,25.0,0.0183,12.0,8467.0,58.0
2021-01-05 09:33:23.151,0.0182,0.0185,25.0,0.0182,36.0,8467.0,58.0
2021-01-05 09:33:23.660,0.0182,0.0185,25.0,0.0182,24.0,8467.0,58.0
2021-01-05 09:33:24.171,0.0182,0.0185,25.0,0.0182,24.0,8467.0,58.0
2021-01-05 09:33:24.661,0.0182,0.0185,25.0,0.0182,24.0,8467.0,58.0
2021-01-05 09:33:25.671,0.0182,0.0185,25.0,0.0182,24.0,8467.0,58.0
2021-01-05 09:33:26.651,0.0182,0.0185,25.0,0.0182,24.0,8467.0,58.0
2021-01-05 09:33:27.171,0.0182,0.0185,25.0,0.0182,24.0,8467.0,58.0
2021-01-05 09:33:27.681,0.0182,0.0185,25.0,0.0182,24.0,8467.0,58.0
2021-01-05 09:33:28.180,0.0182,0.0185,25.0,0.0182,4.0,8467.0,58.0
2021-01-05 09:33:28.670,0.0182,0.0185,25.0,0.0182,4.0,8467.0,58.0
2021-01-05 09:33:35.690,0.0182,0.0185,25.0,0.0182,4.0,8467.0,58.0
2021-01-05 09:33:36.101,0.0182,0.0185,25.0,0.0182,4.0,8467.0,58.0
2021-01-05 09:33:36.681,0.0182,0.0185,25.0,0.0182,4.0,8467.0,58.0
2021-01-05 09:33:37.190,0.0182,0.0185,25.0,0.0182,4.0,8467.0,58.0
2021-01-05 09:33:37.640,0.0182,0.0185,25.0,0.0182,4.0,8467.0,58.0
2021-01-05 09:33:38.120,0.0182,0.0185,25.0,0.0182,16.0,8467.0,58.0
2021-01-05 09:33:39.641,0.0182,0.0185,25.0,0.0182,4.0,8467.0,58.0
2021-01-05 09:33:40.160,0.0182,0.0185,25.0,0.0182,4.0,8467.0,58.0
2021-01-05 09:33:40.690,0.0182,0.0185,25.0,0.0182,4.0,8467.0,58.0
2021-01-05 09:33:41.171,0.0182,0.0185,25.0,0.0182,4.0,8467.0,58.0
2021-01-05 09:33:41.691,0.0182,0.0185,25.0,0.0182,4.0,8467.0,58.0
2021-01-05 09:33:42.160,0.0182,0.0185,25.0,0.0182,4.0,8467.0,58.0
2021-01-05 09:33:43.180,0.0182,0.0185,25.0,0.0182,4.0,8467.0,58.0
2021-01-05 09:33:43.681,0.0182,0.0185,25.0,0.0182,4.0,8467.0,58.0
2021-01-05 09:33:44.671,0.0182,0.0185,25.0,0.0182,4.0,8467.0,58.0
2021-01-05 09:33:45.180,0.0182,0.0185,25.0,0.0182,4.0,8467.0,58.0
2021-01-05 09:33:45.660,0.0182,0.0185,25.0,0.0182,4.0,8467.0,58.0
2021-01-05 09:33:46.680,0.0182,0.0185,25.0,0.0182,4.0,8467.0,58.0
2021-01-05 09:33:47.191,0.0182,0.0185,25.0,0.0182,4.0,8467.0,58.0
2021-01-05 09:33:47.681,0.0182,0.0185,45.0,0.0182,4.0,8467.0,58.0
2021-01-05 09:33:48.680,0.0182,0.0185,45.0,0.0182,4.0,8467.0,58.0
2021-01-05 09:33:49.681,0.0182,0.0185,45.0,0.0182,4.0,8467.0,58.0
2021-01-05 09:33:50.180,0.0182,0.0185,48.0,0.0182,4.0,8467.0,58.0
2021-01-05 09:33:51.141,0.0182,0.0185,48.0,0.0182,4.0,8467.0,58.0
2021-01-05 09:33:52.661,0.0182,0.0185,48.0,0.0179,20.0,8467.0,62.0
2021-01-05 09:33:53.171,0.0182,0.0185,62.0,0.0178,20.0,8467.0,62.0
2021-01-05 09:33:53.650,0.0182,0.0185,62.0,0.0178,20.0,8467.0,62.0
2021-01-05 09:33:54.180,0.0182,0.0185,62.0,0.018,20.0,8467.0,62.0
2021-01-05 09:33:54.610,0.0182,0.0185,62.0,0.018,20.0,8467.0,62.0
2021-01-05 09:33:56.120,0.0182,0.0185,62.0,0.0178,20.0,8467.0,62.0
2021-01-05 09:33:56.651,0.0182,0.0185,74.0,0.0178,20.0,8467.0,62.0
2021-01-05 09:33:57.171,0.0182,0.0185,74.0,0.0178,20.0,8467.0,62.0
2021-01-05 09:33:57.671,0.0182,0.0185,74.0,0.0177,20.0,8467.0,62.0
2021-01-05 09:33:58.170,0.0182,0.0185,74.0,0.0177,20.0,8467.0,62.0
2021-01-05 09:33:58.670,0.0182,0.0185,60.0,0.0177,20.0,8467.0,62.0
2021-01-05 09:33:59.140,0.0182,0.0183,12.0,0.0177,20.0,8467.0,62.0
2021-01-05 09:33:59.690,0.0182,0.0183,40.0,0.0176,30.0,8467.0,62.0
2021-01-05 09:34:00.191,0.0182,0.0183,43.0,0.0176,30.0,8467.0,62.0
2021-01-05 09:34:00.671,0.0182,0.0182,12.0,0.0176,20.0,8467.0,62.0
2021-01-05 09:34:01.081,0.0182,0.0182,40.0,0.0175,20.0,8467.0,62.0
2021-01-05 09:34:01.661,0.0182,0.0182,40.0,0.0175,20.0,8467.0,62.0
2021-01-05 09:34:02.170,0.0182,0.0182,40.0,0.0175,20.0,8467.0,62.0
2021-01-05 09:34:02.671,0.0182,0.0182,40.0,0.0175,20.0,8467.0,62.0
2021-01-05 09:34:03.670,0.0182,0.0182,43.0,0.0175,20.0,8467.0,62.0
2021-01-05 09:34:07.630,0.0182,0.0182,43.0,0.0175,20.0,8467.0,62.0
2021-01-05 09:34:08.171,0.0182,0.0182,63.0,0.0176,20.0,8467.0,62.0
2021-01-05 09:34:08.690,0.0182,0.0182,63.0,0.0176,40.0,8467.0,62.0
2021-01-05 09:34:09.170,0.0182,0.0182,43.0,0.0176,20.0,8467.0,62.0
2021-01-05 09:34:09.670,0.0182,0.0182,43.0,0.0175,20.0,8467.0,62.0
2021-01-05 09:34:10.140,0.0182,0.0182,43.0,0.0175,34.0,8467.0,62.0
2021-01-05 09:34:10.690,0.0182,0.0182,43.0,0.0175,34.0,8467.0,62.0
2021-01-05 09:34:11.681,0.0182,0.0182,43.0,0.0175,34.0,8467.0,62.0
2021-01-05 09:34:12.121,0.0182,0.0182,43.0,0.0175,34.0,8467.0,62.0
2021-01-05 09:34:12.640,0.0182,0.0182,43.0,0.0175,20.0,8467.0,62.0
2021-01-05 09:34:13.191,0.0182,0.0182,63.0,0.0176,20.0,8467.0,62.0
2021-01-05 09:34:13.681,0.0182,0.0181,3.0,0.0176,40.0,8467.0,62.0
2021-01-05 09:34:13.911,0.0182,0.0181,3.0,0.0176,20.0,8467.0,62.0
2021-01-05 09:34:14.691,0.0182,0.0181,3.0,0.0176,40.0,8467.0,62.0
2021-01-05 09:34:15.181,0.0182,0.0181,3.0,0.0177,20.0,8467.0,62.0
2021-01-05 09:34:15.681,0.0182,0.0181,3.0,0.0177,40.0,8467.0,62.0
2021-01-05 09:34:16.190,0.0182,0.0181,3.0,0.0177,20.0,8467.0,62.0
2021-01-05 09:34:16.630,0.0182,0.0181,23.0,0.0177,20.0,8467.0,62.0
2021-01-05 09:34:17.181,0.0182,0.0181,23.0,0.0177,20.0,8467.0,62.0
2021-01-05 09:34:19.041,0.0182,0.0181,23.0,0.0177,20.0,8467.0,62.0
2021-01-05 09:34:19.700,0.0182,0.0181,20.0,0.0177,20.0,8467.0,62.0
2021-01-05 09:34:20.180,0.0182,0.0182,40.0,0.0177,20.0,8467.0,62.0
2021-01-05 09:34:20.651,0.0182,0.0182,40.0,0.0177,40.0,8467.0,62.0
2021-01-05 09:34:21.200,0.0182,0.0182,40.0,0.0177,20.0,8467.0,62.0
2021-01-05 09:34:22.151,0.0182,0.0182,40.0,0.0176,20.0,8467.0,62.0
2021-01-05 09:34:22.651,0.0182,0.0182,54.0,0.0176,20.0,8467.0,62.0
2021-01-05 09:34:23.181,0.0182,0.0182,57.0,0.0176,20.0,8467.0,62.0
2021-01-05 09:34:23.640,0.0182,0.0182,57.0,0.0176,20.0,8467.0,62.0
2021-01-05 09:34:24.600,0.0182,0.0182,43.0,0.0176,20.0,8467.0,62.0
2021-01-05 09:34:25.150,0.0182,0.0181,14.0,0.0176,20.0,8467.0,62.0
2021-01-05 09:34:25.671,0.0182,0.0181,14.0,0.0176,20.0,8467.0,62.0
2021-01-05 09:34:26.170,0.0182,0.0181,34.0,0.0176,20.0,8467.0,62.0
2021-01-05 09:34:26.641,0.0182,0.0179,12.0,0.0176,20.0,8467.0,62.0
2021-01-05 09:34:27.150,0.0182,0.0179,32.0,0.0175,32.0,8467.0,62.0
2021-01-05 09:34:27.321,0.0182,0.0179,32.0,0.0174,26.0,8467.0,62.0
2021-01-05 09:34:28.120,0.0182,0.0178,12.0,0.0174,38.0,8467.0,62.0
2021-01-05 09:34:28.621,0.0182,0.0178,32.0,0.0174,38.0,8467.0,62.0
2021-01-05 09:34:28.971,0.0182,0.0178,32.0,0.0174,38.0,8467.0,62.0
2021-01-05 09:34:30.170,0.0182,0.0177,12.0,0.0174,26.0,8467.0,62.0
2021-01-05 09:34:30.610,0.0182,0.0177,32.0,0.0174,26.0,8467.0,62.0
2021-01-05 09:34:31.190,0.0182,0.0177,32.0,0.0174,26.0,8467.0,62.0
2021-01-05 09:34:31.280,0.0182,0.0177,32.0,0.0174,6.0,8467.0,62.0
2021-01-05 09:34:32.690,0.0182,0.0177,32.0,0.0174,6.0,8467.0,62.0
2021-01-05 09:34:33.691,0.0182,0.0177,32.0,0.0174,6.0,8467.0,62.0
2021-01-05 09:34:34.171,0.0182,0.0177,32.0,0.0174,26.0,8467.0,62.0
2021-01-05 09:34:34.640,0.0182,0.0177,32.0,0.0174,6.0,8467.0,62.0
2021-01-05 09:34:35.691,0.0182,0.0177,32.0,0.0174,6.0,8467.0,62.0
2021-01-05 09:34:36.171,0.0182,0.0177,32.0,0.0174,26.0,8467.0,62.0
2021-01-05 09:34:36.680,0.0182,0.0177,32.0,0.0174,6.0,8467.0,62.0
2021-01-05 09:34:37.161,0.0182,0.0177,32.0,0.0174,6.0,8467.0,62.0
2021-01-05 09:34:37.700,0.0182,0.0177,32.0,0.0174,6.0,8467.0,62.0
2021-01-05 09:34:38.690,0.0182,0.0176,12.0,0.0174,6.0,8467.0,62.0
2021-01-05 09:34:39.091,0.0182,0.0176,32.0,0.0174,26.0,8467.0,62.0
2021-01-05 09:34:39.470,0.0182,0.0176,32.0,0.0174,26.0,8467.0,62.0
2021-01-05 09:34:40.651,0.0182,0.0176,20.0,0.0174,26.0,8467.0,62.0
2021-01-05 09:34:41.201,0.0182,0.0176,32.0,0.0174,26.0,8467.0,62.0
2021-01-05 09:34:42.171,0.0182,0.0176,20.0,0.0174,26.0,8467.0,62.0
2021-01-05 09:34:42.680,0.0182,0.0176,20.0,0.0174,38.0,8467.0,62.0
2021-01-05 09:34:46.140,0.0182,0.0176,20.0,0.0174,18.0,8467.0,62.0
2021-01-05 09:34:46.660,0.0182,0.0177,40.0,0.0174,18.0,8467.0,62.0
2021-01-05 09:34:47.181,0.0182,0.0177,40.0,0.0174,18.0,8467.0,62.0
2021-01-05 09:34:47.701,0.0182,0.0177,52.0,0.0174,6.0,8467.0,62.0
2021-01-05 09:34:49.210,0.0182,0.0177,52.0,0.0174,6.0,8467.0,62.0
2021-01-05 09:34:49.701,0.0182,0.0177,40.0,0.0174,18.0,8467.0,62.0
2021-01-05 09:34:51.701,0.0182,0.0177,40.0,0.0175,12.0,8467.0,62.0
2021-01-05 09:34:52.101,0.0182,0.0177,40.0,0.0174,18.0,8467.0,62.0
2021-01-05 09:34:52.650,0.0182,0.0177,52.0,0.0174,6.0,8467.0,62.0
2021-01-05 09:34:53.180,0.0182,0.0176,12.0,0.0174,6.0,8467.0,62.0
2021-01-05 09:34:53.651,0.0182,0.0175,12.0,0.0174,6.0,8467.0,62.0
2021-01-05 09:34:54.170,0.0182,0.0175,12.0,0.0174,6.0,8467.0,62.0
2021-01-05 09:34:54.631,0.0174,0.0176,40.0,0.0172,20.0,8467.0,68.0
2021-01-05 09:34:55.161,0.0174,0.0176,40.0,0.0171,20.0,8467.0,68.0
2021-01-05 09:34:55.680,0.0174,0.0176,32.0,0.0172,12.0,8467.0,68.0
2021-01-05 09:34:56.141,0.0174,0.0175,12.0,0.0171,32.0,8467.0,68.0
2021-01-05 09:34:56.681,0.0174,0.0174,12.0,0.017,32.0,8467.0,68.0
2021-01-05 09:34:57.130,0.0174,0.0174,32.0,0.017,32.0,8467.0,68.0
2021-01-05 09:34:57.651,0.0174,0.0174,20.0,0.0171,12.0,8467.0,68.0
2021-01-05 09:34:58.160,0.0174,0.0174,20.0,0.0171,12.0,8467.0,68.0
2021-01-05 09:34:58.640,0.0174,0.0174,20.0,0.0171,12.0,8467.0,68.0
2021-01-05 09:34:59.170,0.0174,0.0174,32.0,0.017,32.0,8467.0,68.0
2021-01-05 09:35:00.021,0.0174,0.0174,20.0,0.0171,12.0,8467.0,68.0
2021-01-05 09:35:00.630,0.0174,0.0174,20.0,0.0172,12.0,8467.0,68.0
2021-01-05 09:35:01.070,0.0174,0.0174,20.0,0.0172,12.0,8467.0,68.0
2021-01-05 09:35:01.620,0.0174,0.0174,20.0,0.0172,12.0,8467.0,68.0
2021-01-05 09:35:02.680,0.0174,0.0174,20.0,0.0172,12.0,8467.0,68.0
2021-01-05 09:35:03.180,0.0174,0.0174,20.0,0.0172,12.0,8467.0,68.0
2021-01-05 09:35:03.631,0.0174,0.0174,20.0,0.0173,12.0,8467.0,68.0
2021-01-05 09:35:04.181,0.0174,0.0175,20.0,0.0173,12.0,8467.0,68.0
2021-01-05 09:35:05.180,0.0174,0.0175,14.0,0.0173,12.0,8467.0,68.0
2021-01-05 09:35:05.671,0.0174,0.0175,14.0,0.0173,12.0,8467.0,68.0
2021-01-05 09:35:06.180,0.0174,0.0175,34.0,0.0173,12.0,8467.0,68.0
2021-01-05 09:35:07.131,0.0174,0.0175,20.0,0.0173,12.0,8467.0,68.0
2021-01-05 09:35:07.650,0.0174,0.0175,32.0,0.0171,52.0,8467.0,68.0
2021-01-05 09:35:08.171,0.0174,0.0174,12.0,0.0171,20.0,8467.0,68.0
2021-01-05 09:35:09.191,0.0174,0.0173,12.0,0.0169,32.0,8467.0,68.0
2021-01-05 09:35:09.700,0.0174,0.0172,12.0,0.017,14.0,8467.0,68.0
2021-01-05 09:35:10.180,0.0174,0.0173,52.0,0.017,14.0,8467.0,68.0
2021-01-05 09:35:10.691,0.0174,0.0173,32.0,0.0171,20.0,8467.0,68.0
2021-01-05 09:35:11.120,0.0174,0.0173,32.0,0.0171,20.0,8467.0,68.0
2021-01-05 09:35:11.671,0.0174,0.0173,32.0,0.0171,20.0,8467.0,68.0
2021-01-05 09:35:12.101,0.0174,0.0173,32.0,0.0171,20.0,8467.0,68.0
2021-01-05 09:35:12.691,0.0174,0.0173,20.0,0.0171,20.0,8467.0,68.0
2021-01-05 09:35:13.181,0.0174,0.0173,20.0,0.0171,32.0,8467.0,68.0
2021-01-05 09:35:13.640,0.0174,0.0174,20.0,0.0171,20.0,8467.0,68.0
2021-01-05 09:35:14.191,0.0174,0.0174,20.0,0.0172,12.0,8467.0,68.0
2021-01-05 09:35:14.700,0.0174,0.0174,20.0,0.0172,12.0,8467.0,68.0
2021-01-05 09:35:15.200,0.0174,0.0174,20.0,0.0171,52.0,8467.0,68.0
2021-01-05 09:35:15.701,0.0174,0.0174,20.0,0.0171,52.0,8467.0,68.0
2021-01-05 09:35:16.201,0.0174,0.0174,32.0,0.0171,20.0,8467.0,68.0
2021-01-05 09:35:16.681,0.0174,0.0173,12.0,0.0171,20.0,8467.0,68.0
2021-01-05 09:35:17.190,0.0174,0.0173,12.0,0.0171,20.0,8467.0,68.0
2021-01-05 09:35:17.680,0.0174,0.0173,12.0,0.0171,20.0,8467.0,68.0
2021-01-05 09:35:18.170,0.0174,0.0174,32.0,0.0171,20.0,8467.0,68.0
2021-01-05 09:35:18.641,0.0174,0.0174,32.0,0.0171,20.0,8467.0,68.0
2021-01-05 09:35:19.180,0.0174,0.0174,32.0,0.0171,20.0,8467.0,68.0
2021-01-05 09:35:19.641,0.0174,0.0174,20.0,0.0171,32.0,8467.0,68.0
2021-01-05 09:35:20.170,0.0174,0.0173,12.0,0.0171,20.0,8467.0,68.0
2021-01-05 09:35:20.681,0.0174,0.0172,12.0,0.0171,20.0,8467.0,68.0
2021-01-05 09:35:21.180,0.0174,0.0173,20.0,0.0171,20.0,8467.0,68.0
2021-01-05 09:35:21.601,0.0174,0.0174,32.0,0.0171,20.0,8467.0,68.0
2021-01-05 09:35:22.171,0.0174,0.0174,32.0,0.0171,40.0,8467.0,68.0
2021-01-05 09:35:22.650,0.0174,0.0175,12.0,0.0171,32.0,8467.0,68.0
2021-01-05 09:35:23.130,0.0174,0.0174,12.0,0.0171,20.0,8467.0,68.0
2021-01-05 09:35:23.680,0.0174,0.0173,12.0,0.0171,20.0,8467.0,68.0
2021-01-05 09:35:24.171,0.0174,0.0173,20.0,0.0171,20.0,8467.0,68.0
2021-01-05 09:35:24.671,0.0174,0.0173,32.0,0.0171,20.0,8467.0,68.0
2021-01-05 09:35:26.171,0.0174,0.0173,20.0,0.0171,20.0,8467.0,68.0
2021-01-05 09:35:29.641,0.0174,0.0173,20.0,0.0171,32.0,8467.0,68.0
2021-01-05 09:35:30.121,0.0174,0.0173,20.0,0.0171,20.0,8467.0,68.0
2021-01-05 09:35:31.170,0.0174,0.0173,20.0,0.0171,20.0,8467.0,68.0
2021-01-05 09:35:31.700,0.0174,0.0173,20.0,0.0171,32.0,8467.0,68.0
2021-01-05 09:35:32.161,0.0174,0.0174,32.0,0.0171,20.0,8467.0,68.0
2021-01-05 09:35:32.630,0.0174,0.0173,12.0,0.0171,20.0,8467.0,68.0
2021-01-05 09:35:33.160,0.0174,0.0173,32.0,0.0171,20.0,8467.0,68.0
2021-01-05 09:35:33.650,0.0174,0.0173,32.0,0.0171,20.0,8467.0,68.0
2021-01-05 09:35:34.190,0.0174,0.0172,12.0,0.0171,20.0,8467.0,68.0
2021-01-05 09:35:34.691,0.0174,0.0173,32.0,0.0171,20.0,8467.0,68.0
2021-01-05 09:35:35.200,0.0174,0.0173,20.0,0.0171,20.0,8467.0,68.0
2021-01-05 09:35:35.600,0.0174,0.0173,20.0,0.0171,32.0,8467.0,68.0
2021-01-05 09:35:36.601,0.0174,0.0173,20.0,0.0171,32.0,8467.0,68.0
2021-01-05 09:35:39.140,0.0174,0.0173,20.0,0.0172,12.0,8467.0,68.0
2021-01-05 09:35:39.690,0.0174,0.0174,20.0,0.0171,32.0,8467.0,68.0
2021-01-05 09:35:40.191,0.0174,0.0174,32.0,0.0171,20.0,8467.0,68.0
2021-01-05 09:35:41.190,0.0174,0.0174,32.0,0.0171,20.0,8467.0,68.0
2021-01-05 09:35:42.670,0.0174,0.0173,12.0,0.0171,20.0,8467.0,68.0
2021-01-05 09:35:43.190,0.0174,0.0173,32.0,0.0171,20.0,8467.0,68.0
2021-01-05 09:35:43.661,0.0174,0.0173,20.0,0.0171,20.0,8467.0,68.0
2021-01-05 09:35:44.041,0.0174,0.0173,20.0,0.0171,20.0,8467.0,68.0
2021-01-05 09:35:45.071,0.0174,0.0173,20.0,0.0171,20.0,8467.0,68.0
2021-01-05 09:35:46.170,0.0174,0.0173,32.0,0.0171,20.0,8467.0,68.0
2021-01-05 09:35:46.700,0.0174,0.0173,52.0,0.0171,20.0,8467.0,68.0
2021-01-05 09:35:49.190,0.0174,0.0173,52.0,0.0171,20.0,8467.0,68.0
2021-01-05 09:35:51.710,0.0174,0.0173,40.0,0.0172,20.0,8467.0,68.0
2021-01-05 09:35:52.190,0.0172,0.0173,40.0,0.017,32.0,8467.0,88.0
2021-01-05 09:35:52.661,0.0172,0.0173,32.0,0.0169,52.0,8467.0,88.0
2021-01-05 09:35:52.990,0.0172,0.0173,32.0,0.0169,32.0,8467.0,88.0
2021-01-05 09:35:53.570,0.0172,0.0173,32.0,0.0169,32.0,8467.0,88.0
2021-01-05 09:35:54.161,0.0172,0.0173,20.0,0.017,12.0,8467.0,88.0
2021-01-05 09:35:54.640,0.0172,0.0173,20.0,0.017,12.0,8467.0,88.0
2021-01-05 09:35:55.151,0.0172,0.0173,20.0,0.0171,12.0,8467.0,88.0
2021-01-05 09:35:55.691,0.0172,0.0173,20.0,0.0171,12.0,8467.0,88.0
2021-01-05 09:35:56.690,0.0172,0.0173,20.0,0.017,12.0,8467.0,88.0
2021-01-05 09:35:57.160,0.0172,0.0173,20.0,0.0171,12.0,8467.0,88.0
2021-01-05 09:35:57.681,0.0172,0.0173,20.0,0.0171,12.0,8467.0,88.0
2021-01-05 09:35:58.150,0.0172,0.0173,20.0,0.0171,12.0,8467.0,88.0
2021-01-05 09:35:58.701,0.0172,0.0173,20.0,0.0172,12.0,8467.0,88.0
2021-01-05 09:35:59.160,0.0172,0.0174,20.0,0.0172,12.0,8467.0,88.0
2021-01-05 09:36:00.201,0.0172,0.0174,34.0,0.0171,12.0,8467.0,88.0
2021-01-05 09:36:00.680,0.0172,0.0174,54.0,0.0172,12.0,8467.0,88.0
2021-01-05 09:36:01.671,0.0172,0.0174,34.0,0.0171,12.0,8467.0,88.0
2021-01-05 09:36:02.170,0.0172,0.0174,20.0,0.0172,12.0,8467.0,88.0
2021-01-05 09:36:02.701,0.0172,0.0174,20.0,0.0171,12.0,8467.0,88.0
2021-01-05 09:36:03.150,0.0172,0.0174,20.0,0.0171,32.0,8467.0,88.0
2021-01-05 09:36:03.700,0.0172,0.0174,20.0,0.0171,12.0,8467.0,88.0
2021-01-05 09:36:04.670,0.0172,0.0174,20.0,0.0172,12.0,8467.0,88.0
2021-01-05 09:36:05.150,0.0172,0.0174,20.0,0.0172,12.0,8467.0,88.0
2021-01-05 09:36:05.690,0.0172,0.0174,20.0,0.0172,12.0,8467.0,88.0
2021-01-05 09:36:06.700,0.0172,0.0174,20.0,0.0172,12.0,8467.0,88.0
2021-01-05 09:36:10.160,0.0172,0.0174,20.0,0.0172,12.0,8467.0,88.0
2021-01-05 09:36:10.671,0.0172,0.0174,20.0,0.0172,12.0,8467.0,88.0
2021-01-05 09:36:11.180,0.0172,0.0174,32.0,0.017,52.0,8467.0,88.0
2021-01-05 09:36:11.651,0.0172,0.0174,32.0,0.017,32.0,8467.0,88.0
2021-01-05 09:36:12.181,0.0172,0.0174,32.0,0.017,32.0,8467.0,88.0
2021-01-05 09:36:12.690,0.0172,0.0174,32.0,0.017,32.0,8467.0,88.0
2021-01-05 09:36:14.150,0.0172,0.0174,32.0,0.017,32.0,8467.0,88.0
2021-01-05 09:36:15.170,0.0172,0.0174,20.0,0.0171,12.0,8467.0,88.0
2021-01-05 09:36:15.660,0.0172,0.0174,20.0,0.0171,12.0,8467.0,88.0
2021-01-05 09:36:16.150,0.0172,0.0174,20.0,0.0171,12.0,8467.0,88.0
2021-01-05 09:36:17.180,0.0172,0.0174,20.0,0.0171,12.0,8467.0,88.0
2021-01-05 09:36:18.181,0.0172,0.0174,20.0,0.0171,12.0,8467.0,88.0
2021-01-05 09:36:19.151,0.0172,0.0174,32.0,0.017,32.0,8467.0,88.0
2021-01-05 09:36:19.691,0.0172,0.0174,20.0,0.0171,12.0,8467.0,88.0
2021-01-05 09:36:20.690,0.0172,0.0174,20.0,0.0171,12.0,8467.0,88.0
2021-01-05 09:36:21.120,0.0172,0.0174,20.0,0.0171,32.0,8467.0,88.0
2021-01-05 09:36:21.691,0.0172,0.0174,32.0,0.017,52.0,8467.0,88.0
2021-01-05 09:36:22.171,0.0172,0.0174,32.0,0.017,52.0,8467.0,88.0
2021-01-05 09:36:22.680,0.0172,0.0174,32.0,0.0171,20.0,8467.0,88.0
2021-01-05 09:36:23.191,0.0172,0.0174,32.0,0.0171,20.0,8467.0,88.0
2021-01-05 09:36:23.681,0.0172,0.0174,32.0,0.0171,20.0,8467.0,88.0
2021-01-05 09:36:24.171,0.0172,0.0174,32.0,0.0171,20.0,8467.0,88.0
2021-01-05 09:36:25.650,0.0172,0.0174,20.0,0.0171,12.0,8467.0,88.0
2021-01-05 09:36:26.171,0.0172,0.0174,32.0,0.017,52.0,8467.0,88.0
2021-01-05 09:36:26.651,0.0172,0.0174,32.0,0.017,52.0,8467.0,88.0
2021-01-05 09:36:27.070,0.0172,0.0174,46.0,0.017,32.0,8467.0,88.0
2021-01-05 09:36:27.690,0.0172,0.0174,46.0,0.017,32.0,8467.0,88.0
2021-01-05 09:36:29.171,0.0172,0.0174,46.0,0.017,32.0,8467.0,88.0
2021-01-05 09:36:29.661,0.0172,0.0174,46.0,0.017,32.0,8467.0,88.0
2021-01-05 09:36:30.161,0.0172,0.0174,46.0,0.017,32.0,8467.0,88.0
2021-01-05 09:36:30.700,0.0172,0.0174,46.0,0.017,32.0,8467.0,88.0
2021-01-05 09:36:31.181,0.0172,0.0174,46.0,0.017,32.0,8467.0,88.0
2021-01-05 09:36:31.690,0.0172,0.0174,34.0,0.017,20.0,8467.0,88.0
2021-01-05 09:36:32.130,0.0172,0.0173,12.0,0.017,20.0,8467.0,88.0
2021-01-05 09:36:32.660,0.0172,0.0173,32.0,0.017,20.0,8467.0,88.0
2021-01-05 09:36:33.200,0.0172,0.0174,20.0,0.0171,12.0,8467.0,88.0
2021-01-05 09:36:33.670,0.0172,0.0174,14.0,0.0172,12.0,8467.0,88.0
2021-01-05 09:36:34.091,0.0172,0.0174,26.0,0.0171,20.0,8467.0,88.0
2021-01-05 09:36:34.671,0.0172,0.0174,14.0,0.0171,32.0,8467.0,88.0
2021-01-05 09:36:34.971,0.0172,0.0174,14.0,0.0171,32.0,8467.0,88.0
2021-01-05 09:36:35.701,0.0172,0.0174,26.0,0.0171,20.0,8467.0,88.0
2021-01-05 09:36:36.700,0.0172,0.0174,26.0,0.0171,20.0,8467.0,88.0
2021-01-05 09:36:37.190,0.0172,0.0174,26.0,0.0171,20.0,8467.0,88.0
2021-01-05 09:36:40.191,0.0172,0.0174,26.0,0.0171,20.0,8467.0,88.0
2021-01-05 09:36:40.700,0.0172,0.0172,12.0,0.0171,20.0,8467.0,88.0
2021-01-05 09:36:41.201,0.0172,0.0173,12.0,0.017,20.0,8467.0,88.0
2021-01-05 09:36:41.641,0.0172,0.0174,32.0,0.017,32.0,8467.0,88.0
2021-01-05 09:36:42.200,0.0172,0.0173,26.0,0.017,20.0,8467.0,88.0
2021-01-05 09:36:42.690,0.0172,0.0174,20.0,0.017,20.0,8467.0,88.0
2021-01-05 09:36:43.180,0.0172,0.0173,12.0,0.017,20.0,8467.0,88.0
2021-01-05 09:36:43.700,0.0172,0.0173,12.0,0.017,20.0,8467.0,88.0
2021-01-05 09:36:44.200,0.0172,0.0173,12.0,0.017,20.0,8467.0,88.0
2021-01-05 09:36:45.191,0.0172,0.0173,12.0,0.017,20.0,8467.0,88.0
2021-01-05 09:36:45.631,0.0172,0.0173,46.0,0.017,20.0,8467.0,88.0
2021-01-05 09:36:46.190,0.0172,0.0172,12.0,0.017,20.0,8467.0,88.0
2021-01-05 09:36:46.651,0.0172,0.0172,12.0,0.017,20.0,8467.0,88.0
2021-01-05 09:36:47.130,0.0172,0.0172,12.0,0.017,20.0,8467.0,88.0
2021-01-05 09:36:47.660,0.0172,0.0171,12.0,0.017,20.0,8467.0,88.0
2021-01-05 09:36:48.130,0.0172,0.0171,12.0,0.0169,40.0,8467.0,88.0
2021-01-05 09:36:48.630,0.0172,0.0172,20.0,0.0169,20.0,8467.0,88.0
2021-01-05 09:36:49.181,0.0172,0.0172,20.0,0.0169,32.0,8467.0,88.0
2021-01-05 09:36:49.700,0.0172,0.0173,32.0,0.0169,32.0,8467.0,88.0
2021-01-05 09:36:50.201,0.0172,0.0173,46.0,0.0169,32.0,8467.0,88.0
2021-01-05 09:36:50.670,0.0172,0.0173,46.0,0.0169,32.0,8467.0,88.0
2021-01-05 09:36:51.671,0.0172,0.0172,12.0,0.0169,20.0,8467.0,88.0
2021-01-05 09:36:52.180,0.0172,0.0172,12.0,0.0169,20.0,8467.0,88.0
2021-01-05 09:36:52.691,0.0172,0.0172,12.0,0.0169,20.0,8467.0,88.0
2021-01-05 09:36:53.680,0.0172,0.0172,12.0,0.0169,20.0,8467.0,88.0
2021-01-05 09:36:54.180,0.0172,0.0173,32.0,0.0169,32.0,8467.0,88.0
2021-01-05 09:36:54.631,0.0172,0.0173,32.0,0.0169,32.0,8467.0,88.0
2021-01-05 09:36:55.171,0.0172,0.0172,12.0,0.0169,20.0,8467.0,88.0
2021-01-05 09:36:55.651,0.0172,0.0172,12.0,0.0169,20.0,8467.0,88.0
2021-01-05 09:36:56.141,0.0172,0.0172,12.0,0.0169,20.0,8467.0,88.0
2021-01-05 09:36:57.630,0.0172,0.0173,32.0,0.0169,32.0,8467.0,88.0
2021-01-05 09:36:58.160,0.0172,0.0173,32.0,0.0169,32.0,8467.0,88.0
2021-01-05 09:36:58.610,0.0172,0.0173,20.0,0.017,12.0,8467.0,88.0
2021-01-05 09:36:59.181,0.0172,0.0173,12.0,0.0169,52.0,8467.0,88.0
2021-01-05 09:36:59.690,0.0172,0.0173,12.0,0.0169,32.0,8467.0,88.0
2021-01-05 09:37:00.151,0.0172,0.0173,20.0,0.017,12.0,8467.0,88.0
2021-01-05 09:37:00.700,0.0172,0.0173,14.0,0.017,32.0,8467.0,88.0
2021-01-05 09:37:01.081,0.0172,0.0173,14.0,0.017,32.0,8467.0,88.0
2021-01-05 09:37:01.630,0.0172,0.0174,32.0,0.017,32.0,8467.0,88.0
2021-01-05 09:37:02.191,0.0172,0.0174,46.0,0.017,32.0,8467.0,88.0
2021-01-05 09:37:02.610,0.0172,0.0174,34.0,0.017,20.0,8467.0,88.0
2021-01-05 09:37:03.151,0.0172,0.0174,46.0,0.017,32.0,8467.0,88.0
2021-01-05 09:37:03.630,0.0172,0.0174,34.0,0.0171,12.0,8467.0,88.0
2021-01-05 09:37:04.200,0.0172,0.0174,34.0,0.0171,12.0,8467.0,88.0
2021-01-05 09:37:04.690,0.0172,0.0174,34.0,0.017,20.0,8467.0,88.0
2021-01-05 09:37:05.140,0.0172,0.0174,46.0,0.017,12.0,8467.0,88.0
2021-01-05 09:37:05.701,0.0172,0.0174,34.0,0.0171,12.0,8467.0,88.0
2021-01-05 09:37:06.171,0.0172,0.0174,34.0,0.017,20.0,8467.0,88.0
2021-01-05 09:37:06.700,0.0172,0.0174,46.0,0.017,12.0,8467.0,88.0
2021-01-05 09:37:07.180,0.0172,0.0174,46.0,0.017,32.0,8467.0,88.0
2021-01-05 09:37:07.681,0.0172,0.0174,46.0,0.017,12.0,8467.0,88.0
2021-01-05 09:37:08.200,0.0172,0.0173,12.0,0.0169,52.0,8467.0,88.0
2021-01-05 09:37:08.630,0.0172,0.0173,20.0,0.017,12.0,8467.0,88.0
2021-01-05 09:37:09.170,0.0172,0.0173,56.0,0.0169,52.0,8467.0,88.0
2021-01-05 09:37:09.660,0.0172,0.0173,56.0,0.0169,32.0,8467.0,88.0
2021-01-05 09:37:10.140,0.0172,0.0173,20.0,0.017,22.0,8467.0,88.0
2021-01-05 09:37:10.701,0.0172,0.0173,32.0,0.0169,62.0,8467.0,88.0
2021-01-05 09:37:11.201,0.0172,0.0173,32.0,0.0169,42.0,8467.0,88.0
2021-01-05 09:37:11.700,0.0172,0.0173,32.0,0.0169,42.0,8467.0,88.0
2021-01-05 09:37:12.131,0.0172,0.0173,32.0,0.0169,42.0,8467.0,88.0
2021-01-05 09:37:12.620,0.0172,0.0173,46.0,0.0169,42.0,8467.0,88.0
2021-01-05 09:37:13.681,0.0172,0.0172,12.0,0.0169,30.0,8467.0,88.0
2021-01-05 09:37:14.171,0.0172,0.0172,20.0,0.0169,42.0,8467.0,88.0
2021-01-05 09:37:14.701,0.0172,0.0172,20.0,0.0169,42.0,8467.0,88.0
2021-01-05 09:37:15.200,0.0172,0.0172,20.0,0.0169,42.0,8467.0,88.0
2021-01-05 09:37:15.700,0.0172,0.0172,20.0,0.017,12.0,8467.0,88.0
2021-01-05 09:37:16.190,0.0172,0.0173,42.0,0.0169,62.0,8467.0,88.0
2021-01-05 09:37:16.461,0.0172,0.0173,34.0,0.0169,50.0,8467.0,88.0
2021-01-05 09:37:17.200,0.0172,0.0173,34.0,0.0169,50.0,8467.0,88.0
2021-01-05 09:37:17.671,0.0172,0.0173,46.0,0.0169,62.0,8467.0,88.0
2021-01-05 09:37:18.710,0.0172,0.0173,46.0,0.0169,42.0,8467.0,88.0
2021-01-05 09:37:19.131,0.0172,0.0172,12.0,0.0169,30.0,8467.0,88.0
2021-01-05 09:37:19.711,0.0172,0.0172,20.0,0.0169,42.0,8467.0,88.0
2021-01-05 09:37:20.211,0.0172,0.0172,20.0,0.0169,42.0,8467.0,88.0
2021-01-05 09:37:21.701,0.0172,0.0172,20.0,0.0169,62.0,8467.0,88.0
2021-01-05 09:37:22.620,0.0172,0.0172,20.0,0.0169,42.0,8467.0,88.0
2021-01-05 09:37:30.191,0.0172,0.0172,20.0,0.017,12.0,8467.0,88.0
2021-01-05 09:37:30.650,0.0172,0.0172,32.0,0.0169,50.0,8467.0,88.0
2021-01-05 09:37:31.190,0.0172,0.0172,20.0,0.017,12.0,8467.0,88.0
2021-01-05 09:37:31.691,0.0172,0.0173,20.0,0.017,12.0,8467.0,88.0
2021-01-05 09:37:32.181,0.0172,0.0173,34.0,0.017,12.0,8467.0,88.0
2021-01-05 09:37:32.651,0.0172,0.0173,34.0,0.017,12.0,8467.0,88.0
2021-01-05 09:37:33.180,0.0172,0.0173,44.0,0.017,12.0,8467.0,88.0
2021-01-05 09:37:33.701,0.0172,0.0173,34.0,0.0171,12.0,8467.0,88.0
2021-01-05 09:37:34.200,0.0172,0.0173,34.0,0.0171,12.0,8467.0,88.0
2021-01-05 09:37:34.500,0.0172,0.0173,14.0,0.0171,12.0,8467.0,88.0
2021-01-05 09:37:35.650,0.0172,0.0173,34.0,0.0171,10.0,8467.0,88.0
2021-01-05 09:37:36.200,0.0172,0.0173,34.0,0.0171,10.0,8467.0,88.0
2021-01-05 09:37:36.671,0.0172,0.0173,34.0,0.0171,10.0,8467.0,88.0
2021-01-05 09:37:37.180,0.0172,0.0173,14.0,0.0171,10.0,8467.0,88.0
2021-01-05 09:37:37.691,0.0172,0.0173,14.0,0.0171,10.0,8467.0,88.0
2021-01-05 09:37:38.161,0.0172,0.0173,34.0,0.0171,10.0,8467.0,88.0
2021-01-05 09:37:39.170,0.0172,0.0173,34.0,0.0171,10.0,8467.0,88.0
2021-01-05 09:37:40.161,0.0172,0.0173,14.0,0.0171,10.0,8467.0,88.0
2021-01-05 09:37:40.701,0.0172,0.0173,14.0,0.0171,22.0,8467.0,88.0
2021-01-05 09:37:41.131,0.0172,0.0173,34.0,0.0171,22.0,8467.0,88.0
2021-01-05 09:37:41.671,0.0172,0.0173,14.0,0.0171,22.0,8467.0,88.0
2021-01-05 09:37:42.130,0.0172,0.0174,20.0,0.0171,22.0,8467.0,88.0
2021-01-05 09:37:42.691,0.0172,0.0174,20.0,0.0171,22.0,8467.0,88.0
2021-01-05 09:37:43.181,0.0172,0.0174,20.0,0.0171,22.0,8467.0,88.0
2021-01-05 09:37:44.651,0.0172,0.0174,20.0,0.0171,22.0,8467.0,88.0
2021-01-05 09:37:45.191,0.0172,0.0174,20.0,0.0172,12.0,8467.0,88.0
2021-01-05 09:37:45.650,0.0172,0.0174,20.0,0.0172,12.0,8467.0,88.0
2021-01-05 09:37:46.601,0.0172,0.0174,20.0,0.0172,12.0,8467.0,88.0
2021-01-05 09:37:47.661,0.0172,0.0174,20.0,0.0172,12.0,8467.0,88.0
2021-01-05 09:37:48.201,0.0172,0.0174,20.0,0.0172,12.0,8467.0,88.0
2021-01-05 09:37:49.190,0.0172,0.0174,20.0,0.0171,42.0,8467.0,88.0
2021-01-05 09:37:49.670,0.0172,0.0174,20.0,0.0172,12.0,8467.0,88.0
2021-01-05 09:37:50.220,0.0172,0.0174,20.0,0.0171,22.0,8467.0,88.0
2021-01-05 09:37:50.721,0.0172,0.0174,20.0,0.0172,10.0,8467.0,88.0
2021-01-05 09:37:51.161,0.0172,0.0174,20.0,0.0172,10.0,8467.0,88.0
2021-01-05 09:37:51.691,0.0172,0.0174,20.0,0.0171,42.0,8467.0,88.0
2021-01-05 09:37:52.191,0.0172,0.0174,20.0,0.0172,10.0,8467.0,88.0
2021-01-05 09:37:52.660,0.0172,0.0174,20.0,0.0172,10.0,8467.0,88.0
2021-01-05 09:37:53.161,0.0172,0.0174,20.0,0.0172,10.0,8467.0,88.0
2021-01-05 09:37:53.680,0.0172,0.0174,32.0,0.0171,10.0,8467.0,88.0
2021-01-05 09:37:54.170,0.0172,0.0174,20.0,0.0172,10.0,8467.0,88.0
2021-01-05 09:37:54.690,0.0172,0.0174,20.0,0.0172,10.0,8467.0,88.0
2021-01-05 09:37:55.190,0.0172,0.0174,32.0,0.0172,10.0,8467.0,88.0
2021-01-05 09:37:56.121,0.0172,0.0174,32.0,0.0172,10.0,8467.0,88.0
2021-01-05 09:37:56.611,0.0172,0.0174,32.0,0.0172,10.0,8467.0,88.0
2021-01-05 09:37:57.170,0.0172,0.0174,12.0,0.0172,10.0,8467.0,88.0
2021-01-05 09:37:57.601,0.0172,0.0174,32.0,0.0172,10.0,8467.0,88.0
2021-01-05 09:37:59.161,0.0172,0.0174,12.0,0.0171,30.0,8467.0,88.0
2021-01-05 09:37:59.651,0.0172,0.0174,32.0,0.0171,24.0,8467.0,88.0
2021-01-05 09:38:01.180,0.0172,0.0174,32.0,0.0172,10.0,8467.0,88.0
2021-01-05 09:38:01.681,0.0172,0.0174,32.0,0.0172,10.0,8467.0,88.0
2021-01-05 09:38:03.191,0.0172,0.0174,32.0,0.0171,30.0,8467.0,88.0
2021-01-05 09:38:03.691,0.0172,0.0174,32.0,0.0171,10.0,8467.0,88.0
2021-01-05 09:38:04.090,0.0172,0.0173,12.0,0.0171,10.0,8467.0,88.0
2021-01-05 09:38:04.680,0.0172,0.0173,20.0,0.0171,10.0,8467.0,88.0
2021-01-05 09:38:05.681,0.0172,0.0173,20.0,0.0171,10.0,8467.0,88.0
2021-01-05 09:38:06.151,0.0172,0.0173,20.0,0.0171,24.0,8467.0,88.0
2021-01-05 09:38:06.691,0.0172,0.0173,32.0,0.0171,10.0,8467.0,88.0
2021-01-05 09:38:07.200,0.0172,0.0173,32.0,0.0171,10.0,8467.0,88.0
2021-01-05 09:38:07.690,0.0172,0.0173,32.0,0.017,30.0,8467.0,88.0
2021-01-05 09:38:08.021,0.0172,0.0173,32.0,0.0171,10.0,8467.0,88.0
2021-01-05 09:38:09.160,0.0172,0.0173,32.0,0.017,24.0,8467.0,88.0
2021-01-05 09:38:09.611,0.0172,0.0172,12.0,0.017,10.0,8467.0,88.0
2021-01-05 09:38:10.180,0.0172,0.0172,12.0,0.017,10.0,8467.0,88.0
2021-01-05 09:38:10.670,0.0172,0.0172,12.0,0.017,10.0,8467.0,88.0
2021-01-05 09:38:11.141,0.0172,0.0172,20.0,0.017,10.0,8467.0,88.0
2021-01-05 09:38:11.701,0.0172,0.0173,32.0,0.017,24.0,8467.0,88.0
2021-01-05 09:38:12.191,0.0172,0.0173,32.0,0.017,24.0,8467.0,88.0
2021-01-05 09:38:12.531,0.0172,0.0173,32.0,0.017,10.0,8467.0,88.0
2021-01-05 09:38:13.110,0.0172,0.0173,32.0,0.017,10.0,8467.0,88.0
2021-01-05 09:38:13.690,0.0172,0.0172,12.0,0.017,10.0,8467.0,88.0
2021-01-05 09:38:14.141,0.0172,0.0172,12.0,0.017,10.0,8467.0,88.0
2021-01-05 09:38:14.691,0.0172,0.0172,20.0,0.017,10.0,8467.0,88.0
2021-01-05 09:38:15.150,0.0172,0.0172,32.0,0.017,10.0,8467.0,88.0
2021-01-05 09:38:15.730,0.0172,0.0172,20.0,0.0169,42.0,8467.0,88.0
2021-01-05 09:38:16.210,0.0172,0.0172,20.0,0.017,10.0,8467.0,88.0
2021-01-05 09:38:16.731,0.0172,0.0172,20.0,0.017,10.0,8467.0,88.0
2021-01-05 09:38:17.190,0.0172,0.0172,32.0,0.017,10.0,8467.0,88.0
2021-01-05 09:38:18.231,0.0172,0.0172,32.0,0.017,10.0,8467.0,88.0
2021-01-05 09:38:18.660,0.0172,0.0172,32.0,0.017,10.0,8467.0,88.0
2021-01-05 09:38:20.671,0.0172,0.0172,32.0,0.017,10.0,8467.0,88.0
2021-01-05 09:38:21.670,0.0172,0.0172,32.0,0.0169,10.0,8467.0,88.0
2021-01-05 09:38:22.661,0.0172,0.0172,32.0,0.0169,10.0,8467.0,88.0
2021-01-05 09:38:23.201,0.0172,0.0171,12.0,0.0169,10.0,8467.0,88.0
2021-01-05 09:38:23.681,0.0172,0.0171,32.0,0.0169,10.0,8467.0,88.0
2021-01-05 09:38:24.141,0.0172,0.0171,32.0,0.0169,10.0,8467.0,88.0
2021-01-05 09:38:24.671,0.0172,0.0171,32.0,0.0169,10.0,8467.0,88.0
2021-01-05 09:38:25.101,0.0172,0.0171,20.0,0.0169,22.0,8467.0,88.0
2021-01-05 09:38:25.700,0.0172,0.0171,20.0,0.0169,22.0,8467.0,88.0
2021-01-05 09:38:26.100,0.0172,0.0171,20.0,0.0169,22.0,8467.0,88.0
2021-01-05 09:38:26.701,0.0172,0.0171,20.0,0.017,12.0,8467.0,88.0
2021-01-05 09:38:27.201,0.0172,0.0172,40.0,0.0169,22.0,8467.0,88.0
2021-01-05 09:38:27.691,0.0172,0.0172,52.0,0.0169,10.0,8467.0,88.0
2021-01-05 09:38:29.191,0.0172,0.0172,52.0,0.0169,10.0,8467.0,88.0
2021-01-05 09:38:29.621,0.0172,0.0171,12.0,0.0169,10.0,8467.0,88.0
2021-01-05 09:38:30.190,0.0172,0.0171,32.0,0.0169,10.0,8467.0,88.0
2021-01-05 09:38:30.670,0.0172,0.0171,20.0,0.0169,10.0,8467.0,88.0
2021-01-05 09:38:31.181,0.0172,0.0171,32.0,0.0169,10.0,8467.0,88.0
2021-01-05 09:38:31.700,0.0172,0.0171,12.0,0.0169,10.0,8467.0,88.0
2021-01-05 09:38:32.171,0.0172,0.0171,32.0,0.0169,10.0,8467.0,88.0
2021-01-05 09:38:33.191,0.0172,0.0171,32.0,0.0169,10.0,8467.0,88.0
2021-01-05 09:38:33.700,0.0172,0.017,12.0,0.0168,30.0,8467.0,88.0
2021-01-05 09:38:34.201,0.0172,0.017,20.0,0.0168,10.0,8467.0,88.0
2021-01-05 09:38:35.200,0.0172,0.017,20.0,0.0168,10.0,8467.0,88.0
2021-01-05 09:38:35.700,0.0172,0.017,20.0,0.0168,10.0,8467.0,88.0
2021-01-05 09:38:37.680,0.0172,0.017,40.0,0.0168,10.0,8467.0,88.0
2021-01-05 09:38:39.161,0.0172,0.017,52.0,0.0168,10.0,8467.0,88.0
2021-01-05 09:38:40.201,0.0172,0.0169,12.0,0.0167,10.0,8467.0,88.0
2021-01-05 09:38:40.670,0.0172,0.0168,12.0,0.0167,10.0,8467.0,88.0
2021-01-05 09:38:41.140,0.0172,0.0169,20.0,0.0167,10.0,8467.0,88.0
2021-01-05 09:38:41.670,0.0172,0.0169,32.0,0.0167,10.0,8467.0,88.0
2021-01-05 09:38:42.191,0.0172,0.0169,20.0,0.0167,10.0,8467.0,88.0
2021-01-05 09:38:44.690,0.0172,0.0169,20.0,0.0167,10.0,8467.0,88.0
2021-01-05 09:38:45.580,0.0172,0.0169,20.0,0.0167,10.0,8467.0,88.0
2021-01-05 09:38:46.200,0.0172,0.0169,20.0,0.0167,10.0,8467.0,88.0
2021-01-05 09:38:47.140,0.0172,0.0169,20.0,0.0167,22.0,8467.0,88.0
2021-01-05 09:38:47.691,0.0172,0.0169,20.0,0.0167,10.0,8467.0,88.0
2021-01-05 09:38:48.200,0.0172,0.0169,20.0,0.0167,24.0,8467.0,88.0
2021-01-05 09:38:48.531,0.0172,0.0169,32.0,0.0167,24.0,8467.0,88.0
2021-01-05 09:38:49.130,0.0172,0.0169,20.0,0.0167,24.0,8467.0,88.0
2021-01-05 09:38:49.691,0.0172,0.0169,20.0,0.0167,10.0,8467.0,88.0
2021-01-05 09:38:50.110,0.0172,0.0169,20.0,0.0167,24.0,8467.0,88.0
2021-01-05 09:38:50.651,0.0172,0.0169,20.0,0.0167,24.0,8467.0,88.0
2021-01-05 09:38:51.691,0.0172,0.0169,20.0,0.0167,24.0,8467.0,88.0
2021-01-05 09:38:52.150,0.0172,0.0169,20.0,0.0167,10.0,8467.0,88.0
2021-01-05 09:38:52.671,0.0172,0.0169,20.0,0.0167,10.0,8467.0,88.0
2021-01-05 09:38:54.690,0.0172,0.0168,20.0,0.0167,10.0,8467.0,88.0
2021-01-05 09:38:55.700,0.0172,0.0169,32.0,0.0167,10.0,8467.0,88.0
2021-01-05 09:38:56.190,0.0172,0.0169,32.0,0.0167,10.0,8467.0,88.0
2021-01-05 09:38:57.200,0.0172,0.0169,20.0,0.0167,10.0,8467.0,88.0
2021-01-05 09:38:57.640,0.0172,0.0168,12.0,0.0167,10.0,8467.0,88.0
2021-01-05 09:38:58.190,0.0172,0.0169,20.0,0.0167,10.0,8467.0,88.0
2021-01-05 09:38:58.670,0.0172,0.0169,32.0,0.0167,10.0,8467.0,88.0
2021-01-05 09:38:59.060,0.0172,0.0169,32.0,0.0167,10.0,8467.0,88.0
2021-01-05 09:38:59.700,0.0172,0.0168,12.0,0.0167,10.0,8467.0,88.0
2021-01-05 09:39:00.660,0.0172,0.0169,32.0,0.0167,10.0,8467.0,88.0
2021-01-05 09:39:01.160,0.0172,0.0169,32.0,0.0167,10.0,8467.0,88.0
2021-01-05 09:39:03.150,0.0172,0.0169,20.0,0.0167,10.0,8467.0,88.0
2021-01-05 09:39:03.680,0.0172,0.0169,32.0,0.0167,10.0,8467.0,88.0
2021-01-05 09:39:04.161,0.0172,0.0169,20.0,0.0167,10.0,8467.0,88.0
2021-01-05 09:39:07.200,0.0172,0.0169,20.0,0.0167,10.0,8467.0,88.0
2021-01-05 09:39:08.690,0.0172,0.0169,32.0,0.0167,10.0,8467.0,88.0
2021-01-05 09:39:09.601,0.0172,0.0169,32.0,0.0167,10.0,8467.0,88.0
2021-01-05 09:39:10.191,0.0172,0.0169,20.0,0.0167,10.0,8467.0,88.0
2021-01-05 09:39:10.721,0.0172,0.0169,20.0,0.0167,10.0,8467.0,88.0
2021-01-05 09:39:11.011,0.0172,0.0169,32.0,0.0167,10.0,8467.0,88.0
2021-01-05 09:39:11.701,0.0172,0.0169,20.0,0.0167,10.0,8467.0,88.0
2021-01-05 09:39:12.220,0.0172,0.0169,20.0,0.0167,10.0,8467.0,88.0
2021-01-05 09:39:12.690,0.0172,0.0169,32.0,0.0167,10.0,8467.0,88.0
2021-01-05 09:39:13.720,0.0172,0.0169,20.0,0.0167,10.0,8467.0,88.0
2021-01-05 09:39:14.160,0.0172,0.0169,20.0,0.0167,10.0,8467.0,88.0
2021-01-05 09:39:15.220,0.0172,0.0169,20.0,0.0167,10.0,8467.0,88.0
2021-01-05 09:39:15.720,0.0172,0.0169,32.0,0.0167,10.0,8467.0,88.0
2021-01-05 09:39:16.721,0.0172,0.0168,12.0,0.0167,10.0,8467.0,88.0
2021-01-05 09:39:17.191,0.0172,0.0168,12.0,0.0167,10.0,8467.0,88.0
2021-01-05 09:39:17.650,0.0172,0.0168,12.0,0.0167,10.0,8467.0,88.0
2021-01-05 09:39:18.671,0.0172,0.0169,32.0,0.0167,10.0,8467.0,88.0
2021-01-05 09:39:18.980,0.0172,0.0168,12.0,0.0167,10.0,8467.0,88.0
2021-01-05 09:39:20.741,0.0172,0.0168,12.0,0.0167,10.0,8467.0,88.0
2021-01-05 09:39:21.231,0.0172,0.0169,32.0,0.0167,10.0,8467.0,88.0
2021-01-05 09:39:21.671,0.0172,0.0168,12.0,0.0167,10.0,8467.0,88.0
2021-01-05 09:39:22.651,0.0172,0.0168,12.0,0.0167,10.0,8467.0,88.0
2021-01-05 09:39:23.200,0.0172,0.0168,32.0,0.0167,10.0,8467.0,88.0
2021-01-05 09:39:24.151,0.0172,0.0168,12.0,0.0167,10.0,8467.0,88.0
2021-01-05 09:39:26.130,0.0172,0.0168,12.0,0.0167,10.0,8467.0,88.0
2021-01-05 09:39:27.210,0.0172,0.0168,12.0,0.0167,10.0,8467.0,88.0
2021-01-05 09:39:29.721,0.0172,0.0169,32.0,0.0167,10.0,8467.0,88.0
2021-01-05 09:39:30.220,0.0172,0.0169,32.0,0.0167,10.0,8467.0,88.0
2021-01-05 09:39:30.721,0.0172,0.0168,12.0,0.0167,10.0,8467.0,88.0
2021-01-05 09:39:31.121,0.0172,0.0169,52.0,0.0167,10.0,8467.0,88.0
2021-01-05 09:39:31.690,0.0172,0.0169,32.0,0.0167,10.0,8467.0,88.0
2021-01-05 09:39:32.141,0.0172,0.0169,32.0,0.0167,10.0,8467.0,88.0
2021-01-05 09:39:32.700,0.0172,0.0168,12.0,0.0167,10.0,8467.0,88.0
2021-01-05 09:39:33.180,0.0172,0.017,40.0,0.0167,10.0,8467.0,88.0
2021-01-05 09:39:33.530,0.0172,0.0169,12.0,0.0167,10.0,8467.0,88.0
2021-01-05 09:39:34.210,0.0172,0.0169,12.0,0.0167,10.0,8467.0,88.0
2021-01-05 09:39:34.681,0.0172,0.017,52.0,0.0167,10.0,8467.0,88.0
2021-01-05 09:39:35.161,0.0172,0.017,66.0,0.0167,10.0,8467.0,88.0
2021-01-05 09:39:35.651,0.0172,0.017,66.0,0.0167,10.0,8467.0,88.0
2021-01-05 09:39:37.221,0.0172,0.017,46.0,0.0167,10.0,8467.0,88.0
2021-01-05 09:39:38.221,0.0172,0.017,46.0,0.0167,10.0,8467.0,88.0
2021-01-05 09:39:39.241,0.0172,0.017,66.0,0.0167,30.0,8467.0,88.0
2021-01-05 09:39:39.751,0.0172,0.017,34.0,0.0167,42.0,8467.0,88.0
2021-01-05 09:39:40.200,0.0172,0.017,40.0,0.0167,42.0,8467.0,88.0
2021-01-05 09:39:40.721,0.0172,0.017,40.0,0.0167,22.0,8467.0,88.0
2021-01-05 09:39:41.750,0.0172,0.017,32.0,0.0167,10.0,8467.0,88.0
2021-01-05 09:39:42.210,0.0172,0.017,20.0,0.0167,44.0,8467.0,88.0
2021-01-05 09:39:42.721,0.0172,0.017,20.0,0.0167,56.0,8467.0,88.0
2021-01-05 09:39:43.660,0.0172,0.017,20.0,0.0167,56.0,8467.0,88.0
2021-01-05 09:39:44.231,0.0172,0.017,12.0,0.0167,44.0,8467.0,88.0
2021-01-05 09:39:44.680,0.0172,0.017,12.0,0.0167,24.0,8467.0,88.0
2021-01-05 09:39:45.251,0.0172,0.0171,20.0,0.0167,44.0,8467.0,88.0
2021-01-05 09:39:45.750,0.0172,0.0171,46.0,0.0167,56.0,8467.0,88.0
2021-01-05 09:39:46.190,0.0172,0.0171,46.0,0.0167,42.0,8467.0,88.0
2021-01-05 09:39:46.711,0.0172,0.0171,52.0,0.0167,42.0,8467.0,88.0
2021-01-05 09:39:47.250,0.0172,0.017,14.0,0.0167,42.0,8467.0,88.0
2021-01-05 09:39:47.731,0.0172,0.017,20.0,0.0167,42.0,8467.0,88.0
2021-01-05 09:39:48.221,0.0172,0.017,20.0,0.0167,42.0,8467.0,88.0
2021-01-05 09:39:48.720,0.0172,0.017,12.0,0.0167,30.0,8467.0,88.0
2021-01-05 09:39:49.711,0.0172,0.017,12.0,0.0167,30.0,8467.0,88.0
2021-01-05 09:39:50.180,0.0172,0.0171,52.0,0.0167,42.0,8467.0,88.0
2021-01-05 09:39:50.710,0.0172,0.017,12.0,0.0167,30.0,8467.0,88.0
2021-01-05 09:39:51.241,0.0172,0.017,26.0,0.0167,30.0,8467.0,88.0
2021-01-05 09:39:51.730,0.0172,0.017,14.0,0.0167,42.0,8467.0,88.0
2021-01-05 09:39:52.251,0.0172,0.017,34.0,0.0167,42.0,8467.0,88.0
2021-01-05 09:39:52.670,0.0172,0.0171,52.0,0.0167,42.0,8467.0,88.0
2021-01-05 09:39:53.181,0.0172,0.0171,66.0,0.0167,42.0,8467.0,88.0
2021-01-05 09:39:53.630,0.0172,0.0171,66.0,0.0167,42.0,8467.0,88.0
2021-01-05 09:39:54.191,0.0172,0.0171,34.0,0.0167,30.0,8467.0,88.0
2021-01-05 09:39:54.691,0.0172,0.0171,46.0,0.0167,42.0,8467.0,88.0
2021-01-05 09:39:55.181,0.0172,0.017,12.0,0.0167,30.0,8467.0,88.0
2021-01-05 09:39:55.640,0.0172,0.0171,40.0,0.0167,30.0,8467.0,88.0
2021-01-05 09:39:56.120,0.0172,0.0171,20.0,0.0168,12.0,8467.0,88.0
2021-01-05 09:39:56.691,0.0172,0.0171,12.0,0.0168,20.0,8467.0,88.0
2021-01-05 09:39:57.181,0.0172,0.0171,26.0,0.0169,10.0,8467.0,88.0
2021-01-05 09:39:57.580,0.0172,0.0171,26.0,0.0168,30.0,8467.0,88.0
2021-01-05 09:39:58.170,0.0172,0.0171,14.0,0.0168,30.0,8467.0,88.0
2021-01-05 09:39:58.600,0.0172,0.0171,26.0,0.0168,30.0,8467.0,88.0
2021-01-05 09:39:59.061,0.0172,0.0171,26.0,0.0168,30.0,8467.0,88.0
2021-01-05 09:39:59.670,0.0172,0.0171,26.0,0.0168,30.0,8467.0,88.0
2021-01-05 09:40:01.201,0.0172,0.0171,14.0,0.0168,42.0,8467.0,88.0
2021-01-05 09:40:01.570,0.0172,0.0171,34.0,0.0168,42.0,8467.0,88.0
2021-01-05 09:40:03.171,0.0172,0.0171,46.0,0.0168,30.0,8467.0,88.0
2021-01-05 09:40:04.700,0.0172,0.0171,34.0,0.0168,42.0,8467.0,88.0
2021-01-05 09:40:04.990,0.0172,0.0171,66.0,0.0168,30.0,8467.0,88.0
2021-01-05 09:40:05.701,0.0172,0.0171,66.0,0.0168,10.0,8467.0,88.0
2021-01-05 09:40:06.200,0.0172,0.0171,54.0,0.0168,22.0,8467.0,88.0
2021-01-05 09:40:06.701,0.0172,0.0171,54.0,0.0168,42.0,8467.0,88.0
2021-01-05 09:40:07.700,0.0172,0.0171,54.0,0.0168,42.0,8467.0,88.0
2021-01-05 09:40:08.200,0.0172,0.0171,54.0,0.0168,42.0,8467.0,88.0
2021-01-05 09:40:08.690,0.0172,0.0171,40.0,0.0168,42.0,8467.0,88.0
2021-01-05 09:40:10.150,0.0172,0.0171,52.0,0.0168,30.0,8467.0,88.0
2021-01-05 09:40:10.680,0.0172,0.0171,40.0,0.0168,42.0,8467.0,88.0
2021-01-05 09:40:11.170,0.0172,0.0171,20.0,0.0168,42.0,8467.0,88.0
2021-01-05 09:40:12.190,0.0172,0.0171,20.0,0.0168,42.0,8467.0,88.0
2021-01-05 09:40:12.680,0.0172,0.0172,20.0,0.0169,12.0,8467.0,88.0
2021-01-05 09:40:13.170,0.0172,0.0172,14.0,0.0168,30.0,8467.0,88.0
2021-01-05 09:40:13.431,0.0172,0.0172,54.0,0.0169,12.0,8467.0,88.0
2021-01-05 09:40:14.150,0.0172,0.0172,26.0,0.0168,42.0,8467.0,88.0
2021-01-05 09:40:14.701,0.0172,0.0172,26.0,0.017,10.0,8467.0,88.0
2021-01-05 09:40:15.120,0.0172,0.0172,26.0,0.017,10.0,8467.0,88.0
2021-01-05 09:40:15.690,0.0172,0.0172,26.0,0.0169,20.0,8467.0,88.0
2021-01-05 09:40:16.011,0.0172,0.0172,26.0,0.0168,56.0,8467.0,88.0
2021-01-05 09:40:16.610,0.0172,0.0172,26.0,0.017,10.0,8467.0,88.0
2021-01-05 09:40:17.191,0.0172,0.0172,14.0,0.0169,42.0,8467.0,88.0
2021-01-05 09:40:17.661,0.0172,0.0172,14.0,0.0169,22.0,8467.0,88.0
2021-01-05 09:40:18.161,0.0172,0.0172,14.0,0.0169,22.0,8467.0,88.0
2021-01-05 09:40:20.191,0.0172,0.0172,46.0,0.0169,10.0,8467.0,88.0
2021-01-05 09:40:20.691,0.0172,0.0172,34.0,0.0169,22.0,8467.0,88.0
2021-01-05 09:40:21.200,0.0172,0.0171,20.0,0.0169,10.0,8467.0,88.0
2021-01-05 09:40:21.701,0.0172,0.0172,40.0,0.0169,32.0,8467.0,88.0
2021-01-05 09:40:22.210,0.0172,0.0172,34.0,0.0169,32.0,8467.0,88.0
2021-01-05 09:40:22.591,0.0172,0.0172,46.0,0.0169,20.0,8467.0,88.0
2021-01-05 09:40:23.200,0.0172,0.0172,46.0,0.0169,20.0,8467.0,88.0
2021-01-05 09:40:25.121,0.0172,0.0172,46.0,0.0169,20.0,8467.0,88.0
2021-01-05 09:40:25.570,0.0172,0.0172,46.0,0.0169,20.0,8467.0,88.0
2021-01-05 09:40:26.181,0.0172,0.0172,46.0,0.0169,20.0,8467.0,88.0
2021-01-05 09:40:26.621,0.0172,0.0171,20.0,0.0169,20.0,8467.0,88.0
2021-01-05 09:40:27.140,0.0172,0.0171,32.0,0.0169,20.0,8467.0,88.0
2021-01-05 09:40:27.701,0.0172,0.0171,52.0,0.0169,20.0,8467.0,88.0
2021-01-05 09:40:28.200,0.0172,0.0171,52.0,0.0169,20.0,8467.0,88.0
2021-01-05 09:40:28.690,0.0172,0.0171,32.0,0.0169,20.0,8467.0,88.0
2021-01-05 09:40:30.160,0.0172,0.017,12.0,0.0169,20.0,8467.0,88.0
2021-01-05 09:40:33.191,0.0172,0.0171,32.0,0.0169,20.0,8467.0,88.0
2021-01-05 09:40:33.681,0.0172,0.0171,32.0,0.0169,20.0,8467.0,88.0
2021-01-05 09:40:35.201,0.0172,0.0171,32.0,0.0169,20.0,8467.0,88.0
2021-01-05 09:40:35.681,0.0172,0.0171,20.0,0.0169,20.0,8467.0,88.0
2021-01-05 09:40:37.700,0.0172,0.0171,20.0,0.0169,20.0,8467.0,88.0
2021-01-05 09:40:38.130,0.0172,0.0171,20.0,0.0169,20.0,8467.0,88.0
2021-01-05 09:40:38.651,0.0172,0.0171,20.0,0.0169,20.0,8467.0,88.0
2021-01-05 09:40:39.041,0.0172,0.0171,32.0,0.0169,20.0,8467.0,88.0
2021-01-05 09:40:40.151,0.0172,0.0171,32.0,0.0169,20.0,8467.0,88.0
2021-01-05 09:40:40.670,0.0172,0.017,12.0,0.0169,20.0,8467.0,88.0
2021-01-05 09:40:41.191,0.0172,0.0171,32.0,0.0169,20.0,8467.0,88.0
2021-01-05 09:40:41.661,0.0172,0.0171,20.0,0.0169,20.0,8467.0,88.0
2021-01-05 09:40:42.601,0.0172,0.0171,32.0,0.0169,20.0,8467.0,88.0
2021-01-05 09:40:43.191,0.0172,0.0171,20.0,0.0169,20.0,8467.0,88.0
2021-01-05 09:40:52.661,0.0172,0.0171,20.0,0.0169,20.0,8467.0,88.0
2021-01-05 09:40:53.180,0.0172,0.0171,20.0,0.0169,32.0,8467.0,88.0
2021-01-05 09:40:54.141,0.0172,0.0171,20.0,0.0169,32.0,8467.0,88.0
2021-01-05 09:40:54.661,0.0172,0.0171,20.0,0.0169,32.0,8467.0,88.0
2021-01-05 09:40:55.111,0.0172,0.0171,20.0,0.0169,32.0,8467.0,88.0
2021-01-05 09:40:56.121,0.0172,0.0172,40.0,0.0169,32.0,8467.0,88.0
2021-01-05 09:40:56.711,0.0172,0.0172,44.0,0.0169,32.0,8467.0,88.0
2021-01-05 09:40:57.180,0.0172,0.0172,44.0,0.0169,32.0,8467.0,88.0
2021-01-05 09:40:57.710,0.0172,0.0172,34.0,0.0169,32.0,8467.0,88.0
2021-01-05 09:41:01.160,0.0172,0.0172,46.0,0.0169,20.0,8467.0,88.0
2021-01-05 09:41:01.650,0.0172,0.0172,34.0,0.0169,32.0,8467.0,88.0
2021-01-05 09:41:03.110,0.0172,0.0172,46.0,0.0169,20.0,8467.0,88.0
2021-01-05 09:41:03.721,0.0172,0.0172,34.0,0.0169,32.0,8467.0,88.0
2021-01-05 09:41:04.180,0.0172,0.0172,34.0,0.0169,32.0,8467.0,88.0
2021-01-05 09:41:04.680,0.0172,0.0172,44.0,0.0169,32.0,8467.0,88.0
2021-01-05 09:41:05.220,0.0172,0.0172,54.0,0.0169,32.0,8467.0,88.0
2021-01-05 09:41:05.660,0.0172,0.0172,44.0,0.0169,20.0,8467.0,88.0
2021-01-05 09:41:06.221,0.0172,0.0172,34.0,0.0169,32.0,8467.0,88.0
2021-01-05 09:41:06.620,0.0172,0.0172,52.0,0.0169,20.0,8467.0,88.0
2021-01-05 09:41:07.100,0.0172,0.0171,14.0,0.0169,20.0,8467.0,88.0
2021-01-05 09:41:07.611,0.0172,0.0171,14.0,0.0169,20.0,8467.0,88.0
2021-01-05 09:41:08.201,0.0172,0.0171,34.0,0.0169,20.0,8467.0,88.0
2021-01-05 09:41:08.701,0.0172,0.0171,14.0,0.0169,20.0,8467.0,88.0
2021-01-05 09:41:09.210,0.0172,0.0171,14.0,0.0169,20.0,8467.0,88.0
2021-01-05 09:41:09.650,0.0172,0.0171,46.0,0.0169,10.0,8467.0,88.0
2021-01-05 09:41:10.220,0.0172,0.0171,14.0,0.0169,20.0,8467.0,88.0
2021-01-05 09:41:10.710,0.0172,0.0171,46.0,0.0169,20.0,8467.0,88.0
2021-01-05 09:41:11.210,0.0172,0.0171,26.0,0.0169,10.0,8467.0,88.0
2021-01-05 09:41:11.711,0.0172,0.0171,34.0,0.0169,20.0,8467.0,88.0
2021-01-05 09:41:12.151,0.0172,0.0171,34.0,0.0169,20.0,8467.0,88.0
2021-01-05 09:41:12.710,0.0172,0.0171,46.0,0.0169,20.0,8467.0,88.0
2021-01-05 09:41:13.161,0.0172,0.0171,34.0,0.0169,20.0,8467.0,88.0
2021-01-05 09:41:13.711,0.0172,0.0171,26.0,0.0169,20.0,8467.0,88.0
2021-01-05 09:41:14.160,0.0172,0.0171,14.0,0.0169,10.0,8467.0,88.0
2021-01-05 09:41:14.671,0.0172,0.0171,14.0,0.0169,20.0,8467.0,88.0
2021-01-05 09:41:15.180,0.0172,0.0171,14.0,0.0169,20.0,8467.0,88.0
2021-01-05 09:41:15.651,0.0172,0.0171,24.0,0.0169,20.0,8467.0,88.0
2021-01-05 09:41:16.500,0.0172,0.0171,36.0,0.0169,20.0,8467.0,88.0
2021-01-05 09:41:17.211,0.0172,0.0171,24.0,0.0169,20.0,8467.0,88.0
2021-01-05 09:41:18.200,0.0172,0.0171,24.0,0.0169,20.0,8467.0,88.0
2021-01-05 09:41:20.070,0.0172,0.0171,24.0,0.0169,32.0,8467.0,88.0
2021-01-05 09:41:21.190,0.0172,0.0171,24.0,0.0169,20.0,8467.0,88.0
2021-01-05 09:41:21.551,0.0172,0.0171,24.0,0.0169,20.0,8467.0,88.0
2021-01-05 09:41:22.700,0.0172,0.0171,24.0,0.0169,20.0,8467.0,88.0
2021-01-05 09:41:23.061,0.0172,0.0171,24.0,0.0169,20.0,8467.0,88.0
2021-01-05 09:41:24.171,0.0172,0.0171,24.0,0.0169,20.0,8467.0,88.0
2021-01-05 09:41:24.651,0.0172,0.0171,56.0,0.0169,20.0,8467.0,88.0
2021-01-05 09:41:27.710,0.0172,0.0171,76.0,0.0169,20.0,8467.0,88.0
2021-01-05 09:41:28.050,0.0172,0.0171,56.0,0.0169,20.0,8467.0,88.0
2021-01-05 09:41:28.540,0.0172,0.0171,36.0,0.0169,20.0,8467.0,88.0
2021-01-05 09:41:29.070,0.0172,0.0171,56.0,0.0169,20.0,8467.0,88.0
2021-01-05 09:41:32.220,0.0172,0.0171,44.0,0.0169,20.0,8467.0,88.0
2021-01-05 09:41:32.670,0.0172,0.0171,24.0,0.0169,20.0,8467.0,88.0
2021-01-05 09:41:33.171,0.0172,0.0171,56.0,0.0169,20.0,8467.0,88.0
2021-01-05 09:41:33.680,0.0172,0.0171,24.0,0.0169,20.0,8467.0,88.0
2021-01-05 09:41:35.221,0.0172,0.0171,56.0,0.0169,20.0,8467.0,88.0
2021-01-05 09:41:35.721,0.0172,0.0171,64.0,0.0169,20.0,8467.0,88.0
2021-01-05 09:41:36.111,0.0172,0.0171,44.0,0.0169,20.0,8467.0,88.0
2021-01-05 09:41:36.720,0.0172,0.0171,56.0,0.0169,20.0,8467.0,88.0
2021-01-05 09:41:37.210,0.0172,0.0171,44.0,0.0169,20.0,8467.0,88.0
2021-01-05 09:41:37.711,0.0172,0.0171,44.0,0.0169,20.0,8467.0,88.0
2021-01-05 09:41:38.220,0.0172,0.0171,56.0,0.0169,20.0,8467.0,88.0
2021-01-05 09:41:38.710,0.0172,0.0171,44.0,0.0169,20.0,8467.0,88.0
2021-01-05 09:41:39.221,0.0172,0.0171,64.0,0.0169,20.0,8467.0,88.0
2021-01-05 09:41:39.521,0.0172,0.0171,56.0,0.0169,20.0,8467.0,88.0
2021-01-05 09:41:40.740,0.0172,0.0171,76.0,0.0169,20.0,8467.0,88.0
2021-01-05 09:41:42.700,0.0172,0.0171,24.0,0.0169,20.0,8467.0,88.0
2021-01-05 09:41:43.080,0.0172,0.0171,36.0,0.0169,20.0,8467.0,88.0
2021-01-05 09:41:43.720,0.0172,0.0171,24.0,0.0169,20.0,8467.0,88.0
2021-01-05 09:41:44.671,0.0172,0.0171,44.0,0.0169,20.0,8467.0,88.0
2021-01-05 09:41:45.190,0.0172,0.0171,64.0,0.0169,20.0,8467.0,88.0
2021-01-05 09:41:45.701,0.0172,0.0171,44.0,0.0169,20.0,8467.0,88.0
2021-01-05 09:41:46.241,0.0172,0.0171,64.0,0.0169,20.0,8467.0,88.0
2021-01-05 09:41:46.661,0.0172,0.0171,44.0,0.0169,20.0,8467.0,88.0
2021-01-05 09:41:47.201,0.0172,0.0171,64.0,0.0169,20.0,8467.0,88.0
2021-01-05 09:41:47.741,0.0172,0.0171,64.0,0.0169,20.0,8467.0,88.0
2021-01-05 09:41:48.181,0.0172,0.0171,64.0,0.0169,20.0,8467.0,88.0
2021-01-05 09:41:49.191,0.0172,0.0171,64.0,0.0169,32.0,8467.0,88.0
2021-01-05 09:41:49.750,0.0172,0.0171,64.0,0.0169,20.0,8467.0,88.0
2021-01-05 09:41:50.751,0.0172,0.0171,76.0,0.0169,20.0,8467.0,88.0
2021-01-05 09:41:51.251,0.0172,0.0171,76.0,0.0169,20.0,8467.0,88.0
2021-01-05 09:41:52.261,0.0172,0.017,12.0,0.0169,20.0,8467.0,88.0
2021-01-05 09:41:52.690,0.0172,0.017,10.0,0.0169,20.0,8467.0,88.0
2021-01-05 09:41:53.151,0.0169,0.017,46.0,0.0167,20.0,8477.0,108.0
2021-01-05 09:41:53.681,0.0169,0.017,64.0,0.0168,10.0,8477.0,108.0
2021-01-05 09:41:54.161,0.0169,0.017,44.0,0.0168,10.0,8477.0,108.0
2021-01-05 09:41:54.670,0.0169,0.017,44.0,0.0169,10.0,8477.0,108.0
2021-01-05 09:41:55.160,0.0169,0.017,44.0,0.0168,10.0,8477.0,108.0
2021-01-05 09:41:55.671,0.0169,0.017,44.0,0.0168,10.0,8477.0,108.0
2021-01-05 09:41:56.151,0.0169,0.017,44.0,0.0168,10.0,8477.0,108.0
2021-01-05 09:41:56.680,0.0169,0.017,64.0,0.0168,10.0,8477.0,108.0
2021-01-05 09:41:57.110,0.0169,0.017,64.0,0.0168,10.0,8477.0,108.0
2021-01-05 09:41:57.640,0.0169,0.017,64.0,0.0168,10.0,8477.0,108.0
2021-01-05 09:41:58.660,0.0169,0.017,64.0,0.0168,10.0,8477.0,108.0
2021-01-05 09:41:59.131,0.0169,0.017,64.0,0.0168,10.0,8477.0,108.0
2021-01-05 09:41:59.700,0.0169,0.017,64.0,0.0168,10.0,8477.0,108.0
2021-01-05 09:42:00.151,0.0169,0.017,64.0,0.0168,10.0,8477.0,108.0
2021-01-05 09:42:00.701,0.0169,0.017,76.0,0.0168,10.0,8477.0,108.0
2021-01-05 09:42:01.190,0.0169,0.017,64.0,0.0168,10.0,8477.0,108.0
2021-01-05 09:42:01.651,0.0169,0.017,76.0,0.0168,10.0,8477.0,108.0
2021-01-05 09:42:02.201,0.0169,0.017,64.0,0.0168,10.0,8477.0,108.0
2021-01-05 09:42:02.710,0.0169,0.017,76.0,0.0168,10.0,8477.0,108.0
2021-01-05 09:42:03.161,0.0169,0.017,64.0,0.0168,10.0,8477.0,108.0
2021-01-05 09:42:03.690,0.0169,0.017,76.0,0.0168,10.0,8477.0,108.0
2021-01-05 09:42:04.641,0.0169,0.017,64.0,0.0168,10.0,8477.0,108.0
2021-01-05 09:42:05.211,0.0169,0.017,76.0,0.0168,10.0,8477.0,108.0
2021-01-05 09:42:07.230,0.0169,0.017,96.0,0.0168,10.0,8477.0,108.0
2021-01-05 09:42:08.220,0.0169,0.017,76.0,0.0168,10.0,8477.0,108.0
2021-01-05 09:42:09.230,0.0169,0.017,96.0,0.0168,10.0,8477.0,108.0
2021-01-05 09:42:10.681,0.0169,0.017,82.0,0.0168,10.0,8477.0,108.0
2021-01-05 09:42:11.211,0.0169,0.0169,14.0,0.0168,10.0,8477.0,108.0
2021-01-05 09:42:11.720,0.0169,0.0169,34.0,0.0168,10.0,8477.0,108.0
2021-01-05 09:42:12.210,0.0169,0.0169,24.0,0.0168,10.0,8477.0,108.0
2021-01-05 09:42:13.211,0.0169,0.0169,44.0,0.0168,10.0,8477.0,108.0
2021-01-05 09:42:13.731,0.0169,0.0169,30.0,0.0168,10.0,8477.0,108.0
2021-01-05 09:42:14.150,0.0169,0.0169,30.0,0.0168,10.0,8477.0,108.0
2021-01-05 09:42:14.671,0.0169,0.0169,30.0,0.0168,10.0,8477.0,108.0
2021-01-05 09:42:16.701,0.0169,0.0169,30.0,0.0168,10.0,8477.0,108.0
2021-01-05 09:42:17.241,0.0169,0.0169,10.0,0.0168,10.0,8477.0,108.0
2021-01-05 09:42:17.681,0.0169,0.0169,30.0,0.0168,10.0,8477.0,108.0
2021-01-05 09:42:18.100,0.0169,0.0169,20.0,0.0168,10.0,8477.0,108.0
2021-01-05 09:42:18.701,0.0169,0.0169,30.0,0.0168,10.0,8477.0,108.0
2021-01-05 09:42:19.210,0.0169,0.0169,10.0,0.0168,10.0,8477.0,108.0
2021-01-05 09:42:19.721,0.0169,0.017,30.0,0.0168,10.0,8477.0,108.0
2021-01-05 09:42:20.150,0.0169,0.017,44.0,0.0168,10.0,8477.0,108.0
2021-01-05 09:42:20.751,0.0169,0.017,44.0,0.0168,10.0,8477.0,108.0
2021-01-05 09:42:21.231,0.0169,0.017,64.0,0.0168,10.0,8477.0,108.0
2021-01-05 09:42:21.621,0.0169,0.017,44.0,0.0168,10.0,8477.0,108.0
2021-01-05 09:42:22.221,0.0169,0.017,64.0,0.0168,10.0,8477.0,108.0
2021-01-05 09:42:23.170,0.0169,0.017,64.0,0.0168,10.0,8477.0,108.0
2021-01-05 09:42:24.151,0.0169,0.017,84.0,0.0168,10.0,8477.0,108.0
2021-01-05 09:42:24.670,0.0169,0.017,64.0,0.0168,10.0,8477.0,108.0
2021-01-05 09:42:29.720,0.0169,0.017,64.0,0.0168,10.0,8477.0,108.0
2021-01-05 09:42:30.710,0.0169,0.017,64.0,0.0168,10.0,8477.0,108.0
2021-01-05 09:42:31.200,0.0169,0.017,64.0,0.0168,10.0,8477.0,108.0
2021-01-05 09:42:31.720,0.0169,0.017,64.0,0.0168,10.0,8477.0,108.0
2021-01-05 09:42:34.210,0.0169,0.017,44.0,0.0168,10.0,8477.0,108.0
2021-01-05 09:42:35.701,0.0169,0.017,64.0,0.0168,10.0,8477.0,108.0
2021-01-05 09:42:36.650,0.0169,0.017,44.0,0.0168,10.0,8477.0,108.0
2021-01-05 09:42:37.251,0.0169,0.017,64.0,0.0168,10.0,8477.0,108.0
2021-01-05 09:42:38.200,0.0169,0.017,44.0,0.0168,10.0,8477.0,108.0
2021-01-05 09:42:39.220,0.0169,0.017,64.0,0.0168,10.0,8477.0,108.0
2021-01-05 09:42:39.530,0.0169,0.017,44.0,0.0168,10.0,8477.0,108.0
2021-01-05 09:42:40.221,0.0169,0.017,64.0,0.0168,10.0,8477.0,108.0
2021-01-05 09:42:42.640,0.0169,0.017,64.0,0.0168,10.0,8477.0,108.0
2021-01-05 09:42:43.251,0.0169,0.017,76.0,0.0168,10.0,8477.0,108.0
2021-01-05 09:42:43.741,0.0169,0.017,64.0,0.0168,10.0,8477.0,108.0
2021-01-05 09:42:44.211,0.0169,0.017,64.0,0.0168,10.0,8477.0,108.0
2021-01-05 09:42:44.751,0.0169,0.0169,12.0,0.0168,10.0,8477.0,108.0
2021-01-05 09:42:45.191,0.0169,0.017,52.0,0.0168,10.0,8477.0,108.0
2021-01-05 09:42:45.650,0.0169,0.0169,10.0,0.0168,10.0,8477.0,108.0
2021-01-05 09:42:46.240,0.0169,0.017,52.0,0.0168,10.0,8477.0,108.0
2021-01-05 09:42:46.741,0.0169,0.017,76.0,0.0168,10.0,8477.0,108.0
2021-01-05 09:42:48.171,0.0169,0.017,76.0,0.0168,10.0,8477.0,108.0
2021-01-05 09:42:48.720,0.0169,0.017,44.0,0.0168,10.0,8477.0,108.0
2021-01-05 09:42:49.750,0.0169,0.017,56.0,0.0168,10.0,8477.0,108.0
2021-01-05 09:42:50.261,0.0169,0.017,44.0,0.0168,10.0,8477.0,108.0
2021-01-05 09:42:53.640,0.0169,0.017,56.0,0.0168,10.0,8477.0,108.0
2021-01-05 09:42:54.191,0.0169,0.017,64.0,0.0168,10.0,8477.0,108.0
2021-01-05 09:42:55.190,0.0169,0.017,44.0,0.0168,10.0,8477.0,108.0
2021-01-05 09:42:55.701,0.0169,0.017,56.0,0.0168,10.0,8477.0,108.0
2021-01-05 09:42:56.191,0.0169,0.017,76.0,0.0168,10.0,8477.0,108.0
2021-01-05 09:42:56.650,0.0169,0.017,78.0,0.0168,10.0,8477.0,108.0
2021-01-05 09:42:58.220,0.0169,0.017,78.0,0.0168,10.0,8477.0,108.0
2021-01-05 09:42:58.731,0.0169,0.017,78.0,0.0168,10.0,8477.0,108.0
2021-01-05 09:42:59.230,0.0169,0.017,66.0,0.0168,10.0,8477.0,108.0
2021-01-05 09:42:59.730,0.0169,0.017,58.0,0.0168,10.0,8477.0,108.0
2021-01-05 09:43:00.200,0.0169,0.017,78.0,0.0168,10.0,8477.0,108.0
2021-01-05 09:43:01.211,0.0169,0.017,46.0,0.0168,10.0,8477.0,108.0
2021-01-05 09:43:01.701,0.0169,0.017,58.0,0.0168,10.0,8477.0,108.0
2021-01-05 09:43:02.150,0.0169,0.017,66.0,0.0168,10.0,8477.0,108.0
2021-01-05 09:43:02.681,0.0169,0.017,78.0,0.0168,10.0,8477.0,108.0
2021-01-05 09:43:03.241,0.0169,0.017,78.0,0.0168,10.0,8477.0,108.0
2021-01-05 09:43:03.341,0.0169,0.017,66.0,0.0168,10.0,8477.0,108.0
2021-01-05 09:43:04.740,0.0169,0.017,66.0,0.0168,10.0,8477.0,108.0
2021-01-05 09:43:05.251,0.0169,0.017,66.0,0.0168,10.0,8477.0,108.0
2021-01-05 09:43:05.731,0.0169,0.017,58.0,0.0168,10.0,8477.0,108.0
2021-01-05 09:43:06.171,0.0169,0.017,44.0,0.0168,10.0,8477.0,108.0
2021-01-05 09:43:06.730,0.0169,0.017,32.0,0.0168,10.0,8477.0,108.0
2021-01-05 09:43:08.200,0.0169,0.017,32.0,0.0168,22.0,8477.0,108.0
2021-01-05 09:43:08.701,0.0169,0.017,32.0,0.0168,10.0,8477.0,108.0
2021-01-05 09:43:09.231,0.0169,0.017,32.0,0.0168,10.0,8477.0,108.0
2021-01-05 09:43:10.150,0.0169,0.017,32.0,0.0168,10.0,8477.0,108.0
2021-01-05 09:43:10.761,0.0169,0.017,46.0,0.0168,10.0,8477.0,108.0
2021-01-05 09:43:11.250,0.0169,0.017,32.0,0.0168,10.0,8477.0,108.0
2021-01-05 09:43:11.750,0.0169,0.017,46.0,0.0168,10.0,8477.0,108.0
2021-01-05 09:43:12.171,0.0169,0.017,46.0,0.0168,10.0,8477.0,108.0
2021-01-05 09:43:12.730,0.0169,0.017,32.0,0.0168,10.0,8477.0,108.0
2021-01-05 09:43:13.740,0.0169,0.017,32.0,0.0168,10.0,8477.0,108.0
2021-01-05 09:43:14.270,0.0169,0.017,32.0,0.0168,22.0,8477.0,108.0
2021-01-05 09:43:14.770,0.0169,0.017,32.0,0.0168,10.0,8477.0,108.0
2021-01-05 09:43:15.771,0.0169,0.017,32.0,0.0168,22.0,8477.0,108.0
2021-01-05 09:43:16.720,0.0169,0.017,32.0,0.0168,10.0,8477.0,108.0
2021-01-05 09:43:17.271,0.0169,0.017,32.0,0.0168,22.0,8477.0,108.0
2021-01-05 09:43:18.741,0.0169,0.017,32.0,0.0168,22.0,8477.0,108.0
2021-01-05 09:43:19.261,0.0169,0.017,32.0,0.0168,10.0,8477.0,108.0
2021-01-05 09:43:19.751,0.0169,0.017,32.0,0.0168,10.0,8477.0,108.0
2021-01-05 09:43:20.731,0.0169,0.017,32.0,0.0168,10.0,8477.0,108.0
2021-01-05 09:43:21.271,0.0169,0.017,44.0,0.0168,10.0,8477.0,108.0
2021-01-05 09:43:21.701,0.0169,0.017,44.0,0.0168,10.0,8477.0,108.0
2021-01-05 09:43:22.671,0.0169,0.017,44.0,0.0168,10.0,8477.0,108.0
2021-01-05 09:43:23.190,0.0169,0.017,44.0,0.0168,10.0,8477.0,108.0
2021-01-05 09:43:24.120,0.0169,0.017,44.0,0.0168,10.0,8477.0,108.0
2021-01-05 09:43:25.201,0.0169,0.017,44.0,0.0168,10.0,8477.0,108.0
2021-01-05 09:43:25.701,0.0169,0.0169,12.0,0.0168,10.0,8477.0,108.0
2021-01-05 09:43:26.181,0.0169,0.0169,22.0,0.0168,10.0,8477.0,108.0
2021-01-05 09:43:26.621,0.0169,0.0169,10.0,0.0168,10.0,8477.0,108.0
2021-01-05 09:43:27.190,0.0169,0.017,34.0,0.0168,10.0,8477.0,108.0
2021-01-05 09:43:27.591,0.0169,0.017,44.0,0.0168,10.0,8477.0,108.0
2021-01-05 09:43:28.091,0.0169,0.017,44.0,0.0168,10.0,8477.0,108.0
2021-01-05 09:43:32.181,0.0169,0.017,44.0,0.0168,10.0,8477.0,108.0
2021-01-05 09:43:32.701,0.0169,0.017,44.0,0.0168,10.0,8477.0,108.0
2021-01-05 09:43:33.141,0.0169,0.017,32.0,0.0168,10.0,8477.0,108.0
2021-01-05 09:43:33.600,0.0169,0.017,32.0,0.0168,10.0,8477.0,108.0
2021-01-05 09:43:33.731,0.0168,0.017,44.0,0.0168,10.0,8480.0,111.0
2021-01-05 09:43:34.691,0.0168,0.017,32.0,0.0168,10.0,8480.0,111.0
2021-01-05 09:43:35.681,0.0168,0.017,32.0,0.0168,10.0,8480.0,111.0
2021-01-05 09:43:36.661,0.0168,0.017,32.0,0.0168,10.0,8480.0,111.0
2021-01-05 09:43:37.631,0.0168,0.017,32.0,0.0168,10.0,8480.0,111.0
2021-01-05 09:43:38.680,0.0168,0.017,32.0,0.0168,22.0,8480.0,111.0
2021-01-05 09:43:41.730,0.0168,0.017,32.0,0.0169,12.0,8480.0,111.0
2021-01-05 09:43:42.191,0.0168,0.017,12.0,0.0169,12.0,8480.0,111.0
2021-01-05 09:43:43.231,0.0168,0.017,12.0,0.0169,22.0,8480.0,111.0
2021-01-05 09:43:43.711,0.0168,0.017,12.0,0.0169,22.0,8480.0,111.0
2021-01-05 09:43:44.251,0.0168,0.017,12.0,0.0169,10.0,8480.0,111.0
2021-01-05 09:43:44.670,0.0169,0.017,12.0,0.0167,20.0,8490.0,121.0
2021-01-05 09:43:45.221,0.0169,0.017,32.0,0.0167,14.0,8490.0,121.0
2021-01-05 09:43:45.720,0.0169,0.017,32.0,0.0167,26.0,8490.0,121.0
2021-01-05 09:43:46.151,0.0169,0.017,32.0,0.0167,46.0,8490.0,121.0
2021-01-05 09:43:46.710,0.0169,0.017,32.0,0.0167,46.0,8490.0,121.0
2021-01-05 09:43:47.250,0.0169,0.017,32.0,0.0167,46.0,8490.0,121.0
2021-01-05 09:43:47.661,0.0169,0.017,32.0,0.0167,32.0,8490.0,121.0
2021-01-05 09:43:48.220,0.0169,0.017,32.0,0.0167,32.0,8490.0,121.0
2021-01-05 09:43:48.721,0.0169,0.017,32.0,0.0167,26.0,8490.0,121.0
2021-01-05 09:43:49.601,0.0169,0.017,44.0,0.0167,14.0,8490.0,121.0
2021-01-05 09:43:50.170,0.0169,0.017,32.0,0.0168,10.0,8490.0,121.0
2021-01-05 09:43:50.650,0.0169,0.017,12.0,0.0167,56.0,8490.0,121.0
2021-01-05 09:43:51.221,0.0169,0.017,32.0,0.0167,36.0,8490.0,121.0
2021-01-05 09:43:51.660,0.0169,0.017,44.0,0.0167,24.0,8490.0,121.0
2021-01-05 09:43:52.200,0.0169,0.017,32.0,0.0167,36.0,8490.0,121.0
2021-01-05 09:43:52.681,0.0169,0.017,32.0,0.0167,36.0,8490.0,121.0
2021-01-05 09:43:53.201,0.0169,0.017,44.0,0.0167,24.0,8490.0,121.0
2021-01-05 09:43:54.191,0.0169,0.017,32.0,0.0167,36.0,8490.0,121.0
2021-01-05 09:43:54.980,0.0169,0.017,32.0,0.0167,22.0,8490.0,121.0
2021-01-05 09:43:57.230,0.0169,0.017,32.0,0.0167,22.0,8490.0,121.0
2021-01-05 09:43:58.190,0.0169,0.017,32.0,0.0167,22.0,8490.0,121.0
2021-01-05 09:43:59.691,0.0169,0.017,32.0,0.0167,22.0,8490.0,121.0
2021-01-05 09:44:00.131,0.0169,0.017,46.0,0.0167,22.0,8490.0,121.0
2021-01-05 09:44:00.701,0.0169,0.017,32.0,0.0167,22.0,8490.0,121.0
2021-01-05 09:44:01.160,0.0169,0.017,46.0,0.0167,22.0,8490.0,121.0
2021-01-05 09:44:02.711,0.0169,0.017,32.0,0.0167,22.0,8490.0,121.0
2021-01-05 09:44:04.230,0.0169,0.017,32.0,0.0167,22.0,8490.0,121.0
2021-01-05 09:44:04.751,0.0169,0.017,32.0,0.0167,42.0,8490.0,121.0
2021-01-05 09:44:05.260,0.0169,0.017,32.0,0.0167,22.0,8490.0,121.0
2021-01-05 09:44:05.761,0.0169,0.017,32.0,0.0167,22.0,8490.0,121.0
2021-01-05 09:44:06.261,0.0169,0.017,32.0,0.0167,42.0,8490.0,121.0
2021-01-05 09:44:06.770,0.0169,0.017,32.0,0.0167,22.0,8490.0,121.0
2021-01-05 09:44:07.281,0.0169,0.017,32.0,0.0167,42.0,8490.0,121.0
2021-01-05 09:44:07.750,0.0169,0.017,32.0,0.0168,12.0,8490.0,121.0
2021-01-05 09:44:08.230,0.0169,0.017,32.0,0.0167,62.0,8490.0,121.0
2021-01-05 09:44:08.760,0.0169,0.017,32.0,0.0168,12.0,8490.0,121.0
2021-01-05 09:44:09.150,0.0169,0.017,32.0,0.0167,62.0,8490.0,121.0
2021-01-05 09:44:09.780,0.0169,0.017,32.0,0.0167,42.0,8490.0,121.0
2021-01-05 09:44:10.781,0.0169,0.017,32.0,0.0167,42.0,8490.0,121.0
2021-01-05 09:44:11.271,0.0169,0.017,32.0,0.0167,22.0,8490.0,121.0
2021-01-05 09:44:11.780,0.0169,0.017,32.0,0.0167,22.0,8490.0,121.0
2021-01-05 09:44:12.270,0.0169,0.017,32.0,0.0167,22.0,8490.0,121.0
2021-01-05 09:44:12.781,0.0169,0.017,32.0,0.0167,42.0,8490.0,121.0
2021-01-05 09:44:13.230,0.0169,0.017,32.0,0.0167,22.0,8490.0,121.0
2021-01-05 09:44:14.260,0.0169,0.017,32.0,0.0167,42.0,8490.0,121.0
2021-01-05 09:44:14.781,0.0169,0.017,32.0,0.0167,22.0,8490.0,121.0
2021-01-05 09:44:17.770,0.0169,0.017,32.0,0.0167,22.0,8490.0,121.0
2021-01-05 09:44:18.231,0.0169,0.017,46.0,0.0167,22.0,8490.0,121.0
2021-01-05 09:44:18.780,0.0169,0.017,46.0,0.0167,22.0,8490.0,121.0
2021-01-05 09:44:19.261,0.0169,0.017,46.0,0.0167,10.0,8490.0,121.0
2021-01-05 09:44:19.801,0.0169,0.017,46.0,0.0167,22.0,8490.0,121.0
2021-01-05 09:44:20.300,0.0169,0.017,58.0,0.0167,10.0,8490.0,121.0
2021-01-05 09:44:20.801,0.0169,0.017,46.0,0.0167,22.0,8490.0,121.0
2021-01-05 09:44:21.270,0.0169,0.017,46.0,0.0167,10.0,8490.0,121.0
2021-01-05 09:44:21.760,0.0169,0.017,58.0,0.0167,10.0,8490.0,121.0
2021-01-05 09:44:22.131,0.0169,0.017,46.0,0.0167,22.0,8490.0,121.0
2021-01-05 09:44:22.651,0.0169,0.017,58.0,0.0167,10.0,8490.0,121.0
2021-01-05 09:44:23.130,0.0169,0.017,58.0,0.0167,10.0,8490.0,121.0
2021-01-05 09:44:23.620,0.0169,0.017,58.0,0.0167,10.0,8490.0,121.0
2021-01-05 09:44:25.660,0.0169,0.017,46.0,0.0167,22.0,8490.0,121.0
2021-01-05 09:44:26.201,0.0169,0.017,46.0,0.0167,22.0,8490.0,121.0
2021-01-05 09:44:26.701,0.0169,0.017,46.0,0.0167,22.0,8490.0,121.0
2021-01-05 09:44:27.201,0.0169,0.017,46.0,0.0167,22.0,8490.0,121.0
2021-01-05 09:44:28.221,0.0169,0.017,32.0,0.0167,42.0,8490.0,121.0
2021-01-05 09:44:29.200,0.0169,0.017,32.0,0.0167,42.0,8490.0,121.0
2021-01-05 09:44:29.640,0.0169,0.017,32.0,0.0168,12.0,8490.0,121.0
2021-01-05 09:44:30.720,0.0169,0.017,32.0,0.0167,42.0,8490.0,121.0
2021-01-05 09:44:31.231,0.0169,0.017,32.0,0.0167,22.0,8490.0,121.0
2021-01-05 09:44:33.730,0.0169,0.017,32.0,0.0168,12.0,8490.0,121.0
2021-01-05 09:44:34.141,0.0169,0.017,12.0,0.0168,12.0,8490.0,121.0
2021-01-05 09:44:34.520,0.0169,0.017,32.0,0.0168,12.0,8490.0,121.0
2021-01-05 09:44:35.740,0.0169,0.017,32.0,0.0168,22.0,8490.0,121.0
2021-01-05 09:44:36.220,0.0169,0.017,32.0,0.0168,22.0,8490.0,121.0
2021-01-05 09:44:37.240,0.0169,0.017,32.0,0.0168,22.0,8490.0,121.0
2021-01-05 09:44:37.751,0.0169,0.017,32.0,0.0169,12.0,8490.0,121.0
2021-01-05 09:44:38.201,0.0169,0.017,12.0,0.0168,22.0,8490.0,121.0
2021-01-05 09:44:38.731,0.0169,0.017,32.0,0.0168,10.0,8490.0,121.0
2021-01-05 09:44:39.661,0.0169,0.017,32.0,0.0168,10.0,8490.0,121.0
2021-01-05 09:44:41.251,0.0169,0.017,12.0,0.0168,10.0,8490.0,121.0
2021-01-05 09:44:42.250,0.0169,0.017,2.0,0.0168,10.0,8490.0,121.0
2021-01-05 09:44:42.731,0.0169,0.017,12.0,0.0168,10.0,8490.0,121.0
2021-01-05 09:44:43.760,0.0169,0.017,2.0,0.0168,10.0,8490.0,121.0
2021-01-05 09:44:44.260,0.0169,0.017,22.0,0.0168,10.0,8490.0,121.0
2021-01-05 09:44:44.761,0.0169,0.017,2.0,0.0169,12.0,8490.0,121.0
2021-01-05 09:44:45.261,0.0169,0.017,12.0,0.0168,10.0,8490.0,121.0
2021-01-05 09:44:45.760,0.0169,0.017,46.0,0.0169,12.0,8490.0,121.0
2021-01-05 09:44:46.271,0.0169,0.017,26.0,0.0169,12.0,8490.0,121.0
2021-01-05 09:44:46.771,0.0169,0.017,26.0,0.0168,12.0,8490.0,121.0
2021-01-05 09:44:47.251,0.0169,0.017,46.0,0.0168,10.0,8490.0,121.0
2021-01-05 09:44:47.770,0.0169,0.017,46.0,0.0168,10.0,8490.0,121.0
2021-01-05 09:44:48.271,0.0169,0.017,46.0,0.0168,10.0,8490.0,121.0
2021-01-05 09:44:50.300,0.0169,0.017,46.0,0.0168,10.0,8490.0,121.0
2021-01-05 09:44:50.811,0.0169,0.017,58.0,0.0168,10.0,8490.0,121.0
2021-01-05 09:44:51.231,0.0169,0.017,58.0,0.0168,10.0,8490.0,121.0
2021-01-05 09:44:51.650,0.0169,0.017,46.0,0.0168,10.0,8490.0,121.0
2021-01-05 09:44:52.311,0.0169,0.017,46.0,0.0168,10.0,8490.0,121.0
2021-01-05 09:44:53.201,0.0169,0.017,32.0,0.0168,10.0,8490.0,121.0
2021-01-05 09:44:53.621,0.0169,0.017,38.0,0.0168,10.0,8490.0,121.0
2021-01-05 09:44:54.201,0.0169,0.017,46.0,0.0168,10.0,8490.0,121.0
2021-01-05 09:44:54.970,0.0169,0.017,32.0,0.0168,10.0,8490.0,121.0
2021-01-05 09:44:55.700,0.0169,0.017,44.0,0.0168,10.0,8490.0,121.0
2021-01-05 09:44:56.220,0.0169,0.017,58.0,0.0168,10.0,8490.0,121.0
2021-01-05 09:44:56.720,0.0169,0.017,32.0,0.0168,10.0,8490.0,121.0
2021-01-05 09:44:57.160,0.0169,0.017,32.0,0.0168,10.0,8490.0,121.0
2021-01-05 09:44:57.680,0.0169,0.017,12.0,0.0168,10.0,8490.0,121.0
2021-01-05 09:44:58.120,0.0169,0.017,32.0,0.0168,10.0,8490.0,121.0
2021-01-05 09:44:58.720,0.0169,0.017,12.0,0.0168,22.0,8490.0,121.0
2021-01-05 09:45:00.061,0.0169,0.017,2.0,0.0168,22.0,8490.0,121.0
2021-01-05 09:45:02.061,0.0169,0.017,22.0,0.0168,22.0,8490.0,121.0
2021-01-05 09:45:02.710,0.0169,0.017,2.0,0.0168,22.0,8490.0,121.0
2021-01-05 09:45:03.680,0.0169,0.017,22.0,0.0168,22.0,8490.0,121.0
2021-01-05 09:45:04.191,0.0169,0.017,2.0,0.0169,12.0,8490.0,121.0
2021-01-05 09:45:04.700,0.017,0.0171,30.0,0.017,10.0,8490.0,123.0
2021-01-05 09:45:05.221,0.017,0.0171,30.0,0.0169,22.0,8490.0,123.0
2021-01-05 09:45:05.720,0.017,0.0171,20.0,0.017,12.0,8490.0,123.0
2021-01-05 09:45:06.220,0.017,0.0172,30.0,0.017,12.0,8490.0,123.0
2021-01-05 09:45:06.721,0.017,0.0172,44.0,0.017,12.0,8490.0,123.0
2021-01-05 09:45:07.130,0.017,0.0172,44.0,0.0169,22.0,8490.0,123.0
2021-01-05 09:45:07.720,0.017,0.0172,30.0,0.0169,22.0,8490.0,123.0
2021-01-05 09:45:08.181,0.017,0.0171,14.0,0.0169,12.0,8490.0,123.0
2021-01-05 09:45:09.111,0.017,0.0171,20.0,0.017,12.0,8490.0,123.0
2021-01-05 09:45:09.720,0.017,0.0171,14.0,0.0169,22.0,8490.0,123.0
2021-01-05 09:45:10.200,0.017,0.0171,34.0,0.0169,22.0,8490.0,123.0
2021-01-05 09:45:11.091,0.017,0.0171,34.0,0.0169,22.0,8490.0,123.0
2021-01-05 09:45:11.720,0.017,0.0171,34.0,0.0169,22.0,8490.0,123.0
2021-01-05 09:45:12.150,0.017,0.0171,34.0,0.0169,22.0,8490.0,123.0
2021-01-05 09:45:12.701,0.017,0.0171,20.0,0.0169,22.0,8490.0,123.0
2021-01-05 09:45:13.681,0.017,0.0171,20.0,0.0169,22.0,8490.0,123.0
2021-01-05 09:45:15.230,0.017,0.0172,40.0,0.0169,22.0,8490.0,123.0
2021-01-05 09:45:15.721,0.017,0.0172,44.0,0.017,12.0,8490.0,123.0
2021-01-05 09:45:16.630,0.017,0.0172,34.0,0.0169,10.0,8490.0,123.0
2021-01-05 09:45:17.170,0.017,0.0171,12.0,0.0169,10.0,8490.0,123.0
2021-01-05 09:45:17.731,0.017,0.0171,32.0,0.0169,11.0,8490.0,123.0
2021-01-05 09:45:18.230,0.017,0.0171,32.0,0.0169,11.0,8490.0,123.0
2021-01-05 09:45:18.691,0.017,0.017,12.0,0.0169,41.0,8490.0,123.0
2021-01-05 09:45:19.191,0.017,0.0171,20.0,0.0169,21.0,8490.0,123.0
2021-01-05 09:45:19.731,0.017,0.0171,20.0,0.0169,33.0,8490.0,123.0
2021-01-05 09:45:20.240,0.017,0.0171,34.0,0.0169,33.0,8490.0,123.0
2021-01-05 09:45:20.720,0.017,0.0171,34.0,0.017,12.0,8490.0,123.0
2021-01-05 09:45:21.160,0.017,0.0172,32.0,0.0169,11.0,8490.0,123.0
2021-01-05 09:45:21.731,0.017,0.0172,46.0,0.0169,11.0,8490.0,123.0
2021-01-05 09:45:22.710,0.017,0.017,12.0,0.0169,11.0,8490.0,123.0
2021-01-05 09:45:23.160,0.017,0.0171,20.0,0.0169,11.0,8490.0,123.0
2021-01-05 09:45:23.671,0.017,0.0171,20.0,0.0169,11.0,8490.0,123.0
2021-01-05 09:45:24.201,0.017,0.0171,20.0,0.0169,11.0,8490.0,123.0
2021-01-05 09:45:24.701,0.017,0.0171,20.0,0.0169,23.0,8490.0,123.0
2021-01-05 09:45:25.690,0.017,0.0171,20.0,0.0169,11.0,8490.0,123.0
2021-01-05 09:45:26.220,0.017,0.0171,20.0,0.0169,11.0,8490.0,123.0
2021-01-05 09:45:26.681,0.017,0.0171,20.0,0.0169,23.0,8490.0,123.0
2021-01-05 09:45:27.211,0.017,0.0171,20.0,0.0169,11.0,8490.0,123.0
2021-01-05 09:45:27.671,0.017,0.0172,20.0,0.0169,23.0,8490.0,123.0
2021-01-05 09:45:28.220,0.017,0.0172,56.0,0.0169,11.0,8490.0,123.0
2021-01-05 09:45:28.700,0.017,0.0172,46.0,0.0169,11.0,8490.0,123.0
2021-01-05 09:45:29.140,0.017,0.0172,32.0,0.0169,11.0,8490.0,123.0
2021-01-05 09:45:30.210,0.017,0.0171,34.0,0.0169,11.0,8490.0,123.0
2021-01-05 09:45:31.211,0.017,0.0171,34.0,0.0169,11.0,8490.0,123.0
2021-01-05 09:45:31.701,0.017,0.0171,34.0,0.0169,11.0,8490.0,123.0
2021-01-05 09:45:32.160,0.017,0.0171,34.0,0.0169,11.0,8490.0,123.0
2021-01-05 09:45:32.690,0.017,0.0171,34.0,0.0169,11.0,8490.0,123.0
2021-01-05 09:45:33.180,0.017,0.0171,34.0,0.0169,11.0,8490.0,123.0
2021-01-05 09:45:33.670,0.017,0.0171,44.0,0.0169,11.0,8490.0,123.0
2021-01-05 09:45:34.690,0.017,0.0171,44.0,0.0169,11.0,8490.0,123.0
2021-01-05 09:45:35.731,0.017,0.0171,44.0,0.0169,11.0,8490.0,123.0
2021-01-05 09:45:36.730,0.017,0.0171,44.0,0.0169,11.0,8490.0,123.0
2021-01-05 09:45:37.241,0.017,0.0171,44.0,0.0169,11.0,8490.0,123.0
2021-01-05 09:45:37.731,0.017,0.0171,30.0,0.0169,11.0,8490.0,123.0
2021-01-05 09:45:38.721,0.017,0.0171,30.0,0.0169,23.0,8490.0,123.0
2021-01-05 09:45:39.210,0.017,0.0171,30.0,0.0169,23.0,8490.0,123.0
2021-01-05 09:45:39.710,0.017,0.0171,30.0,0.0169,11.0,8490.0,123.0
2021-01-05 09:45:40.240,0.017,0.0171,30.0,0.0169,23.0,8490.0,123.0
2021-01-05 09:45:40.730,0.017,0.0171,30.0,0.0169,23.0,8490.0,123.0
2021-01-05 09:45:42.240,0.017,0.0171,10.0,0.0169,11.0,8490.0,123.0
2021-01-05 09:45:42.711,0.017,0.0172,20.0,0.017,12.0,8490.0,123.0
2021-01-05 09:45:43.220,0.017,0.0172,24.0,0.0169,43.0,8490.0,123.0
2021-01-05 09:45:43.731,0.017,0.0172,44.0,0.017,12.0,8490.0,123.0
2021-01-05 09:45:44.201,0.017,0.0172,24.0,0.0169,43.0,8490.0,123.0
2021-01-05 09:45:44.711,0.017,0.0172,44.0,0.0169,23.0,8490.0,123.0
2021-01-05 09:45:45.220,0.017,0.0172,36.0,0.0169,11.0,8490.0,123.0
2021-01-05 09:45:45.690,0.0172,0.0172,35.0,0.0171,1.0,8491.0,124.0
2021-01-05 09:45:46.240,0.0171,0.0172,26.0,0.0169,31.0,8491.0,125.0
2021-01-05 09:45:46.680,0.0171,0.0172,56.0,0.0169,11.0,8491.0,125.0
2021-01-05 09:45:47.241,0.0171,0.0172,42.0,0.0169,11.0,8491.0,125.0
2021-01-05 09:45:48.201,0.0171,0.0171,14.0,0.0169,11.0,8491.0,125.0
2021-01-05 09:45:48.741,0.0171,0.0171,24.0,0.0169,11.0,8491.0,125.0
2021-01-05 09:45:49.221,0.0171,0.0171,10.0,0.0169,11.0,8491.0,125.0
2021-01-05 09:45:50.251,0.0171,0.0172,56.0,0.0169,11.0,8491.0,125.0
2021-01-05 09:45:50.691,0.0171,0.0172,42.0,0.0169,11.0,8491.0,125.0
2021-01-05 09:45:51.221,0.0171,0.0171,14.0,0.0169,11.0,8491.0,125.0
2021-01-05 09:45:51.721,0.0171,0.0171,14.0,0.0169,11.0,8491.0,125.0
2021-01-05 09:45:52.251,0.0171,0.0171,24.0,0.0169,11.0,8491.0,125.0
2021-01-05 09:45:54.191,0.0171,0.0171,24.0,0.0169,11.0,8491.0,125.0
2021-01-05 09:45:54.710,0.0171,0.0171,24.0,0.0169,11.0,8491.0,125.0
2021-01-05 09:45:56.120,0.0171,0.0171,24.0,0.0169,11.0,8491.0,125.0
2021-01-05 09:45:56.631,0.0171,0.0171,24.0,0.0169,11.0,8491.0,125.0
2021-01-05 09:45:58.711,0.0171,0.0171,36.0,0.0169,11.0,8491.0,125.0
2021-01-05 09:45:59.230,0.0171,0.0171,24.0,0.0169,11.0,8491.0,125.0
2021-01-05 09:45:59.680,0.0171,0.0171,24.0,0.0169,11.0,8491.0,125.0
2021-01-05 09:46:00.210,0.0171,0.0171,24.0,0.0169,11.0,8491.0,125.0
2021-01-05 09:46:00.730,0.0171,0.0171,24.0,0.0169,11.0,8491.0,125.0
2021-01-05 09:46:01.061,0.0171,0.0171,56.0,0.0169,11.0,8491.0,125.0
2021-01-05 09:46:02.221,0.0171,0.0171,56.0,0.0169,11.0,8491.0,125.0
2021-01-05 09:46:02.711,0.0171,0.017,12.0,0.0169,11.0,8491.0,125.0
2021-01-05 09:46:03.120,0.0171,0.017,20.0,0.0169,1.0,8491.0,125.0
2021-01-05 09:46:03.731,0.0171,0.017,44.0,0.0169,11.0,8491.0,125.0
2021-01-05 09:46:04.171,0.0171,0.017,24.0,0.0169,11.0,8491.0,125.0
2021-01-05 09:46:04.711,0.0171,0.017,36.0,0.0169,11.0,8491.0,125.0
2021-01-05 09:46:05.691,0.0171,0.017,56.0,0.0169,1.0,8491.0,125.0
2021-01-05 09:46:06.690,0.0171,0.017,36.0,0.0169,1.0,8491.0,125.0
2021-01-05 09:46:07.231,0.0171,0.017,56.0,0.0169,1.0,8491.0,125.0
2021-01-05 09:46:07.741,0.0169,0.017,36.0,0.0168,20.0,8491.0,126.0
2021-01-05 09:46:10.221,0.0169,0.0169,12.0,0.0167,10.0,8491.0,126.0
2021-01-05 09:46:10.720,0.0169,0.017,50.0,0.0167,30.0,8491.0,126.0
2021-01-05 09:46:11.131,0.0169,0.017,86.0,0.0167,30.0,8491.0,126.0
2021-01-05 09:46:11.721,0.0169,0.017,86.0,0.0167,30.0,8491.0,126.0
2021-01-05 09:46:12.190,0.0169,0.017,86.0,0.0167,20.0,8491.0,126.0
2021-01-05 09:46:13.231,0.0169,0.017,74.0,0.0167,20.0,8491.0,126.0
2021-01-05 09:46:13.681,0.0169,0.0169,12.0,0.0167,30.0,8491.0,126.0
2021-01-05 09:46:14.230,0.0169,0.0169,32.0,0.0167,30.0,8491.0,126.0
2021-01-05 09:46:14.720,0.0169,0.0169,42.0,0.0167,30.0,8491.0,126.0
2021-01-05 09:46:15.730,0.0169,0.0169,42.0,0.0167,30.0,8491.0,126.0
2021-01-05 09:46:16.041,0.0169,0.0169,56.0,0.0167,30.0,8491.0,126.0
2021-01-05 09:46:19.171,0.0169,0.0169,56.0,0.0167,10.0,8491.0,126.0
2021-01-05 09:46:20.210,0.0169,0.0169,56.0,0.0167,10.0,8491.0,126.0
2021-01-05 09:46:20.731,0.0169,0.0169,56.0,0.0167,30.0,8491.0,126.0
2021-01-05 09:46:21.240,0.0169,0.0169,42.0,0.0167,30.0,8491.0,126.0
2021-01-05 09:46:21.611,0.0169,0.0169,56.0,0.0167,30.0,8491.0,126.0
2021-01-05 09:46:22.220,0.0169,0.0169,56.0,0.0167,10.0,8491.0,126.0
2021-01-05 09:46:22.690,0.0169,0.0169,56.0,0.0167,30.0,8491.0,126.0
2021-01-05 09:46:23.710,0.0169,0.0169,56.0,0.0167,30.0,8491.0,126.0
2021-01-05 09:46:24.221,0.0169,0.0169,56.0,0.0167,30.0,8491.0,126.0
2021-01-05 09:46:25.211,0.0169,0.0169,56.0,0.0167,30.0,8491.0,126.0
2021-01-05 09:46:25.651,0.0169,0.0169,44.0,0.0167,30.0,8491.0,126.0
2021-01-05 09:46:26.191,0.0169,0.0169,44.0,0.0167,30.0,8491.0,126.0
2021-01-05 09:46:26.711,0.0169,0.0169,44.0,0.0167,42.0,8491.0,126.0
2021-01-05 09:46:27.201,0.0169,0.0169,44.0,0.0167,42.0,8491.0,126.0
2021-01-05 09:46:28.650,0.0169,0.0169,30.0,0.0167,30.0,8491.0,126.0
2021-01-05 09:46:29.151,0.0169,0.0168,14.0,0.0167,30.0,8491.0,126.0
2021-01-05 09:46:29.710,0.0169,0.0168,14.0,0.0167,10.0,8491.0,126.0
2021-01-05 09:46:29.750,0.0169,0.0168,24.0,0.0167,42.0,8491.0,126.0
2021-01-05 09:46:30.721,0.0169,0.0168,24.0,0.0167,42.0,8491.0,126.0
2021-01-05 09:46:31.210,0.0169,0.0168,24.0,0.0167,42.0,8491.0,126.0
2021-01-05 09:46:32.100,0.0169,0.0168,10.0,0.0167,42.0,8491.0,126.0
2021-01-05 09:46:32.701,0.0169,0.0169,20.0,0.0167,42.0,8491.0,126.0
2021-01-05 09:46:33.210,0.0169,0.0169,44.0,0.0167,30.0,8491.0,126.0
2021-01-05 09:46:33.331,0.0169,0.0169,10.0,0.0167,30.0,8491.0,126.0
2021-01-05 09:46:34.140,0.0169,0.017,42.0,0.0167,30.0,8491.0,126.0
2021-01-05 09:46:34.691,0.0169,0.017,66.0,0.0167,30.0,8491.0,126.0
2021-01-05 09:46:35.231,0.0169,0.0169,12.0,0.0167,30.0,8491.0,126.0
2021-01-05 09:46:35.721,0.0169,0.0169,20.0,0.0167,30.0,8491.0,126.0
2021-01-05 09:46:36.221,0.0169,0.0169,30.0,0.0167,30.0,8491.0,126.0
2021-01-05 09:46:36.730,0.0169,0.0169,30.0,0.0167,30.0,8491.0,126.0
2021-01-05 09:46:37.241,0.0169,0.0169,44.0,0.0167,30.0,8491.0,126.0
2021-01-05 09:46:37.750,0.0169,0.0169,30.0,0.0167,10.0,8491.0,126.0
2021-01-05 09:46:38.741,0.0169,0.0169,30.0,0.0167,10.0,8491.0,126.0
2021-01-05 09:46:39.210,0.0169,0.0169,30.0,0.0167,10.0,8491.0,126.0
2021-01-05 09:46:39.730,0.0169,0.0169,30.0,0.0167,10.0,8491.0,126.0
2021-01-05 09:46:40.230,0.0169,0.0169,30.0,0.0167,10.0,8491.0,126.0
2021-01-05 09:46:40.670,0.0169,0.0169,30.0,0.0167,22.0,8491.0,126.0
2021-01-05 09:46:41.250,0.0169,0.0169,30.0,0.0167,10.0,8491.0,126.0
2021-01-05 09:46:41.730,0.0169,0.0169,30.0,0.0167,30.0,8491.0,126.0
2021-01-05 09:46:42.230,0.0169,0.0169,30.0,0.0167,10.0,8491.0,126.0
2021-01-05 09:46:42.741,0.0169,0.0169,30.0,0.0167,10.0,8491.0,126.0
2021-01-05 09:46:44.230,0.0169,0.0169,30.0,0.0167,22.0,8491.0,126.0
2021-01-05 09:46:47.701,0.0169,0.0169,30.0,0.0167,10.0,8491.0,126.0
2021-01-05 09:46:50.170,0.0169,0.0169,30.0,0.0167,22.0,8491.0,126.0
2021-01-05 09:46:51.261,0.0169,0.0169,30.0,0.0167,42.0,8491.0,126.0
2021-01-05 09:46:51.731,0.0169,0.0169,30.0,0.0167,22.0,8491.0,126.0
2021-01-05 09:46:54.221,0.0169,0.0169,30.0,0.0167,10.0,8491.0,126.0
2021-01-05 09:46:54.701,0.0169,0.0169,30.0,0.0167,10.0,8491.0,126.0
2021-01-05 09:46:55.180,0.0169,0.0169,30.0,0.0167,22.0,8491.0,126.0
2021-01-05 09:46:55.681,0.0169,0.0169,10.0,0.0167,22.0,8491.0,126.0
2021-01-05 09:46:56.221,0.0169,0.0169,20.0,0.0167,22.0,8491.0,126.0
2021-01-05 09:46:56.711,0.0169,0.0169,50.0,0.0167,10.0,8491.0,126.0
2021-01-05 09:46:56.801,0.0169,0.0169,30.0,0.0167,10.0,8491.0,126.0
2021-01-05 09:46:57.641,0.0169,0.0169,30.0,0.0167,10.0,8491.0,126.0
2021-01-05 09:46:58.131,0.0169,0.0169,30.0,0.0167,10.0,8491.0,126.0
2021-01-05 09:46:59.191,0.0169,0.0169,30.0,0.0167,10.0,8491.0,126.0
2021-01-05 09:47:00.251,0.0169,0.0169,30.0,0.0167,10.0,8491.0,126.0
2021-01-05 09:47:00.741,0.0169,0.0169,30.0,0.0167,10.0,8491.0,126.0
2021-01-05 09:47:01.210,0.0169,0.0169,30.0,0.0167,10.0,8491.0,126.0
2021-01-05 09:47:02.230,0.0169,0.0169,30.0,0.0167,10.0,8491.0,126.0
2021-01-05 09:47:02.741,0.0169,0.0169,30.0,0.0167,10.0,8491.0,126.0
2021-01-05 09:47:03.220,0.0169,0.0169,30.0,0.0167,10.0,8491.0,126.0
2021-01-05 09:47:03.740,0.0169,0.0169,30.0,0.0167,22.0,8491.0,126.0
2021-01-05 09:47:04.751,0.0169,0.0169,20.0,0.0168,12.0,8491.0,126.0
2021-01-05 09:47:05.250,0.0169,0.0169,20.0,0.0167,22.0,8491.0,126.0
2021-01-05 09:47:05.750,0.0169,0.0169,20.0,0.0168,12.0,8491.0,126.0
2021-01-05 09:47:06.750,0.0169,0.0169,20.0,0.0168,22.0,8491.0,126.0
2021-01-05 09:47:07.221,0.0169,0.0169,20.0,0.0168,10.0,8491.0,126.0
2021-01-05 09:47:07.740,0.0169,0.0169,20.0,0.0168,10.0,8491.0,126.0
2021-01-05 09:47:07.980,0.0169,0.0169,20.0,0.0168,22.0,8491.0,126.0
2021-01-05 09:47:08.700,0.0169,0.0169,20.0,0.0168,22.0,8491.0,126.0
2021-01-05 09:47:09.751,0.0169,0.0169,8.0,0.0168,10.0,8491.0,138.0
2021-01-05 09:47:10.260,0.0169,0.017,20.0,0.0168,22.0,8491.0,138.0
2021-01-05 09:47:10.721,0.0169,0.017,20.0,0.0168,10.0,8491.0,138.0
2021-01-05 09:47:11.751,0.0169,0.017,20.0,0.0168,10.0,8491.0,138.0
2021-01-05 09:47:12.241,0.0169,0.017,20.0,0.0168,10.0,8491.0,138.0
2021-01-05 09:47:12.731,0.0169,0.017,20.0,0.0168,30.0,8491.0,138.0
2021-01-05 09:47:13.201,0.0169,0.017,20.0,0.0168,40.0,8491.0,138.0
2021-01-05 09:47:13.751,0.0169,0.017,20.0,0.0168,42.0,8491.0,138.0
2021-01-05 09:47:14.220,0.0169,0.017,20.0,0.0169,12.0,8491.0,138.0
2021-01-05 09:47:14.721,0.017,0.0172,20.0,0.0168,30.0,8491.0,150.0
2021-01-05 09:47:15.230,0.017,0.0172,54.0,0.0168,74.0,8491.0,150.0
2021-01-05 09:47:15.701,0.017,0.017,12.0,0.0168,74.0,8491.0,150.0
2021-01-05 09:47:16.241,0.017,0.017,32.0,0.0168,74.0,8491.0,150.0
2021-01-05 09:47:16.731,0.017,0.0169,12.0,0.0168,40.0,8491.0,150.0
2021-01-05 09:47:17.251,0.0169,0.017,20.0,0.0168,40.0,8496.0,155.0
2021-01-05 09:47:17.731,0.0169,0.017,20.0,0.0168,72.0,8496.0,155.0
2021-01-05 09:47:18.221,0.0169,0.017,20.0,0.0168,60.0,8496.0,155.0
2021-01-05 09:47:18.621,0.0169,0.017,20.0,0.0169,12.0,8496.0,155.0
2021-01-05 09:47:19.111,0.0169,0.0171,20.0,0.0169,12.0,8496.0,155.0
2021-01-05 09:47:19.760,0.0169,0.0172,20.0,0.017,12.0,8496.0,155.0
2021-01-05 09:47:20.231,0.0169,0.0172,34.0,0.0171,12.0,8496.0,155.0
2021-01-05 09:47:20.730,0.0169,0.0172,34.0,0.017,20.0,8496.0,155.0
2021-01-05 09:47:21.260,0.0169,0.0172,46.0,0.0169,40.0,8496.0,155.0
2021-01-05 09:47:21.760,0.0169,0.0171,12.0,0.0169,20.0,8496.0,155.0
2021-01-05 09:47:22.240,0.0169,0.0171,20.0,0.0169,20.0,8496.0,155.0
2021-01-05 09:47:22.580,0.0169,0.0171,32.0,0.0169,20.0,8496.0,155.0
2021-01-05 09:47:25.241,0.0169,0.0171,20.0,0.0169,20.0,8496.0,155.0
2021-01-05 09:47:25.710,0.0169,0.0171,32.0,0.0169,20.0,8496.0,155.0
2021-01-05 09:47:27.721,0.0169,0.0171,20.0,0.0169,20.0,8496.0,155.0
2021-01-05 09:47:28.230,0.0169,0.0171,20.0,0.0169,20.0,8496.0,155.0
2021-01-05 09:47:28.420,0.0169,0.0171,32.0,0.0169,20.0,8496.0,155.0
2021-01-05 09:47:30.720,0.0169,0.0171,32.0,0.0169,40.0,8496.0,155.0
2021-01-05 09:47:31.181,0.0169,0.0171,20.0,0.0169,40.0,8496.0,155.0
2021-01-05 09:47:32.681,0.0169,0.0171,20.0,0.0169,32.0,8496.0,155.0
2021-01-05 09:47:33.181,0.0169,0.0171,20.0,0.0169,52.0,8496.0,155.0
2021-01-05 09:47:34.231,0.0169,0.0171,20.0,0.0169,32.0,8496.0,155.0
2021-01-05 09:47:34.750,0.0169,0.0171,20.0,0.017,12.0,8496.0,155.0
2021-01-05 09:47:35.221,0.0169,0.0172,20.0,0.017,12.0,8496.0,155.0
2021-01-05 09:47:35.740,0.0169,0.0172,30.0,0.0169,52.0,8496.0,155.0
2021-01-05 09:47:36.241,0.0169,0.0172,20.0,0.017,12.0,8496.0,155.0
2021-01-05 09:47:36.721,0.0169,0.0172,20.0,0.017,12.0,8496.0,155.0
2021-01-05 09:47:38.260,0.0169,0.0172,20.0,0.0169,72.0,8496.0,155.0
2021-01-05 09:47:38.760,0.0169,0.0172,20.0,0.0169,46.0,8496.0,155.0
2021-01-05 09:47:39.261,0.0169,0.0172,20.0,0.0169,46.0,8496.0,155.0
2021-01-05 09:47:39.751,0.0169,0.0172,20.0,0.017,12.0,8496.0,155.0
2021-01-05 09:47:40.260,0.0169,0.0172,20.0,0.0169,66.0,8496.0,155.0
2021-01-05 09:47:40.761,0.0169,0.0172,20.0,0.0169,46.0,8496.0,155.0
2021-01-05 09:47:41.251,0.0169,0.0172,20.0,0.0169,66.0,8496.0,155.0
2021-01-05 09:47:41.701,0.0169,0.0172,20.0,0.0169,54.0,8496.0,155.0
2021-01-05 09:47:42.250,0.0169,0.0172,20.0,0.0169,66.0,8496.0,155.0
2021-01-05 09:47:45.760,0.0169,0.0172,20.0,0.017,12.0,8496.0,155.0
2021-01-05 09:47:46.250,0.0169,0.0172,20.0,0.017,12.0,8496.0,155.0
2021-01-05 09:47:46.730,0.0169,0.0172,20.0,0.017,12.0,8496.0,155.0
2021-01-05 09:47:47.270,0.0169,0.0172,32.0,0.0169,74.0,8496.0,155.0
2021-01-05 09:47:47.771,0.0169,0.0172,20.0,0.0169,66.0,8496.0,155.0
2021-01-05 09:47:48.261,0.0169,0.0172,20.0,0.0169,66.0,8496.0,155.0
2021-01-05 09:47:48.761,0.0169,0.0172,32.0,0.0169,20.0,8496.0,155.0
2021-01-05 09:47:50.751,0.0169,0.0172,32.0,0.0169,20.0,8496.0,155.0
2021-01-05 09:47:51.270,0.0169,0.0172,56.0,0.0169,20.0,8496.0,155.0
2021-01-05 09:47:52.240,0.0169,0.0171,12.0,0.0168,30.0,8496.0,155.0
2021-01-05 09:47:52.730,0.0169,0.0171,20.0,0.0169,10.0,8496.0,155.0
2021-01-05 09:47:53.221,0.0169,0.0171,32.0,0.0169,10.0,8496.0,155.0
2021-01-05 09:47:54.230,0.0169,0.0171,12.0,0.0169,10.0,8496.0,155.0
2021-01-05 09:47:54.741,0.0169,0.0171,32.0,0.0169,10.0,8496.0,155.0
2021-01-05 09:47:55.241,0.0169,0.0171,32.0,0.0168,54.0,8496.0,155.0
2021-01-05 09:47:55.740,0.0169,0.017,12.0,0.0168,54.0,8496.0,155.0
2021-01-05 09:47:56.251,0.0169,0.0171,32.0,0.0168,40.0,8496.0,155.0
2021-01-05 09:47:56.751,0.0169,0.017,12.0,0.0168,40.0,8496.0,155.0
2021-01-05 09:47:57.250,0.0169,0.0171,32.0,0.0168,40.0,8496.0,155.0
2021-01-05 09:47:57.750,0.0169,0.0171,20.0,0.0168,54.0,8496.0,155.0
2021-01-05 09:47:58.261,0.0169,0.0171,32.0,0.0168,54.0,8496.0,155.0
2021-01-05 09:47:58.781,0.0169,0.0171,32.0,0.0168,54.0,8496.0,155.0
2021-01-05 09:47:59.231,0.0169,0.017,12.0,0.0168,54.0,8496.0,155.0
2021-01-05 09:48:00.791,0.0169,0.017,12.0,0.0168,54.0,8496.0,155.0
2021-01-05 09:48:01.261,0.0169,0.0171,32.0,0.0168,54.0,8496.0,155.0
2021-01-05 09:48:01.791,0.0169,0.0171,32.0,0.0168,54.0,8496.0,155.0
2021-01-05 09:48:02.260,0.0169,0.0171,20.0,0.0168,54.0,8496.0,155.0
2021-01-05 09:48:02.781,0.0169,0.0171,32.0,0.0168,54.0,8496.0,155.0
2021-01-05 09:48:03.261,0.0169,0.0171,32.0,0.0168,60.0,8496.0,155.0
2021-01-05 09:48:03.791,0.0169,0.0171,32.0,0.0168,40.0,8496.0,155.0
2021-01-05 09:48:04.250,0.0169,0.0171,20.0,0.0168,66.0,8496.0,155.0
2021-01-05 09:48:04.790,0.0169,0.0171,32.0,0.0168,54.0,8496.0,155.0
2021-01-05 09:48:05.290,0.0169,0.0171,32.0,0.0168,54.0,8496.0,155.0
2021-01-05 09:48:05.741,0.0169,0.0172,10.0,0.0168,34.0,8496.0,155.0
2021-01-05 09:48:06.291,0.0169,0.0172,32.0,0.0168,66.0,8496.0,155.0
2021-01-05 09:48:07.280,0.0169,0.0171,12.0,0.0168,54.0,8496.0,155.0
2021-01-05 09:48:07.760,0.0169,0.0173,10.0,0.0168,20.0,8496.0,155.0
2021-01-05 09:48:08.281,0.0169,0.0171,12.0,0.0169,14.0,8496.0,155.0
2021-01-05 09:48:08.761,0.0169,0.0172,20.0,0.0169,14.0,8496.0,155.0
2021-01-05 09:48:09.291,0.0169,0.0172,20.0,0.0169,14.0,8496.0,155.0
2021-01-05 09:48:09.751,0.0169,0.0172,32.0,0.0169,24.0,8496.0,155.0
2021-01-05 09:48:10.110,0.0169,0.0172,32.0,0.0169,34.0,8496.0,155.0
2021-01-05 09:48:10.801,0.0169,0.0172,12.0,0.0169,34.0,8496.0,155.0
2021-01-05 09:48:11.301,0.0169,0.0172,32.0,0.0169,34.0,8496.0,155.0
2021-01-05 09:48:11.791,0.0169,0.0172,32.0,0.0169,34.0,8496.0,155.0
2021-01-05 09:48:12.751,0.0169,0.0172,32.0,0.0169,34.0,8496.0,155.0
2021-01-05 09:48:13.281,0.0169,0.0172,20.0,0.0169,34.0,8496.0,155.0
2021-01-05 09:48:13.760,0.0169,0.0172,32.0,0.0169,34.0,8496.0,155.0
2021-01-05 09:48:15.310,0.0169,0.0172,32.0,0.0169,34.0,8496.0,155.0
2021-01-05 09:48:15.831,0.0169,0.0172,32.0,0.0169,20.0,8496.0,155.0
2021-01-05 09:48:16.321,0.0169,0.0172,30.0,0.0169,20.0,8496.0,155.0
2021-01-05 09:48:16.801,0.0169,0.0172,30.0,0.0169,10.0,8496.0,155.0
2021-01-05 09:48:17.300,0.0169,0.0172,30.0,0.0169,12.0,8496.0,155.0
2021-01-05 09:48:17.811,0.0169,0.0172,20.0,0.0169,12.0,8496.0,155.0
2021-01-05 09:48:18.330,0.0169,0.0172,32.0,0.0169,10.0,8496.0,155.0
2021-01-05 09:48:18.841,0.0169,0.0172,32.0,0.0169,10.0,8496.0,155.0
2021-01-05 09:48:19.271,0.0169,0.0172,40.0,0.0169,10.0,8496.0,155.0
2021-01-05 09:48:19.800,0.0169,0.0171,12.0,0.0169,10.0,8496.0,155.0
2021-01-05 09:48:20.311,0.0169,0.0171,12.0,0.0169,10.0,8496.0,155.0
2021-01-05 09:48:20.791,0.0169,0.0171,12.0,0.0169,10.0,8496.0,155.0
2021-01-05 09:48:21.340,0.0169,0.0171,20.0,0.0169,10.0,8496.0,155.0
