,last,ask1,asize1,bid1,bsize1,oi,volume
2021-01-05 09:25:00.080,,0.5171,1.0,0.49,1.0,10200.0,
2021-01-05 09:30:00.451,,0.517,1.0,0.49,1.0,10200.0,
2021-01-05 09:30:00.991,0.49,0.517,6.0,0.4898,2.0,10200.0,1.0
2021-01-05 09:30:01.481,0.4898,0.517,6.0,0.4898,1.0,10199.0,2.0
2021-01-05 09:30:03.010,0.4898,0.517,6.0,0.47,1.0,10198.0,3.0
2021-01-05 09:30:03.471,0.4898,0.5169,1.0,0.47,1.0,10198.0,3.0
2021-01-05 09:30:03.980,0.4898,0.494,20.0,0.483,20.0,10198.0,3.0
2021-01-05 09:30:04.430,0.4898,0.4932,20.0,0.4823,20.0,10198.0,3.0
2021-01-05 09:30:05.010,0.4898,0.4932,20.0,0.47,1.0,10198.0,3.0
2021-01-05 09:30:05.481,0.4898,0.492,20.0,0.481,20.0,10198.0,3.0
2021-01-05 09:30:05.990,0.4898,0.492,20.0,0.47,1.0,10198.0,3.0
2021-01-05 09:30:06.971,0.4898,0.4892,20.0,0.4783,20.0,10198.0,3.0
2021-01-05 09:30:10.501,0.4898,0.4884,20.0,0.4774,20.0,10198.0,3.0
2021-01-05 09:30:11.521,0.4898,0.4878,20.0,0.4774,20.0,10198.0,3.0
2021-01-05 09:30:12.521,0.4898,0.4878,20.0,0.4767,20.0,10198.0,3.0
2021-01-05 09:30:13.000,0.4898,0.517,6.0,0.4767,20.0,10198.0,3.0
2021-01-05 09:30:13.501,0.4898,0.4887,20.0,0.4778,20.0,10198.0,3.0
2021-01-05 09:30:13.941,0.4898,0.4887,20.0,0.4778,20.0,10198.0,3.0
2021-01-05 09:30:15.520,0.4898,0.4893,20.0,0.4784,20.0,10198.0,3.0
2021-01-05 09:30:17.641,0.4898,0.4908,20.0,0.4799,20.0,10198.0,3.0
2021-01-05 09:30:22.240,0.4898,0.49,20.0,0.4791,20.0,10198.0,3.0
2021-01-05 09:30:23.170,0.4898,0.49,20.0,0.4791,20.0,10198.0,3.0
2021-01-05 09:30:23.670,0.4898,0.49,20.0,0.4784,20.0,10198.0,3.0
2021-01-05 09:30:24.161,0.4898,0.4893,20.0,0.4784,20.0,10198.0,3.0
2021-01-05 09:30:25.160,0.4898,0.4893,20.0,0.4778,2.0,10198.0,3.0
2021-01-05 09:30:25.671,0.4898,0.4883,20.0,0.4778,22.0,10198.0,3.0
2021-01-05 09:30:26.171,0.4898,0.4883,20.0,0.4778,22.0,10198.0,3.0
2021-01-05 09:30:29.661,0.4898,0.4883,20.0,0.4778,22.0,10198.0,3.0
2021-01-05 09:30:30.620,0.4898,0.4893,20.0,0.4778,22.0,10198.0,3.0
2021-01-05 09:30:31.121,0.4898,0.4893,20.0,0.4778,22.0,10198.0,3.0
2021-01-05 09:30:31.661,0.4898,0.4893,20.0,0.4784,20.0,10198.0,3.0
2021-01-05 09:30:32.140,0.4898,0.4893,20.0,0.4784,20.0,10198.0,3.0
2021-01-05 09:30:32.551,0.4898,0.49,20.0,0.4791,20.0,10198.0,3.0
2021-01-05 09:30:33.171,0.4898,0.49,20.0,0.4791,20.0,10198.0,3.0
2021-01-05 09:30:33.671,0.4898,0.49,20.0,0.4791,20.0,10198.0,3.0
2021-01-05 09:30:36.170,0.4898,0.49,20.0,0.4784,20.0,10198.0,3.0
2021-01-05 09:30:38.141,0.4898,0.4892,10.0,0.4791,10.0,10198.0,3.0
2021-01-05 09:30:38.700,0.4898,0.4892,30.0,0.4791,30.0,10198.0,3.0
2021-01-05 09:30:39.201,0.4898,0.4892,30.0,0.4791,30.0,10198.0,3.0
2021-01-05 09:30:43.681,0.4898,0.4892,30.0,0.4791,30.0,10198.0,3.0
2021-01-05 09:30:44.181,0.4898,0.4892,20.0,0.4802,10.0,10198.0,3.0
2021-01-05 09:30:44.650,0.4898,0.49,20.0,0.4802,30.0,10198.0,3.0
2021-01-05 09:30:45.161,0.4898,0.49,20.0,0.4802,30.0,10198.0,3.0
2021-01-05 09:30:45.710,0.4898,0.49,20.0,0.4802,30.0,10198.0,3.0
2021-01-05 09:30:46.701,0.4898,0.49,20.0,0.4802,30.0,10198.0,3.0
2021-01-05 09:30:47.191,0.4898,0.49,20.0,0.4802,30.0,10198.0,3.0
2021-01-05 09:30:47.691,0.4898,0.49,20.0,0.4802,30.0,10198.0,3.0
2021-01-05 09:30:48.200,0.4898,0.49,20.0,0.4802,30.0,10198.0,3.0
2021-01-05 09:30:50.171,0.4898,0.49,20.0,0.4813,10.0,10198.0,3.0
2021-01-05 09:30:50.720,0.4898,0.49,20.0,0.4813,10.0,10198.0,3.0
2021-01-05 09:30:51.181,0.4898,0.4907,30.0,0.4813,30.0,10198.0,3.0
2021-01-05 09:30:51.721,0.4898,0.49,20.0,0.4813,10.0,10198.0,3.0
2021-01-05 09:30:52.221,0.4898,0.4907,30.0,0.4813,30.0,10198.0,3.0
2021-01-05 09:30:52.651,0.4898,0.4907,30.0,0.4813,30.0,10198.0,3.0
2021-01-05 09:30:53.120,0.4898,0.4907,30.0,0.4813,30.0,10198.0,3.0
2021-01-05 09:31:01.680,0.4898,0.4894,10.0,0.4813,20.0,10198.0,3.0
2021-01-05 09:31:02.170,0.4898,0.4894,10.0,0.4792,30.0,10198.0,3.0
2021-01-05 09:31:02.681,0.4898,0.4894,30.0,0.4792,30.0,10198.0,3.0
2021-01-05 09:31:03.131,0.4898,0.4894,30.0,0.4792,30.0,10198.0,3.0
2021-01-05 09:31:06.681,0.4898,0.4894,30.0,0.4798,20.0,10198.0,3.0
2021-01-05 09:31:07.190,0.4898,0.4894,30.0,0.4798,20.0,10198.0,3.0
2021-01-05 09:31:07.670,0.4898,0.4894,30.0,0.4798,20.0,10198.0,3.0
2021-01-05 09:31:08.650,0.4898,0.4894,20.0,0.4808,10.0,10198.0,3.0
2021-01-05 09:31:09.101,0.4898,0.4894,20.0,0.4808,10.0,10198.0,3.0
2021-01-05 09:31:09.701,0.4898,0.4906,10.0,0.4808,30.0,10198.0,3.0
2021-01-05 09:31:10.200,0.4898,0.4906,10.0,0.4808,30.0,10198.0,3.0
2021-01-05 09:31:10.690,0.4898,0.4906,15.0,0.4808,30.0,10198.0,3.0
2021-01-05 09:31:11.170,0.4898,0.4906,10.0,0.4808,30.0,10198.0,3.0
2021-01-05 09:31:12.621,0.4898,0.4898,10.0,0.4808,20.0,10198.0,3.0
2021-01-05 09:31:13.170,0.4898,0.4898,30.0,0.4805,20.0,10198.0,3.0
2021-01-05 09:31:13.681,0.4898,0.4898,30.0,0.4805,20.0,10198.0,3.0
2021-01-05 09:31:14.690,0.4898,0.4898,30.0,0.4798,20.0,10198.0,3.0
2021-01-05 09:31:15.110,0.4898,0.4898,30.0,0.4798,20.0,10198.0,3.0
2021-01-05 09:31:15.710,0.4898,0.4898,30.0,0.4798,20.0,10198.0,3.0
2021-01-05 09:31:16.711,0.4898,0.4898,35.0,0.4798,20.0,10198.0,3.0
2021-01-05 09:31:17.201,0.4898,0.4898,30.0,0.4798,20.0,10198.0,3.0
2021-01-05 09:31:17.710,0.4898,0.4898,30.0,0.4805,20.0,10198.0,3.0
2021-01-05 09:31:18.720,0.4898,0.4886,10.0,0.4805,20.0,10198.0,3.0
2021-01-05 09:31:19.150,0.4898,0.4886,10.0,0.4806,13.0,10198.0,3.0
2021-01-05 09:31:19.721,0.4898,0.4885,13.0,0.4815,20.0,10198.0,3.0
2021-01-05 09:31:20.171,0.4898,0.4885,13.0,0.4815,20.0,10198.0,3.0
2021-01-05 09:31:20.641,0.4898,0.4885,13.0,0.4816,13.0,10198.0,3.0
2021-01-05 09:31:21.221,0.4898,0.4885,33.0,0.4805,20.0,10198.0,3.0
2021-01-05 09:31:21.671,0.4898,0.4885,33.0,0.4806,13.0,10198.0,3.0
2021-01-05 09:31:22.620,0.4898,0.4851,10.0,0.4806,13.0,10198.0,3.0
2021-01-05 09:31:23.171,0.4898,0.4846,10.0,0.4806,13.0,10198.0,3.0
2021-01-05 09:31:23.621,0.4898,0.4849,20.0,0.4805,20.0,10198.0,3.0
2021-01-05 09:31:24.151,0.4898,0.4849,20.0,0.4799,20.0,10198.0,3.0
2021-01-05 09:31:24.660,0.4898,0.4849,10.0,0.48,13.0,10198.0,3.0
2021-01-05 09:31:25.150,0.4898,0.4851,10.0,0.48,13.0,10198.0,3.0
2021-01-05 09:31:25.640,0.4898,0.4854,10.0,0.48,13.0,10198.0,3.0
2021-01-05 09:31:26.141,0.4898,0.4848,10.0,0.48,13.0,10198.0,3.0
2021-01-05 09:31:26.520,0.4898,0.4849,10.0,0.48,13.0,10198.0,3.0
2021-01-05 09:31:27.171,0.4898,0.4851,10.0,0.48,13.0,10198.0,3.0
2021-01-05 09:31:27.590,0.4898,0.4847,10.0,0.48,13.0,10198.0,3.0
2021-01-05 09:31:28.520,0.4898,0.4844,10.0,0.48,13.0,10198.0,3.0
2021-01-05 09:31:29.171,0.4898,0.4849,10.0,0.48,13.0,10198.0,3.0
2021-01-05 09:31:30.170,0.4898,0.4844,10.0,0.4799,20.0,10198.0,3.0
2021-01-05 09:31:30.671,0.4898,0.4849,10.0,0.4799,20.0,10198.0,3.0
2021-01-05 09:31:31.101,0.4898,0.4845,10.0,0.48,13.0,10198.0,3.0
2021-01-05 09:31:31.661,0.4898,0.4846,10.0,0.4799,20.0,10198.0,3.0
2021-01-05 09:31:32.191,0.4898,0.4844,10.0,0.4799,20.0,10198.0,3.0
2021-01-05 09:31:32.671,0.4898,0.4844,10.0,0.4799,20.0,10198.0,3.0
2021-01-05 09:31:33.190,0.4898,0.4844,10.0,0.4799,20.0,10198.0,3.0
2021-01-05 09:31:34.681,0.4898,0.4839,10.0,0.4799,20.0,10198.0,3.0
2021-01-05 09:31:35.651,0.4898,0.4841,10.0,0.4807,10.0,10198.0,3.0
2021-01-05 09:31:36.041,0.4898,0.4839,10.0,0.4807,20.0,10198.0,3.0
2021-01-05 09:31:36.690,0.4898,0.4836,10.0,0.4793,30.0,10198.0,3.0
2021-01-05 09:31:37.191,0.4898,0.484,10.0,0.4793,30.0,10198.0,3.0
2021-01-05 09:31:37.620,0.4898,0.484,10.0,0.4794,13.0,10198.0,3.0
2021-01-05 09:31:38.190,0.4898,0.4847,10.0,0.4803,10.0,10198.0,3.0
2021-01-05 09:31:39.210,0.4898,0.4848,10.0,0.4804,10.0,10198.0,3.0
2021-01-05 09:31:39.710,0.4898,0.4846,10.0,0.4804,10.0,10198.0,3.0
2021-01-05 09:31:40.200,0.4898,0.485,10.0,0.4803,20.0,10198.0,3.0
2021-01-05 09:31:40.711,0.4898,0.4855,10.0,0.4803,20.0,10198.0,3.0
2021-01-05 09:31:41.191,0.4898,0.4855,10.0,0.4803,20.0,10198.0,3.0
2021-01-05 09:31:41.691,0.4898,0.4855,10.0,0.4804,13.0,10198.0,3.0
2021-01-05 09:31:42.211,0.4898,0.4848,10.0,0.4804,13.0,10198.0,3.0
2021-01-05 09:31:43.191,0.4898,0.4845,10.0,0.4803,20.0,10198.0,3.0
2021-01-05 09:31:43.690,0.4898,0.4843,10.0,0.4808,10.0,10198.0,3.0
2021-01-05 09:31:44.190,0.4843,0.4843,3.0,0.4808,10.0,10198.0,10.0
2021-01-05 09:31:44.691,0.4843,0.4838,10.0,0.4803,20.0,10198.0,10.0
2021-01-05 09:31:45.170,0.4843,0.4847,10.0,0.4808,10.0,10198.0,10.0
2021-01-05 09:31:45.700,0.4843,0.4843,10.0,0.4803,20.0,10198.0,10.0
2021-01-05 09:31:46.101,0.4843,0.4854,10.0,0.4804,3.0,10198.0,10.0
2021-01-05 09:31:46.701,0.4843,0.4854,10.0,0.4804,23.0,10198.0,10.0
2021-01-05 09:31:47.191,0.4843,0.4851,10.0,0.4804,23.0,10198.0,10.0
2021-01-05 09:31:47.711,0.4843,0.4856,10.0,0.4804,23.0,10198.0,10.0
2021-01-05 09:31:48.211,0.4843,0.4856,10.0,0.4804,36.0,10198.0,10.0
2021-01-05 09:31:48.691,0.4843,0.4856,10.0,0.4804,23.0,10198.0,10.0
2021-01-05 09:31:49.221,0.4843,0.4856,10.0,0.4805,13.0,10198.0,10.0
2021-01-05 09:31:49.711,0.4843,0.486,10.0,0.4805,16.0,10198.0,10.0
2021-01-05 09:31:50.191,0.4843,0.4862,20.0,0.4812,10.0,10198.0,10.0
2021-01-05 09:31:50.681,0.4843,0.4864,10.0,0.4823,10.0,10198.0,10.0
2021-01-05 09:31:51.210,0.4843,0.4863,10.0,0.4823,30.0,10198.0,10.0
2021-01-05 09:31:52.220,0.4843,0.4863,10.0,0.4828,10.0,10198.0,10.0
2021-01-05 09:31:52.621,0.4843,0.4874,10.0,0.4828,10.0,10198.0,10.0
2021-01-05 09:31:53.171,0.4843,0.4874,10.0,0.4828,10.0,10198.0,10.0
2021-01-05 09:31:53.640,0.4843,0.4873,10.0,0.4846,10.0,10198.0,10.0
2021-01-05 09:31:54.151,0.4843,0.4873,10.0,0.4846,30.0,10198.0,10.0
2021-01-05 09:31:54.681,0.4843,0.4873,10.0,0.4846,30.0,10198.0,10.0
2021-01-05 09:31:55.150,0.4843,0.4876,10.0,0.485,10.0,10198.0,10.0
2021-01-05 09:31:55.670,0.4843,0.4879,10.0,0.485,10.0,10198.0,10.0
2021-01-05 09:31:56.110,0.4843,0.4879,10.0,0.4853,10.0,10198.0,10.0
2021-01-05 09:31:56.681,0.4843,0.4879,10.0,0.4853,30.0,10198.0,10.0
2021-01-05 09:31:57.171,0.4843,0.4881,20.0,0.4853,30.0,10198.0,10.0
2021-01-05 09:31:58.171,0.4843,0.4881,30.0,0.4853,10.0,10198.0,10.0
2021-01-05 09:31:59.180,0.4843,0.4881,20.0,0.4853,10.0,10198.0,10.0
2021-01-05 09:31:59.660,0.4843,0.4881,20.0,0.4853,10.0,10198.0,10.0
2021-01-05 09:32:00.150,0.4843,0.4881,20.0,0.4848,10.0,10198.0,10.0
2021-01-05 09:32:00.650,0.4843,0.4881,20.0,0.4846,20.0,10198.0,10.0
2021-01-05 09:32:01.170,0.4843,0.4881,20.0,0.484,30.0,10198.0,10.0
2021-01-05 09:32:01.670,0.4843,0.488,10.0,0.484,20.0,10198.0,10.0
2021-01-05 09:32:02.171,0.4843,0.4871,10.0,0.4833,20.0,10198.0,10.0
2021-01-05 09:32:02.671,0.4843,0.4865,10.0,0.4825,20.0,10198.0,10.0
2021-01-05 09:32:03.180,0.4843,0.4865,30.0,0.4818,30.0,10198.0,10.0
2021-01-05 09:32:03.641,0.4843,0.4865,30.0,0.4818,30.0,10198.0,10.0
2021-01-05 09:32:04.150,0.4843,0.4865,30.0,0.4818,30.0,10198.0,10.0
2021-01-05 09:32:04.661,0.4843,0.4865,20.0,0.4818,20.0,10198.0,10.0
2021-01-05 09:32:05.141,0.4843,0.4877,40.0,0.4818,20.0,10198.0,10.0
2021-01-05 09:32:05.660,0.4843,0.4872,10.0,0.4818,20.0,10198.0,10.0
2021-01-05 09:32:06.161,0.4843,0.4877,20.0,0.4823,10.0,10198.0,10.0
2021-01-05 09:32:06.680,0.4843,0.4879,10.0,0.4823,10.0,10198.0,10.0
2021-01-05 09:32:07.070,0.4843,0.4872,10.0,0.4818,20.0,10198.0,10.0
2021-01-05 09:32:07.671,0.4843,0.4872,30.0,0.4818,20.0,10198.0,10.0
2021-01-05 09:32:08.171,0.4843,0.4872,20.0,0.4818,20.0,10198.0,10.0
2021-01-05 09:32:08.670,0.4843,0.4878,10.0,0.4822,10.0,10198.0,10.0
2021-01-05 09:32:09.141,0.4843,0.4882,10.0,0.4839,10.0,10198.0,10.0
2021-01-05 09:32:09.681,0.4843,0.4879,10.0,0.4839,10.0,10198.0,10.0
2021-01-05 09:32:10.161,0.4843,0.4883,20.0,0.4837,20.0,10198.0,10.0
2021-01-05 09:32:10.630,0.4843,0.4875,10.0,0.4837,20.0,10198.0,10.0
2021-01-05 09:32:11.170,0.4843,0.4878,10.0,0.4837,20.0,10198.0,10.0
2021-01-05 09:32:11.650,0.4843,0.4875,20.0,0.4833,10.0,10198.0,10.0
2021-01-05 09:32:12.161,0.4843,0.4871,10.0,0.4836,10.0,10198.0,10.0
2021-01-05 09:32:12.670,0.4843,0.4871,10.0,0.4836,10.0,10198.0,10.0
2021-01-05 09:32:13.680,0.4843,0.4875,30.0,0.4831,20.0,10198.0,10.0
2021-01-05 09:32:14.660,0.4843,0.4875,20.0,0.4831,20.0,10198.0,10.0
2021-01-05 09:32:15.171,0.4843,0.4875,20.0,0.4831,20.0,10198.0,10.0
2021-01-05 09:32:15.671,0.4843,0.4875,20.0,0.4834,10.0,10198.0,10.0
2021-01-05 09:32:16.151,0.4843,0.4875,20.0,0.4834,10.0,10198.0,10.0
2021-01-05 09:32:17.161,0.4843,0.4875,20.0,0.4834,10.0,10198.0,10.0
2021-01-05 09:32:17.651,0.4843,0.4875,20.0,0.4834,10.0,10198.0,10.0
2021-01-05 09:32:18.670,0.4843,0.4875,20.0,0.4834,10.0,10198.0,10.0
2021-01-05 09:32:19.670,0.4843,0.4875,20.0,0.4846,10.0,10198.0,10.0
2021-01-05 09:32:20.151,0.4843,0.4875,20.0,0.4846,10.0,10198.0,10.0
2021-01-05 09:32:20.600,0.4843,0.4875,20.0,0.4843,20.0,10198.0,10.0
2021-01-05 09:32:21.171,0.4843,0.4875,20.0,0.4843,20.0,10198.0,10.0
2021-01-05 09:32:21.680,0.4843,0.487,10.0,0.4836,10.0,10198.0,10.0
2021-01-05 09:32:22.181,0.4843,0.487,10.0,0.4836,10.0,10198.0,10.0
2021-01-05 09:32:22.481,0.4843,0.487,10.0,0.4836,10.0,10198.0,10.0
2021-01-05 09:32:23.180,0.4843,0.4867,10.0,0.4832,10.0,10198.0,10.0
2021-01-05 09:32:23.670,0.4843,0.4867,30.0,0.4832,10.0,10198.0,10.0
2021-01-05 09:32:24.160,0.4843,0.4867,30.0,0.4832,10.0,10198.0,10.0
2021-01-05 09:32:24.640,0.4843,0.4867,20.0,0.4836,10.0,10198.0,10.0
2021-01-05 09:32:25.170,0.4843,0.4867,20.0,0.484,10.0,10198.0,10.0
2021-01-05 09:32:25.670,0.4843,0.4875,30.0,0.484,10.0,10198.0,10.0
2021-01-05 09:32:26.171,0.4843,0.4874,1.0,0.4845,10.0,10198.0,10.0
2021-01-05 09:32:27.670,0.4843,0.4874,1.0,0.4845,10.0,10198.0,10.0
2021-01-05 09:32:28.171,0.4843,0.4874,1.0,0.4841,10.0,10198.0,10.0
2021-01-05 09:32:28.630,0.4843,0.4874,1.0,0.4841,10.0,10198.0,10.0
2021-01-05 09:32:29.180,0.4843,0.4876,13.0,0.4841,10.0,10198.0,10.0
2021-01-05 09:32:30.171,0.4843,0.4876,13.0,0.4841,10.0,10198.0,10.0
2021-01-05 09:32:31.151,0.4843,0.4876,13.0,0.4841,10.0,10198.0,10.0
2021-01-05 09:32:31.631,0.4843,0.4876,3.0,0.4845,10.0,10198.0,10.0
2021-01-05 09:32:32.121,0.4843,0.4875,10.0,0.4841,10.0,10198.0,10.0
2021-01-05 09:32:33.141,0.4843,0.4875,10.0,0.4841,10.0,10198.0,10.0
2021-01-05 09:32:33.671,0.4843,0.4875,10.0,0.4841,10.0,10198.0,10.0
2021-01-05 09:32:34.171,0.4843,0.4875,10.0,0.4841,10.0,10198.0,10.0
2021-01-05 09:32:34.691,0.4843,0.4875,10.0,0.4841,10.0,10198.0,10.0
2021-01-05 09:32:35.170,0.4843,0.4875,10.0,0.4841,10.0,10198.0,10.0
2021-01-05 09:32:35.671,0.4843,0.4875,10.0,0.4841,10.0,10198.0,10.0
2021-01-05 09:32:36.190,0.4843,0.4875,30.0,0.4841,30.0,10198.0,10.0
2021-01-05 09:32:37.150,0.4843,0.4875,20.0,0.4844,10.0,10198.0,10.0
2021-01-05 09:32:38.190,0.4843,0.4875,20.0,0.4844,10.0,10198.0,10.0
2021-01-05 09:32:39.200,0.4843,0.4875,30.0,0.4841,20.0,10198.0,10.0
2021-01-05 09:32:39.630,0.4843,0.4875,20.0,0.4845,10.0,10198.0,10.0
2021-01-05 09:32:40.151,0.4843,0.4875,20.0,0.4845,10.0,10198.0,10.0
2021-01-05 09:32:41.690,0.4843,0.4875,20.0,0.4845,10.0,10198.0,10.0
2021-01-05 09:32:42.201,0.4843,0.4875,20.0,0.4845,10.0,10198.0,10.0
2021-01-05 09:32:42.700,0.4843,0.4875,20.0,0.4845,10.0,10198.0,10.0
2021-01-05 09:32:43.190,0.4843,0.4875,20.0,0.4845,10.0,10198.0,10.0
2021-01-05 09:32:43.580,0.4843,0.4875,20.0,0.4845,10.0,10198.0,10.0
2021-01-05 09:32:44.151,0.4843,0.4875,20.0,0.4845,10.0,10198.0,10.0
2021-01-05 09:32:44.700,0.4843,0.4874,13.0,0.4842,3.0,10198.0,10.0
2021-01-05 09:32:45.580,0.4843,0.4874,3.0,0.4844,10.0,10198.0,10.0
2021-01-05 09:32:46.160,0.4843,0.4874,3.0,0.4844,10.0,10198.0,10.0
2021-01-05 09:32:47.701,0.4843,0.4874,3.0,0.4848,10.0,10198.0,10.0
2021-01-05 09:32:48.690,0.4843,0.4874,3.0,0.4851,10.0,10198.0,10.0
2021-01-05 09:32:48.690,0.4843,0.4874,3.0,0.4851,10.0,10198.0,10.0
2021-01-05 09:32:49.611,0.4843,0.489,10.0,0.4853,10.0,10198.0,10.0
2021-01-05 09:32:50.171,0.4843,0.4904,10.0,0.4863,10.0,10198.0,10.0
2021-01-05 09:32:50.650,0.4843,0.4891,10.0,0.4849,10.0,10198.0,10.0
2021-01-05 09:32:51.170,0.4843,0.4896,10.0,0.4857,10.0,10198.0,10.0
2021-01-05 09:32:51.701,0.4843,0.4903,3.0,0.4865,10.0,10198.0,10.0
2021-01-05 09:32:52.191,0.4843,0.4898,10.0,0.4859,30.0,10198.0,10.0
2021-01-05 09:32:52.191,0.4843,0.4898,10.0,0.4859,10.0,10198.0,10.0
2021-01-05 09:32:53.161,0.4843,0.4895,10.0,0.4859,10.0,10198.0,10.0
2021-01-05 09:32:53.641,0.4843,0.4894,3.0,0.4853,10.0,10198.0,10.0
2021-01-05 09:32:54.181,0.4843,0.4894,13.0,0.4853,10.0,10198.0,10.0
2021-01-05 09:32:54.671,0.4843,0.4893,10.0,0.4846,10.0,10198.0,10.0
2021-01-05 09:32:55.170,0.4843,0.4894,23.0,0.4846,10.0,10198.0,10.0
2021-01-05 09:32:55.650,0.4843,0.4894,23.0,0.4851,10.0,10198.0,10.0
2021-01-05 09:32:56.150,0.4843,0.4894,3.0,0.4863,10.0,10198.0,10.0
2021-01-05 09:32:56.611,0.4843,0.4894,3.0,0.4868,10.0,10198.0,10.0
2021-01-05 09:32:57.151,0.4843,0.4894,3.0,0.4863,10.0,10198.0,10.0
2021-01-05 09:32:57.600,0.4843,0.4894,13.0,0.486,10.0,10198.0,10.0
2021-01-05 09:32:58.171,0.4843,0.4894,3.0,0.4863,10.0,10198.0,10.0
2021-01-05 09:32:58.651,0.4843,0.4894,3.0,0.4863,10.0,10198.0,10.0
2021-01-05 09:32:59.170,0.4843,0.4894,3.0,0.4863,10.0,10198.0,10.0
2021-01-05 09:32:59.621,0.4843,0.4894,3.0,0.4868,10.0,10198.0,10.0
2021-01-05 09:33:01.141,0.4843,0.4894,23.0,0.4863,10.0,10198.0,10.0
2021-01-05 09:33:01.661,0.4843,0.4892,10.0,0.4858,10.0,10198.0,10.0
2021-01-05 09:33:02.570,0.4843,0.4892,10.0,0.4858,10.0,10198.0,10.0
2021-01-05 09:33:03.171,0.4843,0.4884,10.0,0.4849,10.0,10198.0,10.0
2021-01-05 09:33:03.681,0.4843,0.4884,20.0,0.4845,20.0,10198.0,10.0
2021-01-05 09:33:04.140,0.4843,0.4889,10.0,0.4842,3.0,10198.0,10.0
2021-01-05 09:33:04.651,0.4843,0.4885,10.0,0.4842,3.0,10198.0,10.0
2021-01-05 09:33:05.181,0.4843,0.4885,20.0,0.4842,3.0,10198.0,10.0
2021-01-05 09:33:05.690,0.4843,0.4884,13.0,0.4842,3.0,10198.0,10.0
2021-01-05 09:33:06.170,0.4843,0.4877,10.0,0.4842,3.0,10198.0,10.0
2021-01-05 09:33:06.681,0.4843,0.4877,10.0,0.4842,3.0,10198.0,10.0
2021-01-05 09:33:07.171,0.4843,0.4877,43.0,0.4842,3.0,10198.0,10.0
2021-01-05 09:33:07.601,0.4843,0.4877,10.0,0.4842,3.0,10198.0,10.0
2021-01-05 09:33:08.191,0.4843,0.4876,3.0,0.4842,3.0,10198.0,10.0
2021-01-05 09:33:08.600,0.4843,0.4875,10.0,0.4842,3.0,10198.0,10.0
2021-01-05 09:33:09.181,0.4843,0.4875,10.0,0.4842,3.0,10198.0,10.0
2021-01-05 09:33:09.630,0.4843,0.4876,23.0,0.4844,10.0,10198.0,10.0
2021-01-05 09:33:10.180,0.4843,0.4876,23.0,0.4844,10.0,10198.0,10.0
2021-01-05 09:33:10.681,0.4843,0.4872,10.0,0.4842,3.0,10198.0,10.0
2021-01-05 09:33:11.670,0.4843,0.4872,10.0,0.4842,3.0,10198.0,10.0
2021-01-05 09:33:12.181,0.4843,0.4872,10.0,0.4842,3.0,10198.0,10.0
2021-01-05 09:33:12.650,0.4843,0.4876,33.0,0.4842,13.0,10198.0,10.0
2021-01-05 09:33:13.100,0.4843,0.4876,33.0,0.4842,13.0,10198.0,10.0
2021-01-05 09:33:13.691,0.4843,0.4876,33.0,0.4842,13.0,10198.0,10.0
2021-01-05 09:33:14.160,0.4843,0.4876,33.0,0.4842,13.0,10198.0,10.0
2021-01-05 09:33:14.650,0.4843,0.4876,33.0,0.4842,13.0,10198.0,10.0
2021-01-05 09:33:15.140,0.4843,0.4876,33.0,0.4842,13.0,10198.0,10.0
2021-01-05 09:33:15.651,0.4843,0.4872,10.0,0.4842,3.0,10198.0,10.0
2021-01-05 09:33:16.181,0.4843,0.4872,10.0,0.4842,3.0,10198.0,10.0
2021-01-05 09:33:16.671,0.4843,0.4867,10.0,0.4842,3.0,10198.0,10.0
2021-01-05 09:33:17.190,0.4843,0.4867,10.0,0.4842,3.0,10198.0,10.0
2021-01-05 09:33:17.691,0.4843,0.4863,10.0,0.4842,3.0,10198.0,10.0
2021-01-05 09:33:18.160,0.4843,0.4863,10.0,0.4842,3.0,10198.0,10.0
2021-01-05 09:33:18.680,0.4843,0.4863,10.0,0.4842,3.0,10198.0,10.0
2021-01-05 09:33:18.921,0.4843,0.4863,10.0,0.4842,3.0,10198.0,10.0
2021-01-05 09:33:19.660,0.4843,0.4859,10.0,0.4842,3.0,10198.0,10.0
2021-01-05 09:33:19.950,0.4843,0.4859,10.0,0.4842,3.0,10198.0,10.0
2021-01-05 09:33:20.680,0.4843,0.4859,30.0,0.4842,3.0,10198.0,10.0
2021-01-05 09:33:21.160,0.4843,0.4859,10.0,0.4842,3.0,10198.0,10.0
2021-01-05 09:33:21.681,0.4843,0.4859,30.0,0.4842,3.0,10198.0,10.0
2021-01-05 09:33:22.150,0.4843,0.4859,10.0,0.4842,3.0,10198.0,10.0
2021-01-05 09:33:22.670,0.4843,0.4859,30.0,0.4842,3.0,10198.0,10.0
2021-01-05 09:33:23.051,0.4843,0.4855,10.0,0.4842,3.0,10198.0,10.0
2021-01-05 09:33:23.660,0.4843,0.4855,10.0,0.4842,3.0,10198.0,10.0
2021-01-05 09:33:24.171,0.4843,0.4855,10.0,0.4842,3.0,10198.0,10.0
2021-01-05 09:33:24.651,0.4843,0.4859,20.0,0.4842,3.0,10198.0,10.0
2021-01-05 09:33:25.541,0.4843,0.4859,20.0,0.4842,3.0,10198.0,10.0
2021-01-05 09:33:26.161,0.4843,0.4859,20.0,0.4842,3.0,10198.0,10.0
2021-01-05 09:33:27.171,0.4843,0.4862,10.0,0.4842,3.0,10198.0,10.0
2021-01-05 09:33:27.571,0.4843,0.4862,20.0,0.4842,3.0,10198.0,10.0
2021-01-05 09:33:28.180,0.4843,0.487,30.0,0.4842,3.0,10198.0,10.0
2021-01-05 09:33:28.630,0.4843,0.4866,10.0,0.4842,3.0,10198.0,10.0
2021-01-05 09:33:29.171,0.4843,0.4866,10.0,0.4842,3.0,10198.0,10.0
2021-01-05 09:33:30.180,0.4843,0.4865,13.0,0.4842,3.0,10198.0,10.0
2021-01-05 09:33:31.680,0.4843,0.4865,13.0,0.4842,3.0,10198.0,10.0
2021-01-05 09:33:32.620,0.4843,0.4865,13.0,0.4842,3.0,10198.0,10.0
2021-01-05 09:33:33.680,0.4843,0.4865,13.0,0.4842,3.0,10198.0,10.0
2021-01-05 09:33:36.681,0.4843,0.4865,13.0,0.4842,3.0,10198.0,10.0
2021-01-05 09:33:37.190,0.4843,0.4861,10.0,0.4842,3.0,10198.0,10.0
2021-01-05 09:33:37.640,0.4843,0.4861,30.0,0.4842,3.0,10198.0,10.0
2021-01-05 09:33:38.120,0.4843,0.486,13.0,0.4842,3.0,10198.0,10.0
2021-01-05 09:33:39.201,0.4843,0.486,13.0,0.4842,3.0,10198.0,10.0
2021-01-05 09:33:39.641,0.4843,0.4861,30.0,0.486,1.0,10198.0,10.0
2021-01-05 09:33:40.001,0.486,0.486,1.0,0.4842,3.0,10199.0,11.0
2021-01-05 09:33:40.690,0.486,0.486,1.0,0.4842,3.0,10199.0,11.0
2021-01-05 09:33:41.161,0.486,0.486,1.0,0.4842,3.0,10199.0,11.0
2021-01-05 09:33:42.160,0.486,0.486,1.0,0.4842,3.0,10199.0,11.0
2021-01-05 09:33:43.180,0.486,0.486,1.0,0.4842,3.0,10199.0,11.0
2021-01-05 09:33:43.681,0.486,0.486,1.0,0.4842,3.0,10199.0,11.0
2021-01-05 09:33:44.110,0.486,0.486,1.0,0.4842,3.0,10199.0,11.0
2021-01-05 09:33:44.671,0.486,0.486,1.0,0.4842,3.0,10199.0,11.0
2021-01-05 09:33:45.180,0.486,0.486,1.0,0.4842,3.0,10199.0,11.0
2021-01-05 09:33:45.660,0.486,0.486,1.0,0.4842,3.0,10199.0,11.0
2021-01-05 09:33:46.161,0.486,0.486,1.0,0.4842,3.0,10199.0,11.0
2021-01-05 09:33:46.680,0.486,0.486,1.0,0.4842,3.0,10199.0,11.0
2021-01-05 09:33:47.191,0.486,0.486,1.0,0.4842,3.0,10199.0,11.0
2021-01-05 09:33:48.171,0.486,0.486,1.0,0.4842,3.0,10199.0,11.0
2021-01-05 09:33:48.680,0.486,0.486,1.0,0.4842,16.0,10199.0,11.0
2021-01-05 09:33:49.120,0.486,0.486,1.0,0.4842,16.0,10199.0,11.0
2021-01-05 09:33:49.681,0.486,0.486,1.0,0.4842,16.0,10199.0,11.0
2021-01-05 09:33:50.180,0.486,0.486,1.0,0.4852,10.0,10199.0,11.0
2021-01-05 09:33:50.670,0.486,0.4865,3.0,0.4852,10.0,10199.0,11.0
2021-01-05 09:33:51.571,0.486,0.4865,3.0,0.4847,20.0,10199.0,11.0
2021-01-05 09:33:52.190,0.486,0.4865,3.0,0.4847,20.0,10199.0,11.0
2021-01-05 09:33:53.650,0.486,0.4865,3.0,0.4847,20.0,10199.0,11.0
2021-01-05 09:33:54.180,0.486,0.4865,3.0,0.4847,20.0,10199.0,11.0
2021-01-05 09:33:55.181,0.486,0.4876,30.0,0.4847,20.0,10199.0,11.0
2021-01-05 09:33:55.650,0.486,0.4876,20.0,0.4847,20.0,10199.0,11.0
2021-01-05 09:33:56.120,0.486,0.4876,20.0,0.4847,20.0,10199.0,11.0
2021-01-05 09:33:56.681,0.486,0.4875,13.0,0.4847,20.0,10199.0,11.0
2021-01-05 09:33:57.171,0.486,0.4876,20.0,0.4847,20.0,10199.0,11.0
2021-01-05 09:33:57.671,0.486,0.4885,20.0,0.4847,20.0,10199.0,11.0
2021-01-05 09:33:58.170,0.486,0.4884,13.0,0.4847,20.0,10199.0,11.0
2021-01-05 09:33:58.670,0.486,0.4884,13.0,0.4847,20.0,10199.0,11.0
2021-01-05 09:33:59.140,0.486,0.4885,20.0,0.4848,13.0,10199.0,11.0
2021-01-05 09:33:59.690,0.486,0.4897,30.0,0.4848,13.0,10199.0,11.0
2021-01-05 09:34:00.191,0.486,0.4896,13.0,0.4848,13.0,10199.0,11.0
2021-01-05 09:34:00.671,0.486,0.4896,13.0,0.4848,13.0,10199.0,11.0
2021-01-05 09:34:01.661,0.486,0.4894,10.0,0.4848,13.0,10199.0,11.0
2021-01-05 09:34:02.170,0.486,0.4892,10.0,0.4848,13.0,10199.0,11.0
2021-01-05 09:34:02.671,0.486,0.4891,13.0,0.4848,13.0,10199.0,11.0
2021-01-05 09:34:03.171,0.486,0.4891,13.0,0.4848,13.0,10199.0,11.0
2021-01-05 09:34:03.670,0.486,0.4891,33.0,0.4848,13.0,10199.0,11.0
2021-01-05 09:34:04.120,0.486,0.4891,33.0,0.4848,13.0,10199.0,11.0
2021-01-05 09:34:04.671,0.486,0.4891,36.0,0.4848,13.0,10199.0,11.0
2021-01-05 09:34:05.121,0.486,0.4891,36.0,0.4848,13.0,10199.0,11.0
2021-01-05 09:34:06.671,0.486,0.4891,36.0,0.486,10.0,10199.0,11.0
2021-01-05 09:34:07.130,0.486,0.4891,36.0,0.486,30.0,10199.0,11.0
2021-01-05 09:34:07.311,0.486,0.4891,23.0,0.486,30.0,10199.0,11.0
2021-01-05 09:34:08.171,0.486,0.4891,3.0,0.4867,10.0,10199.0,11.0
2021-01-05 09:34:08.690,0.486,0.4891,3.0,0.4867,30.0,10199.0,11.0
2021-01-05 09:34:09.170,0.486,0.4891,3.0,0.4867,30.0,10199.0,11.0
2021-01-05 09:34:09.670,0.486,0.4891,3.0,0.4867,20.0,10199.0,11.0
2021-01-05 09:34:10.140,0.486,0.4891,3.0,0.4862,10.0,10199.0,11.0
2021-01-05 09:34:10.690,0.486,0.489,23.0,0.486,20.0,10199.0,11.0
2021-01-05 09:34:11.151,0.486,0.489,26.0,0.486,20.0,10199.0,11.0
2021-01-05 09:34:11.681,0.486,0.4883,10.0,0.486,20.0,10199.0,11.0
2021-01-05 09:34:12.121,0.486,0.4883,10.0,0.486,20.0,10199.0,11.0
2021-01-05 09:34:12.621,0.486,0.4889,10.0,0.4854,10.0,10199.0,11.0
2021-01-05 09:34:13.191,0.486,0.4885,10.0,0.4854,20.0,10199.0,11.0
2021-01-05 09:34:13.650,0.486,0.4885,10.0,0.4854,20.0,10199.0,11.0
2021-01-05 09:34:14.181,0.486,0.488,10.0,0.4854,20.0,10199.0,11.0
2021-01-05 09:34:14.691,0.486,0.4876,10.0,0.4848,20.0,10199.0,11.0
2021-01-05 09:34:15.181,0.486,0.4869,10.0,0.4842,4.0,10199.0,11.0
2021-01-05 09:34:15.681,0.486,0.4874,30.0,0.4842,24.0,10199.0,11.0
2021-01-05 09:34:16.190,0.486,0.4874,30.0,0.4842,24.0,10199.0,11.0
2021-01-05 09:34:16.630,0.486,0.4879,3.0,0.485,10.0,10199.0,11.0
2021-01-05 09:34:17.181,0.486,0.4879,3.0,0.485,30.0,10199.0,11.0
2021-01-05 09:34:17.690,0.486,0.4879,3.0,0.4853,10.0,10199.0,11.0
2021-01-05 09:34:18.201,0.486,0.4879,3.0,0.4857,10.0,10199.0,11.0
2021-01-05 09:34:18.620,0.486,0.4879,3.0,0.4857,20.0,10199.0,11.0
2021-01-05 09:34:19.041,0.486,0.4879,3.0,0.4857,10.0,10199.0,11.0
2021-01-05 09:34:19.661,0.486,0.4879,3.0,0.4857,20.0,10199.0,11.0
2021-01-05 09:34:19.961,0.486,0.4879,3.0,0.4856,10.0,10199.0,11.0
2021-01-05 09:34:20.651,0.486,0.4879,3.0,0.4856,30.0,10199.0,11.0
2021-01-05 09:34:21.690,0.486,0.4879,3.0,0.486,10.0,10199.0,11.0
2021-01-05 09:34:22.151,0.486,0.4879,3.0,0.486,10.0,10199.0,11.0
2021-01-05 09:34:22.651,0.486,0.4879,3.0,0.486,10.0,10199.0,11.0
2021-01-05 09:34:23.181,0.486,0.4879,3.0,0.486,10.0,10199.0,11.0
2021-01-05 09:34:24.600,0.486,0.4878,10.0,0.486,10.0,10199.0,11.0
2021-01-05 09:34:25.150,0.486,0.4879,13.0,0.4861,10.0,10199.0,11.0
2021-01-05 09:34:25.671,0.486,0.4879,13.0,0.486,10.0,10199.0,11.0
2021-01-05 09:34:26.641,0.486,0.4879,13.0,0.4861,10.0,10199.0,11.0
2021-01-05 09:34:27.150,0.486,0.4879,13.0,0.486,20.0,10199.0,11.0
2021-01-05 09:34:28.120,0.486,0.4879,13.0,0.486,10.0,10199.0,11.0
2021-01-05 09:34:28.621,0.486,0.4879,13.0,0.486,20.0,10199.0,11.0
2021-01-05 09:34:29.601,0.486,0.4879,13.0,0.486,10.0,10199.0,11.0
2021-01-05 09:34:30.170,0.486,0.4879,13.0,0.4861,10.0,10199.0,11.0
2021-01-05 09:34:30.681,0.486,0.4879,13.0,0.486,10.0,10199.0,11.0
2021-01-05 09:34:31.190,0.486,0.4879,13.0,0.486,10.0,10199.0,11.0
2021-01-05 09:34:31.280,0.486,0.4879,13.0,0.4862,10.0,10199.0,11.0
2021-01-05 09:34:32.121,0.486,0.4879,13.0,0.4862,30.0,10199.0,11.0
2021-01-05 09:34:33.090,0.486,0.4879,13.0,0.4862,20.0,10199.0,11.0
2021-01-05 09:34:33.691,0.486,0.4879,3.0,0.4866,10.0,10199.0,11.0
2021-01-05 09:34:34.540,0.486,0.4879,3.0,0.4866,10.0,10199.0,11.0
2021-01-05 09:34:35.130,0.486,0.4879,3.0,0.4867,10.0,10199.0,11.0
2021-01-05 09:34:35.691,0.486,0.4879,3.0,0.4869,10.0,10199.0,11.0
2021-01-05 09:34:36.680,0.486,0.4884,10.0,0.4869,30.0,10199.0,11.0
2021-01-05 09:34:37.161,0.486,0.4884,10.0,0.4869,30.0,10199.0,11.0
2021-01-05 09:34:37.700,0.486,0.4886,10.0,0.4879,3.0,10199.0,11.0
2021-01-05 09:34:38.171,0.486,0.4888,10.0,0.4879,3.0,10199.0,11.0
2021-01-05 09:34:38.690,0.486,0.4889,10.0,0.4879,3.0,10199.0,11.0
2021-01-05 09:34:39.070,0.486,0.4892,10.0,0.4888,1.0,10199.0,11.0
2021-01-05 09:34:39.470,0.486,0.4892,10.0,0.4888,1.0,10199.0,11.0
2021-01-05 09:34:40.171,0.486,0.4896,10.0,0.4888,1.0,10199.0,11.0
2021-01-05 09:34:40.601,0.486,0.4891,10.0,0.4888,1.0,10199.0,11.0
2021-01-05 09:34:41.201,0.4891,0.4901,8.0,0.4888,1.0,10199.0,13.0
2021-01-05 09:34:42.171,0.4891,0.4901,10.0,0.4888,1.0,10199.0,13.0
2021-01-05 09:34:42.680,0.4891,0.4901,10.0,0.4888,1.0,10199.0,13.0
2021-01-05 09:34:43.671,0.4891,0.4902,10.0,0.4888,1.0,10199.0,13.0
2021-01-05 09:34:44.701,0.4891,0.4902,10.0,0.4888,1.0,10199.0,13.0
2021-01-05 09:34:45.200,0.4891,0.4904,10.0,0.4889,10.0,10199.0,13.0
2021-01-05 09:34:45.721,0.4891,0.4903,10.0,0.4888,10.0,10199.0,13.0
2021-01-05 09:34:46.140,0.4891,0.4906,10.0,0.4888,10.0,10199.0,13.0
2021-01-05 09:34:46.660,0.4891,0.4904,10.0,0.4888,10.0,10199.0,13.0
2021-01-05 09:34:47.181,0.4891,0.4906,10.0,0.4888,10.0,10199.0,13.0
2021-01-05 09:34:47.701,0.4891,0.4907,10.0,0.4888,10.0,10199.0,13.0
2021-01-05 09:34:48.141,0.4891,0.4906,1.0,0.4888,10.0,10199.0,13.0
2021-01-05 09:34:49.210,0.4891,0.4906,11.0,0.4888,10.0,10199.0,13.0
2021-01-05 09:34:50.161,0.4891,0.4906,11.0,0.4886,10.0,10199.0,13.0
2021-01-05 09:34:51.200,0.4891,0.4906,11.0,0.4889,10.0,10199.0,13.0
2021-01-05 09:34:51.630,0.4891,0.4905,13.0,0.4884,10.0,10199.0,13.0
2021-01-05 09:34:52.220,0.4891,0.4906,11.0,0.4887,10.0,10199.0,13.0
2021-01-05 09:34:52.650,0.4891,0.4906,11.0,0.488,10.0,10199.0,13.0
2021-01-05 09:34:53.180,0.4891,0.4906,11.0,0.4888,10.0,10199.0,13.0
2021-01-05 09:34:53.651,0.4891,0.4906,11.0,0.4888,10.0,10199.0,13.0
2021-01-05 09:34:54.170,0.4891,0.4906,1.0,0.4888,10.0,10199.0,13.0
2021-01-05 09:34:54.631,0.4891,0.4906,1.0,0.4891,10.0,10199.0,13.0
2021-01-05 09:34:55.161,0.4891,0.4918,10.0,0.4897,10.0,10199.0,13.0
2021-01-05 09:34:55.680,0.4891,0.4917,1.0,0.4897,10.0,10199.0,13.0
2021-01-05 09:34:55.991,0.4918,0.4919,9.0,0.4898,10.0,10200.0,15.0
2021-01-05 09:34:56.681,0.4918,0.4918,1.0,0.4903,10.0,10200.0,15.0
2021-01-05 09:34:57.171,0.4918,0.4916,1.0,0.4903,10.0,10200.0,15.0
2021-01-05 09:34:57.461,0.4916,0.4922,1.0,0.4903,10.0,10201.0,16.0
2021-01-05 09:34:58.160,0.4916,0.4922,1.0,0.4903,10.0,10201.0,16.0
2021-01-05 09:34:58.640,0.4916,0.4922,1.0,0.4904,10.0,10201.0,16.0
2021-01-05 09:34:59.170,0.4916,0.4922,1.0,0.4903,20.0,10201.0,16.0
2021-01-05 09:34:59.660,0.4916,0.4926,10.0,0.4903,20.0,10201.0,16.0
2021-01-05 09:35:00.160,0.4916,0.4927,11.0,0.4903,20.0,10201.0,16.0
2021-01-05 09:35:00.630,0.4916,0.4927,1.0,0.4903,20.0,10201.0,16.0
2021-01-05 09:35:00.640,0.4916,0.4927,11.0,0.4904,13.0,10201.0,16.0
2021-01-05 09:35:01.620,0.4916,0.4927,11.0,0.4903,20.0,10201.0,16.0
2021-01-05 09:35:02.160,0.4916,0.4926,13.0,0.4903,10.0,10201.0,16.0
2021-01-05 09:35:03.180,0.4916,0.4925,10.0,0.4903,10.0,10201.0,16.0
2021-01-05 09:35:03.660,0.4916,0.4927,1.0,0.4887,10.0,10201.0,16.0
2021-01-05 09:35:04.061,0.4916,0.4926,13.0,0.4888,13.0,10201.0,16.0
2021-01-05 09:35:05.180,0.4916,0.4925,10.0,0.4889,10.0,10201.0,16.0
2021-01-05 09:35:05.671,0.4916,0.4924,13.0,0.489,13.0,10201.0,16.0
2021-01-05 09:35:06.680,0.4916,0.4925,20.0,0.4891,10.0,10201.0,16.0
2021-01-05 09:35:07.131,0.4916,0.4925,20.0,0.4892,10.0,10201.0,16.0
2021-01-05 09:35:07.650,0.4916,0.4927,1.0,0.4903,10.0,10201.0,16.0
2021-01-05 09:35:08.171,0.4916,0.4927,1.0,0.4904,23.0,10201.0,16.0
2021-01-05 09:35:09.191,0.4916,0.4933,1.0,0.4915,10.0,10201.0,16.0
2021-01-05 09:35:09.700,0.4916,0.4933,1.0,0.4916,13.0,10201.0,16.0
2021-01-05 09:35:10.180,0.4916,0.4933,1.0,0.4916,33.0,10201.0,16.0
2021-01-05 09:35:10.691,0.4916,0.4933,1.0,0.4923,10.0,10201.0,16.0
2021-01-05 09:35:11.160,0.4916,0.4933,1.0,0.4923,10.0,10201.0,16.0
2021-01-05 09:35:11.671,0.4916,0.4943,10.0,0.493,10.0,10201.0,16.0
2021-01-05 09:35:12.101,0.4916,0.494,1.0,0.493,10.0,10201.0,16.0
2021-01-05 09:35:12.691,0.4916,0.494,1.0,0.493,10.0,10201.0,16.0
2021-01-05 09:35:13.181,0.4916,0.493,8.0,0.4921,10.0,10201.0,16.0
2021-01-05 09:35:13.640,0.4922,0.493,8.0,0.4914,10.0,10205.0,20.0
2021-01-05 09:35:14.191,0.4922,0.4921,2.0,0.4898,20.0,10205.0,20.0
2021-01-05 09:35:14.700,0.4922,0.4921,2.0,0.4911,10.0,10205.0,20.0
2021-01-05 09:35:15.050,0.4922,0.492,13.0,0.4913,10.0,10205.0,20.0
2021-01-05 09:35:15.690,0.4922,0.4933,10.0,0.4911,10.0,10205.0,20.0
2021-01-05 09:35:16.141,0.4922,0.4932,14.0,0.4911,10.0,10205.0,20.0
2021-01-05 09:35:16.660,0.4922,0.4932,14.0,0.4911,10.0,10205.0,20.0
2021-01-05 09:35:17.680,0.4922,0.4932,14.0,0.4911,10.0,10205.0,20.0
2021-01-05 09:35:18.170,0.4922,0.4932,14.0,0.4911,10.0,10205.0,20.0
2021-01-05 09:35:18.681,0.4922,0.4931,10.0,0.4911,10.0,10205.0,20.0
2021-01-05 09:35:19.180,0.4922,0.4931,30.0,0.4911,10.0,10205.0,20.0
2021-01-05 09:35:19.641,0.4922,0.4924,10.0,0.4911,10.0,10205.0,20.0
2021-01-05 09:35:20.120,0.4922,0.4924,10.0,0.4911,10.0,10205.0,20.0
2021-01-05 09:35:20.631,0.4922,0.4924,10.0,0.4911,10.0,10205.0,20.0
2021-01-05 09:35:21.180,0.4922,0.4924,10.0,0.4911,10.0,10205.0,20.0
2021-01-05 09:35:21.620,0.4922,0.4931,1.0,0.4924,3.0,10205.0,20.0
2021-01-05 09:35:22.171,0.4922,0.493,1.0,0.4925,10.0,10205.0,20.0
2021-01-05 09:35:22.171,0.4922,0.493,1.0,0.4925,10.0,10205.0,20.0
2021-01-05 09:35:23.151,0.4922,0.493,1.0,0.4925,10.0,10205.0,20.0
2021-01-05 09:35:23.680,0.4922,0.4938,10.0,0.4925,10.0,10205.0,20.0
2021-01-05 09:35:24.171,0.4922,0.4931,10.0,0.4925,10.0,10205.0,20.0
2021-01-05 09:35:24.671,0.4922,0.4935,11.0,0.4925,10.0,10205.0,20.0
2021-01-05 09:35:25.170,0.4922,0.4935,1.0,0.4925,10.0,10205.0,20.0
2021-01-05 09:35:25.660,0.4922,0.4943,10.0,0.4925,10.0,10205.0,20.0
2021-01-05 09:35:26.160,0.4922,0.4942,14.0,0.4925,10.0,10205.0,20.0
2021-01-05 09:35:26.651,0.4922,0.4942,14.0,0.4925,23.0,10205.0,20.0
2021-01-05 09:35:27.130,0.4922,0.4942,1.0,0.4925,23.0,10205.0,20.0
2021-01-05 09:35:27.641,0.4922,0.4943,10.0,0.4925,10.0,10205.0,20.0
2021-01-05 09:35:28.171,0.4922,0.4942,13.0,0.4925,10.0,10205.0,20.0
2021-01-05 09:35:29.641,0.4922,0.4942,13.0,0.4925,10.0,10205.0,20.0
2021-01-05 09:35:30.121,0.4922,0.4947,1.0,0.4925,10.0,10205.0,20.0
2021-01-05 09:35:30.690,0.4922,0.4946,13.0,0.4925,10.0,10205.0,20.0
2021-01-05 09:35:31.170,0.4922,0.4946,13.0,0.4925,10.0,10205.0,20.0
2021-01-05 09:35:31.600,0.4922,0.4944,10.0,0.4925,10.0,10205.0,20.0
2021-01-05 09:35:32.150,0.4922,0.4944,20.0,0.4925,10.0,10205.0,20.0
2021-01-05 09:35:32.630,0.4922,0.4944,33.0,0.4926,13.0,10205.0,20.0
2021-01-05 09:35:33.191,0.4922,0.4944,20.0,0.4926,13.0,10205.0,20.0
2021-01-05 09:35:33.650,0.4922,0.4944,20.0,0.4926,13.0,10205.0,20.0
2021-01-05 09:35:34.190,0.4922,0.4947,1.0,0.4926,13.0,10205.0,20.0
2021-01-05 09:35:34.691,0.4922,0.4947,1.0,0.4926,13.0,10205.0,20.0
2021-01-05 09:35:35.200,0.4922,0.4947,1.0,0.4926,13.0,10205.0,20.0
2021-01-05 09:35:35.631,0.4922,0.4947,1.0,0.4926,23.0,10205.0,20.0
2021-01-05 09:35:36.180,0.4922,0.4947,1.0,0.4926,23.0,10205.0,20.0
2021-01-05 09:35:36.620,0.4922,0.4947,1.0,0.4926,23.0,10205.0,20.0
2021-01-05 09:35:37.640,0.4922,0.4947,1.0,0.4927,10.0,10205.0,20.0
2021-01-05 09:35:38.190,0.4922,0.4947,1.0,0.4927,10.0,10205.0,20.0
2021-01-05 09:35:38.591,0.4922,0.4947,1.0,0.4928,13.0,10205.0,20.0
2021-01-05 09:35:39.140,0.4922,0.4947,1.0,0.4928,13.0,10205.0,20.0
2021-01-05 09:35:40.191,0.4922,0.4947,1.0,0.4928,13.0,10205.0,20.0
2021-01-05 09:35:40.691,0.4922,0.4946,13.0,0.4926,10.0,10205.0,20.0
2021-01-05 09:35:41.190,0.4922,0.4946,33.0,0.4926,10.0,10205.0,20.0
2021-01-05 09:35:42.160,0.4922,0.4946,33.0,0.4926,10.0,10205.0,20.0
2021-01-05 09:35:42.581,0.4922,0.4946,20.0,0.4927,13.0,10205.0,20.0
2021-01-05 09:35:43.190,0.4922,0.4947,1.0,0.4927,13.0,10205.0,20.0
2021-01-05 09:35:43.661,0.4922,0.4947,1.0,0.4927,13.0,10205.0,20.0
2021-01-05 09:35:44.101,0.4922,0.4947,1.0,0.4928,10.0,10205.0,20.0
2021-01-05 09:35:44.600,0.4922,0.4947,1.0,0.4927,20.0,10205.0,20.0
2021-01-05 09:35:45.071,0.4922,0.4947,1.0,0.4928,13.0,10205.0,20.0
2021-01-05 09:35:45.670,0.4922,0.4947,1.0,0.4932,10.0,10205.0,20.0
2021-01-05 09:35:46.170,0.4947,0.4959,20.0,0.4932,10.0,10205.0,21.0
2021-01-05 09:35:46.700,0.4947,0.4958,1.0,0.4936,10.0,10205.0,21.0
2021-01-05 09:35:47.201,0.4947,0.4965,34.0,0.4936,10.0,10205.0,21.0
2021-01-05 09:35:47.691,0.4947,0.4964,1.0,0.4937,23.0,10205.0,21.0
2021-01-05 09:35:48.181,0.4947,0.4964,1.0,0.4941,10.0,10205.0,21.0
2021-01-05 09:35:48.700,0.4947,0.4964,1.0,0.4937,20.0,10205.0,21.0
2021-01-05 09:35:49.190,0.4947,0.4964,1.0,0.4939,10.0,10205.0,21.0
2021-01-05 09:35:49.701,0.4947,0.4964,1.0,0.4939,10.0,10205.0,21.0
2021-01-05 09:35:50.121,0.4947,0.4964,1.0,0.494,13.0,10205.0,21.0
2021-01-05 09:35:50.680,0.4947,0.4964,1.0,0.4941,10.0,10205.0,21.0
2021-01-05 09:35:51.180,0.4947,0.4964,1.0,0.4941,10.0,10205.0,21.0
2021-01-05 09:35:51.710,0.4947,0.4963,13.0,0.4942,13.0,10205.0,21.0
2021-01-05 09:35:52.671,0.4947,0.4963,13.0,0.4942,13.0,10205.0,21.0
2021-01-05 09:35:53.111,0.4947,0.4963,13.0,0.4943,10.0,10205.0,21.0
2021-01-05 09:35:54.161,0.4947,0.4963,23.0,0.4944,13.0,10205.0,21.0
2021-01-05 09:35:54.640,0.4947,0.4963,13.0,0.4944,10.0,10205.0,21.0
2021-01-05 09:35:55.181,0.4947,0.496,10.0,0.493,20.0,10205.0,21.0
2021-01-05 09:35:55.381,0.4947,0.4959,1.0,0.4931,13.0,10205.0,21.0
2021-01-05 09:35:56.121,0.4947,0.4958,13.0,0.4944,10.0,10205.0,21.0
2021-01-05 09:35:56.690,0.4947,0.4958,13.0,0.4944,10.0,10205.0,21.0
2021-01-05 09:35:57.160,0.4947,0.4958,13.0,0.4944,10.0,10205.0,21.0
2021-01-05 09:35:57.681,0.4947,0.4958,13.0,0.4944,10.0,10205.0,21.0
2021-01-05 09:35:58.150,0.4947,0.4958,13.0,0.4944,10.0,10205.0,21.0
2021-01-05 09:35:58.701,0.4947,0.4959,20.0,0.4944,10.0,10205.0,21.0
2021-01-05 09:35:59.160,0.4947,0.4959,20.0,0.4944,10.0,10205.0,21.0
2021-01-05 09:36:00.201,0.4947,0.4964,1.0,0.4944,10.0,10205.0,21.0
2021-01-05 09:36:00.680,0.4947,0.4964,1.0,0.4945,13.0,10205.0,21.0
2021-01-05 09:36:01.671,0.4947,0.4964,1.0,0.4945,13.0,10205.0,21.0
2021-01-05 09:36:02.170,0.4947,0.4963,1.0,0.4946,10.0,10205.0,21.0
2021-01-05 09:36:02.701,0.4947,0.4963,11.0,0.4945,10.0,10205.0,21.0
2021-01-05 09:36:03.150,0.4947,0.4962,13.0,0.4945,10.0,10205.0,21.0
2021-01-05 09:36:03.700,0.4947,0.4961,1.0,0.4945,10.0,10205.0,21.0
2021-01-05 09:36:04.201,0.4947,0.4961,1.0,0.4928,14.0,10205.0,21.0
2021-01-05 09:36:04.670,0.4947,0.496,13.0,0.4928,14.0,10205.0,21.0
2021-01-05 09:36:05.150,0.4947,0.496,13.0,0.4928,24.0,10205.0,21.0
2021-01-05 09:36:05.690,0.4947,0.496,13.0,0.4928,24.0,10205.0,21.0
2021-01-05 09:36:06.180,0.4947,0.496,13.0,0.4928,24.0,10205.0,21.0
2021-01-05 09:36:06.700,0.4947,0.496,13.0,0.4928,24.0,10205.0,21.0
2021-01-05 09:36:06.940,0.4947,0.496,13.0,0.4928,24.0,10205.0,21.0
2021-01-05 09:36:07.640,0.4947,0.496,13.0,0.4928,24.0,10205.0,21.0
2021-01-05 09:36:09.161,0.4947,0.496,33.0,0.4928,24.0,10205.0,21.0
2021-01-05 09:36:09.691,0.4947,0.496,23.0,0.4928,24.0,10205.0,21.0
2021-01-05 09:36:10.671,0.4947,0.496,23.0,0.4928,24.0,10205.0,21.0
2021-01-05 09:36:12.181,0.4947,0.496,23.0,0.4928,24.0,10205.0,21.0
2021-01-05 09:36:12.690,0.4947,0.496,13.0,0.4928,24.0,10205.0,21.0
2021-01-05 09:36:14.150,0.4947,0.496,13.0,0.4928,24.0,10205.0,21.0
2021-01-05 09:36:14.690,0.4947,0.496,13.0,0.4928,24.0,10205.0,21.0
2021-01-05 09:36:15.170,0.4947,0.496,23.0,0.4928,24.0,10205.0,21.0
2021-01-05 09:36:18.680,0.4947,0.496,23.0,0.4928,34.0,10205.0,21.0
2021-01-05 09:36:21.120,0.4947,0.4958,10.0,0.4928,24.0,10205.0,21.0
2021-01-05 09:36:21.691,0.4947,0.4957,10.0,0.4928,24.0,10205.0,21.0
2021-01-05 09:36:22.171,0.4947,0.4956,13.0,0.4928,24.0,10205.0,21.0
2021-01-05 09:36:23.191,0.4947,0.4956,13.0,0.4928,24.0,10205.0,21.0
2021-01-05 09:36:23.681,0.4947,0.4958,20.0,0.4929,10.0,10205.0,21.0
2021-01-05 09:36:24.171,0.4947,0.4958,20.0,0.4933,10.0,10205.0,21.0
2021-01-05 09:36:24.701,0.4947,0.4958,20.0,0.4933,10.0,10205.0,21.0
2021-01-05 09:36:25.191,0.4947,0.4958,20.0,0.4934,23.0,10205.0,21.0
2021-01-05 09:36:25.650,0.4947,0.4957,10.0,0.4934,13.0,10205.0,21.0
2021-01-05 09:36:26.171,0.4947,0.4956,1.0,0.4934,13.0,10205.0,21.0
2021-01-05 09:36:26.651,0.4947,0.4956,1.0,0.4934,13.0,10205.0,21.0
2021-01-05 09:36:27.070,0.4947,0.4956,1.0,0.4934,13.0,10205.0,21.0
2021-01-05 09:36:27.690,0.4947,0.4963,10.0,0.4937,14.0,10205.0,21.0
2021-01-05 09:36:28.190,0.4947,0.4961,1.0,0.4937,14.0,10205.0,21.0
2021-01-05 09:36:28.190,0.4947,0.4961,1.0,0.4937,34.0,10205.0,21.0
2021-01-05 09:36:29.171,0.4947,0.4961,1.0,0.4938,10.0,10205.0,21.0
2021-01-05 09:36:29.661,0.4947,0.4972,30.0,0.4939,13.0,10205.0,21.0
2021-01-05 09:36:30.161,0.4947,0.4972,43.0,0.4946,10.0,10205.0,21.0
2021-01-05 09:36:30.700,0.4947,0.4971,1.0,0.4946,10.0,10205.0,21.0
2021-01-05 09:36:31.181,0.4947,0.4971,14.0,0.4947,13.0,10205.0,21.0
2021-01-05 09:36:31.690,0.4947,0.497,1.0,0.4947,13.0,10205.0,21.0
2021-01-05 09:36:32.130,0.4947,0.497,1.0,0.4947,13.0,10205.0,21.0
2021-01-05 09:36:33.200,0.4947,0.497,11.0,0.4948,10.0,10205.0,21.0
2021-01-05 09:36:33.670,0.4947,0.497,24.0,0.4947,10.0,10205.0,21.0
2021-01-05 09:36:34.091,0.4947,0.497,1.0,0.4948,13.0,10205.0,21.0
2021-01-05 09:36:35.150,0.4947,0.4969,10.0,0.4949,10.0,10205.0,21.0
2021-01-05 09:36:35.701,0.4947,0.497,11.0,0.4948,10.0,10205.0,21.0
2021-01-05 09:36:36.191,0.4947,0.497,14.0,0.4949,13.0,10205.0,21.0
2021-01-05 09:36:36.700,0.4947,0.497,1.0,0.495,10.0,10205.0,21.0
2021-01-05 09:36:37.190,0.4947,0.497,1.0,0.495,10.0,10205.0,21.0
2021-01-05 09:36:37.691,0.4947,0.497,1.0,0.4951,13.0,10205.0,21.0
2021-01-05 09:36:38.120,0.4947,0.497,1.0,0.4951,23.0,10205.0,21.0
2021-01-05 09:36:40.191,0.4947,0.4969,10.0,0.4951,23.0,10205.0,21.0
2021-01-05 09:36:40.700,0.4947,0.497,1.0,0.4951,23.0,10205.0,21.0
2021-01-05 09:36:41.201,0.4947,0.497,1.0,0.4951,23.0,10205.0,21.0
2021-01-05 09:36:41.641,0.4947,0.4969,13.0,0.4951,23.0,10205.0,21.0
2021-01-05 09:36:42.021,0.4947,0.4972,30.0,0.4951,23.0,10205.0,21.0
2021-01-05 09:36:42.690,0.4947,0.497,10.0,0.4951,23.0,10205.0,21.0
2021-01-05 09:36:43.180,0.4947,0.4971,23.0,0.4951,23.0,10205.0,21.0
2021-01-05 09:36:43.700,0.4947,0.4972,20.0,0.4951,23.0,10205.0,21.0
2021-01-05 09:36:44.200,0.4947,0.4971,13.0,0.4951,23.0,10205.0,21.0
2021-01-05 09:36:45.191,0.4947,0.4972,20.0,0.4956,10.0,10205.0,21.0
2021-01-05 09:36:45.631,0.4947,0.4972,20.0,0.4956,10.0,10205.0,21.0
2021-01-05 09:36:46.190,0.4947,0.4978,20.0,0.4957,13.0,10205.0,21.0
2021-01-05 09:36:46.190,0.4947,0.4978,20.0,0.4962,10.0,10205.0,21.0
2021-01-05 09:36:47.130,0.4947,0.4977,1.0,0.4963,10.0,10205.0,21.0
2021-01-05 09:36:47.660,0.4965,0.4977,1.0,0.4965,9.0,10205.0,22.0
2021-01-05 09:36:48.130,0.4965,0.4984,30.0,0.4965,9.0,10205.0,22.0
2021-01-05 09:36:48.630,0.4965,0.498,10.0,0.4966,13.0,10205.0,22.0
2021-01-05 09:36:49.031,0.4965,0.4984,30.0,0.4966,13.0,10205.0,22.0
2021-01-05 09:36:49.700,0.4965,0.4983,10.0,0.4967,10.0,10205.0,22.0
2021-01-05 09:36:50.201,0.4965,0.4983,10.0,0.4967,10.0,10205.0,22.0
2021-01-05 09:36:50.670,0.4965,0.4983,2.0,0.4967,13.0,10205.0,22.0
2021-01-05 09:36:51.671,0.4965,0.4983,2.0,0.4968,10.0,10205.0,22.0
2021-01-05 09:36:52.180,0.4965,0.4983,2.0,0.4968,23.0,10205.0,22.0
2021-01-05 09:36:52.670,0.4965,0.4983,2.0,0.4968,10.0,10205.0,22.0
2021-01-05 09:36:53.191,0.4965,0.4983,2.0,0.4969,23.0,10205.0,22.0
2021-01-05 09:36:53.680,0.4965,0.4983,1.0,0.4969,23.0,10205.0,22.0
2021-01-05 09:36:54.180,0.4965,0.4983,1.0,0.4969,10.0,10205.0,22.0
2021-01-05 09:36:54.631,0.4965,0.4982,10.0,0.4966,10.0,10205.0,22.0
2021-01-05 09:36:55.141,0.4966,0.4966,37.0,0.4958,10.0,10228.0,45.0
2021-01-05 09:36:55.651,0.4966,0.4963,30.0,0.4959,13.0,10233.0,50.0
2021-01-05 09:36:56.141,0.4963,0.4963,21.0,0.4959,13.0,10238.0,59.0
2021-01-05 09:36:56.691,0.4963,0.4963,8.0,0.4959,13.0,10251.0,72.0
2021-01-05 09:36:57.171,0.4963,0.4966,32.0,0.4959,13.0,10257.0,80.0
2021-01-05 09:36:57.601,0.4966,0.4966,27.0,0.4959,13.0,10262.0,85.0
2021-01-05 09:36:59.181,0.4966,0.4966,22.0,0.4959,13.0,10267.0,90.0
2021-01-05 09:36:59.690,0.4966,0.4966,10.0,0.4959,23.0,10277.0,102.0
2021-01-05 09:37:00.120,0.4966,0.4984,20.0,0.4959,23.0,10287.0,112.0
2021-01-05 09:37:01.081,0.4966,0.4984,20.0,0.4959,23.0,10287.0,112.0
2021-01-05 09:37:01.630,0.4966,0.4983,11.0,0.496,10.0,10287.0,112.0
2021-01-05 09:37:02.191,0.4966,0.4983,1.0,0.4959,10.0,10287.0,112.0
2021-01-05 09:37:02.610,0.4966,0.4982,13.0,0.496,13.0,10287.0,112.0
2021-01-05 09:37:03.630,0.4966,0.4981,10.0,0.4961,10.0,10287.0,112.0
2021-01-05 09:37:04.200,0.4966,0.4981,20.0,0.496,10.0,10287.0,112.0
2021-01-05 09:37:04.690,0.4966,0.498,13.0,0.496,10.0,10287.0,112.0
2021-01-05 09:37:05.701,0.4966,0.4979,10.0,0.4957,10.0,10287.0,112.0
2021-01-05 09:37:06.171,0.4966,0.4979,10.0,0.4957,23.0,10287.0,112.0
2021-01-05 09:37:06.700,0.4966,0.4978,13.0,0.4955,10.0,10287.0,112.0
2021-01-05 09:37:07.180,0.4966,0.4978,23.0,0.4956,23.0,10287.0,112.0
2021-01-05 09:37:07.681,0.4966,0.4978,23.0,0.4956,13.0,10287.0,112.0
2021-01-05 09:37:08.200,0.4966,0.4978,23.0,0.4957,10.0,10287.0,112.0
2021-01-05 09:37:08.630,0.4966,0.4979,10.0,0.4956,10.0,10287.0,112.0
2021-01-05 09:37:09.170,0.4966,0.4981,10.0,0.4957,13.0,10287.0,112.0
2021-01-05 09:37:10.121,0.4966,0.498,10.0,0.4958,10.0,10287.0,112.0
2021-01-05 09:37:10.701,0.4966,0.4976,10.0,0.4957,10.0,10287.0,112.0
2021-01-05 09:37:11.201,0.4966,0.4976,10.0,0.4957,10.0,10287.0,112.0
2021-01-05 09:37:11.700,0.4966,0.4975,13.0,0.4957,10.0,10287.0,112.0
2021-01-05 09:37:12.131,0.4966,0.4976,10.0,0.4957,10.0,10287.0,112.0
2021-01-05 09:37:12.131,0.4966,0.4974,10.0,0.4955,10.0,10287.0,112.0
2021-01-05 09:37:13.181,0.4966,0.4975,30.0,0.4956,13.0,10287.0,112.0
2021-01-05 09:37:13.181,0.4966,0.4974,13.0,0.4958,10.0,10287.0,112.0
2021-01-05 09:37:14.171,0.4966,0.4974,13.0,0.4956,10.0,10287.0,112.0
2021-01-05 09:37:14.651,0.4966,0.4975,20.0,0.4957,13.0,10287.0,112.0
2021-01-05 09:37:15.101,0.4966,0.4975,20.0,0.4957,13.0,10287.0,112.0
2021-01-05 09:37:15.671,0.4966,0.4977,10.0,0.4958,10.0,10287.0,112.0
2021-01-05 09:37:16.190,0.4966,0.4977,10.0,0.4958,10.0,10287.0,112.0
2021-01-05 09:37:16.461,0.4966,0.4976,13.0,0.4959,13.0,10287.0,112.0
2021-01-05 09:37:17.200,0.4966,0.4976,13.0,0.4959,23.0,10287.0,112.0
2021-01-05 09:37:17.671,0.4966,0.4976,23.0,0.4959,23.0,10287.0,112.0
2021-01-05 09:37:18.710,0.4966,0.4976,13.0,0.4959,23.0,10287.0,112.0
2021-01-05 09:37:19.131,0.4966,0.4976,13.0,0.4959,23.0,10287.0,112.0
2021-01-05 09:37:19.711,0.4966,0.4976,13.0,0.4959,23.0,10287.0,112.0
2021-01-05 09:37:20.191,0.4966,0.498,10.0,0.4959,23.0,10287.0,112.0
2021-01-05 09:37:20.691,0.4966,0.4979,13.0,0.4959,23.0,10287.0,112.0
2021-01-05 09:37:21.200,0.4966,0.4976,10.0,0.4959,23.0,10287.0,112.0
2021-01-05 09:37:21.701,0.4966,0.4974,10.0,0.4959,23.0,10287.0,112.0
2021-01-05 09:37:22.030,0.4966,0.4973,13.0,0.4959,10.0,10287.0,112.0
2021-01-05 09:37:22.641,0.4966,0.4973,33.0,0.4959,23.0,10287.0,112.0
2021-01-05 09:37:23.150,0.4966,0.4973,43.0,0.4959,13.0,10287.0,112.0
2021-01-05 09:37:23.661,0.4966,0.4973,43.0,0.4959,13.0,10287.0,112.0
2021-01-05 09:37:24.080,0.4966,0.4973,33.0,0.496,10.0,10287.0,112.0
2021-01-05 09:37:24.631,0.4966,0.4973,43.0,0.4958,10.0,10287.0,112.0
2021-01-05 09:37:25.200,0.4966,0.4973,33.0,0.496,10.0,10287.0,112.0
2021-01-05 09:37:25.570,0.4966,0.4973,33.0,0.496,13.0,10287.0,112.0
2021-01-05 09:37:26.120,0.4966,0.4973,20.0,0.4959,10.0,10287.0,112.0
2021-01-05 09:37:26.650,0.4966,0.4973,30.0,0.4957,10.0,10287.0,112.0
2021-01-05 09:37:27.130,0.4966,0.4973,33.0,0.496,10.0,10287.0,112.0
2021-01-05 09:37:27.551,0.4966,0.4973,20.0,0.496,10.0,10287.0,112.0
2021-01-05 09:37:28.151,0.4966,0.4973,20.0,0.496,13.0,10287.0,112.0
2021-01-05 09:37:28.560,0.4966,0.4972,13.0,0.4957,10.0,10287.0,112.0
2021-01-05 09:37:29.130,0.4966,0.4973,20.0,0.4958,13.0,10287.0,112.0
2021-01-05 09:37:30.191,0.4966,0.497,10.0,0.4958,13.0,10287.0,112.0
2021-01-05 09:37:30.590,0.4966,0.4973,20.0,0.4959,10.0,10287.0,112.0
2021-01-05 09:37:31.190,0.4966,0.4973,30.0,0.4958,10.0,10287.0,112.0
2021-01-05 09:37:31.691,0.4966,0.4973,30.0,0.4959,13.0,10287.0,112.0
2021-01-05 09:37:32.181,0.4966,0.4973,20.0,0.4959,13.0,10287.0,112.0
2021-01-05 09:37:32.651,0.4966,0.4973,20.0,0.4959,13.0,10287.0,112.0
2021-01-05 09:37:33.180,0.4966,0.4981,20.0,0.4959,14.0,10287.0,112.0
2021-01-05 09:37:33.701,0.4966,0.4979,10.0,0.4959,14.0,10287.0,112.0
2021-01-05 09:37:34.200,0.4966,0.4978,10.0,0.4959,14.0,10287.0,112.0
2021-01-05 09:37:35.170,0.4966,0.4976,10.0,0.4958,24.0,10287.0,112.0
2021-01-05 09:37:35.650,0.4966,0.4974,10.0,0.4958,24.0,10287.0,112.0
2021-01-05 09:37:36.200,0.4966,0.4976,10.0,0.4958,24.0,10287.0,112.0
2021-01-05 09:37:36.630,0.4966,0.4974,30.0,0.4958,24.0,10287.0,112.0
2021-01-05 09:37:37.180,0.4966,0.4974,30.0,0.4958,24.0,10287.0,112.0
2021-01-05 09:37:37.691,0.4966,0.4974,30.0,0.4958,14.0,10287.0,112.0
2021-01-05 09:37:38.161,0.4966,0.4973,13.0,0.4955,10.0,10287.0,112.0
2021-01-05 09:37:38.651,0.4966,0.4973,13.0,0.4956,13.0,10287.0,112.0
2021-01-05 09:37:39.170,0.4966,0.4973,13.0,0.4956,13.0,10287.0,112.0
2021-01-05 09:37:40.161,0.4966,0.4973,13.0,0.4952,10.0,10287.0,112.0
2021-01-05 09:37:40.701,0.4966,0.4972,10.0,0.4953,13.0,10287.0,112.0
2021-01-05 09:37:41.131,0.4966,0.4971,1.0,0.4954,10.0,10287.0,112.0
2021-01-05 09:37:41.660,0.4966,0.497,13.0,0.4953,10.0,10287.0,112.0
2021-01-05 09:37:42.130,0.4966,0.497,13.0,0.4954,13.0,10287.0,112.0
2021-01-05 09:37:43.671,0.4953,0.497,13.0,0.4948,14.0,10297.0,122.0
2021-01-05 09:37:44.651,0.4953,0.4969,10.0,0.4948,14.0,10297.0,122.0
2021-01-05 09:37:45.171,0.4953,0.4969,24.0,0.4942,14.0,10297.0,122.0
2021-01-05 09:37:45.650,0.4953,0.4969,14.0,0.4942,14.0,10297.0,122.0
2021-01-05 09:37:46.601,0.4953,0.4968,10.0,0.4942,14.0,10297.0,122.0
2021-01-05 09:37:47.210,0.4953,0.4967,13.0,0.4942,14.0,10297.0,122.0
2021-01-05 09:37:47.661,0.4953,0.4967,33.0,0.4948,14.0,10297.0,122.0
2021-01-05 09:37:48.201,0.4953,0.4967,20.0,0.4948,14.0,10297.0,122.0
2021-01-05 09:37:48.700,0.4953,0.4966,10.0,0.4948,14.0,10297.0,122.0
2021-01-05 09:37:49.190,0.4953,0.4967,30.0,0.4949,10.0,10297.0,122.0
2021-01-05 09:37:49.670,0.4953,0.4967,43.0,0.495,13.0,10297.0,122.0
2021-01-05 09:37:50.220,0.4953,0.4967,30.0,0.495,13.0,10297.0,122.0
2021-01-05 09:37:51.691,0.4953,0.4967,20.0,0.495,13.0,10297.0,122.0
2021-01-05 09:37:52.191,0.4953,0.4966,10.0,0.495,13.0,10297.0,122.0
2021-01-05 09:37:52.660,0.4953,0.4967,20.0,0.4951,10.0,10297.0,122.0
2021-01-05 09:37:53.161,0.4953,0.4967,20.0,0.4951,10.0,10297.0,122.0
2021-01-05 09:37:53.620,0.4953,0.4969,10.0,0.4954,14.0,10297.0,122.0
2021-01-05 09:37:54.170,0.4953,0.4967,10.0,0.4954,14.0,10297.0,122.0
2021-01-05 09:37:56.611,0.4953,0.4967,10.0,0.4949,24.0,10297.0,122.0
2021-01-05 09:37:57.170,0.4953,0.4967,10.0,0.4949,14.0,10297.0,122.0
2021-01-05 09:37:57.601,0.4953,0.4964,10.0,0.4944,10.0,10297.0,122.0
2021-01-05 09:37:58.091,0.4953,0.4964,10.0,0.4947,10.0,10297.0,122.0
2021-01-05 09:37:58.640,0.4953,0.4963,13.0,0.4948,10.0,10297.0,122.0
2021-01-05 09:37:59.161,0.4953,0.4967,10.0,0.4949,23.0,10297.0,122.0
2021-01-05 09:37:59.651,0.4953,0.4967,10.0,0.4949,23.0,10297.0,122.0
2021-01-05 09:38:00.680,0.4953,0.4967,20.0,0.4949,23.0,10297.0,122.0
2021-01-05 09:38:04.090,0.4953,0.4969,10.0,0.4953,14.0,10297.0,122.0
2021-01-05 09:38:05.181,0.4953,0.497,10.0,0.4954,10.0,10297.0,122.0
2021-01-05 09:38:05.621,0.4953,0.4968,10.0,0.4955,13.0,10297.0,122.0
2021-01-05 09:38:06.691,0.4953,0.4969,10.0,0.4955,13.0,10297.0,122.0
2021-01-05 09:38:07.200,0.4953,0.4974,30.0,0.4956,10.0,10297.0,122.0
2021-01-05 09:38:07.590,0.4953,0.4974,20.0,0.4959,14.0,10297.0,122.0
2021-01-05 09:38:08.151,0.4953,0.4974,10.0,0.4959,14.0,10297.0,122.0
2021-01-05 09:38:09.160,0.4953,0.4979,10.0,0.4959,14.0,10297.0,122.0
2021-01-05 09:38:09.611,0.4953,0.4979,10.0,0.496,10.0,10297.0,122.0
2021-01-05 09:38:10.180,0.4953,0.498,10.0,0.4964,14.0,10297.0,122.0
2021-01-05 09:38:10.670,0.4953,0.4981,10.0,0.4964,14.0,10297.0,122.0
2021-01-05 09:38:11.141,0.4953,0.4979,10.0,0.4964,14.0,10297.0,122.0
2021-01-05 09:38:11.701,0.4953,0.4981,10.0,0.4964,14.0,10297.0,122.0
2021-01-05 09:38:12.191,0.4953,0.4975,10.0,0.4959,10.0,10297.0,122.0
2021-01-05 09:38:12.531,0.4953,0.4981,10.0,0.4964,10.0,10297.0,122.0
2021-01-05 09:38:13.110,0.4953,0.498,13.0,0.4964,10.0,10297.0,122.0
2021-01-05 09:38:13.690,0.4953,0.4983,10.0,0.4965,13.0,10297.0,122.0
2021-01-05 09:38:14.101,0.4953,0.4982,13.0,0.4966,10.0,10297.0,122.0
2021-01-05 09:38:14.691,0.4953,0.4986,10.0,0.4966,14.0,10297.0,122.0
2021-01-05 09:38:15.150,0.4953,0.4988,10.0,0.4966,14.0,10297.0,122.0
2021-01-05 09:38:15.730,0.4953,0.4993,10.0,0.4971,14.0,10297.0,122.0
2021-01-05 09:38:16.210,0.4953,0.4988,10.0,0.4971,14.0,10297.0,122.0
2021-01-05 09:38:16.731,0.4953,0.4993,10.0,0.4972,10.0,10297.0,122.0
2021-01-05 09:38:17.190,0.4953,0.4992,13.0,0.4973,13.0,10297.0,122.0
2021-01-05 09:38:18.231,0.4953,0.4993,10.0,0.4973,10.0,10297.0,122.0
2021-01-05 09:38:18.660,0.4953,0.4991,10.0,0.4974,23.0,10297.0,122.0
2021-01-05 09:38:19.230,0.4953,0.4993,10.0,0.4974,13.0,10297.0,122.0
2021-01-05 09:38:19.670,0.4953,0.4992,13.0,0.4974,13.0,10297.0,122.0
2021-01-05 09:38:20.671,0.4953,0.4992,13.0,0.4974,13.0,10297.0,122.0
2021-01-05 09:38:21.670,0.4953,0.4996,14.0,0.4975,10.0,10297.0,122.0
2021-01-05 09:38:22.141,0.4953,0.5001,10.0,0.4977,24.0,10297.0,122.0
2021-01-05 09:38:22.531,0.4953,0.4999,10.0,0.4977,24.0,10297.0,122.0
2021-01-05 09:38:23.201,0.4953,0.5,10.0,0.4977,24.0,10297.0,122.0
2021-01-05 09:38:23.681,0.4953,0.5,10.0,0.4978,10.0,10297.0,122.0
2021-01-05 09:38:24.141,0.4953,0.5002,20.0,0.4977,34.0,10297.0,122.0
2021-01-05 09:38:24.690,0.4953,0.5006,10.0,0.4983,24.0,10297.0,122.0
2021-01-05 09:38:25.101,0.4953,0.5001,10.0,0.4983,14.0,10297.0,122.0
2021-01-05 09:38:25.101,0.4953,0.5003,10.0,0.4984,10.0,10297.0,122.0
2021-01-05 09:38:26.100,0.4953,0.5008,10.0,0.4985,13.0,10297.0,122.0
2021-01-05 09:38:26.701,0.4953,0.5003,10.0,0.4985,13.0,10297.0,122.0
2021-01-05 09:38:27.151,0.4953,0.5003,10.0,0.4985,13.0,10297.0,122.0
2021-01-05 09:38:27.691,0.4953,0.5003,10.0,0.4983,24.0,10297.0,122.0
2021-01-05 09:38:28.171,0.4953,0.5002,13.0,0.4983,24.0,10297.0,122.0
2021-01-05 09:38:28.680,0.4953,0.5002,13.0,0.4983,24.0,10297.0,122.0
2021-01-05 09:38:29.191,0.4953,0.5002,13.0,0.4983,24.0,10297.0,122.0
2021-01-05 09:38:29.641,0.4953,0.5008,10.0,0.4983,24.0,10297.0,122.0
2021-01-05 09:38:30.190,0.4953,0.5007,13.0,0.4983,24.0,10297.0,122.0
2021-01-05 09:38:30.670,0.4953,0.5007,13.0,0.4983,24.0,10297.0,122.0
2021-01-05 09:38:31.700,0.4953,0.5007,13.0,0.4983,24.0,10297.0,122.0
2021-01-05 09:38:32.171,0.4953,0.5007,13.0,0.4983,24.0,10297.0,122.0
2021-01-05 09:38:32.701,0.4953,0.501,14.0,0.4983,24.0,10297.0,122.0
2021-01-05 09:38:33.191,0.4953,0.5016,10.0,0.4991,14.0,10297.0,122.0
2021-01-05 09:38:33.700,0.4953,0.5015,13.0,0.4991,34.0,10297.0,122.0
2021-01-05 09:38:34.201,0.4953,0.5017,10.0,0.4997,14.0,10297.0,122.0
2021-01-05 09:38:35.200,0.4953,0.5024,10.0,0.4999,10.0,10297.0,122.0
2021-01-05 09:38:35.700,0.4953,0.5026,10.0,0.5004,14.0,10297.0,122.0
2021-01-05 09:38:36.130,0.4953,0.5023,10.0,0.5004,14.0,10297.0,122.0
2021-01-05 09:38:36.691,0.4953,0.5026,10.0,0.5005,10.0,10297.0,122.0
2021-01-05 09:38:37.160,0.4953,0.5027,10.0,0.5006,13.0,10297.0,122.0
2021-01-05 09:38:37.680,0.4953,0.5032,14.0,0.5006,13.0,10297.0,122.0
2021-01-05 09:38:38.161,0.4953,0.5028,10.0,0.5008,14.0,10297.0,122.0
2021-01-05 09:38:38.591,0.4953,0.5032,10.0,0.5008,14.0,10297.0,122.0
2021-01-05 09:38:39.161,0.4953,0.5032,10.0,0.5014,14.0,10297.0,122.0
2021-01-05 09:38:39.661,0.4953,0.5032,10.0,0.5014,14.0,10297.0,122.0
2021-01-05 09:38:40.141,0.4953,0.5035,20.0,0.5021,14.0,10297.0,122.0
2021-01-05 09:38:40.391,0.4953,0.5041,10.0,0.5022,10.0,10297.0,122.0
2021-01-05 09:38:41.140,0.4953,0.5041,10.0,0.5023,13.0,10297.0,122.0
2021-01-05 09:38:41.580,0.4953,0.5045,10.0,0.5024,10.0,10297.0,122.0
2021-01-05 09:38:42.191,0.4953,0.5042,10.0,0.5023,10.0,10297.0,122.0
2021-01-05 09:38:42.700,0.4953,0.5045,10.0,0.5024,13.0,10297.0,122.0
2021-01-05 09:38:43.190,0.4953,0.5044,10.0,0.5024,13.0,10297.0,122.0
2021-01-05 09:38:43.701,0.4953,0.5048,10.0,0.5025,10.0,10297.0,122.0
2021-01-05 09:38:44.191,0.4953,0.5047,13.0,0.5024,10.0,10297.0,122.0
2021-01-05 09:38:44.600,0.4953,0.5044,10.0,0.5025,13.0,10297.0,122.0
2021-01-05 09:38:45.201,0.4953,0.5045,10.0,0.5026,10.0,10297.0,122.0
2021-01-05 09:38:45.580,0.4953,0.5044,13.0,0.5026,10.0,10297.0,122.0
2021-01-05 09:38:46.200,0.4953,0.5044,13.0,0.5027,10.0,10297.0,122.0
2021-01-05 09:38:47.140,0.4953,0.5043,10.0,0.5027,10.0,10297.0,122.0
2021-01-05 09:38:47.691,0.4953,0.5043,10.0,0.5027,10.0,10297.0,122.0
2021-01-05 09:38:48.200,0.5027,0.5042,13.0,0.5022,4.0,10303.0,128.0
2021-01-05 09:38:48.650,0.5027,0.5042,33.0,0.5022,4.0,10303.0,128.0
2021-01-05 09:38:49.130,0.5027,0.5039,14.0,0.5011,14.0,10303.0,128.0
2021-01-05 09:38:49.670,0.5027,0.5039,14.0,0.5023,10.0,10303.0,128.0
2021-01-05 09:38:50.110,0.5022,0.5039,14.0,0.5011,14.0,10313.0,138.0
2021-01-05 09:38:51.170,0.5022,0.5039,14.0,0.5011,14.0,10313.0,138.0
2021-01-05 09:38:51.691,0.5022,0.5047,10.0,0.5021,14.0,10313.0,138.0
2021-01-05 09:38:52.140,0.5022,0.5046,13.0,0.5021,14.0,10313.0,138.0
2021-01-05 09:38:52.630,0.5022,0.5049,10.0,0.5028,14.0,10313.0,138.0
2021-01-05 09:38:53.191,0.5022,0.5048,13.0,0.5028,14.0,10313.0,138.0
2021-01-05 09:38:54.190,0.5022,0.5046,10.0,0.5028,14.0,10313.0,138.0
2021-01-05 09:38:54.690,0.5022,0.5049,10.0,0.503,10.0,10313.0,138.0
2021-01-05 09:38:55.191,0.5022,0.5047,10.0,0.5031,13.0,10313.0,138.0
2021-01-05 09:38:55.700,0.5022,0.5052,10.0,0.5033,14.0,10313.0,138.0
2021-01-05 09:38:56.190,0.5022,0.5053,10.0,0.5034,10.0,10313.0,138.0
2021-01-05 09:38:56.661,0.5022,0.5053,10.0,0.5035,13.0,10313.0,138.0
2021-01-05 09:38:57.200,0.5022,0.5051,10.0,0.5035,13.0,10313.0,138.0
2021-01-05 09:38:57.640,0.5022,0.5054,10.0,0.5035,13.0,10313.0,138.0
2021-01-05 09:38:58.190,0.5022,0.5051,10.0,0.5035,13.0,10313.0,138.0
2021-01-05 09:38:58.670,0.5022,0.5052,10.0,0.5032,10.0,10313.0,138.0
2021-01-05 09:38:59.060,0.5022,0.5051,13.0,0.5033,13.0,10313.0,138.0
2021-01-05 09:39:00.660,0.5022,0.505,10.0,0.5033,13.0,10313.0,138.0
2021-01-05 09:39:01.120,0.5022,0.5051,10.0,0.5033,23.0,10313.0,138.0
2021-01-05 09:39:01.700,0.5022,0.505,13.0,0.5033,23.0,10313.0,138.0
2021-01-05 09:39:02.201,0.5022,0.505,13.0,0.5033,13.0,10313.0,138.0
2021-01-05 09:39:02.660,0.5022,0.505,13.0,0.5034,10.0,10313.0,138.0
2021-01-05 09:39:03.150,0.5022,0.505,23.0,0.5032,10.0,10313.0,138.0
2021-01-05 09:39:03.671,0.5022,0.505,23.0,0.5033,13.0,10313.0,138.0
2021-01-05 09:39:04.161,0.5022,0.505,13.0,0.5033,13.0,10313.0,138.0
2021-01-05 09:39:04.610,0.5022,0.5049,10.0,0.5033,13.0,10313.0,138.0
2021-01-05 09:39:05.211,0.5022,0.505,10.0,0.5033,13.0,10313.0,138.0
2021-01-05 09:39:05.701,0.5022,0.5049,13.0,0.5033,13.0,10313.0,138.0
2021-01-05 09:39:07.200,0.5022,0.5048,10.0,0.5033,13.0,10313.0,138.0
2021-01-05 09:39:07.680,0.5022,0.5049,30.0,0.5033,13.0,10313.0,138.0
2021-01-05 09:39:08.131,0.5022,0.5047,10.0,0.5033,13.0,10313.0,138.0
2021-01-05 09:39:08.690,0.5022,0.5048,10.0,0.5033,23.0,10313.0,138.0
2021-01-05 09:39:09.161,0.5022,0.5047,13.0,0.5033,23.0,10313.0,138.0
2021-01-05 09:39:09.601,0.5022,0.5047,13.0,0.5033,23.0,10313.0,138.0
2021-01-05 09:39:10.101,0.5047,0.5047,22.0,0.5033,13.0,10314.0,139.0
2021-01-05 09:39:10.681,0.5047,0.505,30.0,0.5034,10.0,10314.0,139.0
2021-01-05 09:39:11.201,0.5047,0.5054,10.0,0.5035,14.0,10314.0,139.0
2021-01-05 09:39:11.701,0.5047,0.5052,10.0,0.5035,14.0,10314.0,139.0
2021-01-05 09:39:12.220,0.5047,0.505,10.0,0.5035,14.0,10314.0,139.0
2021-01-05 09:39:12.690,0.5047,0.5055,10.0,0.5035,14.0,10314.0,139.0
2021-01-05 09:39:13.170,0.5047,0.5054,13.0,0.5035,14.0,10314.0,139.0
2021-01-05 09:39:13.170,0.5047,0.5054,13.0,0.5036,10.0,10314.0,139.0
2021-01-05 09:39:14.160,0.5047,0.5054,13.0,0.5037,13.0,10314.0,139.0
2021-01-05 09:39:15.220,0.5047,0.5061,14.0,0.5037,13.0,10314.0,139.0
2021-01-05 09:39:15.720,0.5047,0.5059,10.0,0.5038,10.0,10314.0,139.0
2021-01-05 09:39:16.121,0.5047,0.5058,13.0,0.5037,10.0,10314.0,139.0
2021-01-05 09:39:16.711,0.5047,0.5058,13.0,0.5037,10.0,10314.0,139.0
2021-01-05 09:39:17.191,0.5047,0.5058,13.0,0.5038,13.0,10314.0,139.0
2021-01-05 09:39:17.650,0.5047,0.5058,13.0,0.5038,13.0,10314.0,139.0
2021-01-05 09:39:18.221,0.5047,0.5057,10.0,0.5038,13.0,10314.0,139.0
2021-01-05 09:39:18.671,0.5047,0.5057,10.0,0.5038,13.0,10314.0,139.0
2021-01-05 09:39:19.710,0.5047,0.5056,13.0,0.5039,10.0,10314.0,139.0
2021-01-05 09:39:20.221,0.5047,0.5057,20.0,0.5038,10.0,10314.0,139.0
2021-01-05 09:39:20.741,0.5047,0.5057,20.0,0.5039,13.0,10314.0,139.0
2021-01-05 09:39:21.231,0.5047,0.5057,20.0,0.5039,13.0,10314.0,139.0
2021-01-05 09:39:21.671,0.5047,0.5057,20.0,0.5041,14.0,10314.0,139.0
2021-01-05 09:39:22.211,0.5047,0.5059,1.0,0.5041,14.0,10314.0,139.0
2021-01-05 09:39:22.651,0.5047,0.5059,1.0,0.5042,10.0,10314.0,139.0
2021-01-05 09:39:23.200,0.5047,0.506,10.0,0.5043,13.0,10314.0,139.0
2021-01-05 09:39:24.151,0.5047,0.5063,30.0,0.5044,10.0,10314.0,139.0
2021-01-05 09:39:25.210,0.5047,0.5062,13.0,0.5045,13.0,10314.0,139.0
2021-01-05 09:39:25.690,0.5047,0.5062,13.0,0.5046,10.0,10314.0,139.0
2021-01-05 09:39:26.130,0.5047,0.5062,13.0,0.5045,10.0,10314.0,139.0
2021-01-05 09:39:26.681,0.5047,0.5062,13.0,0.5046,13.0,10314.0,139.0
2021-01-05 09:39:27.210,0.5047,0.5061,10.0,0.5046,13.0,10314.0,139.0
2021-01-05 09:39:27.711,0.5047,0.5062,10.0,0.5046,13.0,10314.0,139.0
2021-01-05 09:39:28.220,0.5047,0.5061,23.0,0.5046,13.0,10314.0,139.0
2021-01-05 09:39:29.231,0.5043,0.5043,7.0,0.5041,14.0,10337.0,162.0
2021-01-05 09:39:29.721,0.5043,0.5043,3.0,0.5041,14.0,10337.0,166.0
2021-01-05 09:39:30.220,0.5043,0.5043,3.0,0.5034,14.0,10337.0,166.0
2021-01-05 09:39:30.721,0.5043,0.5061,24.0,0.5034,14.0,10337.0,169.0
2021-01-05 09:39:31.121,0.5043,0.5061,24.0,0.5034,14.0,10337.0,169.0
2021-01-05 09:39:31.690,0.5043,0.506,1.0,0.5034,14.0,10337.0,169.0
2021-01-05 09:39:32.141,0.5043,0.5059,13.0,0.5034,14.0,10337.0,169.0
2021-01-05 09:39:32.700,0.5043,0.5059,13.0,0.5035,10.0,10337.0,169.0
2021-01-05 09:39:33.180,0.5043,0.5059,13.0,0.5036,13.0,10337.0,169.0
2021-01-05 09:39:33.530,0.5043,0.5059,13.0,0.5036,13.0,10337.0,169.0
2021-01-05 09:39:34.210,0.5043,0.5058,10.0,0.5036,13.0,10337.0,169.0
2021-01-05 09:39:34.681,0.5043,0.5059,10.0,0.5036,13.0,10337.0,169.0
2021-01-05 09:39:35.171,0.5043,0.5058,13.0,0.5036,13.0,10337.0,169.0
2021-01-05 09:39:35.701,0.5043,0.5057,10.0,0.5036,13.0,10337.0,169.0
2021-01-05 09:39:36.231,0.5043,0.5057,20.0,0.5037,10.0,10337.0,169.0
2021-01-05 09:39:36.660,0.5043,0.5056,13.0,0.5035,10.0,10337.0,169.0
2021-01-05 09:39:37.221,0.5043,0.5056,23.0,0.5036,13.0,10337.0,169.0
2021-01-05 09:39:37.730,0.5043,0.5056,23.0,0.5036,13.0,10337.0,169.0
2021-01-05 09:39:39.241,0.5043,0.5056,23.0,0.5036,23.0,10337.0,169.0
2021-01-05 09:39:39.751,0.5043,0.5056,23.0,0.5036,23.0,10337.0,169.0
2021-01-05 09:39:41.220,0.5043,0.5055,14.0,0.5036,13.0,10337.0,169.0
2021-01-05 09:39:41.750,0.5043,0.5055,14.0,0.5037,10.0,10337.0,169.0
2021-01-05 09:39:42.210,0.5043,0.5054,10.0,0.5032,10.0,10337.0,169.0
2021-01-05 09:39:42.740,0.5043,0.5053,13.0,0.5033,13.0,10337.0,169.0
2021-01-05 09:39:43.191,0.5043,0.5053,13.0,0.5028,24.0,10337.0,169.0
2021-01-05 09:39:43.660,0.5043,0.503,30.0,0.5028,14.0,10337.0,169.0
2021-01-05 09:39:44.231,0.503,0.503,20.0,0.5028,14.0,10347.0,179.0
2021-01-05 09:39:44.640,0.503,0.503,9.0,0.5028,14.0,10358.0,190.0
2021-01-05 09:39:45.251,0.503,0.5034,30.0,0.503,8.0,10367.0,199.0
2021-01-05 09:39:45.750,0.5034,0.5034,20.0,0.5031,13.0,10377.0,209.0
2021-01-05 09:39:46.190,0.5034,0.5053,10.0,0.5031,13.0,10397.0,229.0
2021-01-05 09:39:46.691,0.5034,0.5052,13.0,0.5031,13.0,10397.0,229.0
2021-01-05 09:39:48.720,0.5034,0.5051,10.0,0.5031,13.0,10397.0,229.0
2021-01-05 09:39:49.241,0.5034,0.5051,10.0,0.5031,13.0,10397.0,229.0
2021-01-05 09:39:49.711,0.5034,0.505,13.0,0.5031,13.0,10397.0,229.0
2021-01-05 09:39:50.121,0.5034,0.505,13.0,0.5031,13.0,10397.0,229.0
2021-01-05 09:39:50.710,0.5034,0.5051,10.0,0.5031,13.0,10397.0,229.0
2021-01-05 09:39:51.241,0.5034,0.5055,10.0,0.5036,14.0,10397.0,229.0
2021-01-05 09:39:51.730,0.5034,0.5056,10.0,0.5037,10.0,10397.0,229.0
2021-01-05 09:39:52.251,0.5034,0.5056,10.0,0.5038,13.0,10397.0,229.0
2021-01-05 09:39:52.670,0.5034,0.5055,13.0,0.5038,13.0,10397.0,229.0
2021-01-05 09:39:53.181,0.5034,0.5055,13.0,0.5038,13.0,10397.0,229.0
2021-01-05 09:39:53.630,0.5034,0.5051,10.0,0.5031,30.0,10397.0,229.0
2021-01-05 09:39:54.191,0.5034,0.5051,10.0,0.5034,10.0,10397.0,229.0
2021-01-05 09:39:54.691,0.5034,0.505,10.0,0.5034,10.0,10397.0,229.0
2021-01-05 09:39:55.181,0.5034,0.5054,10.0,0.5036,14.0,10397.0,229.0
2021-01-05 09:39:55.640,0.5034,0.506,10.0,0.5036,14.0,10397.0,229.0
2021-01-05 09:39:56.120,0.5034,0.5059,13.0,0.5036,14.0,10397.0,229.0
2021-01-05 09:39:56.691,0.5034,0.5054,10.0,0.5036,14.0,10397.0,229.0
2021-01-05 09:39:57.181,0.5034,0.5052,10.0,0.5036,14.0,10397.0,229.0
2021-01-05 09:39:58.170,0.5034,0.5052,10.0,0.5032,10.0,10397.0,229.0
2021-01-05 09:39:58.600,0.5034,0.5051,13.0,0.5033,13.0,10397.0,229.0
2021-01-05 09:39:59.061,0.5034,0.505,10.0,0.5033,23.0,10397.0,229.0
2021-01-05 09:39:59.670,0.5034,0.505,10.0,0.5033,23.0,10397.0,229.0
2021-01-05 09:40:00.610,0.5034,0.5049,13.0,0.5033,23.0,10397.0,229.0
2021-01-05 09:40:01.201,0.5034,0.5049,13.0,0.5033,13.0,10397.0,229.0
2021-01-05 09:40:01.570,0.5034,0.5043,10.0,0.5029,10.0,10397.0,229.0
2021-01-05 09:40:02.200,0.5034,0.5043,10.0,0.5029,10.0,10397.0,229.0
2021-01-05 09:40:02.671,0.5034,0.5037,10.0,0.5024,10.0,10397.0,229.0
2021-01-05 09:40:03.171,0.5034,0.5037,10.0,0.5024,10.0,10397.0,229.0
2021-01-05 09:40:03.691,0.5034,0.5046,14.0,0.5026,10.0,10397.0,229.0
2021-01-05 09:40:04.160,0.5034,0.5046,14.0,0.5028,10.0,10397.0,229.0
2021-01-05 09:40:04.700,0.5034,0.5045,10.0,0.5035,1.0,10397.0,229.0
2021-01-05 09:40:05.170,0.5035,0.5044,13.0,0.5025,10.0,10398.0,230.0
2021-01-05 09:40:05.701,0.5035,0.5043,10.0,0.5026,13.0,10398.0,230.0
2021-01-05 09:40:06.200,0.5035,0.5044,10.0,0.5025,10.0,10398.0,230.0
2021-01-05 09:40:06.600,0.5035,0.5043,13.0,0.5025,13.0,10398.0,230.0
2021-01-05 09:40:07.700,0.5035,0.5043,13.0,0.5024,30.0,10398.0,230.0
2021-01-05 09:40:08.200,0.5035,0.5032,30.0,0.5024,20.0,10398.0,230.0
2021-01-05 09:40:08.690,0.5035,0.5032,30.0,0.5019,10.0,10398.0,230.0
2021-01-05 09:40:09.191,0.5035,0.5032,30.0,0.502,23.0,10398.0,230.0
2021-01-05 09:40:10.150,0.5035,0.5032,30.0,0.502,23.0,10398.0,230.0
2021-01-05 09:40:10.680,0.5035,0.5032,30.0,0.502,23.0,10398.0,230.0
2021-01-05 09:40:11.671,0.5035,0.5032,30.0,0.502,10.0,10398.0,230.0
2021-01-05 09:40:12.190,0.5035,0.5032,30.0,0.502,10.0,10398.0,230.0
2021-01-05 09:40:12.680,0.5035,0.5031,10.0,0.5018,20.0,10398.0,230.0
2021-01-05 09:40:13.170,0.5035,0.5032,30.0,0.5019,13.0,10398.0,230.0
2021-01-05 09:40:13.431,0.5035,0.5031,10.0,0.5012,30.0,10398.0,230.0
2021-01-05 09:40:14.150,0.5035,0.503,13.0,0.5013,13.0,10398.0,230.0
2021-01-05 09:40:15.690,0.5035,0.5027,10.0,0.5014,10.0,10398.0,230.0
2021-01-05 09:40:16.140,0.5035,0.5027,10.0,0.5014,10.0,10398.0,230.0
2021-01-05 09:40:16.610,0.5035,0.5027,10.0,0.5015,13.0,10398.0,230.0
2021-01-05 09:40:17.191,0.5035,0.5027,10.0,0.5013,10.0,10398.0,230.0
2021-01-05 09:40:17.661,0.5035,0.5026,10.0,0.5009,10.0,10398.0,230.0
2021-01-05 09:40:18.120,0.5035,0.5026,13.0,0.501,13.0,10398.0,230.0
2021-01-05 09:40:18.701,0.5035,0.5026,10.0,0.501,13.0,10398.0,230.0
2021-01-05 09:40:19.190,0.5035,0.5025,13.0,0.501,13.0,10398.0,230.0
2021-01-05 09:40:19.711,0.5035,0.5027,10.0,0.5011,10.0,10398.0,230.0
2021-01-05 09:40:20.191,0.501,0.5007,20.0,0.5006,34.0,10408.0,240.0
2021-01-05 09:40:20.691,0.5007,0.5034,10.0,0.5013,14.0,10426.0,260.0
2021-01-05 09:40:21.200,0.5034,0.5033,13.0,0.5013,13.0,10426.0,262.0
2021-01-05 09:40:21.701,0.5034,0.5034,9.0,0.5013,33.0,10426.0,262.0
2021-01-05 09:40:22.210,0.5034,0.5032,10.0,0.5013,33.0,10426.0,262.0
2021-01-05 09:40:22.210,0.5034,0.5034,10.0,0.5013,33.0,10426.0,262.0
2021-01-05 09:40:25.570,0.5034,0.5035,10.0,0.5013,33.0,10426.0,262.0
2021-01-05 09:40:26.181,0.5034,0.5033,10.0,0.5014,10.0,10426.0,262.0
2021-01-05 09:40:26.650,0.5034,0.5036,10.0,0.5015,13.0,10426.0,262.0
2021-01-05 09:40:27.140,0.5034,0.5037,10.0,0.5015,23.0,10426.0,262.0
2021-01-05 09:40:27.701,0.5034,0.504,10.0,0.502,14.0,10426.0,262.0
2021-01-05 09:40:28.110,0.5034,0.5037,10.0,0.502,14.0,10426.0,262.0
2021-01-05 09:40:28.690,0.5034,0.5038,10.0,0.502,34.0,10426.0,262.0
2021-01-05 09:40:29.170,0.5034,0.5037,10.0,0.502,14.0,10426.0,262.0
2021-01-05 09:40:30.150,0.5034,0.5039,10.0,0.502,34.0,10426.0,262.0
2021-01-05 09:40:30.700,0.5034,0.5039,23.0,0.502,34.0,10426.0,262.0
2021-01-05 09:40:32.140,0.5034,0.5039,10.0,0.502,34.0,10426.0,262.0
2021-01-05 09:40:32.611,0.5034,0.5038,13.0,0.5021,10.0,10426.0,262.0
2021-01-05 09:40:33.161,0.5034,0.5038,13.0,0.5022,13.0,10426.0,262.0
2021-01-05 09:40:33.531,0.5034,0.5038,13.0,0.5018,10.0,10426.0,262.0
2021-01-05 09:40:34.171,0.5034,0.5038,13.0,0.5019,13.0,10426.0,262.0
2021-01-05 09:40:35.201,0.5034,0.5037,10.0,0.502,10.0,10426.0,262.0
2021-01-05 09:40:35.681,0.5034,0.5037,10.0,0.502,10.0,10426.0,262.0
2021-01-05 09:40:36.161,0.5034,0.5037,10.0,0.5021,13.0,10426.0,262.0
2021-01-05 09:40:36.620,0.5034,0.5042,24.0,0.5021,13.0,10426.0,262.0
2021-01-05 09:40:37.201,0.5034,0.5042,24.0,0.5021,13.0,10426.0,262.0
2021-01-05 09:40:37.700,0.5034,0.5044,10.0,0.5022,10.0,10426.0,262.0
2021-01-05 09:40:38.130,0.5034,0.5041,10.0,0.5021,10.0,10426.0,262.0
2021-01-05 09:40:38.651,0.5034,0.5041,10.0,0.5022,13.0,10426.0,262.0
2021-01-05 09:40:39.041,0.5034,0.504,13.0,0.5022,13.0,10426.0,262.0
2021-01-05 09:40:39.681,0.5034,0.504,13.0,0.5022,13.0,10426.0,262.0
2021-01-05 09:40:40.061,0.5034,0.504,13.0,0.5022,13.0,10426.0,262.0
2021-01-05 09:40:40.670,0.5034,0.5042,10.0,0.5021,10.0,10426.0,262.0
2021-01-05 09:40:41.191,0.5034,0.5041,13.0,0.5022,13.0,10426.0,262.0
2021-01-05 09:40:41.640,0.5034,0.5041,13.0,0.5019,10.0,10426.0,262.0
2021-01-05 09:40:42.180,0.5034,0.5041,13.0,0.5021,10.0,10426.0,262.0
2021-01-05 09:40:43.191,0.5034,0.5041,13.0,0.5021,10.0,10426.0,262.0
2021-01-05 09:40:43.621,0.5034,0.5041,13.0,0.5022,13.0,10426.0,262.0
2021-01-05 09:40:44.161,0.5034,0.5041,13.0,0.5022,13.0,10426.0,262.0
2021-01-05 09:40:44.620,0.5034,0.5041,13.0,0.5022,13.0,10426.0,262.0
2021-01-05 09:40:48.700,0.5034,0.504,20.0,0.5019,10.0,10426.0,262.0
2021-01-05 09:40:49.111,0.5034,0.5041,10.0,0.5023,10.0,10426.0,262.0
2021-01-05 09:40:49.111,0.5034,0.504,13.0,0.5023,10.0,10426.0,262.0
2021-01-05 09:40:50.181,0.5034,0.504,13.0,0.5021,10.0,10426.0,262.0
2021-01-05 09:40:50.671,0.5034,0.5039,10.0,0.5022,23.0,10426.0,262.0
2021-01-05 09:40:51.021,0.5034,0.504,30.0,0.5023,10.0,10426.0,262.0
2021-01-05 09:40:51.601,0.5034,0.5038,10.0,0.5021,10.0,10426.0,262.0
2021-01-05 09:40:52.650,0.5034,0.5037,13.0,0.5021,23.0,10426.0,262.0
2021-01-05 09:40:53.140,0.5034,0.5037,13.0,0.5021,10.0,10426.0,262.0
2021-01-05 09:40:53.651,0.5034,0.5037,13.0,0.5021,13.0,10426.0,262.0
2021-01-05 09:40:54.141,0.5034,0.5036,10.0,0.5021,10.0,10426.0,262.0
2021-01-05 09:40:54.521,0.5034,0.5037,10.0,0.5021,13.0,10426.0,262.0
2021-01-05 09:40:55.111,0.5034,0.5036,13.0,0.5022,10.0,10426.0,262.0
2021-01-05 09:40:55.620,0.5034,0.5036,13.0,0.5023,13.0,10426.0,262.0
2021-01-05 09:40:56.021,0.5034,0.5036,10.0,0.5023,13.0,10426.0,262.0
2021-01-05 09:40:56.600,0.5034,0.5041,10.0,0.5024,10.0,10426.0,262.0
2021-01-05 09:40:57.180,0.5034,0.504,13.0,0.5023,10.0,10426.0,262.0
2021-01-05 09:40:57.560,0.5034,0.504,23.0,0.5025,10.0,10426.0,262.0
2021-01-05 09:40:58.200,0.5034,0.504,23.0,0.5025,10.0,10426.0,262.0
2021-01-05 09:40:58.721,0.5034,0.504,13.0,0.5026,13.0,10426.0,262.0
2021-01-05 09:40:58.980,0.5034,0.504,13.0,0.5026,13.0,10426.0,262.0
2021-01-05 09:40:59.650,0.5034,0.504,23.0,0.5024,10.0,10426.0,262.0
2021-01-05 09:41:00.150,0.5034,0.504,23.0,0.5025,13.0,10426.0,262.0
2021-01-05 09:41:00.571,0.5034,0.504,23.0,0.5025,13.0,10426.0,262.0
2021-01-05 09:41:01.041,0.5034,0.504,13.0,0.5025,13.0,10426.0,262.0
2021-01-05 09:41:01.650,0.5034,0.504,23.0,0.5025,13.0,10426.0,262.0
2021-01-05 09:41:02.190,0.5034,0.504,13.0,0.5025,13.0,10426.0,262.0
2021-01-05 09:41:02.661,0.5034,0.504,13.0,0.5026,10.0,10426.0,262.0
2021-01-05 09:41:03.110,0.5034,0.5038,3.0,0.5025,10.0,10426.0,262.0
2021-01-05 09:41:03.721,0.5034,0.5038,3.0,0.5026,13.0,10426.0,262.0
2021-01-05 09:41:04.180,0.5034,0.5038,3.0,0.5026,13.0,10426.0,262.0
2021-01-05 09:41:04.680,0.5034,0.5038,3.0,0.5026,13.0,10426.0,262.0
2021-01-05 09:41:05.220,0.5034,0.5038,3.0,0.5027,10.0,10426.0,262.0
2021-01-05 09:41:05.660,0.5034,0.5038,3.0,0.5026,10.0,10426.0,262.0
2021-01-05 09:41:06.180,0.5034,0.5038,6.0,0.5028,10.0,10426.0,262.0
2021-01-05 09:41:06.620,0.5034,0.5038,6.0,0.5028,10.0,10426.0,262.0
2021-01-05 09:41:07.100,0.5034,0.5038,6.0,0.5029,13.0,10426.0,262.0
2021-01-05 09:41:07.611,0.5034,0.5038,6.0,0.5029,13.0,10426.0,262.0
2021-01-05 09:41:08.201,0.5034,0.5038,6.0,0.5029,13.0,10426.0,262.0
2021-01-05 09:41:08.651,0.5034,0.5038,6.0,0.5029,13.0,10426.0,262.0
2021-01-05 09:41:09.650,0.5034,0.5038,6.0,0.5029,13.0,10426.0,262.0
2021-01-05 09:41:10.220,0.5034,0.5038,6.0,0.5029,13.0,10426.0,262.0
2021-01-05 09:41:10.710,0.5029,0.5038,6.0,0.5029,10.0,10429.0,265.0
2021-01-05 09:41:11.210,0.5038,0.5038,1.0,0.503,10.0,10434.0,270.0
2021-01-05 09:41:11.711,0.5038,0.5038,1.0,0.5029,10.0,10434.0,270.0
2021-01-05 09:41:12.151,0.5038,0.5038,1.0,0.5031,10.0,10434.0,270.0
2021-01-05 09:41:12.710,0.5038,0.5038,1.0,0.503,10.0,10434.0,270.0
2021-01-05 09:41:12.710,0.5038,0.5038,1.0,0.5031,13.0,10434.0,270.0
2021-01-05 09:41:13.711,0.5038,0.5042,4.0,0.5029,10.0,10435.0,271.0
2021-01-05 09:41:14.160,0.5038,0.5042,4.0,0.5032,10.0,10435.0,271.0
2021-01-05 09:41:14.671,0.5038,0.5042,4.0,0.5029,10.0,10435.0,271.0
2021-01-05 09:41:15.180,0.5038,0.5041,10.0,0.5026,24.0,10435.0,271.0
2021-01-05 09:41:15.601,0.5038,0.5041,23.0,0.5026,24.0,10435.0,271.0
2021-01-05 09:41:16.210,0.5038,0.5041,10.0,0.5026,10.0,10435.0,271.0
2021-01-05 09:41:16.500,0.5038,0.504,13.0,0.5027,13.0,10435.0,271.0
2021-01-05 09:41:17.180,0.5038,0.5041,10.0,0.5027,13.0,10435.0,271.0
2021-01-05 09:41:18.200,0.5038,0.5042,14.0,0.5027,23.0,10435.0,271.0
2021-01-05 09:41:18.600,0.5038,0.5042,4.0,0.5027,23.0,10435.0,271.0
2021-01-05 09:41:19.161,0.5038,0.5042,17.0,0.5027,23.0,10435.0,271.0
2021-01-05 09:41:19.570,0.5038,0.5042,4.0,0.5027,23.0,10435.0,271.0
2021-01-05 09:41:20.070,0.5038,0.5041,13.0,0.5027,23.0,10435.0,271.0
2021-01-05 09:41:21.190,0.5038,0.5041,13.0,0.5027,23.0,10435.0,271.0
2021-01-05 09:41:22.190,0.5038,0.5042,1.0,0.5027,23.0,10435.0,271.0
2021-01-05 09:41:22.600,0.5038,0.5042,1.0,0.5027,23.0,10435.0,271.0
2021-01-05 09:41:23.061,0.5038,0.5042,1.0,0.5027,23.0,10435.0,271.0
2021-01-05 09:41:24.150,0.5038,0.5042,14.0,0.5027,23.0,10435.0,271.0
2021-01-05 09:41:24.651,0.5038,0.5042,14.0,0.5027,23.0,10435.0,271.0
2021-01-05 09:41:25.120,0.5038,0.5042,1.0,0.5027,43.0,10435.0,271.0
2021-01-05 09:41:26.190,0.5038,0.5042,1.0,0.5027,43.0,10435.0,271.0
2021-01-05 09:41:27.131,0.5038,0.5042,1.0,0.5031,14.0,10435.0,271.0
2021-01-05 09:41:27.710,0.5042,0.5049,6.0,0.5031,14.0,10434.0,272.0
2021-01-05 09:41:28.171,0.5042,0.5049,6.0,0.5031,14.0,10434.0,272.0
2021-01-05 09:41:28.540,0.5042,0.5048,13.0,0.5032,10.0,10434.0,272.0
2021-01-05 09:41:29.070,0.5042,0.5048,13.0,0.5033,13.0,10434.0,272.0
2021-01-05 09:41:30.180,0.5042,0.5049,6.0,0.5034,10.0,10434.0,272.0
2021-01-05 09:41:30.711,0.5042,0.5049,6.0,0.5033,30.0,10434.0,272.0
2021-01-05 09:41:31.181,0.5042,0.5048,13.0,0.5035,10.0,10434.0,272.0
2021-01-05 09:41:31.700,0.5042,0.5049,6.0,0.5034,10.0,10434.0,272.0
2021-01-05 09:41:32.220,0.5042,0.5049,3.0,0.5035,13.0,10434.0,272.0
2021-01-05 09:41:32.670,0.5042,0.5048,23.0,0.5035,13.0,10434.0,272.0
2021-01-05 09:41:33.171,0.5042,0.5048,13.0,0.5035,23.0,10434.0,272.0
2021-01-05 09:41:33.680,0.5042,0.5048,13.0,0.5035,13.0,10434.0,272.0
2021-01-05 09:41:34.120,0.5042,0.5048,13.0,0.5033,10.0,10434.0,272.0
2021-01-05 09:41:34.720,0.5042,0.5048,13.0,0.5034,13.0,10434.0,272.0
2021-01-05 09:41:35.221,0.5042,0.5048,13.0,0.5034,13.0,10434.0,272.0
2021-01-05 09:41:35.721,0.5042,0.5049,3.0,0.5035,10.0,10434.0,272.0
2021-01-05 09:41:36.070,0.5042,0.5049,3.0,0.5035,14.0,10434.0,272.0
2021-01-05 09:41:36.720,0.5042,0.5049,3.0,0.5035,14.0,10434.0,272.0
2021-01-05 09:41:37.210,0.5042,0.5049,3.0,0.5035,14.0,10434.0,272.0
2021-01-05 09:41:37.711,0.5042,0.5052,3.0,0.5035,14.0,10434.0,272.0
2021-01-05 09:41:38.160,0.5042,0.5052,3.0,0.5036,10.0,10434.0,272.0
2021-01-05 09:41:38.650,0.5042,0.5052,3.0,0.5037,13.0,10434.0,272.0
2021-01-05 09:41:40.231,0.5042,0.506,10.0,0.5037,13.0,10434.0,272.0
2021-01-05 09:41:40.721,0.5042,0.5059,13.0,0.5037,13.0,10434.0,272.0
2021-01-05 09:41:41.130,0.5042,0.5055,10.0,0.5038,10.0,10434.0,272.0
2021-01-05 09:41:41.630,0.5042,0.5056,10.0,0.5037,10.0,10434.0,272.0
2021-01-05 09:41:41.801,0.5042,0.5055,13.0,0.5038,13.0,10434.0,272.0
2021-01-05 09:41:42.690,0.5042,0.5051,10.0,0.5037,10.0,10434.0,272.0
2021-01-05 09:41:43.080,0.5042,0.5051,10.0,0.5037,10.0,10434.0,272.0
2021-01-05 09:41:43.720,0.5042,0.505,13.0,0.5037,10.0,10434.0,272.0
2021-01-05 09:41:44.671,0.5042,0.505,13.0,0.5039,10.0,10434.0,272.0
2021-01-05 09:41:45.190,0.5042,0.5051,10.0,0.5038,10.0,10434.0,272.0
2021-01-05 09:41:45.701,0.5042,0.505,13.0,0.5039,10.0,10434.0,272.0
2021-01-05 09:41:46.241,0.5042,0.5051,10.0,0.5039,10.0,10434.0,272.0
2021-01-05 09:41:46.661,0.5042,0.505,13.0,0.5038,10.0,10434.0,272.0
2021-01-05 09:41:47.201,0.5042,0.5053,3.0,0.504,10.0,10434.0,272.0
2021-01-05 09:41:47.741,0.5042,0.5053,3.0,0.504,10.0,10434.0,272.0
2021-01-05 09:41:48.181,0.5042,0.5053,3.0,0.5041,13.0,10434.0,272.0
2021-01-05 09:41:49.191,0.5042,0.5053,3.0,0.5041,13.0,10434.0,272.0
2021-01-05 09:41:49.750,0.5042,0.5053,3.0,0.5042,10.0,10434.0,272.0
2021-01-05 09:41:50.231,0.5053,0.507,24.0,0.5044,14.0,10437.0,275.0
2021-01-05 09:41:50.751,0.5053,0.507,24.0,0.5044,14.0,10437.0,275.0
2021-01-05 09:41:51.251,0.5053,0.5065,10.0,0.5044,14.0,10437.0,275.0
2021-01-05 09:41:51.760,0.5053,0.5064,13.0,0.5045,10.0,10437.0,275.0
2021-01-05 09:41:52.261,0.5053,0.5064,13.0,0.5046,13.0,10437.0,275.0
2021-01-05 09:41:52.690,0.5053,0.507,14.0,0.5046,13.0,10437.0,275.0
2021-01-05 09:41:53.201,0.5053,0.507,14.0,0.5047,10.0,10437.0,275.0
2021-01-05 09:41:54.161,0.5053,0.507,14.0,0.5048,13.0,10437.0,275.0
2021-01-05 09:41:55.160,0.5053,0.5073,3.0,0.505,14.0,10437.0,275.0
2021-01-05 09:41:55.671,0.5053,0.5072,13.0,0.5051,10.0,10437.0,275.0
2021-01-05 09:41:56.151,0.5053,0.5071,10.0,0.5052,13.0,10437.0,275.0
2021-01-05 09:41:56.670,0.5053,0.5065,10.0,0.5052,13.0,10437.0,275.0
2021-01-05 09:41:57.110,0.5053,0.5073,13.0,0.5052,13.0,10437.0,275.0
2021-01-05 09:41:57.640,0.5053,0.5068,10.0,0.5053,10.0,10437.0,275.0
2021-01-05 09:41:58.140,0.5053,0.5068,10.0,0.5052,10.0,10437.0,275.0
2021-01-05 09:41:58.660,0.5053,0.5067,13.0,0.5053,13.0,10437.0,275.0
2021-01-05 09:41:59.131,0.5053,0.5067,13.0,0.5053,13.0,10437.0,275.0
2021-01-05 09:41:59.700,0.5053,0.5067,13.0,0.5053,13.0,10437.0,275.0
2021-01-05 09:42:00.151,0.5053,0.5067,13.0,0.5053,13.0,10437.0,275.0
2021-01-05 09:42:00.701,0.5053,0.5072,10.0,0.5054,10.0,10437.0,275.0
2021-01-05 09:42:01.181,0.5053,0.5071,13.0,0.5054,10.0,10437.0,275.0
2021-01-05 09:42:01.651,0.5053,0.5071,13.0,0.5055,13.0,10437.0,275.0
2021-01-05 09:42:02.201,0.5053,0.5071,13.0,0.5055,13.0,10437.0,275.0
2021-01-05 09:42:02.641,0.5053,0.5071,13.0,0.5055,13.0,10437.0,275.0
2021-01-05 09:42:03.161,0.5053,0.5071,13.0,0.5055,13.0,10437.0,275.0
2021-01-05 09:42:03.690,0.5053,0.5071,13.0,0.5056,10.0,10437.0,275.0
2021-01-05 09:42:04.110,0.5053,0.5071,13.0,0.5055,10.0,10437.0,275.0
2021-01-05 09:42:04.641,0.5053,0.5071,13.0,0.5055,10.0,10437.0,275.0
2021-01-05 09:42:05.211,0.5053,0.5071,13.0,0.5055,10.0,10437.0,275.0
2021-01-05 09:42:05.711,0.5053,0.5071,13.0,0.5056,13.0,10437.0,275.0
2021-01-05 09:42:06.181,0.5053,0.5071,13.0,0.5056,13.0,10437.0,275.0
2021-01-05 09:42:06.690,0.5053,0.5071,13.0,0.5057,10.0,10437.0,275.0
2021-01-05 09:42:07.230,0.5053,0.5071,13.0,0.5056,10.0,10437.0,275.0
2021-01-05 09:42:07.691,0.5053,0.5071,13.0,0.5057,13.0,10437.0,275.0
2021-01-05 09:42:08.220,0.5053,0.5071,13.0,0.5056,10.0,10437.0,275.0
2021-01-05 09:42:09.230,0.5053,0.5071,13.0,0.5057,13.0,10437.0,275.0
2021-01-05 09:42:10.200,0.5053,0.5071,13.0,0.5058,10.0,10437.0,275.0
2021-01-05 09:42:10.681,0.5053,0.5073,3.0,0.5058,10.0,10437.0,275.0
2021-01-05 09:42:11.211,0.5053,0.5073,3.0,0.5059,13.0,10437.0,275.0
2021-01-05 09:42:11.651,0.5053,0.5073,3.0,0.506,10.0,10437.0,275.0
2021-01-05 09:42:12.210,0.5053,0.508,10.0,0.5059,10.0,10437.0,275.0
2021-01-05 09:42:12.721,0.5053,0.5079,13.0,0.506,13.0,10437.0,275.0
2021-01-05 09:42:13.211,0.5053,0.5079,13.0,0.5061,10.0,10437.0,275.0
2021-01-05 09:42:13.731,0.5053,0.5079,13.0,0.5061,10.0,10437.0,275.0
2021-01-05 09:42:14.150,0.5053,0.5079,13.0,0.5062,13.0,10437.0,275.0
2021-01-05 09:42:15.151,0.5053,0.5078,10.0,0.506,10.0,10437.0,275.0
2021-01-05 09:42:15.650,0.5053,0.5078,10.0,0.5061,13.0,10437.0,275.0
2021-01-05 09:42:16.181,0.5053,0.5077,13.0,0.5061,13.0,10437.0,275.0
2021-01-05 09:42:16.701,0.5053,0.5077,13.0,0.5061,13.0,10437.0,275.0
2021-01-05 09:42:17.241,0.5053,0.5077,13.0,0.5061,13.0,10437.0,275.0
2021-01-05 09:42:17.681,0.5053,0.5077,13.0,0.5062,10.0,10437.0,275.0
2021-01-05 09:42:18.100,0.5053,0.5077,13.0,0.5061,10.0,10437.0,275.0
2021-01-05 09:42:18.701,0.5053,0.5077,13.0,0.5061,23.0,10437.0,275.0
2021-01-05 09:42:19.210,0.5053,0.5072,10.0,0.5061,10.0,10437.0,275.0
2021-01-05 09:42:19.721,0.5053,0.5072,10.0,0.5061,10.0,10437.0,275.0
2021-01-05 09:42:20.150,0.5053,0.5071,13.0,0.5061,10.0,10437.0,275.0
2021-01-05 09:42:20.720,0.5053,0.5072,10.0,0.5061,10.0,10437.0,275.0
2021-01-05 09:42:21.231,0.5053,0.5072,10.0,0.5061,23.0,10437.0,275.0
2021-01-05 09:42:21.621,0.5053,0.5072,10.0,0.5061,23.0,10437.0,275.0
2021-01-05 09:42:22.221,0.5053,0.5072,10.0,0.5061,10.0,10437.0,275.0
2021-01-05 09:42:22.570,0.5053,0.5072,10.0,0.5062,13.0,10437.0,275.0
2021-01-05 09:42:23.631,0.5053,0.5075,10.0,0.5063,10.0,10437.0,275.0
2021-01-05 09:42:24.151,0.5053,0.5079,10.0,0.5062,10.0,10437.0,275.0
2021-01-05 09:42:24.670,0.5053,0.5078,13.0,0.5063,13.0,10437.0,275.0
2021-01-05 09:42:25.621,0.5053,0.5078,13.0,0.5063,13.0,10437.0,275.0
2021-01-05 09:42:26.130,0.5053,0.5078,13.0,0.5064,10.0,10437.0,275.0
2021-01-05 09:42:26.701,0.5053,0.5078,13.0,0.5064,10.0,10437.0,275.0
2021-01-05 09:42:27.171,0.5053,0.5078,13.0,0.5065,13.0,10437.0,275.0
2021-01-05 09:42:29.720,0.5053,0.5078,13.0,0.5065,13.0,10437.0,275.0
2021-01-05 09:42:30.710,0.5053,0.5078,13.0,0.5066,10.0,10437.0,275.0
2021-01-05 09:42:31.200,0.5053,0.5082,14.0,0.5065,10.0,10437.0,275.0
2021-01-05 09:42:31.720,0.5053,0.5084,10.0,0.5066,13.0,10437.0,275.0
2021-01-05 09:42:32.131,0.5053,0.5083,13.0,0.5066,13.0,10437.0,275.0
2021-01-05 09:42:33.230,0.5053,0.5083,13.0,0.5066,13.0,10437.0,275.0
2021-01-05 09:42:33.720,0.5053,0.5083,13.0,0.5066,13.0,10437.0,275.0
2021-01-05 09:42:34.210,0.5053,0.5083,13.0,0.5066,13.0,10437.0,275.0
2021-01-05 09:42:35.701,0.5053,0.5083,13.0,0.5066,13.0,10437.0,275.0
2021-01-05 09:42:36.650,0.5053,0.508,10.0,0.5067,10.0,10437.0,275.0
2021-01-05 09:42:37.251,0.5053,0.508,10.0,0.5066,10.0,10437.0,275.0
2021-01-05 09:42:37.751,0.5053,0.5079,13.0,0.5067,13.0,10437.0,275.0
2021-01-05 09:42:38.200,0.5053,0.508,10.0,0.5066,10.0,10437.0,275.0
2021-01-05 09:42:38.661,0.5053,0.5079,13.0,0.5067,13.0,10437.0,275.0
2021-01-05 09:42:40.221,0.5053,0.5079,13.0,0.5068,10.0,10437.0,275.0
2021-01-05 09:42:40.721,0.5053,0.5079,13.0,0.5068,10.0,10437.0,275.0
2021-01-05 09:42:41.161,0.5053,0.5084,10.0,0.5069,13.0,10437.0,275.0
2021-01-05 09:42:41.731,0.5053,0.5083,13.0,0.5069,13.0,10437.0,275.0
2021-01-05 09:42:42.250,0.5053,0.5083,13.0,0.5069,13.0,10437.0,275.0
2021-01-05 09:42:42.711,0.5053,0.5083,13.0,0.5069,13.0,10437.0,275.0
2021-01-05 09:42:43.251,0.5053,0.5083,13.0,0.507,10.0,10437.0,275.0
2021-01-05 09:42:43.741,0.5053,0.5083,13.0,0.5069,10.0,10437.0,275.0
2021-01-05 09:42:44.211,0.5053,0.5083,13.0,0.5069,10.0,10437.0,275.0
2021-01-05 09:42:44.751,0.5053,0.5083,13.0,0.507,13.0,10437.0,275.0
2021-01-05 09:42:45.191,0.5053,0.5083,13.0,0.507,13.0,10437.0,275.0
2021-01-05 09:42:46.240,0.5053,0.5087,14.0,0.507,13.0,10437.0,275.0
2021-01-05 09:42:46.741,0.5053,0.5087,14.0,0.507,13.0,10437.0,275.0
2021-01-05 09:42:47.160,0.5053,0.5087,14.0,0.507,13.0,10437.0,275.0
2021-01-05 09:42:48.171,0.5053,0.5091,10.0,0.5071,10.0,10437.0,275.0
2021-01-05 09:42:48.720,0.5053,0.509,13.0,0.5071,10.0,10437.0,275.0
2021-01-05 09:42:49.110,0.5053,0.509,13.0,0.5072,13.0,10437.0,275.0
2021-01-05 09:42:49.750,0.5053,0.5089,10.0,0.5072,13.0,10437.0,275.0
2021-01-05 09:42:49.980,0.5053,0.5089,20.0,0.5072,13.0,10437.0,275.0
2021-01-05 09:42:50.720,0.5053,0.5088,13.0,0.5072,13.0,10437.0,275.0
2021-01-05 09:42:51.060,0.5053,0.5088,13.0,0.5073,10.0,10437.0,275.0
2021-01-05 09:42:51.761,0.5053,0.5088,13.0,0.5073,10.0,10437.0,275.0
2021-01-05 09:42:52.251,0.5053,0.5088,13.0,0.5073,13.0,10437.0,275.0
2021-01-05 09:42:52.601,0.5053,0.5088,13.0,0.5074,13.0,10437.0,275.0
2021-01-05 09:42:53.640,0.5053,0.5088,13.0,0.5074,13.0,10437.0,275.0
2021-01-05 09:42:55.190,0.5053,0.5088,13.0,0.5075,10.0,10437.0,275.0
2021-01-05 09:42:55.701,0.5053,0.5088,13.0,0.5074,10.0,10437.0,275.0
2021-01-05 09:42:56.191,0.5053,0.5088,13.0,0.5075,13.0,10437.0,275.0
2021-01-05 09:42:56.650,0.5053,0.5088,13.0,0.5075,13.0,10437.0,275.0
2021-01-05 09:42:57.171,0.5053,0.5089,10.0,0.5075,13.0,10437.0,275.0
2021-01-05 09:42:57.591,0.5053,0.5089,10.0,0.5075,13.0,10437.0,275.0
2021-01-05 09:42:58.220,0.5053,0.5089,10.0,0.5075,13.0,10437.0,275.0
2021-01-05 09:42:58.731,0.5053,0.5089,10.0,0.5075,13.0,10437.0,275.0
2021-01-05 09:42:59.230,0.5053,0.5086,10.0,0.5075,23.0,10437.0,275.0
2021-01-05 09:42:59.730,0.5053,0.5091,10.0,0.5075,23.0,10437.0,275.0
2021-01-05 09:43:00.131,0.5053,0.509,13.0,0.5075,23.0,10437.0,275.0
2021-01-05 09:43:00.721,0.5053,0.509,13.0,0.5075,23.0,10437.0,275.0
2021-01-05 09:43:01.201,0.5053,0.5087,10.0,0.5075,23.0,10437.0,275.0
2021-01-05 09:43:01.701,0.5053,0.5087,10.0,0.5075,23.0,10437.0,275.0
2021-01-05 09:43:02.150,0.5053,0.5087,10.0,0.5075,23.0,10437.0,275.0
2021-01-05 09:43:02.681,0.5053,0.5093,20.0,0.5075,23.0,10437.0,275.0
2021-01-05 09:43:03.241,0.5053,0.5094,10.0,0.5075,23.0,10437.0,275.0
2021-01-05 09:43:04.740,0.5053,0.5089,10.0,0.5075,23.0,10437.0,275.0
2021-01-05 09:43:05.251,0.5053,0.5089,10.0,0.5075,23.0,10437.0,275.0
2021-01-05 09:43:05.681,0.5053,0.5085,10.0,0.5074,10.0,10437.0,275.0
2021-01-05 09:43:06.171,0.5053,0.5089,10.0,0.5072,10.0,10437.0,275.0
2021-01-05 09:43:06.680,0.5053,0.5088,13.0,0.5073,23.0,10437.0,275.0
2021-01-05 09:43:07.231,0.5053,0.5088,13.0,0.5073,13.0,10437.0,275.0
2021-01-05 09:43:07.710,0.5053,0.5088,13.0,0.5074,10.0,10437.0,275.0
2021-01-05 09:43:08.181,0.5053,0.5088,23.0,0.5072,10.0,10437.0,275.0
2021-01-05 09:43:08.701,0.5053,0.5088,23.0,0.5072,23.0,10437.0,275.0
2021-01-05 09:43:09.231,0.5053,0.5088,13.0,0.5073,10.0,10437.0,275.0
2021-01-05 09:43:09.740,0.5053,0.5087,20.0,0.5071,10.0,10437.0,275.0
2021-01-05 09:43:10.150,0.5053,0.5091,20.0,0.5074,10.0,10437.0,275.0
2021-01-05 09:43:10.150,0.5053,0.509,13.0,0.5075,13.0,10437.0,275.0
2021-01-05 09:43:11.750,0.5053,0.509,13.0,0.5075,13.0,10437.0,275.0
2021-01-05 09:43:13.210,0.5053,0.5089,10.0,0.5073,10.0,10437.0,275.0
2021-01-05 09:43:13.740,0.5053,0.5088,10.0,0.5073,13.0,10437.0,275.0
2021-01-05 09:43:14.270,0.5053,0.5085,10.0,0.5069,10.0,10437.0,275.0
2021-01-05 09:43:15.241,0.5053,0.5084,13.0,0.5069,10.0,10437.0,275.0
2021-01-05 09:43:15.771,0.5053,0.5084,23.0,0.5068,10.0,10437.0,275.0
2021-01-05 09:43:16.270,0.5053,0.5084,13.0,0.5068,13.0,10437.0,275.0
2021-01-05 09:43:16.501,0.5053,0.5084,13.0,0.507,10.0,10437.0,275.0
2021-01-05 09:43:17.271,0.5053,0.5084,13.0,0.5071,13.0,10437.0,275.0
2021-01-05 09:43:17.690,0.5053,0.5084,13.0,0.5071,23.0,10437.0,275.0
2021-01-05 09:43:18.120,0.5053,0.5084,23.0,0.5071,13.0,10437.0,275.0
2021-01-05 09:43:18.741,0.5053,0.5084,23.0,0.5068,10.0,10437.0,275.0
2021-01-05 09:43:19.261,0.5053,0.5084,23.0,0.5069,13.0,10437.0,275.0
2021-01-05 09:43:20.731,0.5053,0.5084,23.0,0.5069,13.0,10437.0,275.0
2021-01-05 09:43:21.250,0.5053,0.5084,13.0,0.5072,10.0,10437.0,275.0
2021-01-05 09:43:21.701,0.5053,0.5084,13.0,0.5069,10.0,10437.0,275.0
2021-01-05 09:43:22.281,0.5053,0.5088,14.0,0.5073,10.0,10437.0,275.0
2021-01-05 09:43:22.671,0.5053,0.5088,24.0,0.5072,10.0,10437.0,275.0
2021-01-05 09:43:23.201,0.5053,0.5089,10.0,0.5074,10.0,10437.0,275.0
2021-01-05 09:43:23.651,0.5053,0.5087,10.0,0.5072,10.0,10437.0,275.0
2021-01-05 09:43:24.120,0.5053,0.5089,10.0,0.5074,10.0,10437.0,275.0
2021-01-05 09:43:24.631,0.5053,0.5088,13.0,0.5075,13.0,10437.0,275.0
2021-01-05 09:43:25.201,0.5053,0.5088,13.0,0.5075,13.0,10437.0,275.0
2021-01-05 09:43:25.701,0.5053,0.5088,13.0,0.5076,10.0,10437.0,275.0
2021-01-05 09:43:26.181,0.5053,0.5093,10.0,0.5075,10.0,10437.0,275.0
2021-01-05 09:43:26.621,0.5053,0.5092,23.0,0.5076,13.0,10437.0,275.0
2021-01-05 09:43:27.190,0.5053,0.5092,13.0,0.5076,13.0,10437.0,275.0
2021-01-05 09:43:27.591,0.5053,0.5092,33.0,0.5074,10.0,10437.0,275.0
2021-01-05 09:43:28.091,0.5053,0.5092,33.0,0.5075,13.0,10437.0,275.0
2021-01-05 09:43:29.660,0.5053,0.5092,33.0,0.5076,10.0,10437.0,275.0
2021-01-05 09:43:30.050,0.5053,0.5092,33.0,0.5075,10.0,10437.0,275.0
2021-01-05 09:43:30.701,0.5053,0.5092,33.0,0.5076,13.0,10437.0,275.0
2021-01-05 09:43:31.111,0.5053,0.5092,33.0,0.5076,23.0,10437.0,275.0
2021-01-05 09:43:31.720,0.5053,0.5092,13.0,0.5077,10.0,10437.0,275.0
2021-01-05 09:43:32.181,0.5053,0.5092,13.0,0.5077,10.0,10437.0,275.0
2021-01-05 09:43:32.701,0.5053,0.5092,13.0,0.5076,10.0,10437.0,275.0
2021-01-05 09:43:33.141,0.5053,0.5091,10.0,0.5075,10.0,10437.0,275.0
2021-01-05 09:43:33.670,0.5053,0.5091,10.0,0.5075,23.0,10437.0,275.0
2021-01-05 09:43:34.221,0.5053,0.509,13.0,0.5076,10.0,10437.0,275.0
2021-01-05 09:43:34.230,0.5053,0.509,13.0,0.5076,10.0,10437.0,275.0
2021-01-05 09:43:35.070,0.5053,0.509,13.0,0.5075,10.0,10437.0,275.0
2021-01-05 09:43:35.681,0.5053,0.509,13.0,0.5075,10.0,10437.0,275.0
2021-01-05 09:43:36.661,0.5053,0.509,13.0,0.5072,10.0,10437.0,275.0
2021-01-05 09:43:37.181,0.5053,0.509,13.0,0.5073,13.0,10437.0,275.0
2021-01-05 09:43:37.631,0.5053,0.5089,10.0,0.5073,13.0,10437.0,275.0
2021-01-05 09:43:38.221,0.5053,0.5091,10.0,0.5074,10.0,10437.0,275.0
2021-01-05 09:43:39.241,0.5053,0.5092,10.0,0.5073,10.0,10437.0,275.0
2021-01-05 09:43:39.711,0.5053,0.5091,13.0,0.5074,13.0,10437.0,275.0
2021-01-05 09:43:40.361,0.5053,0.5089,10.0,0.5074,13.0,10437.0,275.0
2021-01-05 09:43:41.231,0.5053,0.5089,10.0,0.5074,13.0,10437.0,275.0
2021-01-05 09:43:41.671,0.5053,0.5088,13.0,0.5074,13.0,10437.0,275.0
2021-01-05 09:43:42.191,0.5053,0.5088,13.0,0.5074,13.0,10437.0,275.0
2021-01-05 09:43:43.231,0.5053,0.5087,10.0,0.5067,14.0,10437.0,275.0
2021-01-05 09:43:43.711,0.5053,0.5088,30.0,0.5067,14.0,10437.0,275.0
2021-01-05 09:43:44.251,0.5053,0.5087,13.0,0.5067,14.0,10437.0,275.0
2021-01-05 09:43:44.670,0.5053,0.5087,13.0,0.507,10.0,10437.0,275.0
2021-01-05 09:43:45.221,0.5053,0.5087,13.0,0.5072,10.0,10437.0,275.0
2021-01-05 09:43:45.720,0.5053,0.5087,13.0,0.5073,10.0,10437.0,275.0
2021-01-05 09:43:46.151,0.5053,0.5087,13.0,0.5074,13.0,10437.0,275.0
2021-01-05 09:43:46.151,0.5053,0.5086,10.0,0.5074,13.0,10437.0,275.0
2021-01-05 09:43:47.250,0.5053,0.509,10.0,0.5074,13.0,10437.0,275.0
2021-01-05 09:43:47.661,0.5053,0.5089,13.0,0.5073,10.0,10437.0,275.0
2021-01-05 09:43:48.220,0.5053,0.5089,13.0,0.5069,10.0,10437.0,275.0
2021-01-05 09:43:48.641,0.5053,0.5088,10.0,0.507,13.0,10437.0,275.0
2021-01-05 09:43:49.061,0.5053,0.5087,13.0,0.5066,10.0,10437.0,275.0
2021-01-05 09:43:49.601,0.5053,0.5087,13.0,0.5068,10.0,10437.0,275.0
2021-01-05 09:43:50.170,0.5053,0.5086,10.0,0.5063,14.0,10437.0,275.0
2021-01-05 09:43:50.721,0.5053,0.5083,14.0,0.506,10.0,10437.0,275.0
2021-01-05 09:43:51.221,0.5053,0.5083,14.0,0.5061,13.0,10437.0,275.0
2021-01-05 09:43:51.660,0.5053,0.5082,10.0,0.5061,13.0,10437.0,275.0
2021-01-05 09:43:52.200,0.5053,0.5081,13.0,0.5061,13.0,10437.0,275.0
2021-01-05 09:43:52.681,0.5053,0.5081,13.0,0.5061,13.0,10437.0,275.0
2021-01-05 09:43:53.201,0.5053,0.5081,13.0,0.5061,23.0,10437.0,275.0
2021-01-05 09:43:53.610,0.5053,0.508,10.0,0.5061,13.0,10437.0,275.0
2021-01-05 09:43:54.191,0.5053,0.5081,10.0,0.5058,10.0,10437.0,275.0
2021-01-05 09:43:54.680,0.5053,0.508,13.0,0.5059,13.0,10437.0,275.0
2021-01-05 09:43:55.660,0.5053,0.5079,10.0,0.5059,13.0,10437.0,275.0
2021-01-05 09:43:56.190,0.5053,0.5078,14.0,0.5058,10.0,10437.0,275.0
2021-01-05 09:43:56.721,0.5053,0.5078,14.0,0.5058,23.0,10437.0,275.0
2021-01-05 09:43:57.230,0.5053,0.5078,14.0,0.5058,10.0,10437.0,275.0
2021-01-05 09:43:57.650,0.5053,0.5077,10.0,0.5059,13.0,10437.0,275.0
2021-01-05 09:43:58.140,0.5053,0.5076,13.0,0.506,10.0,10437.0,275.0
2021-01-05 09:43:58.711,0.5053,0.5076,13.0,0.5057,10.0,10437.0,275.0
2021-01-05 09:43:59.170,0.5053,0.5076,13.0,0.506,10.0,10437.0,275.0
2021-01-05 09:44:00.131,0.5053,0.5076,23.0,0.5058,10.0,10437.0,275.0
2021-01-05 09:44:00.701,0.5053,0.5076,23.0,0.5057,10.0,10437.0,275.0
2021-01-05 09:44:01.160,0.5053,0.5076,43.0,0.5057,10.0,10437.0,275.0
2021-01-05 09:44:01.621,0.5053,0.5076,43.0,0.5058,10.0,10437.0,275.0
2021-01-05 09:44:02.201,0.5053,0.507,10.0,0.5058,10.0,10437.0,275.0
2021-01-05 09:44:02.711,0.5053,0.5069,10.0,0.5057,10.0,10437.0,275.0
2021-01-05 09:44:03.241,0.5053,0.5068,13.0,0.5054,10.0,10437.0,275.0
2021-01-05 09:44:03.241,0.5053,0.5064,10.0,0.5052,10.0,10437.0,275.0
2021-01-05 09:44:04.230,0.5053,0.5064,10.0,0.5046,14.0,10437.0,275.0
2021-01-05 09:44:04.230,0.5053,0.5063,13.0,0.5046,14.0,10437.0,275.0
2021-01-05 09:44:05.231,0.5053,0.5063,13.0,0.5048,10.0,10437.0,275.0
2021-01-05 09:44:05.681,0.5053,0.5058,10.0,0.5048,13.0,10437.0,275.0
2021-01-05 09:44:06.261,0.5053,0.5058,10.0,0.5041,14.0,10437.0,275.0
2021-01-05 09:44:06.770,0.5053,0.5058,10.0,0.5048,10.0,10437.0,275.0
2021-01-05 09:44:07.281,0.5053,0.5058,10.0,0.5045,10.0,10437.0,275.0
2021-01-05 09:44:07.750,0.5053,0.5056,10.0,0.5041,14.0,10437.0,275.0
2021-01-05 09:44:08.230,0.5053,0.5056,10.0,0.5031,20.0,10437.0,275.0
2021-01-05 09:44:08.760,0.5053,0.5055,13.0,0.5035,14.0,10437.0,275.0
2021-01-05 09:44:09.050,0.5053,0.5055,13.0,0.5035,14.0,10437.0,275.0
2021-01-05 09:44:09.780,0.5053,0.5055,13.0,0.5035,24.0,10437.0,275.0
2021-01-05 09:44:09.790,0.5053,0.5055,13.0,0.5035,24.0,10437.0,275.0
2021-01-05 09:44:11.271,0.5053,0.5054,10.0,0.5035,24.0,10437.0,275.0
2021-01-05 09:44:11.770,0.5053,0.5057,20.0,0.5035,24.0,10437.0,275.0
2021-01-05 09:44:12.270,0.5053,0.5056,13.0,0.5035,10.0,10437.0,275.0
2021-01-05 09:44:12.781,0.5053,0.5056,33.0,0.5036,13.0,10437.0,275.0
2021-01-05 09:44:14.260,0.5053,0.5056,33.0,0.5036,13.0,10437.0,275.0
2021-01-05 09:44:15.280,0.5053,0.5056,43.0,0.5036,13.0,10437.0,275.0
2021-01-05 09:44:16.281,0.5053,0.5056,43.0,0.5036,13.0,10437.0,275.0
2021-01-05 09:44:17.280,0.5053,0.5056,43.0,0.5036,13.0,10437.0,275.0
2021-01-05 09:44:17.770,0.5053,0.5056,23.0,0.5037,10.0,10437.0,275.0
2021-01-05 09:44:18.231,0.5053,0.5056,23.0,0.5036,10.0,10437.0,275.0
2021-01-05 09:44:18.780,0.5053,0.5056,23.0,0.5037,13.0,10437.0,275.0
2021-01-05 09:44:19.261,0.5053,0.5056,23.0,0.5037,13.0,10437.0,275.0
2021-01-05 09:44:19.801,0.5053,0.5056,23.0,0.5037,13.0,10437.0,275.0
2021-01-05 09:44:20.780,0.5053,0.5056,23.0,0.5037,13.0,10437.0,275.0
2021-01-05 09:44:22.131,0.5053,0.5056,23.0,0.5037,13.0,10437.0,275.0
2021-01-05 09:44:23.130,0.5053,0.5056,23.0,0.5037,13.0,10437.0,275.0
2021-01-05 09:44:23.960,0.5053,0.5056,23.0,0.5037,13.0,10437.0,275.0
2021-01-05 09:44:25.660,0.5053,0.5056,23.0,0.5037,13.0,10437.0,275.0
2021-01-05 09:44:26.201,0.5053,0.5056,23.0,0.5038,10.0,10437.0,275.0
2021-01-05 09:44:26.701,0.5053,0.5056,44.0,0.5034,10.0,10437.0,275.0
2021-01-05 09:44:27.201,0.5053,0.5056,44.0,0.5036,10.0,10437.0,275.0
2021-01-05 09:44:28.680,0.5053,0.5056,44.0,0.5036,10.0,10437.0,275.0
2021-01-05 09:44:29.200,0.5053,0.5056,44.0,0.5037,13.0,10437.0,275.0
2021-01-05 09:44:29.631,0.5053,0.5053,10.0,0.5033,10.0,10437.0,275.0
2021-01-05 09:44:30.201,0.5053,0.5049,10.0,0.5034,13.0,10437.0,275.0
2021-01-05 09:44:30.491,0.5053,0.5053,10.0,0.5035,10.0,10437.0,275.0
2021-01-05 09:44:31.231,0.5053,0.5052,13.0,0.5035,10.0,10437.0,275.0
2021-01-05 09:44:32.220,0.5053,0.5052,23.0,0.5033,10.0,10437.0,275.0
2021-01-05 09:44:32.670,0.5053,0.5048,10.0,0.5031,10.0,10437.0,275.0
2021-01-05 09:44:33.240,0.5053,0.5048,10.0,0.5032,13.0,10437.0,275.0
2021-01-05 09:44:33.240,0.5053,0.5047,13.0,0.5029,10.0,10437.0,275.0
2021-01-05 09:44:34.141,0.5053,0.5047,13.0,0.5029,23.0,10437.0,275.0
2021-01-05 09:44:34.520,0.5053,0.5047,23.0,0.5028,10.0,10437.0,275.0
2021-01-05 09:44:37.751,0.5053,0.5046,14.0,0.5026,10.0,10437.0,275.0
2021-01-05 09:44:38.201,0.5053,0.5046,14.0,0.5029,10.0,10437.0,275.0
2021-01-05 09:44:38.731,0.5053,0.5046,14.0,0.5029,10.0,10437.0,275.0
2021-01-05 09:44:39.661,0.5053,0.5046,14.0,0.5026,10.0,10437.0,275.0
2021-01-05 09:44:40.250,0.5053,0.5044,10.0,0.5027,13.0,10437.0,275.0
2021-01-05 09:44:40.740,0.5053,0.5043,13.0,0.5027,13.0,10437.0,275.0
2021-01-05 09:44:41.211,0.5053,0.5043,13.0,0.5023,10.0,10437.0,275.0
2021-01-05 09:44:41.730,0.5053,0.5043,13.0,0.5024,13.0,10437.0,275.0
2021-01-05 09:44:42.250,0.5053,0.5043,13.0,0.5024,23.0,10437.0,275.0
2021-01-05 09:44:43.760,0.5053,0.5043,13.0,0.5024,23.0,10437.0,275.0
2021-01-05 09:44:44.260,0.5053,0.5043,23.0,0.5024,23.0,10437.0,275.0
2021-01-05 09:44:44.761,0.5053,0.5043,23.0,0.5024,13.0,10437.0,275.0
2021-01-05 09:44:45.261,0.5053,0.5044,10.0,0.5025,10.0,10437.0,275.0
2021-01-05 09:44:45.760,0.5053,0.5047,10.0,0.5026,14.0,10437.0,275.0
2021-01-05 09:44:46.271,0.5053,0.5043,10.0,0.5026,24.0,10437.0,275.0
2021-01-05 09:44:46.771,0.5053,0.5047,10.0,0.5027,10.0,10437.0,275.0
2021-01-05 09:44:47.251,0.5053,0.5046,13.0,0.5028,13.0,10437.0,275.0
2021-01-05 09:44:48.271,0.5053,0.5045,10.0,0.5029,10.0,10437.0,275.0
2021-01-05 09:44:48.281,0.5053,0.5046,10.0,0.5028,10.0,10437.0,275.0
2021-01-05 09:44:49.270,0.5053,0.5045,13.0,0.5029,13.0,10437.0,275.0
2021-01-05 09:44:49.270,0.5053,0.5045,13.0,0.5029,13.0,10437.0,275.0
2021-01-05 09:44:50.300,0.5053,0.5045,13.0,0.5029,13.0,10437.0,275.0
2021-01-05 09:44:50.761,0.5053,0.5046,10.0,0.5028,10.0,10437.0,275.0
2021-01-05 09:44:51.231,0.5053,0.5045,13.0,0.5029,13.0,10437.0,275.0
2021-01-05 09:44:51.810,0.5053,0.5045,13.0,0.5029,13.0,10437.0,275.0
2021-01-05 09:44:53.201,0.5053,0.5045,23.0,0.5029,23.0,10437.0,275.0
2021-01-05 09:44:53.710,0.5053,0.5045,13.0,0.5029,23.0,10437.0,275.0
2021-01-05 09:44:54.970,0.5053,0.5045,23.0,0.5029,10.0,10437.0,275.0
2021-01-05 09:44:55.700,0.5053,0.5045,13.0,0.5029,10.0,10437.0,275.0
2021-01-05 09:44:56.220,0.5053,0.5045,13.0,0.5029,23.0,10437.0,275.0
2021-01-05 09:44:56.720,0.5053,0.5045,13.0,0.5029,10.0,10437.0,275.0
2021-01-05 09:44:57.431,0.5053,0.5045,23.0,0.5029,10.0,10437.0,275.0
2021-01-05 09:44:58.120,0.5053,0.5045,23.0,0.5027,10.0,10437.0,275.0
2021-01-05 09:44:58.720,0.5053,0.5041,14.0,0.5025,10.0,10437.0,275.0
2021-01-05 09:44:59.711,0.5053,0.5041,34.0,0.5022,10.0,10437.0,275.0
2021-01-05 09:45:00.591,0.5053,0.504,10.0,0.5022,10.0,10437.0,275.0
2021-01-05 09:45:00.831,0.5053,0.5037,10.0,0.5021,10.0,10437.0,275.0
