,last,ask1,asize1,bid1,bsize1,oi,volume
2021-01-05 09:18:53.651,0.0135,0.0135,1.0,0.0135,1.0,154653.0,
2021-01-05 09:21:52.471,0.0135,0.0135,24.0,0.0135,24.0,154653.0,
2021-01-05 09:22:28.710,0.0135,0.0135,24.0,0.0135,24.0,154653.0,
2021-01-05 09:22:33.880,0.014,0.014,26.0,0.014,26.0,154653.0,
2021-01-05 09:22:43.030,0.0135,0.0135,54.0,0.0135,54.0,154653.0,
2021-01-05 09:22:44.540,0.0135,0.0135,54.0,0.0135,54.0,154653.0,
2021-01-05 09:22:58.681,0.0135,0.0135,54.0,0.0135,54.0,154653.0,
2021-01-05 09:23:19.350,0.0135,0.0135,54.0,0.0135,54.0,154653.0,
2021-01-05 09:23:24.151,0.0136,0.0136,54.0,0.0136,54.0,154653.0,
2021-01-05 09:23:28.681,0.0136,0.0136,54.0,0.0136,54.0,154653.0,
2021-01-05 09:23:31.701,0.0136,0.0136,54.0,0.0136,54.0,154653.0,
2021-01-05 09:23:34.730,0.0136,0.0136,59.0,0.0136,59.0,154653.0,
2021-01-05 09:23:35.231,0.0136,0.0136,61.0,0.0136,61.0,154653.0,
2021-01-05 09:23:49.311,0.0136,0.0136,63.0,0.0136,63.0,154653.0,
2021-01-05 09:23:50.331,0.014,0.014,65.0,0.014,65.0,154653.0,
2021-01-05 09:23:52.341,0.0137,0.0137,68.0,0.0137,68.0,154653.0,
2021-01-05 09:24:00.721,0.0137,0.0137,70.0,0.0137,70.0,154653.0,
2021-01-05 09:24:01.220,0.0137,0.0137,80.0,0.0137,80.0,154653.0,
2021-01-05 09:24:21.950,0.0137,0.0137,81.0,0.0137,81.0,154653.0,
2021-01-05 09:24:33.711,0.0137,0.0137,81.0,0.0137,81.0,154653.0,
2021-01-05 09:24:34.220,0.0137,0.0137,81.0,0.0137,81.0,154653.0,
2021-01-05 09:24:34.720,0.0139,0.0139,81.0,0.0139,81.0,154653.0,
2021-01-05 09:24:47.280,0.0137,0.0137,83.0,0.0137,83.0,154653.0,
2021-01-05 09:24:48.281,0.014,0.014,83.0,0.014,83.0,154653.0,
2021-01-05 09:24:48.780,0.014,0.014,83.0,0.014,83.0,154653.0,
2021-01-05 09:24:49.291,0.014,0.014,83.0,0.014,83.0,154653.0,
2021-01-05 09:24:52.300,0.014,0.014,83.0,0.014,83.0,154653.0,
2021-01-05 09:24:57.181,0.014,0.014,84.0,0.014,84.0,154653.0,
2021-01-05 09:24:58.680,0.0143,0.0143,93.0,0.0143,93.0,154653.0,
2021-01-05 09:25:00.080,0.0143,0.0143,48.0,0.0142,115.0,154674.0,93.0
2021-01-05 09:30:00.451,0.0145,0.0147,1.0,0.0146,10.0,154788.0,270.0
2021-01-05 09:30:00.991,0.015,0.0152,130.0,0.015,482.0,154841.0,479.0
2021-01-05 09:30:01.481,0.015,0.0152,107.0,0.015,357.0,154897.0,629.0
2021-01-05 09:30:01.990,0.015,0.0152,97.0,0.015,290.0,154959.0,706.0
2021-01-05 09:30:02.501,0.015,0.0152,95.0,0.015,159.0,155049.0,839.0
2021-01-05 09:30:02.901,0.015,0.0152,95.0,0.015,33.0,155175.0,965.0
2021-01-05 09:30:03.471,0.0147,0.0147,10.0,0.0146,9.0,155202.0,1000.0
2021-01-05 09:30:03.980,0.0146,0.0148,10.0,0.0145,518.0,155202.0,1009.0
2021-01-05 09:30:04.430,0.0145,0.0148,10.0,0.0145,508.0,155212.0,1019.0
2021-01-05 09:30:05.010,0.0148,0.0149,10.0,0.0145,538.0,155213.0,1020.0
2021-01-05 09:30:05.471,0.015,0.0149,10.0,0.0145,528.0,155213.0,1027.0
2021-01-05 09:30:05.990,0.0152,0.0151,10.0,0.0145,528.0,155168.0,1072.0
2021-01-05 09:30:06.480,0.0152,0.0152,69.0,0.0145,528.0,155168.0,1072.0
2021-01-05 09:30:06.971,0.0152,0.0152,79.0,0.0145,538.0,155168.0,1072.0
2021-01-05 09:30:07.471,0.0145,0.015,10.0,0.0145,537.0,155168.0,1073.0
2021-01-05 09:30:07.801,0.0145,0.0152,69.0,0.0145,527.0,155168.0,1073.0
2021-01-05 09:30:08.520,0.0145,0.0149,10.0,0.0145,537.0,155168.0,1073.0
2021-01-05 09:30:08.960,0.0145,0.0152,69.0,0.0145,527.0,155168.0,1073.0
2021-01-05 09:30:09.490,0.015,0.0152,69.0,0.0145,527.0,155173.0,1078.0
2021-01-05 09:30:10.501,0.0152,0.0152,59.0,0.0145,527.0,155173.0,1098.0
2021-01-05 09:30:11.000,0.0152,0.0151,1.0,0.0145,527.0,155173.0,1098.0
2021-01-05 09:30:11.521,0.0152,0.015,10.0,0.0146,10.0,155173.0,1098.0
2021-01-05 09:30:11.980,0.0151,0.0152,59.0,0.0145,527.0,155174.0,1100.0
2021-01-05 09:30:12.521,0.0151,0.0149,10.0,0.0145,527.0,155174.0,1100.0
2021-01-05 09:30:12.900,0.0151,0.0147,10.0,0.0145,527.0,155174.0,1100.0
2021-01-05 09:30:13.501,0.0147,0.0151,3.0,0.0145,527.0,155175.0,1101.0
2021-01-05 09:30:13.941,0.0147,0.0147,10.0,0.0145,527.0,155175.0,1101.0
2021-01-05 09:30:14.521,0.0147,0.0148,10.0,0.0145,527.0,155175.0,1101.0
2021-01-05 09:30:15.040,0.0147,0.0147,10.0,0.0145,527.0,155175.0,1101.0
2021-01-05 09:30:15.520,0.0147,0.0151,3.0,0.0145,527.0,155185.0,1111.0
2021-01-05 09:30:15.991,0.0147,0.0151,3.0,0.0145,527.0,155185.0,1111.0
2021-01-05 09:30:16.391,0.0147,0.015,5.0,0.0147,20.0,155195.0,1121.0
2021-01-05 09:30:17.021,0.0146,0.0146,10.0,0.0145,527.0,155225.0,1151.0
2021-01-05 09:30:17.641,0.0145,0.0151,3.0,0.0145,517.0,155236.0,1181.0
2021-01-05 09:30:18.160,0.0145,0.0147,10.0,0.0145,487.0,155246.0,1192.0
2021-01-05 09:30:18.750,0.0145,0.0151,3.0,0.0145,487.0,155246.0,1192.0
2021-01-05 09:30:19.251,0.0145,0.0147,10.0,0.0145,437.0,155246.0,1242.0
2021-01-05 09:30:19.741,0.0145,0.0146,10.0,0.0145,437.0,155246.0,1242.0
2021-01-05 09:30:20.240,0.0145,0.0148,20.0,0.0145,385.0,155298.0,1294.0
2021-01-05 09:30:20.740,0.0145,0.0148,20.0,0.0145,385.0,155298.0,1294.0
2021-01-05 09:30:21.241,0.0147,0.0147,10.0,0.0145,385.0,155303.0,1299.0
2021-01-05 09:30:21.741,0.0146,0.0148,36.0,0.0146,13.0,155313.0,1309.0
2021-01-05 09:30:22.240,0.0146,0.0148,36.0,0.0146,13.0,155313.0,1309.0
2021-01-05 09:30:22.671,0.0146,0.0148,46.0,0.0146,9.0,155317.0,1313.0
2021-01-05 09:30:23.170,0.0146,0.0148,91.0,0.0146,12.0,155317.0,1313.0
2021-01-05 09:30:23.670,0.0145,0.0148,91.0,0.0145,372.0,155317.0,1338.0
2021-01-05 09:30:24.140,0.0145,0.0146,24.0,0.0145,369.0,155317.0,1341.0
2021-01-05 09:30:24.661,0.0146,0.0146,4.0,0.0145,389.0,155297.0,1361.0
2021-01-05 09:30:25.160,0.0148,0.0148,110.0,0.0145,369.0,155313.0,1385.0
2021-01-05 09:30:25.671,0.0148,0.0148,110.0,0.0145,389.0,155313.0,1385.0
2021-01-05 09:30:26.171,0.0148,0.0147,10.0,0.0145,369.0,155313.0,1385.0
2021-01-05 09:30:26.601,0.0146,0.0148,110.0,0.0146,27.0,155313.0,1388.0
2021-01-05 09:30:27.170,0.0146,0.0148,56.0,0.0146,7.0,155343.0,1428.0
2021-01-05 09:30:27.671,0.0146,0.0147,10.0,0.0145,369.0,155350.0,1435.0
2021-01-05 09:30:28.161,0.0146,0.0148,94.0,0.0145,369.0,155350.0,1435.0
2021-01-05 09:30:28.161,0.0146,0.0146,4.0,0.0145,369.0,155350.0,1435.0
2021-01-05 09:30:29.141,0.0145,0.0148,76.0,0.0145,359.0,155360.0,1449.0
2021-01-05 09:30:29.650,0.0145,0.0147,10.0,0.0145,330.0,155390.0,1479.0
2021-01-05 09:30:30.171,0.0145,0.0147,10.0,0.0145,273.0,155447.0,1536.0
2021-01-05 09:30:30.620,0.0145,0.0147,11.0,0.0145,273.0,155447.0,1536.0
2021-01-05 09:30:31.121,0.0145,0.0146,10.0,0.0145,253.0,155467.0,1556.0
2021-01-05 09:30:31.661,0.0145,0.0146,11.0,0.0145,233.0,155487.0,1576.0
2021-01-05 09:30:32.140,0.0145,0.0146,1.0,0.0145,180.0,155540.0,1629.0
2021-01-05 09:30:32.620,0.0145,0.0146,11.0,0.0145,178.0,155542.0,1631.0
2021-01-05 09:30:33.181,0.0145,0.0147,20.0,0.0145,142.0,155558.0,1677.0
2021-01-05 09:30:33.671,0.0145,0.0146,15.0,0.0145,92.0,155578.0,1727.0
2021-01-05 09:30:34.191,0.0145,0.0146,16.0,0.0145,54.0,155596.0,1765.0
2021-01-05 09:30:34.670,0.0145,0.0147,8.0,0.0145,17.0,155638.0,1807.0
2021-01-05 09:30:35.121,0.0146,0.0146,14.0,0.0145,5.0,155662.0,1835.0
2021-01-05 09:30:35.611,0.0145,0.0145,25.0,0.0144,40.0,155662.0,1840.0
2021-01-05 09:30:36.170,0.0145,0.0145,10.0,0.0144,70.0,155672.0,1865.0
2021-01-05 09:30:36.681,0.0145,0.0145,24.0,0.0144,60.0,155673.0,1866.0
2021-01-05 09:30:37.171,0.0145,0.0145,64.0,0.0144,60.0,155673.0,1866.0
2021-01-05 09:30:37.670,0.0145,0.0145,80.0,0.0144,60.0,155681.0,1879.0
2021-01-05 09:30:38.141,0.0145,0.0145,116.0,0.0144,60.0,155686.0,1884.0
2021-01-05 09:30:38.700,0.0145,0.0145,109.0,0.0144,40.0,155686.0,1884.0
2021-01-05 09:30:39.201,0.0145,0.0145,94.0,0.0144,60.0,155686.0,1886.0
2021-01-05 09:30:39.661,0.0145,0.0146,20.0,0.0145,1.0,155745.0,1946.0
2021-01-05 09:30:40.170,0.0144,0.0145,2.0,0.0144,41.0,155755.0,1956.0
2021-01-05 09:30:40.690,0.0144,0.0145,34.0,0.0144,40.0,155761.0,1962.0
2021-01-05 09:30:41.011,0.0144,0.0145,34.0,0.0144,20.0,155781.0,1982.0
2021-01-05 09:30:41.701,0.0144,0.0145,36.0,0.0143,285.0,155781.0,1982.0
2021-01-05 09:30:42.181,0.0144,0.0144,10.0,0.0143,285.0,155781.0,1982.0
2021-01-05 09:30:42.550,0.0144,0.0144,1.0,0.0143,285.0,155782.0,1991.0
2021-01-05 09:30:43.180,0.0144,0.0145,2.0,0.0143,285.0,155782.0,1992.0
2021-01-05 09:30:43.681,0.0144,0.0144,2.0,0.0143,285.0,155782.0,1992.0
2021-01-05 09:30:44.181,0.0144,0.0145,2.0,0.0143,285.0,155782.0,1994.0
2021-01-05 09:30:44.650,0.0144,0.0144,10.0,0.0143,285.0,155782.0,1994.0
2021-01-05 09:30:45.090,0.0143,0.0145,2.0,0.0143,251.0,155826.0,2038.0
2021-01-05 09:30:45.710,0.0143,0.0145,2.0,0.0143,250.0,155826.0,2039.0
2021-01-05 09:30:46.200,0.0143,0.0144,2.0,0.0143,250.0,155826.0,2039.0
2021-01-05 09:30:46.671,0.0144,0.0145,17.0,0.0144,27.0,155826.0,2041.0
2021-01-05 09:30:47.180,0.0144,0.0145,2.0,0.0144,22.0,155848.0,2083.0
2021-01-05 09:30:47.691,0.0144,0.0145,2.0,0.0143,220.0,155877.0,2122.0
2021-01-05 09:30:48.081,0.0144,0.0145,2.0,0.0144,37.0,155877.0,2122.0
2021-01-05 09:30:48.711,0.0144,0.0145,10.0,0.0144,39.0,155878.0,2123.0
2021-01-05 09:30:49.210,0.0144,0.0145,25.0,0.0144,87.0,155878.0,2123.0
2021-01-05 09:30:49.700,0.0145,0.0145,16.0,0.0144,112.0,155890.0,2143.0
2021-01-05 09:30:50.171,0.0145,0.0145,26.0,0.0144,133.0,155890.0,2143.0
2021-01-05 09:30:50.720,0.0144,0.0145,3.0,0.0144,134.0,155900.0,2153.0
2021-01-05 09:30:51.181,0.0144,0.0145,3.0,0.0144,96.0,155938.0,2191.0
2021-01-05 09:30:51.721,0.0144,0.0145,3.0,0.0144,88.0,155945.0,2199.0
2021-01-05 09:30:52.221,0.0144,0.0145,3.0,0.0144,90.0,155945.0,2199.0
2021-01-05 09:30:52.651,0.0144,0.0145,3.0,0.0144,90.0,155945.0,2199.0
2021-01-05 09:30:53.120,0.0144,0.0145,13.0,0.0144,90.0,155945.0,2199.0
2021-01-05 09:30:53.660,0.0144,0.0145,3.0,0.0144,91.0,155945.0,2199.0
2021-01-05 09:30:54.130,0.0144,0.0145,3.0,0.0144,106.0,155945.0,2199.0
2021-01-05 09:30:54.670,0.0145,0.0145,33.0,0.0144,115.0,155947.0,2203.0
2021-01-05 09:30:55.081,0.0145,0.0145,33.0,0.0144,100.0,155947.0,2203.0
2021-01-05 09:30:55.671,0.0145,0.0145,33.0,0.0144,102.0,155947.0,2203.0
2021-01-05 09:30:56.170,0.0145,0.0146,18.0,0.0145,37.0,155980.0,2236.0
2021-01-05 09:30:56.660,0.0145,0.0146,18.0,0.0145,35.0,155982.0,2238.0
2021-01-05 09:30:57.171,0.0145,0.0146,18.0,0.0145,18.0,155982.0,2255.0
2021-01-05 09:30:57.600,0.0145,0.0146,8.0,0.0145,8.0,155982.0,2265.0
2021-01-05 09:30:58.091,0.0146,0.0146,8.0,0.0144,98.0,156002.0,2294.0
2021-01-05 09:30:58.660,0.0144,0.0145,47.0,0.0144,96.0,156004.0,2296.0
2021-01-05 09:30:59.081,0.0145,0.0145,38.0,0.0144,81.0,155993.0,2307.0
2021-01-05 09:30:59.640,0.0145,0.0146,28.0,0.0145,9.0,155985.0,2325.0
2021-01-05 09:31:00.011,0.0145,0.0145,1.0,0.0144,81.0,156004.0,2344.0
2021-01-05 09:31:00.681,0.0145,0.0146,28.0,0.0144,81.0,156004.0,2344.0
2021-01-05 09:31:00.860,0.0144,0.0146,28.0,0.0144,66.0,156004.0,2374.0
2021-01-05 09:31:01.680,0.0145,0.0146,8.0,0.0145,15.0,155984.0,2394.0
2021-01-05 09:31:02.170,0.0146,0.0146,5.0,0.0145,15.0,155981.0,2397.0
2021-01-05 09:31:02.681,0.0143,0.0147,20.0,0.0143,191.0,155935.0,2537.0
2021-01-05 09:31:03.131,0.0143,0.0147,25.0,0.0144,25.0,155885.0,2602.0
2021-01-05 09:31:03.680,0.0145,0.0148,120.0,0.0145,10.0,155844.0,2687.0
2021-01-05 09:31:04.181,0.0143,0.0148,100.0,0.0144,15.0,155814.0,2737.0
2021-01-05 09:31:04.671,0.0148,0.0148,98.0,0.0146,20.0,155814.0,2739.0
2021-01-05 09:31:04.950,0.0147,0.0148,95.0,0.0147,28.0,155808.0,2750.0
2021-01-05 09:31:05.670,0.0148,0.0148,65.0,0.0147,10.0,155806.0,2783.0
2021-01-05 09:31:06.160,0.0148,0.0148,35.0,0.0147,10.0,155806.0,2813.0
2021-01-05 09:31:06.681,0.0147,0.0148,55.0,0.0145,20.0,155796.0,2823.0
2021-01-05 09:31:06.930,0.0147,0.0147,10.0,0.0146,20.0,155796.0,2823.0
2021-01-05 09:31:07.470,0.0146,0.0147,10.0,0.0146,3.0,155776.0,2843.0
2021-01-05 09:31:08.200,0.0146,0.0147,10.0,0.0146,3.0,155776.0,2843.0
2021-01-05 09:31:08.650,0.0146,0.0145,8.0,0.0144,20.0,155776.0,2846.0
2021-01-05 09:31:09.051,0.0146,0.0145,8.0,0.0144,20.0,155776.0,2846.0
2021-01-05 09:31:09.701,0.0147,0.0147,23.0,0.0144,12.0,155766.0,2869.0
2021-01-05 09:31:10.200,0.0147,0.0146,5.0,0.0144,12.0,155766.0,2869.0
2021-01-05 09:31:10.661,0.0147,0.0146,6.0,0.0144,12.0,155766.0,2869.0
2021-01-05 09:31:11.170,0.0147,0.0145,3.0,0.0144,12.0,155766.0,2869.0
2021-01-05 09:31:11.701,0.0144,0.0145,3.0,0.0144,5.0,155759.0,2876.0
2021-01-05 09:31:12.171,0.0144,0.0144,3.0,0.0143,142.0,155754.0,2881.0
2021-01-05 09:31:12.590,0.0144,0.0145,3.0,0.0144,31.0,155749.0,2886.0
2021-01-05 09:31:13.151,0.0144,0.0145,3.0,0.0144,7.0,155746.0,2900.0
2021-01-05 09:31:13.681,0.0143,0.0145,1.0,0.0143,153.0,155739.0,2918.0
2021-01-05 09:31:14.200,0.0145,0.0146,21.0,0.0144,20.0,155738.0,2919.0
2021-01-05 09:31:14.690,0.0144,0.0146,1.0,0.0144,33.0,155736.0,2921.0
2021-01-05 09:31:15.110,0.0144,0.0146,1.0,0.0144,52.0,155736.0,2922.0
2021-01-05 09:31:16.180,0.0144,0.0146,1.0,0.0144,48.0,155736.0,2926.0
2021-01-05 09:31:16.711,0.0144,0.0147,50.0,0.0144,58.0,155732.0,2932.0
2021-01-05 09:31:17.201,0.0147,0.0147,73.0,0.0144,58.0,155734.0,2934.0
2021-01-05 09:31:18.201,0.0146,0.0146,20.0,0.0144,73.0,155724.0,2964.0
2021-01-05 09:31:18.720,0.0144,0.0146,70.0,0.0144,30.0,155735.0,2982.0
2021-01-05 09:31:19.150,0.0144,0.0146,80.0,0.0144,23.0,155735.0,2989.0
2021-01-05 09:31:19.711,0.0144,0.0146,66.0,0.0144,9.0,155748.0,3022.0
2021-01-05 09:31:20.161,0.0144,0.0145,20.0,0.0143,118.0,155734.0,3036.0
2021-01-05 09:31:20.701,0.0146,0.0146,38.0,0.0143,110.0,155749.0,3079.0
2021-01-05 09:31:21.221,0.0146,0.0146,43.0,0.0144,35.0,155734.0,3094.0
2021-01-05 09:31:21.671,0.0144,0.0146,42.0,0.0144,27.0,155725.0,3103.0
2021-01-05 09:31:22.211,0.0146,0.0146,18.0,0.0144,19.0,155713.0,3115.0
2021-01-05 09:31:22.620,0.0144,0.0146,18.0,0.0145,5.0,155705.0,3123.0
2021-01-05 09:31:23.091,0.0144,0.0146,18.0,0.0145,20.0,155700.0,3133.0
2021-01-05 09:31:23.640,0.0146,0.0147,30.0,0.0146,23.0,155700.0,3159.0
2021-01-05 09:31:24.620,0.0145,0.0145,29.0,0.0144,21.0,155723.0,3202.0
2021-01-05 09:31:25.131,0.0144,0.0145,18.0,0.0144,35.0,155736.0,3233.0
2021-01-05 09:31:25.640,0.0145,0.0146,22.0,0.0145,52.0,155698.0,3289.0
2021-01-05 09:31:26.101,0.0145,0.0146,2.0,0.0145,105.0,155698.0,3289.0
2021-01-05 09:31:26.670,0.0145,0.0147,115.0,0.0145,93.0,155686.0,3307.0
2021-01-05 09:31:27.590,0.0145,0.0147,115.0,0.0145,85.0,155678.0,3315.0
2021-01-05 09:31:28.091,0.0147,0.0146,15.0,0.0145,85.0,155679.0,3316.0
2021-01-05 09:31:28.610,0.0145,0.0146,15.0,0.0145,81.0,155655.0,3340.0
2021-01-05 09:31:29.171,0.0145,0.0146,15.0,0.0145,81.0,155655.0,3340.0
2021-01-05 09:31:29.641,0.0145,0.0146,15.0,0.0145,28.0,155602.0,3393.0
2021-01-05 09:31:30.170,0.0145,0.0146,15.0,0.0145,12.0,155586.0,3409.0
2021-01-05 09:31:30.671,0.0145,0.0145,42.0,0.0143,120.0,155574.0,3421.0
2021-01-05 09:31:31.101,0.0146,0.0146,10.0,0.0144,10.0,155616.0,3491.0
2021-01-05 09:31:31.641,0.0146,0.0145,2.0,0.0144,20.0,155616.0,3491.0
2021-01-05 09:31:32.160,0.0146,0.0147,99.0,0.0146,13.0,155599.0,3525.0
2021-01-05 09:31:32.671,0.0146,0.0147,99.0,0.0146,64.0,155599.0,3565.0
2021-01-05 09:31:33.190,0.0146,0.0147,115.0,0.0146,51.0,155587.0,3578.0
2021-01-05 09:31:33.190,0.0146,0.0147,100.0,0.0146,51.0,155587.0,3578.0
2021-01-05 09:31:34.181,0.0146,0.0147,100.0,0.0146,38.0,155574.0,3591.0
2021-01-05 09:31:34.681,0.0146,0.0147,50.0,0.0146,30.0,155566.0,3599.0
2021-01-05 09:31:35.190,0.0146,0.0147,50.0,0.0146,22.0,155558.0,3607.0
2021-01-05 09:31:35.670,0.0146,0.0146,36.0,0.0144,50.0,155550.0,3629.0
2021-01-05 09:31:36.181,0.0146,0.0146,51.0,0.0144,40.0,155551.0,3630.0
2021-01-05 09:31:36.690,0.0146,0.0146,50.0,0.0145,20.0,155552.0,3631.0
2021-01-05 09:31:37.191,0.0146,0.0146,48.0,0.0144,52.0,155555.0,3634.0
2021-01-05 09:31:37.601,0.0146,0.0146,17.0,0.0144,32.0,155586.0,3665.0
2021-01-05 09:31:38.150,0.0144,0.0144,35.0,0.0143,150.0,155565.0,3688.0
2021-01-05 09:31:38.621,0.0144,0.0145,30.0,0.0144,20.0,155540.0,3731.0
2021-01-05 09:31:39.210,0.0143,0.0144,33.0,0.0143,129.0,155524.0,3759.0
2021-01-05 09:31:39.710,0.0144,0.0145,30.0,0.0143,114.0,155529.0,3764.0
2021-01-05 09:31:40.190,0.0144,0.0144,10.0,0.0143,114.0,155529.0,3764.0
2021-01-05 09:31:40.711,0.0143,0.0144,10.0,0.0143,75.0,155540.0,3783.0
2021-01-05 09:31:41.191,0.0143,0.0144,10.0,0.0143,74.0,155540.0,3784.0
2021-01-05 09:31:41.691,0.0143,0.0145,30.0,0.0143,13.0,155550.0,3875.0
2021-01-05 09:31:42.211,0.0143,0.0145,30.0,0.0143,3.0,155553.0,3896.0
2021-01-05 09:31:42.711,0.0142,0.0145,30.0,0.0143,10.0,155544.0,3924.0
2021-01-05 09:31:43.191,0.0142,0.0145,30.0,0.0143,10.0,155544.0,3935.0
2021-01-05 09:31:43.710,0.0143,0.0145,15.0,0.0143,36.0,155532.0,3952.0
2021-01-05 09:31:44.190,0.0143,0.0145,15.0,0.0143,23.0,155532.0,3952.0
2021-01-05 09:31:44.691,0.0143,0.0146,57.0,0.0143,25.0,155524.0,3960.0
2021-01-05 09:31:45.170,0.0145,0.0145,19.0,0.0143,2.0,155530.0,3983.0
2021-01-05 09:31:45.621,0.0142,0.0143,22.0,0.0142,97.0,155482.0,4036.0
2021-01-05 09:31:46.071,0.0143,0.0145,16.0,0.0143,17.0,155460.0,4058.0
2021-01-05 09:31:46.701,0.0145,0.0145,15.0,0.0143,1.0,155452.0,4069.0
2021-01-05 09:31:46.970,0.0145,0.0145,15.0,0.0143,11.0,155452.0,4069.0
2021-01-05 09:31:47.711,0.0142,0.0145,13.0,0.0142,114.0,155446.0,4080.0
2021-01-05 09:31:48.211,0.0142,0.0145,18.0,0.0142,114.0,155446.0,4080.0
2021-01-05 09:31:48.330,0.0142,0.0145,18.0,0.0142,114.0,155446.0,4080.0
2021-01-05 09:31:48.820,0.0142,0.0145,18.0,0.0142,114.0,155446.0,4080.0
2021-01-05 09:31:49.671,0.0144,0.0144,17.0,0.0142,119.0,155449.0,4083.0
2021-01-05 09:31:50.151,0.0144,0.0144,17.0,0.0142,104.0,155449.0,4083.0
2021-01-05 09:31:50.710,0.0142,0.0144,17.0,0.0142,76.0,155431.0,4101.0
2021-01-05 09:31:51.210,0.0142,0.0144,17.0,0.0142,46.0,155401.0,4131.0
2021-01-05 09:31:51.701,0.0142,0.0144,17.0,0.0142,31.0,155401.0,4131.0
2021-01-05 09:31:52.220,0.0142,0.0144,17.0,0.0142,21.0,155401.0,4131.0
2021-01-05 09:31:52.621,0.0142,0.0144,32.0,0.0142,21.0,155401.0,4131.0
2021-01-05 09:31:52.960,0.0141,0.0144,17.0,0.0141,53.0,155404.0,4166.0
2021-01-05 09:31:53.640,0.0141,0.0143,20.0,0.0141,18.0,155404.0,4166.0
2021-01-05 09:31:54.151,0.0141,0.0143,20.0,0.0141,33.0,155404.0,4166.0
2021-01-05 09:31:54.641,0.0141,0.0143,20.0,0.0141,45.0,155417.0,4194.0
2021-01-05 09:31:54.800,0.0141,0.0143,20.0,0.0141,10.0,155402.0,4218.0
2021-01-05 09:31:55.670,0.014,0.0143,20.0,0.014,114.0,155392.0,4248.0
2021-01-05 09:31:56.110,0.0141,0.0143,20.0,0.014,124.0,155391.0,4249.0
2021-01-05 09:31:56.681,0.014,0.0141,10.0,0.014,58.0,155389.0,4300.0
2021-01-05 09:31:57.171,0.0141,0.0141,7.0,0.014,48.0,155394.0,4313.0
2021-01-05 09:31:57.530,0.0141,0.0141,7.0,0.014,20.0,155394.0,4313.0
2021-01-05 09:31:58.171,0.014,0.0141,7.0,0.0139,50.0,155394.0,4323.0
2021-01-05 09:31:58.531,0.014,0.014,12.0,0.0139,50.0,155384.0,4333.0
2021-01-05 09:31:59.180,0.014,0.014,7.0,0.0139,60.0,155384.0,4338.0
2021-01-05 09:31:59.560,0.014,0.0141,7.0,0.014,12.0,155377.0,4345.0
2021-01-05 09:32:00.150,0.014,0.0141,7.0,0.014,52.0,155377.0,4345.0
2021-01-05 09:32:00.650,0.014,0.0141,7.0,0.014,20.0,155377.0,4347.0
2021-01-05 09:32:01.170,0.014,0.014,15.0,0.0139,55.0,155377.0,4347.0
2021-01-05 09:32:01.601,0.0143,0.0143,15.0,0.0141,10.0,155366.0,4402.0
2021-01-05 09:32:02.171,0.0143,0.0143,20.0,0.0141,60.0,155366.0,4417.0
2021-01-05 09:32:02.561,0.0143,0.0143,19.0,0.0142,10.0,155367.0,4418.0
2021-01-05 09:32:03.180,0.0143,0.0143,11.0,0.0142,10.0,155369.0,4426.0
2021-01-05 09:32:03.620,0.0142,0.0143,11.0,0.0141,78.0,155369.0,4428.0
2021-01-05 09:32:04.050,0.0143,0.0144,32.0,0.0142,10.0,155369.0,4430.0
2021-01-05 09:32:04.630,0.0143,0.0144,25.0,0.0141,80.0,155389.0,4450.0
2021-01-05 09:32:05.130,0.0143,0.0143,20.0,0.0141,80.0,155389.0,4450.0
2021-01-05 09:32:05.660,0.0141,0.0143,20.0,0.0141,70.0,155379.0,4460.0
2021-01-05 09:32:06.161,0.0141,0.0142,20.0,0.0141,40.0,155379.0,4460.0
2021-01-05 09:32:06.680,0.0141,0.0142,20.0,0.0141,65.0,155379.0,4460.0
2021-01-05 09:32:07.070,0.0141,0.0143,20.0,0.0141,65.0,155379.0,4460.0
2021-01-05 09:32:07.671,0.0141,0.0143,20.0,0.0142,10.0,155379.0,4461.0
2021-01-05 09:32:08.171,0.0141,0.0143,20.0,0.0142,10.0,155379.0,4461.0
2021-01-05 09:32:08.651,0.0142,0.0142,2.0,0.0141,49.0,155379.0,4471.0
2021-01-05 09:32:09.141,0.0142,0.0142,22.0,0.0141,59.0,155379.0,4471.0
2021-01-05 09:32:09.681,0.0141,0.0142,22.0,0.0141,57.0,155377.0,4473.0
2021-01-05 09:32:10.161,0.0141,0.0142,22.0,0.0141,47.0,155377.0,4483.0
2021-01-05 09:32:10.441,0.0141,0.0142,22.0,0.0141,47.0,155377.0,4483.0
2021-01-05 09:32:11.170,0.0141,0.0142,22.0,0.0141,42.0,155372.0,4488.0
2021-01-05 09:32:11.650,0.0141,0.0142,5.0,0.0141,42.0,155372.0,4488.0
2021-01-05 09:32:12.161,0.0141,0.0142,5.0,0.0141,62.0,155372.0,4488.0
2021-01-05 09:32:12.670,0.0141,0.0142,5.0,0.0141,62.0,155372.0,4488.0
2021-01-05 09:32:13.171,0.0141,0.0142,5.0,0.0141,62.0,155372.0,4488.0
2021-01-05 09:32:13.680,0.0141,0.0142,5.0,0.0141,61.0,155371.0,4489.0
2021-01-05 09:32:14.180,0.0141,0.0142,5.0,0.0141,61.0,155371.0,4489.0
2021-01-05 09:32:14.660,0.0141,0.0142,5.0,0.0141,39.0,155369.0,4491.0
2021-01-05 09:32:15.171,0.0141,0.0142,5.0,0.0141,39.0,155369.0,4491.0
2021-01-05 09:32:15.671,0.0141,0.0142,5.0,0.0141,39.0,155369.0,4491.0
2021-01-05 09:32:16.151,0.0141,0.0142,5.0,0.0141,41.0,155369.0,4491.0
2021-01-05 09:32:16.551,0.0142,0.0143,83.0,0.0142,5.0,155366.0,4496.0
2021-01-05 09:32:17.161,0.0142,0.0143,83.0,0.0142,5.0,155366.0,4496.0
2021-01-05 09:32:17.651,0.0142,0.0142,45.0,0.0141,41.0,155366.0,4501.0
2021-01-05 09:32:18.130,0.0141,0.0142,46.0,0.0141,28.0,155367.0,4515.0
2021-01-05 09:32:18.670,0.0141,0.0142,46.0,0.0141,15.0,155374.0,4528.0
2021-01-05 09:32:19.150,0.0141,0.0142,46.0,0.0141,15.0,155374.0,4528.0
2021-01-05 09:32:19.670,0.0141,0.0141,1.0,0.014,31.0,155379.0,4543.0
2021-01-05 09:32:20.151,0.0141,0.0141,13.0,0.014,41.0,155379.0,4543.0
2021-01-05 09:32:20.600,0.0141,0.0142,27.0,0.014,64.0,155379.0,4543.0
2021-01-05 09:32:21.171,0.0141,0.0142,7.0,0.0141,13.0,155379.0,4543.0
2021-01-05 09:32:21.680,0.0141,0.0142,7.0,0.0141,43.0,155379.0,4543.0
2021-01-05 09:32:22.181,0.0141,0.0142,7.0,0.0141,20.0,155379.0,4543.0
2021-01-05 09:32:22.650,0.014,0.0142,7.0,0.0141,13.0,155360.0,4576.0
2021-01-05 09:32:23.180,0.0142,0.0143,55.0,0.0142,12.0,155390.0,4614.0
2021-01-05 09:32:23.580,0.0143,0.0143,9.0,0.0142,9.0,155394.0,4663.0
2021-01-05 09:32:24.160,0.0141,0.0143,9.0,0.0141,32.0,155394.0,4679.0
2021-01-05 09:32:24.640,0.0141,0.0143,9.0,0.0141,47.0,155394.0,4691.0
2021-01-05 09:32:25.170,0.0141,0.0143,22.0,0.0141,9.0,155394.0,4702.0
2021-01-05 09:32:25.670,0.014,0.0143,6.0,0.0141,2.0,155365.0,4770.0
2021-01-05 09:32:26.171,0.0141,0.0143,10.0,0.0142,17.0,155389.0,4828.0
2021-01-05 09:32:26.581,0.0143,0.0143,32.0,0.0142,22.0,155389.0,4834.0
2021-01-05 09:32:27.670,0.0143,0.0143,31.0,0.0142,12.0,155389.0,4835.0
2021-01-05 09:32:28.161,0.0142,0.0142,11.0,0.014,29.0,155378.0,4867.0
2021-01-05 09:32:28.630,0.0142,0.0142,5.0,0.014,57.0,155378.0,4867.0
2021-01-05 09:32:29.180,0.0142,0.0142,58.0,0.014,57.0,155379.0,4874.0
2021-01-05 09:32:29.650,0.0142,0.0142,45.0,0.014,57.0,155386.0,4891.0
2021-01-05 09:32:30.171,0.0142,0.0142,43.0,0.014,57.0,155388.0,4893.0
2021-01-05 09:32:30.671,0.0141,0.0142,43.0,0.0141,18.0,155386.0,4896.0
2021-01-05 09:32:31.080,0.0142,0.0142,30.0,0.0141,18.0,155399.0,4909.0
2021-01-05 09:32:31.631,0.0142,0.0142,43.0,0.014,20.0,155399.0,4909.0
2021-01-05 09:32:32.121,0.0142,0.0142,30.0,0.014,43.0,155399.0,4909.0
2021-01-05 09:32:32.570,0.0142,0.0142,29.0,0.014,43.0,155400.0,4910.0
2021-01-05 09:32:32.941,0.0142,0.0142,29.0,0.014,43.0,155400.0,4910.0
2021-01-05 09:32:33.671,0.0142,0.0142,29.0,0.014,43.0,155400.0,4910.0
2021-01-05 09:32:34.171,0.0142,0.0142,11.0,0.0141,13.0,155416.0,4926.0
2021-01-05 09:32:34.691,0.0142,0.0142,9.0,0.0141,20.0,155416.0,4928.0
2021-01-05 09:32:35.170,0.0142,0.0142,9.0,0.0141,20.0,155416.0,4928.0
2021-01-05 09:32:35.671,0.0142,0.0142,21.0,0.0141,20.0,155416.0,4929.0
2021-01-05 09:32:36.190,0.0141,0.0142,8.0,0.0141,18.0,155416.0,4931.0
2021-01-05 09:32:36.691,0.0141,0.0142,8.0,0.0141,18.0,155416.0,4931.0
2021-01-05 09:32:37.150,0.0141,0.0142,8.0,0.014,30.0,155416.0,4931.0
2021-01-05 09:32:37.640,0.0141,0.0142,8.0,0.014,43.0,155416.0,4931.0
2021-01-05 09:32:38.190,0.0142,0.0142,7.0,0.014,30.0,155416.0,4932.0
2021-01-05 09:32:38.670,0.0141,0.0141,40.0,0.014,33.0,155426.0,4942.0
2021-01-05 09:32:39.200,0.0141,0.0141,41.0,0.014,33.0,155435.0,4951.0
2021-01-05 09:32:39.630,0.0141,0.0141,41.0,0.014,33.0,155435.0,4951.0
2021-01-05 09:32:40.151,0.0141,0.0141,41.0,0.014,20.0,155435.0,4951.0
2021-01-05 09:32:41.200,0.0141,0.0141,41.0,0.014,20.0,155435.0,4951.0
2021-01-05 09:32:41.690,0.0141,0.0141,54.0,0.0139,25.0,155435.0,4951.0
2021-01-05 09:32:42.161,0.0141,0.0141,40.0,0.014,20.0,155436.0,4952.0
2021-01-05 09:32:42.700,0.0141,0.0141,53.0,0.0139,25.0,155436.0,4952.0
2021-01-05 09:32:43.131,0.0141,0.0141,33.0,0.0139,48.0,155436.0,4969.0
2021-01-05 09:32:43.580,0.014,0.014,9.0,0.0139,53.0,155437.0,4970.0
2021-01-05 09:32:44.151,0.0141,0.0141,3.0,0.0139,63.0,155446.0,5009.0
2021-01-05 09:32:44.700,0.0142,0.0142,45.0,0.0141,57.0,155440.0,5027.0
2021-01-05 09:32:44.990,0.0141,0.0142,45.0,0.0141,74.0,155430.0,5037.0
2021-01-05 09:32:45.580,0.0141,0.0142,45.0,0.0141,74.0,155430.0,5037.0
2021-01-05 09:32:46.160,0.0141,0.0142,45.0,0.0141,73.0,155430.0,5038.0
2021-01-05 09:32:46.610,0.0141,0.0142,45.0,0.0141,73.0,155430.0,5038.0
2021-01-05 09:32:47.201,0.0141,0.0142,45.0,0.0141,68.0,155425.0,5043.0
2021-01-05 09:32:47.701,0.0142,0.0142,22.0,0.0141,68.0,155425.0,5053.0
2021-01-05 09:32:48.181,0.0142,0.0142,22.0,0.0141,68.0,155425.0,5053.0
2021-01-05 09:32:48.690,0.0142,0.0142,22.0,0.0141,68.0,155425.0,5053.0
2021-01-05 09:32:49.190,0.0141,0.0142,15.0,0.0141,16.0,155425.0,5105.0
2021-01-05 09:32:49.670,0.0141,0.014,19.0,0.0139,18.0,155425.0,5121.0
2021-01-05 09:32:50.171,0.0139,0.014,20.0,0.0138,39.0,155425.0,5145.0
2021-01-05 09:32:50.700,0.0139,0.014,80.0,0.0139,28.0,155425.0,5145.0
2021-01-05 09:32:51.170,0.0139,0.014,110.0,0.0139,13.0,155425.0,5145.0
2021-01-05 09:32:51.701,0.0139,0.0139,7.0,0.0138,39.0,155435.0,5158.0
2021-01-05 09:32:51.701,0.0139,0.014,153.0,0.0138,11.0,155435.0,5158.0
2021-01-05 09:32:52.671,0.0139,0.0139,4.0,0.0138,11.0,155434.0,5159.0
2021-01-05 09:32:53.161,0.0139,0.014,213.0,0.0138,44.0,155434.0,5163.0
2021-01-05 09:32:53.641,0.0139,0.014,260.0,0.0138,72.0,155434.0,5163.0
2021-01-05 09:32:54.181,0.014,0.014,248.0,0.0139,20.0,155437.0,5169.0
2021-01-05 09:32:54.671,0.014,0.014,232.0,0.0139,20.0,155437.0,5172.0
2021-01-05 09:32:55.161,0.0139,0.014,232.0,0.0139,19.0,155436.0,5173.0
2021-01-05 09:32:55.650,0.0139,0.014,232.0,0.0139,19.0,155436.0,5173.0
2021-01-05 09:32:56.150,0.0139,0.014,232.0,0.0138,44.0,155436.0,5173.0
2021-01-05 09:32:56.561,0.0139,0.014,252.0,0.0138,59.0,155436.0,5173.0
2021-01-05 09:32:57.130,0.014,0.0139,10.0,0.0138,69.0,155447.0,5184.0
2021-01-05 09:32:57.600,0.0138,0.0139,10.0,0.0138,64.0,155452.0,5189.0
2021-01-05 09:32:58.171,0.0139,0.0139,10.0,0.0138,64.0,155450.0,5191.0
2021-01-05 09:32:58.651,0.0139,0.0139,5.0,0.0138,64.0,155445.0,5196.0
2021-01-05 09:32:59.170,0.0139,0.0139,5.0,0.0138,54.0,155445.0,5196.0
2021-01-05 09:32:59.621,0.0139,0.0139,5.0,0.0138,6.0,155445.0,5196.0
2021-01-05 09:33:00.180,0.0139,0.0139,26.0,0.0138,19.0,155445.0,5196.0
2021-01-05 09:33:00.651,0.0139,0.0139,26.0,0.0138,19.0,155445.0,5196.0
2021-01-05 09:33:01.141,0.0139,0.0139,26.0,0.0138,41.0,155445.0,5196.0
2021-01-05 09:33:01.661,0.0139,0.0139,11.0,0.0138,69.0,155440.0,5211.0
2021-01-05 09:33:02.130,0.0139,0.0139,11.0,0.0138,64.0,155440.0,5211.0
2021-01-05 09:33:02.620,0.0138,0.014,221.0,0.0139,10.0,155436.0,5232.0
2021-01-05 09:33:03.121,0.014,0.014,191.0,0.0139,40.0,155436.0,5262.0
2021-01-05 09:33:03.681,0.014,0.014,190.0,0.0139,58.0,155436.0,5263.0
2021-01-05 09:33:04.140,0.014,0.014,189.0,0.0139,88.0,155436.0,5264.0
2021-01-05 09:33:04.651,0.014,0.014,153.0,0.0139,55.0,155450.0,5300.0
2021-01-05 09:33:05.181,0.014,0.014,38.0,0.0139,30.0,155507.0,5415.0
2021-01-05 09:33:05.690,0.014,0.0141,36.0,0.014,1.0,155517.0,5453.0
2021-01-05 09:33:06.170,0.014,0.0141,36.0,0.014,44.0,155517.0,5453.0
2021-01-05 09:33:06.681,0.014,0.0141,36.0,0.014,31.0,155517.0,5453.0
2021-01-05 09:33:07.171,0.0141,0.0141,33.0,0.014,31.0,155514.0,5456.0
2021-01-05 09:33:07.601,0.0141,0.0141,29.0,0.014,21.0,155510.0,5460.0
2021-01-05 09:33:08.191,0.014,0.0141,29.0,0.014,9.0,155511.0,5472.0
2021-01-05 09:33:08.681,0.014,0.0141,20.0,0.014,13.0,155502.0,5483.0
2021-01-05 09:33:09.040,0.014,0.0141,20.0,0.014,33.0,155512.0,5493.0
2021-01-05 09:33:09.630,0.014,0.0141,20.0,0.014,13.0,155512.0,5493.0
2021-01-05 09:33:10.180,0.014,0.0141,20.0,0.014,13.0,155512.0,5493.0
2021-01-05 09:33:10.400,0.014,0.0141,20.0,0.014,10.0,155523.0,5508.0
2021-01-05 09:33:11.180,0.014,0.0141,20.0,0.014,45.0,155523.0,5508.0
2021-01-05 09:33:11.670,0.014,0.0141,20.0,0.014,40.0,155523.0,5511.0
2021-01-05 09:33:12.181,0.014,0.0141,20.0,0.014,20.0,155523.0,5511.0
2021-01-05 09:33:12.650,0.014,0.0141,33.0,0.014,19.0,155522.0,5512.0
2021-01-05 09:33:13.100,0.014,0.014,3.0,0.0139,40.0,155522.0,5512.0
2021-01-05 09:33:13.691,0.014,0.014,3.0,0.0139,73.0,155522.0,5512.0
2021-01-05 09:33:14.650,0.014,0.014,3.0,0.0139,60.0,155522.0,5512.0
2021-01-05 09:33:15.140,0.014,0.014,2.0,0.0139,63.0,155523.0,5513.0
2021-01-05 09:33:15.651,0.014,0.014,2.0,0.0139,88.0,155523.0,5513.0
2021-01-05 09:33:16.171,0.014,0.0141,20.0,0.014,17.0,155525.0,5515.0
2021-01-05 09:33:16.671,0.014,0.0141,20.0,0.014,50.0,155525.0,5515.0
2021-01-05 09:33:17.190,0.014,0.0141,20.0,0.014,86.0,155525.0,5515.0
2021-01-05 09:33:17.691,0.014,0.0141,20.0,0.014,86.0,155525.0,5515.0
2021-01-05 09:33:18.160,0.014,0.0141,20.0,0.014,75.0,155531.0,5525.0
2021-01-05 09:33:18.680,0.014,0.0141,22.0,0.014,47.0,155531.0,5525.0
2021-01-05 09:33:19.191,0.0141,0.0141,12.0,0.014,60.0,155521.0,5535.0
2021-01-05 09:33:19.641,0.0142,0.0143,35.0,0.0141,1.0,155521.0,5549.0
2021-01-05 09:33:20.171,0.0142,0.0142,18.0,0.0141,32.0,155521.0,5549.0
2021-01-05 09:33:20.680,0.0142,0.0142,5.0,0.0141,32.0,155521.0,5559.0
2021-01-05 09:33:21.160,0.0142,0.0142,5.0,0.0141,42.0,155521.0,5559.0
2021-01-05 09:33:21.681,0.0142,0.0142,2.0,0.0141,31.0,155518.0,5562.0
2021-01-05 09:33:22.150,0.0142,0.0142,2.0,0.0141,31.0,155518.0,5562.0
2021-01-05 09:33:22.670,0.0142,0.0142,2.0,0.0141,54.0,155518.0,5562.0
2021-01-05 09:33:23.151,0.0141,0.0143,15.0,0.0141,41.0,155538.0,5584.0
2021-01-05 09:33:23.660,0.0141,0.0143,15.0,0.0141,31.0,155538.0,5584.0
2021-01-05 09:33:24.171,0.0141,0.0142,13.0,0.0141,31.0,155538.0,5584.0
2021-01-05 09:33:24.651,0.0141,0.0142,13.0,0.0141,31.0,155538.0,5584.0
2021-01-05 09:33:25.151,0.0141,0.0141,9.0,0.014,56.0,155539.0,5595.0
2021-01-05 09:33:25.581,0.014,0.0141,35.0,0.014,83.0,155542.0,5598.0
2021-01-05 09:33:26.161,0.0141,0.0141,55.0,0.014,48.0,155542.0,5608.0
2021-01-05 09:33:26.651,0.0141,0.0141,72.0,0.014,48.0,155545.0,5611.0
2021-01-05 09:33:27.171,0.0141,0.0141,82.0,0.014,63.0,155545.0,5611.0
2021-01-05 09:33:27.681,0.0141,0.0141,82.0,0.014,18.0,155545.0,5611.0
2021-01-05 09:33:28.180,0.0141,0.0141,82.0,0.014,56.0,155545.0,5611.0
2021-01-05 09:33:28.630,0.0141,0.0141,72.0,0.014,66.0,155545.0,5621.0
2021-01-05 09:33:29.171,0.0141,0.0141,42.0,0.014,48.0,155544.0,5651.0
2021-01-05 09:33:29.621,0.014,0.0141,50.0,0.014,8.0,155547.0,5666.0
2021-01-05 09:33:30.670,0.014,0.0141,37.0,0.014,8.0,155547.0,5666.0
2021-01-05 09:33:31.131,0.0141,0.0141,34.0,0.014,8.0,155547.0,5669.0
2021-01-05 09:33:31.680,0.0141,0.0141,29.0,0.014,8.0,155552.0,5674.0
2021-01-05 09:33:32.170,0.0141,0.0141,29.0,0.014,8.0,155552.0,5674.0
2021-01-05 09:33:33.171,0.0141,0.0141,29.0,0.014,8.0,155552.0,5674.0
2021-01-05 09:33:33.680,0.0141,0.0141,19.0,0.014,8.0,155562.0,5684.0
2021-01-05 09:33:34.170,0.0141,0.0141,32.0,0.014,8.0,155562.0,5684.0
2021-01-05 09:33:34.201,0.014,0.014,2.0,0.0139,50.0,155554.0,5692.0
2021-01-05 09:33:35.081,0.014,0.014,2.0,0.0139,60.0,155554.0,5692.0
2021-01-05 09:33:35.680,0.014,0.014,10.0,0.0139,60.0,155554.0,5692.0
2021-01-05 09:33:36.101,0.014,0.014,10.0,0.0139,73.0,155554.0,5692.0
2021-01-05 09:33:36.681,0.0141,0.0142,20.0,0.0141,11.0,155601.0,5771.0
2021-01-05 09:33:37.190,0.0141,0.0142,40.0,0.0141,11.0,155601.0,5771.0
2021-01-05 09:33:37.640,0.0141,0.0142,40.0,0.0141,21.0,155601.0,5771.0
2021-01-05 09:33:38.110,0.0141,0.0142,40.0,0.0141,11.0,155601.0,5771.0
2021-01-05 09:33:38.621,0.0141,0.0142,40.0,0.0141,11.0,155601.0,5771.0
2021-01-05 09:33:39.201,0.0141,0.0142,40.0,0.0141,10.0,155602.0,5772.0
2021-01-05 09:33:39.641,0.0141,0.0142,40.0,0.0141,10.0,155602.0,5772.0
2021-01-05 09:33:40.160,0.0141,0.0142,40.0,0.0141,5.0,155602.0,5777.0
2021-01-05 09:33:40.690,0.0141,0.0142,40.0,0.0141,5.0,155602.0,5777.0
2021-01-05 09:33:41.161,0.0141,0.0142,40.0,0.0141,5.0,155602.0,5777.0
2021-01-05 09:33:41.691,0.0141,0.0142,40.0,0.0141,5.0,155602.0,5777.0
2021-01-05 09:33:42.160,0.0141,0.0141,24.0,0.0139,93.0,155607.0,5782.0
2021-01-05 09:33:42.640,0.0141,0.0141,24.0,0.0139,53.0,155607.0,5782.0
2021-01-05 09:33:43.180,0.0141,0.0141,37.0,0.0139,30.0,155607.0,5782.0
2021-01-05 09:33:43.681,0.0141,0.0141,37.0,0.0139,40.0,155607.0,5782.0
2021-01-05 09:33:44.110,0.0141,0.0141,24.0,0.0139,30.0,155607.0,5782.0
2021-01-05 09:33:44.671,0.0141,0.0141,24.0,0.0139,43.0,155607.0,5782.0
2021-01-05 09:33:45.180,0.0141,0.0141,37.0,0.0139,40.0,155607.0,5782.0
2021-01-05 09:33:46.161,0.0139,0.014,13.0,0.0139,39.0,155606.0,5783.0
2021-01-05 09:33:46.680,0.0139,0.014,20.0,0.0139,4.0,155606.0,5783.0
2021-01-05 09:33:47.191,0.0139,0.014,20.0,0.0139,4.0,155606.0,5783.0
2021-01-05 09:33:48.171,0.0139,0.014,20.0,0.0139,14.0,155606.0,5783.0
2021-01-05 09:33:48.680,0.0139,0.014,20.0,0.0139,14.0,155606.0,5783.0
2021-01-05 09:33:49.120,0.0139,0.014,20.0,0.0139,14.0,155606.0,5783.0
2021-01-05 09:33:49.681,0.0139,0.014,33.0,0.0139,14.0,155606.0,5783.0
2021-01-05 09:33:50.130,0.0139,0.014,58.0,0.0139,4.0,155612.0,5793.0
2021-01-05 09:33:50.670,0.0139,0.014,30.0,0.0139,4.0,155612.0,5793.0
2021-01-05 09:33:50.901,0.0139,0.014,48.0,0.0139,4.0,155612.0,5793.0
2021-01-05 09:33:51.581,0.0139,0.014,20.0,0.0139,14.0,155612.0,5793.0
2021-01-05 09:33:52.190,0.0139,0.014,20.0,0.0139,4.0,155612.0,5793.0
2021-01-05 09:33:52.661,0.0139,0.014,48.0,0.0139,4.0,155612.0,5793.0
2021-01-05 09:33:53.171,0.0139,0.0139,46.0,0.0138,203.0,155612.0,5797.0
2021-01-05 09:33:53.650,0.0139,0.0139,18.0,0.0138,210.0,155599.0,5825.0
2021-01-05 09:33:54.180,0.0139,0.0139,18.0,0.0138,210.0,155599.0,5825.0
2021-01-05 09:33:54.610,0.0138,0.0139,18.0,0.0138,170.0,155629.0,5855.0
2021-01-05 09:33:55.181,0.0138,0.0139,18.0,0.0138,183.0,155629.0,5855.0
2021-01-05 09:33:55.650,0.0138,0.0139,18.0,0.0138,130.0,155629.0,5855.0
2021-01-05 09:33:56.120,0.0138,0.0139,18.0,0.0138,150.0,155629.0,5855.0
2021-01-05 09:33:57.171,0.0138,0.0139,38.0,0.0138,130.0,155629.0,5855.0
2021-01-05 09:33:57.671,0.0138,0.0139,38.0,0.0138,125.0,155634.0,5860.0
2021-01-05 09:33:58.170,0.0139,0.0139,37.0,0.0138,125.0,155634.0,5861.0
2021-01-05 09:33:58.670,0.0139,0.0139,49.0,0.0138,116.0,155643.0,5871.0
2021-01-05 09:33:59.140,0.0139,0.0139,28.0,0.0138,83.0,155676.0,5905.0
2021-01-05 09:33:59.690,0.0139,0.0139,27.0,0.0138,63.0,155696.0,5926.0
2021-01-05 09:34:00.191,0.0138,0.0139,27.0,0.0138,38.0,155716.0,5952.0
2021-01-05 09:34:00.671,0.0139,0.0139,26.0,0.0138,22.0,155736.0,5973.0
2021-01-05 09:34:01.140,0.0138,0.0138,8.0,0.0137,76.0,155752.0,5996.0
2021-01-05 09:34:01.661,0.0138,0.0138,28.0,0.0137,91.0,155752.0,5996.0
2021-01-05 09:34:02.080,0.0138,0.0138,17.0,0.0137,88.0,155745.0,6007.0
2021-01-05 09:34:02.671,0.0138,0.0138,17.0,0.0137,78.0,155745.0,6007.0
2021-01-05 09:34:03.171,0.0138,0.0138,17.0,0.0137,65.0,155745.0,6007.0
2021-01-05 09:34:03.670,0.0138,0.0138,17.0,0.0137,75.0,155745.0,6007.0
2021-01-05 09:34:04.120,0.0138,0.0138,17.0,0.0137,65.0,155745.0,6007.0
2021-01-05 09:34:04.671,0.0138,0.0138,17.0,0.0137,50.0,155745.0,6007.0
2021-01-05 09:34:05.121,0.0138,0.0138,50.0,0.0137,50.0,155745.0,6007.0
2021-01-05 09:34:05.630,0.0138,0.0138,37.0,0.0137,50.0,155745.0,6007.0
2021-01-05 09:34:06.191,0.0138,0.0138,37.0,0.0137,50.0,155745.0,6007.0
2021-01-05 09:34:06.671,0.0138,0.0138,37.0,0.0137,65.0,155745.0,6007.0
2021-01-05 09:34:07.630,0.0138,0.0138,50.0,0.0137,55.0,155745.0,6007.0
2021-01-05 09:34:08.171,0.0137,0.0138,48.0,0.0137,42.0,155758.0,6020.0
2021-01-05 09:34:08.690,0.0137,0.0138,28.0,0.0137,9.0,155791.0,6053.0
2021-01-05 09:34:09.170,0.0137,0.0138,63.0,0.0137,9.0,155791.0,6053.0
2021-01-05 09:34:09.670,0.0137,0.0138,61.0,0.0137,19.0,155791.0,6053.0
2021-01-05 09:34:10.140,0.0137,0.0138,63.0,0.0137,9.0,155791.0,6053.0
2021-01-05 09:34:10.690,0.0137,0.0137,10.0,0.0136,65.0,155799.0,6072.0
2021-01-05 09:34:11.151,0.0137,0.0138,60.0,0.0137,10.0,155790.0,6081.0
2021-01-05 09:34:11.681,0.0137,0.0138,27.0,0.0137,10.0,155790.0,6081.0
2021-01-05 09:34:12.121,0.0137,0.0138,27.0,0.0137,30.0,155790.0,6081.0
2021-01-05 09:34:12.640,0.0137,0.0137,13.0,0.0136,65.0,155790.0,6081.0
2021-01-05 09:34:13.191,0.0137,0.0138,75.0,0.0137,3.0,155790.0,6091.0
2021-01-05 09:34:13.650,0.0137,0.0138,27.0,0.0137,13.0,155790.0,6091.0
2021-01-05 09:34:14.181,0.0137,0.0138,27.0,0.0137,13.0,155790.0,6091.0
2021-01-05 09:34:14.691,0.0138,0.0138,25.0,0.0137,26.0,155792.0,6093.0
2021-01-05 09:34:15.181,0.0137,0.0138,22.0,0.0137,50.0,155788.0,6106.0
2021-01-05 09:34:15.681,0.0138,0.0139,1.0,0.0138,1.0,155789.0,6120.0
2021-01-05 09:34:16.190,0.0138,0.0139,21.0,0.0137,35.0,155789.0,6120.0
2021-01-05 09:34:16.630,0.0138,0.0139,31.0,0.0136,47.0,155789.0,6120.0
2021-01-05 09:34:16.970,0.0138,0.0139,31.0,0.0137,28.0,155789.0,6120.0
2021-01-05 09:34:17.690,0.0138,0.0138,20.0,0.0137,28.0,155789.0,6120.0
2021-01-05 09:34:18.201,0.0138,0.0138,20.0,0.0137,15.0,155789.0,6120.0
2021-01-05 09:34:18.620,0.0137,0.0138,20.0,0.0137,15.0,155789.0,6131.0
2021-01-05 09:34:19.041,0.0137,0.0138,20.0,0.0136,45.0,155789.0,6131.0
2021-01-05 09:34:19.661,0.0137,0.0138,33.0,0.0137,15.0,155789.0,6131.0
2021-01-05 09:34:20.161,0.0137,0.0138,33.0,0.0137,15.0,155789.0,6131.0
2021-01-05 09:34:20.651,0.0137,0.0138,20.0,0.0137,10.0,155809.0,6151.0
2021-01-05 09:34:21.131,0.0137,0.0138,33.0,0.0136,44.0,155809.0,6151.0
2021-01-05 09:34:21.690,0.0137,0.0138,34.0,0.0136,19.0,155809.0,6151.0
2021-01-05 09:34:22.151,0.0137,0.0138,21.0,0.0136,32.0,155809.0,6151.0
2021-01-05 09:34:22.651,0.0137,0.0138,21.0,0.0136,57.0,155809.0,6151.0
2021-01-05 09:34:23.181,0.0137,0.0138,21.0,0.0136,34.0,155809.0,6151.0
2021-01-05 09:34:23.661,0.0137,0.0138,34.0,0.0136,19.0,155809.0,6151.0
2021-01-05 09:34:24.170,0.0136,0.0137,13.0,0.0136,18.0,155809.0,6152.0
2021-01-05 09:34:24.600,0.0136,0.0138,34.0,0.0136,16.0,155809.0,6164.0
2021-01-05 09:34:25.150,0.0136,0.0138,21.0,0.0136,29.0,155809.0,6164.0
2021-01-05 09:34:25.671,0.0136,0.0138,21.0,0.0136,25.0,155810.0,6168.0
2021-01-05 09:34:26.170,0.0136,0.0138,21.0,0.0136,22.0,155811.0,6171.0
2021-01-05 09:34:26.641,0.0136,0.0138,21.0,0.0136,34.0,155811.0,6171.0
2021-01-05 09:34:27.150,0.0136,0.0138,21.0,0.0136,20.0,155811.0,6175.0
2021-01-05 09:34:27.580,0.0136,0.0138,21.0,0.0136,28.0,155811.0,6177.0
2021-01-05 09:34:28.120,0.0136,0.0138,21.0,0.0136,31.0,155811.0,6179.0
2021-01-05 09:34:28.621,0.0136,0.0138,44.0,0.0136,1.0,155811.0,6181.0
2021-01-05 09:34:29.101,0.0136,0.0138,21.0,0.0135,147.0,155810.0,6183.0
2021-01-05 09:34:29.601,0.0135,0.0138,34.0,0.0135,158.0,155810.0,6185.0
2021-01-05 09:34:30.170,0.0136,0.0137,5.0,0.0136,25.0,155815.0,6190.0
2021-01-05 09:34:30.621,0.0138,0.0139,34.0,0.0138,4.0,155810.0,6219.0
2021-01-05 09:34:31.190,0.0136,0.0138,29.0,0.0136,42.0,155810.0,6233.0
2021-01-05 09:34:31.691,0.0136,0.0138,29.0,0.0136,10.0,155810.0,6235.0
2021-01-05 09:34:32.121,0.0136,0.0138,29.0,0.0136,8.0,155810.0,6237.0
2021-01-05 09:34:32.690,0.0135,0.0136,2.0,0.0135,146.0,155818.0,6247.0
2021-01-05 09:34:33.090,0.0135,0.0138,29.0,0.0135,143.0,155823.0,6252.0
2021-01-05 09:34:33.691,0.0135,0.0137,20.0,0.0135,120.0,155833.0,6265.0
2021-01-05 09:34:34.171,0.0135,0.0137,20.0,0.0135,100.0,155853.0,6285.0
2021-01-05 09:34:34.640,0.0135,0.0137,20.0,0.0135,85.0,155867.0,6300.0
2021-01-05 09:34:35.130,0.0135,0.0137,20.0,0.0135,55.0,155877.0,6310.0
2021-01-05 09:34:35.670,0.0137,0.0137,19.0,0.0135,45.0,155888.0,6321.0
2021-01-05 09:34:36.171,0.0135,0.0137,19.0,0.0135,28.0,155905.0,6338.0
2021-01-05 09:34:36.680,0.0135,0.0137,32.0,0.0134,33.0,155908.0,6341.0
2021-01-05 09:34:37.161,0.0135,0.0135,1.0,0.0134,48.0,155908.0,6341.0
2021-01-05 09:34:37.481,0.0135,0.0135,1.0,0.0134,20.0,155908.0,6341.0
2021-01-05 09:34:38.171,0.0134,0.0136,13.0,0.0133,58.0,155909.0,6363.0
2021-01-05 09:34:38.690,0.0134,0.0136,13.0,0.0133,65.0,155909.0,6363.0
2021-01-05 09:34:39.091,0.0136,0.0136,13.0,0.0135,15.0,155909.0,6383.0
2021-01-05 09:34:39.470,0.0135,0.0136,28.0,0.0135,2.0,155912.0,6396.0
2021-01-05 09:34:40.171,0.0135,0.0136,27.0,0.0135,7.0,155910.0,6402.0
2021-01-05 09:34:40.651,0.0136,0.0136,39.0,0.0135,7.0,155911.0,6403.0
2021-01-05 09:34:41.201,0.0136,0.0136,39.0,0.0135,7.0,155911.0,6403.0
2021-01-05 09:34:42.680,0.0136,0.0136,11.0,0.0135,7.0,155911.0,6403.0
2021-01-05 09:34:43.191,0.0136,0.0136,11.0,0.0134,13.0,155911.0,6403.0
2021-01-05 09:34:43.660,0.0136,0.0135,3.0,0.0134,13.0,155911.0,6403.0
2021-01-05 09:34:44.011,0.0136,0.0135,3.0,0.0133,78.0,155911.0,6403.0
2021-01-05 09:34:44.651,0.0136,0.0135,3.0,0.0134,10.0,155911.0,6403.0
2021-01-05 09:34:45.200,0.0136,0.0135,16.0,0.0134,10.0,155911.0,6403.0
2021-01-05 09:34:45.721,0.0136,0.0135,3.0,0.0134,10.0,155911.0,6403.0
2021-01-05 09:34:46.140,0.0135,0.0135,15.0,0.0133,50.0,155912.0,6404.0
2021-01-05 09:34:46.660,0.0135,0.0135,2.0,0.0133,63.0,155912.0,6404.0
2021-01-05 09:34:47.181,0.0135,0.0134,100.0,0.0133,63.0,155912.0,6404.0
2021-01-05 09:34:47.701,0.0134,0.0134,98.0,0.0133,53.0,155915.0,6407.0
2021-01-05 09:34:48.141,0.0134,0.0134,103.0,0.0133,50.0,155915.0,6407.0
2021-01-05 09:34:48.700,0.0134,0.0134,99.0,0.0133,63.0,155919.0,6411.0
2021-01-05 09:34:49.210,0.0134,0.0134,93.0,0.0133,61.0,155925.0,6419.0
2021-01-05 09:34:49.701,0.0134,0.0134,80.0,0.0133,61.0,155928.0,6432.0
2021-01-05 09:34:50.161,0.0134,0.0134,80.0,0.0133,61.0,155928.0,6432.0
2021-01-05 09:34:50.700,0.0134,0.0134,80.0,0.0133,81.0,155928.0,6432.0
2021-01-05 09:34:51.131,0.0134,0.0134,23.0,0.0133,51.0,155985.0,6499.0
2021-01-05 09:34:51.651,0.0134,0.0134,22.0,0.0133,71.0,155985.0,6500.0
2021-01-05 09:34:52.101,0.0134,0.0134,22.0,0.0133,48.0,155985.0,6500.0
2021-01-05 09:34:52.650,0.0134,0.0134,22.0,0.0133,61.0,155985.0,6500.0
2021-01-05 09:34:53.180,0.0134,0.0134,35.0,0.0133,58.0,155985.0,6500.0
2021-01-05 09:34:53.651,0.0134,0.0134,32.0,0.0133,18.0,155985.0,6500.0
2021-01-05 09:34:54.170,0.0134,0.0134,35.0,0.0133,18.0,155985.0,6500.0
2021-01-05 09:34:54.631,0.0134,0.0134,43.0,0.0133,18.0,156029.0,6550.0
2021-01-05 09:34:55.161,0.0133,0.0133,20.0,0.0132,62.0,156037.0,6558.0
2021-01-05 09:34:55.651,0.0133,0.0133,34.0,0.0132,62.0,156037.0,6558.0
2021-01-05 09:34:56.141,0.0133,0.0133,30.0,0.0132,62.0,156042.0,6563.0
2021-01-05 09:34:56.681,0.0132,0.0133,33.0,0.0132,42.0,156062.0,6583.0
2021-01-05 09:34:57.130,0.0132,0.0133,30.0,0.0132,42.0,156062.0,6583.0
2021-01-05 09:34:57.670,0.0132,0.0133,38.0,0.0132,22.0,156082.0,6603.0
2021-01-05 09:34:58.131,0.0132,0.0133,68.0,0.0132,17.0,156082.0,6608.0
2021-01-05 09:34:58.640,0.0132,0.0132,16.0,0.0131,36.0,156099.0,6625.0
2021-01-05 09:34:58.940,0.0132,0.0132,28.0,0.0131,26.0,156099.0,6625.0
2021-01-05 09:34:59.660,0.0132,0.0132,48.0,0.0131,26.0,156099.0,6625.0
2021-01-05 09:35:00.160,0.0132,0.0132,108.0,0.0131,26.0,156099.0,6625.0
2021-01-05 09:35:00.630,0.0132,0.0132,153.0,0.0131,26.0,156099.0,6625.0
2021-01-05 09:35:01.070,0.0131,0.0132,143.0,0.0131,6.0,156119.0,6645.0
2021-01-05 09:35:01.620,0.0131,0.0132,148.0,0.0131,6.0,156119.0,6645.0
2021-01-05 09:35:02.181,0.0131,0.0132,148.0,0.0131,13.0,156119.0,6648.0
2021-01-05 09:35:02.680,0.0131,0.0132,148.0,0.0131,10.0,156113.0,6657.0
2021-01-05 09:35:03.180,0.0131,0.0131,3.0,0.013,82.0,156108.0,6682.0
2021-01-05 09:35:03.660,0.0131,0.0132,105.0,0.0131,9.0,156110.0,6695.0
2021-01-05 09:35:04.061,0.0131,0.0132,105.0,0.013,92.0,156110.0,6695.0
2021-01-05 09:35:05.180,0.013,0.0132,138.0,0.013,87.0,156110.0,6700.0
2021-01-05 09:35:05.671,0.013,0.0131,5.0,0.013,137.0,156110.0,6700.0
2021-01-05 09:35:06.180,0.013,0.0131,10.0,0.013,117.0,156110.0,6700.0
2021-01-05 09:35:06.680,0.013,0.0131,10.0,0.013,107.0,156110.0,6700.0
2021-01-05 09:35:07.131,0.013,0.0131,30.0,0.013,117.0,156110.0,6700.0
2021-01-05 09:35:07.650,0.013,0.0131,30.0,0.013,103.0,156114.0,6704.0
2021-01-05 09:35:08.190,0.013,0.0131,42.0,0.013,84.0,156133.0,6723.0
2021-01-05 09:35:08.680,0.013,0.0131,57.0,0.013,67.0,156150.0,6740.0
2021-01-05 09:35:09.191,0.013,0.013,12.0,0.0129,1.0,156217.0,6807.0
2021-01-05 09:35:09.511,0.013,0.013,12.0,0.0129,1.0,156218.0,6808.0
2021-01-05 09:35:10.180,0.013,0.013,32.0,0.0129,1.0,156219.0,6809.0
2021-01-05 09:35:10.691,0.013,0.013,32.0,0.0129,11.0,156219.0,6809.0
2021-01-05 09:35:11.160,0.013,0.013,35.0,0.0129,11.0,156219.0,6809.0
2021-01-05 09:35:11.671,0.013,0.013,41.0,0.0129,1.0,156219.0,6809.0
2021-01-05 09:35:12.101,0.013,0.013,25.0,0.0129,1.0,156219.0,6809.0
2021-01-05 09:35:12.691,0.013,0.013,25.0,0.0129,11.0,156219.0,6809.0
2021-01-05 09:35:13.181,0.0129,0.0129,39.0,0.0128,40.0,156214.0,6840.0
2021-01-05 09:35:13.640,0.0129,0.0131,21.0,0.0129,23.0,156217.0,6889.0
2021-01-05 09:35:14.191,0.013,0.0131,21.0,0.013,25.0,156212.0,6894.0
2021-01-05 09:35:14.700,0.0129,0.0131,11.0,0.0129,78.0,156195.0,6925.0
2021-01-05 09:35:15.171,0.0129,0.0131,1.0,0.013,10.0,156172.0,6971.0
2021-01-05 09:35:15.701,0.0129,0.0131,1.0,0.013,20.0,156172.0,6971.0
2021-01-05 09:35:16.151,0.0129,0.0131,14.0,0.013,20.0,156172.0,6971.0
2021-01-05 09:35:16.660,0.013,0.0131,1.0,0.013,21.0,156172.0,6980.0
2021-01-05 09:35:17.190,0.0131,0.0132,124.0,0.0131,9.0,156172.0,6981.0
2021-01-05 09:35:17.680,0.0131,0.0132,124.0,0.0131,9.0,156172.0,6981.0
2021-01-05 09:35:18.170,0.0131,0.0132,111.0,0.0131,9.0,156172.0,6981.0
2021-01-05 09:35:18.641,0.0131,0.0132,103.0,0.0131,15.0,156173.0,6985.0
2021-01-05 09:35:19.180,0.0131,0.0132,90.0,0.013,24.0,156167.0,6996.0
2021-01-05 09:35:19.641,0.0131,0.0132,103.0,0.013,21.0,156167.0,6998.0
2021-01-05 09:35:20.120,0.0131,0.0132,103.0,0.013,21.0,156167.0,6998.0
2021-01-05 09:35:20.681,0.0131,0.0131,12.0,0.013,34.0,156167.0,6998.0
2021-01-05 09:35:21.161,0.013,0.013,9.0,0.0129,110.0,156167.0,7018.0
2021-01-05 09:35:21.601,0.0129,0.013,9.0,0.0129,41.0,156177.0,7028.0
2021-01-05 09:35:22.020,0.0129,0.013,29.0,0.0129,64.0,156177.0,7028.0
2021-01-05 09:35:22.650,0.0129,0.013,29.0,0.0129,64.0,156177.0,7028.0
2021-01-05 09:35:23.151,0.0129,0.013,20.0,0.0129,64.0,156177.0,7028.0
2021-01-05 09:35:23.680,0.0129,0.013,20.0,0.0129,41.0,156177.0,7028.0
2021-01-05 09:35:24.171,0.0129,0.013,35.0,0.0129,71.0,156177.0,7028.0
2021-01-05 09:35:24.640,0.0129,0.013,35.0,0.0129,41.0,156177.0,7028.0
2021-01-05 09:35:25.170,0.0129,0.013,48.0,0.0129,41.0,156177.0,7028.0
2021-01-05 09:35:25.660,0.0129,0.013,35.0,0.0129,51.0,156177.0,7028.0
2021-01-05 09:35:26.160,0.0129,0.013,20.0,0.0129,51.0,156177.0,7028.0
2021-01-05 09:35:26.651,0.0129,0.013,40.0,0.0129,51.0,156177.0,7028.0
2021-01-05 09:35:27.130,0.0129,0.013,40.0,0.0129,41.0,156177.0,7028.0
2021-01-05 09:35:27.641,0.013,0.013,35.0,0.0129,52.0,156182.0,7045.0
2021-01-05 09:35:28.131,0.013,0.013,15.0,0.0129,52.0,156182.0,7045.0
2021-01-05 09:35:28.321,0.013,0.013,10.0,0.0129,53.0,156187.0,7050.0
2021-01-05 09:35:29.160,0.013,0.013,10.0,0.0129,40.0,156187.0,7050.0
2021-01-05 09:35:29.641,0.0129,0.013,10.0,0.0129,38.0,156187.0,7052.0
2021-01-05 09:35:30.121,0.013,0.0131,58.0,0.0129,28.0,156197.0,7062.0
2021-01-05 09:35:30.690,0.0129,0.0131,49.0,0.0128,92.0,156225.0,7092.0
2021-01-05 09:35:31.170,0.0129,0.0131,49.0,0.0129,10.0,156225.0,7092.0
2021-01-05 09:35:31.301,0.0129,0.0131,49.0,0.0129,10.0,156225.0,7092.0
2021-01-05 09:35:32.150,0.0129,0.0131,59.0,0.0129,10.0,156225.0,7092.0
2021-01-05 09:35:32.630,0.0129,0.0131,49.0,0.0129,10.0,156225.0,7092.0
2021-01-05 09:35:33.191,0.013,0.013,34.0,0.0128,102.0,156225.0,7093.0
2021-01-05 09:35:33.650,0.013,0.0129,10.0,0.0128,69.0,156225.0,7093.0
2021-01-05 09:35:34.190,0.0129,0.013,44.0,0.0128,22.0,156235.0,7103.0
2021-01-05 09:35:34.691,0.0129,0.013,44.0,0.0128,22.0,156235.0,7103.0
2021-01-05 09:35:35.200,0.0129,0.013,34.0,0.0128,32.0,156235.0,7103.0
2021-01-05 09:35:35.690,0.0129,0.013,44.0,0.0128,22.0,156235.0,7103.0
2021-01-05 09:35:36.180,0.0128,0.013,57.0,0.0128,4.0,156240.0,7108.0
2021-01-05 09:35:36.601,0.0128,0.013,57.0,0.0128,14.0,156240.0,7108.0
2021-01-05 09:35:37.171,0.0128,0.013,47.0,0.0128,14.0,156240.0,7108.0
2021-01-05 09:35:38.190,0.0128,0.013,19.0,0.0128,27.0,156240.0,7108.0
2021-01-05 09:35:38.651,0.0128,0.013,19.0,0.0128,23.0,156238.0,7114.0
2021-01-05 09:35:39.690,0.0128,0.013,29.0,0.0128,63.0,156238.0,7114.0
2021-01-05 09:35:40.191,0.0128,0.013,19.0,0.0129,13.0,156238.0,7114.0
2021-01-05 09:35:40.691,0.0128,0.013,1.0,0.0128,78.0,156238.0,7114.0
2021-01-05 09:35:41.680,0.0128,0.013,1.0,0.0128,78.0,156238.0,7114.0
2021-01-05 09:35:42.160,0.0128,0.013,11.0,0.0128,78.0,156238.0,7114.0
2021-01-05 09:35:42.621,0.0128,0.0129,20.0,0.0128,53.0,156238.0,7114.0
2021-01-05 09:35:43.190,0.0129,0.0129,10.0,0.0128,40.0,156238.0,7124.0
2021-01-05 09:35:43.661,0.0129,0.0129,11.0,0.0128,78.0,156238.0,7124.0
2021-01-05 09:35:43.970,0.0129,0.0129,11.0,0.0128,40.0,156238.0,7124.0
2021-01-05 09:35:44.600,0.0128,0.0129,24.0,0.0128,20.0,156230.0,7132.0
2021-01-05 09:35:45.071,0.0128,0.0129,24.0,0.0128,30.0,156230.0,7132.0
2021-01-05 09:35:45.670,0.0128,0.0129,24.0,0.0128,20.0,156230.0,7132.0
2021-01-05 09:35:46.141,0.0128,0.0129,11.0,0.0128,20.0,156230.0,7132.0
2021-01-05 09:35:46.700,0.0128,0.0129,44.0,0.0128,20.0,156230.0,7132.0
2021-01-05 09:35:47.201,0.0128,0.0129,44.0,0.0128,10.0,156240.0,7142.0
2021-01-05 09:35:47.680,0.0128,0.0129,44.0,0.0128,8.0,156240.0,7144.0
2021-01-05 09:35:48.181,0.0128,0.0129,54.0,0.0128,8.0,156240.0,7144.0
2021-01-05 09:35:48.700,0.0129,0.0129,42.0,0.0128,8.0,156238.0,7146.0
2021-01-05 09:35:49.001,0.0128,0.0129,57.0,0.0128,7.0,156239.0,7147.0
2021-01-05 09:35:49.701,0.0128,0.0129,57.0,0.0128,7.0,156239.0,7147.0
2021-01-05 09:35:50.121,0.0128,0.0129,77.0,0.0128,7.0,156239.0,7147.0
2021-01-05 09:35:50.680,0.0128,0.0128,1.0,0.0127,131.0,156244.0,7154.0
2021-01-05 09:35:51.180,0.0128,0.0128,1.0,0.0127,131.0,156244.0,7154.0
2021-01-05 09:35:51.710,0.0128,0.0129,29.0,0.0127,154.0,156244.0,7155.0
2021-01-05 09:35:52.190,0.0128,0.0129,57.0,0.0127,161.0,156244.0,7155.0
2021-01-05 09:35:52.661,0.0128,0.0129,42.0,0.0128,10.0,156244.0,7155.0
2021-01-05 09:35:52.990,0.0128,0.0129,42.0,0.0128,10.0,156244.0,7155.0
2021-01-05 09:35:53.570,0.0128,0.0129,39.0,0.0128,10.0,156244.0,7155.0
2021-01-05 09:35:54.161,0.0129,0.013,24.0,0.0129,21.0,156235.0,7184.0
2021-01-05 09:35:54.640,0.0129,0.013,34.0,0.0129,10.0,156230.0,7195.0
2021-01-05 09:35:55.181,0.0129,0.013,21.0,0.0129,20.0,156230.0,7195.0
2021-01-05 09:35:55.691,0.0129,0.013,21.0,0.0129,19.0,156230.0,7196.0
2021-01-05 09:35:56.140,0.0129,0.013,1.0,0.0129,19.0,156230.0,7196.0
2021-01-05 09:35:56.690,0.0129,0.013,14.0,0.0129,19.0,156230.0,7196.0
2021-01-05 09:35:57.141,0.0129,0.013,1.0,0.0129,19.0,156230.0,7196.0
2021-01-05 09:35:57.681,0.0129,0.013,1.0,0.0129,42.0,156230.0,7196.0
2021-01-05 09:35:58.150,0.0129,0.013,1.0,0.0129,19.0,156230.0,7196.0
2021-01-05 09:35:58.701,0.013,0.0131,67.0,0.013,1.0,156230.0,7197.0
2021-01-05 09:35:59.160,0.013,0.0131,97.0,0.0129,19.0,156230.0,7198.0
2021-01-05 09:35:59.640,0.013,0.0131,97.0,0.0129,19.0,156230.0,7198.0
2021-01-05 09:36:00.680,0.013,0.0131,87.0,0.0129,19.0,156230.0,7198.0
2021-01-05 09:36:01.181,0.0129,0.0131,87.0,0.0129,13.0,156224.0,7204.0
2021-01-05 09:36:01.671,0.0129,0.0131,87.0,0.0129,13.0,156224.0,7204.0
2021-01-05 09:36:02.170,0.0129,0.0131,43.0,0.0129,23.0,156224.0,7204.0
2021-01-05 09:36:02.701,0.0129,0.0131,43.0,0.0129,43.0,156224.0,7204.0
2021-01-05 09:36:03.150,0.0131,0.0131,6.0,0.013,20.0,156220.0,7213.0
2021-01-05 09:36:03.700,0.0131,0.0132,134.0,0.0131,1.0,156209.0,7224.0
2021-01-05 09:36:04.161,0.0131,0.0132,114.0,0.013,40.0,156209.0,7224.0
2021-01-05 09:36:04.670,0.0131,0.0131,6.0,0.013,40.0,156209.0,7224.0
2021-01-05 09:36:05.150,0.0131,0.0131,7.0,0.013,45.0,156209.0,7224.0
2021-01-05 09:36:05.690,0.0131,0.0131,7.0,0.013,30.0,156209.0,7224.0
2021-01-05 09:36:06.180,0.0131,0.0131,7.0,0.013,25.0,156209.0,7224.0
2021-01-05 09:36:06.700,0.013,0.0131,7.0,0.013,50.0,156209.0,7229.0
2021-01-05 09:36:06.940,0.013,0.0131,7.0,0.013,50.0,156209.0,7229.0
2021-01-05 09:36:07.640,0.013,0.0131,7.0,0.013,50.0,156209.0,7229.0
2021-01-05 09:36:08.170,0.013,0.0131,7.0,0.013,63.0,156209.0,7229.0
2021-01-05 09:36:08.591,0.013,0.0131,7.0,0.013,50.0,156209.0,7229.0
2021-01-05 09:36:09.161,0.0131,0.0132,123.0,0.0131,44.0,156209.0,7236.0
2021-01-05 09:36:09.691,0.0131,0.0131,100.0,0.013,63.0,156210.0,7280.0
2021-01-05 09:36:10.030,0.0131,0.0131,70.0,0.013,43.0,156210.0,7310.0
2021-01-05 09:36:10.671,0.0131,0.0131,50.0,0.013,43.0,156210.0,7330.0
2021-01-05 09:36:11.180,0.0131,0.0131,31.0,0.013,53.0,156210.0,7350.0
2021-01-05 09:36:11.651,0.0131,0.0131,30.0,0.013,53.0,156211.0,7351.0
2021-01-05 09:36:12.181,0.0131,0.0131,30.0,0.013,63.0,156211.0,7351.0
2021-01-05 09:36:12.690,0.0131,0.0131,15.0,0.013,48.0,156211.0,7366.0
2021-01-05 09:36:13.190,0.0131,0.0132,110.0,0.013,48.0,156211.0,7381.0
2021-01-05 09:36:13.680,0.0131,0.0132,110.0,0.0131,1.0,156211.0,7381.0
2021-01-05 09:36:14.150,0.0131,0.0132,110.0,0.0131,11.0,156211.0,7381.0
2021-01-05 09:36:14.611,0.013,0.0132,110.0,0.013,20.0,156217.0,7410.0
2021-01-05 09:36:15.170,0.013,0.0132,85.0,0.013,29.0,156222.0,7444.0
2021-01-05 09:36:15.591,0.013,0.0132,85.0,0.013,23.0,156237.0,7474.0
2021-01-05 09:36:16.150,0.013,0.0132,98.0,0.013,28.0,156237.0,7486.0
2021-01-05 09:36:16.680,0.0131,0.0132,98.0,0.0131,2.0,156247.0,7496.0
2021-01-05 09:36:17.180,0.0131,0.0132,85.0,0.0131,13.0,156247.0,7496.0
2021-01-05 09:36:17.651,0.0131,0.0132,105.0,0.0131,12.0,156247.0,7497.0
2021-01-05 09:36:18.181,0.0131,0.0132,85.0,0.0131,2.0,156247.0,7497.0
2021-01-05 09:36:18.680,0.0131,0.0132,85.0,0.0131,2.0,156229.0,7517.0
2021-01-05 09:36:18.780,0.0131,0.0131,18.0,0.013,28.0,156227.0,7519.0
2021-01-05 09:36:19.691,0.0131,0.0131,18.0,0.013,41.0,156227.0,7519.0
2021-01-05 09:36:20.161,0.013,0.0132,85.0,0.013,11.0,156199.0,7557.0
2021-01-05 09:36:20.680,0.013,0.0132,85.0,0.013,23.0,156199.0,7557.0
2021-01-05 09:36:21.120,0.013,0.0132,85.0,0.013,47.0,156199.0,7557.0
2021-01-05 09:36:21.691,0.013,0.0131,100.0,0.013,60.0,156199.0,7557.0
2021-01-05 09:36:22.150,0.0131,0.0131,90.0,0.013,60.0,156249.0,7607.0
2021-01-05 09:36:22.611,0.0131,0.0131,70.0,0.013,50.0,156249.0,7617.0
2021-01-05 09:36:23.191,0.0131,0.0131,70.0,0.013,50.0,156249.0,7617.0
2021-01-05 09:36:23.681,0.0131,0.0131,70.0,0.013,37.0,156249.0,7617.0
2021-01-05 09:36:24.171,0.0131,0.0131,70.0,0.013,37.0,156249.0,7617.0
2021-01-05 09:36:24.701,0.0131,0.0131,64.0,0.013,2.0,156249.0,7643.0
2021-01-05 09:36:24.970,0.013,0.013,8.0,0.0129,68.0,156251.0,7645.0
2021-01-05 09:36:25.650,0.013,0.0131,74.0,0.013,13.0,156251.0,7645.0
2021-01-05 09:36:26.171,0.0131,0.0131,73.0,0.013,13.0,156252.0,7646.0
2021-01-05 09:36:26.651,0.0131,0.0131,73.0,0.0129,57.0,156252.0,7646.0
2021-01-05 09:36:27.070,0.0131,0.0131,53.0,0.0129,44.0,156253.0,7667.0
2021-01-05 09:36:27.690,0.0131,0.0131,53.0,0.0129,37.0,156253.0,7667.0
2021-01-05 09:36:28.151,0.0131,0.0131,56.0,0.0129,14.0,156253.0,7677.0
2021-01-05 09:36:28.681,0.0131,0.0131,36.0,0.013,5.0,156253.0,7697.0
2021-01-05 09:36:29.171,0.0131,0.0131,6.0,0.0129,14.0,156258.0,7732.0
2021-01-05 09:36:29.661,0.013,0.0131,13.0,0.0129,14.0,156258.0,7752.0
2021-01-05 09:36:30.161,0.013,0.013,33.0,0.0129,14.0,156258.0,7772.0
2021-01-05 09:36:30.651,0.013,0.013,5.0,0.0129,14.0,156263.0,7777.0
2021-01-05 09:36:31.181,0.0129,0.013,5.0,0.0129,4.0,156270.0,7787.0
2021-01-05 09:36:31.690,0.0129,0.013,5.0,0.0129,17.0,156270.0,7787.0
2021-01-05 09:36:32.130,0.0129,0.0131,20.0,0.0129,32.0,156270.0,7787.0
2021-01-05 09:36:32.660,0.0131,0.0131,15.0,0.013,13.0,156275.0,7792.0
2021-01-05 09:36:32.821,0.013,0.0131,15.0,0.013,16.0,156275.0,7802.0
2021-01-05 09:36:33.670,0.013,0.0131,15.0,0.013,29.0,156275.0,7802.0
2021-01-05 09:36:34.091,0.013,0.0131,23.0,0.013,29.0,156275.0,7802.0
2021-01-05 09:36:35.150,0.013,0.0131,23.0,0.013,29.0,156275.0,7802.0
2021-01-05 09:36:35.701,0.013,0.0131,23.0,0.013,1.0,156275.0,7802.0
2021-01-05 09:36:36.131,0.013,0.0131,33.0,0.013,1.0,156275.0,7802.0
2021-01-05 09:36:36.700,0.013,0.0131,33.0,0.013,1.0,156275.0,7802.0
2021-01-05 09:36:37.190,0.013,0.0131,33.0,0.013,1.0,156275.0,7802.0
2021-01-05 09:36:37.691,0.013,0.0131,33.0,0.013,1.0,156275.0,7802.0
2021-01-05 09:36:38.120,0.013,0.0131,23.0,0.013,1.0,156275.0,7802.0
2021-01-05 09:36:38.640,0.013,0.013,9.0,0.0129,32.0,156276.0,7803.0
2021-01-05 09:36:39.090,0.013,0.013,9.0,0.0129,32.0,156276.0,7803.0
2021-01-05 09:36:39.660,0.013,0.0131,33.0,0.013,15.0,156285.0,7812.0
2021-01-05 09:36:40.191,0.013,0.0131,23.0,0.013,5.0,156295.0,7822.0
2021-01-05 09:36:40.700,0.013,0.0131,33.0,0.013,13.0,156295.0,7822.0
2021-01-05 09:36:41.201,0.013,0.0131,33.0,0.013,13.0,156295.0,7823.0
2021-01-05 09:36:41.641,0.013,0.0131,23.0,0.013,13.0,156295.0,7823.0
2021-01-05 09:36:42.200,0.013,0.0131,23.0,0.013,13.0,156295.0,7823.0
2021-01-05 09:36:42.690,0.013,0.0131,23.0,0.013,28.0,156295.0,7823.0
2021-01-05 09:36:43.700,0.013,0.0131,23.0,0.013,27.0,156296.0,7824.0
2021-01-05 09:36:44.200,0.013,0.0131,23.0,0.013,28.0,156296.0,7824.0
2021-01-05 09:36:44.680,0.013,0.0131,22.0,0.013,8.0,156316.0,7845.0
2021-01-05 09:36:45.191,0.013,0.0131,32.0,0.0129,67.0,156316.0,7845.0
2021-01-05 09:36:45.631,0.013,0.013,10.0,0.0129,52.0,156316.0,7845.0
2021-01-05 09:36:46.190,0.013,0.0131,42.0,0.0129,37.0,156316.0,7845.0
2021-01-05 09:36:46.501,0.013,0.0131,52.0,0.0129,37.0,156316.0,7845.0
2021-01-05 09:36:47.130,0.013,0.013,21.0,0.0129,42.0,156316.0,7845.0
2021-01-05 09:36:47.660,0.013,0.013,21.0,0.0129,29.0,156316.0,7845.0
2021-01-05 09:36:48.140,0.013,0.013,21.0,0.0129,29.0,156316.0,7845.0
2021-01-05 09:36:48.630,0.0129,0.013,21.0,0.0129,24.0,156326.0,7855.0
2021-01-05 09:36:49.181,0.0129,0.013,21.0,0.0129,14.0,156336.0,7865.0
2021-01-05 09:36:49.700,0.0129,0.013,21.0,0.0129,4.0,156346.0,7875.0
2021-01-05 09:36:50.190,0.013,0.013,1.0,0.0129,1.0,156374.0,7903.0
2021-01-05 09:36:50.670,0.0129,0.013,1.0,0.0129,13.0,156384.0,7913.0
2021-01-05 09:36:51.171,0.0129,0.013,21.0,0.0128,59.0,156384.0,7913.0
2021-01-05 09:36:51.671,0.0129,0.0129,11.0,0.0128,82.0,156384.0,7913.0
2021-01-05 09:36:52.180,0.0129,0.0129,6.0,0.0128,82.0,156389.0,7918.0
2021-01-05 09:36:52.670,0.0129,0.013,21.0,0.0129,13.0,156394.0,7924.0
2021-01-05 09:36:53.191,0.0129,0.013,21.0,0.0129,10.0,156401.0,7934.0
2021-01-05 09:36:53.680,0.0129,0.013,21.0,0.0129,5.0,156408.0,7944.0
2021-01-05 09:36:54.180,0.0129,0.013,22.0,0.0129,10.0,156418.0,7955.0
2021-01-05 09:36:54.291,0.013,0.013,10.0,0.0129,15.0,156418.0,7957.0
2021-01-05 09:36:55.171,0.013,0.013,8.0,0.0129,33.0,156418.0,7959.0
2021-01-05 09:36:55.651,0.013,0.013,1.0,0.0129,20.0,156422.0,7965.0
2021-01-05 09:36:56.141,0.013,0.0131,61.0,0.0129,20.0,156421.0,7966.0
2021-01-05 09:36:56.691,0.013,0.013,3.0,0.0129,10.0,156421.0,7979.0
2021-01-05 09:36:57.171,0.013,0.0131,45.0,0.0129,6.0,156425.0,7986.0
2021-01-05 09:36:57.601,0.013,0.013,10.0,0.0129,54.0,156425.0,7986.0
2021-01-05 09:36:58.080,0.0129,0.013,10.0,0.0129,74.0,156430.0,7991.0
2021-01-05 09:36:59.181,0.0129,0.013,10.0,0.0129,19.0,156431.0,7998.0
2021-01-05 09:36:59.690,0.0129,0.013,10.0,0.0129,5.0,156431.0,7998.0
2021-01-05 09:37:00.160,0.0129,0.013,10.0,0.0129,23.0,156431.0,7998.0
2021-01-05 09:37:00.700,0.013,0.0131,35.0,0.013,3.0,156441.0,8008.0
2021-01-05 09:37:01.061,0.013,0.0131,35.0,0.013,13.0,156441.0,8008.0
2021-01-05 09:37:01.640,0.013,0.0131,35.0,0.0129,45.0,156451.0,8018.0
2021-01-05 09:37:02.191,0.013,0.0131,35.0,0.0129,68.0,156451.0,8018.0
2021-01-05 09:37:02.610,0.013,0.0131,15.0,0.0129,81.0,156451.0,8018.0
2021-01-05 09:37:03.151,0.013,0.0131,15.0,0.0129,78.0,156451.0,8018.0
2021-01-05 09:37:03.630,0.013,0.0131,15.0,0.013,15.0,156451.0,8018.0
2021-01-05 09:37:04.200,0.0131,0.0131,5.0,0.013,58.0,156451.0,8028.0
2021-01-05 09:37:04.690,0.0131,0.0131,4.0,0.013,48.0,156451.0,8029.0
2021-01-05 09:37:05.140,0.0131,0.0132,95.0,0.013,33.0,156455.0,8033.0
2021-01-05 09:37:05.701,0.0131,0.0132,85.0,0.013,43.0,156455.0,8033.0
2021-01-05 09:37:06.171,0.0131,0.0132,85.0,0.0131,9.0,156455.0,8033.0
2021-01-05 09:37:06.700,0.0131,0.0132,85.0,0.0131,10.0,156483.0,8071.0
2021-01-05 09:37:07.180,0.0131,0.0132,95.0,0.013,20.0,156483.0,8071.0
2021-01-05 09:37:07.681,0.0131,0.0132,95.0,0.013,33.0,156483.0,8071.0
2021-01-05 09:37:08.190,0.0131,0.0132,115.0,0.013,48.0,156483.0,8071.0
2021-01-05 09:37:08.630,0.0131,0.0132,128.0,0.013,35.0,156483.0,8071.0
2021-01-05 09:37:09.170,0.0131,0.0132,115.0,0.013,33.0,156483.0,8071.0
2021-01-05 09:37:09.660,0.013,0.0132,125.0,0.013,28.0,156483.0,8074.0
2021-01-05 09:37:10.121,0.013,0.0132,115.0,0.013,61.0,156483.0,8074.0
2021-01-05 09:37:10.701,0.013,0.0132,95.0,0.0131,1.0,156483.0,8074.0
2021-01-05 09:37:11.201,0.013,0.0132,95.0,0.0131,1.0,156483.0,8074.0
2021-01-05 09:37:11.641,0.013,0.0132,108.0,0.0131,2.0,156483.0,8074.0
2021-01-05 09:37:12.131,0.013,0.0132,108.0,0.0131,2.0,156483.0,8074.0
2021-01-05 09:37:12.620,0.013,0.0132,108.0,0.0131,2.0,156483.0,8074.0
2021-01-05 09:37:12.761,0.0131,0.0132,95.0,0.0131,19.0,156482.0,8077.0
2021-01-05 09:37:13.681,0.0132,0.0132,95.0,0.013,53.0,156492.0,8087.0
2021-01-05 09:37:14.130,0.0132,0.0132,128.0,0.013,42.0,156492.0,8087.0
2021-01-05 09:37:14.651,0.0132,0.0132,128.0,0.013,42.0,156492.0,8087.0
2021-01-05 09:37:15.160,0.0132,0.0132,128.0,0.013,22.0,156492.0,8087.0
2021-01-05 09:37:15.671,0.0132,0.0132,128.0,0.013,22.0,156492.0,8087.0
2021-01-05 09:37:15.700,0.0132,0.0132,128.0,0.013,22.0,156492.0,8087.0
2021-01-05 09:37:16.501,0.013,0.0132,105.0,0.013,45.0,156492.0,8097.0
2021-01-05 09:37:17.200,0.013,0.0132,105.0,0.013,65.0,156492.0,8097.0
2021-01-05 09:37:17.671,0.013,0.0132,105.0,0.013,44.0,156492.0,8098.0
2021-01-05 09:37:17.740,0.013,0.0132,105.0,0.013,31.0,156492.0,8098.0
2021-01-05 09:37:18.710,0.0132,0.0132,118.0,0.013,31.0,156502.0,8108.0
2021-01-05 09:37:18.891,0.0132,0.0131,13.0,0.013,11.0,156502.0,8108.0
2021-01-05 09:37:19.310,0.0132,0.0132,128.0,0.013,16.0,156502.0,8108.0
2021-01-05 09:37:20.191,0.0132,0.0131,20.0,0.013,16.0,156502.0,8108.0
2021-01-05 09:37:20.691,0.0131,0.0131,6.0,0.013,16.0,156516.0,8122.0
2021-01-05 09:37:21.200,0.013,0.0132,95.0,0.0131,7.0,156526.0,8132.0
2021-01-05 09:37:21.701,0.0131,0.0132,108.0,0.0131,24.0,156536.0,8145.0
2021-01-05 09:37:22.030,0.0131,0.0132,95.0,0.0131,29.0,156536.0,8145.0
2021-01-05 09:37:22.620,0.0131,0.0132,95.0,0.0131,81.0,156536.0,8145.0
2021-01-05 09:37:23.150,0.0131,0.0132,105.0,0.0131,90.0,156546.0,8155.0
2021-01-05 09:37:23.701,0.0131,0.0132,95.0,0.0131,90.0,156546.0,8155.0
2021-01-05 09:37:24.080,0.0131,0.0132,95.0,0.0131,90.0,156546.0,8155.0
2021-01-05 09:37:24.631,0.0131,0.0132,75.0,0.0131,90.0,156546.0,8155.0
2021-01-05 09:37:25.200,0.0131,0.0132,95.0,0.0131,80.0,156556.0,8165.0
2021-01-05 09:37:26.170,0.0131,0.0132,108.0,0.0131,80.0,156556.0,8165.0
2021-01-05 09:37:26.650,0.0131,0.0132,75.0,0.0131,80.0,156556.0,8165.0
2021-01-05 09:37:27.130,0.0131,0.0132,95.0,0.0131,80.0,156556.0,8165.0
2021-01-05 09:37:27.551,0.0131,0.0132,108.0,0.0131,80.0,156556.0,8165.0
2021-01-05 09:37:28.151,0.0131,0.0132,95.0,0.0131,80.0,156556.0,8165.0
2021-01-05 09:37:28.560,0.0131,0.0132,95.0,0.0131,70.0,156566.0,8175.0
2021-01-05 09:37:29.130,0.0131,0.0132,108.0,0.0131,60.0,156576.0,8185.0
2021-01-05 09:37:30.191,0.0131,0.0132,88.0,0.0131,60.0,156576.0,8185.0
2021-01-05 09:37:30.590,0.0132,0.0132,106.0,0.0131,60.0,156578.0,8187.0
2021-01-05 09:37:31.190,0.0132,0.0132,66.0,0.0131,60.0,156598.0,8207.0
2021-01-05 09:37:31.701,0.0132,0.0132,43.0,0.0131,60.0,156621.0,8230.0
2021-01-05 09:37:32.181,0.0132,0.0132,58.0,0.0131,60.0,156626.0,8235.0
2021-01-05 09:37:32.651,0.0132,0.0133,10.0,0.0132,7.0,156684.0,8293.0
2021-01-05 09:37:33.180,0.0132,0.0132,47.0,0.0131,41.0,156720.0,8329.0
2021-01-05 09:37:33.581,0.0132,0.0132,43.0,0.0131,41.0,156746.0,8355.0
2021-01-05 09:37:34.200,0.0132,0.0132,20.0,0.0131,41.0,156776.0,8385.0
2021-01-05 09:37:34.500,0.0132,0.0132,31.0,0.0131,41.0,156786.0,8395.0
2021-01-05 09:37:35.170,0.0132,0.0133,48.0,0.0132,30.0,156794.0,8403.0
2021-01-05 09:37:35.650,0.0132,0.0133,43.0,0.0132,10.0,156814.0,8424.0
2021-01-05 09:37:36.140,0.0131,0.0132,10.0,0.0131,40.0,156824.0,8435.0
2021-01-05 09:37:36.671,0.0132,0.0133,33.0,0.0131,40.0,156834.0,8445.0
2021-01-05 09:37:37.180,0.0132,0.0132,20.0,0.0131,40.0,156834.0,8445.0
2021-01-05 09:37:37.681,0.0132,0.0132,20.0,0.0131,40.0,156834.0,8445.0
2021-01-05 09:37:38.121,0.0132,0.0132,13.0,0.0131,50.0,156834.0,8445.0
2021-01-05 09:37:38.651,0.0132,0.0133,43.0,0.0132,20.0,156854.0,8465.0
2021-01-05 09:37:39.170,0.0132,0.0133,20.0,0.0132,40.0,156854.0,8465.0
2021-01-05 09:37:39.700,0.0132,0.0133,30.0,0.0132,70.0,156854.0,8465.0
2021-01-05 09:37:40.000,0.0132,0.0133,43.0,0.0132,90.0,156854.0,8465.0
2021-01-05 09:37:40.701,0.0132,0.0134,59.0,0.0132,88.0,156854.0,8467.0
2021-01-05 09:37:41.131,0.0132,0.0133,13.0,0.0132,88.0,156854.0,8467.0
2021-01-05 09:37:41.660,0.0132,0.0133,13.0,0.0132,88.0,156854.0,8467.0
2021-01-05 09:37:42.130,0.0132,0.0134,69.0,0.0132,88.0,156854.0,8467.0
2021-01-05 09:37:42.130,0.0132,0.0134,69.0,0.0132,88.0,156854.0,8467.0
2021-01-05 09:37:43.181,0.0132,0.0134,64.0,0.0133,100.0,156854.0,8467.0
2021-01-05 09:37:43.640,0.0133,0.0134,53.0,0.0133,75.0,156879.0,8492.0
2021-01-05 09:37:44.190,0.0133,0.0134,53.0,0.0133,75.0,156879.0,8492.0
2021-01-05 09:37:44.641,0.0133,0.0134,53.0,0.0133,65.0,156889.0,8502.0
2021-01-05 09:37:45.171,0.0133,0.0134,48.0,0.0133,55.0,156899.0,8512.0
2021-01-05 09:37:45.650,0.0133,0.0134,48.0,0.0133,45.0,156909.0,8522.0
2021-01-05 09:37:46.601,0.0133,0.0134,48.0,0.0133,35.0,156919.0,8532.0
2021-01-05 09:37:47.131,0.0133,0.0134,35.0,0.0133,22.0,156932.0,8545.0
2021-01-05 09:37:47.661,0.0133,0.0134,53.0,0.0132,108.0,156954.0,8567.0
2021-01-05 09:37:48.080,0.0133,0.0133,18.0,0.0132,108.0,156954.0,8567.0
2021-01-05 09:37:48.700,0.0133,0.0133,18.0,0.0132,121.0,156954.0,8567.0
2021-01-05 09:37:49.031,0.0132,0.0133,18.0,0.0132,98.0,156964.0,8577.0
2021-01-05 09:37:49.670,0.0132,0.0133,18.0,0.0132,88.0,156974.0,8587.0
2021-01-05 09:37:50.220,0.0133,0.0133,19.0,0.0132,78.0,156988.0,8609.0
2021-01-05 09:37:50.721,0.0133,0.0133,29.0,0.0132,78.0,156988.0,8609.0
2021-01-05 09:37:51.161,0.0133,0.0133,34.0,0.0132,80.0,156988.0,8609.0
2021-01-05 09:37:51.691,0.0132,0.0133,26.0,0.0132,13.0,157035.0,8656.0
2021-01-05 09:37:52.191,0.0132,0.0132,20.0,0.0131,110.0,157051.0,8672.0
2021-01-05 09:37:52.631,0.0132,0.0132,13.0,0.0131,110.0,157051.0,8672.0
2021-01-05 09:37:52.961,0.0132,0.0132,28.0,0.0131,110.0,157053.0,8674.0
2021-01-05 09:37:53.620,0.0131,0.0132,25.0,0.0131,97.0,157066.0,8687.0
2021-01-05 09:37:53.841,0.0133,0.0132,15.0,0.0131,84.0,157079.0,8730.0
2021-01-05 09:37:54.690,0.0131,0.0132,15.0,0.0131,58.0,157105.0,8756.0
2021-01-05 09:37:55.190,0.0131,0.0132,25.0,0.0131,48.0,157115.0,8766.0
2021-01-05 09:37:55.691,0.0131,0.0132,23.0,0.0131,16.0,157143.0,8798.0
2021-01-05 09:37:56.100,0.0131,0.0131,9.0,0.013,69.0,157143.0,8814.0
2021-01-05 09:37:56.611,0.0131,0.0132,25.0,0.013,110.0,157143.0,8814.0
2021-01-05 09:37:57.170,0.0131,0.0132,38.0,0.013,110.0,157143.0,8814.0
2021-01-05 09:37:57.601,0.0131,0.0132,28.0,0.0131,10.0,157143.0,8824.0
2021-01-05 09:37:58.091,0.0131,0.0131,3.0,0.013,90.0,157143.0,8834.0
2021-01-05 09:37:58.640,0.0131,0.0132,38.0,0.013,100.0,157143.0,8834.0
2021-01-05 09:37:58.961,0.0131,0.0132,38.0,0.013,100.0,157143.0,8834.0
2021-01-05 09:37:59.601,0.0131,0.0132,68.0,0.013,100.0,157143.0,8834.0
2021-01-05 09:38:00.680,0.0131,0.0131,10.0,0.013,100.0,157143.0,8834.0
2021-01-05 09:38:01.180,0.0131,0.0131,25.0,0.013,100.0,157143.0,8834.0
2021-01-05 09:38:01.681,0.0131,0.0131,25.0,0.013,100.0,157143.0,8834.0
2021-01-05 09:38:02.181,0.0131,0.0131,48.0,0.013,100.0,157143.0,8834.0
2021-01-05 09:38:02.680,0.0131,0.0131,35.0,0.013,100.0,157143.0,8834.0
2021-01-05 09:38:03.191,0.013,0.0131,48.0,0.013,70.0,157148.0,8844.0
2021-01-05 09:38:04.190,0.013,0.0131,54.0,0.013,9.0,157204.0,8905.0
2021-01-05 09:38:04.680,0.013,0.0131,64.0,0.013,5.0,157204.0,8909.0
2021-01-05 09:38:05.181,0.013,0.0131,64.0,0.013,5.0,157204.0,8909.0
2021-01-05 09:38:05.681,0.013,0.0131,42.0,0.013,5.0,157204.0,8909.0
2021-01-05 09:38:06.000,0.013,0.0131,55.0,0.0129,10.0,157204.0,8914.0
2021-01-05 09:38:06.691,0.013,0.013,23.0,0.0129,10.0,157204.0,8914.0
2021-01-05 09:38:07.200,0.0129,0.013,43.0,0.0129,9.0,157205.0,8915.0
2021-01-05 09:38:07.590,0.0129,0.013,53.0,0.0129,19.0,157205.0,8915.0
2021-01-05 09:38:08.021,0.0129,0.013,68.0,0.0129,19.0,157205.0,8915.0
2021-01-05 09:38:09.160,0.0129,0.013,75.0,0.0129,13.0,157211.0,8921.0
2021-01-05 09:38:09.590,0.0129,0.0129,10.0,0.0128,150.0,157224.0,8934.0
2021-01-05 09:38:10.180,0.0129,0.0129,10.0,0.0128,150.0,157224.0,8934.0
2021-01-05 09:38:10.670,0.0128,0.0129,30.0,0.0128,140.0,157234.0,8944.0
2021-01-05 09:38:11.141,0.0128,0.0129,30.0,0.0128,95.0,157234.0,8989.0
2021-01-05 09:38:11.701,0.0128,0.0129,30.0,0.0128,43.0,157234.0,9041.0
2021-01-05 09:38:12.191,0.0128,0.0129,28.0,0.0128,39.0,157234.0,9065.0
2021-01-05 09:38:12.691,0.0127,0.0129,45.0,0.0127,66.0,157233.0,9119.0
2021-01-05 09:38:13.110,0.0127,0.0128,38.0,0.0127,27.0,157228.0,9158.0
2021-01-05 09:38:13.690,0.0126,0.0127,13.0,0.0126,41.0,157220.0,9194.0
2021-01-05 09:38:13.961,0.0127,0.0126,21.0,0.0125,107.0,157213.0,9237.0
2021-01-05 09:38:14.691,0.0126,0.0126,61.0,0.0125,140.0,157213.0,9239.0
2021-01-05 09:38:15.150,0.0126,0.0126,76.0,0.0125,140.0,157213.0,9239.0
2021-01-05 09:38:15.730,0.0126,0.0126,83.0,0.0125,102.0,157213.0,9239.0
2021-01-05 09:38:15.911,0.0125,0.0126,85.0,0.0125,111.0,157203.0,9269.0
2021-01-05 09:38:16.731,0.0125,0.0126,145.0,0.0125,131.0,157203.0,9269.0
2021-01-05 09:38:16.950,0.0125,0.0126,177.0,0.0125,121.0,157203.0,9269.0
2021-01-05 09:38:17.701,0.0125,0.0126,211.0,0.0125,108.0,157203.0,9269.0
2021-01-05 09:38:18.231,0.0125,0.0126,211.0,0.0125,108.0,157203.0,9269.0
2021-01-05 09:38:18.310,0.0125,0.0126,211.0,0.0125,88.0,157203.0,9269.0
2021-01-05 09:38:19.230,0.0125,0.0126,221.0,0.0125,101.0,157203.0,9269.0
2021-01-05 09:38:19.670,0.0125,0.0126,211.0,0.0125,101.0,157203.0,9269.0
2021-01-05 09:38:20.231,0.0125,0.0126,211.0,0.0125,111.0,157203.0,9269.0
2021-01-05 09:38:20.671,0.0125,0.0126,211.0,0.0125,111.0,157203.0,9269.0
2021-01-05 09:38:21.180,0.0126,0.0126,201.0,0.0125,62.0,157203.0,9279.0
2021-01-05 09:38:21.670,0.0125,0.0126,221.0,0.0125,39.0,157213.0,9289.0
2021-01-05 09:38:22.210,0.0125,0.0126,231.0,0.0125,39.0,157213.0,9289.0
2021-01-05 09:38:22.661,0.0125,0.0126,231.0,0.0125,39.0,157213.0,9289.0
2021-01-05 09:38:23.201,0.0125,0.0126,231.0,0.0125,39.0,157213.0,9289.0
2021-01-05 09:38:23.681,0.0125,0.0126,212.0,0.0125,8.0,157244.0,9320.0
2021-01-05 09:38:24.141,0.0125,0.0125,12.0,0.0124,62.0,157252.0,9328.0
2021-01-05 09:38:24.690,0.0125,0.0125,12.0,0.0124,62.0,157252.0,9328.0
2021-01-05 09:38:25.101,0.0125,0.0125,12.0,0.0124,62.0,157252.0,9328.0
2021-01-05 09:38:25.700,0.0125,0.0125,22.0,0.0124,62.0,157252.0,9328.0
2021-01-05 09:38:26.100,0.0125,0.0125,12.0,0.0124,62.0,157252.0,9328.0
2021-01-05 09:38:26.701,0.0125,0.0125,11.0,0.0124,19.0,157293.0,9382.0
2021-01-05 09:38:27.151,0.0125,0.0125,16.0,0.0124,19.0,157293.0,9382.0
2021-01-05 09:38:27.691,0.0125,0.0125,16.0,0.0124,29.0,157293.0,9382.0
2021-01-05 09:38:28.171,0.0124,0.0125,21.0,0.0124,13.0,157302.0,9392.0
2021-01-05 09:38:28.680,0.0124,0.0125,1.0,0.0123,33.0,157302.0,9402.0
2021-01-05 09:38:29.191,0.0124,0.0124,11.0,0.0123,48.0,157302.0,9412.0
2021-01-05 09:38:29.600,0.0126,0.0126,261.0,0.0124,13.0,157303.0,9425.0
2021-01-05 09:38:30.190,0.0126,0.0126,261.0,0.0124,13.0,157303.0,9425.0
2021-01-05 09:38:30.670,0.0126,0.0125,20.0,0.0124,13.0,157303.0,9425.0
2021-01-05 09:38:31.181,0.0124,0.0125,20.0,0.0124,13.0,157276.0,9458.0
2021-01-05 09:38:31.640,0.0123,0.0125,20.0,0.0123,16.0,157247.0,9487.0
2021-01-05 09:38:32.090,0.0122,0.0125,30.0,0.0123,13.0,157234.0,9534.0
2021-01-05 09:38:32.701,0.0123,0.0125,50.0,0.0123,1.0,157208.0,9596.0
2021-01-05 09:38:33.191,0.0122,0.0125,43.0,0.0122,11.0,157170.0,9634.0
2021-01-05 09:38:33.700,0.0122,0.0124,30.0,0.0122,17.0,157145.0,9659.0
2021-01-05 09:38:34.201,0.0121,0.0124,40.0,0.0121,53.0,157127.0,9689.0
2021-01-05 09:38:34.681,0.012,0.0123,10.0,0.012,101.0,157097.0,9749.0
2021-01-05 09:38:35.200,0.0121,0.0123,25.0,0.012,86.0,157053.0,9793.0
2021-01-05 09:38:35.700,0.012,0.0123,38.0,0.012,97.0,157033.0,9825.0
2021-01-05 09:38:36.180,0.012,0.0121,53.0,0.012,73.0,157013.0,9872.0
2021-01-05 09:38:36.691,0.0121,0.0122,23.0,0.012,26.0,157016.0,9959.0
2021-01-05 09:38:37.131,0.012,0.0122,30.0,0.012,31.0,156987.0,9991.0
2021-01-05 09:38:37.390,0.012,0.0122,40.0,0.012,42.0,156987.0,9991.0
2021-01-05 09:38:37.970,0.012,0.0122,70.0,0.012,42.0,156987.0,9991.0
2021-01-05 09:38:38.660,0.012,0.0122,83.0,0.012,29.0,156987.0,9991.0
2021-01-05 09:38:39.161,0.012,0.0122,70.0,0.012,69.0,156987.0,9991.0
2021-01-05 09:38:39.661,0.012,0.0122,83.0,0.012,56.0,156987.0,9991.0
2021-01-05 09:38:40.201,0.012,0.0122,103.0,0.012,51.0,156987.0,9991.0
2021-01-05 09:38:40.670,0.012,0.0122,103.0,0.012,51.0,156987.0,9991.0
2021-01-05 09:38:41.190,0.0122,0.0122,100.0,0.012,61.0,156984.0,9994.0
2021-01-05 09:38:41.670,0.012,0.0121,20.0,0.012,50.0,156984.0,9995.0
2021-01-05 09:38:42.191,0.012,0.0122,100.0,0.012,63.0,156984.0,9995.0
2021-01-05 09:38:42.700,0.012,0.0122,100.0,0.012,49.0,156984.0,9996.0
2021-01-05 09:38:42.771,0.012,0.0122,100.0,0.012,117.0,156984.0,9996.0
2021-01-05 09:38:43.701,0.012,0.0122,100.0,0.012,114.0,156984.0,9996.0
2021-01-05 09:38:44.200,0.012,0.0122,87.0,0.012,140.0,156984.0,9996.0
2021-01-05 09:38:44.690,0.012,0.0122,87.0,0.0121,15.0,156984.0,9996.0
2021-01-05 09:38:44.850,0.0122,0.0122,67.0,0.0121,15.0,156964.0,10016.0
2021-01-05 09:38:45.580,0.0122,0.0122,56.0,0.0121,38.0,156963.0,10017.0
2021-01-05 09:38:46.200,0.0122,0.0122,56.0,0.0121,15.0,156963.0,10017.0
2021-01-05 09:38:46.631,0.0122,0.0122,69.0,0.012,142.0,156963.0,10017.0
2021-01-05 09:38:47.140,0.0122,0.0122,44.0,0.0121,45.0,156961.0,10019.0
2021-01-05 09:38:47.601,0.0122,0.0122,38.0,0.0121,35.0,156955.0,10025.0
2021-01-05 09:38:48.200,0.0122,0.0123,30.0,0.0122,11.0,156927.0,10053.0
2021-01-05 09:38:48.650,0.0122,0.0123,30.0,0.0122,2.0,156927.0,10053.0
2021-01-05 09:38:49.130,0.0122,0.0123,10.0,0.0122,2.0,156927.0,10053.0
2021-01-05 09:38:49.691,0.0123,0.0123,9.0,0.0122,1.0,156928.0,10055.0
2021-01-05 09:38:50.091,0.0123,0.0123,23.0,0.0122,1.0,156928.0,10055.0
2021-01-05 09:38:50.651,0.0123,0.0123,10.0,0.0122,1.0,156928.0,10055.0
2021-01-05 09:38:51.170,0.0123,0.0123,30.0,0.0122,1.0,156928.0,10055.0
2021-01-05 09:38:51.691,0.0123,0.0123,30.0,0.0122,1.0,156928.0,10055.0
2021-01-05 09:38:52.150,0.0123,0.0123,30.0,0.0122,1.0,156928.0,10055.0
2021-01-05 09:38:52.671,0.0123,0.0123,30.0,0.0122,1.0,156928.0,10055.0
2021-01-05 09:38:53.191,0.0123,0.0123,30.0,0.0122,1.0,156928.0,10055.0
2021-01-05 09:38:53.620,0.0122,0.0122,19.0,0.0121,38.0,156929.0,10056.0
2021-01-05 09:38:54.200,0.0122,0.0122,19.0,0.0121,31.0,156929.0,10056.0
2021-01-05 09:38:54.640,0.0122,0.0122,19.0,0.0121,31.0,156929.0,10056.0
2021-01-05 09:38:55.191,0.0122,0.0122,29.0,0.0121,28.0,156929.0,10056.0
2021-01-05 09:38:55.700,0.0121,0.0122,29.0,0.0121,8.0,156879.0,10106.0
2021-01-05 09:38:56.190,0.012,0.0121,10.0,0.012,172.0,156868.0,10125.0
2021-01-05 09:38:56.661,0.012,0.0121,17.0,0.012,140.0,156867.0,10163.0
2021-01-05 09:38:57.181,0.012,0.0121,1.0,0.012,160.0,156840.0,10202.0
2021-01-05 09:38:57.640,0.012,0.0122,29.0,0.012,139.0,156836.0,10209.0
2021-01-05 09:38:58.190,0.012,0.0123,44.0,0.012,160.0,156836.0,10229.0
2021-01-05 09:38:58.670,0.0121,0.0123,31.0,0.0122,25.0,156818.0,10247.0
2021-01-05 09:38:59.060,0.0121,0.0123,31.0,0.0121,43.0,156811.0,10279.0
2021-01-05 09:38:59.681,0.0121,0.0123,11.0,0.0121,27.0,156782.0,10308.0
2021-01-05 09:39:00.111,0.012,0.0123,11.0,0.0121,3.0,156780.0,10337.0
2021-01-05 09:39:00.660,0.0122,0.0123,11.0,0.0122,15.0,156774.0,10354.0
2021-01-05 09:39:01.160,0.0122,0.0123,11.0,0.0122,15.0,156774.0,10354.0
2021-01-05 09:39:01.700,0.0122,0.0123,31.0,0.0121,58.0,156774.0,10354.0
2021-01-05 09:39:02.170,0.0122,0.0123,11.0,0.0122,33.0,156774.0,10354.0
2021-01-05 09:39:02.660,0.0122,0.0123,31.0,0.0121,48.0,156774.0,10354.0
2021-01-05 09:39:03.150,0.0122,0.0123,11.0,0.0121,61.0,156774.0,10354.0
2021-01-05 09:39:04.161,0.0122,0.0123,11.0,0.0122,48.0,156774.0,10354.0
2021-01-05 09:39:04.610,0.0122,0.0123,11.0,0.0122,58.0,156774.0,10354.0
2021-01-05 09:39:05.701,0.0122,0.0123,10.0,0.0122,35.0,156765.0,10365.0
2021-01-05 09:39:06.191,0.0125,0.0125,26.0,0.0122,48.0,156815.0,10415.0
2021-01-05 09:39:06.650,0.0125,0.0124,20.0,0.0122,48.0,156815.0,10415.0
2021-01-05 09:39:07.200,0.0125,0.0125,36.0,0.0122,51.0,156815.0,10415.0
2021-01-05 09:39:07.680,0.0125,0.0124,20.0,0.0122,48.0,156815.0,10415.0
2021-01-05 09:39:07.930,0.0125,0.0125,36.0,0.0122,51.0,156815.0,10415.0
2021-01-05 09:39:08.690,0.0122,0.0124,20.0,0.0122,31.0,156815.0,10435.0
2021-01-05 09:39:09.161,0.0122,0.0123,53.0,0.0122,51.0,156815.0,10435.0
2021-01-05 09:39:09.601,0.0123,0.0123,43.0,0.0122,28.0,156825.0,10445.0
2021-01-05 09:39:10.191,0.0123,0.0123,20.0,0.0122,66.0,156848.0,10468.0
2021-01-05 09:39:10.681,0.0123,0.0123,20.0,0.0122,18.0,156848.0,10468.0
2021-01-05 09:39:11.201,0.0123,0.0123,30.0,0.0122,5.0,156848.0,10468.0
2021-01-05 09:39:11.701,0.0123,0.0123,30.0,0.0122,18.0,156848.0,10468.0
2021-01-05 09:39:12.150,0.0121,0.0123,10.0,0.0122,13.0,156866.0,10488.0
2021-01-05 09:39:12.661,0.0123,0.0123,10.0,0.0122,13.0,156867.0,10489.0
2021-01-05 09:39:13.170,0.0123,0.0123,10.0,0.0122,13.0,156867.0,10489.0
2021-01-05 09:39:13.720,0.0123,0.0123,10.0,0.0122,46.0,156867.0,10489.0
2021-01-05 09:39:14.160,0.0123,0.0123,10.0,0.0122,20.0,156867.0,10489.0
2021-01-05 09:39:15.220,0.0123,0.0123,10.0,0.0121,36.0,156867.0,10489.0
2021-01-05 09:39:15.720,0.0123,0.0123,6.0,0.0122,13.0,156867.0,10493.0
2021-01-05 09:39:16.121,0.0123,0.0123,10.0,0.0122,13.0,156867.0,10493.0
2021-01-05 09:39:16.600,0.0123,0.0123,3.0,0.0121,61.0,156867.0,10500.0
2021-01-05 09:39:17.151,0.0123,0.0123,30.0,0.0121,71.0,156867.0,10500.0
2021-01-05 09:39:17.650,0.0123,0.0123,28.0,0.0122,13.0,156867.0,10502.0
2021-01-05 09:39:18.221,0.0123,0.0123,7.0,0.0122,51.0,156870.0,10505.0
2021-01-05 09:39:18.671,0.0123,0.0123,1.0,0.0122,31.0,156869.0,10531.0
2021-01-05 09:39:19.710,0.0123,0.0124,44.0,0.0122,26.0,156869.0,10531.0
2021-01-05 09:39:20.221,0.0123,0.0124,34.0,0.0123,36.0,156879.0,10541.0
2021-01-05 09:39:20.741,0.0123,0.0124,34.0,0.0123,77.0,156879.0,10543.0
2021-01-05 09:39:21.231,0.0123,0.0124,21.0,0.0123,152.0,156879.0,10543.0
2021-01-05 09:39:21.671,0.0123,0.0124,21.0,0.0123,165.0,156879.0,10543.0
2021-01-05 09:39:22.211,0.0124,0.0125,22.0,0.0124,9.0,156879.0,10564.0
2021-01-05 09:39:22.651,0.0123,0.0125,32.0,0.0124,2.0,156890.0,10584.0
2021-01-05 09:39:23.150,0.0124,0.0124,18.0,0.0123,187.0,156890.0,10586.0
2021-01-05 09:39:24.151,0.0123,0.0124,20.0,0.0123,172.0,156890.0,10591.0
2021-01-05 09:39:24.670,0.0124,0.0124,19.0,0.0123,175.0,156891.0,10592.0
2021-01-05 09:39:25.210,0.0124,0.0125,62.0,0.0123,175.0,156891.0,10592.0
2021-01-05 09:39:25.561,0.0124,0.0124,10.0,0.0123,175.0,156891.0,10592.0
2021-01-05 09:39:25.990,0.0124,0.0124,30.0,0.0123,172.0,156891.0,10592.0
2021-01-05 09:39:26.641,0.0124,0.0124,30.0,0.0123,175.0,156891.0,10592.0
2021-01-05 09:39:27.210,0.0123,0.0124,20.0,0.0123,184.0,156894.0,10595.0
2021-01-05 09:39:27.711,0.0123,0.0125,72.0,0.0123,179.0,156902.0,10603.0
2021-01-05 09:39:28.220,0.0123,0.0125,72.0,0.0123,179.0,156902.0,10603.0
2021-01-05 09:39:28.710,0.0123,0.0125,72.0,0.0124,50.0,156902.0,10603.0
2021-01-05 09:39:29.160,0.0123,0.0125,72.0,0.0124,50.0,156902.0,10603.0
2021-01-05 09:39:29.721,0.0123,0.0125,59.0,0.0124,60.0,156902.0,10603.0
2021-01-05 09:39:30.220,0.0125,0.0125,28.0,0.0124,163.0,156894.0,10611.0
2021-01-05 09:39:30.520,0.0125,0.0125,14.0,0.0124,150.0,156880.0,10625.0
2021-01-05 09:39:31.121,0.0125,0.0125,4.0,0.0124,178.0,156880.0,10625.0
2021-01-05 09:39:31.701,0.0125,0.0125,14.0,0.0124,170.0,156880.0,10625.0
2021-01-05 09:39:32.141,0.0125,0.0125,14.0,0.0124,170.0,156880.0,10625.0
2021-01-05 09:39:32.700,0.0125,0.0125,14.0,0.0124,150.0,156880.0,10625.0
2021-01-05 09:39:33.180,0.0125,0.0125,14.0,0.0124,153.0,156880.0,10625.0
2021-01-05 09:39:33.530,0.0125,0.0125,14.0,0.0124,173.0,156880.0,10625.0
2021-01-05 09:39:34.681,0.0124,0.0125,14.0,0.0124,168.0,156880.0,10630.0
2021-01-05 09:39:35.171,0.0124,0.0125,14.0,0.0124,183.0,156880.0,10630.0
2021-01-05 09:39:35.651,0.0124,0.0125,14.0,0.0124,168.0,156880.0,10630.0
2021-01-05 09:39:36.231,0.0125,0.0126,34.0,0.0125,31.0,156876.0,10649.0
2021-01-05 09:39:36.660,0.0125,0.0126,34.0,0.0125,41.0,156876.0,10649.0
2021-01-05 09:39:37.221,0.0125,0.0126,14.0,0.0125,41.0,156876.0,10649.0
2021-01-05 09:39:37.730,0.0125,0.0126,14.0,0.0125,41.0,156876.0,10649.0
2021-01-05 09:39:38.221,0.0125,0.0126,14.0,0.0125,41.0,156876.0,10649.0
2021-01-05 09:39:38.650,0.0125,0.0126,1.0,0.0125,41.0,156876.0,10649.0
2021-01-05 09:39:39.241,0.0125,0.0126,1.0,0.0125,41.0,156876.0,10649.0
2021-01-05 09:39:39.751,0.0125,0.0126,1.0,0.0125,41.0,156876.0,10649.0
2021-01-05 09:39:40.200,0.0125,0.0126,1.0,0.0125,41.0,156876.0,10649.0
2021-01-05 09:39:40.721,0.0125,0.0126,1.0,0.0125,41.0,156876.0,10649.0
2021-01-05 09:39:41.220,0.0125,0.0126,1.0,0.0125,65.0,156874.0,10651.0
2021-01-05 09:39:41.750,0.0125,0.0126,1.0,0.0125,29.0,156874.0,10661.0
2021-01-05 09:39:42.210,0.0125,0.0126,1.0,0.0125,37.0,156855.0,10686.0
2021-01-05 09:39:42.640,0.0125,0.0126,1.0,0.0125,34.0,156855.0,10686.0
2021-01-05 09:39:42.740,0.0125,0.0126,1.0,0.0125,50.0,156855.0,10686.0
2021-01-05 09:39:43.660,0.0126,0.0128,58.0,0.0125,47.0,156856.0,10687.0
2021-01-05 09:39:44.231,0.0126,0.0127,13.0,0.0125,24.0,156856.0,10687.0
2021-01-05 09:39:44.680,0.0126,0.0127,13.0,0.0125,24.0,156856.0,10687.0
2021-01-05 09:39:45.251,0.0124,0.0127,28.0,0.0124,152.0,156836.0,10717.0
2021-01-05 09:39:45.750,0.0124,0.0127,33.0,0.0124,132.0,156816.0,10770.0
2021-01-05 09:39:46.190,0.0125,0.0127,58.0,0.0125,6.0,156802.0,10784.0
2021-01-05 09:39:46.691,0.0124,0.0127,58.0,0.0124,115.0,156802.0,10808.0
2021-01-05 09:39:47.131,0.0124,0.0127,68.0,0.0124,72.0,156802.0,10861.0
2021-01-05 09:39:47.710,0.0126,0.0127,43.0,0.0126,17.0,156802.0,10869.0
2021-01-05 09:39:48.140,0.0124,0.0126,17.0,0.0124,49.0,156793.0,10919.0
2021-01-05 09:39:48.711,0.0124,0.0126,13.0,0.0124,11.0,156780.0,10932.0
2021-01-05 09:39:49.241,0.0124,0.0127,53.0,0.0124,13.0,156748.0,10991.0
2021-01-05 09:39:49.531,0.0123,0.0126,33.0,0.0124,3.0,156728.0,11039.0
2021-01-05 09:39:50.180,0.0123,0.0126,33.0,0.0123,150.0,156702.0,11074.0
2021-01-05 09:39:50.710,0.0123,0.0126,43.0,0.0123,130.0,156702.0,11104.0
2021-01-05 09:39:51.200,0.0123,0.0125,13.0,0.0123,57.0,156707.0,11163.0
2021-01-05 09:39:51.730,0.0123,0.0125,43.0,0.0123,15.0,156702.0,11202.0
2021-01-05 09:39:52.251,0.0123,0.0125,48.0,0.0123,11.0,156685.0,11219.0
2021-01-05 09:39:52.670,0.0123,0.0124,10.0,0.0123,41.0,156685.0,11219.0
2021-01-05 09:39:53.181,0.0123,0.0124,10.0,0.0123,40.0,156685.0,11219.0
2021-01-05 09:39:53.630,0.0123,0.0125,23.0,0.0123,53.0,156685.0,11219.0
2021-01-05 09:39:54.191,0.0123,0.0124,10.0,0.0123,23.0,156685.0,11219.0
2021-01-05 09:39:54.691,0.0123,0.0125,23.0,0.0123,20.0,156685.0,11219.0
2021-01-05 09:39:55.181,0.0123,0.0124,13.0,0.0123,20.0,156685.0,11219.0
2021-01-05 09:39:55.640,0.0123,0.0125,33.0,0.0123,20.0,156685.0,11219.0
2021-01-05 09:39:56.120,0.0123,0.0124,13.0,0.0122,40.0,156685.0,11229.0
2021-01-05 09:39:56.691,0.0123,0.0125,33.0,0.0122,43.0,156685.0,11229.0
2021-01-05 09:39:57.181,0.0123,0.0125,33.0,0.0124,1.0,156685.0,11229.0
2021-01-05 09:39:57.580,0.0123,0.0125,33.0,0.0124,1.0,156685.0,11229.0
2021-01-05 09:39:58.201,0.0124,0.0124,12.0,0.0123,30.0,156686.0,11230.0
2021-01-05 09:39:58.600,0.0124,0.0124,13.0,0.0123,20.0,156686.0,11233.0
2021-01-05 09:39:59.050,0.0124,0.0124,13.0,0.0123,20.0,156686.0,11233.0
2021-01-05 09:40:00.181,0.0124,0.0124,8.0,0.0123,20.0,156691.0,11238.0
2021-01-05 09:40:00.610,0.0124,0.0125,48.0,0.0123,20.0,156691.0,11238.0
2021-01-05 09:40:01.201,0.0123,0.0125,48.0,0.0123,10.0,156691.0,11248.0
2021-01-05 09:40:01.551,0.0123,0.0125,50.0,0.0124,1.0,156691.0,11248.0
2021-01-05 09:40:02.200,0.0125,0.0125,14.0,0.0124,1.0,156692.0,11249.0
2021-01-05 09:40:02.671,0.0123,0.0126,51.0,0.0123,19.0,156676.0,11266.0
2021-01-05 09:40:03.171,0.0123,0.0125,15.0,0.0123,27.0,156673.0,11280.0
2021-01-05 09:40:03.691,0.0122,0.0125,15.0,0.0122,64.0,156634.0,11319.0
2021-01-05 09:40:04.150,0.0123,0.0125,30.0,0.0123,7.0,156621.0,11332.0
2021-01-05 09:40:04.700,0.0122,0.0126,51.0,0.0122,43.0,156585.0,11388.0
2021-01-05 09:40:05.170,0.0123,0.0126,36.0,0.0123,23.0,156560.0,11428.0
2021-01-05 09:40:05.701,0.0122,0.0125,35.0,0.0122,33.0,156513.0,11480.0
2021-01-05 09:40:06.200,0.0123,0.0125,35.0,0.0123,17.0,156487.0,11506.0
2021-01-05 09:40:06.701,0.0122,0.0125,45.0,0.0123,20.0,156467.0,11535.0
2021-01-05 09:40:07.151,0.0122,0.0125,45.0,0.0123,10.0,156437.0,11589.0
2021-01-05 09:40:07.700,0.0123,0.0125,45.0,0.0123,21.0,156419.0,11627.0
2021-01-05 09:40:08.200,0.0123,0.0125,45.0,0.0123,24.0,156409.0,11637.0
2021-01-05 09:40:08.690,0.0123,0.0125,45.0,0.0123,3.0,156390.0,11656.0
2021-01-05 09:40:09.191,0.0124,0.0125,25.0,0.0123,47.0,156389.0,11677.0
2021-01-05 09:40:09.691,0.0123,0.0125,25.0,0.0123,56.0,156371.0,11697.0
2021-01-05 09:40:10.131,0.0123,0.0124,15.0,0.0123,13.0,156371.0,11734.0
2021-01-05 09:40:10.680,0.0123,0.0124,25.0,0.0123,2.0,156371.0,11750.0
2021-01-05 09:40:11.120,0.0123,0.0124,25.0,0.0123,22.0,156371.0,11750.0
2021-01-05 09:40:11.671,0.0123,0.0124,25.0,0.0123,22.0,156371.0,11750.0
2021-01-05 09:40:12.190,0.0123,0.0124,25.0,0.0123,27.0,156371.0,11755.0
2021-01-05 09:40:12.680,0.0123,0.0125,25.0,0.0123,27.0,156371.0,11755.0
2021-01-05 09:40:13.170,0.0123,0.0126,46.0,0.0123,17.0,156371.0,11755.0
2021-01-05 09:40:13.700,0.0123,0.0126,36.0,0.0124,7.0,156371.0,11815.0
2021-01-05 09:40:14.150,0.0123,0.0126,21.0,0.0124,20.0,156371.0,11815.0
2021-01-05 09:40:14.701,0.0125,0.0125,15.0,0.0124,40.0,156371.0,11825.0
2021-01-05 09:40:15.110,0.0125,0.0125,5.0,0.0124,59.0,156372.0,11836.0
2021-01-05 09:40:15.690,0.0125,0.0126,36.0,0.0124,99.0,156372.0,11836.0
2021-01-05 09:40:16.140,0.0125,0.0126,36.0,0.0124,119.0,156372.0,11836.0
2021-01-05 09:40:16.610,0.0124,0.0126,36.0,0.0124,179.0,156372.0,11886.0
2021-01-05 09:40:17.191,0.0124,0.0126,36.0,0.0124,209.0,156372.0,11886.0
2021-01-05 09:40:17.621,0.0124,0.0126,36.0,0.0125,21.0,156372.0,11886.0
2021-01-05 09:40:17.850,0.0124,0.0126,36.0,0.0125,21.0,156372.0,11886.0
2021-01-05 09:40:18.641,0.0125,0.0126,36.0,0.0125,11.0,156372.0,11896.0
2021-01-05 09:40:19.711,0.0125,0.0126,35.0,0.0125,1.0,156373.0,11907.0
2021-01-05 09:40:20.191,0.0124,0.0125,29.0,0.0124,124.0,156418.0,11953.0
2021-01-05 09:40:20.691,0.0124,0.0125,34.0,0.0124,124.0,156418.0,11953.0
2021-01-05 09:40:21.200,0.0124,0.0125,19.0,0.0124,124.0,156418.0,11953.0
2021-01-05 09:40:21.701,0.0124,0.0126,34.0,0.0124,70.0,156473.0,12008.0
2021-01-05 09:40:22.210,0.0124,0.0125,35.0,0.0124,69.0,156474.0,12009.0
2021-01-05 09:40:22.591,0.0124,0.0125,15.0,0.0124,49.0,156494.0,12029.0
2021-01-05 09:40:23.200,0.0124,0.0125,25.0,0.0124,19.0,156524.0,12059.0
2021-01-05 09:40:23.701,0.0124,0.0124,16.0,0.0122,63.0,156543.0,12078.0
2021-01-05 09:40:24.160,0.0124,0.0124,16.0,0.0122,60.0,156543.0,12078.0
2021-01-05 09:40:24.681,0.0124,0.0124,18.0,0.0122,60.0,156543.0,12078.0
2021-01-05 09:40:25.121,0.0123,0.0124,16.0,0.0123,15.0,156543.0,12080.0
2021-01-05 09:40:25.551,0.0123,0.0124,15.0,0.0122,50.0,156543.0,12080.0
2021-01-05 09:40:25.941,0.0123,0.0124,15.0,0.0123,20.0,156543.0,12080.0
2021-01-05 09:40:26.650,0.0123,0.0124,35.0,0.0122,68.0,156543.0,12080.0
2021-01-05 09:40:27.140,0.0123,0.0124,50.0,0.0122,50.0,156543.0,12080.0
2021-01-05 09:40:27.701,0.0123,0.0124,50.0,0.0122,40.0,156543.0,12080.0
2021-01-05 09:40:28.110,0.0123,0.0124,50.0,0.0122,85.0,156543.0,12080.0
2021-01-05 09:40:28.690,0.0123,0.0124,50.0,0.0122,85.0,156543.0,12080.0
2021-01-05 09:40:29.170,0.0123,0.0124,50.0,0.0122,88.0,156543.0,12080.0
2021-01-05 09:40:30.160,0.0123,0.0124,65.0,0.0122,85.0,156543.0,12080.0
2021-01-05 09:40:30.700,0.0123,0.0124,50.0,0.0122,88.0,156543.0,12080.0
2021-01-05 09:40:31.101,0.0123,0.0124,65.0,0.0122,78.0,156543.0,12080.0
2021-01-05 09:40:31.631,0.0123,0.0124,50.0,0.0122,88.0,156543.0,12080.0
2021-01-05 09:40:31.991,0.0123,0.0123,20.0,0.0122,83.0,156543.0,12080.0
2021-01-05 09:40:32.611,0.0123,0.0124,35.0,0.0123,21.0,156543.0,12080.0
2021-01-05 09:40:33.180,0.0124,0.0124,1.0,0.0123,31.0,156528.0,12114.0
2021-01-05 09:40:33.551,0.0124,0.0125,20.0,0.0123,46.0,156528.0,12114.0
2021-01-05 09:40:34.171,0.0124,0.0125,20.0,0.0123,46.0,156528.0,12114.0
2021-01-05 09:40:34.601,0.0124,0.0125,50.0,0.0123,21.0,156528.0,12114.0
2021-01-05 09:40:35.201,0.0124,0.0125,35.0,0.0123,21.0,156528.0,12114.0
2021-01-05 09:40:35.681,0.0125,0.0125,35.0,0.0123,21.0,156528.0,12124.0
2021-01-05 09:40:36.161,0.0125,0.0124,20.0,0.0123,31.0,156528.0,12124.0
2021-01-05 09:40:36.620,0.0125,0.0124,20.0,0.0123,81.0,156528.0,12124.0
2021-01-05 09:40:37.201,0.0125,0.0124,20.0,0.0123,99.0,156528.0,12124.0
2021-01-05 09:40:37.700,0.0125,0.0124,20.0,0.0123,74.0,156528.0,12124.0
2021-01-05 09:40:38.130,0.0124,0.0124,13.0,0.0123,114.0,156528.0,12131.0
2021-01-05 09:40:38.641,0.0124,0.0124,11.0,0.0123,114.0,156530.0,12133.0
2021-01-05 09:40:39.041,0.0124,0.0125,30.0,0.0124,20.0,156530.0,12133.0
2021-01-05 09:40:39.681,0.0124,0.0125,30.0,0.0124,20.0,156530.0,12133.0
2021-01-05 09:40:40.061,0.0124,0.0125,20.0,0.0124,35.0,156530.0,12133.0
2021-01-05 09:40:40.670,0.0124,0.0125,20.0,0.0124,20.0,156530.0,12133.0
2021-01-05 09:40:41.191,0.0125,0.0126,5.0,0.0125,15.0,156550.0,12153.0
2021-01-05 09:40:41.621,0.0125,0.0126,25.0,0.0124,30.0,156550.0,12153.0
2021-01-05 09:40:42.180,0.0125,0.0126,25.0,0.0124,35.0,156550.0,12153.0
2021-01-05 09:40:42.601,0.0125,0.0126,25.0,0.0124,45.0,156550.0,12153.0
2021-01-05 09:40:43.191,0.0125,0.0126,25.0,0.0124,47.0,156550.0,12153.0
2021-01-05 09:40:43.630,0.0125,0.0125,15.0,0.0124,47.0,156550.0,12153.0
2021-01-05 09:40:44.161,0.0126,0.0126,20.0,0.0125,30.0,156555.0,12173.0
2021-01-05 09:40:44.610,0.0126,0.0126,20.0,0.0125,15.0,156555.0,12173.0
2021-01-05 09:40:45.131,0.0126,0.0126,20.0,0.0124,102.0,156555.0,12173.0
2021-01-05 09:40:45.621,0.0126,0.0126,20.0,0.0124,117.0,156555.0,12173.0
2021-01-05 09:40:46.161,0.0126,0.0126,20.0,0.0124,117.0,156555.0,12173.0
2021-01-05 09:40:46.581,0.0126,0.0126,25.0,0.0124,117.0,156555.0,12173.0
2021-01-05 09:40:46.981,0.0126,0.0126,7.0,0.0124,124.0,156555.0,12191.0
2021-01-05 09:40:48.700,0.0126,0.0126,5.0,0.0124,124.0,156555.0,12191.0
2021-01-05 09:40:49.111,0.0126,0.0126,25.0,0.0124,121.0,156555.0,12191.0
2021-01-05 09:40:49.640,0.0126,0.0126,25.0,0.0124,121.0,156555.0,12191.0
2021-01-05 09:40:50.181,0.0126,0.0126,25.0,0.0124,124.0,156555.0,12191.0
2021-01-05 09:40:50.671,0.0126,0.0126,24.0,0.0124,124.0,156555.0,12192.0
2021-01-05 09:40:51.601,0.0126,0.0126,24.0,0.0124,114.0,156555.0,12192.0
2021-01-05 09:40:52.661,0.0126,0.0126,24.0,0.0124,124.0,156555.0,12192.0
2021-01-05 09:40:53.121,0.0124,0.0126,24.0,0.0124,121.0,156555.0,12195.0
2021-01-05 09:40:53.651,0.0126,0.0126,4.0,0.0124,121.0,156575.0,12215.0
2021-01-05 09:40:54.521,0.0126,0.0127,20.0,0.0125,15.0,156575.0,12215.0
2021-01-05 09:40:55.111,0.0126,0.0126,20.0,0.0124,114.0,156575.0,12215.0
2021-01-05 09:40:55.620,0.0126,0.0126,20.0,0.0124,114.0,156575.0,12215.0
2021-01-05 09:40:56.021,0.0126,0.0126,20.0,0.0124,122.0,156575.0,12215.0
2021-01-05 09:40:56.600,0.0126,0.0126,19.0,0.0124,109.0,156576.0,12216.0
2021-01-05 09:40:57.180,0.0126,0.0126,19.0,0.0124,112.0,156576.0,12216.0
2021-01-05 09:40:57.560,0.0126,0.0126,19.0,0.0124,112.0,156576.0,12216.0
2021-01-05 09:40:58.721,0.0126,0.0125,10.0,0.0124,112.0,156576.0,12216.0
2021-01-05 09:40:58.980,0.0126,0.0126,44.0,0.0124,97.0,156576.0,12216.0
2021-01-05 09:40:59.650,0.0124,0.0126,19.0,0.0125,30.0,156580.0,12226.0
2021-01-05 09:40:59.921,0.0124,0.0126,19.0,0.0125,30.0,156580.0,12226.0
2021-01-05 09:41:00.571,0.0126,0.0126,32.0,0.0125,30.0,156582.0,12228.0
2021-01-05 09:41:01.041,0.0125,0.0126,47.0,0.0125,20.0,156582.0,12238.0
2021-01-05 09:41:01.650,0.0126,0.0127,51.0,0.0126,13.0,156599.0,12255.0
2021-01-05 09:41:02.190,0.0126,0.0126,2.0,0.0125,20.0,156612.0,12268.0
2021-01-05 09:41:02.661,0.0126,0.0126,35.0,0.0125,20.0,156612.0,12268.0
2021-01-05 09:41:03.110,0.0126,0.0126,50.0,0.0125,20.0,156612.0,12268.0
2021-01-05 09:41:03.640,0.0126,0.0126,35.0,0.0125,20.0,156612.0,12268.0
2021-01-05 09:41:04.180,0.0126,0.0126,50.0,0.0125,20.0,156612.0,12268.0
2021-01-05 09:41:04.641,0.0126,0.0126,50.0,0.0125,20.0,156612.0,12268.0
2021-01-05 09:41:05.220,0.0126,0.0126,50.0,0.0125,30.0,156612.0,12268.0
2021-01-05 09:41:05.660,0.0126,0.0126,65.0,0.0125,20.0,156612.0,12268.0
2021-01-05 09:41:06.180,0.0126,0.0126,80.0,0.0125,20.0,156612.0,12268.0
2021-01-05 09:41:06.680,0.0126,0.0126,50.0,0.0125,20.0,156642.0,12298.0
2021-01-05 09:41:07.100,0.0126,0.0126,35.0,0.0125,20.0,156642.0,12298.0
2021-01-05 09:41:07.611,0.0126,0.0126,70.0,0.0125,20.0,156642.0,12298.0
2021-01-05 09:41:08.130,0.0125,0.0126,70.0,0.0124,60.0,156622.0,12318.0
2021-01-05 09:41:08.701,0.0125,0.0126,55.0,0.0124,75.0,156622.0,12318.0
2021-01-05 09:41:09.210,0.0125,0.0126,55.0,0.0124,70.0,156622.0,12318.0
2021-01-05 09:41:09.650,0.0126,0.0126,50.0,0.0124,60.0,156652.0,12348.0
2021-01-05 09:41:10.220,0.0126,0.0126,50.0,0.0124,60.0,156652.0,12348.0
2021-01-05 09:41:10.710,0.0126,0.0126,50.0,0.0124,60.0,156652.0,12348.0
2021-01-05 09:41:11.210,0.0126,0.0125,20.0,0.0124,60.0,156652.0,12348.0
2021-01-05 09:41:11.711,0.0126,0.0126,35.0,0.0124,73.0,156652.0,12348.0
2021-01-05 09:41:12.151,0.0126,0.0126,17.0,0.0124,60.0,156652.0,12351.0
2021-01-05 09:41:12.710,0.0126,0.0126,17.0,0.0124,78.0,156652.0,12351.0
2021-01-05 09:41:13.161,0.0126,0.0126,27.0,0.0124,93.0,156652.0,12356.0
2021-01-05 09:41:13.701,0.0126,0.0127,36.0,0.0125,15.0,156652.0,12358.0
2021-01-05 09:41:14.160,0.0125,0.0126,20.0,0.0125,15.0,156647.0,12363.0
2021-01-05 09:41:14.671,0.0125,0.0126,20.0,0.0125,28.0,156647.0,12363.0
2021-01-05 09:41:15.050,0.0126,0.0127,21.0,0.0126,3.0,156647.0,12383.0
2021-01-05 09:41:15.651,0.0126,0.0127,21.0,0.0126,5.0,156647.0,12383.0
2021-01-05 09:41:16.210,0.0126,0.0127,21.0,0.0126,38.0,156647.0,12383.0
2021-01-05 09:41:16.500,0.0126,0.0127,21.0,0.0126,8.0,156647.0,12383.0
2021-01-05 09:41:17.211,0.0126,0.0127,21.0,0.0126,5.0,156647.0,12383.0
2021-01-05 09:41:17.670,0.0126,0.0127,36.0,0.0126,5.0,156647.0,12383.0
2021-01-05 09:41:18.141,0.0126,0.0127,21.0,0.0126,8.0,156647.0,12383.0
2021-01-05 09:41:18.600,0.0126,0.0127,36.0,0.0126,8.0,156647.0,12383.0
2021-01-05 09:41:19.161,0.0126,0.0127,36.0,0.0126,5.0,156647.0,12383.0
2021-01-05 09:41:20.070,0.0126,0.0127,36.0,0.0126,8.0,156647.0,12383.0
2021-01-05 09:41:20.721,0.0126,0.0127,36.0,0.0126,5.0,156647.0,12383.0
2021-01-05 09:41:20.961,0.0126,0.0127,51.0,0.0126,5.0,156647.0,12383.0
2021-01-05 09:41:21.551,0.0126,0.0127,36.0,0.0126,5.0,156647.0,12383.0
2021-01-05 09:41:22.190,0.0127,0.0127,41.0,0.0126,5.0,156657.0,12393.0
2021-01-05 09:41:23.061,0.0127,0.0127,26.0,0.0126,5.0,156657.0,12393.0
2021-01-05 09:41:23.610,0.0124,0.0127,11.0,0.0125,15.0,156636.0,12453.0
2021-01-05 09:41:24.171,0.0124,0.0127,11.0,0.0124,38.0,156601.0,12513.0
2021-01-05 09:41:24.651,0.0124,0.0127,26.0,0.0125,3.0,156590.0,12543.0
2021-01-05 09:41:25.120,0.0124,0.0127,26.0,0.0124,33.0,156539.0,12603.0
2021-01-05 09:41:25.641,0.0124,0.0126,15.0,0.0124,41.0,156529.0,12633.0
2021-01-05 09:41:26.021,0.0123,0.0126,15.0,0.0124,13.0,156470.0,12693.0
2021-01-05 09:41:26.670,0.0123,0.0126,15.0,0.0123,60.0,156404.0,12759.0
2021-01-05 09:41:27.131,0.0124,0.0126,15.0,0.0123,48.0,156374.0,12789.0
2021-01-05 09:41:27.570,0.0123,0.0126,45.0,0.0123,33.0,156344.0,12849.0
2021-01-05 09:41:28.011,0.0124,0.0126,35.0,0.0124,40.0,156344.0,12879.0
2021-01-05 09:41:28.540,0.0124,0.0126,35.0,0.0124,30.0,156344.0,12899.0
2021-01-05 09:41:28.960,0.0124,0.0126,35.0,0.0124,30.0,156344.0,12899.0
2021-01-05 09:41:29.690,0.0124,0.0126,35.0,0.0124,33.0,156344.0,12899.0
2021-01-05 09:41:30.021,0.0123,0.0126,35.0,0.0123,33.0,156308.0,12959.0
2021-01-05 09:41:30.670,0.0122,0.0124,5.0,0.0122,91.0,156272.0,13019.0
2021-01-05 09:41:31.051,0.0123,0.0124,13.0,0.0123,29.0,156237.0,13054.0
2021-01-05 09:41:31.621,0.0122,0.0126,50.0,0.0122,74.0,156214.0,13127.0
2021-01-05 09:41:32.220,0.0122,0.0126,35.0,0.0122,70.0,156178.0,13187.0
2021-01-05 09:41:32.670,0.0123,0.0126,35.0,0.0123,24.0,156155.0,13217.0
2021-01-05 09:41:33.171,0.0122,0.0125,15.0,0.0122,58.0,156142.0,13277.0
2021-01-05 09:41:33.471,0.0123,0.0126,35.0,0.0123,33.0,156132.0,13307.0
2021-01-05 09:41:34.120,0.0123,0.0126,35.0,0.0123,3.0,156107.0,13367.0
2021-01-05 09:41:34.720,0.0122,0.0125,15.0,0.0122,56.0,156098.0,13417.0
2021-01-05 09:41:35.221,0.0122,0.0125,15.0,0.0123,23.0,156098.0,13417.0
2021-01-05 09:41:35.721,0.0122,0.0125,35.0,0.0123,20.0,156098.0,13417.0
2021-01-05 09:41:36.070,0.0122,0.0125,35.0,0.0122,48.0,156089.0,13477.0
2021-01-05 09:41:36.670,0.0122,0.0125,20.0,0.0122,8.0,156078.0,13537.0
2021-01-05 09:41:37.210,0.0122,0.0125,20.0,0.0122,11.0,156076.0,13567.0
2021-01-05 09:41:37.711,0.0121,0.0124,15.0,0.0121,131.0,156082.0,13640.0
2021-01-05 09:41:38.160,0.0121,0.0124,15.0,0.0121,92.0,156059.0,13670.0
2021-01-05 09:41:38.650,0.0125,0.0126,30.0,0.0125,5.0,156058.0,13775.0
2021-01-05 09:41:39.221,0.0122,0.0125,51.0,0.0122,5.0,156043.0,13855.0
2021-01-05 09:41:39.521,0.0122,0.0125,65.0,0.0122,25.0,156040.0,13885.0
2021-01-05 09:41:40.231,0.0121,0.0125,65.0,0.0121,60.0,156010.0,13945.0
2021-01-05 09:41:40.721,0.0122,0.0125,65.0,0.0122,8.0,156000.0,13995.0
2021-01-05 09:41:41.130,0.0122,0.0125,50.0,0.0123,20.0,156000.0,13995.0
2021-01-05 09:41:41.730,0.0122,0.0124,15.0,0.0123,20.0,156000.0,13995.0
2021-01-05 09:41:42.191,0.0124,0.0124,15.0,0.0123,20.0,156000.0,13997.0
2021-01-05 09:41:42.600,0.0124,0.0125,45.0,0.0123,20.0,156000.0,14004.0
2021-01-05 09:41:43.080,0.0124,0.0125,45.0,0.0124,33.0,156000.0,14004.0
2021-01-05 09:41:43.720,0.0124,0.0125,45.0,0.0124,33.0,156000.0,14004.0
2021-01-05 09:41:44.220,0.0124,0.0125,60.0,0.0124,33.0,156000.0,14004.0
2021-01-05 09:41:44.671,0.0124,0.0125,45.0,0.0124,3.0,156000.0,14034.0
2021-01-05 09:41:45.171,0.0124,0.0125,45.0,0.0123,20.0,156000.0,14037.0
2021-01-05 09:41:45.701,0.0124,0.0125,60.0,0.0123,20.0,156000.0,14037.0
