,last,ask1,asize1,bid1,bsize1,oi,volume
2021-01-05 09:24:42.251,0.0158,0.0158,1.0,0.0158,1.0,79261.0,
2021-01-05 09:24:53.660,0.0155,0.0155,1.0,0.0155,1.0,79261.0,
2021-01-05 09:25:00.080,0.0155,0.0155,10.0,0.0154,1.0,79262.0,1.0
2021-01-05 09:30:00.451,0.0154,0.0152,20.0,0.0151,1.0,79285.0,63.0
2021-01-05 09:30:00.851,0.0141,0.015,41.0,0.0145,20.0,79280.0,105.0
2021-01-05 09:30:01.481,0.0145,0.015,41.0,0.0148,10.0,79280.0,110.0
2021-01-05 09:30:01.990,0.0145,0.0148,10.0,0.0146,10.0,79280.0,110.0
2021-01-05 09:30:02.511,0.015,0.0149,20.0,0.0145,10.0,79298.0,151.0
2021-01-05 09:30:02.870,0.015,0.015,30.0,0.0141,27.0,79298.0,151.0
2021-01-05 09:30:03.980,0.015,0.0149,10.0,0.0144,10.0,79298.0,151.0
2021-01-05 09:30:04.430,0.015,0.0148,10.0,0.0143,10.0,79298.0,151.0
2021-01-05 09:30:05.010,0.015,0.0148,30.0,0.0143,10.0,79298.0,151.0
2021-01-05 09:30:05.481,0.015,0.0148,30.0,0.0142,10.0,79298.0,151.0
2021-01-05 09:30:05.990,0.015,0.0148,20.0,0.0141,17.0,79298.0,151.0
2021-01-05 09:30:06.480,0.015,0.0146,10.0,0.0141,17.0,79298.0,151.0
2021-01-05 09:30:06.971,0.0141,0.0146,20.0,0.014,20.0,79305.0,158.0
2021-01-05 09:30:07.471,0.0141,0.0146,10.0,0.014,20.0,79305.0,158.0
2021-01-05 09:30:08.001,0.0141,0.0146,20.0,0.014,10.0,79305.0,158.0
2021-01-05 09:30:08.520,0.014,0.0146,10.0,0.0141,10.0,79305.0,159.0
2021-01-05 09:30:08.960,0.014,0.0141,10.0,0.014,8.0,79305.0,170.0
2021-01-05 09:30:09.471,0.014,0.0148,20.0,0.0138,30.0,79305.0,179.0
2021-01-05 09:30:10.501,0.014,0.0146,10.0,0.0141,10.0,79305.0,179.0
2021-01-05 09:30:11.000,0.014,0.0146,30.0,0.014,8.0,79308.0,192.0
2021-01-05 09:30:11.440,0.0138,0.0145,10.0,0.014,10.0,79322.0,224.0
2021-01-05 09:30:11.970,0.0138,0.0145,20.0,0.0138,9.0,79326.0,238.0
2021-01-05 09:30:12.491,0.0138,0.0147,20.0,0.0138,8.0,79327.0,239.0
2021-01-05 09:30:12.860,0.0138,0.0145,10.0,0.014,10.0,79327.0,239.0
2021-01-05 09:30:13.461,0.0141,0.0145,20.0,0.0138,8.0,79327.0,257.0
2021-01-05 09:30:13.941,0.014,0.0148,20.0,0.0138,8.0,79327.0,265.0
2021-01-05 09:30:14.521,0.0139,0.0148,20.0,0.0138,8.0,79327.0,272.0
2021-01-05 09:30:14.761,0.0139,0.0148,20.0,0.0138,8.0,79327.0,276.0
2021-01-05 09:30:15.280,0.014,0.0148,20.0,0.0138,8.0,79327.0,277.0
2021-01-05 09:30:15.541,0.0148,0.0145,10.0,0.0139,10.0,79327.0,278.0
2021-01-05 09:30:16.531,0.0139,0.0145,30.0,0.014,10.0,79327.0,283.0
2021-01-05 09:30:17.021,0.014,0.0145,20.0,0.014,10.0,79327.0,288.0
2021-01-05 09:30:17.641,0.014,0.0146,20.0,0.014,50.0,79327.0,288.0
2021-01-05 09:30:18.160,0.014,0.0146,20.0,0.014,60.0,79327.0,288.0
2021-01-05 09:30:18.750,0.014,0.0147,10.0,0.014,60.0,79327.0,288.0
2021-01-05 09:30:19.241,0.014,0.0147,10.0,0.0141,10.0,79327.0,289.0
2021-01-05 09:30:19.751,0.0141,0.0148,10.0,0.0141,10.0,79327.0,292.0
2021-01-05 09:30:20.240,0.0141,0.0147,20.0,0.0142,10.0,79327.0,292.0
2021-01-05 09:30:20.740,0.0142,0.0148,20.0,0.014,49.0,79327.0,308.0
2021-01-05 09:30:21.241,0.0142,0.0147,10.0,0.0141,10.0,79327.0,308.0
2021-01-05 09:30:21.741,0.0142,0.0149,10.0,0.0142,8.0,79327.0,310.0
2021-01-05 09:30:22.240,0.0142,0.0147,10.0,0.0142,10.0,79327.0,310.0
2021-01-05 09:30:22.671,0.0142,0.0147,20.0,0.0142,10.0,79327.0,311.0
2021-01-05 09:30:23.170,0.0142,0.0147,10.0,0.0141,10.0,79327.0,321.0
2021-01-05 09:30:23.621,0.0142,0.0146,10.0,0.014,59.0,79327.0,321.0
2021-01-05 09:30:24.140,0.0142,0.0145,10.0,0.014,59.0,79327.0,321.0
2021-01-05 09:30:24.661,0.0142,0.0145,30.0,0.014,69.0,79327.0,321.0
2021-01-05 09:30:25.160,0.014,0.0144,25.0,0.014,49.0,79327.0,341.0
2021-01-05 09:30:25.671,0.014,0.0143,15.0,0.014,46.0,79324.0,344.0
2021-01-05 09:30:26.071,0.014,0.0143,35.0,0.014,56.0,79324.0,344.0
2021-01-05 09:30:26.670,0.014,0.0142,15.0,0.014,16.0,79294.0,374.0
2021-01-05 09:30:26.780,0.0139,0.0142,15.0,0.0139,10.0,79294.0,394.0
2021-01-05 09:30:27.671,0.0138,0.0138,12.0,0.0136,66.0,79284.0,412.0
2021-01-05 09:30:28.161,0.0138,0.014,20.0,0.0137,15.0,79272.0,424.0
2021-01-05 09:30:28.670,0.0138,0.0141,35.0,0.0137,15.0,79272.0,424.0
2021-01-05 09:30:29.150,0.0138,0.0141,35.0,0.0138,2.0,79272.0,424.0
2021-01-05 09:30:29.650,0.0141,0.0143,10.0,0.0142,3.0,79316.0,468.0
2021-01-05 09:30:30.140,0.0142,0.0146,10.0,0.0142,8.0,79332.0,514.0
2021-01-05 09:30:30.620,0.0142,0.0145,15.0,0.0142,10.0,79340.0,522.0
2021-01-05 09:30:31.121,0.0142,0.0147,10.0,0.014,1.0,79340.0,535.0
2021-01-05 09:30:31.661,0.0142,0.0146,15.0,0.014,1.0,79340.0,535.0
2021-01-05 09:30:32.140,0.0139,0.0146,35.0,0.0139,15.0,79341.0,537.0
2021-01-05 09:30:32.631,0.0139,0.0146,20.0,0.0139,15.0,79341.0,537.0
2021-01-05 09:30:33.171,0.0139,0.0146,35.0,0.0139,15.0,79341.0,537.0
2021-01-05 09:30:33.671,0.0139,0.0146,20.0,0.0139,15.0,79341.0,537.0
2021-01-05 09:30:34.141,0.0139,0.0145,25.0,0.0139,25.0,79341.0,537.0
2021-01-05 09:30:34.670,0.0145,0.0145,30.0,0.014,15.0,79342.0,538.0
2021-01-05 09:30:34.931,0.0145,0.0145,29.0,0.0139,10.0,79343.0,539.0
2021-01-05 09:30:35.680,0.0145,0.0144,10.0,0.0141,25.0,79343.0,539.0
2021-01-05 09:30:36.160,0.0141,0.0143,10.0,0.0142,15.0,79346.0,542.0
2021-01-05 09:30:36.681,0.0141,0.0143,20.0,0.0141,15.0,79353.0,564.0
2021-01-05 09:30:37.171,0.0139,0.0139,5.0,0.0138,2.0,79358.0,592.0
2021-01-05 09:30:37.670,0.014,0.0141,30.0,0.0139,15.0,79358.0,607.0
2021-01-05 09:30:38.110,0.0139,0.0141,20.0,0.014,15.0,79358.0,617.0
2021-01-05 09:30:38.700,0.0138,0.0142,20.0,0.0138,10.0,79358.0,619.0
2021-01-05 09:30:39.201,0.0141,0.0142,20.0,0.0141,3.0,79358.0,634.0
2021-01-05 09:30:39.680,0.0141,0.0139,7.0,0.0138,10.0,79358.0,637.0
2021-01-05 09:30:40.170,0.0141,0.014,12.0,0.0139,20.0,79358.0,652.0
2021-01-05 09:30:40.690,0.0141,0.0142,30.0,0.014,15.0,79358.0,652.0
2021-01-05 09:30:40.990,0.014,0.0142,20.0,0.0138,10.0,79358.0,667.0
2021-01-05 09:30:41.701,0.014,0.0143,32.0,0.0139,5.0,79358.0,667.0
2021-01-05 09:30:42.181,0.014,0.0142,20.0,0.0139,5.0,79358.0,667.0
2021-01-05 09:30:42.671,0.0139,0.0143,22.0,0.0139,13.0,79358.0,669.0
2021-01-05 09:30:43.180,0.0139,0.0141,10.0,0.0139,3.0,79358.0,669.0
2021-01-05 09:30:43.681,0.0143,0.0143,12.0,0.0139,3.0,79378.0,699.0
2021-01-05 09:30:44.171,0.0142,0.0142,2.0,0.0141,12.0,79381.0,712.0
2021-01-05 09:30:44.650,0.0142,0.0143,2.0,0.0142,8.0,79383.0,724.0
2021-01-05 09:30:44.980,0.0143,0.0144,10.0,0.0141,12.0,79383.0,736.0
2021-01-05 09:30:45.710,0.0142,0.0144,10.0,0.0142,15.0,79373.0,746.0
2021-01-05 09:30:46.200,0.0141,0.0143,10.0,0.0141,7.0,79373.0,751.0
2021-01-05 09:30:46.671,0.0141,0.0143,10.0,0.0141,1.0,79373.0,751.0
2021-01-05 09:30:47.191,0.0141,0.0143,10.0,0.014,15.0,79373.0,751.0
2021-01-05 09:30:47.691,0.0141,0.0143,10.0,0.014,25.0,79373.0,751.0
2021-01-05 09:30:48.081,0.0141,0.0143,10.0,0.0141,12.0,79370.0,754.0
2021-01-05 09:30:48.711,0.0141,0.0143,10.0,0.0139,32.0,79370.0,754.0
2021-01-05 09:30:49.210,0.0141,0.0143,25.0,0.0139,12.0,79370.0,754.0
2021-01-05 09:30:49.441,0.0141,0.0143,25.0,0.0139,47.0,79370.0,754.0
2021-01-05 09:30:50.171,0.0139,0.0141,42.0,0.0139,30.0,79359.0,771.0
2021-01-05 09:30:50.720,0.0139,0.014,36.0,0.0138,30.0,79359.0,771.0
2021-01-05 09:30:51.170,0.0139,0.0139,15.0,0.0138,35.0,79359.0,771.0
2021-01-05 09:30:51.521,0.0139,0.0139,35.0,0.0138,20.0,79360.0,787.0
2021-01-05 09:30:52.021,0.0138,0.0138,56.0,0.0137,68.0,79361.0,825.0
2021-01-05 09:30:52.551,0.0139,0.0139,28.0,0.0138,15.0,79341.0,894.0
2021-01-05 09:30:53.120,0.0139,0.0139,28.0,0.0138,45.0,79341.0,894.0
2021-01-05 09:30:53.660,0.0138,0.0139,28.0,0.0138,15.0,79331.0,909.0
2021-01-05 09:30:54.071,0.0137,0.014,136.0,0.0137,38.0,79326.0,947.0
2021-01-05 09:30:54.670,0.0138,0.014,136.0,0.0138,15.0,79326.0,952.0
2021-01-05 09:30:55.081,0.0138,0.014,136.0,0.0139,1.0,79326.0,952.0
2021-01-05 09:30:55.671,0.014,0.014,84.0,0.0138,10.0,79334.0,1009.0
2021-01-05 09:30:56.170,0.014,0.014,84.0,0.0139,15.0,79334.0,1009.0
2021-01-05 09:30:56.520,0.014,0.014,84.0,0.0139,35.0,79334.0,1009.0
2021-01-05 09:30:57.171,0.014,0.014,54.0,0.0139,30.0,79334.0,1039.0
2021-01-05 09:30:57.600,0.014,0.014,24.0,0.0139,30.0,79334.0,1069.0
2021-01-05 09:30:58.091,0.014,0.0141,142.0,0.014,6.0,79358.0,1093.0
2021-01-05 09:30:58.660,0.0139,0.0141,142.0,0.0139,34.0,79364.0,1100.0
2021-01-05 09:30:59.081,0.0141,0.0141,117.0,0.0139,50.0,79389.0,1125.0
2021-01-05 09:30:59.640,0.0141,0.0141,147.0,0.0138,75.0,79389.0,1125.0
2021-01-05 09:31:00.681,0.014,0.0141,147.0,0.0138,45.0,79394.0,1130.0
2021-01-05 09:31:01.150,0.0138,0.0141,117.0,0.0138,10.0,79379.0,1180.0
2021-01-05 09:31:02.170,0.014,0.014,10.0,0.0137,84.0,79399.0,1200.0
2021-01-05 09:31:02.681,0.014,0.0141,117.0,0.0137,69.0,79399.0,1210.0
2021-01-05 09:31:03.131,0.014,0.014,26.0,0.0138,15.0,79399.0,1214.0
2021-01-05 09:31:03.680,0.014,0.0139,30.0,0.0138,15.0,79399.0,1214.0
2021-01-05 09:31:04.151,0.0139,0.0141,147.0,0.0138,15.0,79399.0,1216.0
2021-01-05 09:31:04.671,0.0138,0.0141,147.0,0.0139,15.0,79399.0,1221.0
2021-01-05 09:31:05.670,0.0138,0.0141,147.0,0.0139,15.0,79399.0,1221.0
2021-01-05 09:31:06.160,0.0138,0.0141,117.0,0.0139,55.0,79399.0,1221.0
2021-01-05 09:31:06.681,0.014,0.0141,87.0,0.014,7.0,79391.0,1264.0
2021-01-05 09:31:07.190,0.0141,0.0141,77.0,0.014,45.0,79400.0,1275.0
2021-01-05 09:31:07.651,0.014,0.0141,57.0,0.014,28.0,79408.0,1311.0
2021-01-05 09:31:08.200,0.014,0.0141,57.0,0.014,28.0,79408.0,1311.0
2021-01-05 09:31:08.650,0.0141,0.0141,7.0,0.014,45.0,79438.0,1361.0
2021-01-05 09:31:09.101,0.0141,0.0141,7.0,0.014,75.0,79438.0,1361.0
2021-01-05 09:31:10.200,0.0141,0.0141,2.0,0.014,75.0,79439.0,1370.0
2021-01-05 09:31:10.690,0.0141,0.0141,2.0,0.014,75.0,79439.0,1370.0
2021-01-05 09:31:11.170,0.0141,0.0143,50.0,0.0141,15.0,79439.0,1372.0
2021-01-05 09:31:11.701,0.0141,0.0143,40.0,0.014,60.0,79439.0,1372.0
2021-01-05 09:31:12.171,0.0143,0.0143,38.0,0.014,60.0,79439.0,1374.0
2021-01-05 09:31:12.621,0.0141,0.0142,30.0,0.014,65.0,79434.0,1379.0
2021-01-05 09:31:13.170,0.0141,0.0143,8.0,0.0141,30.0,79434.0,1379.0
2021-01-05 09:31:13.710,0.0143,0.0143,27.0,0.0141,30.0,79437.0,1390.0
2021-01-05 09:31:14.200,0.0143,0.0143,37.0,0.014,75.0,79437.0,1390.0
2021-01-05 09:31:15.110,0.0143,0.0142,30.0,0.014,95.0,79437.0,1390.0
2021-01-05 09:31:15.710,0.0142,0.0142,29.0,0.014,95.0,79437.0,1391.0
2021-01-05 09:31:16.180,0.014,0.0142,29.0,0.014,77.0,79434.0,1394.0
2021-01-05 09:31:16.711,0.014,0.0143,40.0,0.014,67.0,79434.0,1404.0
2021-01-05 09:31:17.201,0.0141,0.0141,12.0,0.014,52.0,79474.0,1454.0
2021-01-05 09:31:17.710,0.0141,0.0141,24.0,0.014,37.0,79504.0,1484.0
2021-01-05 09:31:18.121,0.0141,0.0144,40.0,0.0143,1.0,79528.0,1508.0
2021-01-05 09:31:18.720,0.0142,0.0143,1.0,0.0142,4.0,79529.0,1515.0
2021-01-05 09:31:19.150,0.0142,0.0143,1.0,0.0142,17.0,79542.0,1552.0
2021-01-05 09:31:19.540,0.0142,0.0142,27.0,0.0141,15.0,79542.0,1552.0
2021-01-05 09:31:20.151,0.0142,0.0142,37.0,0.0141,45.0,79547.0,1557.0
2021-01-05 09:31:20.691,0.0141,0.0142,37.0,0.0141,3.0,79577.0,1599.0
2021-01-05 09:31:21.221,0.0142,0.0142,51.0,0.0141,15.0,79593.0,1615.0
2021-01-05 09:31:21.671,0.0142,0.0142,51.0,0.014,52.0,79593.0,1615.0
2021-01-05 09:31:22.211,0.0142,0.0141,36.0,0.014,32.0,79593.0,1615.0
2021-01-05 09:31:22.620,0.0142,0.0141,42.0,0.014,32.0,79593.0,1615.0
2021-01-05 09:31:23.091,0.0142,0.0141,42.0,0.014,32.0,79593.0,1615.0
2021-01-05 09:31:23.640,0.0142,0.0141,42.0,0.014,17.0,79593.0,1615.0
2021-01-05 09:31:24.161,0.0142,0.0141,42.0,0.014,17.0,79593.0,1615.0
2021-01-05 09:31:24.261,0.0142,0.0141,42.0,0.014,32.0,79593.0,1615.0
2021-01-05 09:31:25.150,0.0142,0.0141,42.0,0.014,62.0,79593.0,1615.0
2021-01-05 09:31:25.630,0.0141,0.0141,11.0,0.014,67.0,79594.0,1646.0
2021-01-05 09:31:25.911,0.0141,0.0141,11.0,0.014,67.0,79594.0,1646.0
2021-01-05 09:31:26.681,0.0141,0.0141,11.0,0.014,82.0,79594.0,1646.0
2021-01-05 09:31:27.060,0.0141,0.0142,51.0,0.0141,6.0,79594.0,1657.0
2021-01-05 09:31:27.590,0.0141,0.0142,51.0,0.014,52.0,79594.0,1657.0
2021-01-05 09:31:28.091,0.0141,0.0142,51.0,0.014,32.0,79594.0,1657.0
2021-01-05 09:31:28.610,0.0142,0.0142,1.0,0.014,32.0,79644.0,1707.0
2021-01-05 09:31:29.171,0.0142,0.0142,1.0,0.014,32.0,79644.0,1707.0
2021-01-05 09:31:30.170,0.0142,0.0142,1.0,0.0141,12.0,79644.0,1707.0
2021-01-05 09:31:30.671,0.0142,0.0142,1.0,0.0141,12.0,79644.0,1707.0
2021-01-05 09:31:31.101,0.0142,0.0142,7.0,0.0141,32.0,79644.0,1707.0
2021-01-05 09:31:31.641,0.014,0.0141,10.0,0.014,45.0,79654.0,1741.0
2021-01-05 09:31:32.191,0.0141,0.0142,72.0,0.014,15.0,79654.0,1751.0
2021-01-05 09:31:32.671,0.0142,0.0142,52.0,0.014,30.0,79674.0,1771.0
2021-01-05 09:31:33.190,0.0142,0.0142,52.0,0.014,60.0,79674.0,1771.0
2021-01-05 09:31:33.680,0.0142,0.0142,52.0,0.014,45.0,79674.0,1771.0
2021-01-05 09:31:34.181,0.0141,0.0142,52.0,0.0141,15.0,79674.0,1774.0
2021-01-05 09:31:34.681,0.0141,0.0142,52.0,0.014,35.0,79674.0,1774.0
2021-01-05 09:31:35.190,0.0141,0.0142,52.0,0.0141,15.0,79674.0,1774.0
2021-01-05 09:31:35.670,0.0141,0.0142,52.0,0.014,38.0,79674.0,1774.0
2021-01-05 09:31:36.181,0.0141,0.0142,52.0,0.014,53.0,79674.0,1774.0
2021-01-05 09:31:36.690,0.0141,0.0141,42.0,0.014,38.0,79674.0,1774.0
2021-01-05 09:31:37.191,0.0141,0.0141,42.0,0.014,53.0,79674.0,1774.0
2021-01-05 09:31:37.620,0.0141,0.0141,42.0,0.014,68.0,79674.0,1774.0
2021-01-05 09:31:38.190,0.0141,0.0142,22.0,0.0141,8.0,79624.0,1866.0
2021-01-05 09:31:39.210,0.0141,0.0142,22.0,0.014,45.0,79624.0,1866.0
2021-01-05 09:31:39.710,0.0141,0.0142,22.0,0.0141,31.0,79624.0,1866.0
2021-01-05 09:31:39.921,0.0141,0.0142,22.0,0.0141,31.0,79624.0,1866.0
2021-01-05 09:31:40.711,0.0142,0.0143,52.0,0.0142,21.0,79646.0,1888.0
2021-01-05 09:31:41.191,0.0143,0.0143,26.0,0.0142,18.0,79646.0,1914.0
2021-01-05 09:31:41.681,0.0143,0.0143,26.0,0.0142,48.0,79646.0,1914.0
2021-01-05 09:31:42.211,0.0142,0.0143,26.0,0.0141,53.0,79646.0,1924.0
2021-01-05 09:31:42.711,0.0143,0.0143,23.0,0.0142,1.0,79649.0,1927.0
2021-01-05 09:31:43.191,0.0143,0.0143,23.0,0.0142,21.0,79649.0,1927.0
2021-01-05 09:31:43.710,0.0143,0.0143,43.0,0.0142,17.0,79650.0,1941.0
2021-01-05 09:31:44.190,0.0143,0.0143,43.0,0.014,75.0,79650.0,1941.0
2021-01-05 09:31:44.691,0.0143,0.0142,30.0,0.014,68.0,79650.0,1941.0
2021-01-05 09:31:45.170,0.0143,0.0143,13.0,0.0141,30.0,79650.0,1941.0
2021-01-05 09:31:45.621,0.0141,0.0143,43.0,0.0141,10.0,79650.0,1951.0
2021-01-05 09:31:46.071,0.0141,0.0143,13.0,0.0141,48.0,79650.0,1951.0
2021-01-05 09:31:46.701,0.0141,0.0143,13.0,0.0142,2.0,79650.0,1951.0
2021-01-05 09:31:47.191,0.0142,0.0143,43.0,0.0142,25.0,79660.0,1961.0
2021-01-05 09:31:47.690,0.0143,0.0144,30.0,0.0143,10.0,79610.0,2024.0
2021-01-05 09:31:47.921,0.0143,0.0144,30.0,0.0142,63.0,79610.0,2034.0
2021-01-05 09:31:48.330,0.0143,0.0144,30.0,0.0143,13.0,79610.0,2044.0
2021-01-05 09:31:49.221,0.0143,0.0144,30.0,0.0143,1.0,79610.0,2044.0
2021-01-05 09:31:49.671,0.0143,0.0144,30.0,0.0143,26.0,79610.0,2044.0
2021-01-05 09:31:50.191,0.0143,0.0146,65.0,0.0144,10.0,79610.0,2044.0
2021-01-05 09:31:50.710,0.0143,0.0146,40.0,0.0144,30.0,79610.0,2044.0
2021-01-05 09:31:51.210,0.0143,0.0146,40.0,0.0145,30.0,79610.0,2044.0
2021-01-05 09:31:51.701,0.0143,0.0146,40.0,0.0145,30.0,79610.0,2044.0
2021-01-05 09:31:51.990,0.0146,0.0146,35.0,0.0145,30.0,79620.0,2054.0
2021-01-05 09:31:52.621,0.0146,0.0147,45.0,0.0145,50.0,79620.0,2054.0
2021-01-05 09:31:53.171,0.0146,0.0147,45.0,0.0145,50.0,79620.0,2054.0
2021-01-05 09:31:53.640,0.0145,0.0148,30.0,0.0145,36.0,79590.0,2084.0
2021-01-05 09:31:54.151,0.0145,0.0148,45.0,0.0145,66.0,79590.0,2084.0
2021-01-05 09:31:54.641,0.0145,0.0148,45.0,0.0145,50.0,79590.0,2084.0
2021-01-05 09:31:54.681,0.0145,0.0148,45.0,0.0145,66.0,79590.0,2084.0
2021-01-05 09:31:55.670,0.0145,0.0148,45.0,0.0145,53.0,79590.0,2084.0
2021-01-05 09:31:56.110,0.0145,0.0148,45.0,0.0145,66.0,79590.0,2084.0
2021-01-05 09:31:56.681,0.0145,0.0148,30.0,0.0146,1.0,79590.0,2084.0
2021-01-05 09:31:57.171,0.0146,0.0147,15.0,0.0146,20.0,79590.0,2088.0
2021-01-05 09:31:57.651,0.0146,0.0147,15.0,0.0146,23.0,79590.0,2088.0
2021-01-05 09:31:58.171,0.0146,0.0147,45.0,0.0146,11.0,79599.0,2097.0
2021-01-05 09:31:58.531,0.0146,0.0147,45.0,0.0145,63.0,79600.0,2098.0
2021-01-05 09:31:59.180,0.0147,0.0147,33.0,0.0145,63.0,79612.0,2110.0
2021-01-05 09:31:59.620,0.0148,0.0148,2.0,0.0145,60.0,79645.0,2163.0
2021-01-05 09:32:00.150,0.0148,0.0149,10.0,0.0146,5.0,79682.0,2200.0
2021-01-05 09:32:00.650,0.0148,0.0149,15.0,0.0148,38.0,79712.0,2230.0
2021-01-05 09:32:01.170,0.0148,0.0149,15.0,0.0148,12.0,79778.0,2296.0
2021-01-05 09:32:01.620,0.0148,0.0148,3.0,0.0145,30.0,79838.0,2356.0
2021-01-05 09:32:02.171,0.0146,0.0148,17.0,0.0145,10.0,79868.0,2386.0
2021-01-05 09:32:02.671,0.0147,0.0147,21.0,0.0145,10.0,79913.0,2431.0
2021-01-05 09:32:03.180,0.0147,0.0147,13.0,0.0143,88.0,79956.0,2474.0
2021-01-05 09:32:03.620,0.0146,0.0146,9.0,0.0143,78.0,79988.0,2506.0
2021-01-05 09:32:04.150,0.0147,0.0149,30.0,0.0148,2.0,80028.0,2546.0
2021-01-05 09:32:04.630,0.0147,0.0147,5.0,0.0145,10.0,80080.0,2598.0
2021-01-05 09:32:05.130,0.0147,0.0147,15.0,0.0145,3.0,80117.0,2635.0
2021-01-05 09:32:05.660,0.0148,0.0147,30.0,0.0144,30.0,80133.0,2651.0
2021-01-05 09:32:06.161,0.0148,0.0148,46.0,0.0146,30.0,80133.0,2651.0
2021-01-05 09:32:06.680,0.0147,0.0147,10.0,0.0145,15.0,80153.0,2671.0
2021-01-05 09:32:07.070,0.0147,0.0146,30.0,0.0145,15.0,80153.0,2671.0
2021-01-05 09:32:07.671,0.0146,0.0146,29.0,0.0144,15.0,80154.0,2672.0
2021-01-05 09:32:08.171,0.0146,0.0146,29.0,0.0144,48.0,80154.0,2672.0
2021-01-05 09:32:08.670,0.0146,0.0148,75.0,0.0145,30.0,80154.0,2672.0
2021-01-05 09:32:09.141,0.0146,0.0148,30.0,0.0146,30.0,80154.0,2672.0
2021-01-05 09:32:09.681,0.0146,0.0148,62.0,0.0145,40.0,80154.0,2672.0
2021-01-05 09:32:10.140,0.0146,0.0147,30.0,0.0145,30.0,80154.0,2672.0
2021-01-05 09:32:10.441,0.0146,0.0148,62.0,0.0145,30.0,80154.0,2672.0
2021-01-05 09:32:11.120,0.0148,0.0148,75.0,0.0145,30.0,80154.0,2674.0
2021-01-05 09:32:11.650,0.0148,0.0147,45.0,0.0144,30.0,80154.0,2674.0
2021-01-05 09:32:12.161,0.0148,0.0145,20.0,0.0144,30.0,80154.0,2674.0
2021-01-05 09:32:12.670,0.0148,0.0145,20.0,0.0144,3.0,80154.0,2674.0
2021-01-05 09:32:13.171,0.0148,0.0145,20.0,0.0144,33.0,80154.0,2674.0
2021-01-05 09:32:13.680,0.0148,0.0145,20.0,0.0144,33.0,80154.0,2674.0
2021-01-05 09:32:14.180,0.0145,0.0145,19.0,0.0144,33.0,80154.0,2675.0
2021-01-05 09:32:14.560,0.0145,0.0145,19.0,0.0144,48.0,80154.0,2675.0
2021-01-05 09:32:15.171,0.0145,0.0145,19.0,0.0144,48.0,80154.0,2675.0
2021-01-05 09:32:15.671,0.0144,0.0145,18.0,0.0144,27.0,80133.0,2697.0
2021-01-05 09:32:16.151,0.0145,0.0147,30.0,0.0145,23.0,80133.0,2715.0
2021-01-05 09:32:16.551,0.0145,0.0147,30.0,0.0145,62.0,80133.0,2715.0
2021-01-05 09:32:17.161,0.0147,0.0146,30.0,0.0145,62.0,80136.0,2718.0
2021-01-05 09:32:17.651,0.0147,0.0147,30.0,0.0145,67.0,80136.0,2718.0
2021-01-05 09:32:18.130,0.0147,0.0147,45.0,0.0145,77.0,80136.0,2718.0
2021-01-05 09:32:18.670,0.0147,0.0148,75.0,0.0146,13.0,80136.0,2718.0
2021-01-05 09:32:19.150,0.0147,0.0148,60.0,0.0146,13.0,80136.0,2718.0
2021-01-05 09:32:19.640,0.0147,0.0148,60.0,0.0146,13.0,80136.0,2718.0
2021-01-05 09:32:20.151,0.0147,0.0148,75.0,0.0147,5.0,80136.0,2718.0
2021-01-05 09:32:20.600,0.0146,0.0146,17.0,0.0145,64.0,80141.0,2736.0
2021-01-05 09:32:21.130,0.0146,0.0148,40.0,0.0146,9.0,80141.0,2753.0
2021-01-05 09:32:21.680,0.0146,0.0146,11.0,0.0145,64.0,80141.0,2788.0
2021-01-05 09:32:22.181,0.0145,0.0148,105.0,0.0145,57.0,80141.0,2806.0
2021-01-05 09:32:22.660,0.0145,0.0146,30.0,0.0145,70.0,80141.0,2806.0
2021-01-05 09:32:23.140,0.0145,0.0146,30.0,0.0145,70.0,80141.0,2806.0
2021-01-05 09:32:23.670,0.0145,0.0146,30.0,0.0145,70.0,80141.0,2806.0
2021-01-05 09:32:24.160,0.0145,0.0147,30.0,0.0145,73.0,80141.0,2806.0
2021-01-05 09:32:24.640,0.0145,0.0147,30.0,0.0146,2.0,80141.0,2806.0
2021-01-05 09:32:25.170,0.0145,0.0148,110.0,0.0145,85.0,80139.0,2810.0
2021-01-05 09:32:25.670,0.0145,0.0148,110.0,0.0146,13.0,80139.0,2810.0
2021-01-05 09:32:26.171,0.0146,0.0148,80.0,0.0146,40.0,80136.0,2813.0
2021-01-05 09:32:26.650,0.0146,0.0148,80.0,0.0147,13.0,80133.0,2816.0
2021-01-05 09:32:26.650,0.0146,0.0148,80.0,0.0147,13.0,80133.0,2816.0
2021-01-05 09:32:27.670,0.0146,0.0148,80.0,0.0147,13.0,80133.0,2816.0
2021-01-05 09:32:28.171,0.0147,0.0148,80.0,0.0147,15.0,80132.0,2817.0
2021-01-05 09:32:28.630,0.0148,0.0148,54.0,0.0147,33.0,80106.0,2843.0
2021-01-05 09:32:29.180,0.0148,0.0148,31.0,0.0147,32.0,80103.0,2877.0
2021-01-05 09:32:30.171,0.0148,0.0148,21.0,0.0147,13.0,80113.0,2887.0
2021-01-05 09:32:30.671,0.0148,0.0148,14.0,0.0146,58.0,80120.0,2894.0
2021-01-05 09:32:31.080,0.0146,0.0148,14.0,0.0146,61.0,80120.0,2895.0
2021-01-05 09:32:31.631,0.0148,0.0149,13.0,0.0148,16.0,80120.0,2909.0
2021-01-05 09:32:32.121,0.0148,0.0149,40.0,0.0147,43.0,80120.0,2909.0
2021-01-05 09:32:32.570,0.0148,0.0149,40.0,0.0147,43.0,80120.0,2909.0
2021-01-05 09:32:33.141,0.0147,0.0149,23.0,0.0147,31.0,80120.0,2911.0
2021-01-05 09:32:33.671,0.0147,0.0149,10.0,0.0147,44.0,80120.0,2911.0
2021-01-05 09:32:34.171,0.0147,0.0149,23.0,0.0147,28.0,80120.0,2911.0
2021-01-05 09:32:34.691,0.0147,0.0149,53.0,0.0147,28.0,80120.0,2911.0
2021-01-05 09:32:35.170,0.0147,0.0149,68.0,0.0147,27.0,80119.0,2912.0
2021-01-05 09:32:35.671,0.0147,0.0149,68.0,0.0147,12.0,80109.0,2927.0
2021-01-05 09:32:36.190,0.0147,0.0149,25.0,0.0147,15.0,80099.0,2937.0
2021-01-05 09:32:36.691,0.0147,0.0149,38.0,0.0147,5.0,80099.0,2937.0
2021-01-05 09:32:37.661,0.0147,0.0149,38.0,0.0147,1.0,80098.0,2938.0
2021-01-05 09:32:38.190,0.0147,0.0149,78.0,0.0147,4.0,80098.0,2938.0
2021-01-05 09:32:38.670,0.0147,0.0147,11.0,0.0146,66.0,80098.0,2942.0
2021-01-05 09:32:39.200,0.0149,0.0149,44.0,0.0147,13.0,80112.0,2967.0
2021-01-05 09:32:39.621,0.0149,0.0149,30.0,0.0147,46.0,80112.0,2967.0
2021-01-05 09:32:40.111,0.0149,0.0149,43.0,0.0148,5.0,80112.0,2967.0
2021-01-05 09:32:40.601,0.0148,0.0149,43.0,0.0147,30.0,80117.0,2972.0
2021-01-05 09:32:41.200,0.0148,0.0149,83.0,0.0147,33.0,80117.0,2972.0
2021-01-05 09:32:41.690,0.0148,0.0148,5.0,0.0147,33.0,80117.0,2972.0
2021-01-05 09:32:42.201,0.0148,0.0148,5.0,0.0147,33.0,80117.0,2972.0
2021-01-05 09:32:42.700,0.0148,0.0148,5.0,0.0147,33.0,80117.0,2972.0
2021-01-05 09:32:43.121,0.0148,0.0148,5.0,0.0147,30.0,80117.0,2972.0
2021-01-05 09:32:43.580,0.0148,0.0148,5.0,0.0147,30.0,80117.0,2972.0
2021-01-05 09:32:44.700,0.0146,0.0148,18.0,0.0146,32.0,80116.0,2973.0
2021-01-05 09:32:45.190,0.0146,0.0148,5.0,0.0146,32.0,80116.0,2973.0
2021-01-05 09:32:45.580,0.0146,0.0148,8.0,0.0147,33.0,80116.0,2973.0
2021-01-05 09:32:46.160,0.0146,0.0148,8.0,0.0147,33.0,80116.0,2973.0
2021-01-05 09:32:46.610,0.0147,0.0148,8.0,0.0147,26.0,80096.0,2993.0
2021-01-05 09:32:47.701,0.0147,0.0148,8.0,0.0147,26.0,80096.0,2993.0
2021-01-05 09:32:48.101,0.0148,0.0149,30.0,0.0148,13.0,80091.0,3001.0
2021-01-05 09:32:48.690,0.0148,0.0149,30.0,0.0148,61.0,80091.0,3001.0
2021-01-05 09:32:49.190,0.0149,0.0149,29.0,0.0148,68.0,80091.0,3002.0
2021-01-05 09:32:49.670,0.0149,0.015,110.0,0.0149,14.0,80062.0,3031.0
2021-01-05 09:32:50.171,0.015,0.015,75.0,0.0149,61.0,80067.0,3066.0
2021-01-05 09:32:50.650,0.015,0.015,77.0,0.0148,7.0,80067.0,3094.0
2021-01-05 09:32:51.170,0.0148,0.015,32.0,0.0148,12.0,80024.0,3159.0
2021-01-05 09:32:51.701,0.0149,0.015,2.0,0.0149,12.0,80023.0,3190.0
2021-01-05 09:32:52.191,0.0149,0.015,2.0,0.0149,15.0,80023.0,3190.0
2021-01-05 09:32:52.671,0.0149,0.015,2.0,0.0149,2.0,80023.0,3190.0
2021-01-05 09:32:53.161,0.0149,0.015,2.0,0.0148,88.0,80023.0,3190.0
2021-01-05 09:32:53.641,0.0149,0.015,15.0,0.0148,43.0,80023.0,3190.0
2021-01-05 09:32:54.181,0.0149,0.015,42.0,0.0148,13.0,80023.0,3190.0
2021-01-05 09:32:54.490,0.0149,0.0149,13.0,0.0148,13.0,80023.0,3190.0
2021-01-05 09:32:55.161,0.0149,0.015,60.0,0.0148,13.0,80023.0,3190.0
2021-01-05 09:32:55.650,0.0148,0.015,13.0,0.0148,33.0,80057.0,3250.0
2021-01-05 09:32:56.150,0.0148,0.0151,10.0,0.0149,44.0,80057.0,3250.0
2021-01-05 09:32:56.611,0.0148,0.0152,117.0,0.015,40.0,80057.0,3250.0
2021-01-05 09:32:57.151,0.0148,0.0151,43.0,0.015,10.0,80057.0,3250.0
2021-01-05 09:32:57.600,0.0148,0.0151,43.0,0.015,10.0,80057.0,3250.0
2021-01-05 09:32:58.171,0.0152,0.0152,122.0,0.015,10.0,80107.0,3300.0
2021-01-05 09:32:58.651,0.0152,0.0152,152.0,0.015,10.0,80107.0,3300.0
2021-01-05 09:32:59.170,0.015,0.0151,30.0,0.0149,31.0,80097.0,3310.0
2021-01-05 09:32:59.621,0.015,0.0151,13.0,0.015,10.0,80097.0,3310.0
2021-01-05 09:33:00.180,0.015,0.0152,152.0,0.0151,5.0,80097.0,3310.0
2021-01-05 09:33:00.651,0.015,0.0152,140.0,0.0151,5.0,80097.0,3310.0
2021-01-05 09:33:01.081,0.015,0.0151,38.0,0.015,9.0,80102.0,3316.0
2021-01-05 09:33:01.661,0.015,0.015,29.0,0.0149,21.0,80103.0,3317.0
2021-01-05 09:33:02.130,0.015,0.015,29.0,0.0149,24.0,80103.0,3317.0
2021-01-05 09:33:02.651,0.015,0.015,38.0,0.0149,1.0,80107.0,3321.0
2021-01-05 09:33:03.121,0.0149,0.0149,38.0,0.0148,13.0,80108.0,3322.0
2021-01-05 09:33:03.681,0.0149,0.0149,49.0,0.0148,3.0,80108.0,3322.0
2021-01-05 09:33:04.140,0.0148,0.0148,10.0,0.0147,3.0,80108.0,3331.0
2021-01-05 09:33:04.651,0.0148,0.0148,40.0,0.0147,13.0,80108.0,3331.0
2021-01-05 09:33:05.181,0.0148,0.0148,50.0,0.0147,10.0,80108.0,3331.0
2021-01-05 09:33:05.690,0.0148,0.0148,40.0,0.0147,10.0,80108.0,3331.0
2021-01-05 09:33:06.170,0.0147,0.0147,27.0,0.0146,12.0,80121.0,3344.0
2021-01-05 09:33:06.681,0.0147,0.0147,14.0,0.0146,12.0,80121.0,3357.0
2021-01-05 09:33:07.171,0.0147,0.0147,14.0,0.0146,2.0,80121.0,3357.0
2021-01-05 09:33:07.601,0.0147,0.0147,10.0,0.0146,2.0,80121.0,3357.0
2021-01-05 09:33:08.191,0.0147,0.0147,10.0,0.0146,2.0,80121.0,3357.0
2021-01-05 09:33:08.671,0.0147,0.0148,53.0,0.0146,42.0,80121.0,3367.0
2021-01-05 09:33:09.181,0.0147,0.0148,25.0,0.0147,3.0,80121.0,3367.0
2021-01-05 09:33:09.611,0.0147,0.0148,10.0,0.0147,3.0,80121.0,3367.0
2021-01-05 09:33:10.180,0.0148,0.0148,21.0,0.0146,70.0,80131.0,3377.0
2021-01-05 09:33:10.681,0.0148,0.0147,30.0,0.0146,25.0,80131.0,3377.0
2021-01-05 09:33:11.180,0.0148,0.0147,30.0,0.0146,28.0,80131.0,3377.0
2021-01-05 09:33:11.670,0.0148,0.0147,30.0,0.0146,15.0,80131.0,3377.0
2021-01-05 09:33:12.181,0.0148,0.0147,30.0,0.0146,15.0,80131.0,3377.0
2021-01-05 09:33:12.650,0.0148,0.0148,43.0,0.0146,45.0,80131.0,3377.0
2021-01-05 09:33:13.100,0.0148,0.0149,72.0,0.0146,73.0,80131.0,3377.0
2021-01-05 09:33:13.691,0.0148,0.0148,30.0,0.0146,43.0,80131.0,3377.0
2021-01-05 09:33:14.160,0.0148,0.0148,53.0,0.0146,30.0,80131.0,3377.0
2021-01-05 09:33:14.650,0.0148,0.0148,53.0,0.0146,15.0,80131.0,3377.0
2021-01-05 09:33:15.140,0.0148,0.0148,39.0,0.0146,15.0,80135.0,3381.0
2021-01-05 09:33:15.280,0.0147,0.0147,15.0,0.0146,5.0,80145.0,3401.0
2021-01-05 09:33:16.171,0.0146,0.0146,2.0,0.0145,110.0,80143.0,3406.0
2021-01-05 09:33:16.191,0.0145,0.0146,40.0,0.0145,95.0,80143.0,3408.0
2021-01-05 09:33:17.190,0.0145,0.0146,53.0,0.0145,85.0,80143.0,3408.0
2021-01-05 09:33:17.691,0.0145,0.0146,53.0,0.0145,68.0,80160.0,3425.0
2021-01-05 09:33:18.160,0.0145,0.0146,40.0,0.0145,68.0,80160.0,3425.0
2021-01-05 09:33:18.680,0.0145,0.0146,43.0,0.0145,68.0,80160.0,3425.0
2021-01-05 09:33:19.191,0.0146,0.0146,43.0,0.0145,68.0,80170.0,3435.0
2021-01-05 09:33:19.660,0.0146,0.0146,43.0,0.0145,68.0,80170.0,3435.0
2021-01-05 09:33:20.171,0.0145,0.0146,38.0,0.0145,62.0,80181.0,3446.0
2021-01-05 09:33:20.680,0.0145,0.0146,28.0,0.0145,62.0,80181.0,3446.0
2021-01-05 09:33:21.160,0.0145,0.0146,38.0,0.0145,59.0,80181.0,3446.0
2021-01-05 09:33:21.681,0.0145,0.0146,28.0,0.0145,59.0,80181.0,3446.0
2021-01-05 09:33:22.150,0.0145,0.0146,28.0,0.0145,54.0,80186.0,3451.0
2021-01-05 09:33:22.670,0.0145,0.0146,23.0,0.0145,24.0,80216.0,3481.0
2021-01-05 09:33:23.051,0.0145,0.0145,19.0,0.0144,22.0,80240.0,3505.0
2021-01-05 09:33:23.660,0.0145,0.0145,29.0,0.0144,22.0,80240.0,3505.0
2021-01-05 09:33:24.171,0.0145,0.0145,10.0,0.0144,22.0,80240.0,3505.0
2021-01-05 09:33:24.651,0.0145,0.0145,10.0,0.0144,52.0,80240.0,3505.0
2021-01-05 09:33:25.671,0.0145,0.0146,23.0,0.0144,67.0,80240.0,3505.0
2021-01-05 09:33:26.161,0.0145,0.0146,23.0,0.0144,67.0,80240.0,3505.0
2021-01-05 09:33:26.651,0.0145,0.0146,10.0,0.0145,50.0,80240.0,3505.0
2021-01-05 09:33:27.171,0.0145,0.0146,53.0,0.0145,53.0,80240.0,3505.0
2021-01-05 09:33:27.681,0.0145,0.0146,13.0,0.0145,83.0,80240.0,3505.0
2021-01-05 09:33:28.180,0.0145,0.0146,11.0,0.0145,50.0,80240.0,3505.0
2021-01-05 09:33:28.630,0.0145,0.0146,54.0,0.0145,50.0,80240.0,3505.0
2021-01-05 09:33:29.171,0.0145,0.0146,44.0,0.0145,50.0,80240.0,3505.0
2021-01-05 09:33:29.661,0.0145,0.0146,14.0,0.0145,49.0,80240.0,3506.0
2021-01-05 09:33:30.170,0.0146,0.0146,4.0,0.0145,49.0,80250.0,3516.0
2021-01-05 09:33:30.670,0.0146,0.0146,13.0,0.0145,52.0,80250.0,3516.0
2021-01-05 09:33:31.181,0.0146,0.0147,78.0,0.0145,52.0,80250.0,3516.0
2021-01-05 09:33:31.181,0.0146,0.0146,13.0,0.0145,52.0,80250.0,3516.0
2021-01-05 09:33:32.141,0.0144,0.0146,13.0,0.0144,44.0,80239.0,3576.0
2021-01-05 09:33:32.620,0.0144,0.0146,13.0,0.0144,35.0,80237.0,3585.0
2021-01-05 09:33:33.171,0.0144,0.0146,13.0,0.0144,35.0,80237.0,3585.0
2021-01-05 09:33:34.070,0.0144,0.0146,13.0,0.0144,50.0,80237.0,3585.0
2021-01-05 09:33:34.671,0.0144,0.0146,13.0,0.0144,35.0,80237.0,3585.0
2021-01-05 09:33:35.690,0.0144,0.0146,13.0,0.0144,35.0,80237.0,3585.0
2021-01-05 09:33:36.681,0.0144,0.0146,68.0,0.0144,32.0,80237.0,3585.0
2021-01-05 09:33:37.190,0.0144,0.0146,78.0,0.0144,5.0,80237.0,3585.0
2021-01-05 09:33:37.640,0.0144,0.0146,78.0,0.0144,5.0,80237.0,3585.0
2021-01-05 09:33:38.110,0.0144,0.0145,13.0,0.0144,5.0,80237.0,3585.0
2021-01-05 09:33:38.571,0.0144,0.0146,118.0,0.0144,5.0,80237.0,3585.0
2021-01-05 09:33:39.201,0.0144,0.0146,118.0,0.0144,35.0,80237.0,3585.0
2021-01-05 09:33:39.641,0.0144,0.0146,63.0,0.0144,35.0,80237.0,3585.0
2021-01-05 09:33:40.160,0.0144,0.0144,30.0,0.0143,88.0,80244.0,3625.0
2021-01-05 09:33:40.690,0.0144,0.0146,10.0,0.0144,28.0,80214.0,3685.0
2021-01-05 09:33:41.161,0.0144,0.0146,23.0,0.0145,30.0,80214.0,3685.0
2021-01-05 09:33:41.691,0.0144,0.0146,13.0,0.0144,33.0,80214.0,3685.0
2021-01-05 09:33:42.160,0.0144,0.0146,13.0,0.0145,30.0,80214.0,3685.0
2021-01-05 09:33:42.640,0.0144,0.0147,73.0,0.0145,30.0,80214.0,3685.0
2021-01-05 09:33:43.180,0.0144,0.0147,63.0,0.0145,33.0,80214.0,3685.0
2021-01-05 09:33:43.681,0.0144,0.0147,73.0,0.0145,33.0,80214.0,3685.0
2021-01-05 09:33:44.110,0.0144,0.0146,13.0,0.0145,33.0,80214.0,3685.0
2021-01-05 09:33:44.671,0.0144,0.0147,53.0,0.0145,33.0,80214.0,3685.0
2021-01-05 09:33:45.180,0.0145,0.0147,40.0,0.0145,28.0,80214.0,3705.0
2021-01-05 09:33:45.660,0.0145,0.0147,53.0,0.0145,13.0,80214.0,3705.0
2021-01-05 09:33:46.161,0.0145,0.0146,13.0,0.0145,13.0,80214.0,3705.0
2021-01-05 09:33:46.680,0.0146,0.0148,60.0,0.0146,17.0,80214.0,3718.0
2021-01-05 09:33:47.191,0.0146,0.0148,50.0,0.0146,20.0,80214.0,3718.0
2021-01-05 09:33:47.681,0.0146,0.0148,63.0,0.0146,17.0,80214.0,3718.0
2021-01-05 09:33:48.171,0.0146,0.0148,63.0,0.0146,17.0,80214.0,3718.0
2021-01-05 09:33:48.680,0.0146,0.0148,73.0,0.0146,17.0,80214.0,3718.0
2021-01-05 09:33:49.051,0.0148,0.0148,53.0,0.0146,20.0,80224.0,3728.0
2021-01-05 09:33:49.681,0.0148,0.0148,78.0,0.0146,20.0,80224.0,3728.0
2021-01-05 09:33:50.130,0.0148,0.0147,13.0,0.0146,17.0,80224.0,3728.0
2021-01-05 09:33:50.670,0.0148,0.0148,13.0,0.0146,17.0,80224.0,3728.0
2021-01-05 09:33:51.141,0.0148,0.0147,15.0,0.0146,17.0,80224.0,3728.0
2021-01-05 09:33:51.571,0.0148,0.0147,15.0,0.0146,17.0,80224.0,3728.0
2021-01-05 09:33:52.190,0.0148,0.0147,28.0,0.0146,3.0,80224.0,3728.0
2021-01-05 09:33:52.661,0.0148,0.0148,58.0,0.0146,33.0,80224.0,3728.0
2021-01-05 09:33:53.171,0.0148,0.0148,68.0,0.0146,33.0,80224.0,3728.0
2021-01-05 09:33:53.650,0.0148,0.0148,53.0,0.0146,30.0,80224.0,3728.0
2021-01-05 09:33:54.180,0.0148,0.0148,68.0,0.0146,33.0,80224.0,3728.0
2021-01-05 09:33:54.610,0.0148,0.0148,43.0,0.0146,33.0,80224.0,3728.0
2021-01-05 09:33:54.760,0.0148,0.0148,45.0,0.0146,46.0,80224.0,3728.0
2021-01-05 09:33:55.650,0.0146,0.0148,25.0,0.0145,23.0,80191.0,3761.0
2021-01-05 09:33:56.120,0.0146,0.0147,13.0,0.0146,30.0,80191.0,3761.0
2021-01-05 09:33:56.651,0.0146,0.0147,13.0,0.0146,30.0,80191.0,3761.0
2021-01-05 09:33:57.171,0.0146,0.0147,13.0,0.0146,29.0,80190.0,3762.0
2021-01-05 09:33:57.671,0.0146,0.0148,13.0,0.0146,32.0,80190.0,3762.0
2021-01-05 09:33:58.170,0.0146,0.0149,82.0,0.0147,30.0,80190.0,3762.0
2021-01-05 09:33:58.670,0.0146,0.0149,57.0,0.0147,30.0,80190.0,3762.0
2021-01-05 09:33:58.971,0.0146,0.015,68.0,0.0147,43.0,80190.0,3762.0
2021-01-05 09:33:59.690,0.0146,0.015,53.0,0.0147,46.0,80190.0,3762.0
2021-01-05 09:34:00.191,0.0146,0.0151,112.0,0.0148,48.0,80190.0,3762.0
2021-01-05 09:34:00.671,0.0146,0.0151,82.0,0.0148,48.0,80190.0,3762.0
2021-01-05 09:34:01.081,0.0146,0.0151,82.0,0.0148,48.0,80190.0,3762.0
2021-01-05 09:34:01.661,0.0146,0.0149,1.0,0.0148,35.0,80190.0,3762.0
2021-01-05 09:34:02.080,0.0146,0.0149,11.0,0.0148,5.0,80190.0,3762.0
2021-01-05 09:34:02.671,0.0146,0.0149,1.0,0.0148,5.0,80190.0,3762.0
2021-01-05 09:34:03.171,0.0146,0.0149,1.0,0.0148,66.0,80190.0,3762.0
2021-01-05 09:34:03.670,0.0146,0.0149,1.0,0.0148,66.0,80190.0,3762.0
2021-01-05 09:34:04.120,0.0146,0.0149,1.0,0.0148,53.0,80190.0,3762.0
2021-01-05 09:34:04.671,0.0146,0.0149,1.0,0.0148,38.0,80190.0,3762.0
2021-01-05 09:34:05.121,0.0149,0.015,13.0,0.0149,29.0,80190.0,3763.0
2021-01-05 09:34:05.630,0.0149,0.015,23.0,0.0149,29.0,80190.0,3763.0
2021-01-05 09:34:06.191,0.015,0.0151,82.0,0.0149,29.0,80195.0,3768.0
2021-01-05 09:34:06.661,0.015,0.0151,67.0,0.0149,32.0,80195.0,3768.0
2021-01-05 09:34:07.130,0.015,0.0151,67.0,0.0149,29.0,80195.0,3768.0
2021-01-05 09:34:07.630,0.015,0.0151,67.0,0.0149,32.0,80195.0,3768.0
2021-01-05 09:34:08.171,0.015,0.0151,13.0,0.015,40.0,80195.0,3768.0
2021-01-05 09:34:08.690,0.015,0.0152,164.0,0.015,10.0,80165.0,3798.0
2021-01-05 09:34:09.170,0.015,0.0151,28.0,0.015,10.0,80165.0,3798.0
2021-01-05 09:34:09.670,0.015,0.015,13.0,0.0148,53.0,80165.0,3808.0
2021-01-05 09:34:10.140,0.015,0.015,15.0,0.0149,40.0,80165.0,3808.0
2021-01-05 09:34:10.690,0.015,0.0151,53.0,0.0149,10.0,80165.0,3808.0
2021-01-05 09:34:11.151,0.015,0.015,68.0,0.0149,10.0,80165.0,3808.0
2021-01-05 09:34:11.681,0.015,0.0149,30.0,0.0147,46.0,80165.0,3808.0
2021-01-05 09:34:12.121,0.015,0.0149,10.0,0.0147,76.0,80165.0,3808.0
2021-01-05 09:34:12.621,0.015,0.0149,13.0,0.0148,60.0,80165.0,3808.0
2021-01-05 09:34:13.191,0.0149,0.0149,15.0,0.0148,30.0,80185.0,3828.0
2021-01-05 09:34:13.521,0.0149,0.0149,68.0,0.0148,30.0,80185.0,3828.0
2021-01-05 09:34:14.181,0.0148,0.0149,68.0,0.0148,25.0,80185.0,3836.0
2021-01-05 09:34:14.691,0.0148,0.0148,2.0,0.0147,3.0,80208.0,3864.0
2021-01-05 09:34:15.181,0.0147,0.0147,21.0,0.0146,16.0,80208.0,3873.0
2021-01-05 09:34:15.671,0.0147,0.0148,40.0,0.0147,3.0,80208.0,3873.0
2021-01-05 09:34:16.190,0.0149,0.0149,97.0,0.0147,13.0,80228.0,3893.0
2021-01-05 09:34:16.630,0.0149,0.015,84.0,0.0147,56.0,80228.0,3893.0
2021-01-05 09:34:16.970,0.0149,0.015,84.0,0.0148,13.0,80228.0,3893.0
2021-01-05 09:34:17.690,0.0148,0.015,74.0,0.0148,33.0,80228.0,3903.0
2021-01-05 09:34:18.201,0.0149,0.0151,84.0,0.0149,22.0,80227.0,3904.0
2021-01-05 09:34:18.620,0.0149,0.0151,84.0,0.0149,22.0,80227.0,3904.0
2021-01-05 09:34:19.041,0.0149,0.0151,84.0,0.0149,22.0,80227.0,3904.0
2021-01-05 09:34:19.661,0.0149,0.0149,8.0,0.0148,15.0,80227.0,3926.0
2021-01-05 09:34:20.180,0.0149,0.015,44.0,0.0149,5.0,80227.0,3934.0
2021-01-05 09:34:20.651,0.0149,0.015,44.0,0.0149,5.0,80227.0,3934.0
2021-01-05 09:34:21.200,0.0149,0.015,44.0,0.0149,58.0,80227.0,3934.0
2021-01-05 09:34:21.690,0.0151,0.0151,82.0,0.0149,58.0,80232.0,3939.0
2021-01-05 09:34:21.730,0.0151,0.0151,69.0,0.0149,71.0,80232.0,3939.0
2021-01-05 09:34:22.641,0.0151,0.0151,92.0,0.0149,55.0,80232.0,3939.0
2021-01-05 09:34:23.181,0.0151,0.015,13.0,0.0149,55.0,80237.0,3944.0
2021-01-05 09:34:23.661,0.0151,0.0151,77.0,0.0149,85.0,80237.0,3944.0
2021-01-05 09:34:24.170,0.0151,0.015,13.0,0.0149,88.0,80237.0,3944.0
2021-01-05 09:34:24.441,0.0151,0.0151,77.0,0.0149,88.0,80237.0,3944.0
2021-01-05 09:34:25.150,0.0151,0.0151,44.0,0.0149,101.0,80237.0,3944.0
2021-01-05 09:34:25.671,0.0151,0.0151,44.0,0.0149,101.0,80237.0,3944.0
2021-01-05 09:34:26.170,0.0151,0.0151,57.0,0.0149,88.0,80237.0,3944.0
2021-01-05 09:34:26.641,0.0151,0.0151,39.0,0.0149,101.0,80242.0,3949.0
2021-01-05 09:34:27.690,0.0151,0.0151,39.0,0.0149,101.0,80242.0,3949.0
2021-01-05 09:34:28.120,0.0151,0.0151,52.0,0.0149,103.0,80242.0,3949.0
2021-01-05 09:34:28.621,0.0151,0.0151,13.0,0.0149,88.0,80293.0,4000.0
2021-01-05 09:34:29.101,0.0151,0.0151,13.0,0.0149,88.0,80293.0,4000.0
2021-01-05 09:34:29.601,0.0151,0.0151,13.0,0.0149,88.0,80293.0,4000.0
2021-01-05 09:34:30.170,0.0151,0.0151,13.0,0.015,5.0,80293.0,4000.0
2021-01-05 09:34:30.681,0.0151,0.0151,33.0,0.015,8.0,80300.0,4007.0
2021-01-05 09:34:31.190,0.0151,0.0152,150.0,0.0151,5.0,80300.0,4007.0
2021-01-05 09:34:31.691,0.0151,0.0152,140.0,0.0151,5.0,80300.0,4007.0
2021-01-05 09:34:32.121,0.0152,0.0152,150.0,0.0151,5.0,80305.0,4012.0
2021-01-05 09:34:32.690,0.0152,0.0152,150.0,0.0151,25.0,80305.0,4012.0
2021-01-05 09:34:33.090,0.0152,0.0152,135.0,0.0151,32.0,80305.0,4012.0
2021-01-05 09:34:33.691,0.0152,0.0152,92.0,0.0151,32.0,80305.0,4012.0
2021-01-05 09:34:34.171,0.0152,0.0152,92.0,0.0151,29.0,80305.0,4012.0
2021-01-05 09:34:34.640,0.0152,0.0152,92.0,0.0151,29.0,80305.0,4012.0
2021-01-05 09:34:35.130,0.0152,0.0152,92.0,0.0151,29.0,80305.0,4012.0
2021-01-05 09:34:35.670,0.0152,0.0152,82.0,0.0151,59.0,80315.0,4022.0
2021-01-05 09:34:36.171,0.0152,0.0152,33.0,0.0151,59.0,80365.0,4072.0
2021-01-05 09:34:36.680,0.0152,0.0152,33.0,0.0151,59.0,80365.0,4072.0
2021-01-05 09:34:37.161,0.0152,0.0152,32.0,0.0151,59.0,80366.0,4073.0
2021-01-05 09:34:37.700,0.0152,0.0152,32.0,0.0151,59.0,80366.0,4073.0
2021-01-05 09:34:38.171,0.0152,0.0152,2.0,0.0151,39.0,80366.0,4103.0
2021-01-05 09:34:38.690,0.0152,0.0153,28.0,0.0152,28.0,80366.0,4105.0
2021-01-05 09:34:39.070,0.0152,0.0153,28.0,0.0152,28.0,80366.0,4105.0
2021-01-05 09:34:39.470,0.0153,0.0153,23.0,0.0152,31.0,80371.0,4110.0
2021-01-05 09:34:40.171,0.0153,0.0153,5.0,0.0152,36.0,80376.0,4115.0
2021-01-05 09:34:40.601,0.0153,0.0153,18.0,0.0152,36.0,80376.0,4115.0
2021-01-05 09:34:41.201,0.0153,0.0153,5.0,0.0152,86.0,80376.0,4115.0
2021-01-05 09:34:41.700,0.0153,0.0153,5.0,0.0152,86.0,80376.0,4115.0
2021-01-05 09:34:42.090,0.0153,0.0154,269.0,0.0153,5.0,80376.0,4120.0
2021-01-05 09:34:42.680,0.0153,0.0154,241.0,0.0153,5.0,80376.0,4120.0
2021-01-05 09:34:43.191,0.0153,0.0154,241.0,0.0153,25.0,80376.0,4120.0
2021-01-05 09:34:43.671,0.0154,0.0154,240.0,0.0153,25.0,80377.0,4121.0
2021-01-05 09:34:44.011,0.0154,0.0154,283.0,0.0153,30.0,80377.0,4121.0
2021-01-05 09:34:44.701,0.0154,0.0154,293.0,0.0153,30.0,80377.0,4121.0
2021-01-05 09:34:45.200,0.0154,0.0154,251.0,0.0153,30.0,80379.0,4123.0
2021-01-05 09:34:45.421,0.0154,0.0154,238.0,0.0153,33.0,80379.0,4123.0
2021-01-05 09:34:46.140,0.0154,0.0154,238.0,0.0153,63.0,80379.0,4123.0
2021-01-05 09:34:46.660,0.0154,0.0154,237.0,0.0153,110.0,80379.0,4123.0
2021-01-05 09:34:47.181,0.0154,0.0154,232.0,0.0153,96.0,80384.0,4128.0
2021-01-05 09:34:47.701,0.0154,0.0154,232.0,0.0153,96.0,80384.0,4128.0
2021-01-05 09:34:47.990,0.0154,0.0154,232.0,0.0153,96.0,80384.0,4128.0
2021-01-05 09:34:48.700,0.0154,0.0154,232.0,0.0153,96.0,80384.0,4128.0
2021-01-05 09:34:49.210,0.0154,0.0154,232.0,0.0153,96.0,80384.0,4128.0
2021-01-05 09:34:49.701,0.0154,0.0154,272.0,0.0153,78.0,80384.0,4128.0
2021-01-05 09:34:50.161,0.0154,0.0154,262.0,0.0153,78.0,80394.0,4138.0
2021-01-05 09:34:50.700,0.0154,0.0154,262.0,0.0153,58.0,80394.0,4138.0
2021-01-05 09:34:51.200,0.0154,0.0154,265.0,0.0153,55.0,80394.0,4138.0
2021-01-05 09:34:51.701,0.0154,0.0154,286.0,0.0153,55.0,80394.0,4142.0
2021-01-05 09:34:52.220,0.0154,0.0154,271.0,0.0153,58.0,80394.0,4142.0
2021-01-05 09:34:52.650,0.0154,0.0154,286.0,0.0153,58.0,80394.0,4142.0
2021-01-05 09:34:53.180,0.0154,0.0154,248.0,0.0153,58.0,80394.0,4142.0
2021-01-05 09:34:53.651,0.0154,0.0154,218.0,0.0153,58.0,80394.0,4142.0
2021-01-05 09:34:54.170,0.0154,0.0154,168.0,0.0153,58.0,80411.0,4192.0
2021-01-05 09:34:54.631,0.0154,0.0154,158.0,0.0153,108.0,80411.0,4192.0
2021-01-05 09:34:55.161,0.0154,0.0154,115.0,0.0153,78.0,80368.0,4235.0
2021-01-05 09:34:55.591,0.0154,0.0154,67.0,0.0153,103.0,80335.0,4283.0
2021-01-05 09:34:56.091,0.0154,0.0156,10.0,0.0154,15.0,80333.0,4350.0
2021-01-05 09:34:56.681,0.0154,0.0156,13.0,0.0155,10.0,80333.0,4350.0
2021-01-05 09:34:57.171,0.0154,0.0157,53.0,0.0155,10.0,80333.0,4350.0
2021-01-05 09:34:57.651,0.0154,0.0156,43.0,0.0155,10.0,80333.0,4350.0
2021-01-05 09:34:58.160,0.0154,0.0156,13.0,0.0155,10.0,80333.0,4350.0
2021-01-05 09:34:58.640,0.0155,0.0156,43.0,0.0155,5.0,80333.0,4355.0
2021-01-05 09:34:59.151,0.0155,0.0156,13.0,0.0155,8.0,80333.0,4355.0
2021-01-05 09:34:59.660,0.0155,0.0156,43.0,0.0155,5.0,80333.0,4355.0
2021-01-05 09:35:00.160,0.0155,0.0156,13.0,0.0155,3.0,80333.0,4355.0
2021-01-05 09:35:00.640,0.0156,0.0156,12.0,0.0155,3.0,80334.0,4356.0
2021-01-05 09:35:01.070,0.0156,0.0156,13.0,0.0154,93.0,80334.0,4356.0
2021-01-05 09:35:01.620,0.0156,0.0156,53.0,0.0154,83.0,80335.0,4357.0
2021-01-05 09:35:02.160,0.0156,0.0155,43.0,0.0154,83.0,80335.0,4357.0
2021-01-05 09:35:02.680,0.0154,0.0155,40.0,0.0154,57.0,80358.0,4383.0
2021-01-05 09:35:02.980,0.0154,0.0155,55.0,0.0154,34.0,80381.0,4406.0
2021-01-05 09:35:03.660,0.0154,0.0155,28.0,0.0153,65.0,80415.0,4440.0
2021-01-05 09:35:04.061,0.0154,0.0155,58.0,0.0153,68.0,80415.0,4440.0
2021-01-05 09:35:05.180,0.0154,0.0154,13.0,0.0153,68.0,80415.0,4440.0
2021-01-05 09:35:05.671,0.0154,0.0155,68.0,0.0153,68.0,80415.0,4440.0
2021-01-05 09:35:06.180,0.0154,0.0155,68.0,0.0153,68.0,80415.0,4440.0
2021-01-05 09:35:06.680,0.0154,0.0154,20.0,0.0153,131.0,80415.0,4440.0
2021-01-05 09:35:07.131,0.0154,0.0154,18.0,0.0153,131.0,80415.0,4442.0
2021-01-05 09:35:07.650,0.0154,0.0156,10.0,0.0154,25.0,80415.0,4460.0
2021-01-05 09:35:07.961,0.0154,0.0157,23.0,0.0154,63.0,80415.0,4460.0
2021-01-05 09:35:08.661,0.0154,0.0157,33.0,0.0156,10.0,80415.0,4460.0
2021-01-05 09:35:09.191,0.0157,0.0158,55.0,0.0156,10.0,80415.0,4462.0
2021-01-05 09:35:09.471,0.0157,0.0158,37.0,0.0156,23.0,80415.0,4462.0
2021-01-05 09:35:10.180,0.0157,0.0158,37.0,0.0157,10.0,80415.0,4462.0
2021-01-05 09:35:10.691,0.0157,0.0158,67.0,0.0157,5.0,80420.0,4467.0
2021-01-05 09:35:11.160,0.0158,0.0158,17.0,0.0157,5.0,80420.0,4517.0
2021-01-05 09:35:11.680,0.0158,0.0159,49.0,0.0157,5.0,80420.0,4517.0
2021-01-05 09:35:12.101,0.0158,0.0159,89.0,0.0157,5.0,80420.0,4517.0
2021-01-05 09:35:12.301,0.0158,0.0159,89.0,0.0157,5.0,80420.0,4517.0
2021-01-05 09:35:13.160,0.0157,0.0157,5.0,0.0156,10.0,80445.0,4542.0
2021-01-05 09:35:13.640,0.0156,0.0157,5.0,0.0154,83.0,80455.0,4552.0
2021-01-05 09:35:14.191,0.0156,0.0156,40.0,0.0154,63.0,80455.0,4552.0
2021-01-05 09:35:14.691,0.0156,0.0155,10.0,0.0154,53.0,80455.0,4552.0
2021-01-05 09:35:15.171,0.0155,0.0155,13.0,0.0154,53.0,80465.0,4562.0
2021-01-05 09:35:15.701,0.0155,0.0155,13.0,0.0154,83.0,80465.0,4562.0
2021-01-05 09:35:16.141,0.0155,0.0155,13.0,0.0154,83.0,80465.0,4563.0
2021-01-05 09:35:16.451,0.0155,0.0155,10.0,0.0154,83.0,80465.0,4566.0
2021-01-05 09:35:17.190,0.0155,0.0155,10.0,0.0154,68.0,80465.0,4566.0
2021-01-05 09:35:17.680,0.0155,0.0155,10.0,0.0154,53.0,80465.0,4566.0
2021-01-05 09:35:18.151,0.0155,0.0155,23.0,0.0154,50.0,80465.0,4566.0
2021-01-05 09:35:18.681,0.0154,0.0155,43.0,0.0154,30.0,80485.0,4586.0
2021-01-05 09:35:19.180,0.0154,0.0155,23.0,0.0153,58.0,80515.0,4616.0
2021-01-05 09:35:19.641,0.0154,0.0154,40.0,0.0153,55.0,80515.0,4616.0
2021-01-05 09:35:20.120,0.0154,0.0154,40.0,0.0153,55.0,80515.0,4616.0
2021-01-05 09:35:20.681,0.0154,0.0154,13.0,0.0153,58.0,80515.0,4616.0
2021-01-05 09:35:21.180,0.0154,0.0154,23.0,0.0153,88.0,80515.0,4616.0
2021-01-05 09:35:21.620,0.0154,0.0157,40.0,0.0154,7.0,80515.0,4639.0
2021-01-05 09:35:22.171,0.0153,0.0156,50.0,0.0153,126.0,80532.0,4659.0
2021-01-05 09:35:22.650,0.0155,0.0156,40.0,0.0154,13.0,80542.0,4669.0
2021-01-05 09:35:23.130,0.0155,0.0156,40.0,0.0155,10.0,80542.0,4669.0
2021-01-05 09:35:23.680,0.0155,0.0156,40.0,0.0155,10.0,80542.0,4669.0
2021-01-05 09:35:24.171,0.0155,0.0155,20.0,0.0154,10.0,80552.0,4679.0
2021-01-05 09:35:24.671,0.0155,0.0155,20.0,0.0154,36.0,80552.0,4679.0
2021-01-05 09:35:25.170,0.0155,0.0156,38.0,0.0154,53.0,80552.0,4679.0
2021-01-05 09:35:25.660,0.0155,0.0156,20.0,0.0154,66.0,80552.0,4679.0
2021-01-05 09:35:26.171,0.0155,0.0156,20.0,0.0155,13.0,80552.0,4679.0
2021-01-05 09:35:26.651,0.0155,0.0156,20.0,0.0154,86.0,80552.0,4679.0
2021-01-05 09:35:27.641,0.0155,0.0155,30.0,0.0154,36.0,80552.0,4689.0
2021-01-05 09:35:28.171,0.0155,0.0155,10.0,0.0154,53.0,80552.0,4689.0
2021-01-05 09:35:28.171,0.0155,0.0156,40.0,0.0154,66.0,80552.0,4689.0
2021-01-05 09:35:29.160,0.0155,0.0156,63.0,0.0155,1.0,80552.0,4689.0
2021-01-05 09:35:29.620,0.0155,0.0156,63.0,0.0155,3.0,80552.0,4689.0
2021-01-05 09:35:30.121,0.0155,0.0156,23.0,0.0155,3.0,80552.0,4689.0
2021-01-05 09:35:30.690,0.0155,0.0157,68.0,0.0155,3.0,80552.0,4689.0
2021-01-05 09:35:31.170,0.0155,0.0156,13.0,0.0155,3.0,80552.0,4689.0
2021-01-05 09:35:31.301,0.0155,0.0156,63.0,0.0155,3.0,80552.0,4689.0
2021-01-05 09:35:32.150,0.0155,0.0157,68.0,0.0155,3.0,80552.0,4689.0
2021-01-05 09:35:32.630,0.0155,0.0157,78.0,0.0154,66.0,80572.0,4709.0
2021-01-05 09:35:33.160,0.0155,0.0157,78.0,0.0155,3.0,80572.0,4709.0
2021-01-05 09:35:33.640,0.0155,0.0157,50.0,0.0155,19.0,80572.0,4709.0
2021-01-05 09:35:34.180,0.0155,0.0157,20.0,0.0156,10.0,80572.0,4709.0
2021-01-05 09:35:34.691,0.0157,0.0157,21.0,0.0156,10.0,80574.0,4711.0
2021-01-05 09:35:35.200,0.0157,0.0157,8.0,0.0156,13.0,80574.0,4711.0
2021-01-05 09:35:35.600,0.0157,0.0158,40.0,0.0156,26.0,80574.0,4711.0
2021-01-05 09:35:36.180,0.0157,0.0158,63.0,0.0156,13.0,80574.0,4711.0
2021-01-05 09:35:36.601,0.0157,0.0158,33.0,0.0157,10.0,80574.0,4711.0
2021-01-05 09:35:37.171,0.0157,0.0158,23.0,0.0157,10.0,80574.0,4711.0
2021-01-05 09:35:37.640,0.0157,0.0158,53.0,0.0157,10.0,80574.0,4711.0
2021-01-05 09:35:37.940,0.0157,0.0158,53.0,0.0157,10.0,80574.0,4711.0
2021-01-05 09:35:38.651,0.0157,0.0158,63.0,0.0157,10.0,80574.0,4711.0
2021-01-05 09:35:39.140,0.0157,0.0157,20.0,0.0156,10.0,80584.0,4721.0
2021-01-05 09:35:39.690,0.0157,0.0157,10.0,0.0156,10.0,80584.0,4721.0
2021-01-05 09:35:40.191,0.0157,0.0157,40.0,0.0156,10.0,80584.0,4721.0
2021-01-05 09:35:40.691,0.0156,0.0157,30.0,0.0155,29.0,80594.0,4731.0
2021-01-05 09:35:41.190,0.0156,0.0157,40.0,0.0155,44.0,80594.0,4731.0
2021-01-05 09:35:41.680,0.0156,0.0157,40.0,0.0155,29.0,80594.0,4731.0
2021-01-05 09:35:42.160,0.0156,0.0157,30.0,0.0155,94.0,80594.0,4731.0
2021-01-05 09:35:42.581,0.0158,0.0158,35.0,0.0156,13.0,80599.0,4736.0
2021-01-05 09:35:43.190,0.0158,0.0158,10.0,0.0157,3.0,80599.0,4736.0
2021-01-05 09:35:43.661,0.0157,0.0157,21.0,0.0155,64.0,80599.0,4745.0
2021-01-05 09:35:44.101,0.0157,0.0158,40.0,0.0157,3.0,80599.0,4752.0
2021-01-05 09:35:44.681,0.0158,0.0158,84.0,0.0157,3.0,80593.0,4758.0
2021-01-05 09:35:45.071,0.0158,0.0158,91.0,0.0157,3.0,80590.0,4761.0
2021-01-05 09:35:45.670,0.0158,0.0158,84.0,0.0157,46.0,80583.0,4768.0
2021-01-05 09:35:46.141,0.0158,0.0158,60.0,0.0157,68.0,80559.0,4792.0
2021-01-05 09:35:46.700,0.0158,0.0158,48.0,0.0157,81.0,80547.0,4804.0
2021-01-05 09:35:47.101,0.0158,0.0158,34.0,0.0157,81.0,80533.0,4818.0
2021-01-05 09:35:47.680,0.0158,0.0158,7.0,0.0157,66.0,80506.0,4845.0
2021-01-05 09:35:48.020,0.0158,0.0159,101.0,0.0158,61.0,80499.0,4852.0
2021-01-05 09:35:48.650,0.0158,0.0159,101.0,0.0158,23.0,80499.0,4852.0
2021-01-05 09:35:49.180,0.0158,0.0159,101.0,0.0158,3.0,80499.0,4852.0
2021-01-05 09:35:49.701,0.0158,0.0159,101.0,0.0158,33.0,80499.0,4852.0
2021-01-05 09:35:50.121,0.0159,0.0159,91.0,0.0158,94.0,80500.0,4862.0
2021-01-05 09:35:50.680,0.0159,0.0159,91.0,0.0158,81.0,80500.0,4862.0
2021-01-05 09:35:51.180,0.0159,0.0159,91.0,0.0158,31.0,80500.0,4862.0
2021-01-05 09:35:51.710,0.0159,0.0159,144.0,0.0158,61.0,80500.0,4862.0
2021-01-05 09:35:52.190,0.0159,0.0159,121.0,0.0158,61.0,80500.0,4862.0
2021-01-05 09:35:53.111,0.0159,0.0159,91.0,0.0158,61.0,80500.0,4862.0
2021-01-05 09:35:54.161,0.0159,0.0159,134.0,0.0158,41.0,80500.0,4862.0
2021-01-05 09:35:54.640,0.0159,0.0159,144.0,0.0158,42.0,80500.0,4862.0
2021-01-05 09:35:55.181,0.0158,0.0158,4.0,0.0157,23.0,80511.0,4901.0
2021-01-05 09:35:55.581,0.0158,0.0158,35.0,0.0157,3.0,80511.0,4901.0
2021-01-05 09:35:56.140,0.0158,0.0158,42.0,0.0157,3.0,80512.0,4902.0
2021-01-05 09:35:56.690,0.0158,0.0158,30.0,0.0157,3.0,80512.0,4902.0
2021-01-05 09:35:57.160,0.0158,0.0158,30.0,0.0157,3.0,80512.0,4902.0
2021-01-05 09:35:57.681,0.0158,0.0158,40.0,0.0157,16.0,80512.0,4902.0
2021-01-05 09:35:58.150,0.0158,0.0158,25.0,0.0157,19.0,80526.0,4937.0
2021-01-05 09:35:58.701,0.0158,0.0158,25.0,0.0156,95.0,80526.0,4937.0
2021-01-05 09:35:59.160,0.0158,0.0159,161.0,0.0157,3.0,80526.0,4937.0
2021-01-05 09:35:59.640,0.0159,0.0159,120.0,0.0158,10.0,80525.0,4938.0
2021-01-05 09:36:00.190,0.0159,0.0159,109.0,0.0158,53.0,80514.0,4949.0
2021-01-05 09:36:00.680,0.0159,0.0159,102.0,0.0158,73.0,80507.0,4956.0
2021-01-05 09:36:01.181,0.0159,0.0159,101.0,0.0158,88.0,80506.0,4957.0
2021-01-05 09:36:01.671,0.0159,0.0159,67.0,0.0158,88.0,80502.0,4991.0
2021-01-05 09:36:02.170,0.0159,0.0159,65.0,0.0158,61.0,80500.0,4993.0
2021-01-05 09:36:02.701,0.0159,0.0159,75.0,0.0158,61.0,80500.0,4993.0
2021-01-05 09:36:03.200,0.0159,0.0159,103.0,0.0158,10.0,80500.0,4995.0
2021-01-05 09:36:03.700,0.0159,0.0159,93.0,0.0158,10.0,80500.0,4995.0
2021-01-05 09:36:04.161,0.0159,0.0159,91.0,0.0158,8.0,80504.0,5002.0
2021-01-05 09:36:04.670,0.0159,0.0159,91.0,0.0158,8.0,80504.0,5002.0
2021-01-05 09:36:05.150,0.0159,0.0159,58.0,0.0158,23.0,80501.0,5005.0
2021-01-05 09:36:05.590,0.0159,0.0159,56.0,0.0158,51.0,80499.0,5007.0
2021-01-05 09:36:06.180,0.0159,0.0159,11.0,0.0158,21.0,80454.0,5052.0
2021-01-05 09:36:06.691,0.0159,0.0159,5.0,0.0158,23.0,80453.0,5058.0
2021-01-05 09:36:07.181,0.0159,0.0159,5.0,0.0158,73.0,80453.0,5058.0
2021-01-05 09:36:07.640,0.0159,0.0159,5.0,0.0158,73.0,80453.0,5058.0
2021-01-05 09:36:08.051,0.0159,0.0159,15.0,0.0158,86.0,80453.0,5058.0
2021-01-05 09:36:08.641,0.0159,0.0159,15.0,0.0158,138.0,80453.0,5058.0
2021-01-05 09:36:09.161,0.0159,0.0159,15.0,0.0158,121.0,80453.0,5058.0
2021-01-05 09:36:09.691,0.0159,0.0159,15.0,0.0158,108.0,80453.0,5058.0
2021-01-05 09:36:10.101,0.0159,0.0159,25.0,0.0158,105.0,80453.0,5058.0
2021-01-05 09:36:10.671,0.0159,0.0159,45.0,0.0158,105.0,80458.0,5068.0
2021-01-05 09:36:11.180,0.0159,0.0159,49.0,0.0158,108.0,80458.0,5069.0
2021-01-05 09:36:11.651,0.0159,0.0159,10.0,0.0158,121.0,80458.0,5069.0
2021-01-05 09:36:12.181,0.0159,0.0159,10.0,0.0158,121.0,80458.0,5069.0
2021-01-05 09:36:12.650,0.0159,0.0159,10.0,0.0158,166.0,80458.0,5069.0
2021-01-05 09:36:13.680,0.0159,0.0159,10.0,0.0158,121.0,80458.0,5069.0
2021-01-05 09:36:14.150,0.0159,0.0159,10.0,0.0158,148.0,80458.0,5069.0
2021-01-05 09:36:14.690,0.0159,0.0159,38.0,0.0158,148.0,80460.0,5071.0
2021-01-05 09:36:15.140,0.0159,0.0159,40.0,0.0158,105.0,80460.0,5101.0
2021-01-05 09:36:15.660,0.0159,0.0159,133.0,0.0158,105.0,80460.0,5101.0
2021-01-05 09:36:16.150,0.0159,0.0159,133.0,0.0158,105.0,80460.0,5101.0
2021-01-05 09:36:16.680,0.0159,0.0159,70.0,0.0158,105.0,80470.0,5151.0
2021-01-05 09:36:17.180,0.0159,0.0159,60.0,0.0158,105.0,80470.0,5151.0
2021-01-05 09:36:17.670,0.0159,0.0159,40.0,0.0158,105.0,80450.0,5171.0
2021-01-05 09:36:18.181,0.0159,0.0159,10.0,0.0158,105.0,80470.0,5201.0
2021-01-05 09:36:18.680,0.0158,0.0159,50.0,0.0158,100.0,80475.0,5206.0
2021-01-05 09:36:18.761,0.0158,0.0159,10.0,0.0158,110.0,80475.0,5206.0
2021-01-05 09:36:19.691,0.0158,0.0159,10.0,0.0158,110.0,80475.0,5206.0
2021-01-05 09:36:20.161,0.0158,0.0159,10.0,0.0158,123.0,80475.0,5206.0
2021-01-05 09:36:20.680,0.0159,0.0159,5.0,0.0158,110.0,80475.0,5211.0
2021-01-05 09:36:21.120,0.0159,0.0159,15.0,0.0158,110.0,80475.0,5211.0
2021-01-05 09:36:21.691,0.0158,0.0159,45.0,0.0158,80.0,80475.0,5241.0
2021-01-05 09:36:22.171,0.0158,0.0159,15.0,0.0158,70.0,80485.0,5251.0
2021-01-05 09:36:22.611,0.0158,0.0159,15.0,0.0158,70.0,80485.0,5251.0
2021-01-05 09:36:23.191,0.0158,0.0159,15.0,0.0158,70.0,80485.0,5251.0
2021-01-05 09:36:23.681,0.0159,0.0159,4.0,0.0158,100.0,80485.0,5252.0
2021-01-05 09:36:24.171,0.0159,0.016,123.0,0.0159,26.0,80485.0,5256.0
2021-01-05 09:36:24.701,0.0159,0.016,100.0,0.0158,113.0,80485.0,5256.0
2021-01-05 09:36:25.191,0.0159,0.016,100.0,0.0159,1.0,80485.0,5256.0
2021-01-05 09:36:25.650,0.0159,0.016,153.0,0.0159,1.0,80485.0,5256.0
2021-01-05 09:36:26.171,0.0159,0.016,130.0,0.0159,1.0,80485.0,5256.0
2021-01-05 09:36:26.651,0.0159,0.016,100.0,0.0159,1.0,80485.0,5256.0
2021-01-05 09:36:27.070,0.0159,0.016,100.0,0.0159,1.0,80485.0,5256.0
2021-01-05 09:36:27.690,0.0159,0.016,100.0,0.0159,21.0,80485.0,5266.0
2021-01-05 09:36:28.190,0.0159,0.016,100.0,0.0159,11.0,80485.0,5276.0
2021-01-05 09:36:28.681,0.016,0.016,99.0,0.0159,46.0,80484.0,5277.0
2021-01-05 09:36:29.171,0.016,0.016,58.0,0.0159,28.0,80443.0,5318.0
2021-01-05 09:36:29.661,0.016,0.016,25.0,0.0159,48.0,80410.0,5351.0
2021-01-05 09:36:30.161,0.016,0.0161,110.0,0.016,31.0,80385.0,5376.0
2021-01-05 09:36:30.651,0.016,0.0161,100.0,0.016,16.0,80385.0,5376.0
2021-01-05 09:36:31.181,0.016,0.0161,100.0,0.016,36.0,80385.0,5376.0
2021-01-05 09:36:31.690,0.016,0.0161,100.0,0.016,23.0,80385.0,5376.0
2021-01-05 09:36:32.130,0.016,0.0161,100.0,0.016,68.0,80385.0,5376.0
2021-01-05 09:36:32.660,0.016,0.0161,100.0,0.016,68.0,80385.0,5376.0
2021-01-05 09:36:33.200,0.016,0.0161,110.0,0.016,55.0,80385.0,5376.0
2021-01-05 09:36:33.680,0.016,0.0161,110.0,0.016,25.0,80395.0,5406.0
2021-01-05 09:36:34.091,0.016,0.0161,110.0,0.016,28.0,80395.0,5416.0
2021-01-05 09:36:34.671,0.016,0.0161,110.0,0.016,45.0,80395.0,5416.0
2021-01-05 09:36:34.971,0.016,0.0161,110.0,0.016,15.0,80395.0,5416.0
2021-01-05 09:36:35.701,0.016,0.0161,110.0,0.0159,88.0,80395.0,5416.0
2021-01-05 09:36:36.191,0.0161,0.0161,80.0,0.016,30.0,80395.0,5446.0
2021-01-05 09:36:36.700,0.0161,0.0161,37.0,0.016,20.0,80352.0,5489.0
2021-01-05 09:36:37.190,0.0161,0.0162,25.0,0.0161,15.0,80325.0,5526.0
2021-01-05 09:36:37.691,0.0161,0.0162,15.0,0.0161,5.0,80325.0,5536.0
2021-01-05 09:36:37.970,0.0161,0.0162,15.0,0.0161,22.0,80325.0,5536.0
2021-01-05 09:36:38.640,0.0161,0.0162,15.0,0.0161,2.0,80325.0,5536.0
2021-01-05 09:36:39.090,0.0161,0.0162,15.0,0.0161,37.0,80325.0,5536.0
2021-01-05 09:36:39.660,0.0161,0.0162,15.0,0.0161,21.0,80325.0,5537.0
2021-01-05 09:36:40.191,0.016,0.0162,55.0,0.016,48.0,80323.0,5539.0
2021-01-05 09:36:40.700,0.016,0.0162,15.0,0.0161,20.0,80323.0,5539.0
2021-01-05 09:36:41.201,0.016,0.0162,15.0,0.016,88.0,80323.0,5539.0
2021-01-05 09:36:41.641,0.016,0.0162,55.0,0.0161,11.0,80323.0,5539.0
2021-01-05 09:36:42.200,0.016,0.0162,55.0,0.0161,11.0,80323.0,5539.0
2021-01-05 09:36:42.690,0.016,0.0162,68.0,0.0161,11.0,80323.0,5539.0
2021-01-05 09:36:43.180,0.016,0.0162,28.0,0.0161,11.0,80323.0,5539.0
2021-01-05 09:36:43.700,0.016,0.0162,15.0,0.0161,11.0,80323.0,5539.0
2021-01-05 09:36:44.200,0.016,0.0162,15.0,0.0161,11.0,80323.0,5539.0
2021-01-05 09:36:44.680,0.016,0.0162,15.0,0.0161,31.0,80323.0,5539.0
2021-01-05 09:36:45.191,0.016,0.0162,15.0,0.0161,69.0,80323.0,5539.0
2021-01-05 09:36:45.631,0.0162,0.0162,2.0,0.0161,76.0,80323.0,5552.0
2021-01-05 09:36:46.190,0.0162,0.0163,25.0,0.0161,74.0,80323.0,5554.0
2021-01-05 09:36:46.501,0.0162,0.0163,15.0,0.0162,15.0,80323.0,5554.0
2021-01-05 09:36:47.130,0.0162,0.0163,15.0,0.0162,28.0,80323.0,5554.0
2021-01-05 09:36:47.660,0.0162,0.0163,15.0,0.0162,78.0,80323.0,5554.0
2021-01-05 09:36:48.130,0.0162,0.0163,15.0,0.0162,65.0,80323.0,5554.0
2021-01-05 09:36:48.630,0.0162,0.0163,15.0,0.0162,35.0,80323.0,5554.0
2021-01-05 09:36:49.170,0.0163,0.0163,13.0,0.0162,78.0,80323.0,5556.0
2021-01-05 09:36:49.700,0.0163,0.0163,13.0,0.0162,50.0,80323.0,5556.0
2021-01-05 09:36:51.171,0.0162,0.0163,13.0,0.0162,50.0,80323.0,5558.0
2021-01-05 09:36:51.671,0.0162,0.0163,13.0,0.0162,100.0,80323.0,5558.0
2021-01-05 09:36:52.180,0.0162,0.0163,13.0,0.0162,128.0,80323.0,5558.0
2021-01-05 09:36:52.670,0.0163,0.0164,20.0,0.0162,128.0,80323.0,5571.0
2021-01-05 09:36:53.191,0.0163,0.0164,10.0,0.0162,128.0,80323.0,5571.0
2021-01-05 09:36:53.680,0.0163,0.0164,10.0,0.0162,126.0,80323.0,5571.0
2021-01-05 09:36:54.180,0.0163,0.0164,60.0,0.0162,115.0,80321.0,5573.0
2021-01-05 09:36:54.180,0.0163,0.0164,73.0,0.0162,85.0,80321.0,5573.0
2021-01-05 09:36:55.171,0.0163,0.0164,63.0,0.0162,95.0,80321.0,5573.0
2021-01-05 09:36:55.651,0.0163,0.0164,63.0,0.0162,70.0,80321.0,5573.0
2021-01-05 09:36:56.141,0.0164,0.0164,47.0,0.0162,85.0,80327.0,5579.0
2021-01-05 09:36:56.691,0.0164,0.0164,43.0,0.0162,80.0,80327.0,5579.0
2021-01-05 09:36:57.171,0.0164,0.0164,43.0,0.0162,95.0,80327.0,5579.0
2021-01-05 09:36:57.630,0.0164,0.0164,53.0,0.0162,85.0,80327.0,5579.0
2021-01-05 09:36:58.080,0.0164,0.0164,53.0,0.0162,85.0,80327.0,5579.0
2021-01-05 09:36:58.610,0.0164,0.0164,53.0,0.0162,70.0,80327.0,5579.0
2021-01-05 09:36:59.181,0.0164,0.0164,43.0,0.0162,115.0,80327.0,5579.0
2021-01-05 09:36:59.690,0.0166,0.0165,13.0,0.0163,40.0,80377.0,5629.0
2021-01-05 09:37:00.160,0.0163,0.0166,103.0,0.0163,87.0,80377.0,5630.0
2021-01-05 09:37:00.700,0.0164,0.0165,30.0,0.0164,3.0,80384.0,5637.0
2021-01-05 09:37:01.061,0.0164,0.0165,30.0,0.0164,3.0,80384.0,5637.0
2021-01-05 09:37:01.630,0.0164,0.0165,30.0,0.0163,10.0,80387.0,5640.0
2021-01-05 09:37:02.191,0.0164,0.0164,20.0,0.0163,10.0,80397.0,5650.0
2021-01-05 09:37:02.610,0.0164,0.0164,10.0,0.0163,10.0,80407.0,5660.0
2021-01-05 09:37:03.151,0.0164,0.0164,10.0,0.0163,20.0,80407.0,5660.0
2021-01-05 09:37:03.630,0.0164,0.0164,23.0,0.0163,20.0,80407.0,5660.0
2021-01-05 09:37:04.200,0.0163,0.0163,30.0,0.0162,65.0,80437.0,5700.0
2021-01-05 09:37:04.690,0.0163,0.0163,9.0,0.0162,60.0,80438.0,5701.0
2021-01-05 09:37:05.140,0.0163,0.0163,9.0,0.0162,60.0,80438.0,5701.0
2021-01-05 09:37:05.701,0.0162,0.0163,9.0,0.0162,12.0,80486.0,5749.0
2021-01-05 09:37:06.131,0.0162,0.0163,9.0,0.016,70.0,80498.0,5761.0
2021-01-05 09:37:06.700,0.0162,0.0163,32.0,0.0161,10.0,80498.0,5761.0
2021-01-05 09:37:07.180,0.0162,0.0163,42.0,0.0161,10.0,80498.0,5761.0
2021-01-05 09:37:07.681,0.0163,0.0163,17.0,0.0161,23.0,80500.0,5763.0
2021-01-05 09:37:08.200,0.0162,0.0162,1.0,0.0161,68.0,80500.0,5764.0
2021-01-05 09:37:08.630,0.0162,0.0163,10.0,0.0162,13.0,80499.0,5765.0
2021-01-05 09:37:09.170,0.0163,0.0165,103.0,0.0162,43.0,80499.0,5766.0
2021-01-05 09:37:09.660,0.0164,0.0165,103.0,0.0162,43.0,80509.0,5776.0
2021-01-05 09:37:10.121,0.0163,0.0163,30.0,0.0162,13.0,80519.0,5786.0
2021-01-05 09:37:10.701,0.0162,0.0162,7.0,0.0161,28.0,80529.0,5809.0
2021-01-05 09:37:11.080,0.0162,0.0163,63.0,0.0162,10.0,80529.0,5809.0
2021-01-05 09:37:11.700,0.0162,0.0162,6.0,0.016,57.0,80539.0,5829.0
2021-01-05 09:37:12.131,0.0162,0.0163,50.0,0.0162,1.0,80548.0,5838.0
2021-01-05 09:37:12.620,0.0162,0.0162,29.0,0.016,70.0,80549.0,5839.0
2021-01-05 09:37:13.181,0.0162,0.0162,40.0,0.0161,13.0,80549.0,5839.0
2021-01-05 09:37:13.681,0.0162,0.0163,40.0,0.0161,13.0,80549.0,5839.0
2021-01-05 09:37:14.130,0.0161,0.0163,40.0,0.0162,14.0,80549.0,5844.0
2021-01-05 09:37:14.651,0.0161,0.0163,40.0,0.0162,14.0,80549.0,5844.0
2021-01-05 09:37:15.160,0.0163,0.0163,9.0,0.0162,49.0,80549.0,5845.0
2021-01-05 09:37:15.700,0.0162,0.0163,40.0,0.0162,42.0,80536.0,5865.0
2021-01-05 09:37:16.190,0.0162,0.0163,31.0,0.0162,25.0,80555.0,5884.0
2021-01-05 09:37:16.461,0.0162,0.0162,11.0,0.0161,48.0,80559.0,5903.0
2021-01-05 09:37:17.200,0.0162,0.0163,63.0,0.0161,20.0,80559.0,5903.0
2021-01-05 09:37:17.671,0.0162,0.0163,50.0,0.0161,33.0,80559.0,5903.0
2021-01-05 09:37:17.740,0.0162,0.0163,50.0,0.0161,48.0,80559.0,5903.0
2021-01-05 09:37:18.710,0.0163,0.0164,13.0,0.0161,78.0,80619.0,5963.0
2021-01-05 09:37:18.891,0.0163,0.0164,53.0,0.0163,75.0,80629.0,5973.0
2021-01-05 09:37:19.711,0.0164,0.0164,62.0,0.0163,74.0,80631.0,5975.0
2021-01-05 09:37:19.940,0.0164,0.0164,43.0,0.0163,74.0,80631.0,5975.0
2021-01-05 09:37:20.691,0.0163,0.0164,43.0,0.0163,73.0,80632.0,5976.0
2021-01-05 09:37:21.200,0.0163,0.0164,33.0,0.0163,43.0,80662.0,6006.0
2021-01-05 09:37:21.701,0.0163,0.0164,33.0,0.0163,13.0,80692.0,6036.0
2021-01-05 09:37:22.030,0.0163,0.0163,20.0,0.0161,10.0,80715.0,6059.0
2021-01-05 09:37:22.620,0.0163,0.0163,49.0,0.016,100.0,80715.0,6059.0
2021-01-05 09:37:23.150,0.0163,0.0163,49.0,0.016,90.0,80715.0,6059.0
2021-01-05 09:37:24.080,0.0163,0.0162,10.0,0.0161,43.0,80715.0,6059.0
2021-01-05 09:37:24.631,0.016,0.0163,82.0,0.016,83.0,80722.0,6079.0
2021-01-05 09:37:25.200,0.016,0.0163,82.0,0.0161,30.0,80722.0,6079.0
2021-01-05 09:37:25.670,0.016,0.0162,2.0,0.0161,50.0,80722.0,6079.0
2021-01-05 09:37:26.120,0.016,0.0162,12.0,0.0161,50.0,80722.0,6079.0
2021-01-05 09:37:26.650,0.016,0.0162,12.0,0.0161,31.0,80722.0,6079.0
2021-01-05 09:37:27.130,0.016,0.0162,12.0,0.0161,51.0,80722.0,6079.0
2021-01-05 09:37:27.551,0.016,0.0162,12.0,0.0161,64.0,80722.0,6079.0
2021-01-05 09:37:28.151,0.0161,0.0162,12.0,0.0161,41.0,80722.0,6089.0
2021-01-05 09:37:28.560,0.0161,0.0162,12.0,0.0161,1.0,80722.0,6089.0
2021-01-05 09:37:29.130,0.0161,0.0162,12.0,0.0161,31.0,80722.0,6089.0
2021-01-05 09:37:29.691,0.0161,0.0162,25.0,0.0161,51.0,80722.0,6089.0
2021-01-05 09:37:30.191,0.0161,0.0162,65.0,0.0161,1.0,80722.0,6089.0
2021-01-05 09:37:30.590,0.016,0.0162,12.0,0.016,93.0,80728.0,6109.0
2021-01-05 09:37:31.190,0.016,0.0162,12.0,0.0161,40.0,80728.0,6109.0
2021-01-05 09:37:32.181,0.016,0.0162,12.0,0.0161,40.0,80728.0,6109.0
2021-01-05 09:37:32.651,0.016,0.0162,25.0,0.0161,40.0,80728.0,6109.0
2021-01-05 09:37:33.180,0.0162,0.0163,13.0,0.0162,8.0,80726.0,6134.0
2021-01-05 09:37:33.681,0.0162,0.0164,38.0,0.0162,18.0,80728.0,6144.0
2021-01-05 09:37:34.200,0.0162,0.0162,10.0,0.0161,73.0,80728.0,6144.0
2021-01-05 09:37:34.500,0.0162,0.0162,10.0,0.0161,73.0,80728.0,6144.0
2021-01-05 09:37:34.930,0.0161,0.0162,10.0,0.0161,63.0,80738.0,6154.0
2021-01-05 09:37:35.650,0.0162,0.0163,40.0,0.0161,43.0,80748.0,6164.0
2021-01-05 09:37:36.140,0.0161,0.0163,30.0,0.0161,38.0,80748.0,6180.0
2021-01-05 09:37:36.661,0.0161,0.0163,30.0,0.0161,3.0,80755.0,6200.0
2021-01-05 09:37:37.180,0.0161,0.0163,30.0,0.0161,2.0,80755.0,6201.0
2021-01-05 09:37:37.691,0.0161,0.0162,13.0,0.0161,2.0,80755.0,6201.0
2021-01-05 09:37:38.121,0.0161,0.0161,17.0,0.016,85.0,80757.0,6203.0
2021-01-05 09:37:38.651,0.0161,0.0161,17.0,0.016,50.0,80757.0,6203.0
2021-01-05 09:37:39.170,0.016,0.0161,30.0,0.016,33.0,80774.0,6220.0
2021-01-05 09:37:39.700,0.0161,0.0161,28.0,0.016,33.0,80776.0,6222.0
2021-01-05 09:37:40.161,0.0161,0.0161,41.0,0.016,33.0,80776.0,6222.0
2021-01-05 09:37:40.701,0.0161,0.0161,41.0,0.016,33.0,80776.0,6222.0
2021-01-05 09:37:41.131,0.016,0.0161,23.0,0.016,31.0,80778.0,6224.0
2021-01-05 09:37:41.660,0.016,0.0161,28.0,0.016,31.0,80778.0,6224.0
2021-01-05 09:37:42.130,0.0161,0.0161,24.0,0.016,31.0,80782.0,6228.0
2021-01-05 09:37:42.620,0.016,0.0161,58.0,0.016,6.0,80802.0,6253.0
2021-01-05 09:37:43.181,0.016,0.016,6.0,0.0158,115.0,80808.0,6259.0
2021-01-05 09:37:43.640,0.016,0.0161,58.0,0.0158,118.0,80818.0,6269.0
2021-01-05 09:37:44.140,0.0161,0.016,13.0,0.0158,90.0,80843.0,6299.0
2021-01-05 09:37:44.651,0.016,0.016,10.0,0.0158,90.0,80853.0,6309.0
2021-01-05 09:37:45.191,0.016,0.016,30.0,0.0159,10.0,80853.0,6309.0
2021-01-05 09:37:45.650,0.016,0.016,30.0,0.0159,10.0,80853.0,6309.0
2021-01-05 09:37:46.520,0.016,0.016,30.0,0.0159,10.0,80853.0,6309.0
2021-01-05 09:37:47.661,0.016,0.0161,40.0,0.0159,23.0,80853.0,6309.0
2021-01-05 09:37:48.201,0.0159,0.0161,40.0,0.0159,51.0,80853.0,6311.0
2021-01-05 09:37:48.520,0.0159,0.0161,53.0,0.0158,118.0,80861.0,6331.0
2021-01-05 09:37:49.190,0.0159,0.0161,63.0,0.016,10.0,80861.0,6331.0
2021-01-05 09:37:49.670,0.016,0.0161,68.0,0.0158,103.0,80871.0,6341.0
2021-01-05 09:37:49.961,0.016,0.016,13.0,0.0159,10.0,80871.0,6341.0
2021-01-05 09:37:50.721,0.016,0.016,13.0,0.0159,10.0,80871.0,6341.0
2021-01-05 09:37:51.100,0.0159,0.016,13.0,0.0159,5.0,80876.0,6346.0
2021-01-05 09:37:51.691,0.0159,0.0161,28.0,0.0159,35.0,80876.0,6346.0
2021-01-05 09:37:52.191,0.0159,0.0161,40.0,0.0159,35.0,80876.0,6346.0
2021-01-05 09:37:52.631,0.0159,0.016,13.0,0.0159,5.0,80876.0,6346.0
2021-01-05 09:37:53.080,0.0159,0.016,13.0,0.0159,2.0,80876.0,6349.0
2021-01-05 09:37:53.620,0.0159,0.016,13.0,0.0159,32.0,80876.0,6349.0
2021-01-05 09:37:53.841,0.0159,0.016,13.0,0.0158,90.0,80878.0,6351.0
2021-01-05 09:37:54.640,0.0159,0.016,58.0,0.0158,90.0,80878.0,6351.0
2021-01-05 09:37:55.190,0.0159,0.0159,13.0,0.0158,90.0,80878.0,6351.0
2021-01-05 09:37:55.680,0.0158,0.0159,28.0,0.0158,70.0,80898.0,6371.0
2021-01-05 09:37:56.100,0.0158,0.0159,38.0,0.0158,70.0,80898.0,6371.0
2021-01-05 09:37:56.611,0.0158,0.0159,28.0,0.0158,40.0,80898.0,6371.0
2021-01-05 09:37:57.170,0.0158,0.0159,45.0,0.0158,50.0,80898.0,6371.0
2021-01-05 09:37:57.601,0.0158,0.0158,13.0,0.0156,50.0,80948.0,6421.0
2021-01-05 09:37:58.091,0.0158,0.0158,33.0,0.0156,90.0,80948.0,6421.0
2021-01-05 09:37:58.640,0.0158,0.0158,38.0,0.0156,90.0,80948.0,6421.0
2021-01-05 09:37:59.130,0.0157,0.0158,10.0,0.0157,20.0,80948.0,6431.0
2021-01-05 09:38:00.100,0.0158,0.0158,5.0,0.0157,20.0,80953.0,6436.0
2021-01-05 09:38:00.680,0.0158,0.0158,10.0,0.0157,20.0,80953.0,6436.0
2021-01-05 09:38:01.180,0.0158,0.0158,38.0,0.0157,20.0,80953.0,6436.0
2021-01-05 09:38:02.190,0.0158,0.0158,10.0,0.0157,20.0,80953.0,6436.0
2021-01-05 09:38:02.680,0.0158,0.0158,38.0,0.0156,80.0,80953.0,6436.0
2021-01-05 09:38:02.841,0.0158,0.0158,38.0,0.0156,100.0,80953.0,6436.0
2021-01-05 09:38:03.691,0.0158,0.0158,48.0,0.0156,100.0,80953.0,6436.0
2021-01-05 09:38:04.090,0.0158,0.0158,10.0,0.0157,30.0,80953.0,6436.0
2021-01-05 09:38:04.680,0.0156,0.0158,10.0,0.0156,63.0,80973.0,6486.0
2021-01-05 09:38:05.181,0.0156,0.0158,10.0,0.0157,30.0,80973.0,6486.0
2021-01-05 09:38:05.681,0.0156,0.0158,10.0,0.0157,30.0,80973.0,6486.0
2021-01-05 09:38:06.151,0.0156,0.0158,10.0,0.0156,93.0,80973.0,6486.0
2021-01-05 09:38:06.691,0.0156,0.0158,23.0,0.0156,80.0,80973.0,6486.0
2021-01-05 09:38:07.200,0.0156,0.0158,10.0,0.0157,30.0,80973.0,6486.0
2021-01-05 09:38:07.690,0.0157,0.0158,10.0,0.0157,8.0,80923.0,6536.0
2021-01-05 09:38:08.021,0.0157,0.0158,10.0,0.0157,63.0,80923.0,6536.0
2021-01-05 09:38:08.670,0.0158,0.0159,23.0,0.0158,20.0,80923.0,6546.0
2021-01-05 09:38:09.160,0.0158,0.0159,13.0,0.0158,20.0,80923.0,6546.0
2021-01-05 09:38:09.681,0.0158,0.016,28.0,0.0158,15.0,80923.0,6551.0
2021-01-05 09:38:10.180,0.0158,0.016,38.0,0.0159,10.0,80923.0,6551.0
2021-01-05 09:38:10.670,0.0158,0.016,23.0,0.0159,10.0,80923.0,6551.0
2021-01-05 09:38:11.141,0.0159,0.0158,40.0,0.0157,60.0,80923.0,6561.0
2021-01-05 09:38:11.701,0.0158,0.0158,37.0,0.0157,50.0,80920.0,6564.0
2021-01-05 09:38:12.191,0.0157,0.0157,30.0,0.0156,84.0,80940.0,6584.0
2021-01-05 09:38:12.531,0.0157,0.0158,37.0,0.0157,9.0,80940.0,6614.0
2021-01-05 09:38:13.110,0.0158,0.0158,7.0,0.0156,79.0,80910.0,6644.0
2021-01-05 09:38:13.690,0.0159,0.0159,118.0,0.0156,64.0,80883.0,6706.0
2021-01-05 09:38:14.141,0.0159,0.0159,105.0,0.0158,30.0,80883.0,6706.0
2021-01-05 09:38:14.691,0.0159,0.0159,105.0,0.0158,44.0,80883.0,6706.0
2021-01-05 09:38:15.000,0.0159,0.0159,87.0,0.0158,44.0,80891.0,6714.0
2021-01-05 09:38:15.730,0.0159,0.0159,87.0,0.0158,44.0,80891.0,6714.0
2021-01-05 09:38:16.210,0.0159,0.0159,97.0,0.0158,31.0,80891.0,6714.0
2021-01-05 09:38:16.420,0.0158,0.0158,49.0,0.0157,43.0,80891.0,6715.0
2021-01-05 09:38:17.190,0.0158,0.0159,97.0,0.0158,13.0,80842.0,6764.0
2021-01-05 09:38:17.701,0.0158,0.0159,97.0,0.0157,58.0,80842.0,6764.0
2021-01-05 09:38:18.231,0.0158,0.0159,97.0,0.0158,27.0,80842.0,6767.0
2021-01-05 09:38:18.660,0.0159,0.0159,87.0,0.0157,58.0,80852.0,6777.0
2021-01-05 09:38:19.230,0.0159,0.0159,77.0,0.0157,78.0,80852.0,6777.0
2021-01-05 09:38:19.551,0.0159,0.0159,77.0,0.0158,40.0,80852.0,6777.0
2021-01-05 09:38:20.231,0.0159,0.0159,77.0,0.0158,50.0,80852.0,6777.0
2021-01-05 09:38:20.690,0.0159,0.0159,77.0,0.0158,63.0,80852.0,6777.0
2021-01-05 09:38:21.240,0.0158,0.0159,77.0,0.0158,28.0,80822.0,6827.0
2021-01-05 09:38:21.670,0.0158,0.0159,77.0,0.0158,28.0,80822.0,6827.0
2021-01-05 09:38:22.210,0.0159,0.0159,43.0,0.0158,48.0,80822.0,6861.0
2021-01-05 09:38:22.661,0.0159,0.0159,31.0,0.0158,88.0,80822.0,6873.0
2021-01-05 09:38:23.201,0.0159,0.0161,20.0,0.0159,13.0,80822.0,6904.0
2021-01-05 09:38:23.660,0.0159,0.0161,10.0,0.0159,54.0,80822.0,6904.0
2021-01-05 09:38:24.141,0.0159,0.0161,10.0,0.0159,99.0,80822.0,6904.0
2021-01-05 09:38:24.490,0.0159,0.0162,63.0,0.0159,109.0,80822.0,6904.0
2021-01-05 09:38:25.101,0.0159,0.0161,40.0,0.016,13.0,80822.0,6904.0
2021-01-05 09:38:25.700,0.0159,0.0161,30.0,0.0159,79.0,80822.0,6904.0
2021-01-05 09:38:26.100,0.0159,0.0162,63.0,0.0159,119.0,80822.0,6904.0
2021-01-05 09:38:26.701,0.0161,0.0161,13.0,0.0159,71.0,80823.0,6905.0
2021-01-05 09:38:27.201,0.0161,0.0162,88.0,0.0159,84.0,80823.0,6905.0
2021-01-05 09:38:27.691,0.0161,0.0162,78.0,0.0159,94.0,80823.0,6905.0
2021-01-05 09:38:28.171,0.0161,0.0162,38.0,0.016,30.0,80823.0,6905.0
2021-01-05 09:38:28.680,0.0161,0.0162,63.0,0.016,50.0,80823.0,6905.0
2021-01-05 09:38:29.110,0.0161,0.0162,50.0,0.0159,106.0,80823.0,6905.0
2021-01-05 09:38:29.621,0.0161,0.0162,40.0,0.016,43.0,80823.0,6905.0
2021-01-05 09:38:30.190,0.0161,0.0162,10.0,0.0161,10.0,80823.0,6905.0
2021-01-05 09:38:30.670,0.0162,0.0162,53.0,0.0161,10.0,80824.0,6906.0
2021-01-05 09:38:31.700,0.0162,0.0162,30.0,0.0161,10.0,80824.0,6906.0
2021-01-05 09:38:32.090,0.0162,0.0163,70.0,0.0161,20.0,80824.0,6906.0
2021-01-05 09:38:32.701,0.0162,0.0163,80.0,0.0162,2.0,80824.0,6906.0
2021-01-05 09:38:33.191,0.0162,0.0163,25.0,0.0162,2.0,80824.0,6906.0
2021-01-05 09:38:33.700,0.0162,0.0163,15.0,0.0162,12.0,80824.0,6906.0
2021-01-05 09:38:34.201,0.0162,0.0163,2.0,0.0162,32.0,80824.0,6906.0
2021-01-05 09:38:34.681,0.0163,0.0164,25.0,0.0163,5.0,80839.0,6921.0
2021-01-05 09:38:35.200,0.0163,0.0164,25.0,0.0163,25.0,80839.0,6921.0
2021-01-05 09:38:35.700,0.0164,0.0164,15.0,0.0163,35.0,80849.0,6931.0
2021-01-05 09:38:36.130,0.0164,0.0164,28.0,0.0163,37.0,80849.0,6931.0
2021-01-05 09:38:36.691,0.0164,0.0165,81.0,0.0163,37.0,80849.0,6931.0
2021-01-05 09:38:37.160,0.0164,0.0165,81.0,0.0163,37.0,80849.0,6931.0
2021-01-05 09:38:37.680,0.0164,0.0165,51.0,0.0163,47.0,80849.0,6931.0
2021-01-05 09:38:38.030,0.0165,0.0165,54.0,0.0163,50.0,80853.0,6935.0
2021-01-05 09:38:38.601,0.0165,0.0165,35.0,0.0163,37.0,80856.0,6938.0
2021-01-05 09:38:39.161,0.0165,0.0165,22.0,0.0163,88.0,80856.0,6939.0
2021-01-05 09:38:39.661,0.0165,0.0166,43.0,0.0163,88.0,80856.0,6969.0
2021-01-05 09:38:40.141,0.0165,0.0167,35.0,0.0165,30.0,80856.0,6969.0
2021-01-05 09:38:40.391,0.0165,0.0166,10.0,0.0165,45.0,80856.0,6969.0
2021-01-05 09:38:41.140,0.0166,0.0167,63.0,0.0165,35.0,80866.0,6979.0
2021-01-05 09:38:41.640,0.0166,0.0167,40.0,0.0165,58.0,80866.0,6979.0
2021-01-05 09:38:42.191,0.0166,0.0167,40.0,0.0165,48.0,80866.0,6979.0
2021-01-05 09:38:42.700,0.0166,0.0167,53.0,0.0165,45.0,80866.0,6979.0
2021-01-05 09:38:43.190,0.0167,0.0168,35.0,0.0167,62.0,80924.0,7037.0
2021-01-05 09:38:43.701,0.0167,0.0168,65.0,0.0167,44.0,80947.0,7060.0
2021-01-05 09:38:44.110,0.0167,0.0168,65.0,0.0167,46.0,80948.0,7061.0
2021-01-05 09:38:44.621,0.0168,0.0168,44.0,0.0167,14.0,80981.0,7094.0
2021-01-05 09:38:45.201,0.0167,0.0167,17.0,0.0166,13.0,80995.0,7108.0
2021-01-05 09:38:45.580,0.0166,0.0166,17.0,0.0165,35.0,80995.0,7121.0
2021-01-05 09:38:46.200,0.0166,0.0167,63.0,0.0165,15.0,80995.0,7121.0
2021-01-05 09:38:46.631,0.0166,0.0167,53.0,0.0165,35.0,80995.0,7121.0
2021-01-05 09:38:47.140,0.0166,0.0167,78.0,0.0165,15.0,80995.0,7121.0
2021-01-05 09:38:47.691,0.0166,0.0166,30.0,0.0165,15.0,80995.0,7121.0
2021-01-05 09:38:48.200,0.0165,0.0165,15.0,0.0163,48.0,81010.0,7136.0
2021-01-05 09:38:48.650,0.0165,0.0165,10.0,0.0163,48.0,81015.0,7141.0
2021-01-05 09:38:49.130,0.0165,0.0165,10.0,0.0163,38.0,81015.0,7141.0
2021-01-05 09:38:49.670,0.0165,0.0165,10.0,0.0163,38.0,81015.0,7141.0
2021-01-05 09:38:50.091,0.0168,0.0165,13.0,0.0163,30.0,81060.0,7191.0
2021-01-05 09:38:50.651,0.0168,0.0165,30.0,0.0163,43.0,81060.0,7191.0
2021-01-05 09:38:51.170,0.0165,0.0165,25.0,0.0164,13.0,81065.0,7196.0
2021-01-05 09:38:51.691,0.0165,0.0167,40.0,0.0164,53.0,81065.0,7196.0
2021-01-05 09:38:52.150,0.0167,0.0167,10.0,0.0165,13.0,81065.0,7216.0
2021-01-05 09:38:52.630,0.0168,0.0168,25.0,0.0165,53.0,81080.0,7236.0
2021-01-05 09:38:53.191,0.0168,0.0168,50.0,0.0166,13.0,81081.0,7237.0
2021-01-05 09:38:54.200,0.0168,0.0168,40.0,0.0166,13.0,81081.0,7237.0
2021-01-05 09:38:54.640,0.0166,0.0168,30.0,0.0166,23.0,81078.0,7240.0
2021-01-05 09:38:55.191,0.0168,0.0168,7.0,0.0166,13.0,81101.0,7263.0
2021-01-05 09:38:55.700,0.0168,0.0168,17.0,0.0166,13.0,81101.0,7263.0
2021-01-05 09:38:56.190,0.0168,0.0169,80.0,0.0168,2.0,81101.0,7263.0
2021-01-05 09:38:56.661,0.0168,0.0169,80.0,0.0168,2.0,81101.0,7263.0
2021-01-05 09:38:57.200,0.0168,0.0167,38.0,0.0166,13.0,81103.0,7265.0
2021-01-05 09:38:57.640,0.0168,0.0168,30.0,0.0166,26.0,81103.0,7265.0
2021-01-05 09:38:58.190,0.0168,0.0167,30.0,0.0165,89.0,81103.0,7265.0
2021-01-05 09:38:58.670,0.0167,0.0167,29.0,0.0165,29.0,81104.0,7266.0
2021-01-05 09:38:59.060,0.0167,0.0166,30.0,0.0165,14.0,81104.0,7266.0
2021-01-05 09:38:59.700,0.0167,0.0167,31.0,0.0165,1.0,81113.0,7275.0
2021-01-05 09:39:00.111,0.0167,0.0167,31.0,0.0165,14.0,81113.0,7275.0
2021-01-05 09:39:00.660,0.0167,0.0167,11.0,0.0165,14.0,81123.0,7285.0
2021-01-05 09:39:01.120,0.0167,0.0168,30.0,0.0167,5.0,81133.0,7295.0
2021-01-05 09:39:01.700,0.0167,0.0168,40.0,0.0167,5.0,81133.0,7295.0
2021-01-05 09:39:01.990,0.0167,0.0167,25.0,0.0165,46.0,81138.0,7300.0
2021-01-05 09:39:02.660,0.0167,0.0168,43.0,0.0165,72.0,81138.0,7300.0
2021-01-05 09:39:03.150,0.0167,0.0168,50.0,0.0166,13.0,81138.0,7300.0
2021-01-05 09:39:04.161,0.0167,0.0168,50.0,0.0166,13.0,81138.0,7300.0
2021-01-05 09:39:04.610,0.0167,0.0167,30.0,0.0166,13.0,81138.0,7300.0
2021-01-05 09:39:05.211,0.0167,0.0168,43.0,0.0165,69.0,81138.0,7300.0
2021-01-05 09:39:05.701,0.0167,0.0168,53.0,0.0165,59.0,81138.0,7300.0
2021-01-05 09:39:06.191,0.0166,0.0166,24.0,0.0165,46.0,81112.0,7326.0
2021-01-05 09:39:06.650,0.0166,0.0166,11.0,0.0165,46.0,81099.0,7339.0
2021-01-05 09:39:07.050,0.0166,0.0166,11.0,0.0165,46.0,81099.0,7339.0
2021-01-05 09:39:07.680,0.0166,0.0166,11.0,0.0165,46.0,81099.0,7339.0
2021-01-05 09:39:07.930,0.0166,0.0166,5.0,0.0165,59.0,81098.0,7345.0
2021-01-05 09:39:08.690,0.0166,0.0166,5.0,0.0165,59.0,81098.0,7345.0
2021-01-05 09:39:09.161,0.0167,0.0167,6.0,0.0166,26.0,81044.0,7404.0
2021-01-05 09:39:09.601,0.0167,0.0168,50.0,0.0166,39.0,81044.0,7406.0
2021-01-05 09:39:10.191,0.0167,0.0168,63.0,0.0165,58.0,81054.0,7416.0
2021-01-05 09:39:10.681,0.0167,0.0168,40.0,0.0166,36.0,81054.0,7416.0
2021-01-05 09:39:11.201,0.0167,0.0169,35.0,0.0167,30.0,81054.0,7416.0
2021-01-05 09:39:11.670,0.0167,0.0169,35.0,0.0167,50.0,81054.0,7416.0
2021-01-05 09:39:12.220,0.0166,0.0169,62.0,0.0166,15.0,81024.0,7466.0
2021-01-05 09:39:12.690,0.0169,0.0169,3.0,0.0167,13.0,81074.0,7516.0
2021-01-05 09:39:13.161,0.0169,0.0169,13.0,0.0167,13.0,81074.0,7516.0
2021-01-05 09:39:13.170,0.0169,0.0168,30.0,0.0166,13.0,81074.0,7516.0
2021-01-05 09:39:14.160,0.0168,0.0169,14.0,0.0167,30.0,81074.0,7518.0
2021-01-05 09:39:15.220,0.0168,0.0169,1.0,0.0167,63.0,81074.0,7518.0
2021-01-05 09:39:15.720,0.0168,0.0169,41.0,0.0167,50.0,81074.0,7518.0
2021-01-05 09:39:15.720,0.0168,0.0169,31.0,0.0167,81.0,81074.0,7518.0
2021-01-05 09:39:16.711,0.0168,0.0169,41.0,0.0167,78.0,81074.0,7518.0
2021-01-05 09:39:17.191,0.0168,0.0169,1.0,0.0167,81.0,81074.0,7518.0
2021-01-05 09:39:17.650,0.0169,0.0169,50.0,0.0167,63.0,81074.0,7519.0
2021-01-05 09:39:18.221,0.0167,0.0169,50.0,0.0167,15.0,81044.0,7569.0
2021-01-05 09:39:18.671,0.0167,0.0169,63.0,0.0166,43.0,81044.0,7569.0
2021-01-05 09:39:19.710,0.0167,0.0169,53.0,0.0167,45.0,81044.0,7569.0
2021-01-05 09:39:19.990,0.0167,0.017,68.0,0.0168,30.0,81044.0,7569.0
2021-01-05 09:39:20.711,0.017,0.017,52.0,0.0168,30.0,81045.0,7570.0
2021-01-05 09:39:21.231,0.0167,0.017,82.0,0.0167,38.0,81015.0,7620.0
2021-01-05 09:39:21.660,0.017,0.017,39.0,0.0168,28.0,81045.0,7650.0
2021-01-05 09:39:22.211,0.017,0.017,52.0,0.0168,15.0,81045.0,7650.0
2021-01-05 09:39:22.651,0.0171,0.0171,33.0,0.017,23.0,81065.0,7670.0
2021-01-05 09:39:23.150,0.017,0.017,17.0,0.0168,68.0,81088.0,7693.0
2021-01-05 09:39:24.151,0.017,0.017,13.0,0.0168,30.0,81088.0,7693.0
2021-01-05 09:39:25.210,0.017,0.017,13.0,0.0169,30.0,81088.0,7693.0
2021-01-05 09:39:25.700,0.017,0.017,13.0,0.0169,30.0,81088.0,7693.0
2021-01-05 09:39:25.990,0.017,0.0171,53.0,0.0169,30.0,81088.0,7693.0
2021-01-05 09:39:26.641,0.017,0.0171,53.0,0.0169,30.0,81088.0,7693.0
2021-01-05 09:39:27.131,0.017,0.0171,53.0,0.0169,15.0,81088.0,7693.0
2021-01-05 09:39:27.711,0.017,0.0171,53.0,0.0168,83.0,81088.0,7693.0
2021-01-05 09:39:27.890,0.017,0.017,23.0,0.0168,85.0,81088.0,7693.0
2021-01-05 09:39:28.710,0.017,0.017,23.0,0.0168,85.0,81088.0,7693.0
2021-01-05 09:39:29.231,0.017,0.017,10.0,0.0168,98.0,81088.0,7693.0
2021-01-05 09:39:29.721,0.017,0.017,20.0,0.0168,63.0,81088.0,7693.0
2021-01-05 09:39:29.970,0.0169,0.0169,15.0,0.0168,15.0,81088.0,7708.0
2021-01-05 09:39:30.520,0.0169,0.017,10.0,0.0168,58.0,81088.0,7712.0
2021-01-05 09:39:31.121,0.0169,0.017,73.0,0.0168,15.0,81088.0,7712.0
2021-01-05 09:39:31.701,0.0169,0.017,63.0,0.0168,30.0,81088.0,7712.0
2021-01-05 09:39:32.141,0.0169,0.017,63.0,0.0168,30.0,81088.0,7712.0
2021-01-05 09:39:32.700,0.017,0.0171,53.0,0.0168,68.0,81098.0,7722.0
2021-01-05 09:39:33.180,0.017,0.017,2.0,0.0169,10.0,81098.0,7722.0
2021-01-05 09:39:34.210,0.017,0.017,25.0,0.0169,10.0,81098.0,7722.0
2021-01-05 09:39:34.210,0.017,0.017,12.0,0.0169,10.0,81098.0,7722.0
2021-01-05 09:39:34.990,0.017,0.017,25.0,0.0169,10.0,81098.0,7722.0
2021-01-05 09:39:35.701,0.017,0.017,25.0,0.0169,10.0,81098.0,7722.0
2021-01-05 09:39:36.231,0.017,0.017,25.0,0.0169,10.0,81098.0,7722.0
2021-01-05 09:39:36.660,0.017,0.017,25.0,0.0169,10.0,81098.0,7722.0
2021-01-05 09:39:37.221,0.017,0.017,55.0,0.0169,10.0,81098.0,7722.0
2021-01-05 09:39:37.730,0.017,0.017,55.0,0.0169,10.0,81098.0,7722.0
2021-01-05 09:39:38.221,0.017,0.017,55.0,0.0169,10.0,81098.0,7722.0
2021-01-05 09:39:39.241,0.017,0.017,22.0,0.0169,40.0,81098.0,7722.0
2021-01-05 09:39:39.751,0.017,0.017,21.0,0.0169,40.0,81098.0,7723.0
2021-01-05 09:39:41.220,0.017,0.017,64.0,0.0169,10.0,81098.0,7723.0
2021-01-05 09:39:41.750,0.017,0.017,8.0,0.0169,40.0,81098.0,7726.0
2021-01-05 09:39:42.210,0.017,0.017,59.0,0.0169,10.0,81098.0,7728.0
2021-01-05 09:39:42.640,0.017,0.017,56.0,0.0169,10.0,81098.0,7728.0
2021-01-05 09:39:43.191,0.017,0.0169,43.0,0.0167,48.0,81098.0,7728.0
2021-01-05 09:39:43.660,0.017,0.0169,53.0,0.0167,33.0,81098.0,7728.0
2021-01-05 09:39:44.231,0.0169,0.0169,42.0,0.0167,33.0,81099.0,7729.0
2021-01-05 09:39:44.680,0.0169,0.0169,13.0,0.0167,33.0,81099.0,7729.0
2021-01-05 09:39:45.101,0.0169,0.0169,1.0,0.0168,30.0,81099.0,7731.0
2021-01-05 09:39:45.700,0.0169,0.017,66.0,0.0169,34.0,81111.0,7745.0
2021-01-05 09:39:46.190,0.0169,0.017,36.0,0.0169,77.0,81111.0,7745.0
2021-01-05 09:39:46.711,0.017,0.017,31.0,0.0169,77.0,81111.0,7750.0
2021-01-05 09:39:47.250,0.017,0.017,31.0,0.0169,102.0,81111.0,7750.0
2021-01-05 09:39:47.710,0.017,0.017,20.0,0.0169,102.0,81121.0,7761.0
2021-01-05 09:39:48.221,0.017,0.017,30.0,0.0169,62.0,81121.0,7761.0
2021-01-05 09:39:48.720,0.017,0.017,40.0,0.0169,92.0,81121.0,7761.0
2021-01-05 09:39:49.241,0.017,0.017,30.0,0.0169,102.0,81121.0,7761.0
2021-01-05 09:39:49.711,0.017,0.0171,10.0,0.0169,62.0,81181.0,7821.0
2021-01-05 09:39:50.180,0.017,0.0171,10.0,0.017,10.0,81181.0,7821.0
2021-01-05 09:39:50.701,0.017,0.0172,45.0,0.017,47.0,81182.0,7827.0
2021-01-05 09:39:51.241,0.0172,0.0172,35.0,0.017,92.0,81182.0,7828.0
2021-01-05 09:39:51.730,0.0172,0.0172,23.0,0.0171,30.0,81180.0,7830.0
2021-01-05 09:39:52.251,0.0172,0.0172,14.0,0.017,78.0,81180.0,7839.0
2021-01-05 09:39:52.670,0.0171,0.0172,57.0,0.0171,13.0,81191.0,7850.0
2021-01-05 09:39:53.181,0.0171,0.0172,57.0,0.0171,4.0,81191.0,7850.0
2021-01-05 09:39:53.630,0.0171,0.017,26.0,0.0169,24.0,81195.0,7854.0
2021-01-05 09:39:54.191,0.0171,0.0171,68.0,0.0169,54.0,81195.0,7854.0
2021-01-05 09:39:54.691,0.0171,0.0171,30.0,0.0169,67.0,81195.0,7854.0
2021-01-05 09:39:55.181,0.0171,0.0172,27.0,0.017,30.0,81195.0,7854.0
2021-01-05 09:39:55.640,0.0171,0.0172,57.0,0.0171,10.0,81195.0,7854.0
2021-01-05 09:39:56.120,0.0171,0.0172,14.0,0.0171,40.0,81195.0,7854.0
2021-01-05 09:39:56.691,0.0171,0.0172,14.0,0.0171,24.0,81193.0,7856.0
2021-01-05 09:39:57.181,0.0171,0.0172,27.0,0.0171,11.0,81193.0,7856.0
2021-01-05 09:39:57.580,0.0171,0.0172,67.0,0.0171,11.0,81193.0,7856.0
2021-01-05 09:39:58.170,0.0171,0.0171,29.0,0.0169,89.0,81204.0,7867.0
2021-01-05 09:39:58.600,0.0171,0.0171,47.0,0.017,10.0,81204.0,7867.0
2021-01-05 09:39:59.050,0.0171,0.0171,28.0,0.017,10.0,81204.0,7867.0
2021-01-05 09:39:59.670,0.0171,0.0171,28.0,0.017,10.0,81204.0,7867.0
2021-01-05 09:40:00.181,0.0171,0.0171,28.0,0.017,10.0,81199.0,7887.0
2021-01-05 09:40:00.610,0.0171,0.0172,44.0,0.017,40.0,81199.0,7887.0
2021-01-05 09:40:01.201,0.0171,0.0172,80.0,0.017,10.0,81199.0,7887.0
2021-01-05 09:40:01.551,0.017,0.017,15.0,0.0169,54.0,81199.0,7897.0
2021-01-05 09:40:02.200,0.017,0.017,15.0,0.0169,34.0,81199.0,7897.0
2021-01-05 09:40:02.671,0.017,0.017,45.0,0.0169,34.0,81199.0,7897.0
2021-01-05 09:40:03.171,0.017,0.017,30.0,0.0169,34.0,81199.0,7897.0
2021-01-05 09:40:03.691,0.0169,0.0171,40.0,0.0168,30.0,81238.0,7951.0
2021-01-05 09:40:04.160,0.017,0.0171,53.0,0.0168,40.0,81250.0,7963.0
2021-01-05 09:40:04.700,0.017,0.0171,63.0,0.017,10.0,81250.0,7963.0
2021-01-05 09:40:05.170,0.017,0.017,32.0,0.0168,40.0,81270.0,7983.0
2021-01-05 09:40:05.701,0.017,0.017,42.0,0.0169,10.0,81270.0,7983.0
2021-01-05 09:40:06.200,0.0169,0.0169,40.0,0.0168,45.0,81280.0,7993.0
2021-01-05 09:40:06.600,0.0169,0.0169,40.0,0.0168,10.0,81300.0,8043.0
2021-01-05 09:40:07.191,0.0169,0.0169,40.0,0.0168,10.0,81300.0,8043.0
2021-01-05 09:40:07.700,0.0169,0.0169,40.0,0.0168,10.0,81300.0,8043.0
2021-01-05 09:40:08.200,0.0168,0.0169,85.0,0.0167,3.0,81310.0,8053.0
2021-01-05 09:40:08.690,0.0168,0.0169,85.0,0.0167,13.0,81310.0,8053.0
2021-01-05 09:40:09.191,0.0168,0.0169,90.0,0.0167,13.0,81310.0,8053.0
2021-01-05 09:40:09.691,0.0168,0.0168,30.0,0.0167,13.0,81310.0,8053.0
2021-01-05 09:40:10.150,0.0168,0.0169,75.0,0.0168,10.0,81310.0,8053.0
2021-01-05 09:40:10.680,0.0168,0.0169,100.0,0.0168,10.0,81310.0,8053.0
2021-01-05 09:40:11.170,0.0168,0.0169,100.0,0.0168,10.0,81310.0,8053.0
2021-01-05 09:40:11.671,0.0168,0.0168,20.0,0.0167,13.0,81320.0,8063.0
2021-01-05 09:40:12.190,0.0168,0.0168,35.0,0.0167,13.0,81320.0,8063.0
2021-01-05 09:40:12.680,0.0167,0.0167,17.0,0.0166,15.0,81333.0,8076.0
2021-01-05 09:40:13.170,0.0167,0.0168,45.0,0.0166,10.0,81333.0,8076.0
2021-01-05 09:40:13.431,0.0167,0.0167,40.0,0.0166,10.0,81333.0,8076.0
2021-01-05 09:40:14.150,0.0166,0.0167,30.0,0.0166,9.0,81333.0,8077.0
2021-01-05 09:40:14.701,0.0166,0.0167,30.0,0.0166,10.0,81333.0,8077.0
2021-01-05 09:40:15.081,0.0166,0.0167,30.0,0.0166,10.0,81333.0,8077.0
2021-01-05 09:40:15.690,0.0166,0.0167,30.0,0.0166,10.0,81333.0,8077.0
2021-01-05 09:40:16.610,0.0166,0.0168,46.0,0.0166,25.0,81333.0,8077.0
2021-01-05 09:40:17.191,0.0166,0.0168,81.0,0.0166,10.0,81333.0,8077.0
2021-01-05 09:40:17.661,0.0166,0.0167,30.0,0.0166,10.0,81333.0,8077.0
2021-01-05 09:40:18.120,0.0166,0.0167,30.0,0.0166,10.0,81333.0,8077.0
2021-01-05 09:40:18.641,0.0166,0.0167,40.0,0.0165,45.0,81333.0,8077.0
2021-01-05 09:40:18.701,0.0166,0.0167,40.0,0.0165,45.0,81333.0,8077.0
2021-01-05 09:40:19.711,0.0166,0.0167,10.0,0.0165,60.0,81333.0,8077.0
2021-01-05 09:40:20.191,0.0166,0.0168,16.0,0.0166,40.0,81328.0,8082.0
2021-01-05 09:40:20.691,0.0166,0.0168,16.0,0.0166,40.0,81328.0,8082.0
2021-01-05 09:40:21.200,0.0168,0.0168,5.0,0.0167,30.0,81332.0,8093.0
2021-01-05 09:40:21.701,0.0168,0.0168,3.0,0.0166,65.0,81333.0,8095.0
2021-01-05 09:40:22.210,0.0166,0.0167,10.0,0.0166,60.0,81326.0,8102.0
2021-01-05 09:40:22.591,0.0167,0.0168,8.0,0.0166,60.0,81326.0,8104.0
2021-01-05 09:40:23.150,0.0167,0.0168,10.0,0.0166,50.0,81326.0,8104.0
2021-01-05 09:40:23.701,0.0167,0.0168,10.0,0.0167,5.0,81326.0,8104.0
2021-01-05 09:40:24.160,0.0167,0.0168,10.0,0.0167,20.0,81326.0,8104.0
2021-01-05 09:40:24.681,0.0167,0.0168,10.0,0.0167,5.0,81326.0,8104.0
2021-01-05 09:40:25.121,0.0167,0.0168,40.0,0.0167,5.0,81326.0,8104.0
2021-01-05 09:40:25.551,0.0167,0.0168,10.0,0.0167,50.0,81326.0,8104.0
2021-01-05 09:40:25.941,0.0167,0.0168,25.0,0.0167,5.0,81331.0,8134.0
2021-01-05 09:40:26.650,0.0167,0.0168,10.0,0.0167,5.0,81331.0,8134.0
2021-01-05 09:40:27.101,0.0167,0.0169,55.0,0.0167,35.0,81331.0,8134.0
2021-01-05 09:40:27.701,0.0167,0.0169,65.0,0.0168,30.0,81331.0,8134.0
2021-01-05 09:40:28.110,0.0167,0.0168,10.0,0.0167,30.0,81331.0,8134.0
2021-01-05 09:40:28.690,0.0167,0.0168,15.0,0.0167,30.0,81331.0,8134.0
2021-01-05 09:40:29.170,0.0167,0.0168,25.0,0.0166,50.0,81331.0,8134.0
2021-01-05 09:40:30.150,0.0168,0.0168,6.0,0.0167,30.0,81335.0,8138.0
2021-01-05 09:40:30.700,0.0168,0.0168,19.0,0.0167,30.0,81337.0,8140.0
2021-01-05 09:40:31.101,0.0168,0.0168,4.0,0.0167,30.0,81337.0,8140.0
2021-01-05 09:40:31.631,0.0168,0.0168,3.0,0.0167,30.0,81338.0,8141.0
2021-01-05 09:40:31.991,0.0168,0.0168,3.0,0.0166,85.0,81338.0,8141.0
2021-01-05 09:40:32.611,0.0168,0.0168,40.0,0.0166,60.0,81338.0,8141.0
2021-01-05 09:40:33.161,0.0168,0.0168,80.0,0.0165,129.0,81338.0,8141.0
2021-01-05 09:40:33.551,0.0168,0.0167,45.0,0.0165,54.0,81338.0,8141.0
2021-01-05 09:40:34.171,0.0168,0.0167,30.0,0.0165,69.0,81338.0,8141.0
2021-01-05 09:40:34.601,0.0168,0.0168,90.0,0.0165,69.0,81338.0,8141.0
2021-01-05 09:40:35.201,0.0168,0.0168,50.0,0.0166,30.0,81338.0,8141.0
2021-01-05 09:40:35.681,0.0166,0.0168,25.0,0.0166,20.0,81328.0,8151.0
2021-01-05 09:40:36.040,0.0166,0.0167,10.0,0.0166,40.0,81328.0,8151.0
2021-01-05 09:40:36.620,0.0167,0.0167,4.0,0.0166,40.0,81322.0,8157.0
2021-01-05 09:40:37.201,0.0167,0.0168,25.0,0.0166,40.0,81318.0,8161.0
2021-01-05 09:40:37.700,0.0167,0.0167,8.0,0.0166,65.0,81316.0,8163.0
2021-01-05 09:40:38.090,0.0167,0.0167,8.0,0.0166,40.0,81316.0,8163.0
2021-01-05 09:40:38.651,0.0167,0.0167,23.0,0.0166,40.0,81316.0,8163.0
2021-01-05 09:40:39.041,0.0167,0.0167,8.0,0.0166,40.0,81316.0,8163.0
2021-01-05 09:40:39.450,0.0167,0.0167,6.0,0.0166,20.0,81316.0,8165.0
2021-01-05 09:40:40.061,0.0167,0.0167,10.0,0.0165,84.0,81316.0,8165.0
2021-01-05 09:40:41.191,0.0167,0.0167,25.0,0.0165,69.0,81316.0,8165.0
2021-01-05 09:40:41.621,0.0167,0.0167,65.0,0.0165,4.0,81316.0,8165.0
2021-01-05 09:40:42.180,0.0167,0.0167,20.0,0.0165,74.0,81336.0,8195.0
2021-01-05 09:40:42.601,0.0166,0.0167,20.0,0.0166,7.0,81326.0,8205.0
2021-01-05 09:40:43.141,0.0166,0.0167,10.0,0.0165,79.0,81316.0,8215.0
2021-01-05 09:40:43.621,0.0166,0.0167,35.0,0.0165,79.0,81316.0,8215.0
2021-01-05 09:40:44.161,0.0166,0.0167,35.0,0.0165,79.0,81316.0,8215.0
2021-01-05 09:40:45.131,0.0166,0.0166,81.0,0.0165,84.0,81326.0,8234.0
2021-01-05 09:40:45.621,0.0166,0.0166,81.0,0.0165,69.0,81326.0,8234.0
2021-01-05 09:40:46.161,0.0166,0.0166,71.0,0.0165,69.0,81336.0,8244.0
2021-01-05 09:40:46.581,0.0166,0.0166,71.0,0.0165,54.0,81336.0,8244.0
2021-01-05 09:40:47.131,0.0165,0.0166,86.0,0.0165,24.0,81310.0,8274.0
2021-01-05 09:40:47.611,0.0165,0.0166,86.0,0.0165,24.0,81310.0,8274.0
2021-01-05 09:40:48.700,0.0165,0.0166,86.0,0.0165,20.0,81310.0,8274.0
2021-01-05 09:40:49.111,0.0165,0.0166,71.0,0.0165,50.0,81310.0,8274.0
2021-01-05 09:40:49.640,0.0165,0.0166,71.0,0.0165,55.0,81310.0,8274.0
2021-01-05 09:40:50.181,0.0165,0.0166,71.0,0.0165,55.0,81310.0,8274.0
2021-01-05 09:40:50.650,0.0165,0.0166,71.0,0.0165,35.0,81310.0,8274.0
2021-01-05 09:40:51.021,0.0165,0.0166,71.0,0.0165,30.0,81310.0,8279.0
2021-01-05 09:40:51.601,0.0165,0.0166,71.0,0.0165,5.0,81310.0,8279.0
2021-01-05 09:40:52.181,0.0165,0.0166,86.0,0.0165,5.0,81310.0,8279.0
2021-01-05 09:40:52.650,0.0165,0.0166,71.0,0.0165,5.0,81310.0,8279.0
2021-01-05 09:40:53.121,0.0165,0.0166,71.0,0.0165,3.0,81310.0,8281.0
2021-01-05 09:40:53.651,0.0165,0.0166,71.0,0.0165,3.0,81310.0,8281.0
2021-01-05 09:40:54.141,0.0165,0.0166,71.0,0.0165,3.0,81310.0,8281.0
2021-01-05 09:40:54.141,0.0165,0.0166,126.0,0.0165,3.0,81310.0,8281.0
2021-01-05 09:40:54.661,0.0165,0.0166,71.0,0.0165,3.0,81310.0,8281.0
2021-01-05 09:40:55.681,0.0165,0.0166,71.0,0.0165,3.0,81310.0,8281.0
2021-01-05 09:40:56.121,0.0165,0.0166,111.0,0.0165,3.0,81310.0,8281.0
2021-01-05 09:40:56.600,0.0165,0.0166,71.0,0.0165,63.0,81310.0,8281.0
2021-01-05 09:40:57.180,0.0166,0.0166,70.0,0.0165,43.0,81310.0,8282.0
2021-01-05 09:40:57.560,0.0166,0.0166,70.0,0.0165,53.0,81310.0,8282.0
2021-01-05 09:40:58.200,0.0165,0.0166,70.0,0.0165,23.0,81283.0,8312.0
2021-01-05 09:40:58.721,0.0165,0.0165,15.0,0.0164,90.0,81283.0,8312.0
2021-01-05 09:40:58.980,0.0165,0.0166,70.0,0.0164,70.0,81283.0,8327.0
2021-01-05 09:40:59.650,0.0165,0.0166,95.0,0.0164,55.0,81283.0,8327.0
2021-01-05 09:41:01.041,0.0164,0.0166,85.0,0.0164,38.0,81283.0,8329.0
2021-01-05 09:41:01.650,0.0164,0.0166,125.0,0.0164,58.0,81283.0,8329.0
2021-01-05 09:41:02.190,0.0164,0.0166,125.0,0.0164,48.0,81283.0,8329.0
2021-01-05 09:41:02.661,0.0164,0.0166,125.0,0.0164,58.0,81283.0,8329.0
2021-01-05 09:41:03.110,0.0164,0.0166,80.0,0.0164,108.0,81283.0,8329.0
2021-01-05 09:41:03.721,0.0164,0.0166,80.0,0.0164,138.0,81283.0,8329.0
2021-01-05 09:41:04.180,0.0166,0.0166,66.0,0.0165,30.0,81283.0,8333.0
2021-01-05 09:41:04.641,0.0166,0.0166,66.0,0.0164,125.0,81283.0,8333.0
2021-01-05 09:41:04.970,0.0164,0.0166,106.0,0.0164,60.0,81253.0,8383.0
2021-01-05 09:41:05.660,0.0164,0.0166,106.0,0.0164,70.0,81253.0,8383.0
2021-01-05 09:41:06.221,0.0164,0.0166,96.0,0.0164,65.0,81253.0,8383.0
2021-01-05 09:41:06.620,0.0166,0.0166,55.0,0.0164,65.0,81253.0,8394.0
2021-01-05 09:41:07.100,0.0166,0.0166,35.0,0.0165,30.0,81253.0,8414.0
2021-01-05 09:41:07.611,0.0166,0.0166,35.0,0.0165,65.0,81253.0,8414.0
2021-01-05 09:41:08.130,0.0165,0.0166,30.0,0.0165,30.0,81208.0,8469.0
2021-01-05 09:41:08.701,0.0165,0.0166,30.0,0.0165,20.0,81208.0,8469.0
2021-01-05 09:41:09.210,0.0165,0.0166,30.0,0.0165,35.0,81208.0,8469.0
2021-01-05 09:41:09.650,0.0166,0.0166,8.0,0.0165,55.0,81208.0,8491.0
2021-01-05 09:41:10.220,0.0166,0.0166,8.0,0.0165,90.0,81208.0,8491.0
2021-01-05 09:41:10.710,0.0166,0.0166,7.0,0.0165,85.0,81208.0,8492.0
2021-01-05 09:41:11.161,0.0165,0.0167,35.0,0.0165,59.0,81159.0,8549.0
2021-01-05 09:41:11.711,0.0165,0.0167,65.0,0.0165,54.0,81159.0,8549.0
2021-01-05 09:41:12.151,0.0165,0.0167,80.0,0.0165,74.0,81159.0,8549.0
2021-01-05 09:41:12.351,0.0165,0.0167,50.0,0.0165,74.0,81159.0,8549.0
2021-01-05 09:41:13.161,0.0165,0.0166,15.0,0.0165,49.0,81159.0,8549.0
2021-01-05 09:41:13.701,0.0165,0.0167,80.0,0.0165,20.0,81159.0,8549.0
2021-01-05 09:41:14.160,0.0165,0.0167,35.0,0.0165,73.0,81119.0,8599.0
2021-01-05 09:41:14.671,0.0165,0.0167,65.0,0.0165,70.0,81119.0,8599.0
2021-01-05 09:41:15.050,0.0165,0.0167,90.0,0.0165,25.0,81119.0,8599.0
2021-01-05 09:41:15.601,0.0165,0.0166,30.0,0.0165,20.0,81119.0,8599.0
2021-01-05 09:41:16.210,0.0166,0.0167,60.0,0.0165,10.0,81119.0,8629.0
2021-01-05 09:41:16.500,0.0166,0.0167,90.0,0.0165,55.0,81119.0,8629.0
2021-01-05 09:41:17.180,0.0165,0.0167,60.0,0.0165,15.0,81079.0,8679.0
2021-01-05 09:41:17.670,0.0165,0.0167,90.0,0.0165,15.0,81079.0,8679.0
2021-01-05 09:41:18.141,0.0165,0.0167,80.0,0.0165,11.0,81079.0,8679.0
2021-01-05 09:41:18.600,0.0165,0.0167,80.0,0.0165,51.0,81079.0,8679.0
2021-01-05 09:41:19.051,0.0165,0.0166,5.0,0.0165,91.0,81079.0,8679.0
2021-01-05 09:41:19.570,0.0166,0.0167,50.0,0.0165,76.0,81074.0,8684.0
2021-01-05 09:41:20.070,0.0166,0.0167,80.0,0.0165,31.0,81074.0,8684.0
2021-01-05 09:41:20.721,0.0166,0.0167,80.0,0.0165,31.0,81074.0,8684.0
2021-01-05 09:41:21.551,0.0166,0.0167,35.0,0.0165,91.0,81074.0,8684.0
2021-01-05 09:41:22.190,0.0167,0.0167,5.0,0.0165,91.0,81044.0,8714.0
2021-01-05 09:41:22.700,0.0167,0.0167,5.0,0.0166,40.0,81044.0,8714.0
2021-01-05 09:41:23.061,0.0167,0.0167,5.0,0.0166,30.0,81044.0,8714.0
2021-01-05 09:41:24.150,0.0167,0.0167,4.0,0.0165,91.0,81044.0,8715.0
2021-01-05 09:41:24.651,0.0168,0.0168,39.0,0.0165,61.0,81040.0,8720.0
2021-01-05 09:41:25.120,0.0168,0.0168,45.0,0.0166,40.0,81040.0,8720.0
2021-01-05 09:41:25.641,0.0168,0.0168,45.0,0.0166,40.0,81040.0,8720.0
2021-01-05 09:41:26.021,0.0168,0.0168,15.0,0.0166,60.0,81040.0,8720.0
2021-01-05 09:41:26.670,0.0168,0.0168,15.0,0.0166,60.0,81040.0,8720.0
2021-01-05 09:41:27.131,0.0168,0.0168,15.0,0.0166,70.0,81040.0,8720.0
2021-01-05 09:41:27.710,0.0168,0.0168,15.0,0.0167,40.0,81040.0,8720.0
2021-01-05 09:41:28.011,0.0168,0.0168,13.0,0.0167,20.0,81044.0,8724.0
2021-01-05 09:41:28.540,0.0168,0.0168,15.0,0.0166,92.0,81044.0,8724.0
2021-01-05 09:41:30.180,0.0168,0.0168,15.0,0.0167,10.0,81044.0,8724.0
2021-01-05 09:41:30.221,0.0168,0.0168,15.0,0.0167,10.0,81045.0,8725.0
2021-01-05 09:41:31.181,0.0168,0.0168,15.0,0.0167,30.0,81045.0,8725.0
2021-01-05 09:41:31.700,0.0168,0.0168,15.0,0.0167,20.0,81045.0,8725.0
2021-01-05 09:41:32.121,0.0168,0.0169,95.0,0.0167,30.0,81045.0,8725.0
2021-01-05 09:41:32.670,0.0168,0.0168,55.0,0.0167,30.0,81045.0,8725.0
2021-01-05 09:41:33.000,0.0168,0.0169,85.0,0.0167,30.0,81045.0,8725.0
2021-01-05 09:41:33.680,0.0168,0.0168,15.0,0.0167,30.0,81045.0,8725.0
2021-01-05 09:41:33.990,0.0168,0.0168,45.0,0.0167,30.0,81045.0,8725.0
2021-01-05 09:41:34.681,0.0168,0.0168,45.0,0.0167,30.0,81045.0,8725.0
2021-01-05 09:41:35.221,0.0168,0.0168,15.0,0.0167,30.0,81046.0,8726.0
2021-01-05 09:41:35.721,0.0168,0.0169,70.0,0.0167,60.0,81046.0,8726.0
2021-01-05 09:41:35.771,0.0168,0.0169,40.0,0.0167,110.0,81046.0,8726.0
2021-01-05 09:41:36.620,0.0168,0.0169,40.0,0.0168,30.0,81046.0,8726.0
2021-01-05 09:41:37.210,0.0168,0.0169,40.0,0.0167,122.0,81046.0,8726.0
2021-01-05 09:41:37.711,0.0169,0.0169,20.0,0.0168,70.0,81046.0,8746.0
2021-01-05 09:41:38.220,0.0169,0.0169,6.0,0.0168,55.0,81048.0,8760.0
2021-01-05 09:41:38.650,0.0169,0.017,32.0,0.0168,75.0,81048.0,8766.0
2021-01-05 09:41:39.221,0.0169,0.017,32.0,0.0168,40.0,81048.0,8766.0
2021-01-05 09:41:39.521,0.0169,0.017,47.0,0.0168,40.0,81048.0,8766.0
2021-01-05 09:41:40.231,0.0169,0.017,47.0,0.0168,30.0,81048.0,8766.0
2021-01-05 09:41:40.721,0.0169,0.017,47.0,0.0168,40.0,81048.0,8766.0
2021-01-05 09:41:41.130,0.0168,0.017,72.0,0.0168,22.0,81048.0,8776.0
2021-01-05 09:41:41.730,0.0168,0.0169,15.0,0.0168,2.0,81048.0,8776.0
2021-01-05 09:41:42.201,0.0168,0.017,57.0,0.0168,2.0,81048.0,8776.0
2021-01-05 09:41:42.700,0.0168,0.0169,30.0,0.0168,2.0,81048.0,8776.0
2021-01-05 09:41:43.071,0.0168,0.0169,30.0,0.0168,2.0,81048.0,8776.0
2021-01-05 09:41:43.720,0.0168,0.0169,45.0,0.0168,2.0,81048.0,8776.0
2021-01-05 09:41:44.181,0.0169,0.0169,59.0,0.0168,2.0,81048.0,8777.0
2021-01-05 09:41:44.671,0.0169,0.0169,59.0,0.0168,2.0,81048.0,8777.0
2021-01-05 09:41:45.171,0.0169,0.0169,15.0,0.0168,2.0,81048.0,8777.0
2021-01-05 09:41:45.701,0.0169,0.0169,35.0,0.0168,2.0,81048.0,8787.0
2021-01-05 09:41:45.701,0.0169,0.0169,45.0,0.0168,2.0,81048.0,8787.0
2021-01-05 09:41:46.581,0.0169,0.0169,45.0,0.0168,2.0,81048.0,8787.0
2021-01-05 09:41:47.201,0.0169,0.017,42.0,0.0168,62.0,81048.0,8787.0
2021-01-05 09:41:48.181,0.0169,0.017,2.0,0.0169,10.0,81048.0,8787.0
2021-01-05 09:41:48.740,0.0169,0.017,2.0,0.0169,30.0,81048.0,8787.0
2021-01-05 09:41:49.191,0.017,0.017,20.0,0.0168,45.0,81070.0,8809.0
2021-01-05 09:41:49.310,0.017,0.0171,65.0,0.0169,30.0,81070.0,8809.0
2021-01-05 09:41:50.231,0.0169,0.0171,20.0,0.017,10.0,81069.0,8810.0
2021-01-05 09:41:50.661,0.0169,0.0171,20.0,0.017,10.0,81069.0,8810.0
2021-01-05 09:41:51.251,0.017,0.017,30.0,0.0169,20.0,81079.0,8820.0
2021-01-05 09:41:51.760,0.017,0.017,15.0,0.0169,20.0,81079.0,8820.0
2021-01-05 09:41:52.261,0.017,0.0171,40.0,0.0169,10.0,81079.0,8830.0
2021-01-05 09:41:52.580,0.0171,0.0172,75.0,0.0169,75.0,81089.0,8840.0
2021-01-05 09:41:53.151,0.017,0.0172,40.0,0.0169,53.0,81089.0,8890.0
2021-01-05 09:41:53.681,0.017,0.0172,30.0,0.017,10.0,81089.0,8890.0
2021-01-05 09:41:54.161,0.017,0.0171,15.0,0.0169,75.0,81089.0,8890.0
2021-01-05 09:41:54.670,0.0171,0.0171,15.0,0.0169,60.0,81104.0,8905.0
2021-01-05 09:41:54.880,0.0171,0.0172,30.0,0.017,40.0,81104.0,8905.0
2021-01-05 09:41:55.671,0.0171,0.0172,30.0,0.017,50.0,81104.0,8905.0
2021-01-05 09:41:55.911,0.0171,0.0172,15.0,0.017,75.0,81104.0,8905.0
2021-01-05 09:41:56.670,0.0171,0.0171,15.0,0.017,20.0,81104.0,8905.0
2021-01-05 09:41:56.910,0.0171,0.0171,55.0,0.017,60.0,81104.0,8905.0
2021-01-05 09:41:57.640,0.0171,0.0171,70.0,0.017,50.0,81104.0,8905.0
2021-01-05 09:41:58.151,0.017,0.0171,55.0,0.017,15.0,81119.0,8935.0
2021-01-05 09:41:58.660,0.0171,0.0171,34.0,0.0169,61.0,81140.0,8956.0
2021-01-05 09:41:58.971,0.0171,0.0171,34.0,0.017,15.0,81140.0,8956.0
2021-01-05 09:41:59.700,0.0171,0.0171,34.0,0.017,15.0,81140.0,8956.0
2021-01-05 09:42:00.151,0.0171,0.0171,73.0,0.017,15.0,81146.0,8962.0
2021-01-05 09:42:00.701,0.0171,0.0171,28.0,0.017,50.0,81146.0,8962.0
2021-01-05 09:42:01.181,0.0171,0.0171,28.0,0.017,60.0,81146.0,8962.0
2021-01-05 09:42:01.651,0.0171,0.0171,7.0,0.017,75.0,81166.0,8983.0
2021-01-05 09:42:02.201,0.0171,0.0171,7.0,0.017,75.0,81166.0,8983.0
2021-01-05 09:42:02.710,0.0171,0.0172,15.0,0.017,75.0,81166.0,8990.0
2021-01-05 09:42:03.161,0.0171,0.0172,70.0,0.017,75.0,81166.0,8990.0
2021-01-05 09:42:03.690,0.0171,0.0172,85.0,0.017,60.0,81166.0,8990.0
2021-01-05 09:42:04.641,0.0171,0.0172,70.0,0.017,20.0,81166.0,8990.0
2021-01-05 09:42:05.150,0.0171,0.0171,20.0,0.017,30.0,81166.0,8990.0
2021-01-05 09:42:05.670,0.0171,0.0171,5.0,0.017,30.0,81166.0,8990.0
2021-01-05 09:42:06.181,0.0171,0.0171,20.0,0.017,20.0,81166.0,8990.0
2021-01-05 09:42:06.690,0.0171,0.0171,5.0,0.017,20.0,81166.0,8990.0
2021-01-05 09:42:07.230,0.0172,0.0171,10.0,0.017,21.0,81171.0,9000.0
2021-01-05 09:42:07.630,0.0172,0.0171,10.0,0.017,41.0,81171.0,9000.0
2021-01-05 09:42:08.220,0.0172,0.0171,10.0,0.017,41.0,81171.0,9000.0
2021-01-05 09:42:08.660,0.0171,0.0171,1.0,0.017,41.0,81180.0,9009.0
2021-01-05 09:42:09.230,0.0171,0.0171,8.0,0.017,56.0,81181.0,9011.0
2021-01-05 09:42:09.551,0.0171,0.0172,40.0,0.0171,15.0,81181.0,9019.0
2021-01-05 09:42:10.200,0.0171,0.0172,50.0,0.0171,20.0,81181.0,9019.0
2021-01-05 09:42:10.681,0.0172,0.0172,49.0,0.0171,25.0,81181.0,9020.0
2021-01-05 09:42:11.211,0.0172,0.0173,30.0,0.0171,69.0,81182.0,9039.0
2021-01-05 09:42:11.651,0.0172,0.0173,40.0,0.0171,66.0,81182.0,9039.0
2021-01-05 09:42:12.210,0.0171,0.0173,10.0,0.0172,15.0,81187.0,9044.0
2021-01-05 09:42:12.711,0.0173,0.0173,9.0,0.0172,30.0,81188.0,9045.0
2021-01-05 09:42:13.191,0.0173,0.0173,40.0,0.0172,20.0,81188.0,9045.0
2021-01-05 09:42:13.560,0.0172,0.0172,10.0,0.0171,25.0,81208.0,9065.0
2021-01-05 09:42:14.150,0.0172,0.0172,10.0,0.0171,25.0,81208.0,9065.0
2021-01-05 09:42:14.671,0.0172,0.0172,10.0,0.0171,25.0,81208.0,9065.0
2021-01-05 09:42:15.111,0.0172,0.0172,19.0,0.0171,25.0,81208.0,9066.0
