,last,ask1,asize1,bid1,bsize1,oi,volume
2021-01-05 09:15:02.571,0.15,0.15,1.0,0.15,1.0,115772.0,
2021-01-05 09:17:14.231,0.15,0.15,2.0,0.15,2.0,115772.0,
2021-01-05 09:17:37.151,0.15,0.15,3.0,0.15,3.0,115772.0,
2021-01-05 09:18:36.991,0.15,0.15,8.0,0.15,8.0,115772.0,
2021-01-05 09:18:41.131,0.15,0.15,8.0,0.15,8.0,115772.0,
2021-01-05 09:19:00.420,0.15,0.15,9.0,0.15,9.0,115772.0,
2021-01-05 09:19:27.961,0.15,0.15,9.0,0.15,9.0,115772.0,
2021-01-05 09:19:32.501,0.15,0.15,9.0,0.15,9.0,115772.0,
2021-01-05 09:19:39.791,0.15,0.15,9.0,0.15,9.0,115772.0,
2021-01-05 09:19:42.780,0.15,0.15,10.0,0.15,10.0,115772.0,
2021-01-05 09:19:44.371,0.15,0.15,10.0,0.15,10.0,115772.0,
2021-01-05 09:19:55.321,0.15,0.15,11.0,0.15,11.0,115772.0,
2021-01-05 09:19:59.511,0.15,0.15,11.0,0.15,11.0,115772.0,
2021-01-05 09:20:03.620,0.149,0.149,11.0,0.149,11.0,115772.0,
2021-01-05 09:20:10.651,0.148,0.148,11.0,0.148,11.0,115772.0,
2021-01-05 09:20:15.871,0.145,0.145,12.0,0.145,12.0,115772.0,
2021-01-05 09:20:23.150,0.1443,0.1443,13.0,0.1443,13.0,115772.0,
2021-01-05 09:20:28.681,0.143,0.143,13.0,0.143,13.0,115772.0,
2021-01-05 09:20:40.161,0.1428,0.1428,13.0,0.1428,13.0,115772.0,
2021-01-05 09:20:50.180,0.1425,0.1425,14.0,0.1425,14.0,115772.0,
2021-01-05 09:20:59.931,0.1425,0.1425,14.0,0.1425,14.0,115772.0,
2021-01-05 09:21:06.490,0.1425,0.1425,16.0,0.1425,16.0,115772.0,
2021-01-05 09:21:16.560,0.1425,0.1425,16.0,0.1425,16.0,115772.0,
2021-01-05 09:21:18.320,0.1425,0.1425,17.0,0.1425,17.0,115772.0,
2021-01-05 09:21:25.660,0.1425,0.1425,17.0,0.1425,17.0,115772.0,
2021-01-05 09:21:26.671,0.1425,0.1425,18.0,0.1425,18.0,115772.0,
2021-01-05 09:21:38.991,0.1425,0.1425,27.0,0.1425,27.0,115772.0,
2021-01-05 09:21:51.460,0.1425,0.1425,29.0,0.1425,29.0,115772.0,
2021-01-05 09:22:09.741,0.1425,0.1425,31.0,0.1425,31.0,115772.0,
2021-01-05 09:22:10.250,0.1425,0.1425,32.0,0.1425,32.0,115772.0,
2021-01-05 09:22:14.281,0.1425,0.1425,32.0,0.1425,32.0,115772.0,
2021-01-05 09:22:23.661,0.1425,0.1425,34.0,0.1425,34.0,115772.0,
2021-01-05 09:22:34.881,0.1425,0.1425,39.0,0.1425,39.0,115772.0,
2021-01-05 09:22:35.390,0.1425,0.1425,39.0,0.1425,39.0,115772.0,
2021-01-05 09:22:38.500,0.1425,0.1425,40.0,0.1425,40.0,115772.0,
2021-01-05 09:22:43.030,0.1425,0.1425,44.0,0.1425,44.0,115772.0,
2021-01-05 09:22:47.581,0.1425,0.1425,45.0,0.1425,45.0,115772.0,
2021-01-05 09:22:59.680,0.1425,0.1425,46.0,0.1425,46.0,115772.0,
2021-01-05 09:23:00.690,0.1425,0.1425,49.0,0.1425,49.0,115772.0,
2021-01-05 09:23:01.691,0.1425,0.1425,51.0,0.1425,51.0,115772.0,
2021-01-05 09:23:02.191,0.1425,0.1425,51.0,0.1425,51.0,115772.0,
2021-01-05 09:23:07.760,0.1425,0.1425,56.0,0.1425,56.0,115772.0,
2021-01-05 09:23:13.800,0.1425,0.1425,56.0,0.1425,56.0,115772.0,
2021-01-05 09:23:25.651,0.1425,0.1425,56.0,0.1425,56.0,115772.0,
2021-01-05 09:23:28.681,0.1425,0.1425,56.0,0.1425,56.0,115772.0,
2021-01-05 09:23:40.251,0.1425,0.1425,56.0,0.1425,56.0,115772.0,
2021-01-05 09:23:41.761,0.1425,0.1425,59.0,0.1425,59.0,115772.0,
2021-01-05 09:23:45.290,0.1409,0.1409,59.0,0.1409,59.0,115772.0,
2021-01-05 09:23:51.330,0.1412,0.1412,59.0,0.1412,59.0,115772.0,
2021-01-05 09:23:55.651,0.1412,0.1412,61.0,0.1412,61.0,115772.0,
2021-01-05 09:24:00.721,0.1399,0.1399,64.0,0.1399,64.0,115772.0,
2021-01-05 09:24:04.801,0.1399,0.1399,64.0,0.1399,64.0,115772.0,
2021-01-05 09:24:05.811,0.1398,0.1398,72.0,0.1398,72.0,115772.0,
2021-01-05 09:24:09.821,0.1398,0.1398,78.0,0.1398,78.0,115772.0,
2021-01-05 09:24:12.351,0.1384,0.1384,96.0,0.1384,96.0,115772.0,
2021-01-05 09:24:14.881,0.1384,0.1384,97.0,0.1384,97.0,115772.0,
2021-01-05 09:24:17.411,0.1384,0.1384,97.0,0.1384,97.0,115772.0,
2021-01-05 09:24:19.931,0.1384,0.1384,98.0,0.1384,98.0,115772.0,
2021-01-05 09:24:28.171,0.1384,0.1384,108.0,0.1384,108.0,115772.0,
2021-01-05 09:24:28.711,0.1384,0.1384,109.0,0.1384,109.0,115772.0,
2021-01-05 09:24:31.200,0.1384,0.1384,111.0,0.1384,111.0,115772.0,
2021-01-05 09:24:34.220,0.1384,0.1384,116.0,0.1384,116.0,115772.0,
2021-01-05 09:24:34.720,0.1384,0.1384,117.0,0.1384,117.0,115772.0,
2021-01-05 09:24:38.741,0.1384,0.1384,127.0,0.1384,127.0,115772.0,
2021-01-05 09:24:39.751,0.1384,0.1384,128.0,0.1384,128.0,115772.0,
2021-01-05 09:24:41.751,0.1385,0.1385,130.0,0.1385,130.0,115772.0,
2021-01-05 09:24:44.271,0.1384,0.1384,138.0,0.1384,138.0,115772.0,
2021-01-05 09:24:44.771,0.1384,0.1384,148.0,0.1384,148.0,115772.0,
2021-01-05 09:24:45.270,0.1384,0.1384,153.0,0.1384,153.0,115772.0,
2021-01-05 09:24:47.781,0.1384,0.1384,153.0,0.1384,153.0,115772.0,
2021-01-05 09:24:48.780,0.1384,0.1384,153.0,0.1384,153.0,115772.0,
2021-01-05 09:24:50.290,0.1384,0.1384,164.0,0.1384,164.0,115772.0,
2021-01-05 09:24:51.291,0.1384,0.1384,167.0,0.1384,167.0,115772.0,
2021-01-05 09:24:51.791,0.1384,0.1384,167.0,0.1384,167.0,115772.0,
2021-01-05 09:24:55.170,0.1385,0.1385,170.0,0.1385,170.0,115772.0,
2021-01-05 09:24:55.671,0.1384,0.1384,175.0,0.1384,175.0,115772.0,
2021-01-05 09:24:56.171,0.1384,0.1384,195.0,0.1384,195.0,115772.0,
2021-01-05 09:24:56.670,0.1384,0.1384,205.0,0.1384,205.0,115772.0,
2021-01-05 09:24:57.181,0.1384,0.1384,205.0,0.1384,205.0,115772.0,
2021-01-05 09:24:57.681,0.1383,0.1383,209.0,0.1383,209.0,115772.0,
2021-01-05 09:24:58.171,0.1383,0.1383,219.0,0.1383,219.0,115772.0,
2021-01-05 09:24:58.680,0.137,0.137,229.0,0.137,229.0,115772.0,
2021-01-05 09:24:59.181,0.1375,0.1375,241.0,0.1375,241.0,115772.0,
2021-01-05 09:24:59.681,0.1375,0.1375,251.0,0.1375,251.0,115772.0,
2021-01-05 09:25:00.080,0.1375,0.1375,20.0,0.137,1.0,115755.0,251.0
2021-01-05 09:30:00.451,0.1351,0.137,2.0,0.1351,8.0,115743.0,447.0
2021-01-05 09:30:00.991,0.1375,0.1382,2.0,0.1375,163.0,115830.0,641.0
2021-01-05 09:30:01.481,0.1383,0.1385,10.0,0.1383,7.0,115827.0,656.0
2021-01-05 09:30:01.800,0.1383,0.1383,1.0,0.1376,1.0,115834.0,663.0
2021-01-05 09:30:02.440,0.1383,0.1385,1.0,0.1384,7.0,115834.0,665.0
2021-01-05 09:30:02.751,0.1376,0.1384,5.0,0.1379,10.0,115835.0,673.0
2021-01-05 09:30:03.460,0.139,0.1391,2.0,0.1375,201.0,115841.0,684.0
2021-01-05 09:30:03.980,0.1391,0.1387,10.0,0.1385,3.0,115843.0,690.0
2021-01-05 09:30:04.430,0.1384,0.1378,14.0,0.1376,30.0,115850.0,703.0
2021-01-05 09:30:05.010,0.1375,0.1376,11.0,0.1375,183.0,115868.0,751.0
2021-01-05 09:30:05.400,0.1375,0.1376,12.0,0.1375,138.0,115913.0,796.0
2021-01-05 09:30:05.971,0.137,0.1376,40.0,0.137,56.0,116045.0,988.0
2021-01-05 09:30:06.451,0.1361,0.1366,30.0,0.1361,72.0,116140.0,1083.0
2021-01-05 09:30:06.971,0.1358,0.1357,6.0,0.1356,4.0,116218.0,1173.0
2021-01-05 09:30:07.471,0.1355,0.1355,5.0,0.1351,109.0,116236.0,1195.0
2021-01-05 09:30:07.721,0.1351,0.1376,20.0,0.1351,99.0,116245.0,1205.0
2021-01-05 09:30:08.520,0.1351,0.1368,20.0,0.1351,31.0,116313.0,1273.0
2021-01-05 09:30:08.960,0.1352,0.1358,17.0,0.1349,2.0,116347.0,1309.0
2021-01-05 09:30:09.490,0.1349,0.1343,10.0,0.1341,1.0,116350.0,1312.0
2021-01-05 09:30:09.861,0.1345,0.1346,7.0,0.1344,11.0,116362.0,1333.0
2021-01-05 09:30:10.501,0.1335,0.1346,48.0,0.1335,8.0,116363.0,1354.0
2021-01-05 09:30:11.000,0.1346,0.1346,122.0,0.1336,10.0,116365.0,1362.0
2021-01-05 09:30:11.440,0.1333,0.1346,164.0,0.1331,10.0,116369.0,1384.0
2021-01-05 09:30:11.970,0.1329,0.1335,10.0,0.1325,8.0,116379.0,1397.0
2021-01-05 09:30:12.381,0.1335,0.1333,10.0,0.1328,2.0,116409.0,1433.0
2021-01-05 09:30:12.860,0.1325,0.1336,30.0,0.1324,14.0,116364.0,1556.0
2021-01-05 09:30:13.461,0.1324,0.1336,30.0,0.1324,70.0,116357.0,1598.0
2021-01-05 09:30:13.941,0.1335,0.1336,91.0,0.1324,83.0,116362.0,1603.0
2021-01-05 09:30:14.521,0.1335,0.1336,175.0,0.1324,102.0,116365.0,1606.0
2021-01-05 09:30:14.761,0.1335,0.1336,249.0,0.133,4.0,116365.0,1606.0
2021-01-05 09:30:15.280,0.1336,0.1336,305.0,0.133,20.0,116369.0,1631.0
2021-01-05 09:30:15.991,0.1325,0.1336,360.0,0.1324,129.0,116375.0,1637.0
2021-01-05 09:30:16.531,0.1336,0.1336,303.0,0.1325,15.0,116397.0,1669.0
2021-01-05 09:30:17.021,0.1338,0.1338,4.0,0.1336,20.0,116457.0,1749.0
2021-01-05 09:30:17.641,0.1346,0.1346,74.0,0.1339,10.0,116492.0,1840.0
2021-01-05 09:30:18.160,0.1346,0.1351,85.0,0.1346,20.0,116510.0,1878.0
2021-01-05 09:30:18.590,0.1346,0.1351,89.0,0.1346,17.0,116512.0,1886.0
2021-01-05 09:30:19.241,0.1344,0.1351,66.0,0.1346,6.0,116508.0,1930.0
2021-01-05 09:30:19.741,0.1351,0.1351,54.0,0.1347,6.0,116502.0,1946.0
2021-01-05 09:30:20.240,0.1351,0.1355,7.0,0.1351,30.0,116500.0,2026.0
2021-01-05 09:30:20.730,0.1351,0.1351,4.0,0.135,7.0,116503.0,2074.0
2021-01-05 09:30:21.241,0.1353,0.135,7.0,0.1344,20.0,116510.0,2109.0
2021-01-05 09:30:21.731,0.1345,0.1351,7.0,0.1345,3.0,116519.0,2120.0
2021-01-05 09:30:21.810,0.1344,0.1349,17.0,0.1345,5.0,116519.0,2133.0
2021-01-05 09:30:22.281,0.1344,0.1345,16.0,0.1341,7.0,116511.0,2160.0
2021-01-05 09:30:23.170,0.1344,0.1348,14.0,0.1341,20.0,116511.0,2160.0
2021-01-05 09:30:23.621,0.1341,0.1344,10.0,0.1337,7.0,116518.0,2201.0
2021-01-05 09:30:24.140,0.1341,0.1337,9.0,0.1336,26.0,116518.0,2201.0
2021-01-05 09:30:24.661,0.1335,0.1336,10.0,0.1335,27.0,116532.0,2265.0
2021-01-05 09:30:25.101,0.1334,0.1334,1.0,0.133,10.0,116548.0,2296.0
2021-01-05 09:30:25.660,0.1333,0.1333,14.0,0.133,10.0,116551.0,2299.0
2021-01-05 09:30:26.071,0.1334,0.1334,7.0,0.133,13.0,116559.0,2307.0
2021-01-05 09:30:26.490,0.133,0.133,93.0,0.1327,17.0,116572.0,2347.0
2021-01-05 09:30:26.770,0.133,0.1329,15.0,0.1328,10.0,116572.0,2374.0
2021-01-05 09:30:27.671,0.1329,0.1329,14.0,0.1327,7.0,116570.0,2417.0
2021-01-05 09:30:28.101,0.1328,0.1328,73.0,0.1327,5.0,116569.0,2418.0
2021-01-05 09:30:28.670,0.1328,0.1328,71.0,0.1327,5.0,116567.0,2420.0
2021-01-05 09:30:29.150,0.1325,0.1327,15.0,0.1325,37.0,116555.0,2447.0
2021-01-05 09:30:29.550,0.1328,0.1328,89.0,0.1325,32.0,116555.0,2487.0
2021-01-05 09:30:30.140,0.1327,0.1327,86.0,0.1325,32.0,116543.0,2558.0
2021-01-05 09:30:30.620,0.133,0.133,2.0,0.1327,22.0,116464.0,2745.0
2021-01-05 09:30:31.121,0.1338,0.1338,17.0,0.1333,5.0,116520.0,2817.0
2021-01-05 09:30:31.631,0.1337,0.1339,7.0,0.1338,1.0,116520.0,2830.0
2021-01-05 09:30:32.061,0.1333,0.1333,19.0,0.133,66.0,116506.0,2887.0
2021-01-05 09:30:32.620,0.1337,0.1341,7.0,0.1334,10.0,116506.0,2907.0
2021-01-05 09:30:33.171,0.1338,0.1338,19.0,0.1334,27.0,116501.0,2915.0
2021-01-05 09:30:33.651,0.1334,0.1338,5.0,0.1334,15.0,116511.0,2939.0
2021-01-05 09:30:34.141,0.1334,0.1344,17.0,0.1334,14.0,116537.0,2970.0
2021-01-05 09:30:34.481,0.1334,0.1345,7.0,0.134,2.0,116537.0,2972.0
2021-01-05 09:30:34.931,0.134,0.1344,8.0,0.134,17.0,116537.0,2975.0
2021-01-05 09:30:35.680,0.1338,0.1343,2.0,0.134,1.0,116537.0,3019.0
2021-01-05 09:30:36.160,0.1337,0.134,8.0,0.1337,6.0,116537.0,3022.0
2021-01-05 09:30:36.681,0.1334,0.134,13.0,0.1333,37.0,116567.0,3058.0
2021-01-05 09:30:37.171,0.134,0.134,12.0,0.1335,1.0,116569.0,3060.0
2021-01-05 09:30:37.551,0.134,0.134,5.0,0.1335,1.0,116567.0,3075.0
2021-01-05 09:30:38.141,0.1342,0.1342,3.0,0.1336,5.0,116592.0,3116.0
2021-01-05 09:30:38.581,0.1335,0.1337,10.0,0.1336,20.0,116597.0,3122.0
2021-01-05 09:30:39.201,0.1343,0.1343,15.0,0.1336,23.0,116653.0,3188.0
2021-01-05 09:30:39.451,0.1341,0.1338,1.0,0.1336,12.0,116664.0,3199.0
2021-01-05 09:30:40.170,0.1344,0.1345,14.0,0.1344,5.0,116678.0,3215.0
2021-01-05 09:30:40.220,0.134,0.1346,7.0,0.1338,14.0,116687.0,3224.0
2021-01-05 09:30:40.990,0.1338,0.1346,7.0,0.1338,18.0,116688.0,3225.0
2021-01-05 09:30:41.701,0.1338,0.1345,15.0,0.1338,17.0,116688.0,3226.0
2021-01-05 09:30:42.131,0.134,0.1345,38.0,0.134,1.0,116689.0,3227.0
2021-01-05 09:30:42.581,0.1343,0.1345,11.0,0.1341,10.0,116689.0,3232.0
2021-01-05 09:30:43.180,0.1345,0.1349,7.0,0.1345,19.0,116689.0,3243.0
2021-01-05 09:30:43.681,0.1349,0.135,1.0,0.1349,5.0,116689.0,3244.0
2021-01-05 09:30:44.100,0.1354,0.1355,17.0,0.1346,10.0,116714.0,3289.0
2021-01-05 09:30:44.650,0.1354,0.1355,17.0,0.1346,13.0,116714.0,3289.0
2021-01-05 09:30:45.051,0.1355,0.1355,6.0,0.1346,25.0,116715.0,3290.0
2021-01-05 09:30:45.710,0.1346,0.1348,5.0,0.1347,15.0,116715.0,3291.0
2021-01-05 09:30:46.110,0.1349,0.1357,7.0,0.1349,8.0,116710.0,3301.0
2021-01-05 09:30:46.540,0.1356,0.1356,14.0,0.1355,2.0,116711.0,3302.0
2021-01-05 09:30:47.191,0.1349,0.1357,7.0,0.1349,3.0,116713.0,3306.0
2021-01-05 09:30:47.681,0.1355,0.1358,17.0,0.1357,10.0,116713.0,3308.0
2021-01-05 09:30:48.181,0.1358,0.1358,1.0,0.1352,15.0,116688.0,3340.0
2021-01-05 09:30:48.711,0.1356,0.1356,9.0,0.1355,3.0,116689.0,3341.0
2021-01-05 09:30:49.210,0.1356,0.1356,8.0,0.1355,1.0,116692.0,3344.0
2021-01-05 09:30:49.700,0.1351,0.1356,8.0,0.1353,20.0,116693.0,3346.0
2021-01-05 09:30:50.171,0.1357,0.1358,1.0,0.1351,20.0,116699.0,3390.0
2021-01-05 09:30:50.720,0.1352,0.1359,17.0,0.1351,32.0,116699.0,3403.0
2021-01-05 09:30:50.901,0.1359,0.1359,19.0,0.1356,20.0,116699.0,3406.0
2021-01-05 09:30:51.721,0.1356,0.136,21.0,0.1356,10.0,116709.0,3416.0
2021-01-05 09:30:52.221,0.1362,0.1362,7.0,0.1352,10.0,116729.0,3466.0
2021-01-05 09:30:52.501,0.1361,0.1361,11.0,0.1358,10.0,116728.0,3495.0
2021-01-05 09:30:52.931,0.1361,0.1364,8.0,0.1359,20.0,116728.0,3495.0
2021-01-05 09:30:53.660,0.1364,0.1364,3.0,0.1359,10.0,116733.0,3500.0
2021-01-05 09:30:54.071,0.1364,0.1364,1.0,0.1359,44.0,116733.0,3500.0
2021-01-05 09:30:54.670,0.1359,0.1366,15.0,0.1359,93.0,116732.0,3502.0
2021-01-05 09:30:55.081,0.137,0.137,19.0,0.1364,3.0,116733.0,3503.0
2021-01-05 09:30:55.471,0.1362,0.1371,29.0,0.1362,29.0,116733.0,3509.0
2021-01-05 09:30:56.170,0.1362,0.1371,15.0,0.1363,10.0,116727.0,3519.0
2021-01-05 09:30:56.631,0.1363,0.1371,15.0,0.1363,19.0,116727.0,3520.0
2021-01-05 09:30:57.000,0.1363,0.1371,15.0,0.137,5.0,116727.0,3520.0
2021-01-05 09:30:57.571,0.1363,0.1369,14.0,0.1365,10.0,116727.0,3543.0
2021-01-05 09:30:58.091,0.1369,0.1368,15.0,0.136,38.0,116737.0,3555.0
2021-01-05 09:30:58.651,0.1361,0.136,2.0,0.1359,9.0,116737.0,3565.0
2021-01-05 09:30:59.171,0.1358,0.1358,6.0,0.1356,32.0,116739.0,3579.0
2021-01-05 09:30:59.630,0.1356,0.1356,1.0,0.1353,24.0,116748.0,3598.0
2021-01-05 09:31:00.161,0.1358,0.1358,10.0,0.1356,10.0,116748.0,3621.0
2021-01-05 09:31:00.660,0.1354,0.1354,8.0,0.1353,4.0,116748.0,3633.0
2021-01-05 09:31:00.990,0.1353,0.1353,3.0,0.1352,1.0,116738.0,3650.0
2021-01-05 09:31:01.601,0.1349,0.1349,9.0,0.1348,31.0,116752.0,3692.0
2021-01-05 09:31:02.170,0.1357,0.136,7.0,0.1345,39.0,116966.0,3976.0
2021-01-05 09:31:02.631,0.1368,0.1372,7.0,0.1368,395.0,117291.0,4301.0
2021-01-05 09:31:03.100,0.1368,0.1372,7.0,0.1368,37.0,117823.0,4959.0
2021-01-05 09:31:03.680,0.1358,0.1364,10.0,0.1358,5.0,117843.0,5042.0
2021-01-05 09:31:04.051,0.1364,0.1364,3.0,0.1352,3.0,117815.0,5089.0
2021-01-05 09:31:04.671,0.1364,0.1359,10.0,0.1351,7.0,117841.0,5133.0
2021-01-05 09:31:05.130,0.1364,0.1354,10.0,0.1351,25.0,117841.0,5133.0
2021-01-05 09:31:05.661,0.1359,0.1359,4.0,0.1354,6.0,117844.0,5172.0
2021-01-05 09:31:06.110,0.1354,0.1358,15.0,0.1354,2.0,117858.0,5210.0
2021-01-05 09:31:06.650,0.1359,0.1361,15.0,0.1359,4.0,117882.0,5240.0
2021-01-05 09:31:07.190,0.1359,0.1364,10.0,0.1359,84.0,117882.0,5256.0
2021-01-05 09:31:07.470,0.1359,0.1364,10.0,0.1361,1.0,117876.0,5264.0
2021-01-05 09:31:08.141,0.1361,0.1362,9.0,0.1361,5.0,117877.0,5267.0
2021-01-05 09:31:08.590,0.1365,0.1368,27.0,0.1367,10.0,117877.0,5314.0
2021-01-05 09:31:09.051,0.1366,0.1368,7.0,0.1365,10.0,117836.0,5362.0
2021-01-05 09:31:09.701,0.1365,0.1367,1.0,0.1365,25.0,117836.0,5364.0
2021-01-05 09:31:10.200,0.1368,0.137,10.0,0.1369,1.0,117836.0,5367.0
2021-01-05 09:31:10.661,0.1368,0.1372,7.0,0.1371,1.0,117825.0,5398.0
2021-01-05 09:31:11.170,0.1373,0.1373,15.0,0.1371,5.0,117826.0,5401.0
2021-01-05 09:31:11.701,0.1368,0.1368,7.0,0.1367,18.0,117821.0,5415.0
2021-01-05 09:31:12.171,0.1368,0.1368,17.0,0.1367,33.0,117821.0,5422.0
2021-01-05 09:31:12.590,0.1367,0.1367,73.0,0.1364,7.0,117818.0,5443.0
2021-01-05 09:31:13.061,0.1367,0.1369,2.0,0.1363,17.0,117814.0,5482.0
2021-01-05 09:31:13.681,0.1366,0.137,35.0,0.1369,5.0,117821.0,5493.0
2021-01-05 09:31:14.131,0.1369,0.1369,6.0,0.1365,10.0,117831.0,5509.0
2021-01-05 09:31:14.690,0.1368,0.1368,18.0,0.1362,46.0,117831.0,5526.0
2021-01-05 09:31:14.851,0.1362,0.1366,10.0,0.1362,15.0,117831.0,5541.0
2021-01-05 09:31:15.450,0.1366,0.1366,6.0,0.1364,10.0,117835.0,5545.0
2021-01-05 09:31:15.821,0.1362,0.1364,2.0,0.1362,11.0,117849.0,5559.0
2021-01-05 09:31:16.711,0.1362,0.1364,1.0,0.1362,5.0,117850.0,5576.0
2021-01-05 09:31:17.201,0.137,0.137,24.0,0.1366,10.0,117859.0,5598.0
2021-01-05 09:31:17.710,0.1363,0.1368,2.0,0.1362,17.0,117841.0,5637.0
2021-01-05 09:31:18.121,0.1368,0.137,1.0,0.1366,1.0,117833.0,5647.0
2021-01-05 09:31:18.691,0.137,0.1371,10.0,0.137,5.0,117831.0,5652.0
2021-01-05 09:31:19.150,0.1373,0.1378,27.0,0.1373,4.0,117825.0,5693.0
2021-01-05 09:31:19.711,0.1371,0.1374,10.0,0.137,26.0,117824.0,5704.0
2021-01-05 09:31:20.161,0.1373,0.1378,52.0,0.1373,9.0,117823.0,5708.0
2021-01-05 09:31:20.641,0.1373,0.1373,4.0,0.1372,14.0,117827.0,5721.0
2021-01-05 09:31:21.221,0.1371,0.1371,18.0,0.137,11.0,117836.0,5807.0
2021-01-05 09:31:21.671,0.1368,0.1368,2.0,0.1365,15.0,117860.0,5874.0
2021-01-05 09:31:22.211,0.1368,0.1368,10.0,0.1363,5.0,117862.0,5938.0
2021-01-05 09:31:22.620,0.1363,0.1367,10.0,0.1363,2.0,117865.0,5941.0
2021-01-05 09:31:23.091,0.136,0.1364,10.0,0.136,26.0,117867.0,5955.0
2021-01-05 09:31:23.621,0.1367,0.1367,8.0,0.136,38.0,117880.0,5968.0
2021-01-05 09:31:24.151,0.1363,0.1363,1.0,0.1361,10.0,117870.0,5979.0
2021-01-05 09:31:24.610,0.1366,0.1366,23.0,0.1365,50.0,117884.0,5994.0
2021-01-05 09:31:24.850,0.1366,0.1366,5.0,0.1365,139.0,117896.0,6023.0
2021-01-05 09:31:25.630,0.137,0.1372,33.0,0.1371,7.0,117895.0,6030.0
2021-01-05 09:31:26.101,0.1366,0.1369,10.0,0.1366,29.0,117894.0,6047.0
2021-01-05 09:31:26.520,0.1366,0.1369,10.0,0.1368,1.0,117894.0,6047.0
2021-01-05 09:31:26.710,0.1369,0.137,1.0,0.1367,20.0,117905.0,6058.0
2021-01-05 09:31:27.430,0.1367,0.1368,10.0,0.1366,29.0,117905.0,6062.0
2021-01-05 09:31:28.091,0.1368,0.137,61.0,0.1369,1.0,117905.0,6072.0
2021-01-05 09:31:28.520,0.1368,0.1368,3.0,0.1366,10.0,117908.0,6083.0
2021-01-05 09:31:29.140,0.1369,0.1369,5.0,0.1366,11.0,117907.0,6097.0
2021-01-05 09:31:29.641,0.137,0.1366,12.0,0.1365,380.0,117956.0,6160.0
2021-01-05 09:31:30.170,0.137,0.137,46.0,0.1365,370.0,117944.0,6174.0
2021-01-05 09:31:30.671,0.137,0.137,16.0,0.1369,1.0,117949.0,6179.0
2021-01-05 09:31:30.911,0.1367,0.1369,1.0,0.1367,4.0,117948.0,6181.0
2021-01-05 09:31:31.630,0.137,0.137,4.0,0.1366,23.0,117977.0,6215.0
2021-01-05 09:31:32.191,0.1368,0.1367,16.0,0.1366,20.0,117977.0,6219.0
2021-01-05 09:31:32.671,0.1367,0.1367,14.0,0.1366,20.0,117975.0,6221.0
2021-01-05 09:31:33.190,0.137,0.137,8.0,0.1369,12.0,117961.0,6243.0
2021-01-05 09:31:33.680,0.1369,0.1367,1.0,0.1366,20.0,117962.0,6255.0
2021-01-05 09:31:34.181,0.1372,0.1373,33.0,0.1372,10.0,117977.0,6293.0
2021-01-05 09:31:34.640,0.1366,0.1367,20.0,0.1365,370.0,117977.0,6317.0
2021-01-05 09:31:35.190,0.1366,0.1367,10.0,0.1366,6.0,117977.0,6321.0
2021-01-05 09:31:35.670,0.1367,0.1367,8.0,0.1366,6.0,117977.0,6323.0
2021-01-05 09:31:36.041,0.1367,0.1367,1.0,0.1366,11.0,117982.0,6335.0
2021-01-05 09:31:36.471,0.1367,0.1366,3.0,0.1365,367.0,117967.0,6381.0
2021-01-05 09:31:37.130,0.1367,0.1371,10.0,0.1367,2.0,117960.0,6393.0
2021-01-05 09:31:37.601,0.1368,0.1371,10.0,0.1368,2.0,117962.0,6395.0
2021-01-05 09:31:38.190,0.1369,0.1373,3.0,0.1369,28.0,117965.0,6405.0
2021-01-05 09:31:38.621,0.1368,0.1371,6.0,0.1368,7.0,117973.0,6435.0
2021-01-05 09:31:39.210,0.1371,0.1372,8.0,0.1371,17.0,117973.0,6441.0
2021-01-05 09:31:39.710,0.1373,0.1375,1.0,0.1372,13.0,117969.0,6457.0
2021-01-05 09:31:39.921,0.1375,0.1378,5.0,0.1375,10.0,117968.0,6458.0
2021-01-05 09:31:40.711,0.1378,0.1384,27.0,0.1379,2.0,117963.0,6472.0
2021-01-05 09:31:41.141,0.1379,0.1385,6.0,0.138,13.0,117961.0,6476.0
2021-01-05 09:31:41.691,0.1385,0.1387,1.0,0.1385,10.0,117955.0,6484.0
2021-01-05 09:31:42.211,0.1386,0.1388,24.0,0.1386,17.0,117966.0,6513.0
2021-01-05 09:31:42.711,0.1386,0.1388,10.0,0.1382,14.0,118007.0,6566.0
2021-01-05 09:31:43.191,0.1385,0.1385,4.0,0.1381,28.0,118033.0,6612.0
2021-01-05 09:31:43.581,0.1383,0.1384,41.0,0.1373,59.0,118085.0,6772.0
2021-01-05 09:31:44.171,0.1384,0.1384,8.0,0.1375,10.0,118182.0,6872.0
2021-01-05 09:31:44.670,0.1384,0.1381,10.0,0.1373,31.0,118223.0,6925.0
2021-01-05 09:31:45.170,0.1379,0.1386,11.0,0.1379,8.0,118320.0,7027.0
2021-01-05 09:31:45.621,0.1379,0.1385,27.0,0.1379,6.0,118359.0,7081.0
2021-01-05 09:31:46.071,0.138,0.1382,13.0,0.138,7.0,118360.0,7095.0
2021-01-05 09:31:46.701,0.1382,0.1382,5.0,0.138,1.0,118334.0,7128.0
2021-01-05 09:31:47.191,0.1386,0.1386,14.0,0.1379,13.0,118357.0,7165.0
2021-01-05 09:31:47.690,0.1382,0.1386,13.0,0.1384,25.0,118361.0,7173.0
2021-01-05 09:31:48.211,0.1384,0.1387,14.0,0.1384,19.0,118364.0,7179.0
2021-01-05 09:31:48.691,0.1384,0.1385,1.0,0.1384,15.0,118367.0,7186.0
2021-01-05 09:31:49.221,0.1389,0.1389,9.0,0.1387,7.0,118377.0,7240.0
2021-01-05 09:31:49.331,0.1389,0.1389,14.0,0.1387,3.0,118375.0,7263.0
2021-01-05 09:31:49.980,0.1392,0.1393,23.0,0.1392,5.0,118381.0,7284.0
2021-01-05 09:31:50.681,0.1392,0.1392,38.0,0.1391,30.0,118386.0,7299.0
2021-01-05 09:31:51.210,0.1392,0.1392,11.0,0.1391,24.0,118397.0,7312.0
2021-01-05 09:31:51.701,0.1391,0.1392,8.0,0.1391,35.0,118391.0,7339.0
2021-01-05 09:31:51.990,0.1393,0.1394,31.0,0.1392,3.0,118372.0,7366.0
2021-01-05 09:31:52.541,0.1399,0.1399,17.0,0.1394,30.0,118346.0,7402.0
2021-01-05 09:31:53.171,0.14,0.1401,15.0,0.1396,10.0,118348.0,7423.0
2021-01-05 09:31:53.530,0.1398,0.14,2.0,0.1398,13.0,118347.0,7428.0
2021-01-05 09:31:54.151,0.14,0.1403,150.0,0.1401,1.0,118344.0,7434.0
2021-01-05 09:31:54.470,0.1403,0.1403,149.0,0.1399,6.0,118342.0,7441.0
2021-01-05 09:31:55.150,0.1403,0.1403,148.0,0.1402,30.0,118343.0,7443.0
2021-01-05 09:31:55.670,0.1401,0.1402,2.0,0.1401,8.0,118366.0,7491.0
2021-01-05 09:31:56.110,0.1402,0.1403,146.0,0.1402,10.0,118344.0,7513.0
2021-01-05 09:31:56.631,0.1402,0.1403,135.0,0.1402,6.0,118343.0,7528.0
2021-01-05 09:31:57.130,0.1403,0.1403,86.0,0.1402,4.0,118341.0,7579.0
2021-01-05 09:31:57.651,0.1403,0.1403,42.0,0.1399,13.0,118301.0,7683.0
2021-01-05 09:31:58.150,0.1403,0.1405,16.0,0.1403,2.0,118312.0,7776.0
2021-01-05 09:31:58.531,0.1403,0.1403,3.0,0.1401,10.0,118315.0,7779.0
2021-01-05 09:31:59.180,0.1403,0.1405,38.0,0.1403,25.0,118322.0,7811.0
2021-01-05 09:31:59.560,0.14,0.1403,5.0,0.14,11.0,118332.0,7828.0
2021-01-05 09:32:00.121,0.14,0.1402,10.0,0.1397,25.0,118335.0,7833.0
2021-01-05 09:32:00.650,0.1403,0.1403,12.0,0.1401,2.0,118329.0,7843.0
2021-01-05 09:32:01.120,0.1401,0.1401,31.0,0.1396,10.0,118347.0,7939.0
2021-01-05 09:32:01.601,0.1396,0.1397,4.0,0.1396,11.0,118345.0,7997.0
2021-01-05 09:32:02.171,0.1396,0.1395,10.0,0.1393,10.0,118345.0,8008.0
2021-01-05 09:32:02.561,0.1391,0.139,5.0,0.1387,15.0,118345.0,8037.0
2021-01-05 09:32:03.180,0.1385,0.1387,3.0,0.1385,9.0,118345.0,8060.0
2021-01-05 09:32:03.641,0.1384,0.1386,3.0,0.1384,19.0,118346.0,8071.0
2021-01-05 09:32:04.050,0.139,0.1388,15.0,0.1384,19.0,118344.0,8086.0
2021-01-05 09:32:04.630,0.1387,0.1387,28.0,0.1386,7.0,118346.0,8103.0
2021-01-05 09:32:05.130,0.1388,0.139,42.0,0.1386,17.0,118369.0,8140.0
2021-01-05 09:32:05.660,0.1389,0.139,42.0,0.1389,9.0,118368.0,8141.0
2021-01-05 09:32:06.161,0.1392,0.1394,15.0,0.1392,5.0,118368.0,8171.0
2021-01-05 09:32:06.680,0.1397,0.1397,30.0,0.1393,10.0,118384.0,8199.0
2021-01-05 09:32:07.070,0.1394,0.1394,5.0,0.139,22.0,118387.0,8206.0
2021-01-05 09:32:07.570,0.139,0.1391,7.0,0.1389,14.0,118390.0,8210.0
2021-01-05 09:32:08.100,0.1394,0.1394,6.0,0.139,4.0,118396.0,8216.0
2021-01-05 09:32:08.651,0.1394,0.1396,2.0,0.1394,3.0,118393.0,8222.0
2021-01-05 09:32:09.141,0.1398,0.1401,7.0,0.1398,8.0,118390.0,8225.0
2021-01-05 09:32:09.681,0.1394,0.1399,2.0,0.1394,15.0,118378.0,8240.0
2021-01-05 09:32:10.071,0.1395,0.1396,7.0,0.1394,20.0,118366.0,8255.0
2021-01-05 09:32:10.630,0.1395,0.1395,17.0,0.1394,32.0,118370.0,8284.0
2021-01-05 09:32:11.120,0.1395,0.1396,1.0,0.1395,2.0,118362.0,8301.0
2021-01-05 09:32:11.650,0.1391,0.1394,15.0,0.1391,17.0,118332.0,8339.0
2021-01-05 09:32:12.121,0.1389,0.139,18.0,0.1389,6.0,118336.0,8353.0
2021-01-05 09:32:12.220,0.1389,0.1389,2.0,0.1388,1.0,118336.0,8359.0
2021-01-05 09:32:13.171,0.1391,0.1391,3.0,0.1388,1.0,118342.0,8376.0
2021-01-05 09:32:13.671,0.1387,0.1392,13.0,0.1388,3.0,118347.0,8381.0
2021-01-05 09:32:14.180,0.1389,0.1392,18.0,0.1389,1.0,118352.0,8387.0
2021-01-05 09:32:14.560,0.1389,0.139,11.0,0.1389,3.0,118356.0,8408.0
2021-01-05 09:32:15.171,0.1391,0.1394,16.0,0.1391,7.0,118363.0,8438.0
2021-01-05 09:32:15.530,0.1392,0.1394,2.0,0.1392,2.0,118364.0,8457.0
2021-01-05 09:32:16.151,0.1393,0.1394,2.0,0.1393,1.0,118362.0,8467.0
2021-01-05 09:32:16.551,0.1393,0.1394,2.0,0.1393,2.0,118363.0,8470.0
2021-01-05 09:32:17.161,0.1393,0.1393,11.0,0.139,10.0,118362.0,8476.0
2021-01-05 09:32:17.651,0.1393,0.1393,2.0,0.1392,10.0,118360.0,8485.0
2021-01-05 09:32:18.130,0.1392,0.1394,2.0,0.1391,3.0,118360.0,8500.0
2021-01-05 09:32:18.660,0.1395,0.1401,41.0,0.1392,10.0,118358.0,8516.0
2021-01-05 09:32:18.960,0.1395,0.1394,7.0,0.1393,14.0,118358.0,8516.0
2021-01-05 09:32:19.640,0.1396,0.1396,5.0,0.1394,25.0,118366.0,8537.0
2021-01-05 09:32:20.151,0.1394,0.1396,13.0,0.1394,13.0,118366.0,8552.0
2021-01-05 09:32:20.600,0.1394,0.1395,5.0,0.1394,1.0,118402.0,8588.0
2021-01-05 09:32:20.861,0.1391,0.1393,1.0,0.139,34.0,118404.0,8599.0
2021-01-05 09:32:21.651,0.1393,0.1393,5.0,0.1387,59.0,118433.0,8700.0
2021-01-05 09:32:22.181,0.1392,0.1392,9.0,0.1387,59.0,118434.0,8701.0
2021-01-05 09:32:22.660,0.1387,0.139,7.0,0.1387,29.0,118437.0,8734.0
2021-01-05 09:32:22.971,0.1387,0.1387,3.0,0.1386,7.0,118467.0,8764.0
2021-01-05 09:32:23.580,0.1389,0.1389,13.0,0.1386,7.0,118467.0,8767.0
2021-01-05 09:32:24.091,0.1386,0.139,18.0,0.1387,10.0,118467.0,8772.0
2021-01-05 09:32:24.640,0.1391,0.1392,19.0,0.1389,10.0,118471.0,8781.0
2021-01-05 09:32:25.061,0.1392,0.1395,14.0,0.1392,11.0,118505.0,8828.0
2021-01-05 09:32:25.670,0.1395,0.1394,1.0,0.1392,3.0,118507.0,8835.0
2021-01-05 09:32:25.950,0.1397,0.1397,18.0,0.1396,2.0,118537.0,8873.0
2021-01-05 09:32:26.581,0.1397,0.14,14.0,0.1397,19.0,118536.0,8892.0
2021-01-05 09:32:27.151,0.1397,0.1402,10.0,0.1397,1.0,118536.0,8892.0
2021-01-05 09:32:27.641,0.1401,0.1401,7.0,0.14,2.0,118536.0,8897.0
2021-01-05 09:32:28.171,0.14,0.1403,2.0,0.1402,5.0,118537.0,8908.0
2021-01-05 09:32:28.611,0.1404,0.1405,2.0,0.1403,7.0,118539.0,8920.0
2021-01-05 09:32:29.180,0.1403,0.1407,10.0,0.1403,13.0,118539.0,8927.0
2021-01-05 09:32:29.631,0.1403,0.1407,10.0,0.1402,5.0,118543.0,8931.0
2021-01-05 09:32:30.171,0.1402,0.1402,5.0,0.14,13.0,118546.0,8949.0
2021-01-05 09:32:30.271,0.1398,0.1403,10.0,0.14,13.0,118539.0,8978.0
2021-01-05 09:32:31.080,0.1403,0.1403,4.0,0.14,28.0,118543.0,8984.0
2021-01-05 09:32:31.631,0.1403,0.1407,7.0,0.1403,2.0,118543.0,8984.0
2021-01-05 09:32:32.121,0.1403,0.1404,10.0,0.1402,1.0,118545.0,8986.0
2021-01-05 09:32:32.690,0.1402,0.1404,9.0,0.1401,5.0,118545.0,8988.0
2021-01-05 09:32:33.141,0.1407,0.1407,13.0,0.1403,1.0,118542.0,9021.0
2021-01-05 09:32:33.671,0.1403,0.1404,1.0,0.1402,10.0,118544.0,9025.0
2021-01-05 09:32:34.171,0.1404,0.1403,2.0,0.1399,7.0,118527.0,9083.0
2021-01-05 09:32:34.691,0.1397,0.1402,4.0,0.1397,19.0,118515.0,9133.0
2021-01-05 09:32:35.170,0.1397,0.1399,13.0,0.1397,17.0,118517.0,9143.0
2021-01-05 09:32:35.671,0.1403,0.1403,9.0,0.1402,2.0,118516.0,9171.0
2021-01-05 09:32:36.190,0.1403,0.1402,2.0,0.14,23.0,118516.0,9183.0
2021-01-05 09:32:36.691,0.1402,0.1401,12.0,0.14,10.0,118517.0,9184.0
2021-01-05 09:32:37.141,0.1402,0.1403,6.0,0.14,10.0,118515.0,9197.0
2021-01-05 09:32:37.621,0.1399,0.14,10.0,0.1398,13.0,118520.0,9215.0
2021-01-05 09:32:38.190,0.14,0.14,6.0,0.1398,16.0,118519.0,9219.0
2021-01-05 09:32:38.670,0.1403,0.1402,10.0,0.1398,3.0,118533.0,9239.0
2021-01-05 09:32:39.200,0.1402,0.1403,6.0,0.1402,1.0,118533.0,9246.0
2021-01-05 09:32:39.630,0.1401,0.1402,3.0,0.1401,13.0,118532.0,9254.0
2021-01-05 09:32:40.111,0.14,0.1402,11.0,0.14,12.0,118538.0,9261.0
2021-01-05 09:32:40.601,0.1402,0.1402,1.0,0.14,29.0,118548.0,9271.0
2021-01-05 09:32:41.200,0.1401,0.1401,3.0,0.14,29.0,118548.0,9274.0
2021-01-05 09:32:41.640,0.1402,0.1407,14.0,0.1402,1.0,118542.0,9289.0
2021-01-05 09:32:42.151,0.1401,0.1404,10.0,0.1401,6.0,118532.0,9303.0
2021-01-05 09:32:42.700,0.1403,0.1406,2.0,0.1403,9.0,118531.0,9304.0
2021-01-05 09:32:42.950,0.1402,0.1404,5.0,0.1402,10.0,118533.0,9310.0
2021-01-05 09:32:43.580,0.1404,0.1404,7.0,0.1402,2.0,118539.0,9327.0
2021-01-05 09:32:44.110,0.1398,0.1402,18.0,0.1398,13.0,118524.0,9389.0
2021-01-05 09:32:44.691,0.14,0.14,4.0,0.1394,28.0,118531.0,9470.0
2021-01-05 09:32:44.990,0.1394,0.1396,4.0,0.1394,23.0,118531.0,9475.0
2021-01-05 09:32:45.580,0.1398,0.1398,7.0,0.1396,34.0,118530.0,9516.0
2021-01-05 09:32:45.851,0.1399,0.14,1.0,0.1399,3.0,118529.0,9524.0
2021-01-05 09:32:46.610,0.14,0.1401,2.0,0.14,8.0,118528.0,9525.0
2021-01-05 09:32:47.100,0.1401,0.1402,1.0,0.1401,23.0,118528.0,9527.0
2021-01-05 09:32:47.651,0.1404,0.1406,7.0,0.1404,7.0,118525.0,9560.0
2021-01-05 09:32:48.101,0.1408,0.1408,3.0,0.1405,13.0,118551.0,9613.0
2021-01-05 09:32:48.550,0.1407,0.141,1.0,0.1407,4.0,118548.0,9620.0
2021-01-05 09:32:49.190,0.1411,0.1412,30.0,0.1411,6.0,118545.0,9624.0
2021-01-05 09:32:49.670,0.1415,0.1415,22.0,0.1414,4.0,118513.0,9662.0
2021-01-05 09:32:50.171,0.1426,0.1427,14.0,0.1423,3.0,118511.0,9705.0
2021-01-05 09:32:50.650,0.1419,0.1423,16.0,0.1421,13.0,118518.0,9720.0
2021-01-05 09:32:51.170,0.1423,0.1423,7.0,0.142,2.0,118525.0,9761.0
2021-01-05 09:32:51.641,0.1429,0.1429,9.0,0.1427,10.0,118519.0,9779.0
2021-01-05 09:32:52.191,0.1428,0.1428,2.0,0.1423,11.0,118526.0,9797.0
2021-01-05 09:32:52.671,0.1428,0.1428,31.0,0.1423,3.0,118562.0,9851.0
2021-01-05 09:32:53.040,0.1423,0.1423,6.0,0.1417,7.0,118585.0,9874.0
2021-01-05 09:32:53.641,0.1411,0.1416,9.0,0.1411,10.0,118609.0,9952.0
2021-01-05 09:32:54.181,0.1411,0.1412,3.0,0.1411,14.0,118610.0,9966.0
2021-01-05 09:32:54.490,0.141,0.1412,19.0,0.141,23.0,118629.0,9985.0
2021-01-05 09:32:55.161,0.1408,0.1412,25.0,0.1408,11.0,118656.0,10013.0
2021-01-05 09:32:55.650,0.1412,0.1413,7.0,0.1412,53.0,118666.0,10033.0
2021-01-05 09:32:56.150,0.1416,0.1419,7.0,0.1415,10.0,118663.0,10043.0
2021-01-05 09:32:56.611,0.1418,0.1418,2.0,0.1416,23.0,118664.0,10070.0
2021-01-05 09:32:57.130,0.1416,0.1416,2.0,0.1415,7.0,118681.0,10176.0
2021-01-05 09:32:57.600,0.1415,0.1415,23.0,0.1413,11.0,118686.0,10189.0
2021-01-05 09:32:58.171,0.1413,0.1415,87.0,0.1412,63.0,118709.0,10224.0
2021-01-05 09:32:58.651,0.1415,0.1415,29.0,0.1414,10.0,118784.0,10359.0
2021-01-05 09:32:59.120,0.1415,0.1416,119.0,0.1415,26.0,118812.0,10391.0
2021-01-05 09:32:59.621,0.1416,0.1418,9.0,0.1416,1.0,118830.0,10415.0
2021-01-05 09:33:00.111,0.1416,0.1418,9.0,0.1416,11.0,118830.0,10415.0
2021-01-05 09:33:00.651,0.1414,0.1414,54.0,0.1413,13.0,118868.0,10473.0
2021-01-05 09:33:01.081,0.1414,0.1414,42.0,0.1413,18.0,118878.0,10490.0
2021-01-05 09:33:01.661,0.1412,0.1413,5.0,0.1412,36.0,118889.0,10513.0
2021-01-05 09:33:02.130,0.1412,0.1412,10.0,0.141,1.0,118932.0,10557.0
2021-01-05 09:33:02.570,0.1408,0.1409,20.0,0.1404,28.0,118940.0,10571.0
2021-01-05 09:33:03.091,0.1396,0.1409,46.0,0.1401,15.0,118960.0,10665.0
2021-01-05 09:33:03.581,0.1406,0.1406,25.0,0.1399,3.0,118974.0,10683.0
2021-01-05 09:33:04.140,0.1395,0.1402,19.0,0.1395,25.0,119000.0,10714.0
2021-01-05 09:33:04.630,0.1401,0.1401,44.0,0.1399,10.0,119015.0,10756.0
2021-01-05 09:33:05.121,0.1398,0.1398,15.0,0.1392,16.0,119028.0,10771.0
2021-01-05 09:33:05.580,0.139,0.1392,14.0,0.1389,20.0,119042.0,10791.0
2021-01-05 09:33:06.170,0.1389,0.1389,5.0,0.1388,11.0,119070.0,10824.0
2021-01-05 09:33:06.651,0.1389,0.1389,29.0,0.1388,5.0,119070.0,10840.0
2021-01-05 09:33:07.131,0.1388,0.1389,18.0,0.1386,6.0,119081.0,10880.0
2021-01-05 09:33:07.601,0.1389,0.139,17.0,0.1387,10.0,119097.0,10926.0
2021-01-05 09:33:08.191,0.1388,0.1388,3.0,0.1386,23.0,119120.0,10991.0
2021-01-05 09:33:08.681,0.139,0.1394,13.0,0.139,8.0,119120.0,11037.0
2021-01-05 09:33:09.181,0.1395,0.1395,1.0,0.139,20.0,119120.0,11069.0
2021-01-05 09:33:09.611,0.1391,0.1397,16.0,0.1391,15.0,119116.0,11100.0
2021-01-05 09:33:10.180,0.1394,0.1397,67.0,0.139,16.0,119121.0,11155.0
2021-01-05 09:33:10.681,0.139,0.139,10.0,0.1389,10.0,119125.0,11175.0
2021-01-05 09:33:11.150,0.1388,0.1389,10.0,0.1387,22.0,119136.0,11199.0
2021-01-05 09:33:11.591,0.1389,0.1389,3.0,0.1386,23.0,119140.0,11206.0
2021-01-05 09:33:11.920,0.139,0.139,7.0,0.1389,7.0,119143.0,11212.0
2021-01-05 09:33:12.650,0.1394,0.1394,7.0,0.1391,9.0,119145.0,11231.0
2021-01-05 09:33:12.990,0.1392,0.1396,8.0,0.1392,13.0,119145.0,11242.0
2021-01-05 09:33:13.691,0.1392,0.1395,10.0,0.1391,11.0,119145.0,11251.0
2021-01-05 09:33:14.070,0.1393,0.1393,1.0,0.1391,11.0,119149.0,11260.0
2021-01-05 09:33:14.650,0.1393,0.1393,1.0,0.1391,11.0,119149.0,11260.0
2021-01-05 09:33:15.140,0.1392,0.1392,12.0,0.139,17.0,119157.0,11269.0
2021-01-05 09:33:15.630,0.139,0.139,15.0,0.1389,15.0,119172.0,11284.0
2021-01-05 09:33:15.881,0.1388,0.1388,9.0,0.1386,2.0,119176.0,11302.0
2021-01-05 09:33:16.590,0.1385,0.1385,16.0,0.1384,14.0,119183.0,11311.0
2021-01-05 09:33:17.190,0.1384,0.1384,11.0,0.1382,7.0,119210.0,11341.0
2021-01-05 09:33:17.691,0.1384,0.1384,3.0,0.1382,3.0,119220.0,11355.0
2021-01-05 09:33:18.160,0.138,0.138,2.0,0.1378,14.0,119232.0,11371.0
2021-01-05 09:33:18.680,0.138,0.1382,13.0,0.1379,3.0,119232.0,11373.0
2021-01-05 09:33:19.191,0.1378,0.1378,16.0,0.1377,7.0,119240.0,11387.0
2021-01-05 09:33:19.520,0.1378,0.1378,14.0,0.1376,7.0,119242.0,11389.0
2021-01-05 09:33:20.171,0.1377,0.1377,12.0,0.1376,7.0,119281.0,11445.0
2021-01-05 09:33:20.551,0.1377,0.1377,4.0,0.1376,6.0,119283.0,11460.0
2021-01-05 09:33:21.160,0.1376,0.1376,8.0,0.1373,28.0,119308.0,11500.0
2021-01-05 09:33:21.681,0.1374,0.1379,1.0,0.1374,9.0,119319.0,11531.0
2021-01-05 09:33:22.140,0.1378,0.1378,12.0,0.1377,1.0,119318.0,11532.0
2021-01-05 09:33:22.561,0.1373,0.1374,11.0,0.1372,30.0,119320.0,11536.0
2021-01-05 09:33:23.051,0.1372,0.1372,2.0,0.137,18.0,119332.0,11550.0
2021-01-05 09:33:23.641,0.1374,0.1374,29.0,0.1372,1.0,119333.0,11557.0
2021-01-05 09:33:24.140,0.1375,0.1376,1.0,0.1375,3.0,119305.0,11587.0
2021-01-05 09:33:24.221,0.1376,0.1377,32.0,0.1376,10.0,119304.0,11588.0
2021-01-05 09:33:25.151,0.1377,0.1378,78.0,0.1377,14.0,119303.0,11606.0
2021-01-05 09:33:25.541,0.1378,0.1378,41.0,0.1377,1.0,119301.0,11633.0
2021-01-05 09:33:26.161,0.1378,0.1381,7.0,0.1378,86.0,119301.0,11684.0
2021-01-05 09:33:26.620,0.1378,0.1383,17.0,0.1382,5.0,119301.0,11684.0
2021-01-05 09:33:26.901,0.1379,0.138,10.0,0.1379,4.0,119311.0,11701.0
2021-01-05 09:33:27.441,0.1383,0.1384,27.0,0.1383,5.0,119308.0,11724.0
2021-01-05 09:33:27.990,0.1378,0.1382,15.0,0.1378,6.0,119294.0,11784.0
2021-01-05 09:33:28.630,0.1377,0.1377,39.0,0.1376,2.0,119302.0,11793.0
2021-01-05 09:33:29.131,0.1377,0.1377,28.0,0.1374,29.0,119304.0,11806.0
2021-01-05 09:33:29.561,0.1377,0.1377,4.0,0.1375,41.0,119283.0,11832.0
2021-01-05 09:33:30.040,0.1377,0.1378,20.0,0.1377,18.0,119283.0,11836.0
2021-01-05 09:33:30.501,0.1377,0.1378,9.0,0.1377,20.0,119287.0,11860.0
2021-01-05 09:33:31.100,0.1377,0.1381,10.0,0.1377,13.0,119309.0,11905.0
2021-01-05 09:33:31.671,0.138,0.138,22.0,0.1378,1.0,119309.0,11906.0
2021-01-05 09:33:32.141,0.138,0.138,3.0,0.1378,7.0,119315.0,11912.0
2021-01-05 09:33:32.620,0.1378,0.1382,3.0,0.1378,2.0,119327.0,11926.0
2021-01-05 09:33:33.000,0.1383,0.1381,10.0,0.138,1.0,119329.0,11931.0
2021-01-05 09:33:33.680,0.1378,0.1378,18.0,0.1375,38.0,119333.0,11935.0
2021-01-05 09:33:34.070,0.1378,0.1378,15.0,0.1376,28.0,119337.0,11939.0
2021-01-05 09:33:34.671,0.1378,0.1378,26.0,0.1375,10.0,119348.0,11950.0
2021-01-05 09:33:34.950,0.1378,0.1378,25.0,0.1377,3.0,119351.0,11980.0
2021-01-05 09:33:35.680,0.1378,0.1378,46.0,0.1377,3.0,119343.0,11996.0
2021-01-05 09:33:35.911,0.1377,0.1378,15.0,0.1376,10.0,119347.0,12034.0
2021-01-05 09:33:36.331,0.1376,0.1376,10.0,0.1375,10.0,119357.0,12049.0
2021-01-05 09:33:37.190,0.1375,0.1375,12.0,0.1372,9.0,119370.0,12077.0
2021-01-05 09:33:37.640,0.1372,0.1371,6.0,0.137,3.0,119372.0,12079.0
2021-01-05 09:33:38.120,0.1372,0.1372,4.0,0.1369,4.0,119379.0,12087.0
2021-01-05 09:33:38.571,0.1376,0.1376,25.0,0.1369,13.0,119407.0,12154.0
2021-01-05 09:33:39.180,0.137,0.1376,12.0,0.137,6.0,119408.0,12170.0
2021-01-05 09:33:39.641,0.1376,0.1376,13.0,0.137,13.0,119397.0,12189.0
2021-01-05 09:33:40.001,0.137,0.1377,35.0,0.1376,2.0,119389.0,12218.0
2021-01-05 09:33:40.681,0.1375,0.1378,28.0,0.1377,3.0,119365.0,12267.0
2021-01-05 09:33:41.090,0.1377,0.1378,9.0,0.1377,22.0,119363.0,12269.0
2021-01-05 09:33:41.691,0.1378,0.1378,3.0,0.1374,10.0,119354.0,12306.0
2021-01-05 09:33:42.041,0.1378,0.1382,14.0,0.1378,38.0,119350.0,12332.0
2021-01-05 09:33:42.600,0.138,0.1384,7.0,0.138,9.0,119349.0,12333.0
2021-01-05 09:33:42.821,0.138,0.1385,1.0,0.1384,4.0,119349.0,12333.0
2021-01-05 09:33:43.311,0.1385,0.1388,8.0,0.1385,2.0,119349.0,12334.0
2021-01-05 09:33:44.110,0.1387,0.1387,21.0,0.1385,1.0,119352.0,12338.0
2021-01-05 09:33:44.671,0.1388,0.1386,13.0,0.1384,3.0,119358.0,12349.0
2021-01-05 09:33:45.180,0.1384,0.1384,5.0,0.1383,15.0,119387.0,12389.0
2021-01-05 09:33:45.660,0.1385,0.1385,5.0,0.1384,24.0,119387.0,12405.0
2021-01-05 09:33:46.100,0.1385,0.1389,3.0,0.1386,5.0,119383.0,12410.0
2021-01-05 09:33:46.671,0.1387,0.139,1.0,0.1389,3.0,119371.0,12423.0
2021-01-05 09:33:47.191,0.1393,0.1393,1.0,0.1389,13.0,119366.0,12433.0
2021-01-05 09:33:47.681,0.1389,0.1392,2.0,0.139,15.0,119365.0,12439.0
2021-01-05 09:33:48.171,0.1392,0.1396,11.0,0.139,30.0,119366.0,12441.0
2021-01-05 09:33:48.680,0.1389,0.1394,10.0,0.1389,31.0,119337.0,12484.0
2021-01-05 09:33:49.041,0.1389,0.1396,35.0,0.139,18.0,119341.0,12512.0
2021-01-05 09:33:49.681,0.139,0.139,12.0,0.1389,48.0,119350.0,12546.0
2021-01-05 09:33:49.981,0.1396,0.1396,15.0,0.139,43.0,119354.0,12582.0
2021-01-05 09:33:50.670,0.1391,0.1396,13.0,0.139,61.0,119354.0,12587.0
2021-01-05 09:33:50.730,0.1396,0.1397,39.0,0.139,27.0,119364.0,12600.0
2021-01-05 09:33:51.571,0.139,0.1393,6.0,0.139,4.0,119368.0,12614.0
2021-01-05 09:33:52.190,0.139,0.139,9.0,0.1389,31.0,119379.0,12635.0
2021-01-05 09:33:52.591,0.1396,0.1396,24.0,0.139,16.0,119380.0,12647.0
2021-01-05 09:33:52.960,0.1396,0.1396,23.0,0.1393,1.0,119380.0,12648.0
2021-01-05 09:33:53.650,0.1389,0.1395,3.0,0.1389,7.0,119367.0,12683.0
2021-01-05 09:33:54.180,0.1392,0.1392,2.0,0.139,33.0,119395.0,12714.0
2021-01-05 09:33:54.610,0.1396,0.1396,9.0,0.1395,1.0,119400.0,12722.0
2021-01-05 09:33:54.881,0.1394,0.1394,3.0,0.1392,15.0,119402.0,12730.0
2021-01-05 09:33:55.650,0.1394,0.1397,8.0,0.1396,2.0,119402.0,12733.0
2021-01-05 09:33:56.040,0.1392,0.1395,2.0,0.1392,6.0,119403.0,12758.0
2021-01-05 09:33:56.651,0.1392,0.1395,13.0,0.1392,2.0,119400.0,12767.0
2021-01-05 09:33:57.161,0.1395,0.1398,38.0,0.1397,11.0,119402.0,12778.0
2021-01-05 09:33:57.671,0.1397,0.1399,24.0,0.1397,8.0,119397.0,12784.0
2021-01-05 09:33:58.170,0.1398,0.1401,2.0,0.1398,19.0,119412.0,12826.0
2021-01-05 09:33:58.591,0.1404,0.1404,17.0,0.1403,5.0,119414.0,12844.0
2021-01-05 09:33:59.140,0.1405,0.1409,15.0,0.1404,15.0,119422.0,12859.0
2021-01-05 09:33:59.690,0.141,0.141,5.0,0.1405,18.0,119422.0,12864.0
2021-01-05 09:34:00.141,0.141,0.1411,3.0,0.1409,8.0,119422.0,12864.0
2021-01-05 09:34:00.451,0.1414,0.1415,23.0,0.141,10.0,119429.0,12872.0
2021-01-05 09:34:01.081,0.1411,0.1415,9.0,0.1411,1.0,119429.0,12873.0
2021-01-05 09:34:01.640,0.1409,0.1411,3.0,0.1407,27.0,119437.0,12884.0
2021-01-05 09:34:02.080,0.1409,0.141,13.0,0.1405,25.0,119439.0,12898.0
2021-01-05 09:34:02.671,0.1409,0.1409,8.0,0.1408,1.0,119441.0,12909.0
2021-01-05 09:34:03.121,0.1409,0.1411,4.0,0.1408,1.0,119441.0,12912.0
2021-01-05 09:34:03.620,0.1408,0.1408,8.0,0.1407,13.0,119438.0,12919.0
2021-01-05 09:34:04.120,0.1411,0.1411,2.0,0.1409,1.0,119438.0,12934.0
2021-01-05 09:34:04.671,0.1408,0.1413,23.0,0.1408,58.0,119439.0,12949.0
2021-01-05 09:34:05.121,0.1408,0.1415,15.0,0.1411,2.0,119439.0,12949.0
2021-01-05 09:34:05.630,0.1412,0.1415,15.0,0.1411,2.0,119440.0,12950.0
2021-01-05 09:34:06.081,0.1415,0.1416,34.0,0.1415,3.0,119441.0,12953.0
2021-01-05 09:34:06.600,0.141,0.1416,18.0,0.1415,6.0,119417.0,12997.0
2021-01-05 09:34:07.011,0.1411,0.1415,3.0,0.1411,16.0,119419.0,13036.0
2021-01-05 09:34:07.601,0.1411,0.1417,3.0,0.1411,36.0,119402.0,13065.0
2021-01-05 09:34:08.171,0.1417,0.142,25.0,0.1418,30.0,119391.0,13079.0
2021-01-05 09:34:08.630,0.142,0.1424,20.0,0.1417,37.0,119357.0,13131.0
2021-01-05 09:34:09.170,0.1418,0.1418,14.0,0.1416,13.0,119371.0,13193.0
2021-01-05 09:34:09.670,0.1415,0.1416,10.0,0.1415,4.0,119401.0,13250.0
2021-01-05 09:34:10.091,0.1416,0.1419,5.0,0.1413,7.0,119459.0,13313.0
2021-01-05 09:34:10.690,0.1414,0.1414,14.0,0.1411,13.0,119461.0,13315.0
2021-01-05 09:34:11.151,0.1414,0.1414,3.0,0.1412,1.0,119466.0,13320.0
2021-01-05 09:34:11.681,0.1409,0.1409,7.0,0.1408,13.0,119472.0,13361.0
2021-01-05 09:34:12.000,0.1408,0.1408,6.0,0.1404,13.0,119486.0,13378.0
2021-01-05 09:34:12.621,0.1411,0.1411,12.0,0.141,10.0,119488.0,13386.0
2021-01-05 09:34:13.191,0.1411,0.141,30.0,0.1408,4.0,119488.0,13386.0
2021-01-05 09:34:13.521,0.1407,0.1406,1.0,0.1403,7.0,119493.0,13391.0
2021-01-05 09:34:13.911,0.1402,0.1402,4.0,0.14,5.0,119504.0,13412.0
2021-01-05 09:34:14.691,0.14,0.14,7.0,0.1397,49.0,119511.0,13420.0
2021-01-05 09:34:15.131,0.1398,0.1398,11.0,0.1397,26.0,119539.0,13448.0
2021-01-05 09:34:15.681,0.1399,0.1399,42.0,0.1398,3.0,119530.0,13473.0
2021-01-05 09:34:16.190,0.1399,0.1401,13.0,0.1399,44.0,119531.0,13555.0
2021-01-05 09:34:16.620,0.1405,0.1406,17.0,0.1401,13.0,119532.0,13588.0
2021-01-05 09:34:17.070,0.1408,0.1408,19.0,0.1406,14.0,119532.0,13602.0
2021-01-05 09:34:17.581,0.1407,0.1408,7.0,0.1407,13.0,119532.0,13624.0
2021-01-05 09:34:18.201,0.1408,0.141,2.0,0.1409,10.0,119537.0,13643.0
2021-01-05 09:34:18.620,0.141,0.1412,1.0,0.141,15.0,119537.0,13645.0
2021-01-05 09:34:19.041,0.141,0.1415,10.0,0.141,13.0,119537.0,13656.0
2021-01-05 09:34:19.661,0.1408,0.1411,10.0,0.1408,3.0,119543.0,13690.0
2021-01-05 09:34:20.161,0.1411,0.1415,12.0,0.1411,5.0,119540.0,13707.0
2021-01-05 09:34:20.651,0.1411,0.1415,10.0,0.1411,1.0,119537.0,13715.0
2021-01-05 09:34:21.131,0.1415,0.1415,4.0,0.1412,16.0,119537.0,13730.0
2021-01-05 09:34:21.250,0.1415,0.1418,1.0,0.1415,7.0,119539.0,13732.0
2021-01-05 09:34:22.151,0.1413,0.1418,1.0,0.1413,12.0,119513.0,13763.0
2021-01-05 09:34:22.641,0.1416,0.1416,8.0,0.1411,15.0,119499.0,13782.0
2021-01-05 09:34:23.090,0.1411,0.1418,11.0,0.141,56.0,119499.0,13800.0
2021-01-05 09:34:23.640,0.1411,0.1411,28.0,0.141,91.0,119501.0,13812.0
2021-01-05 09:34:24.170,0.1411,0.1415,13.0,0.1411,17.0,119463.0,13868.0
2021-01-05 09:34:24.380,0.1416,0.1418,11.0,0.1413,10.0,119470.0,13877.0
2021-01-05 09:34:25.150,0.1415,0.1418,1.0,0.1415,3.0,119471.0,13888.0
2021-01-05 09:34:25.671,0.1415,0.1415,4.0,0.1414,10.0,119472.0,13891.0
2021-01-05 09:34:26.020,0.1418,0.1418,13.0,0.1415,3.0,119475.0,13900.0
2021-01-05 09:34:26.641,0.1414,0.142,30.0,0.1415,15.0,119472.0,13907.0
2021-01-05 09:34:27.150,0.1414,0.1419,10.0,0.1418,2.0,119472.0,13907.0
2021-01-05 09:34:27.580,0.1418,0.1418,16.0,0.1416,13.0,119481.0,13921.0
2021-01-05 09:34:27.851,0.1415,0.1415,1.0,0.1413,38.0,119484.0,13927.0
2021-01-05 09:34:28.621,0.1418,0.1418,35.0,0.1416,8.0,119492.0,13938.0
2021-01-05 09:34:28.971,0.1418,0.1418,40.0,0.1416,8.0,119492.0,13938.0
2021-01-05 09:34:29.601,0.1418,0.142,27.0,0.1415,1.0,119543.0,13989.0
2021-01-05 09:34:30.141,0.1417,0.142,27.0,0.1418,3.0,119556.0,14002.0
2021-01-05 09:34:30.671,0.1415,0.1417,10.0,0.1413,13.0,119570.0,14017.0
2021-01-05 09:34:31.190,0.1415,0.1418,15.0,0.1416,5.0,119570.0,14017.0
2021-01-05 09:34:31.691,0.1418,0.1418,13.0,0.1417,14.0,119572.0,14021.0
2021-01-05 09:34:32.000,0.1418,0.142,3.0,0.1418,10.0,119575.0,14034.0
2021-01-05 09:34:32.690,0.1417,0.142,9.0,0.1417,3.0,119581.0,14053.0
2021-01-05 09:34:33.090,0.1422,0.1422,14.0,0.142,1.0,119585.0,14069.0
2021-01-05 09:34:33.541,0.1422,0.1425,14.0,0.1422,14.0,119586.0,14080.0
2021-01-05 09:34:34.131,0.1423,0.1427,48.0,0.1422,2.0,119587.0,14085.0
2021-01-05 09:34:34.640,0.1423,0.1426,10.0,0.1425,2.0,119587.0,14085.0
2021-01-05 09:34:35.130,0.1422,0.1427,22.0,0.1425,13.0,119593.0,14117.0
2021-01-05 09:34:35.570,0.1428,0.1429,23.0,0.1427,3.0,119589.0,14123.0
2021-01-05 09:34:36.171,0.1427,0.1427,22.0,0.1426,14.0,119590.0,14128.0
2021-01-05 09:34:36.680,0.1427,0.1428,1.0,0.1427,11.0,119588.0,14150.0
2021-01-05 09:34:37.161,0.1428,0.1429,3.0,0.1427,23.0,119587.0,14152.0
2021-01-05 09:34:37.700,0.1429,0.143,1.0,0.1429,4.0,119584.0,14156.0
2021-01-05 09:34:38.171,0.1429,0.1433,3.0,0.1429,25.0,119583.0,14165.0
2021-01-05 09:34:38.611,0.143,0.1433,3.0,0.143,19.0,119579.0,14171.0
2021-01-05 09:34:39.060,0.143,0.1433,3.0,0.143,64.0,119579.0,14174.0
2021-01-05 09:34:39.470,0.143,0.1433,2.0,0.143,79.0,119579.0,14176.0
2021-01-05 09:34:40.121,0.1431,0.1435,30.0,0.1433,5.0,119577.0,14199.0
2021-01-05 09:34:40.421,0.1433,0.1435,40.0,0.1433,4.0,119579.0,14201.0
2021-01-05 09:34:41.201,0.1433,0.1435,30.0,0.1434,3.0,119579.0,14202.0
2021-01-05 09:34:41.700,0.1435,0.1439,37.0,0.1434,3.0,119585.0,14232.0
2021-01-05 09:34:42.090,0.1435,0.1439,47.0,0.1435,13.0,119588.0,14235.0
2021-01-05 09:34:42.680,0.1439,0.1439,39.0,0.1435,10.0,119581.0,14263.0
2021-01-05 09:34:43.141,0.1436,0.1437,5.0,0.1436,5.0,119563.0,14284.0
2021-01-05 09:34:43.671,0.1438,0.1438,5.0,0.1434,44.0,119559.0,14315.0
2021-01-05 09:34:44.151,0.1437,0.1437,3.0,0.1434,14.0,119552.0,14338.0
2021-01-05 09:34:44.651,0.1437,0.1433,27.0,0.1432,34.0,119565.0,14357.0
2021-01-05 09:34:45.200,0.1438,0.1439,34.0,0.1438,14.0,119536.0,14393.0
2021-01-05 09:34:45.721,0.1435,0.1435,15.0,0.1434,23.0,119550.0,14411.0
2021-01-05 09:34:46.120,0.1436,0.1437,1.0,0.1436,9.0,119554.0,14433.0
2021-01-05 09:34:46.370,0.1437,0.1439,24.0,0.1435,22.0,119553.0,14436.0
2021-01-05 09:34:47.181,0.1435,0.1435,1.0,0.1434,10.0,119555.0,14461.0
2021-01-05 09:34:47.701,0.1438,0.1439,13.0,0.1438,20.0,119552.0,14476.0
2021-01-05 09:34:47.990,0.1439,0.1439,12.0,0.1438,20.0,119552.0,14477.0
2021-01-05 09:34:48.681,0.1438,0.1439,11.0,0.1438,16.0,119555.0,14482.0
2021-01-05 09:34:48.971,0.1439,0.1438,1.0,0.1436,23.0,119572.0,14510.0
2021-01-05 09:34:49.661,0.1435,0.1436,5.0,0.1435,8.0,119572.0,14545.0
2021-01-05 09:34:50.161,0.1434,0.1434,14.0,0.1432,3.0,119582.0,14556.0
2021-01-05 09:34:50.700,0.1429,0.1434,11.0,0.1429,29.0,119587.0,14591.0
2021-01-05 09:34:50.990,0.1435,0.1434,53.0,0.143,10.0,119625.0,14638.0
2021-01-05 09:34:51.521,0.1428,0.143,10.0,0.1427,18.0,119627.0,14680.0
2021-01-05 09:34:52.080,0.1432,0.1434,235.0,0.1432,5.0,119633.0,14696.0
2021-01-05 09:34:52.550,0.1432,0.1433,10.0,0.1427,28.0,119640.0,14721.0
2021-01-05 09:34:53.180,0.1432,0.1432,21.0,0.143,10.0,119646.0,14771.0
2021-01-05 09:34:53.651,0.1434,0.1434,362.0,0.1433,8.0,119623.0,14825.0
2021-01-05 09:34:54.170,0.1434,0.1434,169.0,0.1433,47.0,119522.0,15018.0
2021-01-05 09:34:54.331,0.144,0.144,8.0,0.1438,10.0,119382.0,15197.0
2021-01-05 09:34:55.071,0.1444,0.1447,15.0,0.1441,5.0,119392.0,15216.0
2021-01-05 09:34:55.520,0.1442,0.1448,1.0,0.1447,2.0,119392.0,15226.0
2021-01-05 09:34:56.051,0.1449,0.145,25.0,0.1448,13.0,119388.0,15236.0
2021-01-05 09:34:56.681,0.145,0.1454,1.0,0.1451,10.0,119380.0,15261.0
2021-01-05 09:34:57.051,0.145,0.1454,1.0,0.1452,10.0,119380.0,15261.0
2021-01-05 09:34:57.670,0.1452,0.1454,1.0,0.145,28.0,119375.0,15266.0
2021-01-05 09:34:58.131,0.145,0.1454,1.0,0.1451,25.0,119370.0,15272.0
2021-01-05 09:34:58.640,0.145,0.1452,9.0,0.145,8.0,119366.0,15278.0
2021-01-05 09:34:59.151,0.1454,0.1456,10.0,0.1454,10.0,119375.0,15288.0
2021-01-05 09:34:59.660,0.1454,0.1454,8.0,0.1451,15.0,119392.0,15306.0
2021-01-05 09:35:00.021,0.1456,0.1457,10.0,0.1451,3.0,119398.0,15315.0
2021-01-05 09:35:00.630,0.1452,0.1457,10.0,0.1456,6.0,119398.0,15330.0
2021-01-05 09:35:00.801,0.1456,0.1456,36.0,0.1454,10.0,119404.0,15336.0
2021-01-05 09:35:01.610,0.1451,0.1452,10.0,0.1451,2.0,119366.0,15375.0
2021-01-05 09:35:02.160,0.145,0.145,16.0,0.1448,23.0,119383.0,15401.0
2021-01-05 09:35:02.640,0.1447,0.1447,4.0,0.1446,10.0,119384.0,15435.0
2021-01-05 09:35:03.180,0.1443,0.1445,4.0,0.1443,9.0,119384.0,15446.0
2021-01-05 09:35:03.510,0.1443,0.1441,10.0,0.1438,13.0,119384.0,15457.0
2021-01-05 09:35:04.061,0.1443,0.1445,7.0,0.1444,10.0,119383.0,15493.0
2021-01-05 09:35:04.621,0.1441,0.1441,12.0,0.144,30.0,119369.0,15511.0
2021-01-05 09:35:05.180,0.1445,0.1446,27.0,0.1444,10.0,119366.0,15531.0
2021-01-05 09:35:05.671,0.1445,0.1446,15.0,0.1443,10.0,119366.0,15531.0
2021-01-05 09:35:06.180,0.1446,0.1448,31.0,0.1443,20.0,119373.0,15594.0
2021-01-05 09:35:06.421,0.1449,0.145,8.0,0.1449,10.0,119371.0,15600.0
2021-01-05 09:35:07.131,0.145,0.1454,47.0,0.145,2.0,119370.0,15608.0
2021-01-05 09:35:07.650,0.1453,0.1454,7.0,0.1453,10.0,119367.0,15611.0
2021-01-05 09:35:08.171,0.1457,0.1457,3.0,0.1454,11.0,119367.0,15635.0
2021-01-05 09:35:08.651,0.1458,0.1459,11.0,0.1457,2.0,119362.0,15641.0
2021-01-05 09:35:09.191,0.1464,0.1464,9.0,0.1462,10.0,119374.0,15653.0
2021-01-05 09:35:09.341,0.1462,0.1466,10.0,0.1462,5.0,119374.0,15663.0
2021-01-05 09:35:10.180,0.1462,0.1466,10.0,0.1462,53.0,119373.0,15664.0
2021-01-05 09:35:10.691,0.1462,0.1465,10.0,0.1462,80.0,119374.0,15669.0
2021-01-05 09:35:11.120,0.1465,0.1467,11.0,0.1464,1.0,119376.0,15674.0
2021-01-05 09:35:11.680,0.1467,0.1468,1.0,0.1467,5.0,119370.0,15689.0
2021-01-05 09:35:12.101,0.1467,0.1467,3.0,0.1466,10.0,119370.0,15692.0
2021-01-05 09:35:12.691,0.1466,0.1468,1.0,0.1466,3.0,119376.0,15709.0
2021-01-05 09:35:13.160,0.1464,0.1464,10.0,0.1462,25.0,119385.0,15740.0
2021-01-05 09:35:13.640,0.1457,0.1459,1.0,0.1455,15.0,119432.0,15839.0
2021-01-05 09:35:14.191,0.1451,0.1454,12.0,0.145,12.0,119458.0,15878.0
2021-01-05 09:35:14.691,0.1447,0.145,36.0,0.1446,20.0,119468.0,15920.0
2021-01-05 09:35:15.050,0.1446,0.1446,2.0,0.1443,17.0,119489.0,15951.0
2021-01-05 09:35:15.701,0.1449,0.1449,3.0,0.1446,19.0,119510.0,16001.0
2021-01-05 09:35:16.141,0.145,0.1453,7.0,0.145,9.0,119510.0,16038.0
2021-01-05 09:35:16.660,0.145,0.1452,13.0,0.1447,5.0,119511.0,16066.0
2021-01-05 09:35:17.171,0.1447,0.145,2.0,0.1446,15.0,119511.0,16079.0
2021-01-05 09:35:17.680,0.1446,0.1449,12.0,0.1446,8.0,119518.0,16097.0
2021-01-05 09:35:18.151,0.1446,0.1446,4.0,0.1444,20.0,119528.0,16115.0
2021-01-05 09:35:18.631,0.1443,0.1443,13.0,0.1441,15.0,119529.0,16132.0
2021-01-05 09:35:19.161,0.1441,0.144,5.0,0.1439,10.0,119537.0,16153.0
2021-01-05 09:35:19.641,0.1439,0.1439,14.0,0.1438,13.0,119555.0,16187.0
2021-01-05 09:35:20.120,0.144,0.144,12.0,0.1438,25.0,119562.0,16224.0
2021-01-05 09:35:20.631,0.1443,0.1443,9.0,0.1441,33.0,119561.0,16240.0
2021-01-05 09:35:21.161,0.1444,0.1446,13.0,0.1444,6.0,119529.0,16273.0
2021-01-05 09:35:21.480,0.1452,0.1452,13.0,0.1448,3.0,119532.0,16313.0
2021-01-05 09:35:21.991,0.1452,0.1454,10.0,0.1452,35.0,119532.0,16315.0
2021-01-05 09:35:22.581,0.1449,0.1457,1.0,0.1451,13.0,119450.0,16425.0
2021-01-05 09:35:23.130,0.1451,0.1451,9.0,0.1448,15.0,119359.0,16527.0
2021-01-05 09:35:23.680,0.1451,0.1454,10.0,0.1449,44.0,119352.0,16541.0
2021-01-05 09:35:24.110,0.145,0.145,5.0,0.1448,13.0,119377.0,16567.0
2021-01-05 09:35:24.671,0.1448,0.1452,14.0,0.1448,23.0,119369.0,16596.0
2021-01-05 09:35:24.811,0.1452,0.1453,10.0,0.1452,13.0,119368.0,16597.0
2021-01-05 09:35:25.620,0.1453,0.1456,21.0,0.1453,15.0,119360.0,16610.0
2021-01-05 09:35:26.160,0.1457,0.1457,10.0,0.1452,10.0,119354.0,16625.0
2021-01-05 09:35:26.651,0.1451,0.1458,24.0,0.1451,20.0,119346.0,16651.0
2021-01-05 09:35:27.101,0.1452,0.1457,10.0,0.1456,11.0,119345.0,16652.0
2021-01-05 09:35:27.641,0.1454,0.1454,9.0,0.1452,1.0,119357.0,16674.0
2021-01-05 09:35:27.941,0.1452,0.1454,10.0,0.1453,17.0,119357.0,16675.0
2021-01-05 09:35:28.300,0.1454,0.1453,17.0,0.145,21.0,119357.0,16681.0
2021-01-05 09:35:29.160,0.145,0.1452,15.0,0.145,1.0,119370.0,16714.0
2021-01-05 09:35:29.641,0.1452,0.1452,34.0,0.1448,1.0,119369.0,16715.0
2021-01-05 09:35:30.121,0.1452,0.1455,9.0,0.1454,1.0,119377.0,16750.0
2021-01-05 09:35:30.690,0.1453,0.1456,7.0,0.1452,10.0,119366.0,16763.0
2021-01-05 09:35:31.170,0.1453,0.1456,13.0,0.1455,10.0,119366.0,16763.0
2021-01-05 09:35:31.650,0.1456,0.1456,2.0,0.1453,4.0,119367.0,16794.0
2021-01-05 09:35:32.150,0.1453,0.1457,8.0,0.1453,9.0,119357.0,16811.0
2021-01-05 09:35:32.630,0.1456,0.1457,28.0,0.1456,1.0,119352.0,16821.0
2021-01-05 09:35:33.151,0.1457,0.1458,14.0,0.1457,4.0,119362.0,16852.0
2021-01-05 09:35:33.610,0.1459,0.146,4.0,0.1458,20.0,119353.0,16875.0
2021-01-05 09:35:34.180,0.146,0.1463,10.0,0.146,5.0,119343.0,16900.0
2021-01-05 09:35:34.611,0.1464,0.1464,13.0,0.1463,8.0,119348.0,16912.0
2021-01-05 09:35:35.050,0.1464,0.1465,10.0,0.1463,10.0,119345.0,16927.0
2021-01-05 09:35:35.590,0.1465,0.1466,19.0,0.1465,8.0,119339.0,16946.0
2021-01-05 09:35:36.101,0.1466,0.1468,11.0,0.1466,3.0,119320.0,16965.0
2021-01-05 09:35:36.581,0.1468,0.1469,15.0,0.1464,20.0,119314.0,16980.0
2021-01-05 09:35:37.171,0.1468,0.1468,10.0,0.1467,2.0,119314.0,16980.0
2021-01-05 09:35:37.640,0.1467,0.1468,10.0,0.1465,13.0,119314.0,16982.0
2021-01-05 09:35:38.190,0.1467,0.1468,23.0,0.1465,13.0,119314.0,16982.0
2021-01-05 09:35:38.651,0.1464,0.1466,10.0,0.1463,8.0,119337.0,17005.0
2021-01-05 09:35:39.140,0.1463,0.1463,18.0,0.1461,17.0,119338.0,17006.0
2021-01-05 09:35:39.690,0.146,0.1463,6.0,0.146,19.0,119354.0,17032.0
2021-01-05 09:35:40.191,0.146,0.1459,15.0,0.1458,11.0,119354.0,17032.0
2021-01-05 09:35:40.691,0.1458,0.1459,5.0,0.1458,4.0,119355.0,17043.0
2021-01-05 09:35:41.190,0.1459,0.146,11.0,0.1459,17.0,119357.0,17051.0
2021-01-05 09:35:41.680,0.1459,0.146,18.0,0.1459,5.0,119365.0,17063.0
2021-01-05 09:35:42.160,0.146,0.1462,10.0,0.146,24.0,119362.0,17068.0
2021-01-05 09:35:42.670,0.1465,0.1465,16.0,0.146,47.0,119368.0,17105.0
2021-01-05 09:35:43.190,0.1464,0.1468,8.0,0.1464,8.0,119368.0,17107.0
2021-01-05 09:35:43.590,0.1464,0.1463,10.0,0.1461,11.0,119369.0,17108.0
2021-01-05 09:35:44.101,0.1463,0.1466,3.0,0.1463,13.0,119369.0,17118.0
2021-01-05 09:35:44.681,0.1468,0.1469,5.0,0.1468,1.0,119364.0,17125.0
2021-01-05 09:35:45.071,0.1469,0.1472,11.0,0.1471,5.0,119359.0,17130.0
2021-01-05 09:35:45.440,0.1472,0.1474,3.0,0.1472,25.0,119359.0,17141.0
2021-01-05 09:35:46.141,0.1475,0.1477,11.0,0.1475,1.0,119355.0,17151.0
2021-01-05 09:35:46.170,0.1475,0.1477,1.0,0.1475,11.0,119355.0,17151.0
2021-01-05 09:35:47.101,0.1478,0.1478,24.0,0.1477,1.0,119350.0,17156.0
2021-01-05 09:35:47.591,0.1478,0.148,46.0,0.1477,16.0,119306.0,17200.0
2021-01-05 09:35:48.020,0.1479,0.148,43.0,0.1478,29.0,119302.0,17204.0
2021-01-05 09:35:48.650,0.1478,0.1479,10.0,0.1476,20.0,119264.0,17255.0
2021-01-05 09:35:49.001,0.1478,0.148,35.0,0.1477,2.0,119264.0,17255.0
2021-01-05 09:35:49.701,0.148,0.148,34.0,0.1478,3.0,119265.0,17258.0
2021-01-05 09:35:50.121,0.148,0.148,28.0,0.1478,13.0,119264.0,17264.0
2021-01-05 09:35:50.680,0.1478,0.148,28.0,0.1478,1.0,119264.0,17266.0
2021-01-05 09:35:51.030,0.1478,0.148,27.0,0.1478,1.0,119264.0,17268.0
2021-01-05 09:35:51.710,0.1476,0.1477,10.0,0.1475,8.0,119268.0,17279.0
2021-01-05 09:35:52.100,0.1475,0.1475,5.0,0.1473,17.0,119271.0,17282.0
2021-01-05 09:35:52.590,0.1474,0.1474,2.0,0.1472,37.0,119297.0,17322.0
2021-01-05 09:35:52.990,0.1477,0.1478,39.0,0.1473,10.0,119310.0,17339.0
2021-01-05 09:35:53.570,0.1473,0.1473,12.0,0.1471,38.0,119311.0,17350.0
2021-01-05 09:35:53.971,0.1471,0.1471,32.0,0.147,20.0,119375.0,17465.0
2021-01-05 09:35:54.640,0.147,0.147,52.0,0.1467,10.0,119395.0,17522.0
2021-01-05 09:35:55.141,0.1465,0.1465,9.0,0.1464,3.0,119391.0,17559.0
2021-01-05 09:35:55.581,0.1462,0.1464,8.0,0.1462,10.0,119404.0,17574.0
2021-01-05 09:35:56.121,0.146,0.1462,21.0,0.146,21.0,119409.0,17589.0
2021-01-05 09:35:56.690,0.1464,0.1464,10.0,0.1463,10.0,119420.0,17625.0
2021-01-05 09:35:56.901,0.1464,0.1467,2.0,0.1464,10.0,119447.0,17653.0
2021-01-05 09:35:57.681,0.1463,0.1467,2.0,0.1463,20.0,119443.0,17658.0
2021-01-05 09:35:58.150,0.147,0.147,12.0,0.1464,41.0,119445.0,17722.0
2021-01-05 09:35:58.701,0.1464,0.1469,20.0,0.1464,39.0,119445.0,17723.0
2021-01-05 09:35:58.970,0.1469,0.1471,35.0,0.147,3.0,119445.0,17743.0
2021-01-05 09:35:59.610,0.1472,0.1475,41.0,0.1473,16.0,119441.0,17778.0
2021-01-05 09:36:00.190,0.1476,0.1477,20.0,0.1476,13.0,119442.0,17827.0
2021-01-05 09:36:00.680,0.1479,0.1479,15.0,0.1478,11.0,119439.0,17865.0
2021-01-05 09:36:01.181,0.1477,0.1478,15.0,0.1477,4.0,119433.0,17892.0
2021-01-05 09:36:01.671,0.1477,0.1477,13.0,0.1475,7.0,119438.0,17905.0
2021-01-05 09:36:02.170,0.1475,0.1475,26.0,0.1473,6.0,119457.0,17939.0
2021-01-05 09:36:02.630,0.1472,0.1472,8.0,0.1471,5.0,119463.0,17962.0
2021-01-05 09:36:03.150,0.1469,0.1469,4.0,0.1465,10.0,119485.0,17984.0
2021-01-05 09:36:03.540,0.1469,0.1467,10.0,0.1463,18.0,119488.0,18006.0
2021-01-05 09:36:04.161,0.1464,0.1464,18.0,0.1463,34.0,119482.0,18027.0
2021-01-05 09:36:04.620,0.1465,0.1468,10.0,0.1465,11.0,119468.0,18053.0
2021-01-05 09:36:05.150,0.1472,0.1471,10.0,0.1469,11.0,119460.0,18087.0
2021-01-05 09:36:05.590,0.147,0.1472,1.0,0.1469,16.0,119460.0,18103.0
2021-01-05 09:36:06.180,0.147,0.1471,8.0,0.1469,23.0,119461.0,18116.0
2021-01-05 09:36:06.691,0.1469,0.1472,10.0,0.1467,32.0,119474.0,18147.0
2021-01-05 09:36:07.181,0.1467,0.1472,23.0,0.1467,27.0,119469.0,18152.0
2021-01-05 09:36:07.640,0.1467,0.1471,10.0,0.147,10.0,119468.0,18174.0
2021-01-05 09:36:07.951,0.147,0.147,10.0,0.1467,4.0,119468.0,18184.0
2021-01-05 09:36:08.591,0.147,0.147,13.0,0.1467,14.0,119468.0,18184.0
2021-01-05 09:36:09.161,0.147,0.1468,5.0,0.1466,24.0,119468.0,18184.0
2021-01-05 09:36:09.670,0.1465,0.1466,44.0,0.1465,38.0,119468.0,18195.0
2021-01-05 09:36:10.030,0.1464,0.1464,5.0,0.1463,1.0,119469.0,18214.0
2021-01-05 09:36:10.671,0.1464,0.1464,2.0,0.1462,1.0,119478.0,18225.0
2021-01-05 09:36:10.971,0.1465,0.1464,10.0,0.1462,1.0,119479.0,18226.0
2021-01-05 09:36:11.651,0.1464,0.1467,2.0,0.1464,20.0,119479.0,18235.0
2021-01-05 09:36:12.181,0.1467,0.1468,22.0,0.1466,30.0,119477.0,18237.0
2021-01-05 09:36:12.181,0.1467,0.1468,5.0,0.1466,30.0,119477.0,18237.0
2021-01-05 09:36:13.190,0.1467,0.1468,5.0,0.1466,30.0,119477.0,18237.0
2021-01-05 09:36:13.680,0.1464,0.1467,3.0,0.1464,30.0,119507.0,18278.0
2021-01-05 09:36:14.150,0.1467,0.1468,5.0,0.1467,4.0,119507.0,18284.0
2021-01-05 09:36:14.690,0.1468,0.1468,5.0,0.1467,10.0,119508.0,18287.0
2021-01-05 09:36:15.170,0.1464,0.1467,2.0,0.1464,12.0,119511.0,18316.0
2021-01-05 09:36:15.591,0.1467,0.1466,3.0,0.1464,12.0,119512.0,18317.0
2021-01-05 09:36:16.081,0.1466,0.1466,23.0,0.1464,7.0,119512.0,18323.0
2021-01-05 09:36:16.650,0.1466,0.1467,1.0,0.1466,1.0,119512.0,18328.0
2021-01-05 09:36:17.180,0.1464,0.1466,1.0,0.1464,2.0,119519.0,18335.0
2021-01-05 09:36:17.670,0.1464,0.1464,8.0,0.1463,10.0,119513.0,18359.0
2021-01-05 09:36:18.181,0.1463,0.1466,6.0,0.1463,9.0,119511.0,18396.0
2021-01-05 09:36:18.350,0.1462,0.1462,1.0,0.1461,7.0,119512.0,18398.0
2021-01-05 09:36:18.761,0.1463,0.1466,3.0,0.1464,1.0,119506.0,18405.0
2021-01-05 09:36:19.650,0.1466,0.1467,17.0,0.1466,6.0,119507.0,18409.0
2021-01-05 09:36:20.161,0.1464,0.1466,17.0,0.1462,14.0,119514.0,18416.0
2021-01-05 09:36:20.680,0.1465,0.1464,2.0,0.1462,1.0,119514.0,18417.0
2021-01-05 09:36:21.091,0.1462,0.1462,24.0,0.146,10.0,119516.0,18419.0
2021-01-05 09:36:21.621,0.1462,0.1462,5.0,0.146,10.0,119518.0,18424.0
2021-01-05 09:36:22.171,0.1462,0.1463,1.0,0.1462,4.0,119515.0,18434.0
2021-01-05 09:36:22.680,0.1463,0.1464,12.0,0.146,10.0,119516.0,18436.0
2021-01-05 09:36:23.151,0.146,0.1464,12.0,0.146,14.0,119511.0,18456.0
2021-01-05 09:36:23.681,0.146,0.146,15.0,0.1459,22.0,119480.0,18533.0
2021-01-05 09:36:24.150,0.1464,0.1468,3.0,0.1465,2.0,119455.0,18568.0
2021-01-05 09:36:24.651,0.1464,0.147,47.0,0.1466,10.0,119446.0,18588.0
2021-01-05 09:36:25.191,0.1466,0.147,30.0,0.1467,13.0,119448.0,18606.0
2021-01-05 09:36:25.471,0.1467,0.1468,20.0,0.1466,2.0,119451.0,18619.0
2021-01-05 09:36:26.171,0.147,0.1471,4.0,0.1466,23.0,119469.0,18687.0
2021-01-05 09:36:26.651,0.1471,0.1471,4.0,0.1469,10.0,119469.0,18697.0
2021-01-05 09:36:27.000,0.147,0.1473,13.0,0.1471,1.0,119420.0,18763.0
2021-01-05 09:36:27.690,0.1473,0.1473,8.0,0.1471,3.0,119392.0,18793.0
2021-01-05 09:36:28.040,0.1476,0.1478,40.0,0.1474,10.0,119370.0,18831.0
2021-01-05 09:36:28.601,0.148,0.148,21.0,0.1475,10.0,119324.0,18890.0
2021-01-05 09:36:29.100,0.1482,0.1483,7.0,0.1481,10.0,119325.0,18909.0
2021-01-05 09:36:29.651,0.1482,0.1485,13.0,0.1484,10.0,119325.0,18909.0
2021-01-05 09:36:30.120,0.1484,0.1485,20.0,0.1483,7.0,119324.0,18942.0
2021-01-05 09:36:30.651,0.1481,0.1482,10.0,0.148,25.0,119324.0,18956.0
2021-01-05 09:36:31.181,0.1484,0.1485,20.0,0.1484,8.0,119334.0,18978.0
2021-01-05 09:36:31.371,0.148,0.1484,8.0,0.1481,10.0,119332.0,18998.0
2021-01-05 09:36:32.130,0.148,0.1484,11.0,0.148,67.0,119332.0,18998.0
2021-01-05 09:36:32.660,0.148,0.1481,10.0,0.148,64.0,119332.0,18998.0
2021-01-05 09:36:33.171,0.1479,0.148,2.0,0.1478,22.0,119333.0,19042.0
2021-01-05 09:36:33.670,0.1483,0.1483,19.0,0.1478,15.0,119334.0,19056.0
2021-01-05 09:36:33.680,0.1483,0.1482,3.0,0.148,12.0,119334.0,19056.0
2021-01-05 09:36:34.270,0.1483,0.1483,10.0,0.148,10.0,119331.0,19064.0
2021-01-05 09:36:34.971,0.1483,0.1478,5.0,0.1476,29.0,119331.0,19064.0
2021-01-05 09:36:35.691,0.1478,0.1479,5.0,0.1478,2.0,119326.0,19069.0
2021-01-05 09:36:36.041,0.1485,0.1485,20.0,0.1481,44.0,119346.0,19114.0
2021-01-05 09:36:36.220,0.1485,0.1486,3.0,0.1485,30.0,119346.0,19114.0
2021-01-05 09:36:36.940,0.1485,0.1488,26.0,0.1485,12.0,119345.0,19119.0
2021-01-05 09:36:37.311,0.1485,0.1488,22.0,0.1486,6.0,119345.0,19119.0
2021-01-05 09:36:37.970,0.1485,0.1488,22.0,0.1486,13.0,119345.0,19119.0
2021-01-05 09:36:38.640,0.1486,0.1488,3.0,0.1485,11.0,119354.0,19160.0
2021-01-05 09:36:39.660,0.1485,0.149,13.0,0.1485,10.0,119400.0,19211.0
2021-01-05 09:36:39.770,0.1484,0.1484,10.0,0.1483,7.0,119390.0,19231.0
2021-01-05 09:36:40.671,0.1488,0.1488,8.0,0.1485,10.0,119380.0,19263.0
2021-01-05 09:36:41.201,0.1485,0.1485,5.0,0.1483,10.0,119381.0,19275.0
2021-01-05 09:36:41.641,0.1484,0.1484,19.0,0.148,34.0,119381.0,19286.0
2021-01-05 09:36:41.770,0.1483,0.1483,19.0,0.1481,10.0,119381.0,19287.0
2021-01-05 09:36:42.600,0.1483,0.1483,15.0,0.148,14.0,119381.0,19287.0
2021-01-05 09:36:43.111,0.1482,0.1483,5.0,0.1482,9.0,119381.0,19288.0
2021-01-05 09:36:43.700,0.1484,0.1485,1.0,0.1484,3.0,119381.0,19295.0
2021-01-05 09:36:44.200,0.1485,0.1486,1.0,0.1483,15.0,119381.0,19296.0
2021-01-05 09:36:44.680,0.1486,0.1487,13.0,0.1483,16.0,119380.0,19297.0
2021-01-05 09:36:44.740,0.1486,0.149,17.0,0.1487,13.0,119380.0,19297.0
2021-01-05 09:36:45.631,0.1486,0.1492,17.0,0.1488,23.0,119380.0,19297.0
2021-01-05 09:36:46.050,0.149,0.1492,7.0,0.149,28.0,119380.0,19299.0
2021-01-05 09:36:46.501,0.1492,0.1495,15.0,0.1492,30.0,119378.0,19301.0
2021-01-05 09:36:47.080,0.1492,0.1495,8.0,0.1493,13.0,119378.0,19311.0
2021-01-05 09:36:47.660,0.1493,0.1495,4.0,0.1493,37.0,119374.0,19316.0
2021-01-05 09:36:47.961,0.1495,0.1496,3.0,0.1495,4.0,119369.0,19321.0
2021-01-05 09:36:48.620,0.1496,0.1496,17.0,0.1495,3.0,119368.0,19328.0
2021-01-05 09:36:48.730,0.1496,0.1498,5.0,0.1495,50.0,119368.0,19340.0
2021-01-05 09:36:49.700,0.1495,0.1497,10.0,0.1494,27.0,119368.0,19356.0
2021-01-05 09:36:50.161,0.1496,0.1498,15.0,0.1494,16.0,119368.0,19357.0
2021-01-05 09:36:50.670,0.1499,0.15,12.0,0.1499,21.0,119383.0,19402.0
2021-01-05 09:36:51.171,0.1499,0.1499,58.0,0.1495,10.0,119455.0,19475.0
2021-01-05 09:36:51.671,0.1499,0.15,23.0,0.1499,33.0,119524.0,19546.0
2021-01-05 09:36:52.180,0.1499,0.15,16.0,0.1499,46.0,119561.0,19583.0
2021-01-05 09:36:52.501,0.15,0.1502,14.0,0.15,39.0,119558.0,19588.0
2021-01-05 09:36:53.191,0.1502,0.1502,4.0,0.1501,50.0,119568.0,19598.0
2021-01-05 09:36:53.671,0.1502,0.1503,3.0,0.1502,5.0,119581.0,19628.0
2021-01-05 09:36:54.120,0.1501,0.1502,44.0,0.1501,50.0,119678.0,19770.0
2021-01-05 09:36:54.631,0.1501,0.1501,58.0,0.1499,68.0,119819.0,19950.0
2021-01-05 09:36:55.141,0.15,0.15,10.0,0.1499,9.0,119880.0,20012.0
2021-01-05 09:36:55.651,0.1497,0.1497,10.0,0.1494,1.0,119893.0,20035.0
2021-01-05 09:36:56.141,0.1497,0.1497,17.0,0.1493,1.0,119906.0,20049.0
2021-01-05 09:36:56.691,0.1495,0.1498,7.0,0.1495,9.0,119911.0,20078.0
2021-01-05 09:36:57.081,0.1498,0.1499,34.0,0.1495,8.0,119919.0,20112.0
2021-01-05 09:36:57.601,0.1496,0.1497,10.0,0.1494,10.0,119914.0,20123.0
2021-01-05 09:36:58.080,0.1498,0.1498,9.0,0.1495,1.0,119914.0,20143.0
2021-01-05 09:36:58.500,0.1495,0.1493,10.0,0.1491,50.0,119915.0,20144.0
2021-01-05 09:36:59.081,0.1495,0.1498,10.0,0.1495,9.0,119914.0,20155.0
2021-01-05 09:36:59.690,0.1498,0.1499,1.0,0.1497,10.0,119904.0,20175.0
2021-01-05 09:36:59.741,0.1499,0.1502,7.0,0.1499,10.0,119903.0,20176.0
2021-01-05 09:37:00.591,0.1499,0.1502,7.0,0.1499,3.0,119893.0,20186.0
2021-01-05 09:37:01.061,0.1502,0.1502,1.0,0.1498,20.0,119892.0,20192.0
2021-01-05 09:37:01.570,0.15,0.15,1.0,0.1498,11.0,119894.0,20205.0
2021-01-05 09:37:02.191,0.1498,0.1498,13.0,0.1495,20.0,119909.0,20220.0
2021-01-05 09:37:02.610,0.1497,0.1497,18.0,0.1494,14.0,119911.0,20232.0
2021-01-05 09:37:03.130,0.1497,0.1498,11.0,0.1495,20.0,119916.0,20237.0
2021-01-05 09:37:03.611,0.1495,0.1495,1.0,0.1493,4.0,119896.0,20296.0
2021-01-05 09:37:04.200,0.1493,0.1492,10.0,0.1489,10.0,119912.0,20320.0
2021-01-05 09:37:04.681,0.1488,0.1491,11.0,0.1487,10.0,119907.0,20331.0
2021-01-05 09:37:04.971,0.1487,0.1487,1.0,0.1486,21.0,119907.0,20351.0
2021-01-05 09:37:05.660,0.1486,0.1486,2.0,0.1484,13.0,119908.0,20377.0
2021-01-05 09:37:06.131,0.1486,0.1486,16.0,0.1483,21.0,119909.0,20380.0
2021-01-05 09:37:06.671,0.1485,0.1485,1.0,0.1483,18.0,119910.0,20381.0
2021-01-05 09:37:07.180,0.1483,0.1486,14.0,0.1483,11.0,119912.0,20401.0
2021-01-05 09:37:07.610,0.1486,0.1486,50.0,0.1485,10.0,119913.0,20415.0
2021-01-05 09:37:08.190,0.1488,0.1488,2.0,0.1486,16.0,119905.0,20471.0
2021-01-05 09:37:08.630,0.1489,0.1493,18.0,0.1491,10.0,119905.0,20472.0
2021-01-05 09:37:09.170,0.1491,0.1495,8.0,0.149,13.0,119885.0,20509.0
2021-01-05 09:37:09.620,0.1495,0.1495,15.0,0.1494,10.0,119882.0,20512.0
2021-01-05 09:37:10.121,0.1489,0.149,10.0,0.1488,7.0,119885.0,20531.0
2021-01-05 09:37:10.590,0.1486,0.1486,9.0,0.1485,7.0,119886.0,20547.0
2021-01-05 09:37:11.080,0.1486,0.1485,7.0,0.1483,26.0,119886.0,20547.0
2021-01-05 09:37:11.610,0.1483,0.1483,1.0,0.1481,22.0,119887.0,20564.0
2021-01-05 09:37:12.100,0.1483,0.1483,10.0,0.1482,10.0,119887.0,20565.0
2021-01-05 09:37:12.490,0.1485,0.1485,20.0,0.1482,13.0,119886.0,20576.0
2021-01-05 09:37:13.181,0.1482,0.1482,7.0,0.1481,1.0,119886.0,20579.0
2021-01-05 09:37:13.681,0.1487,0.1488,18.0,0.1485,33.0,119847.0,20643.0
2021-01-05 09:37:13.971,0.1487,0.1488,11.0,0.1487,10.0,119847.0,20643.0
2021-01-05 09:37:14.651,0.1488,0.149,10.0,0.1488,13.0,119820.0,20671.0
2021-01-05 09:37:15.091,0.149,0.1492,1.0,0.1491,10.0,119813.0,20680.0
2021-01-05 09:37:15.671,0.1488,0.1492,21.0,0.1488,56.0,119813.0,20682.0
2021-01-05 09:37:16.171,0.1492,0.1492,8.0,0.149,2.0,119812.0,20695.0
2021-01-05 09:37:16.391,0.1486,0.1487,10.0,0.1486,14.0,119817.0,20722.0
2021-01-05 09:37:17.020,0.1486,0.1487,13.0,0.1486,14.0,119817.0,20722.0
2021-01-05 09:37:17.631,0.1486,0.1486,1.0,0.1485,21.0,119822.0,20733.0
2021-01-05 09:37:17.740,0.1486,0.1488,10.0,0.1485,21.0,119821.0,20734.0
2021-01-05 09:37:18.641,0.1486,0.1486,5.0,0.1485,34.0,119816.0,20739.0
2021-01-05 09:37:18.891,0.1488,0.1488,3.0,0.1486,12.0,119772.0,20783.0
2021-01-05 09:37:19.310,0.1486,0.1488,2.0,0.1486,9.0,119753.0,20805.0
2021-01-05 09:37:19.940,0.1487,0.1491,10.0,0.1487,2.0,119751.0,20808.0
2021-01-05 09:37:20.631,0.1486,0.1487,10.0,0.1486,42.0,119752.0,20811.0
2021-01-05 09:37:21.050,0.1487,0.1487,22.0,0.1485,1.0,119756.0,20838.0
2021-01-05 09:37:21.381,0.1482,0.1485,11.0,0.1482,32.0,119757.0,20841.0
2021-01-05 09:37:22.030,0.1482,0.1485,20.0,0.1482,4.0,119758.0,20842.0
2021-01-05 09:37:22.620,0.1481,0.1482,26.0,0.1481,8.0,119764.0,20849.0
2021-01-05 09:37:23.150,0.1481,0.1482,25.0,0.1481,7.0,119765.0,20851.0
2021-01-05 09:37:23.701,0.1481,0.1481,3.0,0.148,1.0,119776.0,20869.0
2021-01-05 09:37:23.951,0.1481,0.1485,20.0,0.1481,8.0,119773.0,20872.0
2021-01-05 09:37:24.631,0.148,0.1484,3.0,0.1482,1.0,119769.0,20877.0
2021-01-05 09:37:25.200,0.148,0.1484,5.0,0.1483,10.0,119769.0,20877.0
2021-01-05 09:37:25.670,0.1484,0.1485,10.0,0.1484,15.0,119769.0,20878.0
2021-01-05 09:37:26.120,0.1484,0.1485,10.0,0.1484,100.0,119769.0,20878.0
2021-01-05 09:37:26.650,0.1484,0.1485,30.0,0.1484,90.0,119779.0,20888.0
2021-01-05 09:37:27.130,0.1484,0.1486,44.0,0.1484,69.0,119769.0,20919.0
2021-01-05 09:37:27.301,0.1484,0.1486,34.0,0.1484,69.0,119769.0,20919.0
2021-01-05 09:37:27.951,0.1485,0.1486,37.0,0.1485,103.0,119810.0,20972.0
2021-01-05 09:37:28.560,0.1485,0.1486,40.0,0.1485,6.0,119919.0,21091.0
2021-01-05 09:37:28.980,0.1484,0.1485,45.0,0.1484,24.0,119931.0,21108.0
2021-01-05 09:37:29.691,0.1485,0.1485,44.0,0.1484,14.0,119930.0,21113.0
2021-01-05 09:37:29.810,0.1484,0.1482,10.0,0.1481,20.0,119920.0,21143.0
2021-01-05 09:37:30.590,0.1484,0.1485,35.0,0.1482,30.0,119900.0,21178.0
2021-01-05 09:37:30.650,0.1484,0.1484,1.0,0.1483,10.0,119900.0,21178.0
2021-01-05 09:37:31.691,0.1484,0.1484,3.0,0.1483,10.0,119900.0,21179.0
2021-01-05 09:37:32.141,0.1484,0.1485,26.0,0.1482,31.0,119890.0,21190.0
2021-01-05 09:37:32.571,0.1486,0.1486,13.0,0.1485,70.0,119864.0,21227.0
2021-01-05 09:37:32.780,0.1489,0.1493,2.0,0.1488,37.0,119845.0,21250.0
2021-01-05 09:37:33.531,0.1488,0.1492,10.0,0.1488,56.0,119842.0,21256.0
2021-01-05 09:37:34.200,0.1488,0.149,7.0,0.1488,8.0,119828.0,21274.0
2021-01-05 09:37:34.431,0.1488,0.149,7.0,0.1487,10.0,119828.0,21274.0
2021-01-05 09:37:35.170,0.1487,0.1488,10.0,0.1486,4.0,119828.0,21275.0
2021-01-05 09:37:35.641,0.1486,0.1487,10.0,0.1483,42.0,119828.0,21279.0
2021-01-05 09:37:35.710,0.1483,0.1487,3.0,0.1484,38.0,119824.0,21283.0
2021-01-05 09:37:36.390,0.1484,0.1484,2.0,0.1483,13.0,119820.0,21292.0
2021-01-05 09:37:37.170,0.1483,0.1483,11.0,0.1482,42.0,119824.0,21321.0
2021-01-05 09:37:37.681,0.1482,0.1482,44.0,0.1481,31.0,119829.0,21357.0
2021-01-05 09:37:38.121,0.1481,0.1481,26.0,0.1479,39.0,119853.0,21387.0
2021-01-05 09:37:38.651,0.1479,0.148,15.0,0.1478,13.0,119853.0,21396.0
2021-01-05 09:37:39.120,0.1478,0.1478,1.0,0.1476,1.0,119888.0,21436.0
2021-01-05 09:37:39.641,0.1478,0.1478,25.0,0.1475,10.0,119889.0,21438.0
2021-01-05 09:37:40.161,0.1478,0.1478,25.0,0.1475,10.0,119884.0,21448.0
2021-01-05 09:37:40.701,0.1474,0.1474,50.0,0.1473,14.0,119874.0,21458.0
2021-01-05 09:37:41.051,0.1474,0.1477,7.0,0.1474,7.0,119810.0,21528.0
2021-01-05 09:37:41.660,0.1474,0.1477,2.0,0.1473,30.0,119814.0,21537.0
2021-01-05 09:37:41.890,0.1473,0.1478,37.0,0.1473,10.0,119814.0,21541.0
2021-01-05 09:37:42.520,0.1473,0.1476,41.0,0.1473,10.0,119814.0,21544.0
2021-01-05 09:37:43.181,0.1473,0.1475,53.0,0.1472,2.0,119804.0,21572.0
2021-01-05 09:37:43.250,0.1472,0.1471,1.0,0.1468,45.0,119804.0,21573.0
2021-01-05 09:37:43.961,0.1472,0.1472,11.0,0.1468,10.0,119804.0,21573.0
2021-01-05 09:37:44.641,0.1468,0.147,4.0,0.1467,10.0,119804.0,21574.0
2021-01-05 09:37:45.171,0.1468,0.1468,18.0,0.1466,39.0,119802.0,21576.0
2021-01-05 09:37:45.650,0.1467,0.1468,20.0,0.1466,1.0,119779.0,21610.0
2021-01-05 09:37:46.161,0.1468,0.1468,19.0,0.1465,21.0,119779.0,21612.0
2021-01-05 09:37:46.520,0.1466,0.1469,40.0,0.1466,27.0,119746.0,21646.0
2021-01-05 09:37:46.950,0.1469,0.1471,11.0,0.1469,40.0,119723.0,21669.0
2021-01-05 09:37:47.661,0.1471,0.1472,1.0,0.1471,14.0,119723.0,21680.0
2021-01-05 09:37:47.951,0.1472,0.1473,11.0,0.1472,21.0,119723.0,21681.0
2021-01-05 09:37:48.691,0.1472,0.1473,10.0,0.1471,3.0,119712.0,21693.0
2021-01-05 09:37:48.871,0.1473,0.1475,56.0,0.147,3.0,119713.0,21709.0
2021-01-05 09:37:49.590,0.1472,0.1472,13.0,0.1469,16.0,119714.0,21710.0
2021-01-05 09:37:50.220,0.1472,0.1472,3.0,0.147,13.0,119712.0,21712.0
2021-01-05 09:37:50.650,0.1472,0.1474,10.0,0.1472,8.0,119712.0,21717.0
2021-01-05 09:37:51.161,0.1472,0.1476,43.0,0.147,10.0,119756.0,21791.0
2021-01-05 09:37:51.540,0.1476,0.1477,10.0,0.1474,10.0,119756.0,21794.0
2021-01-05 09:37:52.041,0.1477,0.1475,4.0,0.1474,10.0,119756.0,21795.0
2021-01-05 09:37:52.631,0.1477,0.1477,10.0,0.1471,10.0,119759.0,21821.0
2021-01-05 09:37:53.040,0.147,0.1474,4.0,0.1471,3.0,119723.0,21871.0
2021-01-05 09:37:53.620,0.1472,0.1477,10.0,0.1472,1.0,119710.0,21884.0
2021-01-05 09:37:54.160,0.1471,0.1473,2.0,0.147,14.0,119713.0,21890.0
2021-01-05 09:37:54.441,0.1473,0.1473,4.0,0.1469,11.0,119712.0,21898.0
2021-01-05 09:37:55.190,0.1473,0.1471,3.0,0.1469,14.0,119712.0,21898.0
2021-01-05 09:37:55.680,0.1471,0.1471,5.0,0.1469,1.0,119709.0,21901.0
2021-01-05 09:37:56.100,0.147,0.1473,20.0,0.1468,46.0,119706.0,21908.0
2021-01-05 09:37:56.611,0.1468,0.147,10.0,0.1467,14.0,119723.0,21960.0
2021-01-05 09:37:57.120,0.1466,0.1468,5.0,0.1466,15.0,119733.0,21975.0
2021-01-05 09:37:57.601,0.1465,0.1465,10.0,0.1462,13.0,119748.0,21991.0
2021-01-05 09:37:58.091,0.1462,0.1465,10.0,0.1462,3.0,119748.0,22013.0
2021-01-05 09:37:58.600,0.1465,0.1466,3.0,0.1465,2.0,119748.0,22019.0
2021-01-05 09:37:58.961,0.1466,0.1469,14.0,0.1466,9.0,119736.0,22046.0
2021-01-05 09:37:59.601,0.1466,0.147,6.0,0.1467,10.0,119736.0,22046.0
2021-01-05 09:37:59.831,0.147,0.1469,28.0,0.1467,3.0,119733.0,22062.0
2021-01-05 09:38:00.680,0.1465,0.1465,17.0,0.1464,27.0,119717.0,22122.0
2021-01-05 09:38:01.180,0.1465,0.1468,10.0,0.1465,2.0,119680.0,22161.0
2021-01-05 09:38:01.681,0.1466,0.1466,1.0,0.1464,7.0,119640.0,22216.0
2021-01-05 09:38:02.150,0.1464,0.1469,10.0,0.1464,9.0,119643.0,22300.0
2021-01-05 09:38:02.651,0.1462,0.1469,30.0,0.1463,10.0,119606.0,22340.0
2021-01-05 09:38:02.841,0.1465,0.1471,22.0,0.1465,23.0,119596.0,22382.0
2021-01-05 09:38:03.681,0.1464,0.147,10.0,0.1469,1.0,119565.0,22416.0
2021-01-05 09:38:03.981,0.1472,0.1473,29.0,0.1469,1.0,119569.0,22430.0
2021-01-05 09:38:04.680,0.1472,0.1473,55.0,0.1469,11.0,119569.0,22430.0
2021-01-05 09:38:05.181,0.1473,0.1473,24.0,0.1471,10.0,119569.0,22454.0
2021-01-05 09:38:05.621,0.1469,0.147,46.0,0.1468,30.0,119557.0,22469.0
2021-01-05 09:38:05.921,0.1473,0.1473,11.0,0.1467,26.0,119528.0,22568.0
2021-01-05 09:38:06.691,0.147,0.1476,54.0,0.147,1.0,119535.0,22626.0
2021-01-05 09:38:07.001,0.1471,0.1479,33.0,0.1473,10.0,119525.0,22696.0
2021-01-05 09:38:07.560,0.1474,0.148,1.0,0.1474,13.0,119468.0,22766.0
2021-01-05 09:38:08.011,0.1475,0.1479,10.0,0.1474,40.0,119468.0,22768.0
2021-01-05 09:38:08.610,0.1479,0.1479,10.0,0.1475,10.0,119468.0,22770.0
2021-01-05 09:38:09.160,0.1481,0.1482,16.0,0.1477,10.0,119475.0,22788.0
2021-01-05 09:38:09.590,0.1479,0.1486,34.0,0.1477,77.0,119486.0,22828.0
2021-01-05 09:38:10.180,0.1488,0.1487,23.0,0.1481,10.0,119506.0,22858.0
2021-01-05 09:38:10.670,0.1486,0.1486,8.0,0.1481,42.0,119508.0,22860.0
2021-01-05 09:38:11.141,0.1484,0.1484,9.0,0.1481,58.0,119509.0,22869.0
2021-01-05 09:38:11.701,0.1482,0.1482,5.0,0.1481,14.0,119514.0,22895.0
2021-01-05 09:38:12.191,0.1481,0.1481,18.0,0.1475,23.0,119544.0,22947.0
2021-01-05 09:38:12.531,0.1476,0.1481,10.0,0.1476,24.0,119543.0,22970.0
2021-01-05 09:38:13.110,0.1481,0.1481,4.0,0.1479,10.0,119505.0,23033.0
2021-01-05 09:38:13.371,0.1481,0.1485,24.0,0.1482,13.0,119501.0,23037.0
2021-01-05 09:38:14.101,0.1489,0.1489,10.0,0.1485,29.0,119524.0,23086.0
2021-01-05 09:38:14.650,0.1493,0.1493,7.0,0.1486,10.0,119584.0,23160.0
2021-01-05 09:38:14.691,0.1493,0.1494,30.0,0.1489,11.0,119584.0,23160.0
2021-01-05 09:38:15.730,0.1494,0.1494,10.0,0.1491,10.0,119584.0,23161.0
2021-01-05 09:38:16.151,0.1491,0.149,10.0,0.1489,89.0,119584.0,23171.0
2021-01-05 09:38:16.721,0.1497,0.1498,10.0,0.1497,20.0,119651.0,23269.0
2021-01-05 09:38:17.150,0.1492,0.1494,20.0,0.149,31.0,119643.0,23317.0
2021-01-05 09:38:17.630,0.1491,0.1494,10.0,0.149,21.0,119650.0,23327.0
2021-01-05 09:38:17.970,0.1491,0.1493,13.0,0.149,47.0,119650.0,23327.0
2021-01-05 09:38:18.600,0.1493,0.1493,9.0,0.149,110.0,119651.0,23331.0
2021-01-05 09:38:19.190,0.1493,0.1495,10.0,0.1493,6.0,119654.0,23340.0
2021-01-05 09:38:19.230,0.1493,0.1495,20.0,0.1491,10.0,119654.0,23340.0
2021-01-05 09:38:20.231,0.1495,0.1495,9.0,0.1494,10.0,119655.0,23341.0
2021-01-05 09:38:20.671,0.1495,0.1497,14.0,0.1495,15.0,119648.0,23349.0
2021-01-05 09:38:20.921,0.1498,0.1498,20.0,0.1495,19.0,119655.0,23373.0
2021-01-05 09:38:21.520,0.1498,0.1499,34.0,0.1497,14.0,119657.0,23380.0
2021-01-05 09:38:22.141,0.15,0.15,21.0,0.1498,62.0,119636.0,23431.0
2021-01-05 09:38:22.531,0.15,0.1501,1.0,0.15,15.0,119617.0,23452.0
2021-01-05 09:38:23.201,0.1502,0.1505,1.0,0.1502,34.0,119618.0,23455.0
2021-01-05 09:38:23.660,0.1502,0.1505,8.0,0.1502,28.0,119641.0,23484.0
2021-01-05 09:38:23.800,0.1505,0.1506,30.0,0.1505,3.0,119641.0,23492.0
2021-01-05 09:38:24.490,0.1507,0.1508,5.0,0.1505,21.0,119676.0,23550.0
2021-01-05 09:38:25.101,0.1505,0.1507,10.0,0.1505,2.0,119699.0,23585.0
2021-01-05 09:38:25.670,0.1508,0.1508,25.0,0.1505,12.0,119720.0,23612.0
2021-01-05 09:38:26.100,0.1508,0.1509,13.0,0.1506,10.0,119720.0,23612.0
2021-01-05 09:38:26.701,0.1505,0.1506,39.0,0.1505,35.0,119751.0,23655.0
2021-01-05 09:38:27.151,0.1505,0.1503,10.0,0.1501,21.0,119786.0,23690.0
2021-01-05 09:38:27.550,0.1501,0.1505,10.0,0.1501,10.0,119781.0,23695.0
2021-01-05 09:38:28.171,0.1506,0.1506,14.0,0.1505,43.0,119782.0,23712.0
2021-01-05 09:38:28.680,0.1506,0.1508,13.0,0.1506,24.0,119777.0,23726.0
2021-01-05 09:38:29.170,0.1508,0.1508,10.0,0.1506,11.0,119787.0,23775.0
2021-01-05 09:38:29.621,0.1508,0.1509,30.0,0.1506,8.0,119788.0,23776.0
2021-01-05 09:38:30.061,0.1507,0.151,30.0,0.1506,20.0,119776.0,23788.0
2021-01-05 09:38:30.290,0.1506,0.1508,10.0,0.1506,10.0,119777.0,23791.0
2021-01-05 09:38:31.181,0.1509,0.151,38.0,0.1509,10.0,119797.0,23811.0
2021-01-05 09:38:31.640,0.1506,0.151,31.0,0.1509,17.0,119797.0,23834.0
2021-01-05 09:38:32.030,0.151,0.1512,7.0,0.1509,70.0,119794.0,23839.0
2021-01-05 09:38:32.670,0.151,0.1513,38.0,0.1509,65.0,119794.0,23839.0
2021-01-05 09:38:33.191,0.1513,0.1515,3.0,0.1513,43.0,119794.0,23872.0
2021-01-05 09:38:33.700,0.1516,0.1518,8.0,0.1516,11.0,119791.0,23881.0
2021-01-05 09:38:34.001,0.1521,0.1523,10.0,0.1521,1.0,119799.0,23908.0
2021-01-05 09:38:34.641,0.1529,0.1526,10.0,0.1522,2.0,119800.0,23939.0
2021-01-05 09:38:35.200,0.1529,0.1529,8.0,0.1522,14.0,119838.0,23979.0
2021-01-05 09:38:35.621,0.1529,0.1529,23.0,0.1527,4.0,119853.0,23994.0
2021-01-05 09:38:36.061,0.1523,0.1527,10.0,0.1523,13.0,119858.0,23999.0
2021-01-05 09:38:36.691,0.1528,0.1529,10.0,0.1528,8.0,119865.0,24022.0
2021-01-05 09:38:37.131,0.1531,0.1531,48.0,0.1525,10.0,119876.0,24033.0
2021-01-05 09:38:37.580,0.1531,0.1531,11.0,0.153,5.0,119876.0,24037.0
2021-01-05 09:38:37.970,0.153,0.1529,10.0,0.1527,10.0,119867.0,24065.0
2021-01-05 09:38:38.601,0.1531,0.1533,13.0,0.153,2.0,119864.0,24087.0
2021-01-05 09:38:39.161,0.1533,0.1536,23.0,0.1531,10.0,119876.0,24100.0
2021-01-05 09:38:39.651,0.1536,0.1537,10.0,0.1536,1.0,119886.0,24110.0
2021-01-05 09:38:40.201,0.154,0.1545,13.0,0.1538,3.0,119894.0,24143.0
2021-01-05 09:38:40.591,0.154,0.1544,20.0,0.1541,10.0,119894.0,24143.0
2021-01-05 09:38:41.140,0.1541,0.1541,28.0,0.1539,45.0,119886.0,24155.0
2021-01-05 09:38:41.640,0.1541,0.1545,16.0,0.154,10.0,119887.0,24160.0
2021-01-05 09:38:42.170,0.154,0.1542,10.0,0.154,32.0,119907.0,24190.0
2021-01-05 09:38:42.700,0.1541,0.1544,10.0,0.1542,5.0,119913.0,24224.0
2021-01-05 09:38:43.150,0.1541,0.1543,3.0,0.1539,7.0,119917.0,24232.0
2021-01-05 09:38:43.461,0.1545,0.1544,13.0,0.1541,60.0,119928.0,24252.0
2021-01-05 09:38:44.200,0.1541,0.1541,42.0,0.154,10.0,119978.0,24312.0
2021-01-05 09:38:44.600,0.1537,0.1538,10.0,0.1537,5.0,119978.0,24334.0
2021-01-05 09:38:45.180,0.1539,0.1539,14.0,0.1538,3.0,119989.0,24356.0
2021-01-05 09:38:45.451,0.1538,0.1538,10.0,0.1533,15.0,119990.0,24380.0
2021-01-05 09:38:46.131,0.1537,0.1537,8.0,0.1535,8.0,119993.0,24391.0
2021-01-05 09:38:46.521,0.1537,0.1538,13.0,0.1537,1.0,119993.0,24391.0
2021-01-05 09:38:47.140,0.1537,0.1535,10.0,0.1533,5.0,119995.0,24404.0
2021-01-05 09:38:47.601,0.1535,0.1535,34.0,0.1532,1.0,120001.0,24410.0
2021-01-05 09:38:48.110,0.1529,0.153,10.0,0.1527,32.0,120010.0,24431.0
2021-01-05 09:38:48.531,0.1527,0.153,50.0,0.1526,12.0,120047.0,24478.0
2021-01-05 09:38:49.130,0.1526,0.1526,4.0,0.1524,10.0,120046.0,24501.0
2021-01-05 09:38:49.670,0.1524,0.1524,2.0,0.1521,28.0,120046.0,24511.0
2021-01-05 09:38:50.091,0.1525,0.1526,1.0,0.1524,9.0,120045.0,24521.0
2021-01-05 09:38:50.651,0.1526,0.1527,15.0,0.1524,7.0,120045.0,24522.0
2021-01-05 09:38:51.170,0.1528,0.1528,7.0,0.1527,45.0,120040.0,24547.0
2021-01-05 09:38:51.520,0.1532,0.1532,15.0,0.1531,10.0,120052.0,24562.0
2021-01-05 09:38:52.140,0.1534,0.1537,7.0,0.1533,12.0,120042.0,24591.0
2021-01-05 09:38:52.450,0.1537,0.1538,1.0,0.1536,20.0,120044.0,24593.0
2021-01-05 09:38:53.160,0.1538,0.154,15.0,0.1538,4.0,120044.0,24594.0
2021-01-05 09:38:53.620,0.1538,0.154,13.0,0.1539,10.0,120044.0,24600.0
2021-01-05 09:38:54.150,0.154,0.154,11.0,0.1538,2.0,120042.0,24602.0
2021-01-05 09:38:54.640,0.1539,0.154,11.0,0.1539,22.0,120041.0,24604.0
2021-01-05 09:38:55.001,0.1539,0.154,10.0,0.1539,23.0,120024.0,24624.0
2021-01-05 09:38:55.650,0.154,0.1542,2.0,0.1541,5.0,120014.0,24634.0
2021-01-05 09:38:55.981,0.1542,0.1543,5.0,0.1542,1.0,120014.0,24636.0
2021-01-05 09:38:56.661,0.1541,0.1544,1.0,0.1541,30.0,120008.0,24643.0
2021-01-05 09:38:57.181,0.154,0.1541,21.0,0.154,38.0,120001.0,24677.0
2021-01-05 09:38:57.491,0.1544,0.1544,10.0,0.1541,15.0,120028.0,24730.0
2021-01-05 09:38:58.161,0.1541,0.1541,4.0,0.1538,22.0,120074.0,24800.0
2021-01-05 09:38:58.670,0.1536,0.1537,10.0,0.1535,10.0,120083.0,24820.0
2021-01-05 09:38:59.060,0.1534,0.1535,22.0,0.153,15.0,120096.0,24845.0
2021-01-05 09:38:59.700,0.1533,0.1533,6.0,0.1529,11.0,120096.0,24853.0
2021-01-05 09:39:00.111,0.1533,0.1534,10.0,0.1533,4.0,120096.0,24859.0
2021-01-05 09:39:00.660,0.1535,0.1535,11.0,0.1533,38.0,120096.0,24871.0
2021-01-05 09:39:01.120,0.1536,0.1538,9.0,0.1536,10.0,120095.0,24894.0
2021-01-05 09:39:01.671,0.1538,0.154,25.0,0.1538,7.0,120093.0,24896.0
2021-01-05 09:39:01.990,0.1538,0.1537,10.0,0.1533,48.0,120093.0,24903.0
2021-01-05 09:39:02.660,0.1539,0.1539,9.0,0.1538,10.0,120090.0,24920.0
2021-01-05 09:39:02.910,0.1536,0.1538,26.0,0.1535,1.0,120090.0,24929.0
2021-01-05 09:39:03.671,0.1533,0.1537,1.0,0.1533,31.0,120080.0,24939.0
2021-01-05 09:39:04.161,0.1532,0.1535,10.0,0.1534,1.0,120060.0,24977.0
2021-01-05 09:39:04.610,0.1534,0.1533,4.0,0.1532,18.0,120058.0,24987.0
2021-01-05 09:39:05.110,0.1533,0.1533,1.0,0.1531,10.0,120035.0,25021.0
2021-01-05 09:39:05.701,0.1538,0.1538,55.0,0.1528,80.0,120039.0,25094.0
2021-01-05 09:39:06.191,0.1534,0.1536,10.0,0.1534,9.0,120038.0,25095.0
2021-01-05 09:39:06.320,0.1534,0.1537,10.0,0.1533,10.0,120061.0,25126.0
2021-01-05 09:39:06.650,0.1534,0.1533,1.0,0.1532,10.0,120061.0,25126.0
2021-01-05 09:39:07.680,0.1532,0.1537,33.0,0.1533,11.0,120059.0,25128.0
2021-01-05 09:39:07.930,0.1533,0.1535,10.0,0.1532,1.0,120048.0,25150.0
2021-01-05 09:39:08.650,0.1537,0.1536,10.0,0.1534,10.0,120059.0,25161.0
2021-01-05 09:39:09.161,0.1536,0.1538,70.0,0.1534,13.0,120058.0,25173.0
2021-01-05 09:39:09.601,0.1536,0.1538,25.0,0.1537,10.0,120058.0,25173.0
2021-01-05 09:39:10.101,0.1538,0.1539,35.0,0.1535,1.0,120033.0,25198.0
2021-01-05 09:39:10.660,0.154,0.154,15.0,0.1539,32.0,120022.0,25246.0
2021-01-05 09:39:11.201,0.1543,0.1543,6.0,0.1542,10.0,120011.0,25281.0
2021-01-05 09:39:11.660,0.1543,0.1545,2.0,0.1543,1.0,120006.0,25289.0
2021-01-05 09:39:12.150,0.154,0.1542,1.0,0.154,7.0,120004.0,25297.0
2021-01-05 09:39:12.661,0.1541,0.1545,12.0,0.154,17.0,119995.0,25309.0
2021-01-05 09:39:13.161,0.1545,0.1542,5.0,0.1541,13.0,119995.0,25311.0
2021-01-05 09:39:13.290,0.1541,0.1541,1.0,0.154,14.0,119995.0,25321.0
2021-01-05 09:39:14.160,0.1543,0.1543,1.0,0.1541,17.0,119994.0,25357.0
2021-01-05 09:39:14.650,0.1543,0.1546,10.0,0.1544,10.0,119993.0,25358.0
2021-01-05 09:39:14.971,0.1548,0.1549,17.0,0.1548,9.0,119989.0,25362.0
2021-01-05 09:39:15.641,0.1548,0.1549,20.0,0.1548,4.0,119990.0,25372.0
2021-01-05 09:39:16.121,0.1546,0.1546,1.0,0.1545,10.0,119993.0,25378.0
2021-01-05 09:39:16.600,0.1546,0.1546,1.0,0.1545,20.0,119992.0,25381.0
2021-01-05 09:39:17.151,0.1546,0.1548,3.0,0.1546,10.0,119992.0,25382.0
2021-01-05 09:39:17.641,0.1546,0.1545,10.0,0.1544,12.0,119992.0,25392.0
2021-01-05 09:39:18.221,0.1541,0.1543,10.0,0.1541,10.0,119989.0,25412.0
2021-01-05 09:39:18.671,0.1541,0.1543,10.0,0.1541,8.0,119989.0,25414.0
2021-01-05 09:39:18.920,0.154,0.1541,3.0,0.154,4.0,119979.0,25424.0
2021-01-05 09:39:19.710,0.1543,0.1544,1.0,0.1542,10.0,119979.0,25437.0
2021-01-05 09:39:20.180,0.1545,0.1546,1.0,0.1545,5.0,119969.0,25448.0
2021-01-05 09:39:20.620,0.1548,0.1549,8.0,0.1548,9.0,119967.0,25450.0
2021-01-05 09:39:21.231,0.1549,0.1549,13.0,0.1546,2.0,119962.0,25455.0
2021-01-05 09:39:21.671,0.1547,0.1549,3.0,0.1547,26.0,119963.0,25456.0
2021-01-05 09:39:22.140,0.1547,0.155,15.0,0.1547,29.0,119955.0,25464.0
2021-01-05 09:39:22.591,0.1549,0.1554,20.0,0.1549,12.0,119951.0,25470.0
2021-01-05 09:39:23.051,0.1549,0.155,20.0,0.1549,15.0,119953.0,25499.0
2021-01-05 09:39:23.700,0.1546,0.1549,25.0,0.1546,18.0,119953.0,25563.0
2021-01-05 09:39:23.940,0.1549,0.1549,11.0,0.1547,30.0,119954.0,25564.0
2021-01-05 09:39:24.670,0.1547,0.1549,6.0,0.1547,29.0,119956.0,25571.0
2021-01-05 09:39:25.210,0.1549,0.1549,2.0,0.1548,60.0,119956.0,25575.0
2021-01-05 09:39:25.690,0.1549,0.1553,11.0,0.155,10.0,119956.0,25577.0
2021-01-05 09:39:25.990,0.155,0.1554,14.0,0.155,7.0,119961.0,25590.0
2021-01-05 09:39:26.641,0.1549,0.1554,14.0,0.155,10.0,119959.0,25600.0
2021-01-05 09:39:26.681,0.1549,0.1553,24.0,0.155,3.0,119959.0,25600.0
2021-01-05 09:39:27.711,0.155,0.155,10.0,0.1549,10.0,119962.0,25603.0
2021-01-05 09:39:27.890,0.155,0.155,9.0,0.1549,15.0,119962.0,25609.0
2021-01-05 09:39:28.520,0.1549,0.155,9.0,0.1549,11.0,119962.0,25614.0
2021-01-05 09:39:29.231,0.1553,0.1554,4.0,0.1553,3.0,119953.0,25624.0
2021-01-05 09:39:29.721,0.155,0.1551,10.0,0.155,1.0,119959.0,25681.0
2021-01-05 09:39:29.970,0.1548,0.1547,1.0,0.1546,4.0,120000.0,25722.0
2021-01-05 09:39:30.501,0.1548,0.1549,15.0,0.1548,10.0,120004.0,25737.0
2021-01-05 09:39:30.821,0.1547,0.1547,1.0,0.1543,5.0,120031.0,25783.0
2021-01-05 09:39:31.321,0.1543,0.1545,10.0,0.1544,3.0,120034.0,25786.0
2021-01-05 09:39:32.141,0.1545,0.1548,26.0,0.1547,10.0,120035.0,25792.0
2021-01-05 09:39:32.671,0.1547,0.1547,1.0,0.1546,10.0,120046.0,25803.0
2021-01-05 09:39:33.180,0.1548,0.1548,11.0,0.1546,10.0,120051.0,25808.0
2021-01-05 09:39:33.530,0.1548,0.1548,11.0,0.1547,1.0,120051.0,25808.0
2021-01-05 09:39:34.210,0.1548,0.1548,6.0,0.1547,1.0,120056.0,25813.0
2021-01-05 09:39:34.681,0.1547,0.1548,26.0,0.1544,13.0,120057.0,25814.0
2021-01-05 09:39:34.990,0.1547,0.1547,11.0,0.1543,27.0,120057.0,25814.0
2021-01-05 09:39:35.701,0.1548,0.1548,33.0,0.1543,2.0,120049.0,25844.0
2021-01-05 09:39:36.231,0.1545,0.1548,10.0,0.1545,8.0,120049.0,25846.0
2021-01-05 09:39:36.660,0.1545,0.1547,10.0,0.1546,10.0,120049.0,25846.0
2021-01-05 09:39:37.071,0.1545,0.1546,10.0,0.1544,3.0,120049.0,25846.0
2021-01-05 09:39:37.561,0.1546,0.1546,9.0,0.1543,2.0,120050.0,25850.0
2021-01-05 09:39:38.221,0.1546,0.1546,9.0,0.1543,2.0,120050.0,25850.0
2021-01-05 09:39:38.650,0.1543,0.1544,1.0,0.1542,20.0,120052.0,25852.0
2021-01-05 09:39:39.201,0.1546,0.1548,10.0,0.1547,5.0,120051.0,25862.0
2021-01-05 09:39:39.710,0.1545,0.1547,6.0,0.1546,10.0,120051.0,25876.0
2021-01-05 09:39:40.110,0.1546,0.1547,6.0,0.1546,17.0,120050.0,25878.0
2021-01-05 09:39:40.721,0.1546,0.1546,18.0,0.1545,10.0,120058.0,25905.0
2021-01-05 09:39:41.220,0.1544,0.1544,10.0,0.1543,2.0,120062.0,25929.0
2021-01-05 09:39:41.750,0.1548,0.1548,12.0,0.1547,10.0,120088.0,25978.0
2021-01-05 09:39:42.210,0.1542,0.1544,10.0,0.1542,28.0,120088.0,26003.0
2021-01-05 09:39:42.640,0.1546,0.1544,10.0,0.1542,3.0,120118.0,26038.0
2021-01-05 09:39:43.011,0.1542,0.1542,20.0,0.154,7.0,120121.0,26041.0
2021-01-05 09:39:43.550,0.1543,0.1541,2.0,0.1538,19.0,120151.0,26075.0
2021-01-05 09:39:44.231,0.154,0.1542,7.0,0.1538,23.0,120157.0,26094.0
2021-01-05 09:39:44.661,0.154,0.154,2.0,0.1539,14.0,120157.0,26094.0
2021-01-05 09:39:44.930,0.1545,0.1545,10.0,0.1542,9.0,120157.0,26098.0
2021-01-05 09:39:45.700,0.1546,0.1547,11.0,0.1545,10.0,120157.0,26118.0
2021-01-05 09:39:46.040,0.1548,0.155,13.0,0.1547,6.0,120152.0,26134.0
2021-01-05 09:39:46.630,0.1551,0.1553,3.0,0.1551,10.0,120149.0,26152.0
2021-01-05 09:39:47.250,0.1551,0.1554,676.0,0.1551,5.0,120147.0,26156.0
2021-01-05 09:39:47.710,0.1552,0.1552,8.0,0.1551,12.0,120147.0,26158.0
2021-01-05 09:39:48.140,0.155,0.1553,10.0,0.1548,31.0,120147.0,26168.0
2021-01-05 09:39:48.720,0.155,0.1554,686.0,0.1553,1.0,120147.0,26168.0
2021-01-05 09:39:49.241,0.155,0.1554,679.0,0.1553,10.0,120147.0,26168.0
2021-01-05 09:39:49.510,0.1554,0.1554,664.0,0.1553,10.0,120136.0,26183.0
2021-01-05 09:39:50.121,0.1554,0.1554,546.0,0.1551,34.0,120018.0,26301.0
2021-01-05 09:39:50.701,0.1554,0.1554,343.0,0.1553,132.0,119819.0,26501.0
2021-01-05 09:39:51.200,0.1567,0.1561,10.0,0.1556,10.0,119571.0,26909.0
2021-01-05 09:39:51.730,0.1559,0.1568,1.0,0.1559,5.0,119559.0,26931.0
2021-01-05 09:39:52.180,0.1567,0.156,10.0,0.1559,39.0,119565.0,26970.0
2021-01-05 09:39:52.591,0.1559,0.1559,92.0,0.1555,10.0,119566.0,27034.0
2021-01-05 09:39:53.141,0.1554,0.1554,6.0,0.1553,144.0,119570.0,27048.0
2021-01-05 09:39:53.630,0.1552,0.1549,10.0,0.1548,15.0,119688.0,27208.0
2021-01-05 09:39:54.091,0.1553,0.1553,3.0,0.1551,10.0,119686.0,27238.0
2021-01-05 09:39:54.691,0.1556,0.1556,13.0,0.1553,3.0,119682.0,27270.0
2021-01-05 09:39:55.181,0.156,0.1558,13.0,0.1557,10.0,119682.0,27304.0
2021-01-05 09:39:55.640,0.1558,0.1558,5.0,0.1554,9.0,119663.0,27377.0
2021-01-05 09:39:56.120,0.1561,0.1567,34.0,0.1561,7.0,119666.0,27396.0
2021-01-05 09:39:56.691,0.1561,0.1559,10.0,0.1558,1.0,119681.0,27431.0
2021-01-05 09:39:57.181,0.156,0.156,3.0,0.1557,13.0,119677.0,27438.0
2021-01-05 09:39:57.551,0.1556,0.1556,3.0,0.1555,13.0,119678.0,27442.0
2021-01-05 09:39:58.170,0.1555,0.1555,45.0,0.1552,15.0,119701.0,27478.0
2021-01-05 09:39:58.600,0.1552,0.1552,18.0,0.1549,30.0,119702.0,27494.0
2021-01-05 09:39:59.050,0.1552,0.1554,10.0,0.1552,10.0,119702.0,27494.0
2021-01-05 09:39:59.670,0.1552,0.1552,4.0,0.155,11.0,119703.0,27507.0
2021-01-05 09:39:59.991,0.1552,0.1554,33.0,0.1552,10.0,119704.0,27509.0
2021-01-05 09:40:00.610,0.1554,0.1552,10.0,0.155,20.0,119699.0,27521.0
2021-01-05 09:40:01.201,0.155,0.155,16.0,0.1549,26.0,119690.0,27557.0
2021-01-05 09:40:01.361,0.1549,0.1549,1.0,0.1547,11.0,119695.0,27590.0
2021-01-05 09:40:02.141,0.1546,0.1547,18.0,0.1546,27.0,119696.0,27619.0
2021-01-05 09:40:02.671,0.1546,0.1546,36.0,0.1541,13.0,119696.0,27649.0
2021-01-05 09:40:03.171,0.1546,0.1546,6.0,0.1543,10.0,119721.0,27716.0
2021-01-05 09:40:03.691,0.1545,0.1546,15.0,0.1545,8.0,119722.0,27723.0
2021-01-05 09:40:04.150,0.1545,0.1549,4.0,0.1545,9.0,119722.0,27754.0
2021-01-05 09:40:04.700,0.1543,0.1545,9.0,0.1543,5.0,119738.0,27839.0
2021-01-05 09:40:05.170,0.1543,0.1543,1.0,0.1542,25.0,119738.0,27846.0
2021-01-05 09:40:05.701,0.1543,0.1545,12.0,0.1543,22.0,119737.0,27868.0
2021-01-05 09:40:06.200,0.1545,0.1545,4.0,0.1542,10.0,119737.0,27882.0
2021-01-05 09:40:06.600,0.1542,0.1545,4.0,0.1541,10.0,119737.0,27883.0
2021-01-05 09:40:07.191,0.1542,0.1545,4.0,0.1543,5.0,119737.0,27893.0
2021-01-05 09:40:07.700,0.1543,0.1542,1.0,0.1541,10.0,119742.0,27898.0
2021-01-05 09:40:08.110,0.1541,0.1542,18.0,0.154,1.0,119742.0,27908.0
2021-01-05 09:40:08.690,0.154,0.154,5.0,0.1538,1.0,119760.0,27927.0
2021-01-05 09:40:09.170,0.1536,0.1538,1.0,0.1536,3.0,119766.0,27934.0
2021-01-05 09:40:09.441,0.1536,0.1537,10.0,0.1535,2.0,119769.0,27937.0
2021-01-05 09:40:10.131,0.1537,0.1538,5.0,0.1536,25.0,119770.0,27977.0
2021-01-05 09:40:10.670,0.1539,0.1539,3.0,0.1536,10.0,119756.0,27997.0
2021-01-05 09:40:11.120,0.1539,0.1539,2.0,0.1535,53.0,119753.0,28001.0
2021-01-05 09:40:11.610,0.1539,0.1539,10.0,0.1535,24.0,119753.0,28001.0
2021-01-05 09:40:12.190,0.1539,0.1539,25.0,0.1535,31.0,119753.0,28001.0
2021-01-05 09:40:12.661,0.1531,0.1534,1.0,0.1531,6.0,119756.0,28012.0
2021-01-05 09:40:13.131,0.1534,0.1535,48.0,0.1531,10.0,119758.0,28015.0
2021-01-05 09:40:13.400,0.153,0.153,5.0,0.1529,20.0,119759.0,28026.0
2021-01-05 09:40:14.150,0.153,0.1531,7.0,0.1528,50.0,119759.0,28036.0
2021-01-05 09:40:14.701,0.1528,0.153,10.0,0.1528,39.0,119762.0,28047.0
2021-01-05 09:40:15.120,0.1528,0.153,11.0,0.1528,16.0,119768.0,28070.0
2021-01-05 09:40:15.690,0.153,0.1531,39.0,0.153,43.0,119768.0,28084.0
2021-01-05 09:40:16.011,0.153,0.1531,39.0,0.153,35.0,119768.0,28092.0
2021-01-05 09:40:16.520,0.153,0.1531,1.0,0.153,34.0,119769.0,28095.0
2021-01-05 09:40:17.191,0.153,0.1531,4.0,0.153,34.0,119769.0,28095.0
2021-01-05 09:40:17.621,0.153,0.1531,3.0,0.1528,14.0,119769.0,28131.0
2021-01-05 09:40:17.850,0.1531,0.153,1.0,0.1529,10.0,119766.0,28138.0
2021-01-05 09:40:18.570,0.1528,0.1528,26.0,0.1526,23.0,119754.0,28165.0
2021-01-05 09:40:19.190,0.1528,0.1528,12.0,0.1526,10.0,119724.0,28199.0
2021-01-05 09:40:19.711,0.1529,0.1533,21.0,0.153,10.0,119663.0,28260.0
2021-01-05 09:40:20.191,0.154,0.1538,15.0,0.1535,20.0,119705.0,28442.0
2021-01-05 09:40:20.631,0.1535,0.1541,20.0,0.1536,25.0,119684.0,28472.0
2021-01-05 09:40:21.200,0.1537,0.154,6.0,0.1537,30.0,119638.0,28548.0
2021-01-05 09:40:21.690,0.154,0.1541,10.0,0.1538,17.0,119648.0,28569.0
2021-01-05 09:40:22.210,0.154,0.154,5.0,0.1539,15.0,119658.0,28596.0
2021-01-05 09:40:22.500,0.154,0.1543,25.0,0.154,3.0,119658.0,28601.0
2021-01-05 09:40:23.000,0.1543,0.1543,13.0,0.1541,30.0,119658.0,28603.0
2021-01-05 09:40:23.701,0.1542,0.1543,13.0,0.1542,10.0,119658.0,28608.0
2021-01-05 09:40:23.880,0.1543,0.1544,10.0,0.1543,2.0,119654.0,28622.0
2021-01-05 09:40:24.531,0.1542,0.1545,40.0,0.1544,1.0,119661.0,28632.0
2021-01-05 09:40:24.760,0.1541,0.1544,29.0,0.154,43.0,119663.0,28643.0
2021-01-05 09:40:25.551,0.1544,0.1544,11.0,0.1541,15.0,119663.0,28646.0
2021-01-05 09:40:25.941,0.1541,0.1543,7.0,0.154,33.0,119653.0,28660.0
2021-01-05 09:40:26.621,0.1544,0.1544,13.0,0.1542,1.0,119651.0,28681.0
2021-01-05 09:40:27.090,0.1545,0.1546,10.0,0.1545,5.0,119647.0,28690.0
2021-01-05 09:40:27.620,0.1546,0.1547,1.0,0.1546,14.0,119643.0,28704.0
2021-01-05 09:40:28.110,0.1546,0.1545,9.0,0.1543,31.0,119611.0,28739.0
2021-01-05 09:40:28.611,0.1546,0.1545,4.0,0.1543,31.0,119611.0,28739.0
2021-01-05 09:40:29.170,0.1546,0.1545,18.0,0.1544,5.0,119611.0,28739.0
2021-01-05 09:40:30.150,0.1544,0.1545,51.0,0.1544,5.0,119605.0,28745.0
2021-01-05 09:40:30.680,0.1547,0.1547,6.0,0.1543,26.0,119658.0,28809.0
2021-01-05 09:40:31.101,0.1547,0.1547,10.0,0.1545,4.0,119658.0,28809.0
2021-01-05 09:40:31.631,0.1547,0.1547,18.0,0.1543,26.0,119658.0,28809.0
2021-01-05 09:40:31.991,0.1545,0.1545,2.0,0.1543,6.0,119670.0,28821.0
2021-01-05 09:40:32.611,0.1543,0.1543,72.0,0.1542,33.0,119670.0,28828.0
2021-01-05 09:40:33.161,0.1541,0.1541,8.0,0.154,10.0,119682.0,28861.0
2021-01-05 09:40:33.381,0.1541,0.1539,10.0,0.1538,3.0,119697.0,28876.0
2021-01-05 09:40:34.171,0.1538,0.1537,7.0,0.1535,7.0,119700.0,28879.0
2021-01-05 09:40:34.601,0.1541,0.1539,10.0,0.1535,15.0,119687.0,28911.0
2021-01-05 09:40:35.201,0.1539,0.1542,10.0,0.1538,10.0,119687.0,28916.0
2021-01-05 09:40:35.650,0.1539,0.1539,6.0,0.1538,10.0,119687.0,28924.0
2021-01-05 09:40:36.040,0.1542,0.1543,10.0,0.1541,1.0,119687.0,28944.0
2021-01-05 09:40:36.601,0.1544,0.1543,10.0,0.1539,2.0,119687.0,28950.0
2021-01-05 09:40:37.091,0.1538,0.1543,40.0,0.1539,5.0,119687.0,28960.0
2021-01-05 09:40:37.420,0.1538,0.1543,30.0,0.1541,10.0,119687.0,28960.0
2021-01-05 09:40:38.090,0.1539,0.1542,3.0,0.1539,16.0,119687.0,28995.0
2021-01-05 09:40:38.651,0.1539,0.1541,25.0,0.1539,6.0,119687.0,28995.0
2021-01-05 09:40:39.041,0.1539,0.1539,2.0,0.1538,17.0,119687.0,29005.0
2021-01-05 09:40:39.041,0.1539,0.1541,30.0,0.1538,10.0,119687.0,29005.0
2021-01-05 09:40:39.940,0.1538,0.1538,17.0,0.1537,14.0,119687.0,29015.0
2021-01-05 09:40:40.151,0.1538,0.1538,18.0,0.1535,105.0,119687.0,29015.0
2021-01-05 09:40:41.131,0.1538,0.1537,25.0,0.1535,105.0,119687.0,29015.0
2021-01-05 09:40:41.621,0.1536,0.1536,14.0,0.1535,72.0,119716.0,29068.0
2021-01-05 09:40:42.161,0.154,0.154,34.0,0.1537,10.0,119739.0,29123.0
2021-01-05 09:40:42.510,0.1538,0.1538,8.0,0.1536,3.0,119741.0,29125.0
2021-01-05 09:40:42.601,0.1538,0.1538,8.0,0.1536,3.0,119741.0,29125.0
2021-01-05 09:40:43.500,0.1538,0.1537,2.0,0.1536,3.0,119741.0,29125.0
2021-01-05 09:40:44.161,0.1538,0.1539,10.0,0.1536,2.0,119741.0,29135.0
2021-01-05 09:40:44.610,0.1539,0.1539,10.0,0.1536,2.0,119743.0,29137.0
2021-01-05 09:40:45.131,0.1539,0.1539,20.0,0.1535,82.0,119743.0,29137.0
2021-01-05 09:40:45.621,0.1539,0.1539,20.0,0.1535,82.0,119743.0,29137.0
2021-01-05 09:40:46.161,0.1539,0.1539,12.0,0.1535,82.0,119751.0,29145.0
2021-01-05 09:40:46.581,0.1539,0.1539,1.0,0.1536,2.0,119751.0,29156.0
2021-01-05 09:40:47.131,0.1536,0.1536,3.0,0.1535,82.0,119747.0,29165.0
2021-01-05 09:40:47.601,0.1539,0.1537,11.0,0.1535,72.0,119778.0,29201.0
2021-01-05 09:40:48.160,0.1539,0.1537,18.0,0.1535,72.0,119778.0,29201.0
2021-01-05 09:40:48.600,0.1535,0.1536,15.0,0.1533,4.0,119820.0,29273.0
2021-01-05 09:40:49.050,0.1536,0.1539,17.0,0.1536,4.0,119817.0,29294.0
2021-01-05 09:40:49.620,0.1536,0.1539,29.0,0.1538,30.0,119817.0,29294.0
2021-01-05 09:40:49.960,0.1535,0.1538,23.0,0.1534,20.0,119814.0,29329.0
2021-01-05 09:40:50.650,0.1536,0.1536,8.0,0.1534,10.0,119812.0,29331.0
2021-01-05 09:40:51.021,0.1538,0.1535,1.0,0.1534,10.0,119827.0,29354.0
2021-01-05 09:40:51.601,0.1535,0.1537,10.0,0.1533,11.0,119826.0,29355.0
2021-01-05 09:40:52.081,0.1535,0.1537,23.0,0.1535,2.0,119826.0,29355.0
2021-01-05 09:40:52.650,0.1537,0.1537,9.0,0.1535,2.0,119830.0,29359.0
2021-01-05 09:40:52.971,0.1535,0.1537,9.0,0.1535,1.0,119830.0,29360.0
2021-01-05 09:40:53.611,0.1535,0.1535,10.0,0.1534,1.0,119831.0,29361.0
2021-01-05 09:40:54.141,0.1536,0.1537,3.0,0.1536,1.0,119830.0,29376.0
2021-01-05 09:40:54.521,0.1538,0.1535,10.0,0.153,60.0,119806.0,29427.0
2021-01-05 09:40:55.111,0.1536,0.1539,65.0,0.1536,2.0,119806.0,29448.0
2021-01-05 09:40:55.240,0.1536,0.1539,50.0,0.1536,2.0,119806.0,29448.0
2021-01-05 09:40:56.021,0.1534,0.1537,10.0,0.1535,15.0,119809.0,29468.0
2021-01-05 09:40:56.600,0.1539,0.1541,33.0,0.1538,10.0,119804.0,29483.0
2021-01-05 09:40:57.180,0.1539,0.1541,23.0,0.1538,20.0,119804.0,29483.0
2021-01-05 09:40:57.460,0.1537,0.1538,9.0,0.1537,2.0,119803.0,29494.0
2021-01-05 09:40:58.110,0.1537,0.1536,5.0,0.1535,10.0,119803.0,29496.0
2021-01-05 09:40:58.200,0.1537,0.1535,1.0,0.1534,20.0,119803.0,29496.0
2021-01-05 09:40:58.980,0.1537,0.1537,18.0,0.1536,16.0,119809.0,29515.0
2021-01-05 09:40:59.650,0.1536,0.1535,1.0,0.1533,10.0,119815.0,29531.0
