,last,ask1,asize1,bid1,bsize1,oi,volume
2021-01-05 09:25:00.080,,0.4398,1.0,0.4277,1.0,35212.0,
2021-01-05 09:30:00.451,0.4277,0.44,10.0,0.4277,18.0,35212.0,12.0
2021-01-05 09:30:00.991,0.4277,0.4277,30.0,0.4271,1.0,35215.0,15.0
2021-01-05 09:30:01.481,0.431,0.435,1.0,0.431,19.0,35237.0,37.0
2021-01-05 09:30:01.990,0.428,0.435,1.0,0.4271,1.0,35315.0,115.0
2021-01-05 09:30:02.440,0.4249,0.4263,10.0,0.4242,10.0,35318.0,120.0
2021-01-05 09:30:02.751,0.4263,0.435,1.0,0.4221,1.0,35325.0,130.0
2021-01-05 09:30:03.460,0.4263,0.4349,1.0,0.4221,1.0,35325.0,130.0
2021-01-05 09:30:03.980,0.4263,0.4262,10.0,0.4241,10.0,35325.0,130.0
2021-01-05 09:30:04.430,0.4241,0.4246,10.0,0.4237,20.0,35325.0,137.0
2021-01-05 09:30:05.010,0.4241,0.4249,20.0,0.4221,21.0,35325.0,137.0
2021-01-05 09:30:05.471,0.4241,0.4239,10.0,0.4221,21.0,35325.0,137.0
2021-01-05 09:30:05.990,0.4221,0.4221,5.0,0.4218,1.0,35326.0,138.0
2021-01-05 09:30:06.480,0.4218,0.4218,10.0,0.4204,1.0,35327.0,139.0
2021-01-05 09:30:06.971,0.4204,0.4204,10.0,0.4203,1.0,35327.0,140.0
2021-01-05 09:30:07.471,0.4203,0.4203,10.0,0.4201,1.0,35327.0,141.0
2021-01-05 09:30:08.001,0.4201,0.4208,10.0,0.42,20.0,35327.0,142.0
2021-01-05 09:30:08.391,0.42,0.4201,6.0,0.42,14.0,35327.0,148.0
2021-01-05 09:30:08.831,0.42,0.42,4.0,0.4182,20.0,35327.0,162.0
2021-01-05 09:30:09.321,0.4182,0.4199,10.0,0.4176,20.0,35339.0,174.0
2021-01-05 09:30:09.970,0.4176,0.4182,2.0,0.4175,10.0,35352.0,187.0
2021-01-05 09:30:10.501,0.4176,0.4194,10.0,0.4175,10.0,35352.0,187.0
2021-01-05 09:30:11.000,0.4176,0.4192,10.0,0.4171,10.0,35352.0,187.0
2021-01-05 09:30:11.521,0.4176,0.4187,10.0,0.4164,10.0,35352.0,187.0
2021-01-05 09:30:11.980,0.4176,0.4203,5.0,0.4153,2.0,35352.0,187.0
2021-01-05 09:30:12.491,0.4176,0.4191,10.0,0.4161,10.0,35352.0,187.0
2021-01-05 09:30:12.900,0.4176,0.4203,5.0,0.4154,5.0,35352.0,187.0
2021-01-05 09:30:13.461,0.4176,0.4203,5.0,0.4161,20.0,35352.0,187.0
2021-01-05 09:30:13.941,0.4176,0.4202,5.0,0.4161,20.0,35352.0,187.0
2021-01-05 09:30:14.521,0.4176,0.42,10.0,0.4169,10.0,35352.0,187.0
2021-01-05 09:30:15.040,0.4176,0.42,10.0,0.4174,10.0,35352.0,187.0
2021-01-05 09:30:15.121,0.4176,0.4201,10.0,0.4179,10.0,35352.0,187.0
2021-01-05 09:30:15.991,0.4176,0.4203,5.0,0.4179,20.0,35352.0,187.0
2021-01-05 09:30:16.531,0.4176,0.4203,5.0,0.4158,20.0,35352.0,187.0
2021-01-05 09:30:17.021,0.4202,0.4202,1.0,0.4187,10.0,35352.0,191.0
2021-01-05 09:30:17.641,0.4203,0.4221,20.0,0.4202,22.0,35351.0,197.0
2021-01-05 09:30:17.970,0.4203,0.4221,20.0,0.4202,30.0,35351.0,197.0
2021-01-05 09:30:18.750,0.4203,0.4233,20.0,0.4202,50.0,35351.0,197.0
2021-01-05 09:30:19.251,0.4203,0.4231,10.0,0.4202,60.0,35351.0,197.0
2021-01-05 09:30:19.741,0.4203,0.4231,10.0,0.4205,10.0,35351.0,197.0
2021-01-05 09:30:20.240,0.4203,0.4228,10.0,0.4205,10.0,35351.0,197.0
2021-01-05 09:30:20.740,0.4203,0.4232,20.0,0.4202,50.0,35351.0,197.0
2021-01-05 09:30:21.241,0.4203,0.4217,10.0,0.4202,50.0,35351.0,197.0
2021-01-05 09:30:21.731,0.4203,0.4231,10.0,0.4202,20.0,35351.0,197.0
2021-01-05 09:30:22.240,0.4203,0.4214,10.0,0.4192,20.0,35351.0,197.0
2021-01-05 09:30:22.671,0.4203,0.4231,20.0,0.4192,20.0,35351.0,197.0
2021-01-05 09:30:23.170,0.4203,0.4217,10.0,0.4188,10.0,35351.0,197.0
2021-01-05 09:30:23.670,0.4203,0.4208,10.0,0.4188,20.0,35351.0,197.0
2021-01-05 09:30:24.140,0.4203,0.4203,10.0,0.4188,20.0,35351.0,197.0
2021-01-05 09:30:24.661,0.4203,0.4198,10.0,0.4178,10.0,35351.0,197.0
2021-01-05 09:30:25.160,0.4203,0.4193,10.0,0.4176,30.0,35352.0,198.0
2021-01-05 09:30:25.671,0.4203,0.4203,20.0,0.417,20.0,35352.0,198.0
2021-01-05 09:30:26.171,0.4203,0.4198,10.0,0.418,10.0,35352.0,198.0
2021-01-05 09:30:26.670,0.4203,0.4197,10.0,0.4175,10.0,35352.0,198.0
2021-01-05 09:30:27.170,0.4203,0.4195,10.0,0.4178,10.0,35352.0,198.0
2021-01-05 09:30:27.671,0.4203,0.4199,20.0,0.4177,10.0,35352.0,198.0
2021-01-05 09:30:28.161,0.4203,0.4199,20.0,0.417,30.0,35352.0,198.0
2021-01-05 09:30:28.670,0.4203,0.4197,10.0,0.4171,10.0,35352.0,198.0
2021-01-05 09:30:29.150,0.4203,0.4193,10.0,0.4172,10.0,35352.0,198.0
2021-01-05 09:30:29.650,0.4203,0.4193,10.0,0.4173,4.0,35352.0,198.0
2021-01-05 09:30:30.171,0.4203,0.4197,10.0,0.4175,10.0,35352.0,198.0
2021-01-05 09:30:30.620,0.4203,0.4203,10.0,0.4179,10.0,35352.0,198.0
2021-01-05 09:30:31.121,0.4203,0.4202,10.0,0.4184,10.0,35352.0,198.0
2021-01-05 09:30:31.661,0.4203,0.4206,10.0,0.4185,10.0,35352.0,198.0
2021-01-05 09:30:32.140,0.4203,0.4203,10.0,0.4185,10.0,35352.0,198.0
2021-01-05 09:30:32.620,0.4203,0.4214,20.0,0.4186,4.0,35352.0,198.0
2021-01-05 09:30:33.171,0.4203,0.4214,20.0,0.4187,5.0,35352.0,198.0
2021-01-05 09:30:33.671,0.4203,0.4214,20.0,0.4188,10.0,35352.0,198.0
2021-01-05 09:30:33.671,0.4203,0.4214,20.0,0.4189,5.0,35352.0,198.0
2021-01-05 09:30:34.670,0.4203,0.4214,20.0,0.4189,15.0,35352.0,198.0
2021-01-05 09:30:35.121,0.4203,0.4217,10.0,0.4189,10.0,35352.0,198.0
2021-01-05 09:30:35.680,0.4189,0.4215,10.0,0.4188,10.0,35352.0,199.0
2021-01-05 09:30:36.170,0.4189,0.4206,10.0,0.4188,10.0,35352.0,199.0
2021-01-05 09:30:36.681,0.4189,0.4209,20.0,0.4191,10.0,35352.0,199.0
2021-01-05 09:30:37.171,0.4189,0.4212,10.0,0.4191,10.0,35352.0,199.0
2021-01-05 09:30:37.670,0.4189,0.421,10.0,0.4188,10.0,35352.0,199.0
2021-01-05 09:30:38.141,0.4189,0.4208,10.0,0.4189,10.0,35352.0,199.0
2021-01-05 09:30:38.700,0.4189,0.4215,20.0,0.4194,10.0,35352.0,199.0
2021-01-05 09:30:39.201,0.4189,0.4215,30.0,0.4188,10.0,35352.0,199.0
2021-01-05 09:30:39.570,0.4189,0.421,10.0,0.4191,10.0,35352.0,199.0
2021-01-05 09:30:40.170,0.4189,0.421,20.0,0.4189,15.0,35352.0,199.0
2021-01-05 09:30:40.690,0.421,0.4215,20.0,0.4191,10.0,35357.0,204.0
2021-01-05 09:30:41.011,0.421,0.4215,20.0,0.4192,5.0,35357.0,204.0
2021-01-05 09:30:41.701,0.421,0.4214,10.0,0.4192,5.0,35357.0,204.0
2021-01-05 09:30:42.181,0.421,0.4215,30.0,0.4194,10.0,35357.0,204.0
2021-01-05 09:30:42.671,0.421,0.4215,20.0,0.4199,10.0,35357.0,204.0
2021-01-05 09:30:43.180,0.421,0.4223,30.0,0.4199,10.0,35357.0,204.0
2021-01-05 09:30:43.681,0.421,0.4221,10.0,0.4215,13.0,35357.0,204.0
2021-01-05 09:30:44.100,0.4215,0.4223,20.0,0.4206,10.0,35357.0,217.0
2021-01-05 09:30:44.650,0.4215,0.4223,20.0,0.4206,10.0,35357.0,217.0
2021-01-05 09:30:45.161,0.4215,0.4223,20.0,0.4207,10.0,35357.0,217.0
2021-01-05 09:30:45.710,0.4223,0.4223,16.0,0.4207,10.0,35357.0,221.0
2021-01-05 09:30:46.181,0.4223,0.4237,10.0,0.4209,10.0,35357.0,237.0
2021-01-05 09:30:46.701,0.4223,0.4234,10.0,0.4223,8.0,35357.0,237.0
2021-01-05 09:30:47.191,0.4223,0.4232,10.0,0.4223,8.0,35357.0,237.0
2021-01-05 09:30:47.691,0.4232,0.4243,10.0,0.4232,4.0,35357.0,245.0
2021-01-05 09:30:48.181,0.4243,0.4241,10.0,0.4232,8.0,35365.0,261.0
2021-01-05 09:30:48.240,0.4232,0.4239,10.0,0.4223,8.0,35370.0,269.0
2021-01-05 09:30:49.210,0.4223,0.4238,10.0,0.4223,5.0,35370.0,272.0
2021-01-05 09:30:49.700,0.4223,0.4241,20.0,0.4223,5.0,35370.0,272.0
2021-01-05 09:30:50.171,0.4223,0.4246,10.0,0.4226,10.0,35370.0,272.0
2021-01-05 09:30:50.720,0.4223,0.4239,10.0,0.4224,5.0,35370.0,272.0
2021-01-05 09:30:51.181,0.4223,0.4238,10.0,0.4223,5.0,35370.0,272.0
2021-01-05 09:30:51.721,0.4223,0.4239,20.0,0.4223,5.0,35370.0,272.0
2021-01-05 09:30:52.221,0.4223,0.4242,10.0,0.4223,5.0,35370.0,272.0
2021-01-05 09:30:52.651,0.4223,0.4245,10.0,0.4224,10.0,35370.0,272.0
2021-01-05 09:30:53.120,0.4223,0.4246,30.0,0.4227,10.0,35370.0,272.0
2021-01-05 09:30:53.660,0.4223,0.4246,20.0,0.4228,5.0,35370.0,272.0
2021-01-05 09:30:54.130,0.4223,0.4244,10.0,0.4241,1.0,35370.0,272.0
2021-01-05 09:30:54.601,0.4241,0.4246,20.0,0.4245,8.0,35373.0,275.0
2021-01-05 09:30:55.020,0.4245,0.4246,20.0,0.4232,10.0,35385.0,291.0
2021-01-05 09:30:55.671,0.4245,0.4256,20.0,0.4233,4.0,35385.0,291.0
2021-01-05 09:30:56.170,0.4245,0.4251,10.0,0.4234,5.0,35385.0,291.0
2021-01-05 09:30:56.660,0.4245,0.4251,20.0,0.4234,15.0,35385.0,291.0
2021-01-05 09:30:57.171,0.4245,0.4251,20.0,0.4232,10.0,35385.0,291.0
2021-01-05 09:30:57.600,0.4245,0.4251,30.0,0.4231,10.0,35385.0,291.0
2021-01-05 09:30:58.091,0.4245,0.4241,10.0,0.4232,5.0,35385.0,291.0
2021-01-05 09:30:59.171,0.4245,0.4232,16.0,0.4223,20.0,35385.0,291.0
2021-01-05 09:30:59.630,0.4245,0.4223,24.0,0.4218,20.0,35385.0,291.0
2021-01-05 09:31:00.161,0.4223,0.4232,24.0,0.4224,6.0,35385.0,297.0
2021-01-05 09:31:00.660,0.4223,0.4231,10.0,0.421,11.0,35385.0,297.0
2021-01-05 09:31:01.140,0.4223,0.4224,4.0,0.4215,10.0,35385.0,297.0
2021-01-05 09:31:01.680,0.4215,0.4215,9.0,0.421,1.0,35385.0,307.0
2021-01-05 09:31:02.170,0.421,0.421,28.0,0.4205,10.0,35386.0,308.0
2021-01-05 09:31:02.560,0.421,0.4215,20.0,0.4203,10.0,35387.0,309.0
2021-01-05 09:31:03.131,0.422,0.422,8.0,0.4203,10.0,35405.0,331.0
2021-01-05 09:31:03.680,0.422,0.4216,10.0,0.4202,10.0,35405.0,336.0
2021-01-05 09:31:04.181,0.422,0.4216,10.0,0.4202,10.0,35405.0,336.0
2021-01-05 09:31:04.671,0.422,0.4216,10.0,0.4205,10.0,35405.0,336.0
2021-01-05 09:31:05.190,0.4216,0.4216,9.0,0.4203,10.0,35406.0,337.0
2021-01-05 09:31:05.670,0.4205,0.4216,9.0,0.4194,10.0,35406.0,341.0
2021-01-05 09:31:06.110,0.4205,0.4226,30.0,0.421,10.0,35406.0,341.0
2021-01-05 09:31:06.521,0.4217,0.4226,20.0,0.4217,5.0,35406.0,347.0
2021-01-05 09:31:07.190,0.4203,0.4203,7.0,0.4191,20.0,35410.0,370.0
2021-01-05 09:31:07.470,0.4203,0.4231,10.0,0.4215,10.0,35410.0,377.0
2021-01-05 09:31:07.951,0.4203,0.4231,10.0,0.4219,10.0,35410.0,377.0
2021-01-05 09:31:08.600,0.4203,0.4249,10.0,0.4231,10.0,35410.0,377.0
2021-01-05 09:31:09.051,0.4231,0.4238,10.0,0.4219,10.0,35410.0,378.0
2021-01-05 09:31:09.261,0.4231,0.4238,10.0,0.4221,10.0,35410.0,378.0
2021-01-05 09:31:10.200,0.4231,0.4243,30.0,0.4237,1.0,35410.0,378.0
2021-01-05 09:31:10.661,0.4237,0.4243,30.0,0.4224,10.0,35411.0,379.0
2021-01-05 09:31:11.170,0.4237,0.4243,30.0,0.4224,20.0,35411.0,379.0
2021-01-05 09:31:11.701,0.4237,0.4239,10.0,0.4224,10.0,35411.0,379.0
2021-01-05 09:31:12.171,0.4237,0.4239,30.0,0.4224,10.0,35411.0,379.0
2021-01-05 09:31:12.621,0.4237,0.4234,10.0,0.4217,10.0,35411.0,379.0
2021-01-05 09:31:13.170,0.4237,0.4239,20.0,0.4228,10.0,35411.0,379.0
2021-01-05 09:31:13.710,0.4228,0.4238,4.0,0.4228,8.0,35411.0,381.0
2021-01-05 09:31:14.200,0.4228,0.4238,24.0,0.4223,10.0,35411.0,381.0
2021-01-05 09:31:14.690,0.4228,0.4237,10.0,0.4223,10.0,35411.0,381.0
2021-01-05 09:31:15.110,0.4228,0.4234,10.0,0.4215,40.0,35411.0,381.0
2021-01-05 09:31:15.710,0.4228,0.4234,10.0,0.4215,20.0,35411.0,381.0
2021-01-05 09:31:16.180,0.4228,0.4234,10.0,0.4215,20.0,35411.0,381.0
2021-01-05 09:31:16.711,0.4228,0.4238,20.0,0.4234,1.0,35411.0,381.0
2021-01-05 09:31:17.201,0.4234,0.4234,1.0,0.4224,10.0,35412.0,382.0
2021-01-05 09:31:17.710,0.4234,0.4238,20.0,0.4234,1.0,35412.0,383.0
2021-01-05 09:31:18.121,0.4234,0.4234,1.0,0.4226,10.0,35413.0,384.0
2021-01-05 09:31:18.720,0.423,0.4238,20.0,0.4234,5.0,35415.0,390.0
2021-01-05 09:31:19.150,0.4238,0.425,1.0,0.4238,28.0,35415.0,400.0
2021-01-05 09:31:19.711,0.4238,0.4246,10.0,0.4238,19.0,35421.0,409.0
2021-01-05 09:31:20.161,0.4238,0.4246,20.0,0.4238,12.0,35421.0,412.0
2021-01-05 09:31:20.691,0.4238,0.4238,3.0,0.4235,10.0,35426.0,419.0
2021-01-05 09:31:21.221,0.4235,0.4235,17.0,0.4225,10.0,35428.0,421.0
2021-01-05 09:31:21.671,0.4225,0.4234,2.0,0.4223,10.0,35428.0,431.0
2021-01-05 09:31:22.211,0.4225,0.4233,10.0,0.4214,10.0,35428.0,431.0
2021-01-05 09:31:22.620,0.4225,0.4233,10.0,0.4217,10.0,35428.0,431.0
2021-01-05 09:31:23.171,0.4225,0.4231,10.0,0.4214,10.0,35428.0,431.0
2021-01-05 09:31:23.640,0.4225,0.4231,10.0,0.4216,10.0,35428.0,431.0
2021-01-05 09:31:24.151,0.4225,0.423,2.0,0.4219,10.0,35428.0,431.0
2021-01-05 09:31:24.620,0.4219,0.4235,11.0,0.4219,10.0,35428.0,441.0
2021-01-05 09:31:25.150,0.4219,0.4235,11.0,0.4225,10.0,35428.0,441.0
2021-01-05 09:31:25.630,0.4219,0.4238,14.0,0.4225,10.0,35428.0,441.0
2021-01-05 09:31:26.101,0.4219,0.4237,10.0,0.4219,30.0,35428.0,441.0
2021-01-05 09:31:26.641,0.4219,0.4237,10.0,0.4224,10.0,35428.0,441.0
2021-01-05 09:31:27.171,0.4219,0.4242,10.0,0.4227,10.0,35428.0,441.0
2021-01-05 09:31:27.601,0.4219,0.4235,10.0,0.4219,20.0,35428.0,441.0
2021-01-05 09:31:28.091,0.4219,0.4235,10.0,0.4224,10.0,35428.0,441.0
2021-01-05 09:31:28.610,0.4219,0.4235,10.0,0.4216,20.0,35428.0,441.0
2021-01-05 09:31:29.171,0.4235,0.425,31.0,0.4235,20.0,35438.0,451.0
2021-01-05 09:31:29.641,0.4235,0.4238,10.0,0.4235,2.0,35476.0,489.0
2021-01-05 09:31:30.170,0.4235,0.4234,2.0,0.4222,10.0,35478.0,491.0
2021-01-05 09:31:30.621,0.4235,0.4234,2.0,0.4222,10.0,35478.0,491.0
2021-01-05 09:31:31.101,0.4235,0.4234,2.0,0.4223,10.0,35478.0,491.0
2021-01-05 09:31:31.661,0.4235,0.4234,2.0,0.4225,10.0,35478.0,491.0
2021-01-05 09:31:32.160,0.4235,0.4235,12.0,0.4234,50.0,35478.0,491.0
2021-01-05 09:31:32.560,0.4234,0.4223,14.0,0.4222,10.0,35528.0,541.0
2021-01-05 09:31:33.190,0.4223,0.424,10.0,0.4225,6.0,35524.0,555.0
2021-01-05 09:31:33.610,0.4223,0.4238,10.0,0.4225,6.0,35524.0,555.0
2021-01-05 09:31:34.181,0.4238,0.4243,20.0,0.424,20.0,35534.0,565.0
2021-01-05 09:31:34.500,0.423,0.4234,4.0,0.4223,6.0,35584.0,621.0
2021-01-05 09:31:35.190,0.423,0.4234,4.0,0.4223,2.0,35584.0,621.0
2021-01-05 09:31:35.651,0.423,0.4236,22.0,0.4224,10.0,35584.0,621.0
2021-01-05 09:31:36.181,0.423,0.4236,2.0,0.4223,2.0,35584.0,621.0
2021-01-05 09:31:36.690,0.423,0.4233,10.0,0.4223,2.0,35584.0,621.0
2021-01-05 09:31:37.191,0.4225,0.4234,20.0,0.4225,8.0,35584.0,623.0
2021-01-05 09:31:37.191,0.4225,0.4236,2.0,0.4225,10.0,35584.0,623.0
2021-01-05 09:31:38.190,0.4225,0.4243,20.0,0.423,10.0,35584.0,623.0
2021-01-05 09:31:39.210,0.4225,0.4246,2.0,0.4239,4.0,35584.0,623.0
2021-01-05 09:31:39.710,0.4246,0.425,11.0,0.4239,2.0,35584.0,627.0
2021-01-05 09:31:40.190,0.4246,0.425,11.0,0.4239,2.0,35584.0,627.0
2021-01-05 09:31:40.711,0.4246,0.425,1.0,0.4242,10.0,35584.0,627.0
2021-01-05 09:31:41.191,0.425,0.4258,20.0,0.4253,2.0,35584.0,628.0
2021-01-05 09:31:41.691,0.4258,0.4261,10.0,0.4258,30.0,35607.0,651.0
2021-01-05 09:31:42.211,0.4256,0.4264,10.0,0.425,27.0,35641.0,708.0
2021-01-05 09:31:42.211,0.4256,0.426,10.0,0.425,23.0,35641.0,708.0
2021-01-05 09:31:43.191,0.4256,0.4256,10.0,0.4244,10.0,35641.0,708.0
2021-01-05 09:31:43.621,0.4244,0.425,10.0,0.4238,1.0,35650.0,717.0
2021-01-05 09:31:44.190,0.4244,0.425,10.0,0.4238,11.0,35650.0,717.0
2021-01-05 09:31:44.691,0.4244,0.4246,10.0,0.4238,1.0,35650.0,717.0
2021-01-05 09:31:45.170,0.4246,0.4251,20.0,0.4244,10.0,35650.0,727.0
2021-01-05 09:31:45.700,0.4244,0.4251,10.0,0.4238,1.0,35652.0,729.0
2021-01-05 09:31:46.071,0.4244,0.4262,10.0,0.4242,20.0,35652.0,729.0
2021-01-05 09:31:46.701,0.4244,0.4261,2.0,0.4245,10.0,35652.0,729.0
2021-01-05 09:31:47.191,0.4244,0.4255,10.0,0.424,10.0,35652.0,729.0
2021-01-05 09:31:47.690,0.4244,0.426,5.0,0.4246,10.0,35652.0,729.0
2021-01-05 09:31:48.211,0.4244,0.4261,2.0,0.4246,10.0,35652.0,729.0
2021-01-05 09:31:49.221,0.4244,0.4261,2.0,0.4245,10.0,35652.0,729.0
2021-01-05 09:31:49.671,0.4261,0.4264,20.0,0.4261,3.0,35650.0,731.0
2021-01-05 09:31:50.151,0.4261,0.4261,2.0,0.4259,10.0,35652.0,752.0
2021-01-05 09:31:50.681,0.4264,0.4276,20.0,0.4264,1.0,35652.0,757.0
2021-01-05 09:31:51.210,0.4264,0.4272,10.0,0.4264,1.0,35652.0,757.0
2021-01-05 09:31:51.701,0.4264,0.4272,10.0,0.4261,2.0,35653.0,758.0
2021-01-05 09:31:52.220,0.4264,0.428,10.0,0.4264,10.0,35653.0,758.0
2021-01-05 09:31:52.621,0.4264,0.428,20.0,0.4263,10.0,35653.0,758.0
2021-01-05 09:31:53.171,0.4265,0.428,20.0,0.4265,9.0,35654.0,759.0
2021-01-05 09:31:53.530,0.4265,0.428,20.0,0.4271,10.0,35654.0,759.0
2021-01-05 09:31:54.151,0.4265,0.4292,30.0,0.4274,10.0,35654.0,759.0
2021-01-05 09:31:54.520,0.4265,0.4292,30.0,0.427,10.0,35654.0,759.0
2021-01-05 09:31:55.150,0.4265,0.4292,30.0,0.427,10.0,35654.0,759.0
2021-01-05 09:31:55.670,0.4265,0.4292,30.0,0.4275,10.0,35654.0,759.0
2021-01-05 09:31:56.110,0.4265,0.4292,20.0,0.4274,10.0,35654.0,759.0
2021-01-05 09:31:56.591,0.4265,0.4292,30.0,0.4273,10.0,35654.0,759.0
2021-01-05 09:31:57.171,0.4265,0.4292,20.0,0.4274,10.0,35654.0,759.0
2021-01-05 09:31:57.651,0.4265,0.4292,20.0,0.4277,10.0,35654.0,759.0
2021-01-05 09:31:58.171,0.4265,0.4291,10.0,0.4274,10.0,35654.0,759.0
2021-01-05 09:31:59.180,0.4265,0.4291,10.0,0.4274,10.0,35654.0,759.0
2021-01-05 09:31:59.660,0.4265,0.4291,10.0,0.4274,10.0,35654.0,759.0
2021-01-05 09:32:00.150,0.4265,0.4287,10.0,0.4269,20.0,35654.0,759.0
2021-01-05 09:32:00.650,0.4265,0.4287,20.0,0.4275,10.0,35654.0,759.0
2021-01-05 09:32:01.170,0.4275,0.429,2.0,0.4275,1.0,35654.0,768.0
2021-01-05 09:32:01.601,0.4275,0.4273,4.0,0.4268,20.0,35654.0,769.0
2021-01-05 09:32:02.171,0.4273,0.4272,2.0,0.4264,10.0,35650.0,773.0
2021-01-05 09:32:02.621,0.4273,0.4271,9.0,0.4261,20.0,35650.0,773.0
2021-01-05 09:32:03.180,0.4261,0.4264,6.0,0.4252,40.0,35650.0,775.0
2021-01-05 09:32:03.641,0.4261,0.4264,6.0,0.4252,30.0,35650.0,775.0
2021-01-05 09:32:04.090,0.4261,0.4263,2.0,0.4252,30.0,35650.0,775.0
2021-01-05 09:32:04.661,0.4261,0.4264,20.0,0.426,10.0,35650.0,775.0
2021-01-05 09:32:04.961,0.4271,0.4271,19.0,0.4263,10.0,35650.0,776.0
2021-01-05 09:32:05.660,0.4271,0.427,3.0,0.4258,10.0,35650.0,776.0
2021-01-05 09:32:06.161,0.4271,0.429,7.0,0.4271,6.0,35651.0,799.0
2021-01-05 09:32:06.651,0.4271,0.4282,10.0,0.4264,10.0,35651.0,805.0
2021-01-05 09:32:07.070,0.4271,0.4273,10.0,0.4254,10.0,35651.0,805.0
2021-01-05 09:32:07.671,0.4271,0.4273,10.0,0.4255,4.0,35651.0,805.0
2021-01-05 09:32:08.171,0.4271,0.4273,10.0,0.4259,10.0,35651.0,805.0
2021-01-05 09:32:08.670,0.4271,0.4281,32.0,0.4265,10.0,35651.0,805.0
2021-01-05 09:32:09.141,0.4271,0.4281,20.0,0.4271,10.0,35651.0,805.0
2021-01-05 09:32:09.681,0.4271,0.4285,10.0,0.4271,10.0,35651.0,805.0
2021-01-05 09:32:10.161,0.4271,0.428,20.0,0.4262,10.0,35651.0,805.0
2021-01-05 09:32:10.630,0.4271,0.4284,2.0,0.4269,10.0,35651.0,805.0
2021-01-05 09:32:11.170,0.4271,0.4284,12.0,0.4269,10.0,35651.0,805.0
2021-01-05 09:32:11.650,0.4269,0.4278,15.0,0.4261,2.0,35650.0,806.0
2021-01-05 09:32:12.121,0.4269,0.4265,2.0,0.4262,5.0,35650.0,806.0
2021-01-05 09:32:12.670,0.4262,0.4269,6.0,0.4261,2.0,35655.0,811.0
2021-01-05 09:32:13.171,0.4262,0.4268,2.0,0.4261,2.0,35655.0,811.0
2021-01-05 09:32:13.671,0.4262,0.4268,2.0,0.4261,2.0,35655.0,811.0
2021-01-05 09:32:14.180,0.4262,0.4274,10.0,0.4261,2.0,35655.0,811.0
2021-01-05 09:32:14.660,0.4262,0.4274,2.0,0.4262,10.0,35655.0,811.0
2021-01-05 09:32:15.171,0.4262,0.4274,2.0,0.4262,2.0,35655.0,819.0
2021-01-05 09:32:15.671,0.4262,0.428,10.0,0.4271,8.0,35655.0,819.0
2021-01-05 09:32:16.120,0.4271,0.428,12.0,0.4274,25.0,35668.0,832.0
2021-01-05 09:32:16.451,0.4274,0.428,12.0,0.4274,6.0,35712.0,876.0
2021-01-05 09:32:17.161,0.4274,0.4274,9.0,0.4261,2.0,35718.0,882.0
2021-01-05 09:32:17.651,0.4274,0.428,2.0,0.4265,20.0,35718.0,882.0
2021-01-05 09:32:18.130,0.4274,0.4279,5.0,0.4265,20.0,35718.0,882.0
2021-01-05 09:32:18.660,0.4269,0.4279,5.0,0.4269,9.0,35718.0,883.0
2021-01-05 09:32:19.150,0.4269,0.4278,1.0,0.4269,9.0,35718.0,883.0
2021-01-05 09:32:19.640,0.4269,0.4278,1.0,0.4269,9.0,35718.0,883.0
2021-01-05 09:32:20.151,0.4279,0.4284,22.0,0.4279,47.0,35718.0,886.0
2021-01-05 09:32:20.600,0.4279,0.4274,5.0,0.4268,20.0,35765.0,933.0
2021-01-05 09:32:20.861,0.4279,0.4272,5.0,0.4263,20.0,35765.0,933.0
2021-01-05 09:32:21.680,0.4279,0.4263,5.0,0.4261,2.0,35765.0,933.0
2021-01-05 09:32:22.181,0.4279,0.427,10.0,0.4261,2.0,35765.0,933.0
2021-01-05 09:32:22.650,0.4279,0.4265,2.0,0.4261,2.0,35765.0,933.0
2021-01-05 09:32:22.971,0.4261,0.4259,2.0,0.4254,10.0,35765.0,935.0
2021-01-05 09:32:23.630,0.4261,0.4261,19.0,0.4254,10.0,35765.0,935.0
2021-01-05 09:32:24.160,0.4261,0.427,10.0,0.4265,50.0,35765.0,935.0
2021-01-05 09:32:24.640,0.4265,0.4271,2.0,0.4265,33.0,35783.0,963.0
2021-01-05 09:32:25.170,0.4271,0.4277,20.0,0.4265,33.0,35781.0,965.0
2021-01-05 09:32:25.670,0.4271,0.4276,10.0,0.4266,4.0,35781.0,965.0
2021-01-05 09:32:26.171,0.4276,0.4277,20.0,0.4276,3.0,35781.0,975.0
2021-01-05 09:32:26.581,0.4277,0.428,5.0,0.4277,20.0,35781.0,985.0
2021-01-05 09:32:27.151,0.4277,0.428,5.0,0.4277,20.0,35781.0,985.0
2021-01-05 09:32:27.670,0.428,0.4284,2.0,0.428,3.0,35783.0,990.0
2021-01-05 09:32:28.171,0.428,0.4288,10.0,0.4277,20.0,35786.0,995.0
2021-01-05 09:32:28.630,0.428,0.429,5.0,0.4277,20.0,35786.0,995.0
2021-01-05 09:32:29.180,0.428,0.429,5.0,0.4277,20.0,35786.0,995.0
2021-01-05 09:32:30.171,0.428,0.4287,10.0,0.4277,20.0,35786.0,995.0
2021-01-05 09:32:30.671,0.428,0.4287,10.0,0.4272,10.0,35786.0,995.0
2021-01-05 09:32:30.920,0.428,0.4287,10.0,0.4272,10.0,35786.0,995.0
2021-01-05 09:32:31.631,0.428,0.429,5.0,0.4276,10.0,35786.0,995.0
2021-01-05 09:32:32.121,0.428,0.4288,20.0,0.427,10.0,35786.0,995.0
2021-01-05 09:32:33.141,0.428,0.4288,10.0,0.4272,10.0,35786.0,995.0
2021-01-05 09:32:33.671,0.428,0.4289,2.0,0.4275,10.0,35786.0,995.0
2021-01-05 09:32:34.171,0.428,0.4288,15.0,0.4275,10.0,35786.0,995.0
2021-01-05 09:32:34.691,0.428,0.4285,20.0,0.4267,10.0,35786.0,995.0
2021-01-05 09:32:35.170,0.428,0.4285,10.0,0.4269,10.0,35786.0,995.0
2021-01-05 09:32:35.671,0.428,0.4285,10.0,0.4271,10.0,35786.0,995.0
2021-01-05 09:32:36.190,0.428,0.4285,10.0,0.4271,10.0,35786.0,995.0
2021-01-05 09:32:36.691,0.428,0.4285,10.0,0.4271,10.0,35786.0,995.0
2021-01-05 09:32:37.150,0.428,0.4287,2.0,0.4271,10.0,35786.0,995.0
2021-01-05 09:32:37.640,0.428,0.4287,2.0,0.4271,10.0,35786.0,995.0
2021-01-05 09:32:38.190,0.428,0.4286,15.0,0.4271,10.0,35786.0,995.0
2021-01-05 09:32:39.200,0.428,0.4284,10.0,0.427,30.0,35786.0,995.0
2021-01-05 09:32:39.630,0.428,0.4287,2.0,0.4273,20.0,35786.0,995.0
2021-01-05 09:32:40.151,0.428,0.4287,2.0,0.4273,10.0,35786.0,995.0
2021-01-05 09:32:40.491,0.4287,0.4287,1.0,0.4273,10.0,35786.0,996.0
2021-01-05 09:32:41.200,0.4287,0.4288,10.0,0.4273,10.0,35786.0,996.0
2021-01-05 09:32:41.640,0.4287,0.429,5.0,0.4278,10.0,35786.0,996.0
2021-01-05 09:32:42.161,0.4287,0.4289,12.0,0.4275,20.0,35786.0,996.0
2021-01-05 09:32:42.201,0.4287,0.4289,2.0,0.4277,10.0,35786.0,996.0
2021-01-05 09:32:43.131,0.4287,0.4289,2.0,0.4277,10.0,35786.0,996.0
2021-01-05 09:32:43.580,0.4287,0.4289,2.0,0.4277,10.0,35786.0,996.0
2021-01-05 09:32:44.151,0.4287,0.4288,9.0,0.4276,20.0,35786.0,996.0
2021-01-05 09:32:44.971,0.4265,0.4284,30.0,0.4265,42.0,35787.0,997.0
2021-01-05 09:32:45.471,0.4265,0.4284,20.0,0.4274,10.0,35787.0,997.0
2021-01-05 09:32:45.580,0.4265,0.4287,2.0,0.4274,10.0,35787.0,997.0
2021-01-05 09:32:46.310,0.4265,0.4287,2.0,0.4274,10.0,35787.0,997.0
2021-01-05 09:32:47.201,0.4265,0.4287,2.0,0.4274,10.0,35787.0,997.0
2021-01-05 09:32:47.701,0.4265,0.4289,2.0,0.4287,2.0,35787.0,997.0
2021-01-05 09:32:48.101,0.4265,0.429,5.0,0.4289,2.0,35787.0,997.0
2021-01-05 09:32:48.550,0.429,0.4293,1.0,0.4289,1.0,35787.0,1003.0
2021-01-05 09:32:49.190,0.4293,0.4298,20.0,0.4293,5.0,35786.0,1004.0
2021-01-05 09:32:49.670,0.4298,0.4317,10.0,0.4298,23.0,35786.0,1014.0
2021-01-05 09:32:50.171,0.4298,0.4334,20.0,0.4304,10.0,35786.0,1014.0
2021-01-05 09:32:50.700,0.4305,0.4306,10.0,0.4298,9.0,35791.0,1019.0
2021-01-05 09:32:51.170,0.4306,0.4319,10.0,0.4306,10.0,35791.0,1021.0
2021-01-05 09:32:51.641,0.4306,0.4328,10.0,0.4311,10.0,35791.0,1031.0
2021-01-05 09:32:52.191,0.4306,0.4317,10.0,0.4294,10.0,35791.0,1031.0
2021-01-05 09:32:52.191,0.4306,0.4317,10.0,0.4297,10.0,35791.0,1031.0
2021-01-05 09:32:53.161,0.4306,0.4309,10.0,0.4293,20.0,35791.0,1031.0
2021-01-05 09:32:53.641,0.4306,0.4307,10.0,0.4293,20.0,35791.0,1031.0
2021-01-05 09:32:54.181,0.4293,0.43,10.0,0.4282,10.0,35791.0,1038.0
2021-01-05 09:32:55.161,0.4293,0.4298,10.0,0.4283,10.0,35791.0,1038.0
2021-01-05 09:32:55.650,0.4298,0.4299,2.0,0.4289,10.0,35791.0,1048.0
2021-01-05 09:32:56.150,0.4299,0.4311,10.0,0.4299,1.0,35789.0,1050.0
2021-01-05 09:32:56.611,0.4299,0.4319,10.0,0.4299,12.0,35789.0,1050.0
2021-01-05 09:32:57.151,0.4299,0.4312,20.0,0.4294,20.0,35789.0,1050.0
2021-01-05 09:32:57.600,0.4299,0.4305,10.0,0.4288,10.0,35789.0,1050.0
2021-01-05 09:32:58.171,0.4299,0.431,10.0,0.4292,10.0,35789.0,1050.0
2021-01-05 09:32:58.651,0.4299,0.4311,20.0,0.4295,10.0,35789.0,1050.0
2021-01-05 09:32:59.131,0.4299,0.4309,20.0,0.4295,10.0,35789.0,1050.0
2021-01-05 09:32:59.621,0.4299,0.431,2.0,0.4295,10.0,35789.0,1050.0
2021-01-05 09:33:00.180,0.4299,0.431,2.0,0.4295,20.0,35789.0,1050.0
2021-01-05 09:33:00.651,0.4299,0.431,2.0,0.4295,10.0,35789.0,1050.0
2021-01-05 09:33:01.141,0.4299,0.4306,10.0,0.4294,20.0,35789.0,1050.0
2021-01-05 09:33:01.661,0.4294,0.43,10.0,0.4286,20.0,35789.0,1070.0
2021-01-05 09:33:02.130,0.4294,0.4294,9.0,0.4281,20.0,35789.0,1070.0
2021-01-05 09:33:02.570,0.4294,0.4293,6.0,0.4281,20.0,35789.0,1070.0
2021-01-05 09:33:03.121,0.4281,0.4291,5.0,0.4272,20.0,35789.0,1088.0
2021-01-05 09:33:03.681,0.4281,0.4281,2.0,0.4272,20.0,35789.0,1088.0
2021-01-05 09:33:04.140,0.4281,0.4281,12.0,0.4265,42.0,35789.0,1088.0
2021-01-05 09:33:04.630,0.4281,0.4272,6.0,0.4265,32.0,35789.0,1088.0
2021-01-05 09:33:05.121,0.4265,0.4271,4.0,0.4265,23.0,35798.0,1097.0
2021-01-05 09:33:05.690,0.4265,0.427,2.0,0.4265,19.0,35802.0,1101.0
2021-01-05 09:33:06.170,0.4265,0.4263,2.0,0.4254,4.0,35821.0,1124.0
2021-01-05 09:33:06.651,0.4265,0.4263,2.0,0.4254,4.0,35821.0,1124.0
2021-01-05 09:33:07.171,0.4266,0.4262,2.0,0.4254,4.0,35824.0,1127.0
2021-01-05 09:33:07.601,0.4262,0.427,2.0,0.4254,14.0,35822.0,1129.0
2021-01-05 09:33:08.191,0.4262,0.4269,10.0,0.4257,10.0,35822.0,1129.0
2021-01-05 09:33:08.671,0.4262,0.4269,10.0,0.4261,10.0,35822.0,1129.0
2021-01-05 09:33:09.181,0.4263,0.427,5.0,0.4258,10.0,35822.0,1139.0
2021-01-05 09:33:09.630,0.4263,0.427,5.0,0.4265,10.0,35822.0,1139.0
2021-01-05 09:33:10.131,0.4265,0.427,5.0,0.4261,20.0,35822.0,1149.0
2021-01-05 09:33:10.681,0.4261,0.4265,13.0,0.4254,4.0,35822.0,1156.0
2021-01-05 09:33:11.150,0.4261,0.4269,2.0,0.4254,4.0,35822.0,1156.0
2021-01-05 09:33:11.580,0.4261,0.4268,10.0,0.4254,4.0,35822.0,1156.0
2021-01-05 09:33:12.181,0.4261,0.4269,12.0,0.4254,4.0,35822.0,1156.0
2021-01-05 09:33:12.650,0.4261,0.427,5.0,0.426,10.0,35822.0,1156.0
2021-01-05 09:33:13.080,0.427,0.427,3.0,0.4269,24.0,35820.0,1158.0
2021-01-05 09:33:13.691,0.427,0.4276,10.0,0.4264,20.0,35821.0,1174.0
2021-01-05 09:33:14.110,0.427,0.4274,10.0,0.4259,30.0,35821.0,1174.0
2021-01-05 09:33:14.650,0.427,0.4274,10.0,0.4259,30.0,35821.0,1174.0
2021-01-05 09:33:15.140,0.4274,0.4273,2.0,0.4259,30.0,35821.0,1178.0
2021-01-05 09:33:15.651,0.4274,0.4268,10.0,0.4254,4.0,35821.0,1178.0
2021-01-05 09:33:15.881,0.4254,0.4259,90.0,0.4254,3.0,35820.0,1179.0
2021-01-05 09:33:16.590,0.4254,0.4262,10.0,0.4254,3.0,35820.0,1179.0
2021-01-05 09:33:17.190,0.4254,0.4254,3.0,0.4242,10.0,35820.0,1182.0
2021-01-05 09:33:17.691,0.4254,0.4254,3.0,0.4242,10.0,35820.0,1182.0
2021-01-05 09:33:18.160,0.4254,0.4258,10.0,0.4241,20.0,35820.0,1182.0
2021-01-05 09:33:18.680,0.4254,0.4259,10.0,0.4241,40.0,35820.0,1182.0
2021-01-05 09:33:19.191,0.4254,0.4257,10.0,0.4241,30.0,35820.0,1182.0
2021-01-05 09:33:19.201,0.4254,0.4255,20.0,0.424,4.0,35820.0,1182.0
2021-01-05 09:33:20.171,0.4254,0.4255,40.0,0.424,4.0,35820.0,1182.0
2021-01-05 09:33:20.680,0.4254,0.4255,30.0,0.424,4.0,35820.0,1182.0
2021-01-05 09:33:21.160,0.4254,0.4254,12.0,0.424,4.0,35820.0,1182.0
2021-01-05 09:33:21.681,0.4254,0.4254,2.0,0.424,4.0,35820.0,1182.0
2021-01-05 09:33:22.150,0.4254,0.4253,10.0,0.424,4.0,35820.0,1182.0
2021-01-05 09:33:22.670,0.4254,0.425,10.0,0.424,4.0,35820.0,1182.0
2021-01-05 09:33:23.151,0.424,0.4248,10.0,0.424,3.0,35820.0,1183.0
2021-01-05 09:33:23.660,0.424,0.4249,10.0,0.424,3.0,35820.0,1183.0
2021-01-05 09:33:24.171,0.4249,0.4249,5.0,0.4248,30.0,35825.0,1188.0
2021-01-05 09:33:24.651,0.4248,0.4248,2.0,0.424,3.0,35825.0,1193.0
2021-01-05 09:33:25.151,0.4248,0.4254,2.0,0.4248,4.0,35825.0,1195.0
2021-01-05 09:33:25.541,0.4248,0.4254,2.0,0.4242,10.0,35825.0,1195.0
2021-01-05 09:33:26.161,0.4254,0.4253,8.0,0.4242,20.0,35823.0,1199.0
2021-01-05 09:33:26.651,0.4253,0.4259,2.0,0.4253,8.0,35823.0,1207.0
2021-01-05 09:33:27.110,0.4253,0.4253,15.0,0.424,3.0,35823.0,1215.0
2021-01-05 09:33:27.371,0.4253,0.4253,5.0,0.4247,10.0,35823.0,1215.0
2021-01-05 09:33:28.180,0.4253,0.4253,5.0,0.4246,10.0,35823.0,1215.0
2021-01-05 09:33:28.630,0.4253,0.4253,15.0,0.424,3.0,35823.0,1215.0
2021-01-05 09:33:29.171,0.4253,0.4254,12.0,0.4253,13.0,35838.0,1232.0
2021-01-05 09:33:29.561,0.4253,0.4254,2.0,0.4253,21.0,35850.0,1244.0
2021-01-05 09:33:30.170,0.4253,0.4254,2.0,0.4253,21.0,35850.0,1244.0
2021-01-05 09:33:30.670,0.4253,0.4254,2.0,0.4253,21.0,35850.0,1244.0
2021-01-05 09:33:31.131,0.4253,0.4254,2.0,0.4253,21.0,35850.0,1244.0
2021-01-05 09:33:31.680,0.4253,0.4254,2.0,0.4253,21.0,35850.0,1244.0
2021-01-05 09:33:32.141,0.4253,0.4254,2.0,0.4253,21.0,35850.0,1244.0
2021-01-05 09:33:32.591,0.4254,0.4257,10.0,0.4254,48.0,35850.0,1246.0
2021-01-05 09:33:33.171,0.4254,0.4257,10.0,0.4254,46.0,35852.0,1248.0
2021-01-05 09:33:33.521,0.4254,0.4256,2.0,0.4254,44.0,35854.0,1250.0
2021-01-05 09:33:33.991,0.4254,0.4256,2.0,0.4254,42.0,35856.0,1252.0
2021-01-05 09:33:34.671,0.4254,0.4256,2.0,0.4254,42.0,35856.0,1252.0
2021-01-05 09:33:35.171,0.4256,0.4257,10.0,0.4254,42.0,35854.0,1254.0
2021-01-05 09:33:36.101,0.4254,0.4257,10.0,0.4254,29.0,35867.0,1267.0
2021-01-05 09:33:36.481,0.4254,0.4254,35.0,0.4253,21.0,35896.0,1296.0
2021-01-05 09:33:37.190,0.4253,0.4252,10.0,0.4236,11.0,35917.0,1317.0
2021-01-05 09:33:37.640,0.4253,0.4249,10.0,0.4236,1.0,35917.0,1317.0
2021-01-05 09:33:38.120,0.4253,0.4249,10.0,0.4236,1.0,35917.0,1317.0
2021-01-05 09:33:38.621,0.4249,0.4251,12.0,0.4236,1.0,35918.0,1318.0
2021-01-05 09:33:39.201,0.4249,0.4251,12.0,0.4236,21.0,35918.0,1318.0
2021-01-05 09:33:39.641,0.4249,0.4251,2.0,0.4239,10.0,35918.0,1318.0
2021-01-05 09:33:40.160,0.4249,0.4251,2.0,0.4242,10.0,35918.0,1318.0
2021-01-05 09:33:40.690,0.4249,0.4251,2.0,0.4243,4.0,35918.0,1318.0
2021-01-05 09:33:41.161,0.4251,0.4254,1.0,0.4244,10.0,35916.0,1320.0
2021-01-05 09:33:41.691,0.4251,0.4254,1.0,0.4244,10.0,35916.0,1320.0
2021-01-05 09:33:42.041,0.4254,0.426,2.0,0.4254,7.0,35916.0,1321.0
2021-01-05 09:33:42.640,0.4254,0.426,2.0,0.4254,9.0,35916.0,1321.0
2021-01-05 09:33:43.180,0.426,0.427,10.0,0.426,5.0,35914.0,1323.0
2021-01-05 09:33:43.180,0.426,0.427,10.0,0.426,4.0,35914.0,1323.0
2021-01-05 09:33:44.110,0.426,0.4269,10.0,0.426,4.0,35914.0,1323.0
2021-01-05 09:33:44.671,0.426,0.4266,10.0,0.426,2.0,35914.0,1323.0
2021-01-05 09:33:45.180,0.426,0.4266,10.0,0.426,2.0,35914.0,1323.0
2021-01-05 09:33:45.660,0.426,0.4266,10.0,0.426,2.0,35914.0,1323.0
2021-01-05 09:33:46.100,0.426,0.4269,2.0,0.4266,3.0,35914.0,1323.0
2021-01-05 09:33:46.671,0.4269,0.4266,2.0,0.426,2.0,35912.0,1325.0
2021-01-05 09:33:46.901,0.4266,0.4279,12.0,0.4266,27.0,35912.0,1327.0
2021-01-05 09:33:47.681,0.4266,0.4278,2.0,0.4266,37.0,35912.0,1327.0
2021-01-05 09:33:48.171,0.4266,0.4278,2.0,0.4266,37.0,35912.0,1327.0
2021-01-05 09:33:48.680,0.4266,0.4277,10.0,0.4266,37.0,35912.0,1327.0
2021-01-05 09:33:49.051,0.4278,0.4279,12.0,0.4278,48.0,35912.0,1329.0
2021-01-05 09:33:49.650,0.4278,0.428,20.0,0.4278,23.0,35935.0,1362.0
2021-01-05 09:33:50.040,0.4278,0.4282,2.0,0.4278,21.0,35937.0,1364.0
2021-01-05 09:33:50.670,0.4278,0.4282,12.0,0.4278,20.0,35938.0,1365.0
2021-01-05 09:33:51.141,0.4278,0.4282,12.0,0.4278,6.0,35952.0,1379.0
2021-01-05 09:33:51.571,0.4278,0.4278,2.0,0.4266,10.0,35958.0,1385.0
2021-01-05 09:33:52.021,0.4266,0.4277,6.0,0.4266,9.0,36005.0,1436.0
2021-01-05 09:33:52.570,0.4266,0.4279,20.0,0.4266,9.0,36005.0,1436.0
2021-01-05 09:33:52.960,0.4266,0.4282,10.0,0.4266,9.0,36005.0,1436.0
2021-01-05 09:33:53.650,0.4266,0.4277,20.0,0.4266,9.0,36005.0,1436.0
2021-01-05 09:33:54.180,0.4266,0.4277,10.0,0.4266,9.0,36005.0,1436.0
2021-01-05 09:33:54.610,0.4266,0.4277,10.0,0.4266,9.0,36005.0,1436.0
2021-01-05 09:33:55.181,0.4277,0.428,20.0,0.4277,20.0,36015.0,1446.0
2021-01-05 09:33:55.650,0.4277,0.4284,11.0,0.4277,38.0,36017.0,1448.0
2021-01-05 09:33:56.120,0.4277,0.4282,20.0,0.4277,37.0,36018.0,1449.0
2021-01-05 09:33:56.651,0.4277,0.4281,2.0,0.4277,17.0,36038.0,1469.0
2021-01-05 09:33:57.171,0.4277,0.4281,2.0,0.4277,17.0,36038.0,1469.0
2021-01-05 09:33:57.671,0.4277,0.4284,1.0,0.4277,17.0,36038.0,1469.0
2021-01-05 09:33:58.170,0.4284,0.429,1.0,0.4284,8.0,36037.0,1471.0
2021-01-05 09:33:58.620,0.429,0.4291,20.0,0.4284,23.0,36037.0,1481.0
2021-01-05 09:33:59.140,0.4291,0.4294,2.0,0.4291,11.0,36037.0,1511.0
2021-01-05 09:33:59.690,0.4294,0.43,1.0,0.4294,10.0,36037.0,1514.0
2021-01-05 09:34:00.141,0.4294,0.43,1.0,0.4294,11.0,36037.0,1515.0
2021-01-05 09:34:00.671,0.4294,0.4309,10.0,0.4294,10.0,36036.0,1517.0
2021-01-05 09:34:01.081,0.4294,0.4308,12.0,0.4294,4.0,36030.0,1523.0
2021-01-05 09:34:01.640,0.4294,0.4294,6.0,0.4291,20.0,36030.0,1527.0
2021-01-05 09:34:02.170,0.4294,0.4293,2.0,0.4282,20.0,36030.0,1527.0
2021-01-05 09:34:02.591,0.4294,0.4293,2.0,0.4282,30.0,36030.0,1527.0
2021-01-05 09:34:03.171,0.4293,0.4294,2.0,0.4286,10.0,36032.0,1529.0
2021-01-05 09:34:03.670,0.4293,0.4294,2.0,0.4286,10.0,36032.0,1529.0
2021-01-05 09:34:04.070,0.4294,0.43,1.0,0.4294,4.0,36030.0,1531.0
2021-01-05 09:34:04.671,0.4294,0.43,1.0,0.4294,2.0,36030.0,1531.0
2021-01-05 09:34:05.121,0.4294,0.43,1.0,0.4294,2.0,36030.0,1531.0
2021-01-05 09:34:05.630,0.4294,0.43,1.0,0.4294,2.0,36030.0,1531.0
2021-01-05 09:34:06.191,0.43,0.4308,2.0,0.43,9.0,36031.0,1532.0
2021-01-05 09:34:06.671,0.43,0.4308,2.0,0.43,9.0,36031.0,1532.0
2021-01-05 09:34:07.130,0.43,0.4308,12.0,0.43,9.0,36031.0,1532.0
2021-01-05 09:34:07.601,0.43,0.4308,2.0,0.43,9.0,36031.0,1532.0
2021-01-05 09:34:08.171,0.4308,0.4315,20.0,0.4308,8.0,36031.0,1534.0
2021-01-05 09:34:08.630,0.4315,0.4321,10.0,0.4308,2.0,36032.0,1535.0
2021-01-05 09:34:09.170,0.4308,0.4308,3.0,0.4301,10.0,36032.0,1537.0
2021-01-05 09:34:09.670,0.4308,0.4308,12.0,0.43,29.0,36032.0,1537.0
2021-01-05 09:34:10.140,0.4308,0.4308,12.0,0.43,29.0,36032.0,1537.0
2021-01-05 09:34:10.690,0.4308,0.4307,2.0,0.43,9.0,36032.0,1537.0
2021-01-05 09:34:11.151,0.43,0.43,6.0,0.429,30.0,36041.0,1546.0
2021-01-05 09:34:11.681,0.43,0.4299,32.0,0.4282,20.0,36041.0,1546.0
2021-01-05 09:34:11.681,0.43,0.4299,32.0,0.4282,30.0,36041.0,1546.0
2021-01-05 09:34:12.480,0.43,0.4302,20.0,0.4292,10.0,36041.0,1546.0
2021-01-05 09:34:13.191,0.43,0.4304,20.0,0.429,20.0,36041.0,1546.0
2021-01-05 09:34:13.500,0.429,0.429,20.0,0.4282,20.0,36041.0,1549.0
2021-01-05 09:34:14.181,0.429,0.4292,10.0,0.4282,20.0,36041.0,1550.0
2021-01-05 09:34:14.601,0.429,0.4289,10.0,0.4281,50.0,36041.0,1550.0
2021-01-05 09:34:15.181,0.4281,0.4281,25.0,0.4277,17.0,36091.0,1600.0
2021-01-05 09:34:15.681,0.4286,0.4291,7.0,0.4277,17.0,36101.0,1610.0
2021-01-05 09:34:16.190,0.4286,0.4291,2.0,0.4277,27.0,36101.0,1610.0
2021-01-05 09:34:16.630,0.4286,0.4291,2.0,0.4286,10.0,36101.0,1610.0
2021-01-05 09:34:17.070,0.4291,0.4302,20.0,0.4291,4.0,36101.0,1612.0
2021-01-05 09:34:17.581,0.4291,0.4302,20.0,0.4291,2.0,36101.0,1612.0
2021-01-05 09:34:18.201,0.4291,0.43,1.0,0.4294,10.0,36101.0,1612.0
2021-01-05 09:34:18.620,0.4291,0.43,1.0,0.4291,20.0,36101.0,1612.0
2021-01-05 09:34:19.041,0.4291,0.43,1.0,0.4293,10.0,36101.0,1612.0
2021-01-05 09:34:19.661,0.4291,0.4299,2.0,0.4291,20.0,36101.0,1612.0
2021-01-05 09:34:20.180,0.4299,0.43,1.0,0.4291,10.0,36101.0,1614.0
2021-01-05 09:34:20.651,0.43,0.4303,2.0,0.4291,30.0,36101.0,1615.0
2021-01-05 09:34:21.200,0.4303,0.431,31.0,0.43,2.0,36101.0,1617.0
2021-01-05 09:34:21.690,0.4303,0.431,21.0,0.43,1.0,36101.0,1617.0
2021-01-05 09:34:22.151,0.4303,0.431,1.0,0.43,1.0,36101.0,1617.0
2021-01-05 09:34:22.651,0.4303,0.431,1.0,0.4296,10.0,36101.0,1617.0
2021-01-05 09:34:23.181,0.4303,0.431,11.0,0.4296,10.0,36101.0,1617.0
2021-01-05 09:34:23.661,0.4303,0.431,1.0,0.4296,10.0,36101.0,1617.0
2021-01-05 09:34:24.170,0.4303,0.431,1.0,0.4296,10.0,36101.0,1617.0
2021-01-05 09:34:24.600,0.4303,0.431,1.0,0.4296,10.0,36101.0,1617.0
2021-01-05 09:34:25.150,0.4303,0.4304,1.0,0.4298,10.0,36101.0,1617.0
2021-01-05 09:34:25.671,0.4304,0.431,1.0,0.4306,3.0,36101.0,1618.0
2021-01-05 09:34:26.170,0.431,0.4314,10.0,0.4311,1.0,36101.0,1619.0
2021-01-05 09:34:26.641,0.4315,0.4315,20.0,0.4298,10.0,36101.0,1623.0
2021-01-05 09:34:27.150,0.4315,0.4313,10.0,0.4299,2.0,36101.0,1623.0
2021-01-05 09:34:27.690,0.4315,0.4312,10.0,0.4299,2.0,36101.0,1623.0
2021-01-05 09:34:28.120,0.4315,0.4315,40.0,0.4298,10.0,36101.0,1623.0
2021-01-05 09:34:28.621,0.4315,0.431,1.0,0.4298,10.0,36101.0,1623.0
2021-01-05 09:34:29.090,0.4315,0.431,1.0,0.4298,10.0,36101.0,1623.0
2021-01-05 09:34:29.601,0.4315,0.4309,5.0,0.4298,10.0,36101.0,1623.0
2021-01-05 09:34:30.170,0.4315,0.4309,5.0,0.4298,10.0,36101.0,1623.0
2021-01-05 09:34:30.590,0.4315,0.4308,10.0,0.4299,2.0,36101.0,1623.0
2021-01-05 09:34:31.190,0.4315,0.431,1.0,0.4299,2.0,36101.0,1623.0
2021-01-05 09:34:31.691,0.4315,0.431,1.0,0.4301,10.0,36101.0,1623.0
2021-01-05 09:34:32.121,0.4315,0.431,1.0,0.4301,10.0,36101.0,1623.0
2021-01-05 09:34:32.640,0.431,0.4315,20.0,0.4301,10.0,36100.0,1624.0
2021-01-05 09:34:33.090,0.431,0.4315,20.0,0.4302,2.0,36100.0,1624.0
2021-01-05 09:34:33.330,0.431,0.432,1.0,0.4306,10.0,36100.0,1624.0
2021-01-05 09:34:34.171,0.431,0.4319,5.0,0.4306,10.0,36100.0,1624.0
2021-01-05 09:34:34.640,0.431,0.4319,5.0,0.4306,10.0,36100.0,1624.0
2021-01-05 09:34:35.130,0.431,0.432,1.0,0.4308,10.0,36100.0,1624.0
2021-01-05 09:34:35.691,0.431,0.432,1.0,0.431,10.0,36100.0,1624.0
2021-01-05 09:34:36.171,0.432,0.4327,20.0,0.431,10.0,36100.0,1625.0
2021-01-05 09:34:36.680,0.432,0.4327,20.0,0.4311,2.0,36100.0,1625.0
2021-01-05 09:34:37.161,0.432,0.4327,20.0,0.4311,2.0,36100.0,1625.0
2021-01-05 09:34:37.700,0.432,0.4327,20.0,0.4315,10.0,36100.0,1625.0
2021-01-05 09:34:38.171,0.432,0.4328,1.0,0.4315,10.0,36100.0,1625.0
2021-01-05 09:34:38.611,0.432,0.4328,1.0,0.4319,10.0,36100.0,1625.0
2021-01-05 09:34:39.091,0.432,0.4328,1.0,0.4319,10.0,36100.0,1625.0
2021-01-05 09:34:39.470,0.432,0.4328,1.0,0.432,4.0,36100.0,1625.0
2021-01-05 09:34:40.171,0.4328,0.4345,10.0,0.4328,1.0,36099.0,1626.0
2021-01-05 09:34:40.601,0.4329,0.4337,10.0,0.4329,4.0,36099.0,1627.0
2021-01-05 09:34:41.201,0.4329,0.4337,20.0,0.4329,4.0,36099.0,1627.0
2021-01-05 09:34:41.700,0.4329,0.4345,30.0,0.433,2.0,36099.0,1627.0
2021-01-05 09:34:42.171,0.4329,0.4342,10.0,0.4328,2.0,36099.0,1627.0
2021-01-05 09:34:42.680,0.4329,0.4342,10.0,0.4328,2.0,36099.0,1627.0
2021-01-05 09:34:43.191,0.4329,0.4342,10.0,0.4328,2.0,36099.0,1627.0
2021-01-05 09:34:43.671,0.4329,0.434,10.0,0.4328,2.0,36099.0,1627.0
2021-01-05 09:34:44.151,0.4329,0.4339,10.0,0.4328,2.0,36099.0,1627.0
2021-01-05 09:34:44.651,0.4329,0.4337,10.0,0.4328,1.0,36099.0,1627.0
2021-01-05 09:34:45.200,0.434,0.434,15.0,0.4328,3.0,36104.0,1632.0
2021-01-05 09:34:45.200,0.434,0.434,20.0,0.4328,3.0,36104.0,1632.0
2021-01-05 09:34:46.140,0.434,0.434,20.0,0.4329,10.0,36104.0,1632.0
2021-01-05 09:34:46.660,0.434,0.4342,10.0,0.4328,10.0,36104.0,1632.0
2021-01-05 09:34:47.181,0.434,0.4342,10.0,0.4328,12.0,36104.0,1632.0
2021-01-05 09:34:47.701,0.434,0.4344,10.0,0.433,10.0,36104.0,1632.0
2021-01-05 09:34:48.141,0.434,0.434,1.0,0.433,10.0,36104.0,1632.0
2021-01-05 09:34:49.210,0.434,0.434,1.0,0.4328,22.0,36104.0,1632.0
2021-01-05 09:34:49.701,0.434,0.4338,10.0,0.4328,11.0,36104.0,1632.0
2021-01-05 09:34:50.161,0.4328,0.4334,10.0,0.4326,2.0,36105.0,1643.0
2021-01-05 09:34:50.700,0.4328,0.4334,10.0,0.4323,2.0,36105.0,1643.0
2021-01-05 09:34:51.200,0.4328,0.4336,20.0,0.4323,10.0,36105.0,1643.0
2021-01-05 09:34:51.651,0.4328,0.4331,10.0,0.4317,10.0,36105.0,1643.0
2021-01-05 09:34:52.101,0.4328,0.4336,30.0,0.4323,10.0,36105.0,1643.0
2021-01-05 09:34:52.650,0.4328,0.4335,10.0,0.4319,20.0,36105.0,1643.0
2021-01-05 09:34:53.180,0.4328,0.4336,20.0,0.4323,10.0,36105.0,1643.0
2021-01-05 09:34:53.651,0.4328,0.434,1.0,0.4328,10.0,36105.0,1643.0
2021-01-05 09:34:54.170,0.4328,0.434,1.0,0.4336,29.0,36105.0,1643.0
2021-01-05 09:34:54.621,0.434,0.435,1.0,0.434,7.0,36105.0,1644.0
2021-01-05 09:34:55.040,0.434,0.435,1.0,0.4341,12.0,36105.0,1644.0
2021-01-05 09:34:55.651,0.435,0.4359,10.0,0.435,10.0,36105.0,1645.0
2021-01-05 09:34:56.051,0.4359,0.4363,10.0,0.435,11.0,36105.0,1648.0
2021-01-05 09:34:56.600,0.4359,0.4368,10.0,0.4359,3.0,36105.0,1648.0
2021-01-05 09:34:57.171,0.4359,0.4368,10.0,0.4359,3.0,36105.0,1648.0
2021-01-05 09:34:57.670,0.4359,0.437,10.0,0.4351,2.0,36105.0,1648.0
2021-01-05 09:34:58.160,0.4359,0.4368,10.0,0.4353,10.0,36105.0,1648.0
2021-01-05 09:34:58.640,0.4359,0.4365,10.0,0.4354,2.0,36105.0,1648.0
2021-01-05 09:34:59.151,0.4359,0.4369,10.0,0.4354,12.0,36105.0,1648.0
2021-01-05 09:34:59.610,0.4359,0.4367,10.0,0.4354,2.0,36106.0,1649.0
2021-01-05 09:35:00.160,0.4359,0.4372,10.0,0.4354,2.0,36106.0,1649.0
2021-01-05 09:35:00.630,0.4359,0.4372,20.0,0.4357,10.0,36106.0,1649.0
2021-01-05 09:35:00.640,0.4359,0.437,10.0,0.4358,2.0,36106.0,1649.0
2021-01-05 09:35:01.620,0.4359,0.4365,20.0,0.4354,2.0,36106.0,1649.0
2021-01-05 09:35:02.160,0.4359,0.4363,10.0,0.4351,2.0,36106.0,1649.0
2021-01-05 09:35:02.640,0.4359,0.436,10.0,0.4347,20.0,36106.0,1649.0
2021-01-05 09:35:03.180,0.4359,0.4356,10.0,0.4346,10.0,36106.0,1649.0
2021-01-05 09:35:03.510,0.4359,0.4348,10.0,0.4338,10.0,36106.0,1649.0
2021-01-05 09:35:04.181,0.4348,0.436,10.0,0.4348,10.0,36106.0,1658.0
2021-01-05 09:35:05.180,0.4348,0.4358,20.0,0.4349,2.0,36106.0,1658.0
2021-01-05 09:35:05.671,0.4348,0.4358,20.0,0.4348,10.0,36106.0,1658.0
2021-01-05 09:35:06.180,0.4358,0.4358,10.0,0.4349,4.0,36123.0,1675.0
2021-01-05 09:35:06.680,0.4358,0.4364,10.0,0.4351,10.0,36123.0,1685.0
2021-01-05 09:35:07.131,0.4358,0.4366,10.0,0.4358,17.0,36123.0,1685.0
2021-01-05 09:35:07.650,0.4358,0.4368,21.0,0.4359,6.0,36123.0,1685.0
2021-01-05 09:35:08.171,0.4358,0.4368,1.0,0.4362,10.0,36123.0,1685.0
2021-01-05 09:35:08.680,0.4368,0.437,1.0,0.4368,3.0,36122.0,1686.0
2021-01-05 09:35:09.191,0.4374,0.4385,10.0,0.4371,11.0,36122.0,1688.0
2021-01-05 09:35:09.700,0.4374,0.4385,10.0,0.4371,21.0,36122.0,1688.0
2021-01-05 09:35:10.180,0.4374,0.4385,20.0,0.4371,21.0,36122.0,1688.0
2021-01-05 09:35:10.691,0.4374,0.4383,10.0,0.4372,2.0,36122.0,1688.0
2021-01-05 09:35:11.131,0.4374,0.4386,10.0,0.4372,2.0,36122.0,1688.0
2021-01-05 09:35:11.671,0.4374,0.4391,20.0,0.4374,10.0,36122.0,1688.0
2021-01-05 09:35:12.101,0.4374,0.439,20.0,0.4374,20.0,36122.0,1688.0
2021-01-05 09:35:12.301,0.4374,0.4388,10.0,0.4374,10.0,36122.0,1688.0
2021-01-05 09:35:13.160,0.4374,0.4374,9.0,0.437,3.0,36123.0,1695.0
2021-01-05 09:35:13.640,0.4374,0.437,13.0,0.4368,10.0,36132.0,1704.0
2021-01-05 09:35:14.191,0.4368,0.4363,5.0,0.4351,30.0,36142.0,1714.0
2021-01-05 09:35:14.691,0.4368,0.4356,10.0,0.4343,30.0,36142.0,1714.0
2021-01-05 09:35:15.171,0.4355,0.4358,10.0,0.4356,2.0,36142.0,1718.0
2021-01-05 09:35:15.690,0.4358,0.4356,1.0,0.4352,10.0,36142.0,1724.0
2021-01-05 09:35:16.141,0.4356,0.4368,10.0,0.4356,21.0,36142.0,1725.0
2021-01-05 09:35:16.660,0.4356,0.4367,10.0,0.4356,11.0,36142.0,1725.0
2021-01-05 09:35:17.190,0.4356,0.4356,3.0,0.435,20.0,36142.0,1725.0
2021-01-05 09:35:17.680,0.4362,0.4362,2.0,0.4348,10.0,36150.0,1733.0
2021-01-05 09:35:18.151,0.4362,0.435,20.0,0.4347,10.0,36150.0,1733.0
2021-01-05 09:35:18.641,0.4347,0.4353,10.0,0.4344,10.0,36170.0,1756.0
2021-01-05 09:35:19.180,0.4347,0.4354,10.0,0.434,10.0,36170.0,1756.0
2021-01-05 09:35:19.641,0.434,0.4351,10.0,0.4337,10.0,36170.0,1766.0
2021-01-05 09:35:20.170,0.434,0.4351,10.0,0.4337,20.0,36170.0,1766.0
2021-01-05 09:35:20.631,0.4351,0.4356,10.0,0.4343,10.0,36170.0,1769.0
2021-01-05 09:35:21.180,0.4356,0.436,10.0,0.4356,10.0,36178.0,1779.0
2021-01-05 09:35:21.340,0.436,0.4368,10.0,0.436,4.0,36178.0,1802.0
2021-01-05 09:35:22.171,0.436,0.4371,10.0,0.4361,2.0,36178.0,1802.0
2021-01-05 09:35:22.650,0.436,0.4372,10.0,0.4362,4.0,36178.0,1802.0
2021-01-05 09:35:23.130,0.436,0.4362,9.0,0.436,1.0,36178.0,1802.0
2021-01-05 09:35:23.680,0.436,0.4371,10.0,0.4361,4.0,36178.0,1802.0
2021-01-05 09:35:24.171,0.4361,0.4361,6.0,0.436,1.0,36178.0,1805.0
2021-01-05 09:35:24.671,0.4361,0.437,10.0,0.4354,10.0,36178.0,1812.0
2021-01-05 09:35:24.671,0.4361,0.4369,10.0,0.4356,20.0,36178.0,1812.0
2021-01-05 09:35:25.620,0.4361,0.4373,10.0,0.4358,20.0,36178.0,1812.0
2021-01-05 09:35:26.160,0.4361,0.4372,10.0,0.4358,10.0,36178.0,1812.0
2021-01-05 09:35:26.651,0.4361,0.4376,10.0,0.4358,10.0,36178.0,1812.0
2021-01-05 09:35:27.120,0.4361,0.4374,10.0,0.436,10.0,36178.0,1812.0
2021-01-05 09:35:27.641,0.4361,0.4367,10.0,0.4359,20.0,36178.0,1812.0
2021-01-05 09:35:28.171,0.4361,0.4367,10.0,0.4357,10.0,36178.0,1812.0
2021-01-05 09:35:28.680,0.4361,0.436,1.0,0.4357,10.0,36178.0,1812.0
2021-01-05 09:35:29.160,0.436,0.4368,10.0,0.4357,10.0,36178.0,1813.0
2021-01-05 09:35:29.620,0.436,0.4366,10.0,0.4357,10.0,36178.0,1813.0
2021-01-05 09:35:30.121,0.436,0.4376,10.0,0.436,10.0,36178.0,1813.0
2021-01-05 09:35:30.690,0.436,0.4375,10.0,0.4361,10.0,36178.0,1813.0
2021-01-05 09:35:31.170,0.436,0.4375,20.0,0.436,20.0,36178.0,1813.0
2021-01-05 09:35:31.700,0.436,0.4371,10.0,0.4357,22.0,36178.0,1813.0
2021-01-05 09:35:32.150,0.436,0.4377,30.0,0.436,10.0,36178.0,1813.0
2021-01-05 09:35:32.630,0.436,0.4373,10.0,0.436,30.0,36178.0,1813.0
2021-01-05 09:35:33.160,0.436,0.4377,20.0,0.4362,10.0,36178.0,1813.0
2021-01-05 09:35:33.650,0.436,0.438,10.0,0.4363,22.0,36178.0,1813.0
2021-01-05 09:35:34.180,0.436,0.4381,10.0,0.4367,10.0,36178.0,1813.0
2021-01-05 09:35:34.611,0.436,0.4382,10.0,0.4375,50.0,36178.0,1813.0
2021-01-05 09:35:35.200,0.436,0.4383,10.0,0.4375,50.0,36178.0,1813.0
2021-01-05 09:35:35.590,0.436,0.4386,20.0,0.4375,50.0,36178.0,1813.0
2021-01-05 09:35:36.180,0.436,0.4388,10.0,0.4375,50.0,36178.0,1813.0
2021-01-05 09:35:36.581,0.436,0.4387,10.0,0.4375,50.0,36178.0,1813.0
2021-01-05 09:35:37.171,0.436,0.4389,10.0,0.4375,52.0,36178.0,1813.0
2021-01-05 09:35:37.640,0.436,0.4388,20.0,0.4375,52.0,36178.0,1813.0
2021-01-05 09:35:38.190,0.436,0.4388,20.0,0.4375,52.0,36178.0,1813.0
2021-01-05 09:35:38.651,0.436,0.4383,10.0,0.4375,50.0,36178.0,1813.0
2021-01-05 09:35:39.140,0.4375,0.4383,10.0,0.4375,47.0,36181.0,1816.0
2021-01-05 09:35:39.690,0.4375,0.4382,10.0,0.4375,45.0,36183.0,1818.0
2021-01-05 09:35:40.191,0.4375,0.4375,5.0,0.4367,20.0,36220.0,1863.0
2021-01-05 09:35:40.691,0.4375,0.4375,8.0,0.4364,10.0,36220.0,1868.0
2021-01-05 09:35:40.950,0.4375,0.4377,10.0,0.4364,12.0,36220.0,1876.0
2021-01-05 09:35:41.680,0.4375,0.4374,10.0,0.4364,10.0,36220.0,1876.0
2021-01-05 09:35:42.160,0.4375,0.4378,20.0,0.4364,12.0,36220.0,1876.0
2021-01-05 09:35:42.621,0.4378,0.4381,20.0,0.4369,10.0,36225.0,1896.0
2021-01-05 09:35:43.190,0.4378,0.4384,10.0,0.4373,10.0,36225.0,1896.0
2021-01-05 09:35:43.661,0.4378,0.4379,10.0,0.4371,20.0,36225.0,1896.0
2021-01-05 09:35:44.101,0.4379,0.4383,20.0,0.4372,2.0,36225.0,1899.0
2021-01-05 09:35:44.681,0.4379,0.4388,20.0,0.4383,4.0,36225.0,1899.0
2021-01-05 09:35:45.071,0.4379,0.4392,10.0,0.4383,9.0,36225.0,1899.0
2021-01-05 09:35:45.670,0.4391,0.4396,30.0,0.4383,8.0,36225.0,1901.0
2021-01-05 09:35:45.870,0.4391,0.4397,10.0,0.4383,10.0,36225.0,1901.0
2021-01-05 09:35:46.700,0.4391,0.4398,1.0,0.4387,10.0,36225.0,1901.0
2021-01-05 09:35:47.201,0.4391,0.4398,1.0,0.4386,10.0,36225.0,1901.0
2021-01-05 09:35:47.591,0.4391,0.4398,1.0,0.4389,10.0,36225.0,1901.0
2021-01-05 09:35:48.020,0.4398,0.44,1.0,0.4392,10.0,36225.0,1902.0
2021-01-05 09:35:48.650,0.4398,0.44,11.0,0.4389,20.0,36225.0,1902.0
2021-01-05 09:35:49.190,0.4398,0.44,1.0,0.439,2.0,36225.0,1902.0
2021-01-05 09:35:49.701,0.4398,0.44,1.0,0.439,2.0,36225.0,1902.0
2021-01-05 09:35:50.121,0.4398,0.44,1.0,0.4391,10.0,36225.0,1902.0
2021-01-05 09:35:50.680,0.4398,0.44,1.0,0.439,2.0,36225.0,1902.0
2021-01-05 09:35:51.710,0.4398,0.44,21.0,0.4389,20.0,36225.0,1902.0
2021-01-05 09:35:52.661,0.4389,0.4389,27.0,0.4388,10.0,36225.0,1922.0
2021-01-05 09:35:52.990,0.4389,0.44,11.0,0.4388,12.0,36240.0,1949.0
2021-01-05 09:35:53.570,0.4388,0.439,8.0,0.4385,10.0,36240.0,1961.0
2021-01-05 09:35:54.161,0.439,0.4396,10.0,0.4384,10.0,36240.0,1979.0
2021-01-05 09:35:54.371,0.4395,0.4384,6.0,0.4378,10.0,36245.0,1984.0
2021-01-05 09:35:55.141,0.4395,0.4378,3.0,0.4372,10.0,36245.0,1984.0
2021-01-05 09:35:55.381,0.4372,0.4383,10.0,0.4368,20.0,36255.0,1994.0
2021-01-05 09:35:56.121,0.4372,0.4382,10.0,0.4368,10.0,36255.0,1994.0
2021-01-05 09:35:56.690,0.4372,0.4384,6.0,0.4373,10.0,36255.0,1994.0
2021-01-05 09:35:57.060,0.4372,0.4383,10.0,0.4373,10.0,36255.0,1994.0
2021-01-05 09:35:57.681,0.4372,0.4383,10.0,0.4373,10.0,36255.0,1994.0
2021-01-05 09:35:58.150,0.4372,0.4386,10.0,0.4373,10.0,36255.0,1994.0
2021-01-05 09:35:58.701,0.4372,0.4387,10.0,0.4384,2.0,36255.0,1994.0
2021-01-05 09:35:58.970,0.4387,0.4388,10.0,0.4376,10.0,36258.0,2004.0
2021-01-05 09:35:59.640,0.4387,0.4391,20.0,0.4388,1.0,36258.0,2004.0
2021-01-05 09:36:00.201,0.4391,0.4397,20.0,0.4391,5.0,36258.0,2024.0
2021-01-05 09:36:00.441,0.4391,0.44,21.0,0.4391,12.0,36258.0,2024.0
2021-01-05 09:36:01.181,0.4391,0.4399,10.0,0.4391,1.0,36258.0,2024.0
2021-01-05 09:36:01.671,0.4391,0.4391,9.0,0.4385,20.0,36258.0,2025.0
2021-01-05 09:36:02.170,0.4385,0.4385,3.0,0.438,10.0,36260.0,2056.0
2021-01-05 09:36:02.610,0.438,0.4384,1.0,0.4375,20.0,36260.0,2060.0
2021-01-05 09:36:03.150,0.438,0.4383,4.0,0.437,10.0,36260.0,2060.0
2021-01-05 09:36:03.700,0.438,0.4382,1.0,0.437,10.0,36260.0,2060.0
2021-01-05 09:36:04.201,0.438,0.4382,11.0,0.437,10.0,36260.0,2060.0
2021-01-05 09:36:04.620,0.438,0.4382,1.0,0.437,10.0,36260.0,2060.0
2021-01-05 09:36:05.150,0.438,0.4384,10.0,0.4372,10.0,36260.0,2060.0
2021-01-05 09:36:05.590,0.438,0.439,30.0,0.4376,10.0,36260.0,2060.0
2021-01-05 09:36:06.180,0.438,0.4389,11.0,0.4375,10.0,36260.0,2060.0
2021-01-05 09:36:06.691,0.438,0.4387,10.0,0.4374,20.0,36260.0,2060.0
2021-01-05 09:36:07.181,0.438,0.4387,10.0,0.4374,20.0,36260.0,2060.0
2021-01-05 09:36:07.640,0.438,0.4386,20.0,0.4374,20.0,36260.0,2060.0
2021-01-05 09:36:09.161,0.438,0.4385,1.0,0.437,20.0,36260.0,2060.0
2021-01-05 09:36:09.691,0.438,0.4383,10.0,0.437,10.0,36260.0,2060.0
2021-01-05 09:36:10.101,0.438,0.4378,10.0,0.4366,20.0,36260.0,2060.0
2021-01-05 09:36:10.671,0.438,0.4379,20.0,0.4366,20.0,36260.0,2060.0
2021-01-05 09:36:11.180,0.438,0.4375,10.0,0.4363,10.0,36260.0,2060.0
2021-01-05 09:36:11.651,0.438,0.4382,10.0,0.4366,10.0,36260.0,2060.0
2021-01-05 09:36:12.181,0.438,0.4381,10.0,0.4366,10.0,36260.0,2060.0
2021-01-05 09:36:12.260,0.438,0.4381,10.0,0.4368,10.0,36260.0,2060.0
2021-01-05 09:36:13.190,0.438,0.4381,1.0,0.4368,10.0,36260.0,2060.0
2021-01-05 09:36:13.680,0.438,0.438,10.0,0.4368,10.0,36260.0,2060.0
2021-01-05 09:36:14.150,0.438,0.438,11.0,0.4368,10.0,36260.0,2060.0
2021-01-05 09:36:14.611,0.438,0.438,21.0,0.4368,10.0,36260.0,2060.0
2021-01-05 09:36:15.140,0.438,0.438,10.0,0.4365,30.0,36260.0,2060.0
2021-01-05 09:36:15.660,0.438,0.4379,10.0,0.4365,30.0,36260.0,2060.0
2021-01-05 09:36:16.150,0.438,0.4379,10.0,0.4365,10.0,36260.0,2060.0
2021-01-05 09:36:17.180,0.438,0.4378,10.0,0.4365,10.0,36260.0,2060.0
2021-01-05 09:36:17.670,0.438,0.4378,10.0,0.4365,10.0,36260.0,2060.0
2021-01-05 09:36:18.181,0.438,0.4377,11.0,0.4364,10.0,36260.0,2060.0
2021-01-05 09:36:18.640,0.438,0.4376,10.0,0.4363,10.0,36260.0,2060.0
2021-01-05 09:36:18.680,0.438,0.4377,1.0,0.4364,20.0,36260.0,2060.0
2021-01-05 09:36:19.691,0.438,0.4375,1.0,0.4364,20.0,36260.0,2060.0
2021-01-05 09:36:20.161,0.438,0.4375,1.0,0.4364,10.0,36260.0,2060.0
2021-01-05 09:36:20.680,0.438,0.4375,11.0,0.4363,10.0,36260.0,2060.0
2021-01-05 09:36:21.120,0.438,0.4374,20.0,0.436,20.0,36260.0,2060.0
2021-01-05 09:36:21.691,0.438,0.4373,11.0,0.436,20.0,36260.0,2060.0
2021-01-05 09:36:22.171,0.438,0.4373,11.0,0.436,20.0,36260.0,2060.0
2021-01-05 09:36:22.680,0.438,0.4373,11.0,0.436,30.0,36260.0,2060.0
2021-01-05 09:36:23.191,0.436,0.4373,11.0,0.436,25.0,36260.0,2065.0
2021-01-05 09:36:23.681,0.436,0.4375,1.0,0.4365,10.0,36260.0,2065.0
2021-01-05 09:36:24.150,0.436,0.4375,1.0,0.4369,10.0,36260.0,2065.0
2021-01-05 09:36:24.651,0.4375,0.4384,10.0,0.4375,1.0,36260.0,2066.0
2021-01-05 09:36:25.181,0.4375,0.4384,10.0,0.4372,10.0,36260.0,2066.0
2021-01-05 09:36:25.650,0.4375,0.4381,20.0,0.4365,30.0,36260.0,2066.0
2021-01-05 09:36:26.171,0.4375,0.4381,20.0,0.4368,10.0,36260.0,2066.0
2021-01-05 09:36:26.651,0.4375,0.4383,1.0,0.4375,10.0,36260.0,2066.0
2021-01-05 09:36:27.070,0.4375,0.4383,1.0,0.4375,10.0,36260.0,2066.0
2021-01-05 09:36:27.690,0.4383,0.439,10.0,0.4383,2.0,36260.0,2067.0
2021-01-05 09:36:28.040,0.4383,0.4397,20.0,0.4383,13.0,36260.0,2067.0
2021-01-05 09:36:28.601,0.4383,0.4397,10.0,0.439,16.0,36260.0,2067.0
2021-01-05 09:36:29.100,0.4383,0.44,1.0,0.439,6.0,36260.0,2067.0
2021-01-05 09:36:29.651,0.4383,0.4399,10.0,0.4397,10.0,36260.0,2067.0
2021-01-05 09:36:30.120,0.4383,0.4397,1.0,0.439,10.0,36260.0,2067.0
2021-01-05 09:36:30.651,0.4383,0.4397,5.0,0.4391,10.0,36260.0,2067.0
2021-01-05 09:36:31.181,0.4397,0.4397,1.0,0.439,10.0,36260.0,2071.0
2021-01-05 09:36:31.690,0.4397,0.4397,1.0,0.439,10.0,36260.0,2071.0
2021-01-05 09:36:32.130,0.4397,0.4397,1.0,0.4389,10.0,36260.0,2071.0
2021-01-05 09:36:32.660,0.4397,0.4391,1.0,0.4389,10.0,36260.0,2071.0
2021-01-05 09:36:33.200,0.4391,0.4396,1.0,0.4391,2.0,36259.0,2072.0
2021-01-05 09:36:33.670,0.4391,0.4396,1.0,0.4384,10.0,36258.0,2073.0
2021-01-05 09:36:33.680,0.4391,0.4396,1.0,0.4386,10.0,36258.0,2073.0
2021-01-05 09:36:34.500,0.4396,0.44,11.0,0.4386,10.0,36258.0,2074.0
2021-01-05 09:36:34.971,0.4396,0.4396,20.0,0.4383,10.0,36258.0,2074.0
2021-01-05 09:36:35.701,0.4396,0.4397,10.0,0.4383,10.0,36258.0,2074.0
2021-01-05 09:36:35.701,0.4396,0.44,1.0,0.4396,33.0,36258.0,2074.0
2021-01-05 09:36:36.270,0.4397,0.44,1.0,0.4397,23.0,36258.0,2075.0
2021-01-05 09:36:36.940,0.44,0.4401,20.0,0.4397,4.0,36257.0,2076.0
2021-01-05 09:36:37.490,0.44,0.4403,10.0,0.44,2.0,36257.0,2076.0
2021-01-05 09:36:37.970,0.44,0.44,2.0,0.4397,4.0,36257.0,2076.0
2021-01-05 09:36:38.640,0.44,0.4406,20.0,0.4397,4.0,36257.0,2076.0
2021-01-05 09:36:39.090,0.44,0.4405,14.0,0.4393,10.0,36257.0,2076.0
2021-01-05 09:36:39.680,0.44,0.4405,14.0,0.439,10.0,36257.0,2076.0
2021-01-05 09:36:40.191,0.44,0.44,10.0,0.4387,20.0,36257.0,2076.0
2021-01-05 09:36:40.671,0.44,0.4405,4.0,0.4393,10.0,36257.0,2076.0
2021-01-05 09:36:41.201,0.44,0.4404,20.0,0.4391,10.0,36257.0,2076.0
2021-01-05 09:36:41.641,0.44,0.4393,6.0,0.4387,10.0,36257.0,2076.0
2021-01-05 09:36:41.770,0.44,0.44,10.0,0.4393,6.0,36257.0,2076.0
2021-01-05 09:36:42.221,0.4393,0.44,20.0,0.4387,10.0,36257.0,2082.0
2021-01-05 09:36:43.111,0.4393,0.44,10.0,0.4388,10.0,36257.0,2082.0
2021-01-05 09:36:43.700,0.4393,0.44,10.0,0.439,20.0,36257.0,2082.0
2021-01-05 09:36:44.200,0.4393,0.44,10.0,0.439,20.0,36257.0,2082.0
2021-01-05 09:36:44.680,0.4393,0.4401,20.0,0.439,20.0,36257.0,2082.0
2021-01-05 09:36:45.001,0.4393,0.4406,20.0,0.44,20.0,36257.0,2082.0
2021-01-05 09:36:45.631,0.4393,0.4406,20.0,0.4401,12.0,36257.0,2082.0
2021-01-05 09:36:46.050,0.4393,0.4408,30.0,0.4402,5.0,36257.0,2082.0
2021-01-05 09:36:46.501,0.4408,0.4408,26.0,0.4406,45.0,36254.0,2086.0
2021-01-05 09:36:47.080,0.4408,0.4418,10.0,0.4408,1.0,36227.0,2113.0
2021-01-05 09:36:47.621,0.4408,0.4418,10.0,0.4408,34.0,36227.0,2113.0
2021-01-05 09:36:47.660,0.4408,0.4418,10.0,0.4405,10.0,36227.0,2113.0
2021-01-05 09:36:48.620,0.4408,0.4417,10.0,0.4403,10.0,36227.0,2113.0
2021-01-05 09:36:49.031,0.4408,0.4419,20.0,0.4409,10.0,36227.0,2113.0
2021-01-05 09:36:49.700,0.4408,0.4419,40.0,0.4405,20.0,36227.0,2113.0
2021-01-05 09:36:50.201,0.4408,0.4419,10.0,0.4405,20.0,36227.0,2113.0
2021-01-05 09:36:50.670,0.4408,0.4419,20.0,0.4405,20.0,36227.0,2113.0
2021-01-05 09:36:51.171,0.4408,0.4418,10.0,0.4405,30.0,36227.0,2113.0
2021-01-05 09:36:51.671,0.4408,0.4418,10.0,0.4405,20.0,36227.0,2113.0
2021-01-05 09:36:52.180,0.4408,0.4419,20.0,0.4407,10.0,36227.0,2113.0
2021-01-05 09:36:52.670,0.4408,0.4424,20.0,0.441,10.0,36227.0,2113.0
2021-01-05 09:36:53.191,0.4408,0.4423,10.0,0.4411,10.0,36227.0,2113.0
2021-01-05 09:36:53.631,0.4408,0.4423,10.0,0.4413,10.0,36227.0,2113.0
2021-01-05 09:36:54.180,0.4408,0.4413,6.0,0.4405,20.0,36227.0,2113.0
2021-01-05 09:36:54.631,0.4405,0.4413,19.0,0.4403,1.0,36228.0,2114.0
2021-01-05 09:36:55.141,0.4405,0.4413,15.0,0.4407,10.0,36228.0,2115.0
2021-01-05 09:36:55.260,0.4407,0.4407,1.0,0.4403,1.0,36228.0,2125.0
2021-01-05 09:36:56.141,0.4407,0.4407,1.0,0.4403,1.0,36228.0,2125.0
2021-01-05 09:36:56.691,0.4407,0.4416,10.0,0.4407,6.0,36228.0,2126.0
2021-01-05 09:36:57.171,0.4407,0.4415,10.0,0.4407,11.0,36228.0,2126.0
2021-01-05 09:36:58.160,0.4407,0.4415,10.0,0.4404,6.0,36228.0,2126.0
2021-01-05 09:36:58.610,0.4407,0.4414,10.0,0.4403,1.0,36228.0,2126.0
2021-01-05 09:36:59.081,0.4407,0.4414,20.0,0.4403,21.0,36228.0,2126.0
2021-01-05 09:36:59.690,0.4407,0.4419,20.0,0.4408,10.0,36228.0,2126.0
2021-01-05 09:37:00.151,0.4407,0.4423,10.0,0.4408,10.0,36228.0,2126.0
2021-01-05 09:37:00.251,0.4407,0.4423,10.0,0.4408,20.0,36228.0,2126.0
2021-01-05 09:37:01.081,0.4407,0.4422,4.0,0.4408,20.0,36228.0,2126.0
2021-01-05 09:37:01.630,0.4407,0.4419,10.0,0.4404,10.0,36228.0,2126.0
2021-01-05 09:37:02.191,0.4407,0.4416,10.0,0.4403,11.0,36228.0,2126.0
2021-01-05 09:37:02.610,0.4407,0.4413,20.0,0.4403,1.0,36228.0,2126.0
2021-01-05 09:37:03.151,0.4407,0.4413,10.0,0.4403,1.0,36228.0,2126.0
2021-01-05 09:37:03.630,0.4401,0.4403,1.0,0.4398,10.0,36228.0,2128.0
2021-01-05 09:37:04.200,0.4401,0.4405,20.0,0.4397,1.0,36228.0,2128.0
2021-01-05 09:37:04.350,0.4401,0.4405,20.0,0.4397,1.0,36228.0,2128.0
2021-01-05 09:37:04.971,0.4397,0.4397,2.0,0.4391,10.0,36229.0,2129.0
2021-01-05 09:37:05.660,0.4397,0.44,10.0,0.4386,10.0,36229.0,2129.0
2021-01-05 09:37:06.171,0.4397,0.4399,10.0,0.4386,10.0,36229.0,2129.0
2021-01-05 09:37:06.700,0.4397,0.44,10.0,0.4386,10.0,36229.0,2129.0
2021-01-05 09:37:07.180,0.4397,0.44,10.0,0.4386,10.0,36229.0,2129.0
2021-01-05 09:37:07.681,0.4397,0.4403,20.0,0.4386,30.0,36229.0,2129.0
2021-01-05 09:37:08.190,0.4397,0.4407,10.0,0.4393,10.0,36229.0,2129.0
2021-01-05 09:37:08.630,0.4397,0.441,20.0,0.4395,10.0,36229.0,2129.0
2021-01-05 09:37:09.170,0.4397,0.4412,10.0,0.4398,10.0,36229.0,2129.0
2021-01-05 09:37:09.660,0.4397,0.4411,10.0,0.4398,10.0,36229.0,2129.0
2021-01-05 09:37:10.121,0.4398,0.4403,10.0,0.4396,10.0,36229.0,2139.0
2021-01-05 09:37:10.701,0.4396,0.4396,1.0,0.4389,10.0,36236.0,2146.0
2021-01-05 09:37:11.080,0.4396,0.4396,4.0,0.4389,10.0,36236.0,2146.0
2021-01-05 09:37:11.700,0.4396,0.4396,4.0,0.4385,1.0,36236.0,2146.0
2021-01-05 09:37:12.100,0.4396,0.4396,1.0,0.4385,1.0,36236.0,2146.0
2021-01-05 09:37:12.620,0.4396,0.4396,1.0,0.4385,1.0,36236.0,2146.0
2021-01-05 09:37:12.941,0.4396,0.4395,10.0,0.4385,1.0,36236.0,2146.0
2021-01-05 09:37:13.681,0.4395,0.4405,30.0,0.439,10.0,36236.0,2147.0
2021-01-05 09:37:14.130,0.4395,0.4405,30.0,0.439,20.0,36236.0,2147.0
2021-01-05 09:37:14.651,0.4395,0.4405,20.0,0.439,40.0,36236.0,2147.0
2021-01-05 09:37:15.160,0.4395,0.4409,10.0,0.4399,10.0,36236.0,2147.0
2021-01-05 09:37:15.671,0.4395,0.4408,14.0,0.4397,20.0,36236.0,2147.0
2021-01-05 09:37:16.190,0.4397,0.4407,10.0,0.4397,19.0,36235.0,2148.0
2021-01-05 09:37:16.201,0.4397,0.4401,20.0,0.4397,1.0,36235.0,2148.0
2021-01-05 09:37:17.020,0.4397,0.4401,20.0,0.439,20.0,36236.0,2149.0
2021-01-05 09:37:17.671,0.4397,0.4401,10.0,0.439,20.0,36236.0,2149.0
2021-01-05 09:37:18.061,0.4397,0.4404,10.0,0.439,20.0,36236.0,2149.0
2021-01-05 09:37:18.641,0.4397,0.4404,20.0,0.4391,6.0,36236.0,2149.0
2021-01-05 09:37:18.891,0.4397,0.4408,10.0,0.4392,20.0,36236.0,2149.0
2021-01-05 09:37:19.331,0.4397,0.4405,10.0,0.4392,10.0,36236.0,2149.0
2021-01-05 09:37:20.191,0.4397,0.4407,10.0,0.4392,20.0,36236.0,2149.0
2021-01-05 09:37:20.691,0.4397,0.4407,20.0,0.4392,20.0,36236.0,2149.0
2021-01-05 09:37:21.200,0.4397,0.4401,10.0,0.4391,5.0,36236.0,2149.0
2021-01-05 09:37:21.701,0.4397,0.4399,15.0,0.4391,5.0,36236.0,2149.0
2021-01-05 09:37:22.030,0.4391,0.4398,5.0,0.439,1.0,36236.0,2154.0
2021-01-05 09:37:22.641,0.4391,0.4398,15.0,0.439,1.0,36236.0,2154.0
2021-01-05 09:37:23.150,0.4391,0.4397,1.0,0.439,1.0,36236.0,2154.0
2021-01-05 09:37:23.690,0.4391,0.4396,10.0,0.439,1.0,36236.0,2154.0
2021-01-05 09:37:24.080,0.439,0.4398,10.0,0.4385,1.0,36237.0,2155.0
2021-01-05 09:37:24.631,0.439,0.4397,10.0,0.4386,5.0,36237.0,2155.0
2021-01-05 09:37:25.200,0.439,0.4401,10.0,0.4387,10.0,36237.0,2155.0
2021-01-05 09:37:25.670,0.439,0.4399,10.0,0.4387,10.0,36237.0,2155.0
2021-01-05 09:37:26.170,0.439,0.4401,10.0,0.4387,10.0,36237.0,2155.0
2021-01-05 09:37:26.650,0.439,0.4397,10.0,0.4385,1.0,36237.0,2155.0
2021-01-05 09:37:27.121,0.439,0.4398,10.0,0.4385,1.0,36237.0,2155.0
2021-01-05 09:37:27.551,0.439,0.4399,10.0,0.4386,15.0,36237.0,2155.0
2021-01-05 09:37:29.130,0.439,0.4403,30.0,0.4387,10.0,36237.0,2155.0
2021-01-05 09:37:29.691,0.439,0.4403,30.0,0.4387,10.0,36237.0,2155.0
2021-01-05 09:37:30.150,0.439,0.4393,10.0,0.4385,1.0,36237.0,2155.0
2021-01-05 09:37:30.590,0.439,0.4403,20.0,0.4393,1.0,36237.0,2155.0
2021-01-05 09:37:31.190,0.4393,0.4401,10.0,0.4388,10.0,36237.0,2156.0
2021-01-05 09:37:31.691,0.4393,0.44,10.0,0.4388,10.0,36237.0,2156.0
2021-01-05 09:37:32.141,0.4393,0.4401,10.0,0.4386,10.0,36237.0,2156.0
2021-01-05 09:37:32.571,0.4393,0.4402,1.0,0.4391,10.0,36237.0,2156.0
2021-01-05 09:37:33.180,0.4402,0.4413,10.0,0.4402,3.0,36237.0,2157.0
2021-01-05 09:37:33.270,0.4402,0.4412,23.0,0.4399,20.0,36237.0,2159.0
2021-01-05 09:37:34.200,0.4402,0.4408,10.0,0.4399,20.0,36237.0,2159.0
2021-01-05 09:37:34.431,0.4402,0.441,20.0,0.4399,20.0,36237.0,2159.0
2021-01-05 09:37:35.170,0.4399,0.4406,10.0,0.4399,17.0,36237.0,2162.0
2021-01-05 09:37:35.641,0.4399,0.4399,1.0,0.4392,10.0,36237.0,2179.0
2021-01-05 09:37:35.881,0.4399,0.4399,1.0,0.4392,10.0,36237.0,2179.0
2021-01-05 09:37:36.630,0.4399,0.4399,1.0,0.4392,10.0,36237.0,2179.0
2021-01-05 09:37:37.180,0.4392,0.4399,1.0,0.439,20.0,36237.0,2185.0
2021-01-05 09:37:37.691,0.439,0.4396,11.0,0.4388,10.0,36237.0,2187.0
2021-01-05 09:37:37.981,0.439,0.4395,4.0,0.4388,10.0,36237.0,2187.0
2021-01-05 09:37:38.651,0.439,0.4393,10.0,0.4385,1.0,36237.0,2187.0
2021-01-05 09:37:39.170,0.439,0.4388,3.0,0.4385,1.0,36237.0,2187.0
2021-01-05 09:37:39.641,0.4385,0.4385,1.0,0.4381,10.0,36238.0,2188.0
2021-01-05 09:37:40.161,0.4385,0.4388,3.0,0.4387,1.0,36238.0,2189.0
2021-01-05 09:37:40.701,0.4387,0.4387,1.0,0.4382,5.0,36239.0,2190.0
2021-01-05 09:37:41.131,0.4387,0.4387,1.0,0.4382,5.0,36239.0,2190.0
2021-01-05 09:37:41.671,0.4382,0.4387,1.0,0.4382,2.0,36239.0,2193.0
2021-01-05 09:37:42.130,0.4382,0.4379,3.0,0.4377,10.0,36239.0,2193.0
2021-01-05 09:37:42.130,0.4382,0.4379,3.0,0.4377,10.0,36239.0,2193.0
2021-01-05 09:37:43.181,0.4377,0.4379,3.0,0.4375,10.0,36242.0,2196.0
2021-01-05 09:37:43.640,0.4374,0.4382,11.0,0.4374,20.0,36242.0,2197.0
2021-01-05 09:37:44.190,0.4374,0.4381,6.0,0.4368,30.0,36242.0,2197.0
2021-01-05 09:37:44.651,0.4374,0.438,10.0,0.4368,30.0,36242.0,2197.0
2021-01-05 09:37:45.171,0.4374,0.438,11.0,0.4365,10.0,36242.0,2197.0
2021-01-05 09:37:45.191,0.4374,0.4379,10.0,0.4365,10.0,36242.0,2197.0
2021-01-05 09:37:46.161,0.4374,0.4379,10.0,0.4365,10.0,36242.0,2197.0
2021-01-05 09:37:46.520,0.4374,0.4379,10.0,0.4366,4.0,36242.0,2197.0
2021-01-05 09:37:47.131,0.4374,0.4379,10.0,0.4367,14.0,36242.0,2197.0
2021-01-05 09:37:47.661,0.4379,0.4382,1.0,0.4379,6.0,36242.0,2207.0
2021-01-05 09:37:47.951,0.4379,0.4382,1.0,0.4379,9.0,36242.0,2209.0
2021-01-05 09:37:48.520,0.4382,0.4385,10.0,0.4382,1.0,36241.0,2210.0
2021-01-05 09:37:48.841,0.4382,0.4385,20.0,0.4373,20.0,36241.0,2211.0
2021-01-05 09:37:49.670,0.4382,0.4382,1.0,0.437,10.0,36241.0,2211.0
2021-01-05 09:37:50.220,0.4382,0.4382,1.0,0.4371,20.0,36241.0,2211.0
2021-01-05 09:37:50.650,0.4382,0.4381,1.0,0.4371,10.0,36241.0,2211.0
2021-01-05 09:37:51.161,0.4382,0.4385,10.0,0.4372,4.0,36241.0,2211.0
2021-01-05 09:37:51.440,0.4382,0.4388,3.0,0.4378,10.0,36241.0,2211.0
2021-01-05 09:37:52.191,0.4382,0.4388,3.0,0.4378,10.0,36241.0,2211.0
2021-01-05 09:37:52.660,0.4382,0.4388,3.0,0.4377,10.0,36241.0,2211.0
2021-01-05 09:37:53.161,0.4382,0.4388,3.0,0.4377,10.0,36241.0,2211.0
2021-01-05 09:37:53.680,0.4382,0.4388,3.0,0.4378,10.0,36241.0,2211.0
2021-01-05 09:37:54.160,0.4382,0.4388,3.0,0.4377,10.0,36241.0,2211.0
2021-01-05 09:37:56.121,0.4382,0.4388,13.0,0.4377,10.0,36241.0,2211.0
2021-01-05 09:37:56.611,0.4377,0.4385,20.0,0.4374,20.0,36243.0,2213.0
2021-01-05 09:37:57.120,0.4374,0.4382,22.0,0.4372,2.0,36243.0,2223.0
2021-01-05 09:37:57.601,0.4374,0.4375,2.0,0.437,1.0,36243.0,2223.0
2021-01-05 09:37:58.091,0.4374,0.4377,10.0,0.437,1.0,36243.0,2223.0
2021-01-05 09:37:58.600,0.4374,0.4376,10.0,0.437,1.0,36243.0,2223.0
2021-01-05 09:37:59.130,0.4376,0.4379,20.0,0.4376,13.0,36243.0,2233.0
2021-01-05 09:37:59.651,0.4379,0.4388,13.0,0.4376,10.0,36243.0,2255.0
2021-01-05 09:38:00.131,0.4379,0.4388,23.0,0.4376,10.0,36243.0,2255.0
2021-01-05 09:38:00.680,0.4379,0.4387,23.0,0.4376,10.0,36243.0,2255.0
2021-01-05 09:38:01.180,0.4376,0.4383,10.0,0.4376,3.0,36243.0,2262.0
2021-01-05 09:38:01.681,0.4376,0.4384,10.0,0.4372,20.0,36243.0,2262.0
2021-01-05 09:38:02.181,0.4376,0.4385,20.0,0.4372,20.0,36243.0,2262.0
2021-01-05 09:38:02.680,0.4376,0.4384,10.0,0.4372,20.0,36243.0,2262.0
2021-01-05 09:38:03.191,0.4376,0.4388,23.0,0.4373,14.0,36243.0,2262.0
2021-01-05 09:38:03.691,0.4376,0.4388,23.0,0.4373,2.0,36243.0,2262.0
2021-01-05 09:38:04.040,0.4376,0.4388,3.0,0.4384,6.0,36243.0,2262.0
2021-01-05 09:38:04.680,0.4384,0.4388,3.0,0.4384,4.0,36243.0,2264.0
2021-01-05 09:38:04.970,0.4384,0.4388,3.0,0.4384,3.0,36243.0,2265.0
2021-01-05 09:38:05.681,0.4384,0.4388,3.0,0.4384,3.0,36243.0,2265.0
2021-01-05 09:38:06.151,0.4384,0.4388,13.0,0.4384,3.0,36243.0,2265.0
2021-01-05 09:38:06.691,0.4384,0.4388,3.0,0.4384,3.0,36243.0,2265.0
2021-01-05 09:38:07.001,0.4388,0.4398,20.0,0.439,2.0,36240.0,2268.0
2021-01-05 09:38:07.590,0.4388,0.4404,10.0,0.439,2.0,36240.0,2268.0
2021-01-05 09:38:08.021,0.4388,0.4401,10.0,0.439,2.0,36240.0,2268.0
2021-01-05 09:38:09.160,0.4388,0.4406,10.0,0.4391,10.0,36240.0,2268.0
2021-01-05 09:38:09.590,0.4388,0.4409,10.0,0.4392,5.0,36240.0,2268.0
2021-01-05 09:38:10.180,0.4388,0.4408,10.0,0.4395,10.0,36240.0,2268.0
2021-01-05 09:38:10.370,0.4395,0.4412,30.0,0.4397,10.0,36239.0,2269.0
2021-01-05 09:38:11.141,0.4395,0.441,10.0,0.4397,20.0,36239.0,2269.0
2021-01-05 09:38:11.701,0.4395,0.4407,12.0,0.4394,10.0,36239.0,2269.0
2021-01-05 09:38:12.191,0.4394,0.4396,10.0,0.4388,9.0,36239.0,2279.0
2021-01-05 09:38:12.261,0.4396,0.4404,10.0,0.4396,7.0,36239.0,2290.0
2021-01-05 09:38:13.110,0.4404,0.441,30.0,0.4404,9.0,36239.0,2299.0
2021-01-05 09:38:13.371,0.4404,0.4411,10.0,0.4404,13.0,36244.0,2309.0
2021-01-05 09:38:14.101,0.4411,0.441,10.0,0.4405,9.0,36244.0,2315.0
2021-01-05 09:38:14.650,0.441,0.4416,10.0,0.4411,1.0,36244.0,2325.0
2021-01-05 09:38:15.150,0.441,0.4415,5.0,0.4411,1.0,36244.0,2325.0
2021-01-05 09:38:15.280,0.4415,0.4424,10.0,0.4412,5.0,36244.0,2329.0
2021-01-05 09:38:16.151,0.4412,0.4419,10.0,0.4412,4.0,36249.0,2336.0
2021-01-05 09:38:16.731,0.4412,0.4418,4.0,0.4406,2.0,36249.0,2336.0
2021-01-05 09:38:16.950,0.4412,0.4417,2.0,0.4409,10.0,36249.0,2336.0
2021-01-05 09:38:17.701,0.4412,0.4418,4.0,0.4403,10.0,36249.0,2336.0
2021-01-05 09:38:18.231,0.4412,0.4418,10.0,0.4408,10.0,36249.0,2336.0
2021-01-05 09:38:18.660,0.4412,0.4418,10.0,0.4408,10.0,36249.0,2336.0
2021-01-05 09:38:19.190,0.4418,0.4423,5.0,0.4411,10.0,36249.0,2338.0
2021-01-05 09:38:19.670,0.4418,0.4422,10.0,0.441,10.0,36249.0,2338.0
2021-01-05 09:38:20.231,0.4418,0.4422,18.0,0.441,10.0,36249.0,2338.0
2021-01-05 09:38:20.650,0.4418,0.4422,8.0,0.4412,10.0,36249.0,2338.0
2021-01-05 09:38:21.180,0.4418,0.442,1.0,0.4413,4.0,36249.0,2338.0
2021-01-05 09:38:21.670,0.442,0.4423,5.0,0.442,1.0,36249.0,2339.0
2021-01-05 09:38:22.141,0.4423,0.4434,20.0,0.442,19.0,36254.0,2344.0
2021-01-05 09:38:22.531,0.4423,0.4433,10.0,0.4423,1.0,36254.0,2344.0
2021-01-05 09:38:23.201,0.4423,0.4432,3.0,0.4424,10.0,36254.0,2344.0
2021-01-05 09:38:23.681,0.4423,0.4432,2.0,0.4425,10.0,36254.0,2344.0
2021-01-05 09:38:23.800,0.4432,0.4431,1.0,0.4424,10.0,36254.0,2346.0
2021-01-05 09:38:24.671,0.4434,0.4434,19.0,0.4431,1.0,36254.0,2348.0
2021-01-05 09:38:25.101,0.4434,0.4438,10.0,0.4434,1.0,36254.0,2349.0
2021-01-05 09:38:25.101,0.4434,0.4437,4.0,0.4431,1.0,36254.0,2349.0
2021-01-05 09:38:26.100,0.4434,0.4437,4.0,0.4431,10.0,36254.0,2349.0
2021-01-05 09:38:26.701,0.4431,0.4435,10.0,0.4421,10.0,36254.0,2359.0
2021-01-05 09:38:27.151,0.4431,0.4436,10.0,0.4421,10.0,36254.0,2359.0
2021-01-05 09:38:27.691,0.4437,0.4437,29.0,0.4421,10.0,36255.0,2360.0
2021-01-05 09:38:28.171,0.4437,0.4437,20.0,0.4429,10.0,36255.0,2360.0
2021-01-05 09:38:28.680,0.4437,0.444,2.0,0.443,4.0,36255.0,2360.0
2021-01-05 09:38:29.191,0.4437,0.4439,10.0,0.443,4.0,36255.0,2360.0
2021-01-05 09:38:29.621,0.4437,0.444,2.0,0.4427,10.0,36255.0,2360.0
2021-01-05 09:38:30.190,0.4437,0.444,2.0,0.4429,10.0,36255.0,2360.0
2021-01-05 09:38:30.670,0.4437,0.444,2.0,0.4439,30.0,36255.0,2360.0
2021-01-05 09:38:31.141,0.4439,0.444,2.0,0.4439,5.0,36255.0,2385.0
2021-01-05 09:38:31.341,0.4439,0.4437,1.0,0.4429,20.0,36255.0,2390.0
2021-01-05 09:38:32.090,0.4437,0.4439,6.0,0.4437,1.0,36255.0,2391.0
2021-01-05 09:38:32.701,0.4439,0.444,2.0,0.4437,1.0,36255.0,2397.0
2021-01-05 09:38:33.191,0.444,0.4449,1.0,0.4442,3.0,36254.0,2399.0
2021-01-05 09:38:33.700,0.4449,0.4461,10.0,0.4449,9.0,36254.0,2400.0
2021-01-05 09:38:34.201,0.446,0.446,9.0,0.4449,15.0,36254.0,2401.0
2021-01-05 09:38:35.200,0.446,0.4461,10.0,0.4451,10.0,36254.0,2401.0
2021-01-05 09:38:35.700,0.446,0.4461,10.0,0.4455,10.0,36254.0,2401.0
2021-01-05 09:38:36.180,0.446,0.446,5.0,0.4452,10.0,36254.0,2401.0
2021-01-05 09:38:36.691,0.446,0.446,5.0,0.4453,5.0,36254.0,2401.0
2021-01-05 09:38:37.131,0.446,0.4461,10.0,0.446,5.0,36254.0,2406.0
2021-01-05 09:38:37.580,0.4461,0.4475,20.0,0.4461,39.0,36254.0,2416.0
2021-01-05 09:38:37.970,0.4461,0.4473,10.0,0.4461,19.0,36254.0,2416.0
2021-01-05 09:38:38.660,0.4461,0.4474,15.0,0.4461,19.0,36254.0,2416.0
2021-01-05 09:38:39.161,0.4461,0.4474,5.0,0.4466,10.0,36254.0,2416.0
2021-01-05 09:38:39.661,0.4461,0.4483,10.0,0.4467,15.0,36254.0,2416.0
2021-01-05 09:38:39.901,0.4461,0.4498,11.0,0.4471,10.0,36254.0,2416.0
2021-01-05 09:38:40.591,0.4461,0.4492,10.0,0.4476,10.0,36254.0,2416.0
2021-01-05 09:38:41.140,0.4461,0.4486,10.0,0.4469,10.0,36254.0,2416.0
2021-01-05 09:38:41.670,0.4461,0.4492,10.0,0.4477,10.0,36254.0,2416.0
2021-01-05 09:38:42.191,0.4461,0.4487,10.0,0.4472,10.0,36254.0,2416.0
2021-01-05 09:38:42.700,0.4461,0.449,10.0,0.4476,10.0,36254.0,2416.0
2021-01-05 09:38:43.150,0.4476,0.4485,10.0,0.4472,10.0,36254.0,2426.0
2021-01-05 09:38:43.461,0.4476,0.4492,10.0,0.4476,10.0,36254.0,2426.0
2021-01-05 09:38:44.191,0.4477,0.4489,10.0,0.4477,8.0,36254.0,2428.0
2021-01-05 09:38:44.621,0.4477,0.4476,8.0,0.4473,5.0,36254.0,2428.0
2021-01-05 09:38:44.850,0.4473,0.4473,2.0,0.447,1.0,36254.0,2435.0
2021-01-05 09:38:45.480,0.4473,0.448,20.0,0.4473,20.0,36254.0,2435.0
2021-01-05 09:38:46.131,0.4473,0.448,20.0,0.4473,17.0,36254.0,2438.0
2021-01-05 09:38:46.521,0.4473,0.4479,10.0,0.447,1.0,36254.0,2439.0
2021-01-05 09:38:47.140,0.447,0.4476,1.0,0.4461,12.0,36254.0,2440.0
2021-01-05 09:38:47.601,0.447,0.447,3.0,0.4461,12.0,36254.0,2440.0
2021-01-05 09:38:48.171,0.447,0.4466,11.0,0.4455,10.0,36254.0,2440.0
2021-01-05 09:38:48.531,0.447,0.4462,10.0,0.4454,10.0,36254.0,2440.0
2021-01-05 09:38:49.130,0.447,0.4461,10.0,0.4453,10.0,36254.0,2440.0
2021-01-05 09:38:49.670,0.4466,0.4466,9.0,0.4454,10.0,36255.0,2441.0
2021-01-05 09:38:50.091,0.4466,0.4465,10.0,0.4454,10.0,36255.0,2441.0
2021-01-05 09:38:50.651,0.4466,0.4466,30.0,0.4454,10.0,36255.0,2441.0
2021-01-05 09:38:51.170,0.4466,0.4471,40.0,0.4456,10.0,36255.0,2441.0
2021-01-05 09:38:51.691,0.4466,0.4478,10.0,0.4463,10.0,36255.0,2441.0
2021-01-05 09:38:52.140,0.4466,0.4481,20.0,0.4465,10.0,36255.0,2441.0
2021-01-05 09:38:52.450,0.4466,0.4484,10.0,0.4468,10.0,36255.0,2441.0
2021-01-05 09:38:53.160,0.4466,0.4483,10.0,0.4468,10.0,36255.0,2441.0
2021-01-05 09:38:54.200,0.4466,0.4483,10.0,0.4469,10.0,36255.0,2441.0
2021-01-05 09:38:54.640,0.4466,0.4488,10.0,0.4472,10.0,36255.0,2441.0
2021-01-05 09:38:55.191,0.4466,0.4487,30.0,0.4472,10.0,36255.0,2441.0
2021-01-05 09:38:55.650,0.4466,0.4487,10.0,0.4471,20.0,36255.0,2441.0
2021-01-05 09:38:56.190,0.4466,0.449,1.0,0.4475,20.0,36255.0,2441.0
2021-01-05 09:38:56.661,0.4466,0.4484,1.0,0.4475,20.0,36255.0,2441.0
2021-01-05 09:38:57.181,0.4466,0.4482,10.0,0.4471,10.0,36255.0,2441.0
2021-01-05 09:38:57.640,0.4482,0.4481,10.0,0.4473,10.0,36255.0,2442.0
2021-01-05 09:38:58.161,0.4481,0.448,1.0,0.4469,20.0,36255.0,2446.0
2021-01-05 09:38:58.670,0.4481,0.4469,9.0,0.4464,20.0,36255.0,2446.0
2021-01-05 09:38:59.060,0.4469,0.4468,12.0,0.4458,10.0,36255.0,2448.0
2021-01-05 09:39:00.111,0.4468,0.4474,10.0,0.4459,22.0,36255.0,2449.0
2021-01-05 09:39:00.660,0.4468,0.4474,10.0,0.446,23.0,36255.0,2449.0
2021-01-05 09:39:01.010,0.4468,0.448,1.0,0.4468,10.0,36255.0,2449.0
2021-01-05 09:39:01.700,0.4468,0.4479,11.0,0.4468,10.0,36255.0,2449.0
2021-01-05 09:39:02.170,0.4468,0.4477,10.0,0.4463,10.0,36255.0,2449.0
2021-01-05 09:39:02.620,0.4468,0.4478,7.0,0.447,10.0,36255.0,2449.0
2021-01-05 09:39:03.150,0.4468,0.4478,17.0,0.4463,10.0,36255.0,2449.0
2021-01-05 09:39:03.671,0.4468,0.4477,10.0,0.4463,10.0,36255.0,2449.0
2021-01-05 09:39:04.161,0.4468,0.4474,10.0,0.446,10.0,36255.0,2449.0
2021-01-05 09:39:04.610,0.4468,0.4473,2.0,0.446,10.0,36255.0,2449.0
2021-01-05 09:39:05.211,0.4468,0.4473,12.0,0.446,20.0,36255.0,2449.0
2021-01-05 09:39:05.651,0.4468,0.4473,12.0,0.446,10.0,36255.0,2449.0
2021-01-05 09:39:06.191,0.4468,0.4473,12.0,0.446,10.0,36255.0,2449.0
2021-01-05 09:39:06.650,0.4468,0.4473,10.0,0.446,20.0,36255.0,2449.0
2021-01-05 09:39:07.200,0.4468,0.4474,10.0,0.446,10.0,36255.0,2449.0
2021-01-05 09:39:07.680,0.4468,0.4473,10.0,0.4461,10.0,36255.0,2449.0
2021-01-05 09:39:08.131,0.4468,0.4472,10.0,0.4459,4.0,36255.0,2449.0
2021-01-05 09:39:08.690,0.4468,0.4471,4.0,0.4461,10.0,36255.0,2449.0
2021-01-05 09:39:09.161,0.4468,0.447,1.0,0.4465,10.0,36255.0,2449.0
2021-01-05 09:39:09.601,0.4471,0.4471,1.0,0.447,3.0,36255.0,2453.0
2021-01-05 09:39:10.101,0.4471,0.4477,10.0,0.4471,22.0,36255.0,2454.0
2021-01-05 09:39:10.660,0.4477,0.4479,20.0,0.4477,3.0,36255.0,2457.0
2021-01-05 09:39:11.201,0.4477,0.4484,1.0,0.4476,20.0,36256.0,2480.0
2021-01-05 09:39:11.670,0.4477,0.4484,1.0,0.4477,9.0,36256.0,2480.0
2021-01-05 09:39:12.150,0.4477,0.4484,11.0,0.4477,6.0,36253.0,2483.0
2021-01-05 09:39:12.690,0.4477,0.4483,17.0,0.4471,20.0,36253.0,2486.0
2021-01-05 09:39:13.720,0.4477,0.448,20.0,0.4471,20.0,36253.0,2486.0
2021-01-05 09:39:14.160,0.4477,0.4482,2.0,0.4473,10.0,36253.0,2486.0
2021-01-05 09:39:15.220,0.4477,0.4484,1.0,0.4482,1.0,36253.0,2486.0
2021-01-05 09:39:15.641,0.4484,0.449,11.0,0.4487,1.0,36253.0,2487.0
2021-01-05 09:39:16.121,0.4487,0.4487,1.0,0.4484,1.0,36254.0,2488.0
2021-01-05 09:39:16.600,0.4484,0.4487,4.0,0.4482,1.0,36254.0,2489.0
2021-01-05 09:39:17.151,0.4484,0.4487,4.0,0.4482,1.0,36254.0,2489.0
2021-01-05 09:39:17.641,0.4482,0.4482,3.0,0.4478,20.0,36254.0,2490.0
2021-01-05 09:39:18.221,0.4478,0.4478,5.0,0.4475,3.0,36250.0,2510.0
2021-01-05 09:39:18.671,0.4475,0.4478,3.0,0.4473,20.0,36250.0,2513.0
2021-01-05 09:39:19.710,0.4477,0.4478,1.0,0.4477,7.0,36250.0,2518.0
2021-01-05 09:39:19.990,0.4478,0.4487,2.0,0.4478,29.0,36250.0,2519.0
2021-01-05 09:39:20.620,0.4478,0.4487,2.0,0.4478,27.0,36250.0,2519.0
2021-01-05 09:39:21.231,0.4478,0.4487,2.0,0.4479,10.0,36250.0,2519.0
2021-01-05 09:39:21.660,0.4478,0.4487,2.0,0.4478,6.0,36250.0,2519.0
2021-01-05 09:39:22.211,0.4478,0.4487,2.0,0.4478,1.0,36250.0,2519.0
2021-01-05 09:39:22.651,0.4478,0.4486,1.0,0.4481,10.0,36250.0,2519.0
2021-01-05 09:39:23.200,0.4481,0.4486,1.0,0.448,21.0,36250.0,2522.0
2021-01-05 09:39:23.700,0.448,0.4481,10.0,0.4474,20.0,36261.0,2533.0
2021-01-05 09:39:24.151,0.4481,0.4486,1.0,0.4476,20.0,36261.0,2539.0
2021-01-05 09:39:24.670,0.4481,0.4488,2.0,0.4476,20.0,36261.0,2539.0
2021-01-05 09:39:25.700,0.4481,0.4488,2.0,0.4479,10.0,36261.0,2539.0
2021-01-05 09:39:26.130,0.4481,0.4488,2.0,0.4479,10.0,36261.0,2539.0
2021-01-05 09:39:26.641,0.4481,0.4488,2.0,0.4479,30.0,36261.0,2539.0
2021-01-05 09:39:27.210,0.4488,0.449,1.0,0.4488,8.0,36263.0,2541.0
2021-01-05 09:39:27.711,0.4488,0.4488,11.0,0.4479,20.0,36271.0,2549.0
2021-01-05 09:39:28.201,0.4488,0.4488,14.0,0.4479,20.0,36271.0,2549.0
2021-01-05 09:39:29.231,0.4488,0.4488,14.0,0.448,10.0,36271.0,2549.0
2021-01-05 09:39:29.721,0.448,0.4487,16.0,0.4479,20.0,36271.0,2558.0
2021-01-05 09:39:29.811,0.4479,0.4479,4.0,0.447,10.0,36271.0,2578.0
2021-01-05 09:39:30.381,0.4479,0.4479,3.0,0.4474,10.0,36271.0,2578.0
2021-01-05 09:39:30.821,0.4479,0.4478,1.0,0.447,10.0,36271.0,2578.0
2021-01-05 09:39:31.121,0.4479,0.4481,10.0,0.447,10.0,36271.0,2578.0
2021-01-05 09:39:32.141,0.4479,0.448,5.0,0.447,20.0,36271.0,2578.0
2021-01-05 09:39:32.700,0.448,0.4487,1.0,0.4473,20.0,36271.0,2583.0
2021-01-05 09:39:33.180,0.448,0.4486,10.0,0.4473,20.0,36271.0,2583.0
2021-01-05 09:39:33.180,0.448,0.4486,11.0,0.4473,20.0,36271.0,2583.0
2021-01-05 09:39:34.210,0.448,0.4486,11.0,0.4473,20.0,36271.0,2583.0
2021-01-05 09:39:34.681,0.448,0.4485,20.0,0.4472,20.0,36271.0,2583.0
2021-01-05 09:39:35.171,0.448,0.4485,20.0,0.4471,10.0,36271.0,2583.0
2021-01-05 09:39:35.651,0.448,0.4483,10.0,0.447,10.0,36271.0,2583.0
2021-01-05 09:39:36.231,0.448,0.4483,10.0,0.4471,10.0,36271.0,2583.0
2021-01-05 09:39:36.660,0.448,0.4482,10.0,0.4472,10.0,36271.0,2583.0
2021-01-05 09:39:37.071,0.4482,0.4482,6.0,0.447,10.0,36275.0,2587.0
2021-01-05 09:39:37.730,0.4482,0.4482,6.0,0.447,10.0,36275.0,2587.0
2021-01-05 09:39:38.221,0.4482,0.4481,1.0,0.447,10.0,36275.0,2587.0
2021-01-05 09:39:39.241,0.4482,0.4481,1.0,0.4472,10.0,36275.0,2587.0
2021-01-05 09:39:39.460,0.4482,0.4481,1.0,0.4473,5.0,36275.0,2587.0
2021-01-05 09:39:40.200,0.4482,0.4481,1.0,0.4474,5.0,36275.0,2587.0
2021-01-05 09:39:40.721,0.4473,0.4481,1.0,0.4473,3.0,36273.0,2589.0
2021-01-05 09:39:41.220,0.4473,0.4473,9.0,0.4472,20.0,36273.0,2592.0
2021-01-05 09:39:41.581,0.4472,0.448,3.0,0.4473,10.0,36273.0,2614.0
2021-01-05 09:39:42.210,0.4473,0.4476,10.0,0.447,10.0,36273.0,2627.0
2021-01-05 09:39:42.580,0.4473,0.4478,20.0,0.447,10.0,36273.0,2627.0
2021-01-05 09:39:43.170,0.4473,0.4474,10.0,0.447,10.0,36273.0,2627.0
2021-01-05 09:39:43.570,0.447,0.4472,10.0,0.447,9.0,36274.0,2628.0
2021-01-05 09:39:44.231,0.447,0.4474,11.0,0.447,9.0,36274.0,2628.0
2021-01-05 09:39:44.680,0.447,0.4473,2.0,0.447,9.0,36274.0,2628.0
2021-01-05 09:39:45.251,0.4473,0.4479,11.0,0.447,9.0,36274.0,2630.0
2021-01-05 09:39:45.750,0.4473,0.4479,11.0,0.447,10.0,36274.0,2630.0
2021-01-05 09:39:46.190,0.4479,0.4486,1.0,0.4479,10.0,36274.0,2641.0
2021-01-05 09:39:46.630,0.4479,0.449,1.0,0.4482,1.0,36274.0,2641.0
2021-01-05 09:39:47.250,0.4479,0.4489,10.0,0.4479,32.0,36274.0,2641.0
2021-01-05 09:39:47.710,0.4479,0.4489,20.0,0.4479,20.0,36274.0,2641.0
2021-01-05 09:39:48.140,0.4479,0.4486,10.0,0.4479,10.0,36274.0,2641.0
2021-01-05 09:39:48.720,0.4479,0.449,1.0,0.4479,11.0,36274.0,2641.0
2021-01-05 09:39:49.241,0.4479,0.4489,10.0,0.4482,1.0,36274.0,2641.0
2021-01-05 09:39:49.510,0.4479,0.449,1.0,0.4481,10.0,36274.0,2641.0
2021-01-05 09:39:50.121,0.449,0.449,10.0,0.4482,11.0,36274.0,2642.0
2021-01-05 09:39:50.701,0.449,0.4492,1.0,0.449,19.0,36274.0,2652.0
2021-01-05 09:39:50.991,0.4492,0.4498,1.0,0.4494,1.0,36273.0,2653.0
2021-01-05 09:39:51.730,0.4499,0.45,1.0,0.4495,2.0,36272.0,2655.0
2021-01-05 09:39:52.180,0.45,0.4501,1.0,0.4492,1.0,36271.0,2656.0
2021-01-05 09:39:52.601,0.45,0.4501,11.0,0.4489,20.0,36271.0,2656.0
2021-01-05 09:39:53.181,0.45,0.4489,10.0,0.4482,30.0,36271.0,2656.0
2021-01-05 09:39:53.630,0.45,0.4488,10.0,0.4476,10.0,36271.0,2656.0
2021-01-05 09:39:53.821,0.4488,0.4493,20.0,0.4479,10.0,36271.0,2666.0
2021-01-05 09:39:54.670,0.4493,0.4495,10.0,0.4483,1.0,36279.0,2674.0
2021-01-05 09:39:55.181,0.4495,0.4501,1.0,0.4495,3.0,36279.0,2684.0
2021-01-05 09:39:55.461,0.4495,0.4498,10.0,0.4495,15.0,36279.0,2687.0
2021-01-05 09:39:55.970,0.4495,0.4501,1.0,0.4493,10.0,36279.0,2699.0
2021-01-05 09:39:56.610,0.4493,0.4501,10.0,0.4491,20.0,36278.0,2707.0
2021-01-05 09:39:57.181,0.4485,0.4485,10.0,0.4484,10.0,36278.0,2747.0
2021-01-05 09:39:57.580,0.4485,0.4499,10.0,0.4485,42.0,36278.0,2757.0
2021-01-05 09:39:58.101,0.4485,0.4495,11.0,0.4485,14.0,36278.0,2757.0
2021-01-05 09:39:58.600,0.4485,0.4494,10.0,0.4485,14.0,36278.0,2757.0
2021-01-05 09:39:59.061,0.4485,0.4496,10.0,0.4485,14.0,36278.0,2757.0
2021-01-05 09:39:59.670,0.4485,0.4495,10.0,0.4485,14.0,36278.0,2757.0
2021-01-05 09:40:00.610,0.4485,0.4495,10.0,0.4485,10.0,36278.0,2757.0
2021-01-05 09:40:01.201,0.4485,0.4495,20.0,0.4485,10.0,36278.0,2757.0
2021-01-05 09:40:01.570,0.4485,0.4489,10.0,0.448,15.0,36278.0,2757.0
2021-01-05 09:40:02.141,0.4485,0.448,2.0,0.4474,10.0,36278.0,2757.0
2021-01-05 09:40:02.671,0.448,0.4483,10.0,0.447,9.0,36280.0,2759.0
2021-01-05 09:40:03.171,0.448,0.4482,1.0,0.448,2.0,36280.0,2759.0
2021-01-05 09:40:03.691,0.448,0.4482,1.0,0.4475,10.0,36280.0,2759.0
2021-01-05 09:40:04.160,0.448,0.4485,10.0,0.4476,10.0,36280.0,2759.0
2021-01-05 09:40:04.700,0.448,0.4484,1.0,0.4476,10.0,36280.0,2759.0
2021-01-05 09:40:05.170,0.448,0.4484,1.0,0.4475,10.0,36280.0,2759.0
2021-01-05 09:40:05.701,0.448,0.4484,11.0,0.4471,10.0,36280.0,2759.0
2021-01-05 09:40:06.200,0.448,0.4484,11.0,0.447,19.0,36280.0,2759.0
2021-01-05 09:40:06.701,0.448,0.4483,10.0,0.447,19.0,36280.0,2759.0
2021-01-05 09:40:07.191,0.448,0.4483,10.0,0.447,19.0,36280.0,2759.0
2021-01-05 09:40:07.700,0.448,0.4482,1.0,0.447,19.0,36280.0,2759.0
2021-01-05 09:40:08.200,0.448,0.4477,10.0,0.447,9.0,36280.0,2759.0
2021-01-05 09:40:08.690,0.447,0.4471,1.0,0.447,4.0,36285.0,2764.0
2021-01-05 09:40:08.730,0.447,0.447,18.0,0.4463,20.0,36288.0,2769.0
2021-01-05 09:40:09.691,0.447,0.4469,1.0,0.4457,20.0,36288.0,2769.0
2021-01-05 09:40:10.150,0.447,0.447,1.0,0.4464,10.0,36299.0,2782.0
2021-01-05 09:40:10.680,0.447,0.447,1.0,0.4465,30.0,36299.0,2782.0
2021-01-05 09:40:11.120,0.447,0.4479,10.0,0.4466,2.0,36298.0,2783.0
2021-01-05 09:40:11.610,0.447,0.4477,20.0,0.4465,10.0,36298.0,2783.0
2021-01-05 09:40:12.190,0.447,0.4474,10.0,0.4464,20.0,36298.0,2783.0
2021-01-05 09:40:12.680,0.447,0.4464,4.0,0.4457,20.0,36298.0,2783.0
2021-01-05 09:40:13.131,0.447,0.4464,5.0,0.4455,10.0,36298.0,2783.0
2021-01-05 09:40:13.431,0.447,0.446,1.0,0.4451,20.0,36298.0,2783.0
2021-01-05 09:40:14.150,0.447,0.4464,10.0,0.4447,10.0,36298.0,2783.0
2021-01-05 09:40:14.701,0.447,0.446,10.0,0.4446,10.0,36298.0,2783.0
2021-01-05 09:40:15.110,0.447,0.446,10.0,0.4446,10.0,36298.0,2783.0
2021-01-05 09:40:15.690,0.447,0.4462,10.0,0.4447,15.0,36298.0,2783.0
2021-01-05 09:40:16.140,0.447,0.4461,10.0,0.4447,25.0,36298.0,2783.0
2021-01-05 09:40:16.610,0.447,0.4466,10.0,0.4451,10.0,36298.0,2783.0
2021-01-05 09:40:17.191,0.447,0.4462,10.0,0.4451,20.0,36298.0,2783.0
2021-01-05 09:40:17.621,0.447,0.4461,1.0,0.4447,20.0,36298.0,2783.0
2021-01-05 09:40:18.120,0.447,0.446,10.0,0.4452,1.0,36298.0,2783.0
2021-01-05 09:40:18.161,0.447,0.446,10.0,0.4452,1.0,36298.0,2783.0
2021-01-05 09:40:19.711,0.446,0.4469,10.0,0.4461,1.0,36298.0,2793.0
2021-01-05 09:40:20.191,0.4468,0.4468,9.0,0.4462,20.0,36298.0,2794.0
2021-01-05 09:40:20.631,0.4468,0.4478,10.0,0.4468,15.0,36298.0,2794.0
2021-01-05 09:40:21.040,0.4462,0.4477,10.0,0.446,32.0,36299.0,2844.0
2021-01-05 09:40:21.701,0.4477,0.4477,21.0,0.4464,10.0,36299.0,2845.0
2021-01-05 09:40:22.210,0.4477,0.4477,21.0,0.4465,10.0,36299.0,2845.0
2021-01-05 09:40:22.591,0.4477,0.4475,1.0,0.4466,10.0,36299.0,2845.0
2021-01-05 09:40:23.150,0.4477,0.4477,2.0,0.4468,10.0,36299.0,2845.0
2021-01-05 09:40:23.701,0.4477,0.4477,2.0,0.4469,4.0,36299.0,2845.0
2021-01-05 09:40:23.880,0.4477,0.448,1.0,0.447,10.0,36299.0,2845.0
2021-01-05 09:40:24.160,0.4477,0.448,1.0,0.4469,4.0,36299.0,2845.0
2021-01-05 09:40:25.011,0.4477,0.4479,21.0,0.4469,4.0,36299.0,2845.0
2021-01-05 09:40:25.501,0.4477,0.4476,1.0,0.4468,10.0,36299.0,2845.0
2021-01-05 09:40:26.181,0.4477,0.4476,1.0,0.4467,10.0,36299.0,2845.0
2021-01-05 09:40:26.621,0.4476,0.448,1.0,0.4467,10.0,36299.0,2846.0
2021-01-05 09:40:27.101,0.4476,0.448,1.0,0.4476,5.0,36299.0,2846.0
2021-01-05 09:40:27.280,0.448,0.4491,10.0,0.448,1.0,36298.0,2847.0
2021-01-05 09:40:28.110,0.448,0.4486,10.0,0.4472,10.0,36298.0,2847.0
2021-01-05 09:40:28.690,0.448,0.4486,10.0,0.4472,10.0,36298.0,2847.0
2021-01-05 09:40:29.170,0.448,0.4485,20.0,0.4471,10.0,36298.0,2847.0
2021-01-05 09:40:30.150,0.448,0.4486,2.0,0.4473,10.0,36298.0,2847.0
2021-01-05 09:40:30.700,0.448,0.4485,10.0,0.4472,10.0,36298.0,2847.0
2021-01-05 09:40:31.101,0.448,0.4484,2.0,0.4474,5.0,36298.0,2847.0
2021-01-05 09:40:31.631,0.448,0.4484,2.0,0.4473,20.0,36298.0,2847.0
2021-01-05 09:40:31.960,0.448,0.4484,2.0,0.4473,20.0,36298.0,2847.0
2021-01-05 09:40:32.611,0.4473,0.4483,39.0,0.4471,10.0,36298.0,2856.0
2021-01-05 09:40:33.161,0.4473,0.4478,10.0,0.4465,20.0,36298.0,2856.0
2021-01-05 09:40:33.501,0.4473,0.4475,11.0,0.446,1.0,36298.0,2856.0
2021-01-05 09:40:34.171,0.4473,0.4475,30.0,0.446,1.0,36298.0,2856.0
2021-01-05 09:40:34.601,0.4473,0.4475,10.0,0.4461,5.0,36298.0,2856.0
2021-01-05 09:40:35.201,0.4473,0.448,10.0,0.4465,10.0,36298.0,2856.0
2021-01-05 09:40:35.681,0.4473,0.4479,12.0,0.4465,10.0,36298.0,2856.0
2021-01-05 09:40:36.161,0.4473,0.4479,12.0,0.4467,10.0,36298.0,2856.0
2021-01-05 09:40:36.620,0.4473,0.4479,2.0,0.4465,20.0,36298.0,2856.0
2021-01-05 09:40:37.201,0.4473,0.4479,2.0,0.4466,2.0,36298.0,2856.0
2021-01-05 09:40:37.700,0.4473,0.4479,2.0,0.4469,10.0,36298.0,2856.0
2021-01-05 09:40:38.090,0.4473,0.4479,2.0,0.4464,40.0,36298.0,2856.0
2021-01-05 09:40:38.651,0.4473,0.4478,11.0,0.4464,40.0,36298.0,2856.0
2021-01-05 09:40:39.041,0.4473,0.4477,2.0,0.4464,40.0,36298.0,2856.0
2021-01-05 09:40:40.061,0.4473,0.4474,10.0,0.4462,5.0,36298.0,2856.0
2021-01-05 09:40:40.670,0.4473,0.4473,9.0,0.446,1.0,36298.0,2856.0
2021-01-05 09:40:41.191,0.4473,0.4472,10.0,0.4461,3.0,36298.0,2856.0
2021-01-05 09:40:41.621,0.4473,0.4471,10.0,0.4461,5.0,36298.0,2856.0
2021-01-05 09:40:42.161,0.4473,0.4471,10.0,0.4461,5.0,36298.0,2856.0
2021-01-05 09:40:42.601,0.4473,0.4471,10.0,0.446,1.0,36298.0,2856.0
2021-01-05 09:40:43.191,0.4473,0.4471,20.0,0.446,1.0,36298.0,2856.0
2021-01-05 09:40:43.500,0.4473,0.4471,10.0,0.446,1.0,36298.0,2856.0
2021-01-05 09:40:44.161,0.4473,0.447,10.0,0.446,1.0,36298.0,2856.0
2021-01-05 09:40:44.610,0.4473,0.4471,10.0,0.446,1.0,36298.0,2856.0
2021-01-05 09:40:45.131,0.4473,0.447,10.0,0.446,1.0,36298.0,2856.0
2021-01-05 09:40:46.581,0.4473,0.447,10.0,0.446,1.0,36298.0,2856.0
2021-01-05 09:40:47.611,0.4473,0.4469,2.0,0.446,1.0,36298.0,2856.0
2021-01-05 09:40:48.160,0.4473,0.4469,2.0,0.446,1.0,36298.0,2856.0
2021-01-05 09:40:48.700,0.4473,0.4468,24.0,0.446,1.0,36298.0,2856.0
2021-01-05 09:40:48.731,0.4468,0.4469,2.0,0.446,1.0,36298.0,2858.0
2021-01-05 09:40:49.640,0.4468,0.4473,10.0,0.4468,24.0,36298.0,2858.0
2021-01-05 09:40:49.960,0.4468,0.4468,4.0,0.446,1.0,36298.0,2858.0
2021-01-05 09:40:50.671,0.4468,0.4468,5.0,0.446,1.0,36298.0,2858.0
2021-01-05 09:40:50.731,0.4468,0.4468,1.0,0.446,1.0,36298.0,2862.0
2021-01-05 09:40:51.601,0.4468,0.4467,12.0,0.446,1.0,36298.0,2862.0
2021-01-05 09:40:52.081,0.4468,0.4467,12.0,0.446,1.0,36298.0,2862.0
2021-01-05 09:40:52.650,0.4467,0.447,10.0,0.446,1.0,36298.0,2874.0
2021-01-05 09:40:52.971,0.4467,0.4469,10.0,0.4467,1.0,36298.0,2874.0
2021-01-05 09:40:53.611,0.4467,0.4467,2.0,0.446,2.0,36298.0,2874.0
2021-01-05 09:40:54.141,0.4467,0.4467,1.0,0.446,2.0,36298.0,2875.0
2021-01-05 09:40:54.521,0.4466,0.4466,9.0,0.446,1.0,36298.0,2876.0
2021-01-05 09:40:55.111,0.4466,0.4465,1.0,0.446,2.0,36298.0,2877.0
2021-01-05 09:40:55.240,0.4467,0.4473,10.0,0.4465,9.0,36298.0,2879.0
2021-01-05 09:40:55.981,0.4467,0.447,10.0,0.4465,1.0,36298.0,2879.0
2021-01-05 09:40:56.600,0.447,0.4474,2.0,0.4465,1.0,36298.0,2880.0
2021-01-05 09:40:57.180,0.447,0.4474,2.0,0.4466,3.0,36298.0,2880.0
2021-01-05 09:40:57.460,0.447,0.4474,22.0,0.4466,3.0,36298.0,2880.0
2021-01-05 09:40:58.200,0.447,0.4473,3.0,0.4462,20.0,36298.0,2880.0
2021-01-05 09:40:58.721,0.447,0.4473,17.0,0.4462,20.0,36298.0,2880.0
2021-01-05 09:40:58.980,0.447,0.4473,27.0,0.4462,20.0,36298.0,2880.0
2021-01-05 09:40:59.650,0.447,0.447,11.0,0.446,1.0,36298.0,2880.0
2021-01-05 09:40:59.891,0.447,0.4469,4.0,0.446,1.0,36298.0,2880.0
2021-01-05 09:41:00.571,0.447,0.4472,10.0,0.446,1.0,36298.0,2880.0
2021-01-05 09:41:00.611,0.447,0.4474,2.0,0.4462,10.0,36298.0,2880.0
2021-01-05 09:41:01.650,0.447,0.4471,10.0,0.446,1.0,36298.0,2880.0
2021-01-05 09:41:02.190,0.447,0.4471,10.0,0.446,1.0,36298.0,2880.0
2021-01-05 09:41:02.661,0.447,0.4471,20.0,0.446,1.0,36298.0,2880.0
2021-01-05 09:41:03.110,0.447,0.4474,2.0,0.4463,10.0,36298.0,2880.0
2021-01-05 09:41:03.721,0.447,0.4473,10.0,0.4463,10.0,36298.0,2880.0
2021-01-05 09:41:04.140,0.4473,0.4477,2.0,0.4464,21.0,36298.0,2884.0
2021-01-05 09:41:04.641,0.4473,0.4476,10.0,0.4464,20.0,36298.0,2884.0
2021-01-05 09:41:05.170,0.4473,0.4474,20.0,0.4461,3.0,36298.0,2884.0
2021-01-05 09:41:05.660,0.4473,0.4474,10.0,0.4461,3.0,36298.0,2884.0
2021-01-05 09:41:06.180,0.4473,0.4474,20.0,0.4464,1.0,36298.0,2884.0
2021-01-05 09:41:06.610,0.4474,0.4479,12.0,0.4474,14.0,36298.0,2904.0
2021-01-05 09:41:06.710,0.4474,0.4479,10.0,0.4474,46.0,36298.0,2904.0
2021-01-05 09:41:07.250,0.4479,0.4482,32.0,0.4475,3.0,36298.0,2914.0
2021-01-05 09:41:08.201,0.4479,0.4482,2.0,0.447,10.0,36298.0,2914.0
2021-01-05 09:41:08.651,0.4482,0.4481,10.0,0.4471,2.0,36298.0,2916.0
2021-01-05 09:41:09.210,0.4482,0.4481,20.0,0.4471,4.0,36298.0,2916.0
2021-01-05 09:41:09.650,0.4482,0.4487,20.0,0.4473,10.0,36298.0,2916.0
2021-01-05 09:41:10.220,0.4482,0.4484,10.0,0.4473,10.0,36298.0,2916.0
2021-01-05 09:41:10.710,0.4482,0.4487,20.0,0.4484,12.0,36298.0,2916.0
2021-01-05 09:41:11.140,0.4482,0.4492,10.0,0.4484,34.0,36298.0,2916.0
2021-01-05 09:41:11.640,0.4482,0.4486,10.0,0.4484,12.0,36298.0,2916.0
2021-01-05 09:41:11.711,0.4482,0.4486,10.0,0.4472,11.0,36298.0,2916.0
2021-01-05 09:41:12.351,0.4482,0.4484,5.0,0.4474,10.0,36298.0,2916.0
2021-01-05 09:41:13.161,0.4474,0.4482,10.0,0.4471,2.0,36298.0,2920.0
2021-01-05 09:41:13.670,0.4474,0.4474,11.0,0.4466,10.0,36298.0,2920.0
2021-01-05 09:41:13.980,0.4474,0.4491,10.0,0.4475,20.0,36298.0,2920.0
2021-01-05 09:41:14.671,0.4474,0.448,10.0,0.4467,3.0,36298.0,2920.0
2021-01-05 09:41:14.671,0.4474,0.4475,39.0,0.4467,3.0,36298.0,2920.0
2021-01-05 09:41:15.371,0.4474,0.4478,10.0,0.4467,3.0,36298.0,2920.0
2021-01-05 09:41:16.210,0.4474,0.4477,20.0,0.4467,3.0,36298.0,2920.0
2021-01-05 09:41:16.500,0.4474,0.4468,3.0,0.4467,3.0,36298.0,2920.0
2021-01-05 09:41:16.990,0.4468,0.4484,10.0,0.4468,30.0,36298.0,2923.0
2021-01-05 09:41:17.670,0.4468,0.4483,20.0,0.4468,33.0,36298.0,2923.0
2021-01-05 09:41:18.141,0.4468,0.4479,10.0,0.4468,20.0,36298.0,2923.0
2021-01-05 09:41:18.600,0.4479,0.4481,10.0,0.4468,20.0,36298.0,2933.0
2021-01-05 09:41:19.161,0.4479,0.4485,10.0,0.4471,10.0,36298.0,2933.0
2021-01-05 09:41:19.520,0.4479,0.4484,10.0,0.4472,2.0,36298.0,2933.0
2021-01-05 09:41:19.960,0.4479,0.4482,10.0,0.4469,10.0,36298.0,2933.0
2021-01-05 09:41:20.721,0.4479,0.4482,10.0,0.447,2.0,36298.0,2933.0
2021-01-05 09:41:21.190,0.4479,0.4481,10.0,0.447,2.0,36298.0,2933.0
2021-01-05 09:41:21.460,0.4481,0.4481,1.0,0.4474,1.0,36298.0,2942.0
2021-01-05 09:41:21.931,0.4481,0.4485,10.0,0.4481,12.0,36298.0,2943.0
2021-01-05 09:41:22.700,0.4481,0.4485,10.0,0.4475,1.0,36298.0,2943.0
2021-01-05 09:41:23.061,0.4481,0.4485,10.0,0.4476,2.0,36298.0,2943.0
2021-01-05 09:41:24.150,0.4485,0.4485,2.0,0.447,2.0,36298.0,2953.0
2021-01-05 09:41:24.651,0.4485,0.4484,10.0,0.4475,1.0,36298.0,2953.0
2021-01-05 09:41:25.120,0.4485,0.4491,20.0,0.4476,2.0,36298.0,2953.0
2021-01-05 09:41:25.301,0.4485,0.4491,10.0,0.4484,3.0,36298.0,2953.0
2021-01-05 09:41:26.190,0.4485,0.449,10.0,0.4484,3.0,36298.0,2953.0
2021-01-05 09:41:26.670,0.4485,0.449,10.0,0.4484,3.0,36298.0,2953.0
2021-01-05 09:41:27.131,0.4485,0.4492,10.0,0.4484,3.0,36298.0,2953.0
2021-01-05 09:41:27.710,0.4485,0.4497,1.0,0.4484,3.0,36298.0,2953.0
2021-01-05 09:41:28.050,0.4485,0.4496,20.0,0.4485,5.0,36298.0,2953.0
2021-01-05 09:41:28.540,0.4485,0.4496,20.0,0.4485,5.0,36298.0,2953.0
2021-01-05 09:41:29.001,0.4485,0.4496,30.0,0.4485,5.0,36298.0,2953.0
2021-01-05 09:41:30.180,0.4485,0.4495,4.0,0.4485,2.0,36298.0,2953.0
2021-01-05 09:41:30.251,0.4496,0.4496,10.0,0.4486,3.0,36298.0,2963.0
2021-01-05 09:41:31.181,0.4496,0.4494,10.0,0.4486,3.0,36298.0,2963.0
2021-01-05 09:41:31.700,0.4496,0.4494,10.0,0.4486,3.0,36298.0,2963.0
2021-01-05 09:41:31.961,0.4496,0.4494,10.0,0.4486,3.0,36298.0,2963.0
2021-01-05 09:41:32.670,0.4496,0.4492,10.0,0.4483,3.0,36298.0,2963.0
2021-01-05 09:41:33.000,0.4496,0.4497,11.0,0.4482,13.0,36298.0,2963.0
2021-01-05 09:41:33.291,0.4496,0.4491,6.0,0.4482,3.0,36298.0,2963.0
2021-01-05 09:41:33.990,0.4496,0.4491,16.0,0.4479,3.0,36298.0,2963.0
2021-01-05 09:41:34.720,0.4496,0.449,10.0,0.4482,1.0,36298.0,2963.0
2021-01-05 09:41:35.221,0.4491,0.4491,5.0,0.4484,1.0,36299.0,2968.0
2021-01-05 09:41:35.650,0.4491,0.4497,1.0,0.4491,13.0,36299.0,2973.0
2021-01-05 09:41:35.771,0.4497,0.4499,1.0,0.4497,15.0,36299.0,2974.0
2021-01-05 09:41:36.481,0.4499,0.45,2.0,0.4499,8.0,36298.0,2975.0
2021-01-05 09:41:37.210,0.4504,0.4503,10.0,0.4497,15.0,36298.0,2985.0
2021-01-05 09:41:37.500,0.45,0.4512,20.0,0.45,5.0,36298.0,2990.0
2021-01-05 09:41:38.160,0.45,0.451,10.0,0.45,5.0,36298.0,2990.0
2021-01-05 09:41:38.650,0.45,0.4507,20.0,0.45,5.0,36298.0,2990.0
2021-01-05 09:41:39.221,0.45,0.4506,10.0,0.45,4.0,36298.0,2991.0
2021-01-05 09:41:39.521,0.45,0.4506,10.0,0.4497,15.0,36298.0,2991.0
2021-01-05 09:41:40.231,0.45,0.45,10.0,0.4491,10.0,36298.0,2991.0
2021-01-05 09:41:40.291,0.45,0.4503,20.0,0.4491,12.0,36298.0,2991.0
2021-01-05 09:41:41.130,0.45,0.4502,30.0,0.4491,12.0,36298.0,2991.0
2021-01-05 09:41:41.730,0.45,0.4499,10.0,0.4491,10.0,36298.0,2991.0
2021-01-05 09:41:42.201,0.4499,0.4501,10.0,0.4491,2.0,36298.0,3002.0
2021-01-05 09:41:42.690,0.4491,0.4497,10.0,0.4485,10.0,36298.0,3004.0
2021-01-05 09:41:43.071,0.4491,0.4497,20.0,0.4486,3.0,36298.0,3004.0
2021-01-05 09:41:43.720,0.4491,0.4496,10.0,0.4486,3.0,36298.0,3004.0
2021-01-05 09:41:44.671,0.4491,0.4496,10.0,0.4487,9.0,36298.0,3004.0
2021-01-05 09:41:45.171,0.4491,0.4497,20.0,0.4488,3.0,36298.0,3004.0
2021-01-05 09:41:45.701,0.4491,0.4496,10.0,0.4488,3.0,36298.0,3004.0
2021-01-05 09:41:46.191,0.4491,0.4495,1.0,0.4485,10.0,36298.0,3004.0
2021-01-05 09:41:46.661,0.4491,0.4495,11.0,0.4485,10.0,36298.0,3004.0
2021-01-05 09:41:47.201,0.4491,0.4502,20.0,0.449,10.0,36298.0,3004.0
2021-01-05 09:41:47.710,0.4491,0.4501,10.0,0.449,10.0,36298.0,3004.0
2021-01-05 09:41:48.181,0.4491,0.4508,20.0,0.4495,10.0,36298.0,3004.0
2021-01-05 09:41:48.600,0.4491,0.4507,10.0,0.4495,10.0,36298.0,3004.0
2021-01-05 09:41:49.191,0.4491,0.4502,10.0,0.4486,10.0,36298.0,3004.0
2021-01-05 09:41:49.310,0.4491,0.4508,20.0,0.4507,6.0,36298.0,3004.0
2021-01-05 09:41:49.971,0.4491,0.4507,2.0,0.45,10.0,36298.0,3004.0
2021-01-05 09:41:50.661,0.4507,0.4507,6.0,0.4502,10.0,36298.0,3006.0
2021-01-05 09:41:51.101,0.4507,0.4507,20.0,0.4494,10.0,36298.0,3006.0
2021-01-05 09:41:51.760,0.4507,0.4515,20.0,0.4497,1.0,36298.0,3012.0
2021-01-05 09:41:52.061,0.4507,0.4514,10.0,0.4501,10.0,36298.0,3012.0
2021-01-05 09:41:52.561,0.4507,0.4515,20.0,0.4503,20.0,36298.0,3012.0
2021-01-05 09:41:53.151,0.4507,0.4515,20.0,0.4506,10.0,36298.0,3012.0
2021-01-05 09:41:54.161,0.4507,0.4519,10.0,0.4506,10.0,36298.0,3012.0
2021-01-05 09:41:54.591,0.4507,0.4519,10.0,0.4507,10.0,36298.0,3012.0
2021-01-05 09:41:54.880,0.4507,0.452,20.0,0.4511,10.0,36298.0,3012.0
2021-01-05 09:41:55.671,0.4507,0.4523,10.0,0.4512,10.0,36298.0,3012.0
2021-01-05 09:41:55.911,0.4507,0.4522,10.0,0.4513,10.0,36298.0,3012.0
2021-01-05 09:41:56.661,0.4514,0.4515,10.0,0.4502,10.0,36298.0,3032.0
2021-01-05 09:41:57.031,0.4515,0.4522,20.0,0.4512,20.0,36298.0,3042.0
2021-01-05 09:41:57.640,0.4512,0.4512,4.0,0.4507,10.0,36298.0,3052.0
2021-01-05 09:41:57.840,0.4507,0.4512,6.0,0.4507,9.0,36298.0,3053.0
2021-01-05 09:41:58.660,0.4507,0.4512,6.0,0.4507,9.0,36298.0,3053.0
2021-01-05 09:41:58.971,0.4507,0.4521,5.0,0.4508,7.0,36298.0,3053.0
2021-01-05 09:41:59.661,0.4507,0.452,10.0,0.4508,7.0,36298.0,3053.0
2021-01-05 09:42:00.151,0.4507,0.452,30.0,0.4508,7.0,36298.0,3053.0
2021-01-05 09:42:00.701,0.4507,0.4525,10.0,0.4508,27.0,36298.0,3053.0
2021-01-05 09:42:01.181,0.4507,0.452,1.0,0.4508,27.0,36298.0,3053.0
2021-01-05 09:42:01.630,0.4507,0.452,1.0,0.4511,20.0,36298.0,3053.0
2021-01-05 09:42:02.201,0.452,0.4525,10.0,0.4511,10.0,36297.0,3054.0
2021-01-05 09:42:02.641,0.452,0.4524,10.0,0.4511,20.0,36297.0,3054.0
2021-01-05 09:42:03.161,0.452,0.4524,30.0,0.4511,10.0,36297.0,3054.0
2021-01-05 09:42:03.690,0.452,0.4524,20.0,0.4511,10.0,36297.0,3054.0
2021-01-05 09:42:04.110,0.452,0.4523,10.0,0.4511,10.0,36297.0,3054.0
2021-01-05 09:42:04.500,0.452,0.4519,10.0,0.4508,7.0,36297.0,3054.0
2021-01-05 09:42:05.211,0.452,0.452,1.0,0.4508,17.0,36297.0,3054.0
2021-01-05 09:42:05.670,0.452,0.452,1.0,0.4508,17.0,36297.0,3054.0
2021-01-05 09:42:06.181,0.452,0.452,1.0,0.4508,17.0,36297.0,3054.0
2021-01-05 09:42:06.690,0.452,0.452,21.0,0.4509,2.0,36297.0,3054.0
2021-01-05 09:42:07.230,0.452,0.452,1.0,0.4508,17.0,36297.0,3054.0
2021-01-05 09:42:07.691,0.452,0.4524,10.0,0.452,6.0,36298.0,3055.0
2021-01-05 09:42:07.970,0.452,0.452,11.0,0.4508,17.0,36302.0,3061.0
2021-01-05 09:42:08.660,0.452,0.4519,10.0,0.4508,17.0,36302.0,3061.0
2021-01-05 09:42:09.230,0.4508,0.452,8.0,0.451,10.0,36301.0,3062.0
2021-01-05 09:42:09.491,0.4508,0.4523,10.0,0.4512,1.0,36301.0,3062.0
2021-01-05 09:42:10.200,0.4508,0.4525,20.0,0.4516,1.0,36301.0,3062.0
2021-01-05 09:42:10.220,0.4508,0.4525,30.0,0.452,1.0,36301.0,3062.0
2021-01-05 09:42:10.971,0.4525,0.4525,17.0,0.452,1.0,36301.0,3065.0
2021-01-05 09:42:11.651,0.4525,0.4534,10.0,0.4525,6.0,36301.0,3075.0
2021-01-05 09:42:12.200,0.4525,0.4537,30.0,0.4525,30.0,36301.0,3075.0
2021-01-05 09:42:12.721,0.4536,0.4536,23.0,0.4523,10.0,36302.0,3076.0
2021-01-05 09:42:13.191,0.4536,0.4533,20.0,0.4518,10.0,36302.0,3076.0
2021-01-05 09:42:13.731,0.4536,0.4523,2.0,0.4517,10.0,36302.0,3076.0
2021-01-05 09:42:14.150,0.4536,0.4527,10.0,0.4517,10.0,36302.0,3076.0
2021-01-05 09:42:14.671,0.4536,0.4527,10.0,0.4516,20.0,36302.0,3076.0
2021-01-05 09:42:15.151,0.4536,0.4527,20.0,0.4513,10.0,36302.0,3076.0
2021-01-05 09:42:15.650,0.4525,0.4527,20.0,0.4513,10.0,36302.0,3086.0
2021-01-05 09:42:16.161,0.4525,0.4527,10.0,0.4517,1.0,36302.0,3086.0
2021-01-05 09:42:16.651,0.4525,0.453,20.0,0.4521,1.0,36302.0,3086.0
2021-01-05 09:42:17.241,0.4529,0.4529,8.0,0.4516,10.0,36304.0,3088.0
2021-01-05 09:42:17.650,0.4529,0.453,30.0,0.4517,10.0,36304.0,3088.0
2021-01-05 09:42:18.100,0.4529,0.4528,10.0,0.4516,10.0,36304.0,3088.0
2021-01-05 09:42:18.570,0.4528,0.4526,10.0,0.4511,30.0,36305.0,3089.0
2021-01-05 09:42:19.210,0.4528,0.4526,10.0,0.4511,10.0,36305.0,3089.0
2021-01-05 09:42:19.210,0.4528,0.4525,10.0,0.4511,10.0,36305.0,3089.0
2021-01-05 09:42:20.150,0.4528,0.4525,10.0,0.4511,20.0,36305.0,3089.0
