,last,ask1,asize1,bid1,bsize1,oi,volume
2021-01-05 09:25:00.080,,0.4343,1.0,0.4302,1.0,1835.0,
2021-01-05 09:30:00.451,0.4343,0.4444,1.0,0.4419,1.0,1836.0,1.0
2021-01-05 09:30:00.991,0.4343,0.4444,1.0,0.4343,1.0,1836.0,1.0
2021-01-05 09:30:01.481,0.4444,0.4467,10.0,0.444,10.0,1836.0,2.0
2021-01-05 09:30:01.990,0.4444,0.446,10.0,0.4424,10.0,1836.0,2.0
2021-01-05 09:30:02.501,0.4444,0.4466,10.0,0.4441,10.0,1836.0,2.0
2021-01-05 09:30:03.010,0.4444,0.4458,10.0,0.4441,20.0,1836.0,2.0
2021-01-05 09:30:03.471,0.4444,0.4473,20.0,0.4436,20.0,1836.0,2.0
2021-01-05 09:30:03.980,0.4444,0.4461,20.0,0.444,10.0,1836.0,2.0
2021-01-05 09:30:04.430,0.4444,0.4473,20.0,0.4455,10.0,1836.0,2.0
2021-01-05 09:30:05.010,0.4444,0.4477,1.0,0.4473,10.0,1836.0,2.0
2021-01-05 09:30:05.471,0.4477,0.4486,20.0,0.4477,10.0,1836.0,3.0
2021-01-05 09:30:05.990,0.4486,0.4494,1.0,0.4486,8.0,1846.0,13.0
2021-01-05 09:30:06.480,0.4486,0.4498,1.0,0.4494,8.0,1862.0,30.0
2021-01-05 09:30:06.971,0.4498,0.4513,20.0,0.4498,10.0,1862.0,31.0
2021-01-05 09:30:07.471,0.4518,0.4524,20.0,0.452,200.0,1882.0,51.0
2021-01-05 09:30:07.801,0.452,0.4527,10.0,0.452,31.0,2062.0,231.0
2021-01-05 09:30:08.520,0.452,0.4517,10.0,0.4513,10.0,2093.0,262.0
2021-01-05 09:30:08.900,0.452,0.4524,10.0,0.4492,30.0,2093.0,262.0
2021-01-05 09:30:09.490,0.452,0.4527,20.0,0.4492,20.0,2093.0,262.0
2021-01-05 09:30:10.501,0.452,0.4528,10.0,0.4505,10.0,2093.0,262.0
2021-01-05 09:30:11.000,0.452,0.4532,10.0,0.4506,10.0,2093.0,262.0
2021-01-05 09:30:11.521,0.452,0.4533,20.0,0.4512,10.0,2093.0,262.0
2021-01-05 09:30:11.980,0.452,0.4533,20.0,0.4518,10.0,2093.0,262.0
2021-01-05 09:30:12.521,0.452,0.4541,10.0,0.4507,10.0,2093.0,262.0
2021-01-05 09:30:12.900,0.452,0.4524,10.0,0.4501,10.0,2093.0,262.0
2021-01-05 09:30:13.501,0.452,0.4524,20.0,0.4489,20.0,2093.0,262.0
2021-01-05 09:30:13.941,0.4524,0.4526,10.0,0.4502,10.0,2094.0,263.0
2021-01-05 09:30:14.521,0.4524,0.4526,20.0,0.4497,10.0,2094.0,263.0
2021-01-05 09:30:15.040,0.4524,0.4529,10.0,0.4498,10.0,2094.0,263.0
2021-01-05 09:30:15.520,0.4524,0.4524,10.0,0.4497,10.0,2094.0,263.0
2021-01-05 09:30:15.991,0.4524,0.4524,20.0,0.4504,10.0,2094.0,263.0
2021-01-05 09:30:16.531,0.4524,0.4519,10.0,0.4496,10.0,2094.0,263.0
2021-01-05 09:30:17.021,0.4516,0.4519,20.0,0.448,20.0,2095.0,264.0
2021-01-05 09:30:17.641,0.4516,0.4512,10.0,0.4469,10.0,2095.0,264.0
2021-01-05 09:30:18.231,0.4516,0.4508,10.0,0.4472,10.0,2095.0,264.0
2021-01-05 09:30:18.750,0.4516,0.4512,20.0,0.4467,20.0,2095.0,264.0
2021-01-05 09:30:19.251,0.4516,0.4502,10.0,0.447,10.0,2095.0,264.0
2021-01-05 09:30:19.741,0.4516,0.4499,10.0,0.4468,10.0,2095.0,264.0
2021-01-05 09:30:20.240,0.4516,0.4499,10.0,0.4472,10.0,2095.0,264.0
2021-01-05 09:30:20.740,0.4502,0.4502,19.0,0.4468,20.0,2096.0,265.0
2021-01-05 09:30:21.241,0.4502,0.4502,20.0,0.4483,10.0,2096.0,265.0
2021-01-05 09:30:21.741,0.4502,0.4508,10.0,0.4468,10.0,2096.0,265.0
2021-01-05 09:30:22.240,0.4502,0.4515,10.0,0.4488,10.0,2096.0,265.0
2021-01-05 09:30:22.671,0.4502,0.4513,10.0,0.4478,10.0,2096.0,265.0
2021-01-05 09:30:23.170,0.4502,0.4515,20.0,0.4484,10.0,2096.0,265.0
2021-01-05 09:30:23.670,0.4502,0.4515,20.0,0.4492,10.0,2096.0,265.0
2021-01-05 09:30:24.140,0.4515,0.4521,10.0,0.4494,10.0,2096.0,285.0
2021-01-05 09:30:24.661,0.4515,0.4525,10.0,0.4501,10.0,2096.0,285.0
2021-01-05 09:30:25.160,0.4515,0.4528,10.0,0.4505,10.0,2096.0,285.0
2021-01-05 09:30:25.671,0.4515,0.4521,10.0,0.4496,10.0,2096.0,285.0
2021-01-05 09:30:26.171,0.4515,0.4522,10.0,0.4499,10.0,2096.0,285.0
2021-01-05 09:30:26.670,0.4515,0.4525,20.0,0.45,10.0,2096.0,285.0
2021-01-05 09:30:27.170,0.4515,0.4525,30.0,0.4502,10.0,2096.0,285.0
2021-01-05 09:30:27.671,0.4515,0.4522,10.0,0.4496,20.0,2096.0,285.0
2021-01-05 09:30:28.161,0.4515,0.4525,20.0,0.4496,20.0,2096.0,285.0
2021-01-05 09:30:28.670,0.4515,0.4525,20.0,0.4496,20.0,2096.0,285.0
2021-01-05 09:30:29.141,0.4515,0.4527,10.0,0.4501,10.0,2096.0,285.0
2021-01-05 09:30:29.661,0.4515,0.4527,30.0,0.4503,10.0,2096.0,285.0
2021-01-05 09:30:30.171,0.4515,0.4527,20.0,0.45,10.0,2096.0,285.0
2021-01-05 09:30:30.620,0.4515,0.4523,10.0,0.4495,10.0,2096.0,285.0
2021-01-05 09:30:31.121,0.4515,0.4519,10.0,0.4495,10.0,2096.0,285.0
2021-01-05 09:30:31.631,0.4515,0.4517,10.0,0.4492,10.0,2096.0,285.0
2021-01-05 09:30:32.140,0.4515,0.4517,10.0,0.4493,10.0,2096.0,285.0
2021-01-05 09:30:32.551,0.4515,0.4517,1.0,0.4484,20.0,2096.0,285.0
2021-01-05 09:30:33.171,0.4515,0.4519,30.0,0.4484,20.0,2096.0,285.0
2021-01-05 09:30:33.671,0.4515,0.4515,10.0,0.4484,20.0,2096.0,285.0
2021-01-05 09:30:34.191,0.4515,0.4515,20.0,0.4484,20.0,2096.0,285.0
2021-01-05 09:30:34.670,0.4515,0.4514,10.0,0.448,10.0,2096.0,285.0
2021-01-05 09:30:35.121,0.4515,0.4514,30.0,0.448,30.0,2096.0,285.0
2021-01-05 09:30:35.680,0.4515,0.4514,20.0,0.4483,10.0,2096.0,285.0
2021-01-05 09:30:36.170,0.4515,0.4514,20.0,0.4491,10.0,2096.0,285.0
2021-01-05 09:30:36.681,0.4515,0.4511,10.0,0.4482,10.0,2096.0,285.0
2021-01-05 09:30:37.171,0.4515,0.451,10.0,0.4485,10.0,2096.0,285.0
2021-01-05 09:30:37.670,0.4515,0.451,20.0,0.4485,20.0,2096.0,285.0
2021-01-05 09:30:38.141,0.4515,0.4511,10.0,0.4487,10.0,2096.0,285.0
2021-01-05 09:30:38.700,0.4515,0.4507,10.0,0.4487,20.0,2096.0,285.0
2021-01-05 09:30:39.201,0.4515,0.4511,20.0,0.4487,20.0,2096.0,285.0
2021-01-05 09:30:39.680,0.4515,0.4511,30.0,0.4487,10.0,2096.0,285.0
2021-01-05 09:30:40.170,0.4515,0.4511,20.0,0.4487,20.0,2096.0,285.0
2021-01-05 09:30:40.690,0.4515,0.4509,10.0,0.4481,20.0,2096.0,285.0
2021-01-05 09:30:41.151,0.4515,0.4509,10.0,0.4488,1.0,2096.0,285.0
2021-01-05 09:30:41.701,0.4515,0.4511,20.0,0.4488,1.0,2096.0,285.0
2021-01-05 09:30:42.181,0.4515,0.4507,10.0,0.4488,20.0,2096.0,285.0
2021-01-05 09:30:42.611,0.4515,0.4503,10.0,0.4489,1.0,2096.0,285.0
2021-01-05 09:30:43.180,0.4515,0.4503,30.0,0.4489,1.0,2096.0,285.0
2021-01-05 09:30:43.681,0.4489,0.4489,44.0,0.4481,20.0,2096.0,286.0
2021-01-05 09:30:44.100,0.4489,0.4489,49.0,0.4476,20.0,2096.0,286.0
2021-01-05 09:30:44.650,0.4489,0.4481,5.0,0.447,30.0,2096.0,286.0
2021-01-05 09:30:45.161,0.4489,0.4481,5.0,0.447,30.0,2096.0,286.0
2021-01-05 09:30:46.200,0.4489,0.4481,5.0,0.447,20.0,2096.0,286.0
2021-01-05 09:30:46.701,0.4489,0.4481,5.0,0.447,20.0,2096.0,286.0
2021-01-05 09:30:47.191,0.447,0.447,7.0,0.4464,30.0,2096.0,299.0
2021-01-05 09:30:47.681,0.4464,0.448,10.0,0.4464,20.0,2099.0,316.0
2021-01-05 09:30:48.200,0.4464,0.4481,10.0,0.4457,10.0,2099.0,336.0
2021-01-05 09:30:48.711,0.4464,0.4483,10.0,0.4459,10.0,2099.0,336.0
2021-01-05 09:30:49.210,0.4464,0.4486,10.0,0.4461,10.0,2099.0,336.0
2021-01-05 09:30:49.700,0.4464,0.4518,10.0,0.4447,10.0,2099.0,336.0
2021-01-05 09:30:50.171,0.4464,0.4476,10.0,0.445,10.0,2099.0,336.0
2021-01-05 09:30:50.651,0.4464,0.4481,10.0,0.4457,10.0,2099.0,336.0
2021-01-05 09:30:51.181,0.4464,0.4481,10.0,0.4457,30.0,2099.0,336.0
2021-01-05 09:30:51.721,0.4464,0.4482,20.0,0.4457,20.0,2099.0,336.0
2021-01-05 09:30:52.221,0.4464,0.4481,10.0,0.4457,20.0,2099.0,336.0
2021-01-05 09:30:52.651,0.4464,0.4476,10.0,0.4451,10.0,2099.0,336.0
2021-01-05 09:30:53.120,0.4464,0.4474,10.0,0.4451,30.0,2099.0,336.0
2021-01-05 09:30:53.660,0.4464,0.4477,20.0,0.4451,20.0,2099.0,336.0
2021-01-05 09:30:54.130,0.4464,0.4476,10.0,0.4453,10.0,2099.0,336.0
2021-01-05 09:30:54.670,0.4464,0.4475,10.0,0.4451,20.0,2099.0,336.0
2021-01-05 09:30:55.081,0.4464,0.4469,10.0,0.4447,20.0,2099.0,336.0
2021-01-05 09:30:55.671,0.4464,0.4469,10.0,0.444,30.0,2099.0,336.0
2021-01-05 09:30:56.170,0.4464,0.447,10.0,0.4446,10.0,2099.0,336.0
2021-01-05 09:30:56.660,0.4464,0.4468,10.0,0.4446,20.0,2099.0,336.0
2021-01-05 09:30:57.171,0.4464,0.447,10.0,0.4446,20.0,2099.0,336.0
2021-01-05 09:30:58.091,0.4464,0.4474,10.0,0.446,10.0,2099.0,336.0
2021-01-05 09:30:59.171,0.4464,0.4479,10.0,0.4466,10.0,2099.0,336.0
2021-01-05 09:30:59.640,0.4464,0.4481,1.0,0.4471,10.0,2099.0,336.0
2021-01-05 09:31:00.161,0.4464,0.4476,10.0,0.4468,20.0,2099.0,336.0
2021-01-05 09:31:00.681,0.4476,0.4481,1.0,0.447,10.0,2104.0,341.0
2021-01-05 09:31:01.140,0.4476,0.4481,1.0,0.4476,5.0,2104.0,341.0
2021-01-05 09:31:01.680,0.4485,0.4489,28.0,0.4482,10.0,2103.0,343.0
2021-01-05 09:31:02.170,0.4489,0.4489,12.0,0.4481,11.0,2092.0,359.0
2021-01-05 09:31:02.681,0.4489,0.4489,7.0,0.4481,11.0,2087.0,364.0
2021-01-05 09:31:03.131,0.4489,0.45,10.0,0.4489,5.0,2085.0,371.0
2021-01-05 09:31:03.680,0.4489,0.45,10.0,0.4483,10.0,2085.0,381.0
2021-01-05 09:31:04.671,0.4489,0.4498,10.0,0.4483,10.0,2085.0,381.0
2021-01-05 09:31:05.190,0.4489,0.45,10.0,0.4485,10.0,2085.0,381.0
2021-01-05 09:31:05.670,0.4489,0.4506,10.0,0.4498,2.0,2085.0,381.0
2021-01-05 09:31:06.160,0.4498,0.4494,10.0,0.4478,10.0,2087.0,383.0
2021-01-05 09:31:06.521,0.4485,0.4485,8.0,0.4468,10.0,2091.0,387.0
2021-01-05 09:31:07.190,0.4485,0.4489,10.0,0.4473,10.0,2091.0,388.0
2021-01-05 09:31:07.670,0.4485,0.4489,20.0,0.4473,10.0,2091.0,388.0
2021-01-05 09:31:08.200,0.4485,0.4485,10.0,0.4473,10.0,2091.0,388.0
2021-01-05 09:31:08.650,0.4485,0.4474,10.0,0.4455,10.0,2091.0,388.0
2021-01-05 09:31:09.051,0.4485,0.4473,20.0,0.4465,10.0,2091.0,388.0
2021-01-05 09:31:09.701,0.4485,0.4482,10.0,0.4465,10.0,2091.0,388.0
2021-01-05 09:31:10.200,0.4485,0.4478,10.0,0.4461,10.0,2091.0,388.0
2021-01-05 09:31:10.690,0.4485,0.4478,10.0,0.4461,10.0,2091.0,388.0
2021-01-05 09:31:11.170,0.4485,0.4476,10.0,0.4461,10.0,2091.0,388.0
2021-01-05 09:31:11.701,0.4485,0.448,10.0,0.4464,10.0,2091.0,388.0
2021-01-05 09:31:12.171,0.4485,0.4477,10.0,0.4464,10.0,2091.0,388.0
2021-01-05 09:31:12.621,0.4485,0.4484,20.0,0.4468,10.0,2091.0,388.0
2021-01-05 09:31:13.170,0.4485,0.4474,10.0,0.4468,20.0,2091.0,388.0
2021-01-05 09:31:13.710,0.4474,0.4474,3.0,0.4462,10.0,2093.0,406.0
2021-01-05 09:31:14.200,0.4474,0.4479,10.0,0.4462,10.0,2093.0,409.0
2021-01-05 09:31:14.690,0.4474,0.4479,10.0,0.4466,10.0,2093.0,409.0
2021-01-05 09:31:15.110,0.4474,0.4486,10.0,0.4469,10.0,2093.0,409.0
2021-01-05 09:31:15.710,0.4486,0.4486,9.0,0.4469,10.0,2094.0,410.0
2021-01-05 09:31:16.180,0.4486,0.4486,7.0,0.4469,30.0,2096.0,412.0
2021-01-05 09:31:16.711,0.4486,0.448,10.0,0.4469,20.0,2096.0,412.0
2021-01-05 09:31:17.201,0.4486,0.4478,10.0,0.4464,30.0,2096.0,412.0
2021-01-05 09:31:17.710,0.4486,0.4476,10.0,0.4464,20.0,2096.0,412.0
2021-01-05 09:31:18.720,0.4486,0.4472,10.0,0.446,20.0,2096.0,412.0
2021-01-05 09:31:19.150,0.446,0.4469,20.0,0.4454,20.0,2096.0,417.0
2021-01-05 09:31:19.711,0.446,0.4475,10.0,0.4458,10.0,2096.0,417.0
2021-01-05 09:31:20.171,0.446,0.4467,10.0,0.4458,20.0,2096.0,417.0
2021-01-05 09:31:20.701,0.446,0.4467,10.0,0.4452,10.0,2096.0,417.0
2021-01-05 09:31:21.221,0.4463,0.4479,60.0,0.4467,5.0,2096.0,433.0
2021-01-05 09:31:21.671,0.4463,0.4479,30.0,0.4467,5.0,2096.0,433.0
2021-01-05 09:31:22.211,0.4463,0.4479,20.0,0.447,10.0,2096.0,433.0
2021-01-05 09:31:22.620,0.4463,0.4479,20.0,0.447,10.0,2096.0,433.0
2021-01-05 09:31:23.171,0.4463,0.4479,20.0,0.4472,10.0,2096.0,433.0
2021-01-05 09:31:23.640,0.4463,0.4479,20.0,0.4472,10.0,2096.0,433.0
2021-01-05 09:31:24.161,0.4463,0.4479,20.0,0.4472,10.0,2096.0,433.0
2021-01-05 09:31:24.660,0.4479,0.4479,19.0,0.4466,10.0,2095.0,434.0
2021-01-05 09:31:25.150,0.4479,0.4477,10.0,0.446,30.0,2095.0,434.0
2021-01-05 09:31:25.640,0.4479,0.4475,10.0,0.446,30.0,2095.0,434.0
2021-01-05 09:31:26.141,0.4479,0.4479,19.0,0.4466,10.0,2095.0,434.0
2021-01-05 09:31:26.681,0.4479,0.4479,29.0,0.4466,10.0,2095.0,434.0
2021-01-05 09:31:27.171,0.4479,0.4477,20.0,0.4461,10.0,2095.0,434.0
2021-01-05 09:31:27.601,0.4479,0.4479,19.0,0.4467,10.0,2095.0,434.0
2021-01-05 09:31:28.091,0.4479,0.4479,19.0,0.4467,10.0,2095.0,434.0
2021-01-05 09:31:28.610,0.4479,0.4479,19.0,0.4467,10.0,2095.0,434.0
2021-01-05 09:31:29.171,0.4479,0.4479,19.0,0.4467,10.0,2095.0,434.0
2021-01-05 09:31:30.170,0.4479,0.4479,19.0,0.4467,10.0,2095.0,434.0
2021-01-05 09:31:30.671,0.4479,0.4478,10.0,0.4462,30.0,2095.0,434.0
2021-01-05 09:31:31.150,0.4479,0.4478,10.0,0.4464,10.0,2095.0,434.0
2021-01-05 09:31:31.661,0.4479,0.4478,10.0,0.4464,10.0,2095.0,434.0
2021-01-05 09:31:32.191,0.4479,0.4479,19.0,0.4467,10.0,2095.0,434.0
2021-01-05 09:31:32.671,0.4479,0.4479,19.0,0.4467,30.0,2095.0,434.0
2021-01-05 09:31:33.190,0.4479,0.4478,10.0,0.4462,30.0,2095.0,434.0
2021-01-05 09:31:33.680,0.4479,0.4478,10.0,0.4464,10.0,2095.0,434.0
2021-01-05 09:31:34.181,0.4479,0.4477,10.0,0.4464,10.0,2095.0,434.0
2021-01-05 09:31:34.681,0.4479,0.4479,19.0,0.4468,10.0,2095.0,434.0
2021-01-05 09:31:35.190,0.4479,0.4479,19.0,0.4468,30.0,2095.0,434.0
2021-01-05 09:31:35.670,0.4479,0.4479,29.0,0.4468,20.0,2095.0,434.0
2021-01-05 09:31:36.181,0.4479,0.4479,29.0,0.4464,10.0,2095.0,434.0
2021-01-05 09:31:36.690,0.4479,0.4479,18.0,0.4469,10.0,2095.0,435.0
2021-01-05 09:31:37.191,0.4478,0.4478,8.0,0.4469,20.0,2097.0,437.0
2021-01-05 09:31:37.620,0.4478,0.4478,7.0,0.4463,10.0,2098.0,438.0
2021-01-05 09:31:38.190,0.4478,0.4471,10.0,0.4462,20.0,2098.0,438.0
2021-01-05 09:31:39.210,0.4478,0.4471,10.0,0.4453,30.0,2098.0,438.0
2021-01-05 09:31:39.710,0.4478,0.4466,20.0,0.4455,5.0,2098.0,438.0
2021-01-05 09:31:40.200,0.4478,0.4466,20.0,0.4453,30.0,2098.0,438.0
2021-01-05 09:31:40.711,0.4478,0.4462,20.0,0.4453,20.0,2098.0,438.0
2021-01-05 09:31:41.191,0.4453,0.4453,15.0,0.4443,40.0,2103.0,443.0
2021-01-05 09:31:41.691,0.4453,0.4453,30.0,0.4441,10.0,2103.0,443.0
2021-01-05 09:31:42.211,0.4453,0.4453,30.0,0.4444,10.0,2103.0,443.0
2021-01-05 09:31:42.711,0.4453,0.4453,30.0,0.4444,10.0,2103.0,443.0
2021-01-05 09:31:43.191,0.4453,0.446,10.0,0.4447,10.0,2113.0,453.0
2021-01-05 09:31:43.690,0.446,0.4465,10.0,0.4453,10.0,2118.0,458.0
2021-01-05 09:31:44.190,0.446,0.4465,10.0,0.4453,10.0,2118.0,458.0
2021-01-05 09:31:44.691,0.446,0.4474,20.0,0.4457,10.0,2118.0,458.0
2021-01-05 09:31:45.170,0.446,0.446,10.0,0.4455,20.0,2118.0,458.0
2021-01-05 09:31:45.621,0.446,0.4468,10.0,0.4452,10.0,2130.0,470.0
2021-01-05 09:31:46.101,0.446,0.446,10.0,0.4444,20.0,2130.0,470.0
2021-01-05 09:31:46.701,0.446,0.4459,10.0,0.4442,20.0,2130.0,470.0
2021-01-05 09:31:47.191,0.446,0.4464,10.0,0.4449,10.0,2130.0,470.0
2021-01-05 09:31:47.690,0.446,0.4459,20.0,0.4443,15.0,2130.0,470.0
2021-01-05 09:31:48.211,0.446,0.4457,10.0,0.4441,10.0,2130.0,470.0
2021-01-05 09:31:49.711,0.4441,0.4454,10.0,0.444,20.0,2135.0,475.0
2021-01-05 09:31:50.151,0.4441,0.4441,15.0,0.444,20.0,2135.0,475.0
2021-01-05 09:31:50.681,0.4441,0.4449,20.0,0.443,10.0,2166.0,509.0
2021-01-05 09:31:51.210,0.4441,0.4449,10.0,0.4434,10.0,2166.0,509.0
2021-01-05 09:31:51.701,0.4441,0.4449,20.0,0.4432,20.0,2166.0,509.0
2021-01-05 09:31:52.220,0.4441,0.4444,10.0,0.4432,20.0,2166.0,509.0
2021-01-05 09:31:52.621,0.4441,0.4443,10.0,0.4428,20.0,2166.0,509.0
2021-01-05 09:31:53.171,0.4441,0.4443,10.0,0.4428,20.0,2166.0,509.0
2021-01-05 09:31:53.630,0.4441,0.4437,20.0,0.4424,20.0,2166.0,509.0
2021-01-05 09:31:54.151,0.4441,0.4434,10.0,0.4419,30.0,2166.0,509.0
2021-01-05 09:31:54.641,0.4441,0.4436,10.0,0.4419,20.0,2166.0,509.0
2021-01-05 09:31:55.150,0.4441,0.4436,10.0,0.4419,20.0,2166.0,509.0
2021-01-05 09:31:55.670,0.4441,0.4432,10.0,0.4415,30.0,2166.0,509.0
2021-01-05 09:31:56.110,0.4441,0.4433,20.0,0.4415,20.0,2166.0,509.0
2021-01-05 09:31:56.681,0.4441,0.4433,10.0,0.4413,10.0,2166.0,509.0
2021-01-05 09:31:57.171,0.4441,0.4433,10.0,0.4413,10.0,2166.0,509.0
2021-01-05 09:31:57.651,0.4441,0.443,20.0,0.4413,10.0,2166.0,509.0
2021-01-05 09:31:58.171,0.4441,0.443,10.0,0.4415,10.0,2166.0,509.0
2021-01-05 09:31:59.180,0.4441,0.443,10.0,0.4415,30.0,2166.0,509.0
2021-01-05 09:31:59.660,0.4441,0.443,10.0,0.4415,30.0,2166.0,509.0
2021-01-05 09:32:00.150,0.4441,0.4435,10.0,0.4419,10.0,2166.0,509.0
2021-01-05 09:32:00.650,0.4441,0.443,10.0,0.4419,20.0,2166.0,509.0
2021-01-05 09:32:01.170,0.443,0.4435,10.0,0.443,10.0,2166.0,519.0
2021-01-05 09:32:01.620,0.4435,0.4437,20.0,0.4423,10.0,2171.0,548.0
2021-01-05 09:32:02.171,0.4435,0.444,10.0,0.4425,30.0,2171.0,548.0
2021-01-05 09:32:02.671,0.444,0.4447,20.0,0.4431,10.0,2175.0,552.0
2021-01-05 09:32:03.180,0.444,0.4452,10.0,0.4431,30.0,2175.0,552.0
2021-01-05 09:32:04.150,0.444,0.4452,10.0,0.4435,10.0,2175.0,552.0
2021-01-05 09:32:04.661,0.444,0.4445,10.0,0.4435,20.0,2175.0,552.0
2021-01-05 09:32:05.130,0.444,0.4442,10.0,0.4431,20.0,2175.0,552.0
2021-01-05 09:32:05.660,0.444,0.4447,10.0,0.4432,3.0,2175.0,552.0
2021-01-05 09:32:06.161,0.444,0.4434,10.0,0.4432,3.0,2175.0,552.0
2021-01-05 09:32:06.680,0.4434,0.444,10.0,0.4432,3.0,2175.0,562.0
2021-01-05 09:32:07.070,0.4434,0.4449,10.0,0.4432,10.0,2175.0,562.0
2021-01-05 09:32:07.671,0.4434,0.4449,10.0,0.4433,3.0,2175.0,562.0
2021-01-05 09:32:08.171,0.4434,0.4445,10.0,0.4433,3.0,2175.0,562.0
2021-01-05 09:32:08.670,0.4434,0.444,10.0,0.4433,3.0,2175.0,562.0
2021-01-05 09:32:09.141,0.4433,0.4435,10.0,0.4425,3.0,2175.0,563.0
2021-01-05 09:32:09.681,0.4433,0.4433,10.0,0.442,10.0,2175.0,563.0
2021-01-05 09:32:10.140,0.4433,0.4433,10.0,0.4427,10.0,2175.0,563.0
2021-01-05 09:32:10.591,0.4433,0.4437,10.0,0.4419,10.0,2175.0,563.0
2021-01-05 09:32:11.120,0.4433,0.4437,10.0,0.4423,10.0,2175.0,563.0
2021-01-05 09:32:11.650,0.4433,0.4442,20.0,0.4429,10.0,2175.0,563.0
2021-01-05 09:32:12.161,0.4433,0.445,30.0,0.4432,10.0,2175.0,563.0
2021-01-05 09:32:12.670,0.4433,0.445,10.0,0.4432,10.0,2175.0,563.0
2021-01-05 09:32:13.171,0.4433,0.4447,10.0,0.4432,10.0,2175.0,563.0
2021-01-05 09:32:13.671,0.4432,0.4447,10.0,0.4432,5.0,2170.0,568.0
2021-01-05 09:32:14.180,0.4432,0.4447,10.0,0.4433,2.0,2170.0,568.0
2021-01-05 09:32:14.660,0.4432,0.4442,10.0,0.4433,2.0,2170.0,568.0
2021-01-05 09:32:15.171,0.4432,0.4442,10.0,0.4428,2.0,2170.0,568.0
2021-01-05 09:32:15.611,0.4432,0.444,10.0,0.4427,2.0,2170.0,568.0
2021-01-05 09:32:16.151,0.4432,0.444,10.0,0.4427,2.0,2170.0,568.0
2021-01-05 09:32:16.520,0.4432,0.444,10.0,0.4427,2.0,2170.0,568.0
2021-01-05 09:32:17.161,0.4432,0.4444,20.0,0.443,10.0,2170.0,568.0
2021-01-05 09:32:17.651,0.4432,0.444,10.0,0.4425,20.0,2170.0,568.0
2021-01-05 09:32:18.670,0.4432,0.4436,10.0,0.4418,10.0,2170.0,568.0
2021-01-05 09:32:19.150,0.4432,0.4436,10.0,0.4421,10.0,2170.0,568.0
2021-01-05 09:32:19.640,0.4432,0.4436,10.0,0.4421,10.0,2170.0,568.0
2021-01-05 09:32:20.671,0.4432,0.4444,30.0,0.4428,10.0,2170.0,568.0
2021-01-05 09:32:21.171,0.4432,0.4444,20.0,0.4432,10.0,2170.0,568.0
2021-01-05 09:32:21.680,0.4432,0.4448,20.0,0.4435,10.0,2170.0,568.0
2021-01-05 09:32:22.181,0.4432,0.445,10.0,0.4435,10.0,2170.0,568.0
2021-01-05 09:32:22.650,0.4432,0.4451,10.0,0.4435,10.0,2170.0,568.0
2021-01-05 09:32:23.180,0.4432,0.4451,10.0,0.4435,10.0,2170.0,568.0
2021-01-05 09:32:24.160,0.4432,0.4449,10.0,0.4435,10.0,2170.0,568.0
2021-01-05 09:32:24.640,0.4432,0.4449,40.0,0.4435,10.0,2170.0,568.0
2021-01-05 09:32:25.170,0.4432,0.4444,10.0,0.4427,10.0,2170.0,568.0
2021-01-05 09:32:25.670,0.4432,0.4444,10.0,0.4431,10.0,2170.0,568.0
2021-01-05 09:32:26.171,0.4432,0.4431,4.0,0.4429,20.0,2170.0,568.0
2021-01-05 09:32:26.581,0.4429,0.4431,20.0,0.4419,10.0,2184.0,582.0
2021-01-05 09:32:27.670,0.4429,0.4431,20.0,0.4419,10.0,2184.0,582.0
2021-01-05 09:32:28.171,0.4429,0.4431,20.0,0.4419,10.0,2184.0,582.0
2021-01-05 09:32:28.630,0.4429,0.4431,20.0,0.4419,10.0,2184.0,582.0
2021-01-05 09:32:29.180,0.4429,0.4431,20.0,0.4415,10.0,2184.0,582.0
2021-01-05 09:32:30.171,0.4429,0.4432,3.0,0.4421,10.0,2184.0,582.0
2021-01-05 09:32:30.671,0.4429,0.4432,3.0,0.4421,10.0,2184.0,582.0
2021-01-05 09:32:31.631,0.4429,0.4432,23.0,0.4414,10.0,2184.0,582.0
2021-01-05 09:32:32.121,0.4429,0.4432,3.0,0.4421,10.0,2184.0,582.0
2021-01-05 09:32:33.671,0.4429,0.4432,13.0,0.4416,10.0,2184.0,582.0
2021-01-05 09:32:34.171,0.4429,0.4432,13.0,0.4419,10.0,2184.0,582.0
2021-01-05 09:32:34.691,0.4429,0.4432,3.0,0.4423,10.0,2184.0,582.0
2021-01-05 09:32:35.170,0.4429,0.4432,3.0,0.4423,10.0,2184.0,582.0
2021-01-05 09:32:35.671,0.4429,0.4432,3.0,0.4423,10.0,2184.0,582.0
2021-01-05 09:32:36.190,0.4429,0.4432,3.0,0.4423,10.0,2184.0,582.0
2021-01-05 09:32:36.691,0.4429,0.4432,3.0,0.4423,10.0,2184.0,582.0
2021-01-05 09:32:37.150,0.4429,0.4432,3.0,0.4419,10.0,2184.0,582.0
2021-01-05 09:32:38.190,0.4429,0.4432,3.0,0.4422,10.0,2184.0,582.0
2021-01-05 09:32:39.200,0.4429,0.4432,3.0,0.4422,10.0,2184.0,582.0
2021-01-05 09:32:39.630,0.4429,0.4432,3.0,0.4418,20.0,2184.0,582.0
2021-01-05 09:32:40.151,0.4429,0.4432,3.0,0.4419,10.0,2184.0,582.0
2021-01-05 09:32:41.200,0.4429,0.4432,3.0,0.4419,10.0,2184.0,582.0
2021-01-05 09:32:41.690,0.4429,0.4429,20.0,0.4418,20.0,2184.0,582.0
2021-01-05 09:32:42.161,0.4429,0.4432,3.0,0.4419,10.0,2184.0,582.0
2021-01-05 09:32:42.201,0.4429,0.4429,10.0,0.4418,20.0,2184.0,582.0
2021-01-05 09:32:43.121,0.4429,0.4429,10.0,0.4415,10.0,2184.0,582.0
2021-01-05 09:32:43.580,0.4429,0.4429,10.0,0.4415,10.0,2184.0,582.0
2021-01-05 09:32:44.151,0.4429,0.4432,3.0,0.4418,10.0,2184.0,582.0
2021-01-05 09:32:44.700,0.4429,0.4432,3.0,0.4423,10.0,2184.0,582.0
2021-01-05 09:32:45.580,0.4429,0.4432,13.0,0.4423,20.0,2184.0,582.0
2021-01-05 09:32:46.160,0.4429,0.4432,13.0,0.4418,30.0,2184.0,582.0
2021-01-05 09:32:46.610,0.4429,0.4432,13.0,0.4418,30.0,2184.0,582.0
2021-01-05 09:32:47.701,0.4429,0.443,10.0,0.4414,20.0,2184.0,582.0
2021-01-05 09:32:48.101,0.4429,0.4418,4.0,0.4414,20.0,2184.0,582.0
2021-01-05 09:32:48.690,0.4429,0.4418,4.0,0.441,20.0,2184.0,582.0
2021-01-05 09:32:49.050,0.441,0.4414,20.0,0.441,19.0,2185.0,583.0
2021-01-05 09:32:49.611,0.441,0.441,5.0,0.4401,1.0,2204.0,602.0
2021-01-05 09:32:50.171,0.4401,0.4401,4.0,0.4377,10.0,2205.0,603.0
2021-01-05 09:32:50.700,0.4401,0.441,9.0,0.4402,9.0,2214.0,613.0
2021-01-05 09:32:51.170,0.4401,0.441,5.0,0.439,10.0,2214.0,613.0
2021-01-05 09:32:51.641,0.4401,0.4398,10.0,0.4378,10.0,2214.0,613.0
2021-01-05 09:32:52.191,0.4398,0.4402,4.0,0.4392,10.0,2216.0,615.0
2021-01-05 09:32:52.671,0.4398,0.4413,20.0,0.4392,10.0,2216.0,615.0
2021-01-05 09:32:53.161,0.4398,0.4413,10.0,0.44,10.0,2216.0,615.0
2021-01-05 09:32:53.641,0.4398,0.4417,10.0,0.4402,10.0,2216.0,615.0
2021-01-05 09:32:54.181,0.4398,0.4424,10.0,0.4408,10.0,2216.0,615.0
2021-01-05 09:32:54.671,0.4398,0.4424,10.0,0.441,10.0,2216.0,615.0
2021-01-05 09:32:55.161,0.4398,0.4424,10.0,0.441,10.0,2216.0,615.0
2021-01-05 09:32:55.650,0.441,0.4418,10.0,0.4402,10.0,2206.0,625.0
2021-01-05 09:32:56.150,0.441,0.4413,10.0,0.4402,15.0,2206.0,625.0
2021-01-05 09:32:56.561,0.441,0.4409,10.0,0.4397,15.0,2206.0,625.0
2021-01-05 09:32:57.151,0.441,0.4414,10.0,0.4397,10.0,2206.0,625.0
2021-01-05 09:32:57.600,0.441,0.4419,10.0,0.4403,10.0,2206.0,625.0
2021-01-05 09:32:58.171,0.441,0.4415,10.0,0.4403,15.0,2206.0,625.0
2021-01-05 09:32:58.651,0.441,0.4412,10.0,0.4402,15.0,2206.0,625.0
2021-01-05 09:32:58.920,0.441,0.4412,10.0,0.44,10.0,2206.0,625.0
2021-01-05 09:32:59.621,0.441,0.4412,10.0,0.44,15.0,2206.0,625.0
2021-01-05 09:33:00.180,0.441,0.4412,10.0,0.4395,10.0,2206.0,625.0
2021-01-05 09:33:00.651,0.441,0.4412,10.0,0.4397,10.0,2206.0,625.0
2021-01-05 09:33:01.120,0.441,0.4417,35.0,0.4402,10.0,2206.0,625.0
2021-01-05 09:33:01.661,0.441,0.4422,15.0,0.4408,10.0,2206.0,625.0
2021-01-05 09:33:02.130,0.441,0.4422,15.0,0.4413,10.0,2206.0,625.0
2021-01-05 09:33:02.620,0.4422,0.4426,10.0,0.4422,4.0,2206.0,629.0
2021-01-05 09:33:03.121,0.4422,0.4429,15.0,0.4422,3.0,2206.0,630.0
2021-01-05 09:33:03.681,0.4422,0.4432,3.0,0.4423,15.0,2206.0,630.0
2021-01-05 09:33:04.140,0.4422,0.4432,3.0,0.4429,12.0,2206.0,630.0
2021-01-05 09:33:04.630,0.4432,0.4443,20.0,0.4432,21.0,2203.0,633.0
2021-01-05 09:33:05.121,0.4432,0.4443,20.0,0.4433,25.0,2203.0,633.0
2021-01-05 09:33:05.580,0.4443,0.4448,20.0,0.4443,1.0,2203.0,653.0
2021-01-05 09:33:06.170,0.4443,0.4449,2.0,0.4443,6.0,2203.0,656.0
2021-01-05 09:33:06.170,0.4443,0.4449,2.0,0.4438,20.0,2203.0,656.0
2021-01-05 09:33:07.171,0.4443,0.4449,2.0,0.4439,15.0,2203.0,656.0
2021-01-05 09:33:07.601,0.4443,0.4449,2.0,0.4439,15.0,2203.0,656.0
2021-01-05 09:33:08.191,0.4443,0.4448,10.0,0.4432,20.0,2203.0,656.0
2021-01-05 09:33:08.681,0.4443,0.4445,10.0,0.4433,15.0,2203.0,656.0
2021-01-05 09:33:09.181,0.4443,0.4443,10.0,0.4433,15.0,2203.0,656.0
2021-01-05 09:33:09.630,0.4443,0.4441,10.0,0.4426,10.0,2203.0,656.0
2021-01-05 09:33:10.180,0.4441,0.4446,10.0,0.4429,10.0,2203.0,666.0
2021-01-05 09:33:10.681,0.4441,0.4449,2.0,0.4435,10.0,2203.0,666.0
2021-01-05 09:33:11.180,0.4441,0.4449,2.0,0.4436,15.0,2203.0,666.0
2021-01-05 09:33:11.591,0.4441,0.4449,2.0,0.4437,10.0,2203.0,666.0
2021-01-05 09:33:12.181,0.4441,0.4449,2.0,0.4437,10.0,2203.0,666.0
2021-01-05 09:33:12.650,0.4437,0.4445,10.0,0.443,10.0,2203.0,669.0
2021-01-05 09:33:13.100,0.4437,0.4442,10.0,0.4425,25.0,2203.0,669.0
2021-01-05 09:33:13.691,0.4437,0.4442,10.0,0.443,10.0,2203.0,669.0
2021-01-05 09:33:14.070,0.4437,0.4444,15.0,0.4432,10.0,2203.0,669.0
2021-01-05 09:33:14.650,0.4437,0.4448,10.0,0.4432,10.0,2203.0,669.0
2021-01-05 09:33:15.140,0.4432,0.4448,10.0,0.4433,15.0,2203.0,673.0
2021-01-05 09:33:15.651,0.4432,0.4449,2.0,0.4437,10.0,2203.0,673.0
2021-01-05 09:33:16.171,0.4432,0.4449,2.0,0.4438,15.0,2203.0,673.0
2021-01-05 09:33:16.671,0.4432,0.4449,2.0,0.4441,10.0,2203.0,673.0
2021-01-05 09:33:17.190,0.4449,0.4449,1.0,0.4444,10.0,2202.0,674.0
2021-01-05 09:33:17.691,0.4449,0.4461,10.0,0.445,12.0,2202.0,675.0
2021-01-05 09:33:18.160,0.4449,0.4463,15.0,0.4461,1.0,2202.0,675.0
2021-01-05 09:33:18.680,0.4461,0.4461,27.0,0.445,2.0,2202.0,676.0
2021-01-05 09:33:19.191,0.4461,0.4461,27.0,0.445,17.0,2202.0,676.0
2021-01-05 09:33:19.591,0.4461,0.4461,27.0,0.4451,15.0,2202.0,676.0
2021-01-05 09:33:20.171,0.4461,0.4464,15.0,0.4451,15.0,2202.0,676.0
2021-01-05 09:33:20.680,0.4461,0.4466,30.0,0.445,10.0,2202.0,676.0
2021-01-05 09:33:21.160,0.4461,0.447,55.0,0.4451,35.0,2202.0,676.0
2021-01-05 09:33:21.681,0.4461,0.4467,10.0,0.445,10.0,2202.0,676.0
2021-01-05 09:33:22.150,0.4461,0.4467,10.0,0.4452,10.0,2202.0,676.0
2021-01-05 09:33:22.670,0.4461,0.447,20.0,0.4454,10.0,2202.0,676.0
2021-01-05 09:33:23.051,0.4461,0.447,20.0,0.4456,10.0,2202.0,676.0
2021-01-05 09:33:23.660,0.4461,0.447,20.0,0.4457,15.0,2202.0,676.0
2021-01-05 09:33:24.171,0.4461,0.4469,15.0,0.4456,10.0,2202.0,676.0
2021-01-05 09:33:24.651,0.4461,0.4466,20.0,0.4453,20.0,2202.0,676.0
2021-01-05 09:33:25.151,0.4461,0.4465,15.0,0.4451,15.0,2202.0,676.0
2021-01-05 09:33:25.541,0.4461,0.4463,20.0,0.445,10.0,2202.0,676.0
2021-01-05 09:33:26.161,0.4461,0.4462,15.0,0.4446,10.0,2202.0,676.0
2021-01-05 09:33:26.620,0.4461,0.446,10.0,0.4446,10.0,2202.0,676.0
2021-01-05 09:33:27.171,0.4461,0.4462,15.0,0.4452,10.0,2202.0,676.0
2021-01-05 09:33:27.681,0.4461,0.4457,10.0,0.4443,20.0,2202.0,676.0
2021-01-05 09:33:28.180,0.4461,0.4458,10.0,0.4445,10.0,2202.0,676.0
2021-01-05 09:33:28.670,0.4461,0.4467,15.0,0.4452,10.0,2202.0,676.0
2021-01-05 09:33:29.171,0.4461,0.4467,20.0,0.4452,10.0,2202.0,676.0
2021-01-05 09:33:30.170,0.4461,0.4461,15.0,0.4449,10.0,2202.0,676.0
2021-01-05 09:33:30.670,0.4461,0.4461,15.0,0.4449,10.0,2202.0,676.0
2021-01-05 09:33:31.131,0.4461,0.4461,15.0,0.4449,10.0,2202.0,676.0
2021-01-05 09:33:31.680,0.4461,0.4461,15.0,0.4449,10.0,2202.0,676.0
2021-01-05 09:33:32.170,0.4461,0.4461,15.0,0.4449,10.0,2202.0,676.0
2021-01-05 09:33:32.620,0.4461,0.4461,15.0,0.4449,10.0,2202.0,676.0
2021-01-05 09:33:33.171,0.4461,0.4461,15.0,0.4449,10.0,2202.0,676.0
2021-01-05 09:33:33.680,0.4461,0.4461,15.0,0.4449,10.0,2202.0,676.0
2021-01-05 09:33:34.070,0.4461,0.4461,15.0,0.4452,2.0,2202.0,676.0
2021-01-05 09:33:34.671,0.4461,0.4461,15.0,0.4452,2.0,2202.0,676.0
2021-01-05 09:33:35.181,0.4461,0.4461,15.0,0.4452,2.0,2202.0,676.0
2021-01-05 09:33:35.690,0.4461,0.4461,15.0,0.4452,2.0,2202.0,676.0
2021-01-05 09:33:36.101,0.4461,0.4461,15.0,0.4452,2.0,2202.0,676.0
2021-01-05 09:33:36.681,0.4461,0.4468,10.0,0.4452,2.0,2202.0,676.0
2021-01-05 09:33:37.190,0.4461,0.4468,20.0,0.4454,10.0,2202.0,676.0
2021-01-05 09:33:37.640,0.4461,0.4474,50.0,0.4456,10.0,2202.0,676.0
2021-01-05 09:33:38.120,0.4461,0.4473,15.0,0.4456,10.0,2202.0,676.0
2021-01-05 09:33:38.571,0.4461,0.4472,10.0,0.4456,10.0,2202.0,676.0
2021-01-05 09:33:39.201,0.4461,0.4471,25.0,0.4456,10.0,2202.0,676.0
2021-01-05 09:33:39.641,0.4461,0.4467,10.0,0.4453,15.0,2202.0,676.0
2021-01-05 09:33:39.760,0.4461,0.4464,10.0,0.4452,2.0,2202.0,676.0
2021-01-05 09:33:40.690,0.4461,0.4463,15.0,0.4452,2.0,2202.0,676.0
2021-01-05 09:33:41.161,0.4461,0.4462,10.0,0.4452,2.0,2202.0,676.0
2021-01-05 09:33:41.691,0.4461,0.4462,10.0,0.4452,2.0,2202.0,676.0
2021-01-05 09:33:42.041,0.4452,0.4452,2.0,0.4442,15.0,2204.0,678.0
2021-01-05 09:33:42.640,0.4452,0.4452,10.0,0.4441,15.0,2204.0,678.0
2021-01-05 09:33:43.180,0.4452,0.4452,10.0,0.444,15.0,2204.0,678.0
2021-01-05 09:33:43.681,0.4452,0.4452,25.0,0.4435,10.0,2204.0,678.0
2021-01-05 09:33:44.110,0.4452,0.4452,10.0,0.4438,10.0,2204.0,678.0
2021-01-05 09:33:44.671,0.4452,0.4452,10.0,0.4441,10.0,2204.0,678.0
2021-01-05 09:33:45.180,0.4452,0.4452,10.0,0.4441,10.0,2204.0,678.0
2021-01-05 09:33:45.660,0.4452,0.4451,15.0,0.4441,10.0,2204.0,678.0
2021-01-05 09:33:46.161,0.4452,0.4451,15.0,0.4437,20.0,2204.0,678.0
2021-01-05 09:33:46.671,0.4452,0.4448,10.0,0.4433,1.0,2204.0,678.0
2021-01-05 09:33:47.191,0.4452,0.4446,10.0,0.4433,1.0,2204.0,678.0
2021-01-05 09:33:47.681,0.4452,0.4445,25.0,0.4433,1.0,2204.0,678.0
2021-01-05 09:33:48.171,0.4452,0.4444,15.0,0.4433,1.0,2204.0,678.0
2021-01-05 09:33:48.680,0.4452,0.4444,15.0,0.4433,1.0,2204.0,678.0
2021-01-05 09:33:49.051,0.4452,0.4443,10.0,0.4433,1.0,2204.0,678.0
2021-01-05 09:33:49.681,0.4433,0.4443,10.0,0.4427,10.0,2205.0,679.0
2021-01-05 09:33:50.130,0.4433,0.4441,10.0,0.4422,10.0,2205.0,679.0
2021-01-05 09:33:50.570,0.4433,0.4441,30.0,0.4424,10.0,2205.0,679.0
2021-01-05 09:33:51.141,0.4433,0.444,15.0,0.4424,10.0,2205.0,679.0
2021-01-05 09:33:51.571,0.4433,0.4441,20.0,0.4429,10.0,2205.0,679.0
2021-01-05 09:33:52.190,0.4433,0.4442,10.0,0.4431,10.0,2205.0,679.0
2021-01-05 09:33:52.570,0.4433,0.4441,15.0,0.4426,45.0,2205.0,679.0
2021-01-05 09:33:52.960,0.4433,0.444,10.0,0.4426,10.0,2205.0,679.0
2021-01-05 09:33:53.650,0.4433,0.4446,30.0,0.4432,10.0,2205.0,679.0
2021-01-05 09:33:54.180,0.4433,0.4445,15.0,0.4432,10.0,2205.0,679.0
2021-01-05 09:33:54.610,0.4433,0.4445,25.0,0.4432,10.0,2205.0,679.0
2021-01-05 09:33:54.760,0.4433,0.4444,15.0,0.4432,10.0,2205.0,679.0
2021-01-05 09:33:55.650,0.4433,0.4439,10.0,0.4423,10.0,2205.0,679.0
2021-01-05 09:33:56.120,0.4433,0.4439,35.0,0.4427,10.0,2205.0,679.0
2021-01-05 09:33:56.651,0.4433,0.4439,15.0,0.4427,10.0,2205.0,679.0
2021-01-05 09:33:57.161,0.4433,0.4439,20.0,0.4423,10.0,2205.0,679.0
2021-01-05 09:33:57.671,0.4433,0.4435,10.0,0.4421,20.0,2205.0,679.0
2021-01-05 09:33:58.170,0.4433,0.4431,10.0,0.4418,10.0,2205.0,679.0
2021-01-05 09:33:58.591,0.4418,0.4421,4.0,0.4415,20.0,2205.0,683.0
2021-01-05 09:33:59.140,0.4415,0.4418,8.0,0.4412,15.0,2213.0,691.0
2021-01-05 09:33:59.590,0.4415,0.4418,8.0,0.4406,10.0,2213.0,691.0
2021-01-05 09:34:00.191,0.4415,0.4418,8.0,0.4406,10.0,2213.0,691.0
2021-01-05 09:34:00.671,0.4415,0.4417,15.0,0.4404,15.0,2213.0,691.0
2021-01-05 09:34:01.081,0.4415,0.4417,15.0,0.44,15.0,2213.0,691.0
2021-01-05 09:34:01.661,0.4415,0.4418,20.0,0.441,10.0,2213.0,691.0
2021-01-05 09:34:02.170,0.4415,0.4422,20.0,0.4414,10.0,2213.0,691.0
2021-01-05 09:34:02.671,0.4415,0.4422,20.0,0.441,15.0,2213.0,691.0
2021-01-05 09:34:03.171,0.4415,0.4421,15.0,0.4406,15.0,2213.0,691.0
2021-01-05 09:34:03.670,0.4415,0.4423,30.0,0.4405,30.0,2213.0,691.0
2021-01-05 09:34:04.120,0.4415,0.4422,25.0,0.4405,30.0,2213.0,691.0
2021-01-05 09:34:04.671,0.4415,0.4421,15.0,0.4405,30.0,2213.0,691.0
2021-01-05 09:34:05.121,0.4415,0.4418,20.0,0.4405,20.0,2213.0,691.0
2021-01-05 09:34:05.630,0.4415,0.4417,15.0,0.4401,10.0,2213.0,691.0
2021-01-05 09:34:06.191,0.4415,0.4417,15.0,0.4402,15.0,2213.0,691.0
2021-01-05 09:34:06.671,0.4415,0.4415,20.0,0.44,20.0,2213.0,691.0
2021-01-05 09:34:07.130,0.4415,0.4414,15.0,0.4401,15.0,2213.0,691.0
2021-01-05 09:34:07.630,0.4415,0.4415,40.0,0.4396,30.0,2213.0,691.0
2021-01-05 09:34:08.171,0.4415,0.4407,10.0,0.4386,20.0,2213.0,691.0
2021-01-05 09:34:08.630,0.4415,0.4406,25.0,0.4386,20.0,2213.0,691.0
2021-01-05 09:34:09.170,0.4415,0.4407,20.0,0.4393,10.0,2213.0,691.0
2021-01-05 09:34:09.670,0.4415,0.4407,15.0,0.4398,10.0,2213.0,691.0
2021-01-05 09:34:10.140,0.4415,0.441,15.0,0.4394,10.0,2213.0,691.0
2021-01-05 09:34:10.690,0.4415,0.4415,20.0,0.4406,50.0,2213.0,691.0
2021-01-05 09:34:11.151,0.4415,0.4414,15.0,0.4406,50.0,2213.0,691.0
2021-01-05 09:34:11.681,0.4415,0.4417,15.0,0.4409,10.0,2213.0,691.0
2021-01-05 09:34:12.121,0.4415,0.4425,25.0,0.4409,10.0,2213.0,691.0
2021-01-05 09:34:12.621,0.4415,0.4416,10.0,0.4406,70.0,2213.0,691.0
2021-01-05 09:34:13.191,0.4415,0.4415,15.0,0.4406,50.0,2213.0,691.0
2021-01-05 09:34:13.521,0.4415,0.4424,10.0,0.4409,10.0,2213.0,691.0
2021-01-05 09:34:14.181,0.4415,0.4426,20.0,0.4417,10.0,2213.0,691.0
2021-01-05 09:34:14.691,0.4415,0.4431,15.0,0.4418,15.0,2213.0,691.0
2021-01-05 09:34:15.181,0.4415,0.444,20.0,0.4425,10.0,2213.0,691.0
2021-01-05 09:34:15.681,0.4415,0.4425,4.0,0.4424,10.0,2213.0,691.0
2021-01-05 09:34:16.190,0.4424,0.4424,4.0,0.4421,15.0,2213.0,709.0
2021-01-05 09:34:16.330,0.4421,0.4422,7.0,0.4412,20.0,2224.0,723.0
2021-01-05 09:34:16.970,0.4421,0.442,10.0,0.4406,60.0,2224.0,723.0
2021-01-05 09:34:17.581,0.4421,0.4418,10.0,0.4407,15.0,2224.0,723.0
2021-01-05 09:34:18.201,0.4421,0.4414,10.0,0.4406,65.0,2224.0,723.0
2021-01-05 09:34:18.620,0.4421,0.4417,15.0,0.4406,50.0,2224.0,723.0
2021-01-05 09:34:19.041,0.4421,0.4415,10.0,0.4406,50.0,2224.0,723.0
2021-01-05 09:34:19.700,0.4421,0.4417,15.0,0.4407,10.0,2224.0,723.0
2021-01-05 09:34:19.961,0.4421,0.4416,20.0,0.4406,50.0,2224.0,723.0
2021-01-05 09:34:20.651,0.4421,0.4415,15.0,0.4406,50.0,2224.0,723.0
2021-01-05 09:34:21.200,0.4421,0.4415,15.0,0.4406,50.0,2224.0,723.0
2021-01-05 09:34:21.690,0.4406,0.4412,20.0,0.4406,25.0,2249.0,748.0
2021-01-05 09:34:22.151,0.4406,0.4411,15.0,0.4406,21.0,2253.0,752.0
2021-01-05 09:34:22.191,0.4406,0.4412,30.0,0.4406,21.0,2253.0,752.0
2021-01-05 09:34:23.090,0.4406,0.4412,10.0,0.4406,16.0,2258.0,757.0
2021-01-05 09:34:23.661,0.4406,0.4412,10.0,0.4406,16.0,2258.0,757.0
2021-01-05 09:34:23.661,0.4406,0.4412,25.0,0.4406,16.0,2258.0,757.0
2021-01-05 09:34:24.600,0.4406,0.4411,15.0,0.4406,16.0,2258.0,757.0
2021-01-05 09:34:25.150,0.4406,0.441,10.0,0.4406,16.0,2258.0,757.0
2021-01-05 09:34:25.671,0.4406,0.441,25.0,0.4406,12.0,2262.0,761.0
2021-01-05 09:34:26.170,0.4406,0.441,10.0,0.4406,11.0,2263.0,762.0
2021-01-05 09:34:26.641,0.4406,0.441,10.0,0.4406,9.0,2265.0,764.0
2021-01-05 09:34:27.150,0.4406,0.441,25.0,0.4406,9.0,2265.0,764.0
2021-01-05 09:34:28.120,0.4406,0.441,10.0,0.4406,9.0,2265.0,764.0
2021-01-05 09:34:28.621,0.4406,0.441,10.0,0.4406,9.0,2265.0,764.0
2021-01-05 09:34:29.101,0.4406,0.441,10.0,0.4406,9.0,2265.0,764.0
2021-01-05 09:34:29.601,0.4406,0.441,10.0,0.4406,8.0,2266.0,765.0
2021-01-05 09:34:30.170,0.4406,0.441,10.0,0.4406,8.0,2266.0,765.0
2021-01-05 09:34:30.681,0.4406,0.4412,20.0,0.4406,1.0,2273.0,772.0
2021-01-05 09:34:31.190,0.4406,0.4411,15.0,0.4406,1.0,2273.0,772.0
2021-01-05 09:34:31.691,0.4406,0.4408,10.0,0.4392,10.0,2274.0,773.0
2021-01-05 09:34:32.121,0.4406,0.4408,10.0,0.4393,15.0,2274.0,773.0
2021-01-05 09:34:32.690,0.4406,0.4408,10.0,0.4396,10.0,2274.0,773.0
2021-01-05 09:34:33.090,0.4406,0.4408,10.0,0.4396,10.0,2274.0,773.0
2021-01-05 09:34:33.330,0.4406,0.4403,5.0,0.4386,30.0,2274.0,773.0
2021-01-05 09:34:34.171,0.4406,0.4404,10.0,0.4387,25.0,2274.0,773.0
2021-01-05 09:34:34.640,0.4406,0.4403,15.0,0.4388,15.0,2274.0,773.0
2021-01-05 09:34:35.130,0.4406,0.4401,5.0,0.4387,10.0,2274.0,773.0
2021-01-05 09:34:35.691,0.4406,0.44,25.0,0.4386,20.0,2274.0,773.0
2021-01-05 09:34:36.171,0.4406,0.4399,20.0,0.4383,15.0,2274.0,773.0
2021-01-05 09:34:36.680,0.4406,0.4398,15.0,0.4382,20.0,2274.0,773.0
2021-01-05 09:34:37.700,0.4406,0.4395,10.0,0.4376,20.0,2274.0,773.0
2021-01-05 09:34:38.171,0.4406,0.4394,15.0,0.4376,20.0,2274.0,773.0
2021-01-05 09:34:38.611,0.4406,0.4392,10.0,0.4376,20.0,2274.0,773.0
2021-01-05 09:34:39.091,0.4406,0.4391,15.0,0.4376,20.0,2274.0,773.0
2021-01-05 09:34:39.470,0.4406,0.4391,15.0,0.4376,20.0,2274.0,773.0
2021-01-05 09:34:40.171,0.4406,0.4387,10.0,0.4376,20.0,2274.0,773.0
2021-01-05 09:34:40.651,0.4406,0.4386,15.0,0.4375,10.0,2274.0,773.0
2021-01-05 09:34:40.920,0.4406,0.4387,25.0,0.437,20.0,2274.0,773.0
2021-01-05 09:34:41.700,0.4406,0.4386,15.0,0.437,20.0,2274.0,773.0
2021-01-05 09:34:42.171,0.4406,0.4386,15.0,0.437,30.0,2274.0,773.0
2021-01-05 09:34:42.680,0.4406,0.4383,10.0,0.437,10.0,2274.0,773.0
2021-01-05 09:34:43.191,0.4406,0.4382,15.0,0.437,30.0,2274.0,773.0
2021-01-05 09:34:43.671,0.4406,0.4385,10.0,0.437,30.0,2274.0,773.0
2021-01-05 09:34:44.151,0.4406,0.4384,15.0,0.4373,10.0,2274.0,773.0
2021-01-05 09:34:44.701,0.4406,0.4384,15.0,0.4373,10.0,2274.0,773.0
2021-01-05 09:34:45.200,0.4406,0.4384,10.0,0.437,20.0,2274.0,773.0
2021-01-05 09:34:45.721,0.4371,0.4383,15.0,0.4371,6.0,2270.0,777.0
2021-01-05 09:34:46.140,0.4371,0.4381,10.0,0.437,20.0,2270.0,777.0
2021-01-05 09:34:46.660,0.4371,0.4383,25.0,0.437,15.0,2270.0,777.0
2021-01-05 09:34:47.181,0.4371,0.4382,15.0,0.437,20.0,2270.0,777.0
2021-01-05 09:34:47.701,0.4371,0.438,10.0,0.437,20.0,2270.0,777.0
2021-01-05 09:34:48.141,0.4371,0.438,25.0,0.4367,15.0,2270.0,777.0
2021-01-05 09:34:48.700,0.4371,0.438,10.0,0.4365,30.0,2270.0,777.0
2021-01-05 09:34:49.210,0.4371,0.4382,25.0,0.4366,25.0,2270.0,777.0
2021-01-05 09:34:49.701,0.4371,0.4383,10.0,0.437,10.0,2270.0,777.0
2021-01-05 09:34:50.161,0.4371,0.4387,15.0,0.4374,10.0,2270.0,777.0
2021-01-05 09:34:50.700,0.4371,0.4389,18.0,0.4374,30.0,2270.0,777.0
2021-01-05 09:34:51.200,0.4371,0.4387,20.0,0.4375,15.0,2270.0,777.0
2021-01-05 09:34:51.651,0.4371,0.4389,18.0,0.4375,25.0,2270.0,777.0
2021-01-05 09:34:52.220,0.4371,0.4387,10.0,0.4375,10.0,2270.0,777.0
2021-01-05 09:34:52.650,0.4371,0.4389,18.0,0.4375,25.0,2270.0,777.0
2021-01-05 09:34:53.180,0.4371,0.4386,10.0,0.4374,20.0,2270.0,777.0
2021-01-05 09:34:53.651,0.4371,0.438,10.0,0.4366,30.0,2270.0,777.0
2021-01-05 09:34:54.170,0.4371,0.4379,15.0,0.4366,45.0,2270.0,777.0
2021-01-05 09:34:54.631,0.4371,0.4373,10.0,0.4361,50.0,2270.0,777.0
2021-01-05 09:34:54.840,0.4361,0.4365,10.0,0.4361,49.0,2271.0,778.0
2021-01-05 09:34:55.680,0.4361,0.4365,10.0,0.4361,47.0,2273.0,780.0
2021-01-05 09:34:55.991,0.4361,0.4364,15.0,0.4352,1.0,2320.0,827.0
2021-01-05 09:34:56.681,0.4361,0.4357,10.0,0.4352,1.0,2320.0,827.0
2021-01-05 09:34:56.681,0.4361,0.4357,10.0,0.4352,1.0,2320.0,827.0
2021-01-05 09:34:57.670,0.4361,0.4357,10.0,0.4352,1.0,2320.0,827.0
2021-01-05 09:34:58.131,0.4361,0.4357,25.0,0.4352,1.0,2320.0,827.0
2021-01-05 09:34:58.640,0.4361,0.4356,15.0,0.4352,1.0,2320.0,827.0
2021-01-05 09:34:59.151,0.4352,0.4356,10.0,0.4344,10.0,2321.0,828.0
2021-01-05 09:35:00.160,0.4352,0.4355,10.0,0.4344,10.0,2321.0,828.0
2021-01-05 09:35:00.630,0.4352,0.4352,10.0,0.4338,10.0,2321.0,828.0
2021-01-05 09:35:01.080,0.4352,0.4354,10.0,0.4341,10.0,2321.0,828.0
2021-01-05 09:35:02.160,0.4353,0.4359,10.0,0.4347,10.0,2321.0,832.0
2021-01-05 09:35:02.640,0.4359,0.4361,10.0,0.435,10.0,2321.0,834.0
2021-01-05 09:35:03.180,0.4359,0.4363,15.0,0.435,25.0,2321.0,834.0
2021-01-05 09:35:03.631,0.4364,0.4374,10.0,0.4357,10.0,2321.0,836.0
2021-01-05 09:35:04.061,0.4364,0.4362,10.0,0.435,30.0,2321.0,836.0
2021-01-05 09:35:05.180,0.4364,0.4365,20.0,0.4353,15.0,2321.0,836.0
2021-01-05 09:35:05.671,0.4364,0.4365,20.0,0.4352,10.0,2321.0,836.0
2021-01-05 09:35:06.180,0.4364,0.4362,10.0,0.4347,10.0,2321.0,836.0
2021-01-05 09:35:06.680,0.4364,0.4357,10.0,0.4348,15.0,2321.0,836.0
2021-01-05 09:35:07.131,0.4364,0.4357,10.0,0.4345,15.0,2321.0,836.0
2021-01-05 09:35:07.650,0.4364,0.4351,10.0,0.4339,10.0,2321.0,836.0
2021-01-05 09:35:08.171,0.4364,0.4347,10.0,0.4333,10.0,2321.0,836.0
2021-01-05 09:35:09.191,0.4364,0.434,10.0,0.4324,10.0,2321.0,836.0
2021-01-05 09:35:09.700,0.4364,0.434,30.0,0.4325,15.0,2321.0,836.0
2021-01-05 09:35:10.180,0.4364,0.4339,10.0,0.4325,15.0,2321.0,836.0
2021-01-05 09:35:10.220,0.4364,0.4339,10.0,0.4325,25.0,2321.0,836.0
2021-01-05 09:35:11.131,0.4339,0.4338,15.0,0.4325,25.0,2321.0,840.0
2021-01-05 09:35:11.671,0.4339,0.4332,10.0,0.4322,15.0,2321.0,840.0
2021-01-05 09:35:12.101,0.4339,0.4336,30.0,0.4332,8.0,2321.0,840.0
2021-01-05 09:35:12.391,0.4332,0.4335,15.0,0.4332,4.0,2321.0,856.0
2021-01-05 09:35:13.181,0.4332,0.4345,20.0,0.4331,10.0,2321.0,860.0
2021-01-05 09:35:13.640,0.4332,0.4347,15.0,0.434,10.0,2321.0,860.0
2021-01-05 09:35:14.191,0.4347,0.436,30.0,0.4347,31.0,2321.0,875.0
2021-01-05 09:35:14.691,0.4347,0.4367,10.0,0.435,10.0,2321.0,875.0
2021-01-05 09:35:15.200,0.4347,0.4365,10.0,0.435,10.0,2321.0,875.0
2021-01-05 09:35:15.451,0.4347,0.435,3.0,0.4345,9.0,2321.0,875.0
2021-01-05 09:35:16.141,0.435,0.4354,20.0,0.4346,15.0,2321.0,878.0
2021-01-05 09:35:16.660,0.435,0.4361,10.0,0.4344,10.0,2321.0,878.0
2021-01-05 09:35:17.190,0.435,0.436,10.0,0.4345,15.0,2321.0,878.0
2021-01-05 09:35:17.680,0.435,0.436,10.0,0.4345,15.0,2321.0,878.0
2021-01-05 09:35:18.170,0.435,0.4362,10.0,0.4346,10.0,2321.0,878.0
2021-01-05 09:35:18.641,0.435,0.4368,10.0,0.4351,10.0,2321.0,878.0
2021-01-05 09:35:19.180,0.435,0.4368,10.0,0.4353,10.0,2321.0,878.0
2021-01-05 09:35:19.641,0.435,0.4371,20.0,0.4354,15.0,2321.0,878.0
2021-01-05 09:35:20.120,0.435,0.437,10.0,0.4354,15.0,2321.0,878.0
2021-01-05 09:35:20.631,0.435,0.4365,10.0,0.4352,10.0,2321.0,878.0
2021-01-05 09:35:21.180,0.4352,0.4361,10.0,0.435,15.0,2321.0,882.0
2021-01-05 09:35:21.480,0.435,0.4354,10.0,0.4345,15.0,2316.0,897.0
2021-01-05 09:35:22.141,0.435,0.4353,10.0,0.4338,10.0,2316.0,897.0
2021-01-05 09:35:22.581,0.435,0.4352,10.0,0.4339,15.0,2316.0,897.0
2021-01-05 09:35:23.151,0.435,0.4352,10.0,0.4339,15.0,2316.0,897.0
2021-01-05 09:35:23.680,0.435,0.4351,25.0,0.4338,25.0,2316.0,897.0
2021-01-05 09:35:24.171,0.435,0.4353,15.0,0.4346,10.0,2316.0,897.0
2021-01-05 09:35:24.671,0.435,0.4353,25.0,0.434,15.0,2316.0,897.0
2021-01-05 09:35:25.170,0.435,0.4352,25.0,0.4339,25.0,2316.0,897.0
2021-01-05 09:35:25.660,0.435,0.4351,35.0,0.4334,15.0,2316.0,897.0
2021-01-05 09:35:26.160,0.435,0.435,15.0,0.4333,10.0,2316.0,897.0
2021-01-05 09:35:26.651,0.435,0.4349,20.0,0.4333,25.0,2316.0,897.0
2021-01-05 09:35:27.120,0.435,0.4349,45.0,0.4334,15.0,2316.0,897.0
2021-01-05 09:35:27.641,0.435,0.4349,10.0,0.4339,10.0,2316.0,897.0
2021-01-05 09:35:28.131,0.435,0.4349,10.0,0.434,15.0,2316.0,897.0
2021-01-05 09:35:28.680,0.435,0.4354,20.0,0.434,15.0,2316.0,897.0
2021-01-05 09:35:29.160,0.435,0.4354,20.0,0.434,15.0,2316.0,897.0
2021-01-05 09:35:29.620,0.435,0.4354,20.0,0.4341,10.0,2316.0,897.0
2021-01-05 09:35:30.121,0.435,0.4348,10.0,0.4334,10.0,2316.0,897.0
2021-01-05 09:35:30.690,0.435,0.4348,10.0,0.4335,15.0,2316.0,897.0
2021-01-05 09:35:31.170,0.435,0.4348,10.0,0.4335,15.0,2316.0,897.0
2021-01-05 09:35:31.600,0.435,0.4352,10.0,0.4338,10.0,2316.0,897.0
2021-01-05 09:35:32.150,0.435,0.4348,10.0,0.4334,20.0,2316.0,897.0
2021-01-05 09:35:32.630,0.435,0.4349,30.0,0.4335,25.0,2316.0,897.0
2021-01-05 09:35:33.160,0.435,0.4347,10.0,0.4332,10.0,2316.0,897.0
2021-01-05 09:35:33.640,0.435,0.4345,10.0,0.4331,10.0,2316.0,897.0
2021-01-05 09:35:34.180,0.435,0.4342,10.0,0.4329,15.0,2316.0,897.0
2021-01-05 09:35:34.691,0.435,0.4341,15.0,0.4326,10.0,2316.0,897.0
2021-01-05 09:35:35.200,0.435,0.434,20.0,0.4326,20.0,2316.0,897.0
2021-01-05 09:35:35.600,0.434,0.4336,10.0,0.4324,20.0,2317.0,898.0
2021-01-05 09:35:36.161,0.434,0.4336,10.0,0.4321,10.0,2317.0,898.0
2021-01-05 09:35:36.581,0.434,0.4335,25.0,0.4321,10.0,2317.0,898.0
2021-01-05 09:35:37.171,0.434,0.4335,10.0,0.4321,25.0,2317.0,898.0
2021-01-05 09:35:37.640,0.434,0.4335,10.0,0.4321,10.0,2317.0,898.0
2021-01-05 09:35:38.190,0.434,0.4335,10.0,0.4323,10.0,2317.0,898.0
2021-01-05 09:35:38.651,0.434,0.4335,10.0,0.4328,10.0,2317.0,898.0
2021-01-05 09:35:39.140,0.4328,0.4328,3.0,0.4326,15.0,2302.0,923.0
2021-01-05 09:35:39.690,0.4328,0.4341,30.0,0.4328,21.0,2299.0,926.0
2021-01-05 09:35:40.191,0.4328,0.4341,20.0,0.4332,10.0,2299.0,926.0
2021-01-05 09:35:40.691,0.4328,0.4346,10.0,0.4333,15.0,2299.0,926.0
2021-01-05 09:35:40.950,0.4328,0.4345,10.0,0.4334,10.0,2299.0,926.0
2021-01-05 09:35:41.680,0.4328,0.4347,15.0,0.4334,25.0,2299.0,926.0
2021-01-05 09:35:42.160,0.4328,0.4346,20.0,0.4334,10.0,2299.0,926.0
2021-01-05 09:35:42.670,0.4328,0.4341,10.0,0.4328,31.0,2299.0,926.0
2021-01-05 09:35:43.190,0.4328,0.4337,10.0,0.4328,10.0,2299.0,926.0
2021-01-05 09:35:43.661,0.4328,0.4341,20.0,0.4331,10.0,2299.0,926.0
2021-01-05 09:35:44.101,0.4328,0.4336,10.0,0.4328,20.0,2299.0,926.0
2021-01-05 09:35:44.681,0.4328,0.4333,10.0,0.4323,20.0,2299.0,926.0
2021-01-05 09:35:45.071,0.4328,0.4332,15.0,0.432,2.0,2299.0,926.0
2021-01-05 09:35:45.651,0.4328,0.4329,10.0,0.432,2.0,2299.0,926.0
2021-01-05 09:35:46.141,0.4328,0.4329,25.0,0.432,2.0,2299.0,926.0
2021-01-05 09:35:46.700,0.432,0.4324,10.0,0.4312,10.0,2301.0,928.0
2021-01-05 09:35:47.201,0.432,0.4326,10.0,0.4312,10.0,2301.0,928.0
2021-01-05 09:35:47.591,0.432,0.4322,10.0,0.4311,1.0,2301.0,928.0
2021-01-05 09:35:48.020,0.432,0.4319,10.0,0.4311,1.0,2301.0,928.0
2021-01-05 09:35:48.181,0.432,0.4319,15.0,0.4311,11.0,2301.0,928.0
2021-01-05 09:35:49.001,0.432,0.4321,15.0,0.4311,1.0,2301.0,928.0
2021-01-05 09:35:49.701,0.432,0.432,10.0,0.4311,1.0,2301.0,928.0
2021-01-05 09:35:50.121,0.432,0.4319,15.0,0.4311,1.0,2301.0,928.0
2021-01-05 09:35:50.680,0.432,0.4319,15.0,0.4311,1.0,2301.0,928.0
2021-01-05 09:35:51.180,0.432,0.4321,15.0,0.4311,1.0,2301.0,928.0
2021-01-05 09:35:51.710,0.432,0.4326,20.0,0.4312,10.0,2301.0,928.0
2021-01-05 09:35:52.190,0.432,0.4325,25.0,0.4312,10.0,2301.0,928.0
2021-01-05 09:35:52.661,0.432,0.4325,10.0,0.4312,10.0,2301.0,928.0
2021-01-05 09:35:53.111,0.432,0.4325,25.0,0.4312,25.0,2301.0,928.0
2021-01-05 09:35:53.631,0.432,0.4325,10.0,0.4313,15.0,2301.0,928.0
2021-01-05 09:35:54.161,0.432,0.4326,30.0,0.4314,10.0,2301.0,928.0
2021-01-05 09:35:54.640,0.4326,0.4334,10.0,0.4326,8.0,2309.0,944.0
2021-01-05 09:35:55.141,0.4326,0.4337,20.0,0.4326,10.0,2309.0,944.0
2021-01-05 09:35:55.691,0.4326,0.4341,10.0,0.4326,30.0,2309.0,944.0
2021-01-05 09:35:56.121,0.4326,0.4343,10.0,0.4327,15.0,2309.0,944.0
2021-01-05 09:35:56.661,0.4326,0.4337,10.0,0.4326,30.0,2309.0,944.0
2021-01-05 09:35:57.160,0.431,0.4303,74.0,0.4288,10.0,2229.0,1050.0
2021-01-05 09:35:57.681,0.4303,0.4337,10.0,0.4324,20.0,2168.0,1154.0
2021-01-05 09:35:58.150,0.4324,0.4336,15.0,0.4323,25.0,2158.0,1174.0
2021-01-05 09:35:58.221,0.4323,0.4336,15.0,0.4322,20.0,2160.0,1199.0
2021-01-05 09:35:58.970,0.4323,0.4336,25.0,0.4322,20.0,2160.0,1199.0
2021-01-05 09:35:59.640,0.4323,0.4332,10.0,0.4317,10.0,2160.0,1199.0
2021-01-05 09:36:00.201,0.4323,0.4317,10.0,0.4316,10.0,2160.0,1199.0
2021-01-05 09:36:00.441,0.4316,0.4317,10.0,0.4314,15.0,2160.0,1203.0
2021-01-05 09:36:01.181,0.4317,0.4317,2.0,0.4314,15.0,2152.0,1211.0
2021-01-05 09:36:01.671,0.4317,0.4328,10.0,0.4317,10.0,2152.0,1213.0
2021-01-05 09:36:02.170,0.4317,0.4332,30.0,0.4319,10.0,2152.0,1213.0
2021-01-05 09:36:02.610,0.4332,0.4336,20.0,0.4323,10.0,2152.0,1217.0
2021-01-05 09:36:03.150,0.4336,0.4343,10.0,0.4327,10.0,2154.0,1221.0
2021-01-05 09:36:03.700,0.4336,0.4342,10.0,0.4328,15.0,2154.0,1221.0
2021-01-05 09:36:04.201,0.4336,0.4345,30.0,0.4329,10.0,2154.0,1221.0
2021-01-05 09:36:04.670,0.4336,0.4344,35.0,0.4329,10.0,2154.0,1221.0
2021-01-05 09:36:05.150,0.4336,0.4341,10.0,0.4329,10.0,2154.0,1221.0
2021-01-05 09:36:05.590,0.4336,0.4337,10.0,0.4327,10.0,2154.0,1221.0
2021-01-05 09:36:06.180,0.4336,0.4337,10.0,0.4327,10.0,2154.0,1221.0
2021-01-05 09:36:06.691,0.4336,0.4338,10.0,0.4327,25.0,2154.0,1221.0
2021-01-05 09:36:06.940,0.4336,0.4338,10.0,0.4327,25.0,2154.0,1221.0
2021-01-05 09:36:07.640,0.4336,0.4338,10.0,0.4328,15.0,2154.0,1221.0
2021-01-05 09:36:08.170,0.4336,0.4338,10.0,0.4328,15.0,2154.0,1221.0
2021-01-05 09:36:09.161,0.4336,0.4341,20.0,0.4328,15.0,2154.0,1221.0
2021-01-05 09:36:09.691,0.4336,0.4343,10.0,0.4329,10.0,2154.0,1221.0
2021-01-05 09:36:10.101,0.4336,0.4345,20.0,0.4332,10.0,2154.0,1221.0
2021-01-05 09:36:10.671,0.4336,0.4349,30.0,0.4335,10.0,2154.0,1221.0
2021-01-05 09:36:11.180,0.4336,0.4349,20.0,0.4336,15.0,2154.0,1221.0
2021-01-05 09:36:11.651,0.4336,0.4346,10.0,0.4336,15.0,2154.0,1221.0
2021-01-05 09:36:12.181,0.4336,0.4345,10.0,0.4334,15.0,2154.0,1221.0
2021-01-05 09:36:12.690,0.4336,0.4343,10.0,0.4332,15.0,2154.0,1221.0
2021-01-05 09:36:13.190,0.4336,0.4343,10.0,0.4331,15.0,2154.0,1221.0
2021-01-05 09:36:13.680,0.4343,0.4343,4.0,0.4331,15.0,2160.0,1227.0
2021-01-05 09:36:14.150,0.4343,0.4343,4.0,0.4331,15.0,2160.0,1227.0
2021-01-05 09:36:14.690,0.4343,0.4343,4.0,0.4331,15.0,2160.0,1227.0
2021-01-05 09:36:15.140,0.4343,0.4348,10.0,0.4333,10.0,2160.0,1227.0
2021-01-05 09:36:15.660,0.4343,0.4348,20.0,0.4334,15.0,2160.0,1227.0
2021-01-05 09:36:16.150,0.4343,0.4348,10.0,0.4334,15.0,2160.0,1227.0
2021-01-05 09:36:16.250,0.4343,0.4347,15.0,0.4333,10.0,2160.0,1227.0
2021-01-05 09:36:17.180,0.4343,0.4347,15.0,0.4333,10.0,2160.0,1227.0
2021-01-05 09:36:17.670,0.4343,0.4347,20.0,0.4333,10.0,2160.0,1227.0
2021-01-05 09:36:18.181,0.4343,0.4347,10.0,0.4334,15.0,2160.0,1227.0
2021-01-05 09:36:18.680,0.4343,0.4353,10.0,0.4336,10.0,2160.0,1227.0
2021-01-05 09:36:18.761,0.4343,0.4348,10.0,0.4336,10.0,2160.0,1227.0
2021-01-05 09:36:19.691,0.4343,0.4348,10.0,0.4337,15.0,2160.0,1227.0
2021-01-05 09:36:20.161,0.4343,0.4348,10.0,0.4337,15.0,2160.0,1227.0
2021-01-05 09:36:20.680,0.4343,0.4352,25.0,0.4337,15.0,2160.0,1227.0
2021-01-05 09:36:21.091,0.4343,0.4352,10.0,0.4338,10.0,2160.0,1227.0
2021-01-05 09:36:21.691,0.4343,0.4354,20.0,0.4339,15.0,2160.0,1227.0
2021-01-05 09:36:22.171,0.4343,0.4353,10.0,0.4339,15.0,2160.0,1227.0
2021-01-05 09:36:22.680,0.4343,0.4353,20.0,0.4339,15.0,2160.0,1227.0
2021-01-05 09:36:23.191,0.4343,0.4352,15.0,0.4339,15.0,2160.0,1227.0
2021-01-05 09:36:23.681,0.4343,0.4348,10.0,0.4339,15.0,2160.0,1227.0
2021-01-05 09:36:24.171,0.4343,0.4344,20.0,0.4334,10.0,2160.0,1227.0
2021-01-05 09:36:24.701,0.4343,0.4344,10.0,0.4335,15.0,2160.0,1227.0
2021-01-05 09:36:24.970,0.4343,0.4341,10.0,0.4329,10.0,2160.0,1227.0
2021-01-05 09:36:25.650,0.4343,0.4348,40.0,0.4332,10.0,2160.0,1227.0
2021-01-05 09:36:26.171,0.4343,0.4345,10.0,0.4332,10.0,2160.0,1227.0
2021-01-05 09:36:26.651,0.4343,0.434,10.0,0.4329,10.0,2160.0,1227.0
2021-01-05 09:36:27.000,0.4343,0.4338,10.0,0.4324,35.0,2160.0,1227.0
2021-01-05 09:36:27.690,0.4343,0.4338,25.0,0.4325,15.0,2160.0,1227.0
2021-01-05 09:36:28.040,0.4343,0.4334,15.0,0.4319,15.0,2160.0,1227.0
2021-01-05 09:36:28.681,0.4343,0.4325,4.0,0.4318,10.0,2160.0,1227.0
2021-01-05 09:36:29.100,0.4343,0.4321,10.0,0.4314,15.0,2160.0,1227.0
2021-01-05 09:36:29.661,0.4343,0.432,13.0,0.4312,10.0,2160.0,1227.0
2021-01-05 09:36:30.161,0.4343,0.4324,10.0,0.4312,10.0,2160.0,1227.0
2021-01-05 09:36:30.651,0.4343,0.4323,25.0,0.4316,10.0,2160.0,1227.0
2021-01-05 09:36:31.181,0.4343,0.4323,15.0,0.4312,10.0,2160.0,1227.0
2021-01-05 09:36:31.690,0.4343,0.4324,10.0,0.4315,30.0,2160.0,1227.0
2021-01-05 09:36:32.130,0.4343,0.4324,10.0,0.4315,10.0,2160.0,1227.0
2021-01-05 09:36:32.660,0.4343,0.4326,10.0,0.4315,10.0,2160.0,1227.0
2021-01-05 09:36:33.200,0.4343,0.4329,15.0,0.4318,10.0,2160.0,1227.0
2021-01-05 09:36:33.670,0.4343,0.4328,10.0,0.4318,10.0,2160.0,1227.0
2021-01-05 09:36:34.091,0.4343,0.4328,20.0,0.4316,15.0,2160.0,1227.0
2021-01-05 09:36:34.671,0.4343,0.4328,20.0,0.4314,20.0,2160.0,1227.0
2021-01-05 09:36:34.971,0.4343,0.4332,10.0,0.4318,10.0,2160.0,1227.0
2021-01-05 09:36:35.701,0.4343,0.4331,35.0,0.4318,10.0,2160.0,1227.0
2021-01-05 09:36:36.041,0.4343,0.4326,10.0,0.4315,15.0,2160.0,1227.0
2021-01-05 09:36:36.700,0.4343,0.4321,10.0,0.4312,10.0,2160.0,1227.0
2021-01-05 09:36:37.190,0.4343,0.4321,10.0,0.4312,25.0,2160.0,1227.0
2021-01-05 09:36:37.691,0.4343,0.4321,10.0,0.4312,10.0,2160.0,1227.0
2021-01-05 09:36:38.041,0.4343,0.4321,10.0,0.4312,10.0,2160.0,1227.0
2021-01-05 09:36:38.640,0.4343,0.4324,25.0,0.4311,15.0,2160.0,1227.0
2021-01-05 09:36:39.090,0.4343,0.4323,10.0,0.4311,15.0,2160.0,1227.0
2021-01-05 09:36:39.680,0.4343,0.4323,10.0,0.4311,15.0,2160.0,1227.0
2021-01-05 09:36:40.191,0.4343,0.4328,10.0,0.4315,10.0,2160.0,1227.0
2021-01-05 09:36:40.671,0.4343,0.4322,10.0,0.4316,15.0,2160.0,1227.0
2021-01-05 09:36:41.201,0.4343,0.4325,20.0,0.4315,20.0,2160.0,1227.0
2021-01-05 09:36:41.641,0.4343,0.4329,10.0,0.4316,15.0,2160.0,1227.0
2021-01-05 09:36:42.200,0.4343,0.4327,10.0,0.4316,15.0,2160.0,1227.0
2021-01-05 09:36:42.221,0.4343,0.433,10.0,0.4316,35.0,2160.0,1227.0
2021-01-05 09:36:43.111,0.4343,0.4327,20.0,0.4317,15.0,2160.0,1227.0
2021-01-05 09:36:43.700,0.4343,0.4325,10.0,0.4316,35.0,2160.0,1227.0
2021-01-05 09:36:44.200,0.4343,0.4325,10.0,0.4316,35.0,2160.0,1227.0
2021-01-05 09:36:45.191,0.4343,0.4321,10.0,0.431,20.0,2160.0,1227.0
2021-01-05 09:36:45.631,0.4343,0.4316,20.0,0.431,20.0,2160.0,1227.0
2021-01-05 09:36:46.050,0.4343,0.4316,20.0,0.4305,20.0,2160.0,1227.0
2021-01-05 09:36:46.190,0.4343,0.4315,35.0,0.4305,20.0,2160.0,1227.0
2021-01-05 09:36:47.130,0.4343,0.4314,10.0,0.4302,15.0,2160.0,1227.0
2021-01-05 09:36:47.660,0.4343,0.4311,10.0,0.43,20.0,2160.0,1227.0
2021-01-05 09:36:48.130,0.4343,0.431,15.0,0.43,20.0,2160.0,1227.0
2021-01-05 09:36:48.630,0.4343,0.431,15.0,0.43,20.0,2160.0,1227.0
2021-01-05 09:36:49.170,0.4343,0.4308,10.0,0.4297,10.0,2160.0,1227.0
2021-01-05 09:36:50.161,0.4343,0.4309,15.0,0.4297,10.0,2160.0,1227.0
2021-01-05 09:36:50.670,0.4343,0.431,10.0,0.4298,15.0,2160.0,1227.0
2021-01-05 09:36:51.171,0.4343,0.431,10.0,0.4298,15.0,2160.0,1227.0
2021-01-05 09:36:51.671,0.4343,0.431,10.0,0.4298,15.0,2160.0,1227.0
2021-01-05 09:36:52.180,0.4343,0.431,35.0,0.4297,35.0,2160.0,1227.0
2021-01-05 09:36:52.670,0.4343,0.4307,10.0,0.4297,25.0,2160.0,1227.0
2021-01-05 09:36:53.191,0.4343,0.4307,10.0,0.4297,15.0,2160.0,1227.0
2021-01-05 09:36:53.680,0.4343,0.4303,10.0,0.4296,35.0,2160.0,1227.0
2021-01-05 09:36:54.180,0.4343,0.4311,10.0,0.4297,25.0,2160.0,1227.0
2021-01-05 09:36:54.631,0.4343,0.4314,10.0,0.4303,10.0,2160.0,1227.0
2021-01-05 09:36:55.141,0.4343,0.431,10.0,0.4303,45.0,2160.0,1227.0
2021-01-05 09:36:55.651,0.4343,0.4314,10.0,0.4304,15.0,2160.0,1227.0
2021-01-05 09:36:56.141,0.4343,0.4314,10.0,0.4304,15.0,2160.0,1227.0
2021-01-05 09:36:56.691,0.4343,0.4314,10.0,0.4303,20.0,2160.0,1227.0
2021-01-05 09:36:57.171,0.4343,0.4314,10.0,0.4303,35.0,2160.0,1227.0
2021-01-05 09:36:57.630,0.4343,0.4314,10.0,0.4304,15.0,2160.0,1227.0
2021-01-05 09:36:58.160,0.4343,0.4314,10.0,0.4303,35.0,2160.0,1227.0
2021-01-05 09:36:58.610,0.4343,0.4318,10.0,0.4304,15.0,2160.0,1227.0
2021-01-05 09:36:59.181,0.4343,0.4313,10.0,0.4303,20.0,2160.0,1227.0
2021-01-05 09:36:59.690,0.4343,0.4309,10.0,0.4296,20.0,2160.0,1227.0
2021-01-05 09:37:00.120,0.4343,0.4309,10.0,0.4297,15.0,2160.0,1227.0
2021-01-05 09:37:00.700,0.4343,0.4309,10.0,0.4297,15.0,2160.0,1227.0
2021-01-05 09:37:01.081,0.4343,0.4309,10.0,0.4297,15.0,2160.0,1227.0
2021-01-05 09:37:01.630,0.4343,0.4314,10.0,0.43,10.0,2160.0,1227.0
2021-01-05 09:37:02.191,0.4343,0.4314,10.0,0.4302,10.0,2160.0,1227.0
2021-01-05 09:37:02.610,0.4343,0.4321,20.0,0.4305,10.0,2160.0,1227.0
2021-01-05 09:37:03.151,0.4343,0.4316,10.0,0.4305,10.0,2160.0,1227.0
2021-01-05 09:37:03.630,0.4343,0.4321,10.0,0.4305,30.0,2160.0,1227.0
2021-01-05 09:37:04.200,0.4343,0.4327,15.0,0.4312,10.0,2160.0,1227.0
2021-01-05 09:37:04.690,0.4343,0.4326,10.0,0.4313,15.0,2160.0,1227.0
2021-01-05 09:37:05.140,0.4343,0.4326,10.0,0.4313,15.0,2160.0,1227.0
2021-01-05 09:37:05.660,0.4343,0.4332,10.0,0.4313,15.0,2160.0,1227.0
2021-01-05 09:37:06.171,0.4343,0.4331,10.0,0.4313,35.0,2160.0,1227.0
2021-01-05 09:37:06.171,0.4343,0.4331,10.0,0.4314,15.0,2160.0,1227.0
2021-01-05 09:37:07.180,0.4343,0.4331,20.0,0.4314,15.0,2160.0,1227.0
2021-01-05 09:37:07.681,0.4343,0.4329,10.0,0.4314,15.0,2160.0,1227.0
2021-01-05 09:37:08.200,0.4343,0.4323,10.0,0.4314,15.0,2160.0,1227.0
2021-01-05 09:37:08.630,0.4343,0.4321,10.0,0.4311,15.0,2160.0,1227.0
2021-01-05 09:37:09.170,0.4343,0.4319,10.0,0.4306,10.0,2160.0,1227.0
2021-01-05 09:37:09.660,0.4343,0.4319,10.0,0.4307,15.0,2160.0,1227.0
2021-01-05 09:37:10.121,0.4319,0.4323,10.0,0.4312,10.0,2160.0,1237.0
2021-01-05 09:37:10.701,0.4319,0.4331,10.0,0.4316,10.0,2160.0,1237.0
2021-01-05 09:37:11.201,0.4319,0.433,15.0,0.4316,10.0,2160.0,1237.0
2021-01-05 09:37:11.700,0.4319,0.433,10.0,0.4317,15.0,2160.0,1237.0
2021-01-05 09:37:12.131,0.4319,0.4333,10.0,0.4317,15.0,2160.0,1237.0
2021-01-05 09:37:12.620,0.4319,0.4332,10.0,0.4318,10.0,2160.0,1237.0
2021-01-05 09:37:13.181,0.4319,0.4332,10.0,0.4319,15.0,2160.0,1237.0
2021-01-05 09:37:13.681,0.4319,0.4326,10.0,0.4319,15.0,2160.0,1237.0
2021-01-05 09:37:14.130,0.4319,0.4325,10.0,0.4314,10.0,2160.0,1237.0
2021-01-05 09:37:14.651,0.4319,0.4325,10.0,0.4313,25.0,2160.0,1237.0
2021-01-05 09:37:15.160,0.4319,0.4318,10.0,0.4311,15.0,2160.0,1237.0
2021-01-05 09:37:15.671,0.4319,0.4323,30.0,0.4312,15.0,2160.0,1237.0
2021-01-05 09:37:16.190,0.4312,0.4321,10.0,0.4309,20.0,2169.0,1246.0
2021-01-05 09:37:16.461,0.4312,0.4331,30.0,0.4316,10.0,2169.0,1246.0
2021-01-05 09:37:17.200,0.4312,0.4329,10.0,0.4317,15.0,2169.0,1246.0
2021-01-05 09:37:17.671,0.4312,0.4327,20.0,0.4316,15.0,2169.0,1246.0
2021-01-05 09:37:18.061,0.4312,0.4327,20.0,0.4313,15.0,2169.0,1246.0
2021-01-05 09:37:18.710,0.4312,0.4327,40.0,0.4313,15.0,2169.0,1246.0
2021-01-05 09:37:18.891,0.4312,0.4324,20.0,0.4309,10.0,2169.0,1246.0
2021-01-05 09:37:19.711,0.4312,0.4324,10.0,0.4311,10.0,2169.0,1246.0
2021-01-05 09:37:20.191,0.4312,0.4323,25.0,0.4311,10.0,2169.0,1246.0
2021-01-05 09:37:20.691,0.4312,0.4323,10.0,0.4311,10.0,2169.0,1246.0
2021-01-05 09:37:21.200,0.4312,0.433,10.0,0.4315,10.0,2169.0,1246.0
2021-01-05 09:37:21.701,0.4312,0.4329,25.0,0.4317,10.0,2169.0,1246.0
2021-01-05 09:37:22.030,0.4312,0.433,25.0,0.4317,25.0,2169.0,1246.0
2021-01-05 09:37:22.620,0.4312,0.433,10.0,0.4318,15.0,2169.0,1246.0
2021-01-05 09:37:23.150,0.4312,0.4332,20.0,0.4319,10.0,2169.0,1246.0
2021-01-05 09:37:23.661,0.4312,0.4332,30.0,0.432,15.0,2169.0,1246.0
2021-01-05 09:37:24.080,0.4312,0.4332,40.0,0.432,15.0,2169.0,1246.0
2021-01-05 09:37:24.631,0.4312,0.4332,30.0,0.432,15.0,2169.0,1246.0
2021-01-05 09:37:25.200,0.4312,0.4328,10.0,0.4315,30.0,2169.0,1246.0
2021-01-05 09:37:25.670,0.4312,0.4328,10.0,0.4316,25.0,2169.0,1246.0
2021-01-05 09:37:26.170,0.4312,0.4328,10.0,0.4316,10.0,2169.0,1246.0
2021-01-05 09:37:26.650,0.4312,0.4334,10.0,0.4319,10.0,2169.0,1246.0
2021-01-05 09:37:27.130,0.4312,0.4331,10.0,0.4319,10.0,2169.0,1246.0
2021-01-05 09:37:27.130,0.4312,0.433,25.0,0.4319,10.0,2169.0,1246.0
2021-01-05 09:37:27.951,0.4312,0.433,25.0,0.4319,10.0,2169.0,1246.0
2021-01-05 09:37:28.560,0.4312,0.433,10.0,0.4319,10.0,2169.0,1246.0
2021-01-05 09:37:29.130,0.4329,0.4329,33.0,0.4315,30.0,2169.0,1248.0
2021-01-05 09:37:29.611,0.4329,0.4329,18.0,0.4316,15.0,2169.0,1248.0
2021-01-05 09:37:30.191,0.4329,0.4335,15.0,0.4323,10.0,2169.0,1248.0
2021-01-05 09:37:30.590,0.4329,0.4327,10.0,0.4315,30.0,2169.0,1248.0
2021-01-05 09:37:31.190,0.4329,0.4328,10.0,0.4317,10.0,2169.0,1248.0
2021-01-05 09:37:31.691,0.4329,0.4328,10.0,0.4317,10.0,2169.0,1248.0
2021-01-05 09:37:32.181,0.4329,0.4329,15.0,0.4317,10.0,2169.0,1248.0
2021-01-05 09:37:32.651,0.4329,0.4325,10.0,0.4311,30.0,2169.0,1248.0
2021-01-05 09:37:33.180,0.4329,0.4317,15.0,0.4303,20.0,2169.0,1248.0
2021-01-05 09:37:33.581,0.4329,0.4317,15.0,0.4306,10.0,2169.0,1248.0
2021-01-05 09:37:34.200,0.4329,0.4321,25.0,0.4308,10.0,2169.0,1248.0
2021-01-05 09:37:34.500,0.4329,0.432,10.0,0.4308,25.0,2169.0,1248.0
2021-01-05 09:37:35.170,0.4329,0.4324,20.0,0.431,10.0,2169.0,1248.0
2021-01-05 09:37:35.650,0.4329,0.4323,10.0,0.4314,10.0,2169.0,1248.0
2021-01-05 09:37:36.140,0.4329,0.4323,10.0,0.4311,15.0,2169.0,1248.0
2021-01-05 09:37:36.671,0.4329,0.4325,10.0,0.4314,10.0,2169.0,1248.0
2021-01-05 09:37:37.180,0.4329,0.4325,10.0,0.4315,15.0,2169.0,1248.0
2021-01-05 09:37:37.691,0.4329,0.433,10.0,0.4315,25.0,2169.0,1248.0
2021-01-05 09:37:38.161,0.4329,0.4329,10.0,0.4317,10.0,2169.0,1248.0
2021-01-05 09:37:38.651,0.4329,0.4333,10.0,0.4319,10.0,2169.0,1248.0
2021-01-05 09:37:39.170,0.4329,0.4337,20.0,0.4322,10.0,2169.0,1248.0
2021-01-05 09:37:39.641,0.4329,0.4336,10.0,0.4322,10.0,2169.0,1248.0
2021-01-05 09:37:40.161,0.4329,0.4336,10.0,0.4323,15.0,2169.0,1248.0
2021-01-05 09:37:40.701,0.4329,0.4337,20.0,0.4323,25.0,2169.0,1248.0
2021-01-05 09:37:41.131,0.4329,0.4336,25.0,0.4323,25.0,2169.0,1248.0
2021-01-05 09:37:41.671,0.4329,0.4336,10.0,0.4323,10.0,2169.0,1248.0
2021-01-05 09:37:42.130,0.4329,0.4338,10.0,0.4337,1.0,2169.0,1248.0
2021-01-05 09:37:42.620,0.4337,0.4338,10.0,0.4326,10.0,2169.0,1249.0
2021-01-05 09:37:43.181,0.4337,0.4341,30.0,0.4327,15.0,2169.0,1249.0
2021-01-05 09:37:43.640,0.4337,0.4343,1.0,0.4329,10.0,2169.0,1249.0
2021-01-05 09:37:44.190,0.4337,0.4343,11.0,0.433,15.0,2169.0,1249.0
2021-01-05 09:37:44.651,0.4337,0.4343,1.0,0.4331,10.0,2169.0,1249.0
2021-01-05 09:37:45.191,0.4337,0.4343,1.0,0.4332,10.0,2169.0,1249.0
2021-01-05 09:37:45.650,0.4337,0.4343,1.0,0.4333,15.0,2169.0,1249.0
2021-01-05 09:37:46.161,0.4337,0.4343,1.0,0.4333,15.0,2169.0,1249.0
2021-01-05 09:37:46.601,0.4337,0.4343,1.0,0.4332,25.0,2169.0,1249.0
2021-01-05 09:37:47.210,0.4337,0.4342,15.0,0.4332,10.0,2169.0,1249.0
2021-01-05 09:37:47.661,0.4337,0.4342,25.0,0.4328,10.0,2169.0,1249.0
2021-01-05 09:37:48.201,0.4337,0.434,10.0,0.4327,10.0,2169.0,1249.0
2021-01-05 09:37:48.691,0.4337,0.434,25.0,0.4329,10.0,2169.0,1249.0
2021-01-05 09:37:49.190,0.4337,0.4339,15.0,0.4329,10.0,2169.0,1249.0
2021-01-05 09:37:49.670,0.4337,0.4341,15.0,0.433,10.0,2169.0,1249.0
2021-01-05 09:37:50.220,0.4337,0.434,10.0,0.433,10.0,2169.0,1249.0
2021-01-05 09:37:51.161,0.4337,0.434,10.0,0.433,10.0,2169.0,1249.0
2021-01-05 09:37:51.630,0.4337,0.4336,10.0,0.4321,10.0,2169.0,1249.0
2021-01-05 09:37:52.191,0.4321,0.4336,10.0,0.4324,10.0,2161.0,1259.0
2021-01-05 09:37:52.660,0.4321,0.4335,10.0,0.4324,10.0,2161.0,1259.0
2021-01-05 09:37:53.161,0.4321,0.4335,25.0,0.4324,10.0,2161.0,1259.0
2021-01-05 09:37:53.680,0.4321,0.4334,15.0,0.432,10.0,2161.0,1259.0
2021-01-05 09:37:54.160,0.4321,0.4336,15.0,0.4324,10.0,2161.0,1259.0
2021-01-05 09:37:54.640,0.4321,0.4335,10.0,0.4324,10.0,2161.0,1259.0
2021-01-05 09:37:55.190,0.4321,0.4335,15.0,0.4324,10.0,2161.0,1259.0
2021-01-05 09:37:55.691,0.4321,0.4335,10.0,0.4324,10.0,2161.0,1259.0
2021-01-05 09:37:56.100,0.4321,0.4335,10.0,0.4324,10.0,2161.0,1259.0
2021-01-05 09:37:56.611,0.4321,0.4339,20.0,0.4327,10.0,2161.0,1259.0
2021-01-05 09:37:57.170,0.4321,0.4341,15.0,0.4329,10.0,2161.0,1259.0
2021-01-05 09:37:57.601,0.4321,0.4343,1.0,0.4334,10.0,2161.0,1259.0
2021-01-05 09:37:58.091,0.4321,0.4343,16.0,0.4334,10.0,2161.0,1259.0
2021-01-05 09:37:58.640,0.4321,0.4343,11.0,0.4333,20.0,2161.0,1259.0
2021-01-05 09:37:58.961,0.4321,0.4341,20.0,0.4331,10.0,2161.0,1259.0
2021-01-05 09:37:59.601,0.4321,0.4338,20.0,0.4324,10.0,2161.0,1259.0
2021-01-05 09:38:00.100,0.4321,0.4337,15.0,0.4324,25.0,2161.0,1259.0
2021-01-05 09:38:00.680,0.4321,0.4337,15.0,0.4325,10.0,2161.0,1259.0
2021-01-05 09:38:01.180,0.4321,0.4338,25.0,0.4325,25.0,2161.0,1259.0
2021-01-05 09:38:01.681,0.4321,0.4338,20.0,0.4325,10.0,2161.0,1259.0
2021-01-05 09:38:02.181,0.4321,0.4337,15.0,0.4325,10.0,2161.0,1259.0
2021-01-05 09:38:02.680,0.4321,0.4337,25.0,0.4325,10.0,2161.0,1259.0
2021-01-05 09:38:02.841,0.4321,0.4336,15.0,0.4325,10.0,2161.0,1259.0
2021-01-05 09:38:03.691,0.4321,0.4336,10.0,0.4325,10.0,2161.0,1259.0
2021-01-05 09:38:03.981,0.4321,0.4333,10.0,0.432,20.0,2161.0,1259.0
2021-01-05 09:38:04.680,0.4321,0.4332,10.0,0.4317,10.0,2161.0,1259.0
2021-01-05 09:38:05.181,0.4321,0.4332,30.0,0.4318,15.0,2161.0,1259.0
2021-01-05 09:38:05.621,0.4321,0.4332,10.0,0.4318,25.0,2161.0,1259.0
2021-01-05 09:38:06.151,0.4321,0.4332,10.0,0.4319,15.0,2161.0,1259.0
2021-01-05 09:38:06.691,0.4321,0.433,10.0,0.4318,30.0,2161.0,1259.0
2021-01-05 09:38:07.200,0.4318,0.4325,10.0,0.4314,20.0,2161.0,1264.0
2021-01-05 09:38:07.590,0.4318,0.4314,5.0,0.4309,15.0,2161.0,1264.0
2021-01-05 09:38:08.011,0.4318,0.4324,10.0,0.4314,1.0,2161.0,1264.0
2021-01-05 09:38:08.670,0.4314,0.4322,10.0,0.431,15.0,2161.0,1265.0
2021-01-05 09:38:09.160,0.4314,0.432,15.0,0.4307,10.0,2161.0,1265.0
2021-01-05 09:38:09.160,0.4314,0.4318,10.0,0.4303,10.0,2161.0,1265.0
2021-01-05 09:38:10.180,0.4314,0.4316,10.0,0.4303,10.0,2161.0,1265.0
2021-01-05 09:38:10.670,0.4314,0.4315,35.0,0.4301,15.0,2161.0,1265.0
2021-01-05 09:38:11.141,0.4314,0.4315,10.0,0.4301,15.0,2161.0,1265.0
2021-01-05 09:38:11.701,0.4314,0.4316,10.0,0.4302,25.0,2161.0,1265.0
2021-01-05 09:38:12.191,0.4314,0.4322,15.0,0.4315,10.0,2161.0,1265.0
2021-01-05 09:38:12.531,0.4315,0.4321,20.0,0.4308,10.0,2171.0,1275.0
2021-01-05 09:38:13.110,0.4315,0.4316,10.0,0.4302,10.0,2171.0,1275.0
2021-01-05 09:38:13.371,0.4315,0.4308,35.0,0.4302,10.0,2171.0,1275.0
2021-01-05 09:38:14.101,0.4302,0.4302,10.0,0.4301,5.0,2171.0,1285.0
2021-01-05 09:38:14.650,0.4301,0.4307,10.0,0.4301,3.0,2173.0,1287.0
2021-01-05 09:38:15.150,0.4301,0.4302,10.0,0.4292,10.0,2176.0,1290.0
2021-01-05 09:38:15.730,0.4301,0.43,10.0,0.4292,10.0,2176.0,1290.0
2021-01-05 09:38:16.151,0.4301,0.4305,15.0,0.4293,10.0,2176.0,1290.0
2021-01-05 09:38:16.721,0.4301,0.4305,10.0,0.4293,10.0,2176.0,1290.0
2021-01-05 09:38:17.190,0.4301,0.43,10.0,0.4292,10.0,2176.0,1290.0
2021-01-05 09:38:17.701,0.4301,0.43,10.0,0.4292,10.0,2176.0,1290.0
2021-01-05 09:38:18.660,0.4301,0.43,10.0,0.4292,10.0,2176.0,1290.0
2021-01-05 09:38:19.190,0.4301,0.4297,10.0,0.4287,10.0,2176.0,1290.0
2021-01-05 09:38:19.630,0.4301,0.4299,10.0,0.4287,10.0,2176.0,1290.0
2021-01-05 09:38:20.231,0.4301,0.4299,10.0,0.4288,15.0,2176.0,1290.0
2021-01-05 09:38:20.671,0.4301,0.4298,10.0,0.4283,20.0,2176.0,1290.0
2021-01-05 09:38:21.180,0.4301,0.4298,25.0,0.4284,15.0,2176.0,1290.0
2021-01-05 09:38:21.670,0.4301,0.4295,20.0,0.428,3.0,2176.0,1290.0
2021-01-05 09:38:22.210,0.4301,0.429,10.0,0.428,3.0,2176.0,1290.0
2021-01-05 09:38:22.661,0.4301,0.4289,15.0,0.428,3.0,2176.0,1290.0
2021-01-05 09:38:23.201,0.4301,0.4286,10.0,0.428,3.0,2176.0,1290.0
2021-01-05 09:38:23.681,0.4301,0.4286,10.0,0.428,3.0,2176.0,1290.0
2021-01-05 09:38:24.141,0.428,0.4286,10.0,0.4274,15.0,2179.0,1293.0
2021-01-05 09:38:24.671,0.428,0.4282,10.0,0.4273,20.0,2179.0,1293.0
2021-01-05 09:38:25.101,0.428,0.4284,15.0,0.4272,10.0,2179.0,1293.0
2021-01-05 09:38:25.700,0.428,0.4286,10.0,0.4273,15.0,2179.0,1293.0
2021-01-05 09:38:26.100,0.428,0.4281,10.0,0.4272,15.0,2179.0,1293.0
2021-01-05 09:38:26.601,0.4281,0.4288,10.0,0.4272,10.0,2179.0,1298.0
2021-01-05 09:38:27.151,0.4281,0.4287,10.0,0.4273,15.0,2179.0,1298.0
2021-01-05 09:38:27.691,0.4281,0.4286,15.0,0.4273,10.0,2179.0,1298.0
2021-01-05 09:38:28.171,0.4281,0.4281,10.0,0.4272,20.0,2179.0,1298.0
2021-01-05 09:38:28.680,0.4281,0.4285,35.0,0.4272,15.0,2179.0,1298.0
2021-01-05 09:38:29.191,0.4281,0.4285,20.0,0.427,15.0,2179.0,1298.0
2021-01-05 09:38:29.621,0.4281,0.4283,10.0,0.427,15.0,2179.0,1298.0
2021-01-05 09:38:30.190,0.4281,0.4281,20.0,0.4269,15.0,2179.0,1298.0
2021-01-05 09:38:30.670,0.4281,0.4281,20.0,0.4269,25.0,2179.0,1298.0
2021-01-05 09:38:31.181,0.4281,0.4281,10.0,0.427,15.0,2179.0,1298.0
2021-01-05 09:38:31.650,0.4281,0.428,15.0,0.4269,10.0,2179.0,1298.0
2021-01-05 09:38:32.171,0.4281,0.4276,10.0,0.4268,20.0,2179.0,1298.0
2021-01-05 09:38:32.701,0.4281,0.4276,10.0,0.4265,15.0,2179.0,1298.0
2021-01-05 09:38:33.191,0.4281,0.4268,5.0,0.4264,20.0,2179.0,1298.0
2021-01-05 09:38:33.700,0.4264,0.4264,10.0,0.4261,15.0,2180.0,1317.0
2021-01-05 09:38:34.201,0.4261,0.4261,1.0,0.4254,10.0,2195.0,1332.0
2021-01-05 09:38:35.200,0.4261,0.426,15.0,0.4248,20.0,2195.0,1332.0
2021-01-05 09:38:35.700,0.4261,0.4259,10.0,0.4242,10.0,2195.0,1332.0
2021-01-05 09:38:36.130,0.4261,0.4258,25.0,0.4243,10.0,2195.0,1332.0
2021-01-05 09:38:36.691,0.4261,0.4257,15.0,0.4243,10.0,2195.0,1332.0
2021-01-05 09:38:37.050,0.4261,0.4256,10.0,0.4243,10.0,2195.0,1332.0
2021-01-05 09:38:37.580,0.4261,0.4252,10.0,0.4242,10.0,2195.0,1332.0
2021-01-05 09:38:37.970,0.4261,0.4251,15.0,0.4242,10.0,2195.0,1332.0
2021-01-05 09:38:38.660,0.4261,0.4256,20.0,0.4241,20.0,2195.0,1332.0
2021-01-05 09:38:39.161,0.4261,0.4248,10.0,0.4232,20.0,2195.0,1332.0
2021-01-05 09:38:39.661,0.4261,0.4247,10.0,0.4233,15.0,2195.0,1332.0
2021-01-05 09:38:40.141,0.4261,0.4242,10.0,0.423,3.0,2195.0,1332.0
2021-01-05 09:38:40.591,0.4261,0.4239,10.0,0.423,3.0,2195.0,1332.0
2021-01-05 09:38:41.190,0.4261,0.4238,15.0,0.423,3.0,2195.0,1332.0
2021-01-05 09:38:41.670,0.4261,0.4237,10.0,0.423,3.0,2195.0,1332.0
2021-01-05 09:38:42.191,0.4261,0.4237,25.0,0.423,3.0,2195.0,1332.0
2021-01-05 09:38:42.700,0.4261,0.4236,15.0,0.423,3.0,2195.0,1332.0
2021-01-05 09:38:43.150,0.4236,0.4241,10.0,0.4236,10.0,2195.0,1347.0
2021-01-05 09:38:43.701,0.4236,0.4238,10.0,0.4236,8.0,2195.0,1354.0
2021-01-05 09:38:44.110,0.4238,0.4238,5.0,0.423,18.0,2195.0,1360.0
2021-01-05 09:38:44.600,0.4238,0.4246,10.0,0.4238,5.0,2195.0,1365.0
2021-01-05 09:38:45.180,0.4238,0.4245,15.0,0.4238,10.0,2195.0,1365.0
2021-01-05 09:38:45.451,0.4238,0.4246,10.0,0.4235,25.0,2195.0,1365.0
2021-01-05 09:38:46.631,0.4238,0.4246,10.0,0.4235,25.0,2195.0,1365.0
2021-01-05 09:38:47.140,0.4246,0.4252,25.0,0.4237,10.0,2203.0,1375.0
2021-01-05 09:38:47.601,0.4246,0.4252,10.0,0.4238,15.0,2203.0,1375.0
2021-01-05 09:38:48.200,0.4246,0.426,10.0,0.4247,10.0,2203.0,1375.0
2021-01-05 09:38:48.531,0.4246,0.4259,15.0,0.425,10.0,2203.0,1375.0
2021-01-05 09:38:49.130,0.4246,0.4259,15.0,0.4251,13.0,2203.0,1375.0
2021-01-05 09:38:49.670,0.4246,0.4261,15.0,0.425,10.0,2203.0,1375.0
2021-01-05 09:38:50.091,0.4246,0.426,10.0,0.425,30.0,2203.0,1375.0
2021-01-05 09:38:50.651,0.4246,0.426,10.0,0.425,20.0,2203.0,1375.0
2021-01-05 09:38:51.170,0.425,0.4258,10.0,0.4245,10.0,2218.0,1390.0
2021-01-05 09:38:51.691,0.425,0.425,10.0,0.4239,1.0,2218.0,1390.0
2021-01-05 09:38:52.140,0.425,0.425,20.0,0.4239,1.0,2218.0,1390.0
2021-01-05 09:38:52.450,0.425,0.4246,10.0,0.4239,1.0,2218.0,1390.0
2021-01-05 09:38:53.191,0.4239,0.4246,10.0,0.423,3.0,2219.0,1391.0
2021-01-05 09:38:54.200,0.4239,0.4245,20.0,0.4231,15.0,2219.0,1391.0
2021-01-05 09:38:54.640,0.4239,0.4243,10.0,0.423,3.0,2219.0,1391.0
2021-01-05 09:38:55.191,0.4239,0.4243,10.0,0.423,3.0,2219.0,1391.0
2021-01-05 09:38:55.700,0.4239,0.4241,10.0,0.423,3.0,2219.0,1391.0
2021-01-05 09:38:56.190,0.4239,0.4239,10.0,0.423,3.0,2219.0,1391.0
2021-01-05 09:38:56.661,0.4239,0.4238,25.0,0.423,3.0,2219.0,1391.0
2021-01-05 09:38:57.181,0.4238,0.4247,10.0,0.4234,10.0,2219.0,1416.0
2021-01-05 09:38:57.640,0.4238,0.4243,20.0,0.423,3.0,2219.0,1416.0
2021-01-05 09:38:57.811,0.4238,0.4247,10.0,0.4234,10.0,2219.0,1416.0
2021-01-05 09:38:58.501,0.4238,0.425,15.0,0.424,10.0,2219.0,1416.0
2021-01-05 09:38:59.060,0.4238,0.4254,10.0,0.4245,13.0,2219.0,1416.0
2021-01-05 09:39:00.111,0.4238,0.4254,25.0,0.4241,25.0,2219.0,1416.0
2021-01-05 09:39:00.660,0.4238,0.4254,10.0,0.4241,10.0,2219.0,1416.0
2021-01-05 09:39:01.160,0.4238,0.4249,10.0,0.4242,15.0,2219.0,1416.0
2021-01-05 09:39:01.700,0.4238,0.4249,10.0,0.4236,10.0,2219.0,1416.0
2021-01-05 09:39:02.170,0.4238,0.4253,10.0,0.424,10.0,2219.0,1416.0
2021-01-05 09:39:02.620,0.4238,0.4247,20.0,0.4233,10.0,2219.0,1416.0
2021-01-05 09:39:03.150,0.4238,0.4253,10.0,0.4239,10.0,2219.0,1416.0
2021-01-05 09:39:03.671,0.4238,0.4252,10.0,0.424,15.0,2219.0,1416.0
2021-01-05 09:39:04.161,0.4238,0.4258,30.0,0.4242,10.0,2219.0,1416.0
2021-01-05 09:39:04.610,0.4238,0.4255,10.0,0.4243,15.0,2219.0,1416.0
2021-01-05 09:39:04.921,0.4238,0.4255,10.0,0.4243,15.0,2219.0,1416.0
2021-01-05 09:39:05.701,0.4238,0.4255,10.0,0.4243,15.0,2219.0,1416.0
2021-01-05 09:39:06.191,0.4238,0.4255,10.0,0.4243,15.0,2219.0,1416.0
2021-01-05 09:39:06.650,0.4238,0.4255,10.0,0.4243,15.0,2219.0,1416.0
2021-01-05 09:39:07.050,0.4238,0.4255,10.0,0.4243,15.0,2219.0,1416.0
2021-01-05 09:39:07.680,0.4238,0.4255,10.0,0.4243,15.0,2219.0,1416.0
2021-01-05 09:39:08.131,0.4238,0.4258,10.0,0.4243,25.0,2219.0,1416.0
2021-01-05 09:39:08.650,0.4238,0.4254,10.0,0.4244,15.0,2219.0,1416.0
2021-01-05 09:39:09.161,0.4238,0.4252,20.0,0.4238,10.0,2219.0,1416.0
2021-01-05 09:39:09.601,0.4238,0.425,10.0,0.4238,25.0,2219.0,1416.0
2021-01-05 09:39:10.191,0.4238,0.4252,20.0,0.424,10.0,2219.0,1416.0
2021-01-05 09:39:10.681,0.424,0.4246,10.0,0.4238,15.0,2219.0,1426.0
2021-01-05 09:39:11.201,0.424,0.4242,10.0,0.423,3.0,2219.0,1426.0
2021-01-05 09:39:11.701,0.424,0.4243,10.0,0.4231,15.0,2219.0,1426.0
2021-01-05 09:39:12.150,0.424,0.4246,20.0,0.4233,10.0,2219.0,1426.0
2021-01-05 09:39:12.690,0.4234,0.4246,30.0,0.4234,15.0,2218.0,1427.0
2021-01-05 09:39:13.161,0.4234,0.4245,10.0,0.4234,15.0,2218.0,1427.0
2021-01-05 09:39:13.720,0.4234,0.4246,20.0,0.4237,10.0,2218.0,1427.0
2021-01-05 09:39:14.160,0.4234,0.4245,10.0,0.4236,15.0,2218.0,1427.0
2021-01-05 09:39:14.650,0.4236,0.4243,10.0,0.423,3.0,2218.0,1442.0
2021-01-05 09:39:15.220,0.4236,0.4242,10.0,0.423,3.0,2218.0,1442.0
2021-01-05 09:39:15.720,0.4236,0.4241,10.0,0.423,3.0,2218.0,1442.0
2021-01-05 09:39:16.121,0.4236,0.4241,10.0,0.423,3.0,2218.0,1442.0
2021-01-05 09:39:16.711,0.4236,0.4241,25.0,0.423,3.0,2218.0,1442.0
2021-01-05 09:39:17.191,0.4236,0.424,15.0,0.423,3.0,2218.0,1442.0
2021-01-05 09:39:17.650,0.4236,0.4244,20.0,0.4231,15.0,2218.0,1442.0
2021-01-05 09:39:18.221,0.4236,0.4245,10.0,0.4233,10.0,2218.0,1442.0
2021-01-05 09:39:18.671,0.4236,0.4245,10.0,0.4234,15.0,2218.0,1442.0
2021-01-05 09:39:19.710,0.4236,0.4244,15.0,0.4233,10.0,2218.0,1442.0
2021-01-05 09:39:20.221,0.4236,0.4242,10.0,0.423,33.0,2218.0,1442.0
2021-01-05 09:39:20.711,0.4236,0.4239,10.0,0.423,23.0,2218.0,1442.0
2021-01-05 09:39:21.231,0.4236,0.4242,15.0,0.423,23.0,2218.0,1442.0
2021-01-05 09:39:21.671,0.4236,0.424,10.0,0.423,23.0,2218.0,1442.0
2021-01-05 09:39:22.211,0.4236,0.4239,10.0,0.423,3.0,2218.0,1442.0
2021-01-05 09:39:22.651,0.4236,0.4237,10.0,0.423,3.0,2218.0,1442.0
2021-01-05 09:39:23.200,0.4237,0.4238,15.0,0.423,3.0,2218.0,1452.0
2021-01-05 09:39:23.700,0.4237,0.4245,10.0,0.4238,15.0,2218.0,1452.0
2021-01-05 09:39:23.940,0.4237,0.4241,10.0,0.4232,15.0,2218.0,1452.0
2021-01-05 09:39:24.551,0.4237,0.424,10.0,0.4231,15.0,2218.0,1452.0
2021-01-05 09:39:25.700,0.4237,0.424,10.0,0.4231,15.0,2218.0,1452.0
2021-01-05 09:39:26.130,0.4237,0.4239,10.0,0.423,3.0,2218.0,1452.0
2021-01-05 09:39:26.681,0.4237,0.4239,10.0,0.4231,15.0,2218.0,1452.0
2021-01-05 09:39:27.210,0.4237,0.4238,10.0,0.4231,15.0,2218.0,1452.0
2021-01-05 09:39:27.711,0.4237,0.4242,20.0,0.4231,15.0,2218.0,1452.0
2021-01-05 09:39:28.201,0.4237,0.4241,10.0,0.4231,15.0,2218.0,1452.0
2021-01-05 09:39:28.710,0.4237,0.4241,10.0,0.4231,15.0,2218.0,1452.0
2021-01-05 09:39:29.231,0.4237,0.424,10.0,0.4231,15.0,2218.0,1452.0
2021-01-05 09:39:29.721,0.424,0.4246,30.0,0.4232,10.0,2218.0,1462.0
2021-01-05 09:39:30.220,0.424,0.4253,20.0,0.4246,11.0,2218.0,1462.0
2021-01-05 09:39:30.520,0.4246,0.4247,10.0,0.4233,10.0,2224.0,1473.0
2021-01-05 09:39:31.121,0.4246,0.4253,30.0,0.4237,10.0,2224.0,1473.0
2021-01-05 09:39:31.690,0.4246,0.4252,10.0,0.4238,15.0,2224.0,1473.0
2021-01-05 09:39:32.141,0.4246,0.4249,10.0,0.4237,25.0,2224.0,1473.0
2021-01-05 09:39:32.631,0.4246,0.4246,10.0,0.4235,15.0,2224.0,1473.0
2021-01-05 09:39:33.180,0.4246,0.4246,10.0,0.4234,15.0,2224.0,1473.0
2021-01-05 09:39:33.180,0.4246,0.4246,20.0,0.4234,15.0,2224.0,1473.0
2021-01-05 09:39:33.530,0.4246,0.4246,10.0,0.4234,15.0,2224.0,1473.0
2021-01-05 09:39:34.681,0.4246,0.4249,20.0,0.4237,10.0,2224.0,1473.0
2021-01-05 09:39:35.171,0.4246,0.4251,15.0,0.4238,15.0,2224.0,1473.0
2021-01-05 09:39:35.651,0.4246,0.4252,20.0,0.4239,10.0,2224.0,1473.0
2021-01-05 09:39:36.231,0.4246,0.4249,10.0,0.4238,15.0,2224.0,1473.0
2021-01-05 09:39:36.660,0.4246,0.425,10.0,0.4239,10.0,2224.0,1473.0
2021-01-05 09:39:37.221,0.4246,0.4252,15.0,0.4239,25.0,2224.0,1473.0
2021-01-05 09:39:37.730,0.4246,0.4251,10.0,0.4239,10.0,2224.0,1473.0
2021-01-05 09:39:38.221,0.4246,0.4251,10.0,0.424,15.0,2224.0,1473.0
2021-01-05 09:39:38.650,0.4246,0.4251,10.0,0.4239,10.0,2224.0,1473.0
2021-01-05 09:39:39.241,0.4246,0.4249,10.0,0.4235,10.0,2224.0,1473.0
2021-01-05 09:39:39.751,0.4246,0.4249,10.0,0.4235,10.0,2224.0,1473.0
2021-01-05 09:39:40.200,0.4246,0.4248,10.0,0.4235,10.0,2224.0,1473.0
2021-01-05 09:39:40.721,0.4246,0.4249,10.0,0.4236,15.0,2224.0,1473.0
2021-01-05 09:39:41.220,0.4249,0.4253,20.0,0.4249,6.0,2224.0,1477.0
2021-01-05 09:39:41.750,0.4253,0.4248,10.0,0.4234,10.0,2224.0,1487.0
2021-01-05 09:39:42.210,0.4253,0.4254,15.0,0.4248,2.0,2224.0,1487.0
2021-01-05 09:39:42.580,0.4253,0.4256,15.0,0.4248,2.0,2224.0,1487.0
2021-01-05 09:39:43.170,0.4253,0.4256,15.0,0.4248,2.0,2224.0,1487.0
2021-01-05 09:39:43.570,0.4253,0.4258,15.0,0.4248,2.0,2224.0,1487.0
2021-01-05 09:39:44.231,0.4253,0.426,15.0,0.4248,2.0,2224.0,1487.0
2021-01-05 09:39:44.680,0.4253,0.4258,10.0,0.4248,2.0,2224.0,1487.0
2021-01-05 09:39:45.251,0.4253,0.4255,10.0,0.4248,2.0,2224.0,1487.0
2021-01-05 09:39:45.750,0.4248,0.4252,10.0,0.4243,10.0,2224.0,1489.0
2021-01-05 09:39:46.040,0.4243,0.4243,8.0,0.4241,5.0,2224.0,1499.0
2021-01-05 09:39:46.390,0.4241,0.424,5.0,0.4232,5.0,2229.0,1504.0
2021-01-05 09:39:47.250,0.4241,0.4243,16.0,0.4232,5.0,2229.0,1504.0
2021-01-05 09:39:47.710,0.4241,0.4244,10.0,0.4234,10.0,2229.0,1504.0
2021-01-05 09:39:48.140,0.4241,0.4247,15.0,0.4236,10.0,2229.0,1504.0
2021-01-05 09:39:48.720,0.4241,0.4244,10.0,0.4232,5.0,2229.0,1504.0
2021-01-05 09:39:49.241,0.4241,0.4242,10.0,0.4232,5.0,2229.0,1504.0
2021-01-05 09:39:49.531,0.4241,0.4241,10.0,0.4232,5.0,2229.0,1504.0
2021-01-05 09:39:50.121,0.4241,0.4242,15.0,0.4232,5.0,2229.0,1504.0
2021-01-05 09:39:50.701,0.4232,0.4232,12.0,0.423,3.0,2234.0,1509.0
2021-01-05 09:39:51.241,0.423,0.4229,5.0,0.4218,10.0,2237.0,1512.0
2021-01-05 09:39:51.730,0.423,0.4229,30.0,0.4216,25.0,2237.0,1512.0
2021-01-05 09:39:52.251,0.423,0.4229,20.0,0.4218,10.0,2237.0,1512.0
2021-01-05 09:39:52.670,0.423,0.4229,3.0,0.4222,10.0,2237.0,1512.0
2021-01-05 09:39:53.181,0.4229,0.4236,15.0,0.4229,6.0,2234.0,1515.0
2021-01-05 09:39:53.600,0.4229,0.4241,15.0,0.4233,10.0,2234.0,1515.0
2021-01-05 09:39:54.191,0.4229,0.424,10.0,0.4229,10.0,2234.0,1515.0
2021-01-05 09:39:54.670,0.4229,0.4239,15.0,0.4228,10.0,2234.0,1515.0
2021-01-05 09:39:55.181,0.4228,0.4228,4.0,0.4225,15.0,2234.0,1518.0
2021-01-05 09:39:55.430,0.4228,0.4228,32.0,0.4225,10.0,2234.0,1518.0
2021-01-05 09:39:55.970,0.4228,0.4227,10.0,0.4217,30.0,2234.0,1518.0
2021-01-05 09:39:56.691,0.4228,0.4235,10.0,0.422,10.0,2234.0,1518.0
2021-01-05 09:39:57.181,0.4228,0.4234,25.0,0.422,10.0,2234.0,1518.0
2021-01-05 09:39:57.551,0.4228,0.4235,25.0,0.4223,10.0,2234.0,1518.0
2021-01-05 09:39:58.170,0.4228,0.4235,15.0,0.4226,23.0,2234.0,1518.0
2021-01-05 09:39:58.341,0.4228,0.4242,20.0,0.4226,10.0,2234.0,1518.0
2021-01-05 09:39:59.050,0.4228,0.4239,10.0,0.4226,10.0,2234.0,1518.0
2021-01-05 09:39:59.651,0.4228,0.4238,25.0,0.4226,10.0,2234.0,1518.0
2021-01-05 09:40:00.181,0.4228,0.4238,25.0,0.4226,10.0,2234.0,1518.0
2021-01-05 09:40:00.610,0.4228,0.4236,10.0,0.4225,15.0,2234.0,1518.0
2021-01-05 09:40:01.201,0.4228,0.424,10.0,0.4225,10.0,2234.0,1518.0
2021-01-05 09:40:01.570,0.4228,0.4242,10.0,0.4229,10.0,2234.0,1518.0
2021-01-05 09:40:02.200,0.4228,0.4243,15.0,0.423,25.0,2234.0,1518.0
2021-01-05 09:40:02.671,0.4228,0.4253,10.0,0.4237,13.0,2234.0,1518.0
2021-01-05 09:40:03.171,0.4228,0.4249,20.0,0.4235,10.0,2234.0,1518.0
2021-01-05 09:40:03.691,0.4228,0.4247,10.0,0.4235,10.0,2234.0,1518.0
2021-01-05 09:40:04.160,0.4228,0.4244,10.0,0.423,25.0,2234.0,1518.0
2021-01-05 09:40:04.700,0.4228,0.4249,10.0,0.4233,10.0,2234.0,1518.0
2021-01-05 09:40:05.170,0.4228,0.4248,25.0,0.4233,10.0,2234.0,1518.0
2021-01-05 09:40:05.701,0.4228,0.4247,10.0,0.4234,15.0,2234.0,1518.0
2021-01-05 09:40:06.200,0.4228,0.4247,10.0,0.4234,25.0,2234.0,1518.0
2021-01-05 09:40:06.701,0.4228,0.4247,10.0,0.4235,15.0,2234.0,1518.0
2021-01-05 09:40:07.191,0.4228,0.4251,10.0,0.4235,25.0,2234.0,1518.0
2021-01-05 09:40:07.700,0.4228,0.425,10.0,0.4236,15.0,2234.0,1518.0
2021-01-05 09:40:08.200,0.4228,0.4254,20.0,0.424,10.0,2234.0,1518.0
2021-01-05 09:40:08.690,0.4228,0.4257,20.0,0.4241,15.0,2234.0,1518.0
2021-01-05 09:40:09.191,0.4228,0.4258,10.0,0.4245,10.0,2234.0,1518.0
2021-01-05 09:40:09.691,0.4228,0.4258,15.0,0.4245,25.0,2234.0,1518.0
2021-01-05 09:40:10.131,0.4228,0.4255,20.0,0.4243,10.0,2234.0,1518.0
2021-01-05 09:40:10.651,0.4228,0.4253,10.0,0.4243,10.0,2234.0,1518.0
2021-01-05 09:40:11.170,0.4228,0.4252,15.0,0.4243,10.0,2234.0,1518.0
2021-01-05 09:40:11.610,0.4228,0.4255,20.0,0.4243,10.0,2234.0,1518.0
2021-01-05 09:40:12.190,0.4228,0.4255,20.0,0.4245,10.0,2234.0,1518.0
2021-01-05 09:40:12.680,0.4228,0.4259,20.0,0.4248,10.0,2234.0,1518.0
2021-01-05 09:40:13.170,0.4259,0.4262,35.0,0.4249,15.0,2237.0,1521.0
2021-01-05 09:40:13.700,0.4259,0.4263,20.0,0.4253,23.0,2237.0,1521.0
2021-01-05 09:40:14.150,0.4259,0.4267,15.0,0.4255,13.0,2237.0,1521.0
2021-01-05 09:40:14.701,0.4259,0.4268,20.0,0.4256,15.0,2237.0,1521.0
2021-01-05 09:40:15.120,0.4259,0.4268,20.0,0.4254,15.0,2237.0,1521.0
2021-01-05 09:40:15.690,0.4259,0.4268,30.0,0.4254,15.0,2237.0,1521.0
2021-01-05 09:40:16.610,0.4259,0.4266,10.0,0.4254,15.0,2237.0,1521.0
2021-01-05 09:40:17.191,0.4259,0.4268,20.0,0.4254,15.0,2237.0,1521.0
2021-01-05 09:40:17.661,0.4259,0.4268,20.0,0.4255,10.0,2237.0,1521.0
2021-01-05 09:40:18.161,0.4259,0.4268,35.0,0.4255,25.0,2237.0,1521.0
2021-01-05 09:40:18.301,0.4259,0.4268,20.0,0.4255,10.0,2237.0,1521.0
2021-01-05 09:40:19.190,0.4259,0.4268,20.0,0.4255,10.0,2237.0,1521.0
2021-01-05 09:40:19.711,0.4255,0.4255,14.0,0.425,10.0,2237.0,1525.0
2021-01-05 09:40:20.191,0.4255,0.4255,5.0,0.4249,10.0,2238.0,1528.0
2021-01-05 09:40:20.691,0.4248,0.4248,1.0,0.4243,10.0,2245.0,1543.0
2021-01-05 09:40:21.200,0.4243,0.4247,15.0,0.4239,10.0,2245.0,1553.0
2021-01-05 09:40:21.701,0.4243,0.4247,15.0,0.4239,10.0,2245.0,1553.0
2021-01-05 09:40:22.210,0.4243,0.4247,15.0,0.424,10.0,2245.0,1553.0
2021-01-05 09:40:22.591,0.4243,0.4247,15.0,0.4239,10.0,2245.0,1553.0
2021-01-05 09:40:23.150,0.4243,0.4247,15.0,0.4236,10.0,2245.0,1553.0
2021-01-05 09:40:23.701,0.4243,0.4247,15.0,0.4236,10.0,2245.0,1553.0
2021-01-05 09:40:24.160,0.4243,0.4247,25.0,0.4236,10.0,2245.0,1553.0
2021-01-05 09:40:24.241,0.4243,0.4247,15.0,0.4236,10.0,2245.0,1553.0
2021-01-05 09:40:25.121,0.4243,0.4248,1.0,0.4239,10.0,2245.0,1553.0
2021-01-05 09:40:25.551,0.4243,0.4247,15.0,0.4235,10.0,2245.0,1553.0
2021-01-05 09:40:26.181,0.4243,0.4248,1.0,0.4238,10.0,2245.0,1553.0
2021-01-05 09:40:26.650,0.4243,0.4248,11.0,0.4234,35.0,2245.0,1553.0
2021-01-05 09:40:27.101,0.4243,0.4247,15.0,0.4234,10.0,2245.0,1553.0
2021-01-05 09:40:27.701,0.4243,0.4245,20.0,0.4231,10.0,2245.0,1553.0
2021-01-05 09:40:28.110,0.4243,0.4244,15.0,0.4231,20.0,2245.0,1553.0
2021-01-05 09:40:28.690,0.4243,0.4244,25.0,0.4231,35.0,2245.0,1553.0
2021-01-05 09:40:29.170,0.4243,0.4244,15.0,0.4233,10.0,2245.0,1553.0
2021-01-05 09:40:30.150,0.4243,0.4243,2.0,0.4233,10.0,2245.0,1553.0
2021-01-05 09:40:30.700,0.4243,0.4243,3.0,0.4233,10.0,2245.0,1553.0
2021-01-05 09:40:31.040,0.4243,0.4243,28.0,0.4236,50.0,2245.0,1553.0
2021-01-05 09:40:31.631,0.4243,0.4243,13.0,0.4236,50.0,2245.0,1553.0
2021-01-05 09:40:32.140,0.4243,0.4243,3.0,0.4236,50.0,2245.0,1553.0
2021-01-05 09:40:32.611,0.4243,0.4245,10.0,0.4236,65.0,2245.0,1556.0
2021-01-05 09:40:33.191,0.4243,0.4251,10.0,0.4243,2.0,2245.0,1556.0
2021-01-05 09:40:33.430,0.4243,0.425,1.0,0.4244,15.0,2245.0,1556.0
2021-01-05 09:40:34.171,0.4243,0.4257,10.0,0.4243,15.0,2245.0,1556.0
2021-01-05 09:40:34.601,0.4243,0.4256,36.0,0.4242,10.0,2245.0,1556.0
2021-01-05 09:40:35.201,0.4243,0.4251,10.0,0.4237,20.0,2245.0,1556.0
2021-01-05 09:40:35.681,0.4243,0.4251,10.0,0.4237,20.0,2245.0,1556.0
2021-01-05 09:40:36.161,0.4243,0.425,10.0,0.4237,20.0,2245.0,1556.0
2021-01-05 09:40:36.620,0.4243,0.4249,1.0,0.4237,20.0,2245.0,1556.0
2021-01-05 09:40:37.201,0.4243,0.425,15.0,0.4237,35.0,2245.0,1556.0
2021-01-05 09:40:37.700,0.4243,0.4247,10.0,0.4236,50.0,2245.0,1556.0
2021-01-05 09:40:38.090,0.4243,0.4249,20.0,0.4237,25.0,2245.0,1556.0
2021-01-05 09:40:38.651,0.4243,0.4249,10.0,0.4238,15.0,2245.0,1556.0
2021-01-05 09:40:39.681,0.4243,0.4251,10.0,0.4239,10.0,2245.0,1556.0
2021-01-05 09:40:40.061,0.4243,0.425,1.0,0.4242,10.0,2245.0,1556.0
2021-01-05 09:40:40.670,0.425,0.4257,10.0,0.4243,15.0,2245.0,1557.0
2021-01-05 09:40:41.191,0.425,0.4258,10.0,0.4244,10.0,2245.0,1557.0
2021-01-05 09:40:41.621,0.425,0.426,10.0,0.4246,10.0,2245.0,1557.0
2021-01-05 09:40:42.180,0.425,0.4259,25.0,0.4246,10.0,2245.0,1557.0
2021-01-05 09:40:42.601,0.425,0.4259,20.0,0.4246,10.0,2245.0,1557.0
2021-01-05 09:40:43.191,0.425,0.4259,35.0,0.4246,25.0,2245.0,1557.0
2021-01-05 09:40:43.621,0.425,0.4259,25.0,0.4246,25.0,2245.0,1557.0
2021-01-05 09:40:44.201,0.425,0.4259,10.0,0.4247,15.0,2245.0,1557.0
2021-01-05 09:40:45.131,0.425,0.4259,10.0,0.4247,15.0,2245.0,1557.0
2021-01-05 09:40:45.621,0.425,0.4259,10.0,0.4247,15.0,2245.0,1557.0
2021-01-05 09:40:46.161,0.425,0.4259,10.0,0.4247,15.0,2245.0,1557.0
2021-01-05 09:40:46.581,0.425,0.4259,10.0,0.4247,15.0,2245.0,1557.0
2021-01-05 09:40:47.211,0.425,0.4259,10.0,0.4247,15.0,2245.0,1557.0
2021-01-05 09:40:47.611,0.425,0.4259,10.0,0.4247,15.0,2245.0,1557.0
2021-01-05 09:40:48.160,0.425,0.4259,10.0,0.4247,15.0,2245.0,1557.0
2021-01-05 09:40:48.700,0.425,0.4266,10.0,0.425,10.0,2245.0,1557.0
2021-01-05 09:40:49.111,0.425,0.426,10.0,0.4247,20.0,2245.0,1557.0
2021-01-05 09:40:49.640,0.425,0.4259,25.0,0.4247,20.0,2245.0,1557.0
2021-01-05 09:40:50.181,0.425,0.426,10.0,0.4248,15.0,2245.0,1557.0
2021-01-05 09:40:50.671,0.425,0.4259,10.0,0.4248,15.0,2245.0,1557.0
2021-01-05 09:40:51.601,0.425,0.426,10.0,0.4248,25.0,2245.0,1557.0
2021-01-05 09:40:52.181,0.425,0.426,10.0,0.4248,25.0,2245.0,1557.0
2021-01-05 09:40:52.650,0.425,0.426,20.0,0.4248,10.0,2245.0,1557.0
2021-01-05 09:40:53.140,0.4248,0.4259,15.0,0.4248,7.0,2242.0,1560.0
2021-01-05 09:40:53.611,0.4248,0.4264,20.0,0.4249,15.0,2242.0,1560.0
2021-01-05 09:40:54.141,0.4248,0.426,10.0,0.4248,22.0,2242.0,1560.0
2021-01-05 09:40:54.521,0.4248,0.4266,20.0,0.4252,10.0,2242.0,1560.0
2021-01-05 09:40:55.111,0.4248,0.4258,10.0,0.4247,15.0,2242.0,1560.0
2021-01-05 09:40:55.620,0.4248,0.4257,10.0,0.4245,10.0,2242.0,1560.0
2021-01-05 09:40:56.121,0.4248,0.4257,25.0,0.4248,10.0,2242.0,1560.0
2021-01-05 09:40:56.600,0.4248,0.4253,10.0,0.4243,15.0,2242.0,1560.0
2021-01-05 09:40:57.180,0.4248,0.4252,10.0,0.4242,15.0,2242.0,1560.0
2021-01-05 09:40:57.560,0.4248,0.4255,10.0,0.4244,10.0,2242.0,1560.0
2021-01-05 09:40:57.710,0.4248,0.4254,10.0,0.4244,10.0,2242.0,1560.0
2021-01-05 09:40:58.721,0.4248,0.4254,10.0,0.4244,10.0,2242.0,1560.0
2021-01-05 09:40:58.980,0.4248,0.4254,10.0,0.4244,10.0,2242.0,1560.0
2021-01-05 09:40:59.650,0.4248,0.4257,20.0,0.4246,10.0,2242.0,1560.0
2021-01-05 09:40:59.891,0.4248,0.4257,20.0,0.4246,10.0,2242.0,1560.0
2021-01-05 09:41:00.571,0.4248,0.4257,35.0,0.4246,10.0,2242.0,1560.0
2021-01-05 09:41:00.980,0.4248,0.4255,10.0,0.4243,15.0,2242.0,1560.0
2021-01-05 09:41:01.650,0.4248,0.4261,50.0,0.4247,10.0,2242.0,1560.0
2021-01-05 09:41:02.190,0.4248,0.426,15.0,0.4247,10.0,2242.0,1560.0
2021-01-05 09:41:02.661,0.4248,0.4258,10.0,0.4243,30.0,2242.0,1560.0
2021-01-05 09:41:03.110,0.4248,0.4253,10.0,0.4241,60.0,2242.0,1560.0
2021-01-05 09:41:03.660,0.4248,0.4253,10.0,0.4243,10.0,2242.0,1560.0
2021-01-05 09:41:04.180,0.4248,0.4252,15.0,0.4241,60.0,2242.0,1560.0
2021-01-05 09:41:04.680,0.4248,0.4253,20.0,0.4241,75.0,2242.0,1560.0
2021-01-05 09:41:05.220,0.4248,0.4258,25.0,0.4243,10.0,2242.0,1560.0
2021-01-05 09:41:05.660,0.4248,0.4256,10.0,0.4243,10.0,2242.0,1560.0
2021-01-05 09:41:06.180,0.4248,0.4255,25.0,0.4243,10.0,2242.0,1560.0
2021-01-05 09:41:06.620,0.4248,0.4253,10.0,0.4241,50.0,2242.0,1560.0
2021-01-05 09:41:07.100,0.4248,0.425,20.0,0.4241,50.0,2242.0,1560.0
2021-01-05 09:41:07.611,0.4248,0.4249,10.0,0.4241,50.0,2242.0,1560.0
2021-01-05 09:41:08.130,0.4248,0.4248,35.0,0.4241,50.0,2242.0,1560.0
2021-01-05 09:41:08.701,0.4248,0.4248,10.0,0.4241,50.0,2242.0,1560.0
2021-01-05 09:41:09.210,0.4248,0.4247,10.0,0.4241,50.0,2242.0,1560.0
2021-01-05 09:41:09.650,0.4241,0.4245,10.0,0.4241,25.0,2267.0,1585.0
2021-01-05 09:41:10.220,0.4241,0.4245,10.0,0.4241,24.0,2268.0,1586.0
2021-01-05 09:41:10.691,0.4241,0.4241,30.0,0.4236,50.0,2286.0,1610.0
2021-01-05 09:41:11.140,0.4236,0.4241,31.0,0.4236,45.0,2291.0,1615.0
2021-01-05 09:41:11.690,0.4236,0.424,10.0,0.4236,45.0,2291.0,1615.0
2021-01-05 09:41:12.120,0.4236,0.424,10.0,0.4236,45.0,2291.0,1615.0
2021-01-05 09:41:12.351,0.4236,0.4244,10.0,0.4236,45.0,2291.0,1615.0
2021-01-05 09:41:13.161,0.4236,0.4243,10.0,0.424,50.0,2291.0,1615.0
2021-01-05 09:41:13.670,0.4243,0.4248,10.0,0.4244,4.0,2291.0,1625.0
2021-01-05 09:41:14.160,0.4243,0.4244,10.0,0.4236,45.0,2295.0,1645.0
2021-01-05 09:41:14.671,0.4244,0.4251,10.0,0.4237,25.0,2295.0,1655.0
2021-01-05 09:41:15.050,0.4244,0.425,10.0,0.4244,10.0,2295.0,1655.0
2021-01-05 09:41:15.371,0.4244,0.425,10.0,0.4241,10.0,2295.0,1655.0
2021-01-05 09:41:16.210,0.4244,0.4256,10.0,0.4242,15.0,2295.0,1655.0
2021-01-05 09:41:16.500,0.4244,0.4252,10.0,0.4237,20.0,2295.0,1655.0
2021-01-05 09:41:17.180,0.4244,0.425,10.0,0.4238,15.0,2295.0,1655.0
2021-01-05 09:41:17.670,0.4244,0.425,10.0,0.4238,15.0,2295.0,1655.0
2021-01-05 09:41:18.141,0.4244,0.425,10.0,0.424,10.0,2295.0,1655.0
2021-01-05 09:41:18.600,0.4244,0.425,10.0,0.4238,15.0,2295.0,1655.0
2021-01-05 09:41:19.161,0.4244,0.4248,10.0,0.4236,65.0,2295.0,1655.0
2021-01-05 09:41:19.570,0.4244,0.4248,35.0,0.4236,65.0,2295.0,1655.0
2021-01-05 09:41:19.960,0.4244,0.4248,10.0,0.4239,10.0,2295.0,1655.0
2021-01-05 09:41:20.721,0.4244,0.4249,25.0,0.4239,10.0,2295.0,1655.0
2021-01-05 09:41:21.190,0.4244,0.4248,15.0,0.4239,10.0,2295.0,1655.0
2021-01-05 09:41:21.551,0.4244,0.4248,15.0,0.4239,10.0,2295.0,1655.0
2021-01-05 09:41:22.190,0.4239,0.4238,4.0,0.4236,45.0,2295.0,1665.0
2021-01-05 09:41:22.250,0.4239,0.4238,4.0,0.4236,45.0,2295.0,1665.0
2021-01-05 09:41:22.980,0.4238,0.4245,25.0,0.4238,5.0,2295.0,1669.0
2021-01-05 09:41:23.610,0.4238,0.4245,20.0,0.4238,10.0,2295.0,1669.0
2021-01-05 09:41:24.171,0.4238,0.4247,15.0,0.4238,10.0,2295.0,1669.0
2021-01-05 09:41:24.651,0.4238,0.4247,10.0,0.4237,10.0,2295.0,1679.0
2021-01-05 09:41:25.120,0.4238,0.4244,10.0,0.4236,45.0,2295.0,1679.0
2021-01-05 09:41:25.641,0.4236,0.4244,10.0,0.4236,40.0,2300.0,1684.0
2021-01-05 09:41:26.190,0.4236,0.4243,35.0,0.4236,12.0,2328.0,1712.0
2021-01-05 09:41:26.670,0.4236,0.4241,10.0,0.4236,12.0,2328.0,1712.0
2021-01-05 09:41:27.131,0.4236,0.424,15.0,0.4236,10.0,2330.0,1714.0
2021-01-05 09:41:27.570,0.4236,0.4237,10.0,0.4224,10.0,2340.0,1724.0
2021-01-05 09:41:28.050,0.4236,0.4236,2.0,0.4226,10.0,2340.0,1724.0
2021-01-05 09:41:28.540,0.4236,0.4237,2.0,0.4227,25.0,2340.0,1724.0
2021-01-05 09:41:29.001,0.4236,0.4237,2.0,0.4227,25.0,2340.0,1724.0
2021-01-05 09:41:30.180,0.4236,0.4237,10.0,0.4227,10.0,2340.0,1724.0
2021-01-05 09:41:30.670,0.4236,0.4236,2.0,0.4227,10.0,2340.0,1724.0
2021-01-05 09:41:31.181,0.4236,0.4236,2.0,0.4228,15.0,2340.0,1724.0
2021-01-05 09:41:31.700,0.4236,0.4236,10.0,0.4227,25.0,2340.0,1724.0
2021-01-05 09:41:32.220,0.4236,0.4236,10.0,0.4227,10.0,2340.0,1724.0
2021-01-05 09:41:32.670,0.4236,0.4238,10.0,0.423,10.0,2340.0,1724.0
2021-01-05 09:41:33.171,0.4236,0.4237,10.0,0.4226,15.0,2340.0,1724.0
2021-01-05 09:41:33.621,0.4236,0.4242,20.0,0.4228,10.0,2340.0,1724.0
2021-01-05 09:41:34.120,0.4236,0.4241,10.0,0.423,10.0,2340.0,1724.0
2021-01-05 09:41:34.720,0.4236,0.4241,10.0,0.423,10.0,2340.0,1724.0
2021-01-05 09:41:35.000,0.423,0.4239,20.0,0.4226,20.0,2340.0,1734.0
2021-01-05 09:41:35.721,0.423,0.4236,10.0,0.422,30.0,2340.0,1734.0
2021-01-05 09:41:35.970,0.423,0.4233,10.0,0.422,30.0,2340.0,1734.0
2021-01-05 09:41:36.620,0.423,0.4228,10.0,0.4216,25.0,2340.0,1734.0
2021-01-05 09:41:37.210,0.423,0.423,15.0,0.4219,10.0,2340.0,1734.0
2021-01-05 09:41:37.711,0.423,0.4228,20.0,0.421,20.0,2340.0,1734.0
2021-01-05 09:41:38.160,0.423,0.4226,10.0,0.421,20.0,2340.0,1734.0
2021-01-05 09:41:38.650,0.423,0.4225,15.0,0.4216,10.0,2340.0,1734.0
2021-01-05 09:41:39.221,0.423,0.4229,20.0,0.4216,10.0,2340.0,1734.0
2021-01-05 09:41:39.501,0.423,0.4227,10.0,0.4216,30.0,2340.0,1734.0
2021-01-05 09:41:40.231,0.423,0.4228,15.0,0.4219,10.0,2340.0,1734.0
2021-01-05 09:41:40.721,0.423,0.4232,10.0,0.4219,10.0,2340.0,1734.0
2021-01-05 09:41:41.130,0.423,0.4231,25.0,0.4219,10.0,2340.0,1734.0
2021-01-05 09:41:41.730,0.423,0.4235,10.0,0.4222,10.0,2340.0,1734.0
2021-01-05 09:41:42.201,0.423,0.4234,15.0,0.4222,10.0,2340.0,1734.0
2021-01-05 09:41:42.690,0.423,0.4238,10.0,0.4224,10.0,2340.0,1734.0
2021-01-05 09:41:43.080,0.423,0.4237,12.0,0.4225,15.0,2340.0,1734.0
2021-01-05 09:41:43.720,0.423,0.4237,12.0,0.4225,15.0,2340.0,1734.0
2021-01-05 09:41:44.220,0.423,0.4237,12.0,0.4225,15.0,2340.0,1734.0
2021-01-05 09:41:44.671,0.423,0.4236,20.0,0.4224,25.0,2340.0,1734.0
2021-01-05 09:41:45.190,0.423,0.4234,20.0,0.4222,20.0,2340.0,1734.0
2021-01-05 09:41:45.701,0.423,0.4237,15.0,0.4223,25.0,2340.0,1734.0
2021-01-05 09:41:46.241,0.423,0.4235,10.0,0.4223,10.0,2340.0,1734.0
2021-01-05 09:41:46.581,0.423,0.4235,10.0,0.4224,15.0,2340.0,1734.0
2021-01-05 09:41:47.201,0.423,0.423,10.0,0.4222,20.0,2340.0,1734.0
2021-01-05 09:41:47.741,0.423,0.423,10.0,0.4222,20.0,2340.0,1734.0
2021-01-05 09:41:48.181,0.423,0.4226,10.0,0.4216,20.0,2340.0,1734.0
2021-01-05 09:41:48.600,0.423,0.4226,10.0,0.4216,20.0,2340.0,1734.0
2021-01-05 09:41:49.191,0.423,0.4228,15.0,0.4219,10.0,2340.0,1734.0
2021-01-05 09:41:49.451,0.423,0.4225,10.0,0.4216,20.0,2340.0,1734.0
2021-01-05 09:41:50.231,0.423,0.4221,20.0,0.4208,20.0,2340.0,1734.0
2021-01-05 09:41:50.751,0.423,0.422,20.0,0.4208,20.0,2340.0,1734.0
2021-01-05 09:41:51.251,0.423,0.4226,20.0,0.4212,10.0,2340.0,1734.0
2021-01-05 09:41:51.760,0.423,0.4226,10.0,0.4208,20.0,2340.0,1734.0
2021-01-05 09:41:52.261,0.423,0.4222,10.0,0.4208,35.0,2340.0,1734.0
2021-01-05 09:41:52.690,0.423,0.4218,20.0,0.4208,20.0,2340.0,1734.0
2021-01-05 09:41:53.151,0.423,0.4215,20.0,0.4208,20.0,2340.0,1734.0
2021-01-05 09:41:53.650,0.423,0.4215,20.0,0.4204,20.0,2340.0,1734.0
2021-01-05 09:41:54.161,0.423,0.4215,10.0,0.4204,35.0,2340.0,1734.0
2021-01-05 09:41:54.591,0.423,0.4214,10.0,0.4204,35.0,2340.0,1734.0
2021-01-05 09:41:55.101,0.423,0.4211,20.0,0.4204,20.0,2340.0,1734.0
2021-01-05 09:41:55.671,0.423,0.4213,15.0,0.42,15.0,2340.0,1734.0
2021-01-05 09:41:56.151,0.423,0.4211,10.0,0.42,15.0,2340.0,1734.0
2021-01-05 09:41:56.670,0.423,0.4217,10.0,0.4204,10.0,2340.0,1734.0
2021-01-05 09:41:57.110,0.423,0.4209,10.0,0.4197,10.0,2340.0,1734.0
2021-01-05 09:41:57.640,0.4209,0.4214,10.0,0.4209,5.0,2347.0,1744.0
2021-01-05 09:41:57.921,0.4209,0.4214,25.0,0.4209,25.0,2347.0,1744.0
2021-01-05 09:41:58.660,0.4209,0.4214,25.0,0.4209,25.0,2347.0,1744.0
2021-01-05 09:41:59.131,0.4209,0.4213,15.0,0.4209,25.0,2347.0,1744.0
2021-01-05 09:41:59.661,0.4209,0.4213,15.0,0.4201,20.0,2347.0,1744.0
2021-01-05 09:42:00.151,0.4209,0.4214,25.0,0.4204,10.0,2347.0,1744.0
2021-01-05 09:42:00.701,0.4209,0.4213,15.0,0.4199,15.0,2347.0,1744.0
2021-01-05 09:42:01.181,0.4209,0.4212,10.0,0.4198,25.0,2347.0,1744.0
2021-01-05 09:42:01.651,0.4209,0.4211,20.0,0.4198,10.0,2347.0,1744.0
2021-01-05 09:42:02.201,0.4209,0.421,15.0,0.4198,10.0,2347.0,1744.0
2021-01-05 09:42:02.641,0.4209,0.421,15.0,0.4198,10.0,2347.0,1744.0
2021-01-05 09:42:03.161,0.4209,0.4209,10.0,0.4198,10.0,2347.0,1744.0
2021-01-05 09:42:03.690,0.4209,0.4211,10.0,0.4199,15.0,2347.0,1744.0
2021-01-05 09:42:04.091,0.4209,0.421,10.0,0.4199,15.0,2347.0,1744.0
2021-01-05 09:42:04.641,0.4209,0.4216,20.0,0.4202,10.0,2347.0,1744.0
2021-01-05 09:42:05.211,0.4209,0.4213,10.0,0.4198,10.0,2347.0,1744.0
2021-01-05 09:42:05.701,0.4209,0.4212,10.0,0.4199,15.0,2347.0,1744.0
2021-01-05 09:42:06.181,0.4209,0.4212,10.0,0.4199,15.0,2347.0,1744.0
2021-01-05 09:42:06.690,0.4209,0.4212,10.0,0.4201,10.0,2347.0,1744.0
2021-01-05 09:42:07.230,0.4209,0.4211,15.0,0.4197,30.0,2347.0,1744.0
2021-01-05 09:42:07.691,0.4209,0.4211,15.0,0.4197,30.0,2347.0,1744.0
2021-01-05 09:42:08.220,0.4209,0.4212,15.0,0.4197,45.0,2347.0,1744.0
2021-01-05 09:42:09.230,0.4209,0.421,25.0,0.4197,20.0,2347.0,1744.0
2021-01-05 09:42:09.570,0.4209,0.4209,15.0,0.4197,20.0,2347.0,1744.0
2021-01-05 09:42:10.200,0.4209,0.421,10.0,0.4197,20.0,2347.0,1744.0
2021-01-05 09:42:10.220,0.4209,0.4209,35.0,0.4197,20.0,2347.0,1744.0
2021-01-05 09:42:11.211,0.4209,0.4206,20.0,0.4197,20.0,2347.0,1744.0
2021-01-05 09:42:11.651,0.4197,0.4203,10.0,0.419,10.0,2347.0,1749.0
2021-01-05 09:42:12.210,0.4197,0.4202,15.0,0.4189,20.0,2347.0,1749.0
2021-01-05 09:42:12.711,0.4197,0.42,10.0,0.4185,30.0,2347.0,1749.0
2021-01-05 09:42:13.170,0.4197,0.4203,10.0,0.419,10.0,2347.0,1749.0
2021-01-05 09:42:13.211,0.4197,0.4206,25.0,0.4196,10.0,2347.0,1749.0
2021-01-05 09:42:14.150,0.4197,0.4205,10.0,0.4196,10.0,2347.0,1749.0
2021-01-05 09:42:14.671,0.4197,0.4205,10.0,0.4196,10.0,2347.0,1749.0
2021-01-05 09:42:15.170,0.4197,0.4205,10.0,0.4196,10.0,2347.0,1749.0
2021-01-05 09:42:16.181,0.4197,0.4205,10.0,0.4196,10.0,2347.0,1749.0
2021-01-05 09:42:16.701,0.4197,0.4204,15.0,0.4191,25.0,2347.0,1749.0
2021-01-05 09:42:17.241,0.4197,0.4206,10.0,0.4194,10.0,2347.0,1749.0
2021-01-05 09:42:17.681,0.4197,0.4205,20.0,0.4194,10.0,2347.0,1749.0
2021-01-05 09:42:18.100,0.4197,0.4205,10.0,0.4194,10.0,2347.0,1749.0
2021-01-05 09:42:18.570,0.4197,0.4211,20.0,0.4196,10.0,2347.0,1749.0
2021-01-05 09:42:19.210,0.4197,0.421,10.0,0.4197,15.0,2347.0,1749.0
2021-01-05 09:42:19.621,0.4197,0.421,10.0,0.4197,15.0,2347.0,1749.0
2021-01-05 09:42:20.150,0.4197,0.421,10.0,0.4197,15.0,2347.0,1749.0
2021-01-05 09:42:20.751,0.4197,0.421,25.0,0.4197,15.0,2347.0,1749.0
2021-01-05 09:42:21.621,0.4197,0.421,10.0,0.4199,10.0,2347.0,1749.0
2021-01-05 09:42:22.221,0.4197,0.4206,10.0,0.4197,15.0,2347.0,1749.0
2021-01-05 09:42:22.570,0.4197,0.4205,10.0,0.4192,10.0,2347.0,1749.0
2021-01-05 09:42:23.191,0.4197,0.4205,10.0,0.4193,15.0,2347.0,1749.0
2021-01-05 09:42:23.631,0.4197,0.4205,10.0,0.4193,15.0,2347.0,1749.0
2021-01-05 09:42:24.151,0.4197,0.4204,10.0,0.4193,15.0,2347.0,1749.0
2021-01-05 09:42:24.670,0.4197,0.4204,10.0,0.419,30.0,2347.0,1749.0
2021-01-05 09:42:25.200,0.4197,0.4203,10.0,0.4191,15.0,2347.0,1749.0
2021-01-05 09:42:25.511,0.4197,0.4202,10.0,0.419,30.0,2347.0,1749.0
2021-01-05 09:42:26.130,0.4197,0.4202,10.0,0.419,35.0,2347.0,1749.0
2021-01-05 09:42:26.641,0.4197,0.4201,10.0,0.419,15.0,2347.0,1749.0
2021-01-05 09:42:27.171,0.4197,0.4201,10.0,0.419,10.0,2347.0,1749.0
2021-01-05 09:42:27.651,0.4197,0.4201,10.0,0.4191,15.0,2347.0,1749.0
2021-01-05 09:42:28.130,0.4197,0.4201,10.0,0.419,25.0,2347.0,1749.0
2021-01-05 09:42:28.641,0.4197,0.4202,10.0,0.4191,15.0,2347.0,1749.0
2021-01-05 09:42:29.680,0.4197,0.4201,10.0,0.419,30.0,2347.0,1749.0
2021-01-05 09:42:30.110,0.4197,0.4202,10.0,0.4191,15.0,2347.0,1749.0
2021-01-05 09:42:30.710,0.4197,0.4202,10.0,0.4191,15.0,2347.0,1749.0
