,last,ask1,asize1,bid1,bsize1,oi,volume
2021-01-05 09:25:00.080,,0.9861,1.0,0.8888,5.0,1092.0,
2021-01-05 09:30:00.451,,0.9879,1.0,0.9261,20.0,1092.0,
2021-01-05 09:30:00.991,,0.9379,20.0,0.8888,5.0,1092.0,
2021-01-05 09:30:01.481,,0.9379,20.0,0.8897,1.0,1092.0,
2021-01-05 09:30:01.990,,0.9343,20.0,0.9226,20.0,1092.0,
2021-01-05 09:30:02.501,,0.9332,20.0,0.9215,20.0,1092.0,
2021-01-05 09:30:03.471,,0.9355,20.0,0.9238,20.0,1092.0,
2021-01-05 09:30:04.430,,0.9345,20.0,0.9228,20.0,1092.0,
2021-01-05 09:30:05.010,,0.9335,20.0,0.9215,20.0,1092.0,
2021-01-05 09:30:05.990,,0.9335,20.0,0.8897,1.0,1092.0,
2021-01-05 09:30:06.480,,0.9315,20.0,0.9198,20.0,1092.0,
2021-01-05 09:30:06.971,,0.9301,20.0,0.9183,20.0,1092.0,
2021-01-05 09:30:08.001,,0.9292,20.0,0.9174,20.0,1092.0,
2021-01-05 09:30:11.521,,0.9281,20.0,0.9164,20.0,1092.0,
2021-01-05 09:30:13.000,,0.9292,20.0,0.918,20.0,1092.0,
2021-01-05 09:30:13.501,,0.9304,20.0,0.918,20.0,1092.0,
2021-01-05 09:30:15.520,,0.9304,20.0,0.9191,20.0,1092.0,
2021-01-05 09:30:15.991,,0.9304,20.0,0.9191,20.0,1092.0,
2021-01-05 09:30:17.021,,0.9316,20.0,0.9191,20.0,1092.0,
2021-01-05 09:30:17.641,,0.9316,20.0,0.9191,20.0,1092.0,
2021-01-05 09:30:18.231,,0.9316,20.0,0.9213,20.0,1092.0,
2021-01-05 09:30:18.750,,0.9316,20.0,0.9213,20.0,1092.0,
2021-01-05 09:30:19.251,,0.933,20.0,0.9213,20.0,1092.0,
2021-01-05 09:30:19.741,,0.9339,20.0,0.9213,20.0,1092.0,
2021-01-05 09:30:21.241,,0.9327,20.0,0.9213,20.0,1092.0,
2021-01-05 09:30:21.741,,0.9339,20.0,0.9213,20.0,1092.0,
2021-01-05 09:30:22.240,,0.9321,20.0,0.9203,20.0,1092.0,
2021-01-05 09:30:23.670,,0.9321,20.0,0.9203,20.0,1092.0,
2021-01-05 09:30:24.161,,0.931,20.0,0.9191,20.0,1092.0,
2021-01-05 09:30:25.160,,0.9299,20.0,0.9182,20.0,1092.0,
2021-01-05 09:30:27.671,,0.9299,20.0,0.9182,20.0,1092.0,
2021-01-05 09:30:30.171,,0.931,20.0,0.9182,20.0,1092.0,
2021-01-05 09:30:30.620,,0.931,20.0,0.9194,20.0,1092.0,
2021-01-05 09:30:31.121,,0.931,20.0,0.9194,20.0,1092.0,
2021-01-05 09:30:32.631,,0.9321,30.0,0.9207,20.0,1092.0,
2021-01-05 09:30:33.171,,0.9321,30.0,0.9207,20.0,1092.0,
2021-01-05 09:30:36.170,,0.9321,30.0,0.9194,20.0,1092.0,
2021-01-05 09:30:37.171,,0.9321,30.0,0.9204,20.0,1092.0,
2021-01-05 09:30:43.480,,0.9321,30.0,0.9204,20.0,1092.0,
2021-01-05 09:30:44.181,,0.9321,30.0,0.9217,20.0,1092.0,
2021-01-05 09:30:44.650,,0.9321,30.0,0.9217,20.0,1092.0,
2021-01-05 09:30:47.691,,0.9321,30.0,0.923,20.0,1092.0,
2021-01-05 09:30:48.200,,0.9321,30.0,0.923,20.0,1092.0,
2021-01-05 09:30:49.210,,0.9321,30.0,0.923,20.0,1092.0,
2021-01-05 09:30:52.651,,0.9321,30.0,0.923,20.0,1092.0,
2021-01-05 09:30:55.081,,0.9321,30.0,0.924,20.0,1092.0,
2021-01-05 09:30:58.140,,0.9321,30.0,0.923,20.0,1092.0,
2021-01-05 09:30:58.660,,0.9321,30.0,0.923,20.0,1092.0,
2021-01-05 09:30:59.640,,0.9321,30.0,0.922,20.0,1092.0,
2021-01-05 09:31:00.161,,0.9321,30.0,0.922,20.0,1092.0,
2021-01-05 09:31:00.681,,0.9321,30.0,0.9233,20.0,1092.0,
2021-01-05 09:31:01.150,,0.9321,30.0,0.922,20.0,1092.0,
2021-01-05 09:31:02.170,,0.9321,10.0,0.9178,10.0,1092.0,
2021-01-05 09:31:02.681,,0.9321,30.0,0.9214,20.0,1092.0,
2021-01-05 09:31:03.680,,0.9321,30.0,0.9204,20.0,1092.0,
2021-01-05 09:31:06.681,,0.9321,30.0,0.9218,20.0,1092.0,
2021-01-05 09:31:08.650,,0.9321,30.0,0.9231,20.0,1092.0,
2021-01-05 09:31:09.101,,0.9321,30.0,0.9218,20.0,1092.0,
2021-01-05 09:31:09.701,,0.9321,30.0,0.9218,20.0,1092.0,
2021-01-05 09:31:10.690,,0.9321,30.0,0.9227,20.0,1092.0,
2021-01-05 09:31:12.711,,0.9321,40.0,0.9218,20.0,1092.0,
2021-01-05 09:31:18.720,,0.9321,40.0,0.9229,20.0,1092.0,
2021-01-05 09:31:19.150,,0.9321,20.0,0.9218,20.0,1092.0,
2021-01-05 09:31:19.721,,0.9321,30.0,0.9229,20.0,1092.0,
2021-01-05 09:31:21.671,,0.9321,30.0,0.9218,20.0,1092.0,
2021-01-05 09:31:23.171,,0.9282,10.0,0.9218,20.0,1092.0,
2021-01-05 09:31:23.640,,0.9282,10.0,0.9218,20.0,1092.0,
2021-01-05 09:31:25.640,,0.9282,10.0,0.9228,20.0,1092.0,
2021-01-05 09:31:28.101,,0.9282,10.0,0.9218,20.0,1092.0,
2021-01-05 09:31:28.610,,0.9282,10.0,0.9218,20.0,1092.0,
2021-01-05 09:31:29.171,,0.9282,10.0,0.9218,20.0,1092.0,
2021-01-05 09:31:30.170,,0.9282,10.0,0.9218,20.0,1092.0,
2021-01-05 09:31:32.191,,0.9282,10.0,0.9218,20.0,1092.0,
2021-01-05 09:31:36.181,,0.9282,10.0,0.9218,20.0,1092.0,
2021-01-05 09:31:36.690,,0.9282,10.0,0.9218,20.0,1092.0,
2021-01-05 09:31:37.191,,0.9282,10.0,0.9218,20.0,1092.0,
2021-01-05 09:31:38.190,,0.9297,10.0,0.9229,20.0,1092.0,
2021-01-05 09:31:39.210,,0.9297,10.0,0.9229,22.0,1092.0,
2021-01-05 09:31:40.200,,0.9297,10.0,0.9229,22.0,1092.0,
2021-01-05 09:31:41.191,,0.9297,10.0,0.9229,22.0,1092.0,
2021-01-05 09:31:41.691,,0.9297,10.0,0.9238,20.0,1092.0,
2021-01-05 09:31:42.211,,0.9297,10.0,0.9239,2.0,1092.0,
2021-01-05 09:31:43.191,,0.9315,20.0,0.9239,2.0,1092.0,
2021-01-05 09:31:44.691,,0.9315,10.0,0.9239,2.0,1092.0,
2021-01-05 09:31:45.170,,0.9315,10.0,0.9239,2.0,1092.0,
2021-01-05 09:31:46.701,,0.9315,10.0,0.9239,2.0,1092.0,
2021-01-05 09:31:50.191,,0.932,20.0,0.9239,2.0,1092.0,
2021-01-05 09:31:50.710,,0.932,20.0,0.9248,20.0,1092.0,
2021-01-05 09:31:51.210,,0.932,20.0,0.9249,2.0,1092.0,
2021-01-05 09:31:52.220,,0.9324,10.0,0.9249,2.0,1092.0,
2021-01-05 09:31:52.621,,0.9327,10.0,0.9249,2.0,1092.0,
2021-01-05 09:31:53.171,,0.9329,20.0,0.9257,20.0,1092.0,
2021-01-05 09:31:53.640,,0.9329,20.0,0.9257,20.0,1092.0,
2021-01-05 09:31:54.151,,0.934,30.0,0.9257,20.0,1092.0,
2021-01-05 09:31:54.641,,0.934,20.0,0.9257,20.0,1092.0,
2021-01-05 09:31:55.150,,0.934,20.0,0.9268,10.0,1092.0,
2021-01-05 09:31:55.670,,0.934,20.0,0.9268,30.0,1092.0,
2021-01-05 09:31:57.171,,0.934,20.0,0.9268,30.0,1092.0,
2021-01-05 09:31:58.171,,0.934,20.0,0.9268,30.0,1092.0,
2021-01-05 09:32:00.650,,0.934,20.0,0.9269,2.0,1092.0,
2021-01-05 09:32:01.670,,0.934,20.0,0.9269,2.0,1092.0,
2021-01-05 09:32:03.180,,0.9347,16.0,0.9268,10.0,1092.0,
2021-01-05 09:32:03.641,,0.9347,36.0,0.9269,20.0,1092.0,
2021-01-05 09:32:04.630,,0.9347,36.0,0.927,2.0,1092.0,
2021-01-05 09:32:06.680,,0.9347,36.0,0.927,22.0,1092.0,
2021-01-05 09:32:09.681,,0.9347,20.0,0.927,22.0,1092.0,
2021-01-05 09:32:10.161,,0.9356,30.0,0.927,22.0,1092.0,
2021-01-05 09:32:10.630,,0.9356,20.0,0.927,22.0,1092.0,
2021-01-05 09:32:13.171,,0.9356,20.0,0.927,22.0,1092.0,
2021-01-05 09:32:14.660,,0.9356,20.0,0.9271,2.0,1092.0,
2021-01-05 09:32:15.171,,0.9356,20.0,0.9271,2.0,1092.0,
2021-01-05 09:32:21.680,,0.9356,20.0,0.927,20.0,1092.0,
2021-01-05 09:32:22.181,,0.9356,20.0,0.927,20.0,1092.0,
2021-01-05 09:32:23.670,,0.9356,20.0,0.9271,2.0,1092.0,
2021-01-05 09:32:25.670,,0.9356,20.0,0.9271,2.0,1092.0,
2021-01-05 09:32:28.171,,0.9356,20.0,0.9271,2.0,1092.0,
2021-01-05 09:32:34.171,,0.9356,20.0,0.9272,2.0,1092.0,
2021-01-05 09:32:41.690,,0.9354,10.0,0.9276,10.0,1092.0,
2021-01-05 09:32:42.201,,0.9354,10.0,0.9277,2.0,1092.0,
2021-01-05 09:32:43.190,,0.9354,10.0,0.9277,2.0,1092.0,
2021-01-05 09:32:44.700,,0.9354,10.0,0.9276,10.0,1092.0,
2021-01-05 09:32:45.580,,0.9354,10.0,0.9277,2.0,1092.0,
2021-01-05 09:32:49.670,,0.9363,10.0,0.9278,10.0,1092.0,
2021-01-05 09:32:50.171,,0.9368,10.0,0.9297,20.0,1092.0,
2021-01-05 09:32:51.170,,0.9368,10.0,0.9298,2.0,1092.0,
2021-01-05 09:32:51.701,,0.9379,20.0,0.9298,2.0,1092.0,
2021-01-05 09:32:52.191,,0.938,10.0,0.9298,2.0,1092.0,
2021-01-05 09:32:52.671,,0.938,30.0,0.9298,22.0,1092.0,
2021-01-05 09:32:54.181,,0.938,30.0,0.9298,20.0,1092.0,
2021-01-05 09:32:54.671,,0.938,20.0,0.9292,10.0,1092.0,
2021-01-05 09:32:55.161,,0.938,20.0,0.9293,2.0,1092.0,
2021-01-05 09:32:55.670,,0.938,20.0,0.9293,2.0,1092.0,
2021-01-05 09:33:00.111,,0.938,20.0,0.9293,2.0,1092.0,
2021-01-05 09:33:02.130,,0.938,20.0,0.9293,2.0,1092.0,
2021-01-05 09:33:03.171,,0.9354,10.0,0.9293,22.0,1092.0,
2021-01-05 09:33:03.681,,0.9354,10.0,0.9293,20.0,1092.0,
2021-01-05 09:33:04.140,,0.9354,30.0,0.9293,20.0,1092.0,
2021-01-05 09:33:04.651,,0.9361,10.0,0.9293,20.0,1092.0,
2021-01-05 09:33:05.181,,0.9354,20.0,0.9293,20.0,1092.0,
2021-01-05 09:33:05.690,,0.9354,20.0,0.9283,20.0,1092.0,
2021-01-05 09:33:07.171,,0.9354,20.0,0.9283,20.0,1092.0,
2021-01-05 09:33:08.191,,0.9361,10.0,0.9281,2.0,1092.0,
2021-01-05 09:33:08.681,,0.9361,10.0,0.9281,22.0,1092.0,
2021-01-05 09:33:10.180,,0.9361,10.0,0.9281,22.0,1092.0,
2021-01-05 09:33:11.670,,0.9355,20.0,0.9281,20.0,1092.0,
2021-01-05 09:33:12.650,,0.9361,10.0,0.9281,20.0,1092.0,
2021-01-05 09:33:14.650,,0.9361,10.0,0.9281,22.0,1092.0,
2021-01-05 09:33:15.651,,0.9326,10.0,0.9281,20.0,1092.0,
2021-01-05 09:33:16.671,,0.9326,30.0,0.9274,10.0,1092.0,
2021-01-05 09:33:17.190,,0.9326,30.0,0.9271,20.0,1092.0,
2021-01-05 09:33:18.160,,0.9326,30.0,0.9257,30.0,1092.0,
2021-01-05 09:33:18.680,,0.9326,30.0,0.9257,30.0,1092.0,
2021-01-05 09:33:19.191,,0.9326,30.0,0.9257,30.0,1092.0,
2021-01-05 09:33:19.660,,0.9326,30.0,0.9257,30.0,1092.0,
2021-01-05 09:33:20.171,,0.9326,30.0,0.9257,30.0,1092.0,
2021-01-05 09:33:21.160,,0.9326,30.0,0.9257,30.0,1092.0,
2021-01-05 09:33:21.681,,0.9326,30.0,0.9257,30.0,1092.0,
2021-01-05 09:33:23.151,,0.9304,10.0,0.9257,20.0,1092.0,
2021-01-05 09:33:24.171,,0.9304,30.0,0.9244,30.0,1092.0,
2021-01-05 09:33:24.661,,0.9304,30.0,0.9244,20.0,1092.0,
2021-01-05 09:33:26.161,,0.9304,30.0,0.9251,16.0,1092.0,
2021-01-05 09:33:27.681,,0.9304,10.0,0.9251,16.0,1092.0,
2021-01-05 09:33:28.180,,0.9315,20.0,0.9257,10.0,1092.0,
2021-01-05 09:33:29.171,,0.9325,20.0,0.9257,30.0,1092.0,
2021-01-05 09:33:35.690,,0.9325,20.0,0.9257,30.0,1092.0,
2021-01-05 09:33:38.621,,0.9325,20.0,0.9257,30.0,1092.0,
2021-01-05 09:33:39.201,,0.9325,10.0,0.9257,30.0,1092.0,
2021-01-05 09:33:40.160,,0.9325,10.0,0.9257,30.0,1092.0,
2021-01-05 09:33:40.690,,0.9326,20.0,0.9257,20.0,1092.0,
2021-01-05 09:33:42.640,,0.9326,20.0,0.9257,20.0,1092.0,
2021-01-05 09:33:44.110,,0.9326,20.0,0.9257,20.0,1092.0,
2021-01-05 09:33:44.671,,0.9326,20.0,0.9257,20.0,1092.0,
2021-01-05 09:33:46.680,,0.9326,20.0,0.9258,2.0,1092.0,
2021-01-05 09:33:48.171,,0.9326,20.0,0.9258,2.0,1092.0,
2021-01-05 09:33:50.180,,0.9326,20.0,0.9276,10.0,1092.0,
2021-01-05 09:33:51.141,,0.9326,20.0,0.9276,30.0,1092.0,
2021-01-05 09:33:51.581,,0.9326,20.0,0.9276,30.0,1092.0,
2021-01-05 09:33:57.171,,0.9326,20.0,0.9276,20.0,1092.0,
2021-01-05 09:33:58.170,,0.9326,20.0,0.9266,16.0,1092.0,
2021-01-05 09:33:58.670,,0.9343,36.0,0.9266,36.0,1092.0,
2021-01-05 09:34:00.671,,0.9343,36.0,0.9276,20.0,1092.0,
2021-01-05 09:34:01.081,,0.9343,36.0,0.9276,20.0,1092.0,
2021-01-05 09:34:01.661,,0.9343,36.0,0.9266,36.0,1092.0,
2021-01-05 09:34:02.170,,0.9343,36.0,0.9276,20.0,1092.0,
2021-01-05 09:34:02.671,,0.9343,36.0,0.9266,36.0,1092.0,
2021-01-05 09:34:03.670,,0.9343,36.0,0.9267,2.0,1092.0,
2021-01-05 09:34:06.671,,0.9343,20.0,0.9295,10.0,1092.0,
2021-01-05 09:34:07.130,,0.9352,30.0,0.9295,30.0,1092.0,
2021-01-05 09:34:07.651,,0.9352,20.0,0.9295,30.0,1092.0,
2021-01-05 09:34:08.171,,0.9352,20.0,0.9296,2.0,1092.0,
2021-01-05 09:34:08.690,,0.9357,16.0,0.9296,2.0,1092.0,
2021-01-05 09:34:09.170,,0.9357,16.0,0.9296,2.0,1092.0,
2021-01-05 09:34:09.670,,0.9357,16.0,0.9295,30.0,1092.0,
2021-01-05 09:34:10.690,,0.9357,16.0,0.9295,30.0,1092.0,
2021-01-05 09:34:12.640,,0.9357,16.0,0.9295,30.0,1092.0,
2021-01-05 09:34:13.191,,0.9357,16.0,0.9295,30.0,1092.0,
2021-01-05 09:34:14.181,,0.9357,16.0,0.9295,30.0,1092.0,
2021-01-05 09:34:14.691,,0.934,10.0,0.928,16.0,1092.0,
2021-01-05 09:34:15.181,,0.934,10.0,0.9292,20.0,1092.0,
2021-01-05 09:34:15.681,,0.934,10.0,0.928,16.0,1092.0,
2021-01-05 09:34:16.190,,0.934,10.0,0.928,18.0,1092.0,
2021-01-05 09:34:17.181,,0.934,10.0,0.928,18.0,1092.0,
2021-01-05 09:34:19.700,,0.934,10.0,0.928,18.0,1092.0,
2021-01-05 09:34:21.690,,0.9357,46.0,0.9294,10.0,1092.0,
2021-01-05 09:34:22.151,,0.9357,46.0,0.9295,2.0,1092.0,
2021-01-05 09:34:22.651,,0.9357,36.0,0.9295,2.0,1092.0,
2021-01-05 09:34:28.120,,0.9357,36.0,0.9294,30.0,1092.0,
2021-01-05 09:34:28.621,,0.9357,36.0,0.9295,2.0,1092.0,
2021-01-05 09:34:29.171,,0.9357,36.0,0.9294,30.0,1092.0,
2021-01-05 09:34:29.601,,0.9357,36.0,0.9294,30.0,1092.0,
2021-01-05 09:34:30.141,,0.9357,36.0,0.9294,30.0,1092.0,
2021-01-05 09:34:33.691,,0.9357,20.0,0.9297,16.0,1092.0,
2021-01-05 09:34:34.171,,0.9357,20.0,0.9297,16.0,1092.0,
2021-01-05 09:34:34.640,,0.9357,20.0,0.9297,16.0,1092.0,
2021-01-05 09:34:35.130,,0.9357,20.0,0.9298,2.0,1092.0,
2021-01-05 09:34:35.670,,0.9357,20.0,0.9298,2.0,1092.0,
2021-01-05 09:34:36.171,,0.9357,20.0,0.9298,2.0,1092.0,
2021-01-05 09:34:37.161,,0.9362,10.0,0.9298,2.0,1092.0,
2021-01-05 09:34:37.700,,0.9366,20.0,0.9316,10.0,1092.0,
2021-01-05 09:34:38.171,,0.9366,20.0,0.9316,32.0,1092.0,
2021-01-05 09:34:39.091,,0.9366,20.0,0.9316,22.0,1092.0,
2021-01-05 09:34:39.470,,0.9366,20.0,0.9316,22.0,1092.0,
2021-01-05 09:34:40.171,,0.9377,30.0,0.9316,22.0,1092.0,
2021-01-05 09:34:40.601,,0.9377,20.0,0.9316,22.0,1092.0,
2021-01-05 09:34:41.201,,0.9388,36.0,0.9316,22.0,1092.0,
2021-01-05 09:34:41.700,,0.9388,36.0,0.9316,22.0,1092.0,
2021-01-05 09:34:42.680,,0.9388,36.0,0.9316,28.0,1092.0,
2021-01-05 09:34:44.151,,0.9388,36.0,0.9316,22.0,1092.0,
2021-01-05 09:34:47.181,,0.9388,36.0,0.9316,28.0,1092.0,
2021-01-05 09:34:47.701,,0.9388,36.0,0.9316,22.0,1092.0,
2021-01-05 09:34:48.141,,0.9388,36.0,0.9317,2.0,1092.0,
2021-01-05 09:34:48.700,,0.9388,36.0,0.9317,2.0,1092.0,
2021-01-05 09:34:49.701,,0.9388,36.0,0.9317,2.0,1092.0,
2021-01-05 09:34:50.220,,0.9388,36.0,0.9317,2.0,1092.0,
2021-01-05 09:34:54.631,,0.9388,20.0,0.934,10.0,1092.0,
2021-01-05 09:34:55.161,,0.94,30.0,0.9341,2.0,1092.0,
2021-01-05 09:34:55.680,,0.94,30.0,0.9341,2.0,1092.0,
2021-01-05 09:34:56.141,,0.94,20.0,0.9341,2.0,1092.0,
2021-01-05 09:34:56.681,,0.9409,10.0,0.9347,16.0,1092.0,
2021-01-05 09:34:57.130,,0.9409,10.0,0.9347,16.0,1092.0,
2021-01-05 09:34:57.670,,0.9409,10.0,0.9347,22.0,1092.0,
2021-01-05 09:34:58.160,,0.9409,10.0,0.9348,2.0,1092.0,
2021-01-05 09:34:58.640,,0.9409,10.0,0.9348,2.0,1092.0,
2021-01-05 09:34:59.170,,0.9409,10.0,0.9348,2.0,1092.0,
2021-01-05 09:35:00.160,,0.9409,10.0,0.9348,8.0,1092.0,
2021-01-05 09:35:00.640,,0.9414,20.0,0.9362,10.0,1092.0,
2021-01-05 09:35:01.170,,0.9424,36.0,0.9362,30.0,1092.0,
2021-01-05 09:35:01.620,,0.9424,36.0,0.9362,30.0,1092.0,
2021-01-05 09:35:02.680,,0.9424,36.0,0.9362,30.0,1092.0,
2021-01-05 09:35:03.180,,0.9424,36.0,0.9362,30.0,1092.0,
2021-01-05 09:35:03.660,,0.9406,10.0,0.9351,20.0,1092.0,
2021-01-05 09:35:04.181,,0.9406,20.0,0.9348,2.0,1092.0,
2021-01-05 09:35:05.180,,0.9406,20.0,0.9348,2.0,1092.0,
2021-01-05 09:35:05.671,,0.9406,20.0,0.9345,2.0,1092.0,
2021-01-05 09:35:06.180,,0.9406,20.0,0.9345,2.0,1092.0,
2021-01-05 09:35:07.131,,0.9406,20.0,0.9351,16.0,1092.0,
2021-01-05 09:35:07.650,,0.9406,20.0,0.9362,16.0,1092.0,
2021-01-05 09:35:08.190,,0.9419,16.0,0.9362,36.0,1092.0,
2021-01-05 09:35:09.191,,0.9424,20.0,0.9374,16.0,1092.0,
2021-01-05 09:35:09.700,,0.9424,20.0,0.9374,18.0,1092.0,
2021-01-05 09:35:10.180,,0.9424,20.0,0.9374,38.0,1092.0,
2021-01-05 09:35:10.691,,0.9424,20.0,0.9374,36.0,1092.0,
2021-01-05 09:35:11.160,,0.9424,20.0,0.9374,36.0,1092.0,
2021-01-05 09:35:12.101,,0.9424,20.0,0.9374,42.0,1092.0,
2021-01-05 09:35:12.691,,0.9424,20.0,0.9374,36.0,1092.0,
2021-01-05 09:35:13.640,,0.9424,20.0,0.9374,36.0,1092.0,
2021-01-05 09:35:14.191,,0.9415,16.0,0.9374,20.0,1092.0,
2021-01-05 09:35:14.700,,0.9415,16.0,0.9358,16.0,1092.0,
2021-01-05 09:35:15.200,,0.9415,36.0,0.9358,16.0,1092.0,
2021-01-05 09:35:15.701,,0.9415,16.0,0.9359,2.0,1092.0,
2021-01-05 09:35:16.151,,0.9415,36.0,0.9359,2.0,1092.0,
2021-01-05 09:35:17.680,,0.9415,36.0,0.9359,2.0,1092.0,
2021-01-05 09:35:18.681,,0.9415,36.0,0.9358,16.0,1092.0,
2021-01-05 09:35:19.180,,0.9415,36.0,0.9358,16.0,1092.0,
2021-01-05 09:35:20.170,,0.9415,36.0,0.9358,16.0,1092.0,
2021-01-05 09:35:20.690,,0.9415,36.0,0.9359,2.0,1092.0,
2021-01-05 09:35:21.620,,0.9415,36.0,0.9359,2.0,1092.0,
2021-01-05 09:35:22.171,,0.9415,20.0,0.937,16.0,1092.0,
2021-01-05 09:35:22.650,,0.9415,20.0,0.9371,2.0,1092.0,
2021-01-05 09:35:23.151,,0.9427,16.0,0.9371,22.0,1092.0,
2021-01-05 09:35:23.680,,0.9427,16.0,0.9371,22.0,1092.0,
2021-01-05 09:35:24.171,,0.9427,16.0,0.9371,20.0,1092.0,
2021-01-05 09:35:24.671,,0.9427,16.0,0.9371,20.0,1092.0,
2021-01-05 09:35:27.641,,0.9427,16.0,0.9372,2.0,1092.0,
2021-01-05 09:35:34.691,,0.9428,10.0,0.9381,16.0,1092.0,
2021-01-05 09:35:35.200,,0.9428,10.0,0.9382,2.0,1092.0,
2021-01-05 09:35:35.600,,0.9432,20.0,0.9382,12.0,1092.0,
2021-01-05 09:35:36.620,,0.9432,20.0,0.9382,12.0,1092.0,
2021-01-05 09:35:40.191,,0.9432,20.0,0.9382,10.0,1092.0,
2021-01-05 09:35:40.691,,0.9432,20.0,0.9382,10.0,1092.0,
2021-01-05 09:35:41.680,,0.9432,20.0,0.9382,10.0,1092.0,
2021-01-05 09:35:42.160,,0.9432,20.0,0.9382,12.0,1092.0,
2021-01-05 09:35:43.661,,0.9432,20.0,0.9382,10.0,1092.0,
2021-01-05 09:35:44.681,,0.9432,20.0,0.9383,2.0,1092.0,
2021-01-05 09:35:45.071,,0.9432,20.0,0.9383,2.0,1092.0,
2021-01-05 09:35:45.670,,0.9432,20.0,0.9393,16.0,1092.0,
2021-01-05 09:35:46.170,,0.945,36.0,0.9393,36.0,1092.0,
2021-01-05 09:35:46.700,,0.945,36.0,0.9394,2.0,1092.0,
2021-01-05 09:35:48.181,,0.945,20.0,0.9404,16.0,1092.0,
2021-01-05 09:35:48.650,,0.945,20.0,0.9404,16.0,1092.0,
2021-01-05 09:35:49.180,,0.945,20.0,0.9404,36.0,1092.0,
2021-01-05 09:35:49.701,,0.945,20.0,0.9405,2.0,1092.0,
2021-01-05 09:35:51.710,,0.945,20.0,0.9404,36.0,1092.0,
2021-01-05 09:35:52.661,,0.945,20.0,0.9404,36.0,1092.0,
2021-01-05 09:35:53.111,,0.945,20.0,0.9404,36.0,1092.0,
2021-01-05 09:35:54.161,,0.945,20.0,0.9404,36.0,1092.0,
2021-01-05 09:35:54.640,,0.945,36.0,0.9404,20.0,1092.0,
2021-01-05 09:35:55.181,,0.945,36.0,0.9393,36.0,1092.0,
2021-01-05 09:35:56.140,,0.9439,16.0,0.9393,20.0,1092.0,
2021-01-05 09:35:56.690,,0.9439,16.0,0.9393,20.0,1092.0,
2021-01-05 09:35:57.160,,0.9439,36.0,0.9393,20.0,1092.0,
2021-01-05 09:35:57.681,,0.9439,36.0,0.9393,20.0,1092.0,
2021-01-05 09:35:59.640,,0.9439,20.0,0.9394,16.0,1092.0,
2021-01-05 09:36:00.611,,0.945,20.0,0.9395,2.0,1092.0,
2021-01-05 09:36:01.671,,0.945,20.0,0.9395,2.0,1092.0,
2021-01-05 09:36:02.170,,0.945,20.0,0.9395,2.0,1092.0,
2021-01-05 09:36:02.701,,0.945,20.0,0.9394,16.0,1092.0,
2021-01-05 09:36:04.201,,0.944,16.0,0.9393,20.0,1092.0,
2021-01-05 09:36:04.670,,0.944,16.0,0.9393,20.0,1092.0,
2021-01-05 09:36:05.150,,0.944,36.0,0.9383,36.0,1092.0,
2021-01-05 09:36:05.690,,0.944,36.0,0.9383,36.0,1092.0,
2021-01-05 09:36:06.700,,0.944,36.0,0.9383,36.0,1092.0,
2021-01-05 09:36:21.691,,0.944,36.0,0.9383,36.0,1092.0,
2021-01-05 09:36:24.171,,0.944,36.0,0.9383,36.0,1092.0,
2021-01-05 09:36:26.171,,0.944,36.0,0.9383,36.0,1092.0,
2021-01-05 09:36:26.651,,0.944,36.0,0.9383,36.0,1092.0,
2021-01-05 09:36:27.690,,0.944,36.0,0.9383,42.0,1092.0,
2021-01-05 09:36:28.120,,0.944,20.0,0.9396,16.0,1092.0,
2021-01-05 09:36:28.681,,0.944,20.0,0.9396,16.0,1092.0,
2021-01-05 09:36:29.171,,0.945,20.0,0.9396,36.0,1092.0,
2021-01-05 09:36:29.661,,0.945,20.0,0.9396,16.0,1092.0,
2021-01-05 09:36:30.161,,0.945,20.0,0.9396,36.0,1092.0,
2021-01-05 09:36:30.700,,0.945,20.0,0.9396,22.0,1092.0,
2021-01-05 09:36:31.181,,0.945,20.0,0.9396,36.0,1092.0,
2021-01-05 09:36:36.700,,0.945,20.0,0.9399,10.0,1092.0,
2021-01-05 09:36:37.691,,0.945,20.0,0.94,2.0,1092.0,
2021-01-05 09:36:38.120,,0.945,20.0,0.94,2.0,1092.0,
2021-01-05 09:36:40.191,,0.945,20.0,0.94,2.0,1092.0,
2021-01-05 09:36:46.190,,0.945,20.0,0.9408,16.0,1092.0,
2021-01-05 09:36:46.651,,0.945,20.0,0.9409,2.0,1092.0,
2021-01-05 09:36:47.130,,0.9465,36.0,0.9409,2.0,1092.0,
2021-01-05 09:36:47.660,,0.9465,36.0,0.9421,10.0,1092.0,
2021-01-05 09:36:48.630,,0.9465,36.0,0.9421,30.0,1092.0,
2021-01-05 09:36:49.700,,0.9465,36.0,0.9421,32.0,1092.0,
2021-01-05 09:36:50.201,,0.9465,36.0,0.9421,32.0,1092.0,
2021-01-05 09:36:53.680,,0.9465,20.0,0.9421,32.0,1092.0,
2021-01-05 09:36:54.631,,0.9477,36.0,0.9421,30.0,1092.0,
2021-01-05 09:36:55.171,,0.9477,36.0,0.9421,30.0,1092.0,
2021-01-05 09:36:55.651,,0.9477,36.0,0.9421,20.0,1092.0,
2021-01-05 09:36:57.630,,0.9477,20.0,0.9421,20.0,1092.0,
2021-01-05 09:36:58.080,,0.9466,16.0,0.9421,20.0,1092.0,
2021-01-05 09:36:58.610,,0.9466,36.0,0.9421,20.0,1092.0,
2021-01-05 09:36:59.181,,0.9466,36.0,0.9422,2.0,1092.0,
2021-01-05 09:36:59.690,,0.9466,36.0,0.9422,2.0,1092.0,
2021-01-05 09:37:01.640,,0.9466,36.0,0.9418,20.0,1092.0,
2021-01-05 09:37:02.191,,0.9466,36.0,0.9418,20.0,1092.0,
2021-01-05 09:37:02.640,,0.9466,36.0,0.9409,16.0,1092.0,
2021-01-05 09:37:03.151,,0.9466,36.0,0.9417,22.0,1092.0,
2021-01-05 09:37:03.630,,0.9466,36.0,0.9409,16.0,1092.0,
2021-01-05 09:37:03.891,,0.9466,36.0,0.9409,18.0,1092.0,
2021-01-05 09:37:04.690,,0.9466,36.0,0.9409,16.0,1092.0,
2021-01-05 09:37:05.701,,0.9455,16.0,0.9398,16.0,1092.0,
2021-01-05 09:37:06.171,,0.9455,36.0,0.9398,16.0,1092.0,
2021-01-05 09:37:06.700,,0.9455,36.0,0.9398,16.0,1092.0,
2021-01-05 09:37:08.200,,0.9455,36.0,0.9398,18.0,1092.0,
2021-01-05 09:37:09.170,,0.9455,20.0,0.9409,16.0,1092.0,
2021-01-05 09:37:09.660,,0.9466,36.0,0.9409,36.0,1092.0,
2021-01-05 09:37:10.140,,0.9466,36.0,0.9409,16.0,1092.0,
2021-01-05 09:37:11.201,,0.9455,16.0,0.9398,18.0,1092.0,
2021-01-05 09:37:12.131,,0.9455,36.0,0.9398,16.0,1092.0,
2021-01-05 09:37:12.261,,0.9455,36.0,0.9398,16.0,1092.0,
2021-01-05 09:37:14.701,,0.9455,36.0,0.9399,2.0,1092.0,
2021-01-05 09:37:15.700,,0.9455,36.0,0.9399,2.0,1092.0,
2021-01-05 09:37:16.201,,0.9455,36.0,0.9399,8.0,1092.0,
2021-01-05 09:37:16.461,,0.9455,36.0,0.9398,16.0,1092.0,
2021-01-05 09:37:19.711,,0.9455,36.0,0.9399,2.0,1092.0,
2021-01-05 09:37:20.211,,0.9455,36.0,0.9399,2.0,1092.0,
2021-01-05 09:37:21.200,,0.9455,36.0,0.9398,16.0,1092.0,
2021-01-05 09:37:23.150,,0.9455,36.0,0.9398,16.0,1092.0,
2021-01-05 09:37:25.200,,0.9455,36.0,0.9398,16.0,1092.0,
2021-01-05 09:37:26.650,,0.9455,36.0,0.9398,16.0,1092.0,
2021-01-05 09:37:27.551,,0.9455,36.0,0.9398,16.0,1092.0,
2021-01-05 09:37:28.560,,0.9455,36.0,0.9398,16.0,1092.0,
2021-01-05 09:37:29.130,,0.9455,36.0,0.9398,16.0,1092.0,
2021-01-05 09:37:30.191,,0.9455,36.0,0.9398,16.0,1092.0,
2021-01-05 09:37:30.650,,0.9455,36.0,0.9398,16.0,1092.0,
2021-01-05 09:37:31.190,,0.9455,36.0,0.9398,16.0,1092.0,
2021-01-05 09:37:31.691,,0.9455,36.0,0.9398,16.0,1092.0,
2021-01-05 09:37:36.200,,0.9455,36.0,0.9399,2.0,1092.0,
2021-01-05 09:37:37.180,,0.9455,36.0,0.9398,16.0,1092.0,
2021-01-05 09:37:37.691,,0.9455,36.0,0.9398,16.0,1092.0,
2021-01-05 09:37:39.170,,0.9444,16.0,0.9397,20.0,1092.0,
2021-01-05 09:37:40.161,,0.9444,36.0,0.9397,20.0,1092.0,
2021-01-05 09:37:40.701,,0.9444,36.0,0.9397,20.0,1092.0,
2021-01-05 09:37:41.131,,0.9444,36.0,0.9397,20.0,1092.0,
2021-01-05 09:37:43.671,,0.9444,36.0,0.9392,16.0,1092.0,
2021-01-05 09:37:44.651,,0.9435,16.0,0.9388,20.0,1092.0,
2021-01-05 09:37:45.191,,0.9435,36.0,0.9388,20.0,1092.0,
2021-01-05 09:37:46.601,,0.9435,36.0,0.9388,20.0,1092.0,
2021-01-05 09:37:51.691,,0.9435,20.0,0.9396,16.0,1092.0,
2021-01-05 09:37:52.660,,0.9443,10.0,0.9396,16.0,1092.0,
2021-01-05 09:37:56.611,,0.9443,10.0,0.9396,16.0,1092.0,
2021-01-05 09:37:57.170,,0.9436,16.0,0.9388,20.0,1092.0,
2021-01-05 09:37:57.601,,0.9436,16.0,0.9388,20.0,1092.0,
2021-01-05 09:37:59.161,,0.9436,16.0,0.9388,20.0,1092.0,
2021-01-05 09:38:06.691,,0.9443,10.0,0.9395,16.0,1092.0,
2021-01-05 09:38:07.690,,0.9446,16.0,0.9395,16.0,1092.0,
2021-01-05 09:38:08.151,,0.9446,36.0,0.9395,36.0,1092.0,
2021-01-05 09:38:09.160,,0.9446,20.0,0.9406,16.0,1092.0,
2021-01-05 09:38:09.681,,0.9446,20.0,0.9406,16.0,1092.0,
2021-01-05 09:38:10.180,,0.9458,36.0,0.9406,36.0,1092.0,
2021-01-05 09:38:12.191,,0.9458,36.0,0.9406,36.0,1092.0,
2021-01-05 09:38:13.110,,0.9458,36.0,0.9406,42.0,1092.0,
2021-01-05 09:38:13.690,,0.9458,36.0,0.9406,42.0,1092.0,
2021-01-05 09:38:14.691,,0.9458,36.0,0.9406,36.0,1092.0,
2021-01-05 09:38:15.150,,0.9468,36.0,0.9416,16.0,1092.0,
2021-01-05 09:38:15.730,,0.9468,36.0,0.9416,16.0,1092.0,
2021-01-05 09:38:16.210,,0.9468,36.0,0.9416,36.0,1092.0,
2021-01-05 09:38:16.731,,0.9468,36.0,0.9416,16.0,1092.0,
2021-01-05 09:38:17.190,,0.9468,36.0,0.9416,36.0,1092.0,
2021-01-05 09:38:17.701,,0.9468,36.0,0.9416,16.0,1092.0,
2021-01-05 09:38:18.231,,0.9468,36.0,0.9416,36.0,1092.0,
2021-01-05 09:38:18.660,,0.9468,36.0,0.9416,16.0,1092.0,
2021-01-05 09:38:19.230,,0.9468,36.0,0.9416,36.0,1092.0,
2021-01-05 09:38:19.670,,0.9468,36.0,0.9416,22.0,1092.0,
2021-01-05 09:38:20.231,,0.9468,36.0,0.9416,36.0,1092.0,
2021-01-05 09:38:20.690,,0.9468,36.0,0.9416,42.0,1092.0,
2021-01-05 09:38:21.240,,0.9468,36.0,0.9416,36.0,1092.0,
2021-01-05 09:38:21.670,,0.9468,20.0,0.9426,16.0,1092.0,
2021-01-05 09:38:22.210,,0.9477,16.0,0.9426,16.0,1092.0,
2021-01-05 09:38:22.661,,0.9477,16.0,0.9426,36.0,1092.0,
2021-01-05 09:38:24.690,,0.9481,20.0,0.9436,16.0,1092.0,
2021-01-05 09:38:25.101,,0.9481,20.0,0.9436,36.0,1092.0,
2021-01-05 09:38:26.701,,0.9481,20.0,0.9436,36.0,1092.0,
2021-01-05 09:38:28.171,,0.9481,20.0,0.9436,42.0,1092.0,
2021-01-05 09:38:28.680,,0.9481,20.0,0.9436,36.0,1092.0,
2021-01-05 09:38:32.171,,0.9481,20.0,0.9436,36.0,1092.0,
2021-01-05 09:38:32.701,,0.9481,20.0,0.9436,36.0,1092.0,
2021-01-05 09:38:33.700,,0.9499,20.0,0.9449,16.0,1092.0,
2021-01-05 09:38:34.201,,0.9499,20.0,0.9449,36.0,1092.0,
2021-01-05 09:38:34.681,,0.9499,20.0,0.9449,36.0,1092.0,
2021-01-05 09:38:35.700,,0.951,20.0,0.9461,16.0,1092.0,
2021-01-05 09:38:36.130,,0.951,20.0,0.9461,36.0,1092.0,
2021-01-05 09:38:37.131,,0.951,20.0,0.9461,36.0,1092.0,
2021-01-05 09:38:37.680,,0.951,20.0,0.9461,42.0,1092.0,
2021-01-05 09:38:38.161,,0.951,20.0,0.9461,36.0,1092.0,
2021-01-05 09:38:39.161,,0.952,20.0,0.9471,16.0,1092.0,
2021-01-05 09:38:40.201,,0.9525,16.0,0.9472,2.0,1092.0,
2021-01-05 09:38:40.670,,0.9536,16.0,0.9482,16.0,1092.0,
2021-01-05 09:38:41.190,,0.9536,16.0,0.9482,36.0,1092.0,
2021-01-05 09:38:41.670,,0.9536,16.0,0.9482,36.0,1092.0,
2021-01-05 09:38:44.200,,0.9536,16.0,0.9482,36.0,1092.0,
2021-01-05 09:38:45.580,,0.9525,16.0,0.9482,20.0,1092.0,
2021-01-05 09:38:46.200,,0.9525,36.0,0.9471,36.0,1092.0,
2021-01-05 09:38:46.631,,0.9525,36.0,0.9471,36.0,1092.0,
2021-01-05 09:38:47.140,,0.9525,36.0,0.9471,36.0,1092.0,
2021-01-05 09:38:48.650,,0.9513,16.0,0.9471,20.0,1092.0,
2021-01-05 09:38:49.130,,0.9513,36.0,0.9461,20.0,1092.0,
2021-01-05 09:38:49.670,,0.9513,36.0,0.9461,20.0,1092.0,
2021-01-05 09:38:50.110,,0.9513,36.0,0.9461,20.0,1092.0,
2021-01-05 09:38:50.651,,0.9513,36.0,0.9461,20.0,1092.0,
2021-01-05 09:38:51.170,,0.9513,36.0,0.9461,20.0,1092.0,
2021-01-05 09:38:51.691,,0.9513,16.0,0.9461,20.0,1092.0,
2021-01-05 09:38:52.150,,0.9525,20.0,0.9472,16.0,1092.0,
2021-01-05 09:38:53.191,,0.9525,20.0,0.9472,36.0,1092.0,
2021-01-05 09:38:54.200,,0.9525,20.0,0.9472,42.0,1092.0,
2021-01-05 09:38:54.690,,0.9526,16.0,0.9472,36.0,1092.0,
2021-01-05 09:38:55.191,,0.9526,16.0,0.9472,36.0,1092.0,
2021-01-05 09:38:55.700,,0.9534,20.0,0.9483,16.0,1092.0,
2021-01-05 09:38:56.190,,0.9534,20.0,0.9483,36.0,1092.0,
2021-01-05 09:38:57.640,,0.9534,20.0,0.9483,36.0,1092.0,
2021-01-05 09:38:58.670,,0.9524,16.0,0.9473,16.0,1092.0,
2021-01-05 09:38:59.060,,0.9524,36.0,0.9473,16.0,1092.0,
2021-01-05 09:39:00.660,,0.9524,36.0,0.9473,16.0,1092.0,
2021-01-05 09:39:02.660,,0.9524,36.0,0.9473,16.0,1092.0,
2021-01-05 09:39:03.150,,0.9524,36.0,0.9473,16.0,1092.0,
2021-01-05 09:39:09.601,,0.9524,36.0,0.9473,16.0,1092.0,
2021-01-05 09:39:10.191,,0.9524,36.0,0.9473,16.0,1092.0,
2021-01-05 09:39:10.721,,0.9524,36.0,0.9473,16.0,1092.0,
2021-01-05 09:39:13.720,,0.9524,36.0,0.9473,16.0,1092.0,
2021-01-05 09:39:14.160,,0.9524,36.0,0.9474,2.0,1092.0,
2021-01-05 09:39:15.220,,0.9524,20.0,0.9483,16.0,1092.0,
2021-01-05 09:39:15.720,,0.9524,20.0,0.9483,16.0,1092.0,
2021-01-05 09:39:16.121,,0.9534,20.0,0.9483,36.0,1092.0,
2021-01-05 09:39:16.721,,0.9534,20.0,0.9483,16.0,1092.0,
2021-01-05 09:39:17.191,,0.9534,20.0,0.9483,36.0,1092.0,
2021-01-05 09:39:17.650,,0.9534,20.0,0.9483,16.0,1092.0,
2021-01-05 09:39:18.221,,0.9534,20.0,0.9483,16.0,1092.0,
2021-01-05 09:39:19.710,,0.9534,20.0,0.9483,36.0,1092.0,
2021-01-05 09:39:20.741,,0.9534,20.0,0.9485,10.0,1092.0,
2021-01-05 09:39:21.231,,0.9534,20.0,0.9485,10.0,1092.0,
2021-01-05 09:39:21.671,,0.9534,20.0,0.9485,12.0,1092.0,
2021-01-05 09:39:22.211,,0.9534,20.0,0.9485,10.0,1092.0,
2021-01-05 09:39:23.200,,0.9534,20.0,0.9485,10.0,1092.0,
2021-01-05 09:39:24.151,,0.9534,20.0,0.9485,10.0,1092.0,
2021-01-05 09:39:25.700,,0.9534,20.0,0.9485,10.0,1092.0,
2021-01-05 09:39:26.130,,0.9534,20.0,0.9485,12.0,1092.0,
2021-01-05 09:39:26.681,,0.9534,20.0,0.9485,10.0,1092.0,
2021-01-05 09:39:27.711,,0.9534,20.0,0.9485,10.0,1092.0,
2021-01-05 09:39:29.231,,0.9534,20.0,0.9485,10.0,1092.0,
2021-01-05 09:39:29.721,,0.9534,20.0,0.9485,10.0,1092.0,
2021-01-05 09:39:30.721,,0.9534,20.0,0.9485,10.0,1092.0,
2021-01-05 09:39:35.701,,0.9534,20.0,0.9483,36.0,1092.0,
2021-01-05 09:39:36.660,,0.9534,20.0,0.9483,36.0,1092.0,
2021-01-05 09:39:41.220,,0.9525,16.0,0.9483,20.0,1092.0,
2021-01-05 09:39:41.750,,0.9525,16.0,0.948,2.0,1092.0,
2021-01-05 09:39:42.210,,0.9525,36.0,0.9473,16.0,1092.0,
2021-01-05 09:39:42.740,,0.9525,16.0,0.9473,16.0,1092.0,
2021-01-05 09:39:43.191,,0.9525,36.0,0.9473,16.0,1092.0,
2021-01-05 09:39:44.680,,0.9525,36.0,0.9473,16.0,1092.0,
2021-01-05 09:39:46.190,,0.9525,36.0,0.9473,18.0,1092.0,
2021-01-05 09:39:46.711,,0.9525,20.0,0.9483,16.0,1092.0,
2021-01-05 09:39:47.250,,0.9525,20.0,0.9483,16.0,1092.0,
2021-01-05 09:39:47.731,,0.9534,36.0,0.9483,16.0,1092.0,
2021-01-05 09:39:48.221,,0.9534,36.0,0.9483,16.0,1092.0,
2021-01-05 09:39:48.720,,0.9534,36.0,0.9483,16.0,1092.0,
2021-01-05 09:39:49.241,,0.9534,36.0,0.9483,16.0,1092.0,
2021-01-05 09:39:49.711,,0.9534,36.0,0.9483,18.0,1092.0,
2021-01-05 09:39:50.710,,0.9534,36.0,0.9483,20.0,1092.0,
2021-01-05 09:39:51.241,,0.9534,20.0,0.9494,16.0,1092.0,
2021-01-05 09:39:51.730,,0.9541,10.0,0.9494,18.0,1092.0,
2021-01-05 09:39:52.251,,0.9541,10.0,0.9494,38.0,1092.0,
2021-01-05 09:39:52.670,,0.9541,10.0,0.9494,16.0,1092.0,
2021-01-05 09:39:53.630,,0.9541,10.0,0.9494,16.0,1092.0,
2021-01-05 09:39:54.191,,0.9541,10.0,0.9494,16.0,1092.0,
2021-01-05 09:39:56.120,,0.9541,10.0,0.9494,25.0,1092.0,
2021-01-05 09:39:56.691,,0.9541,10.0,0.9494,16.0,1092.0,
2021-01-05 09:39:57.181,,0.9541,30.0,0.9494,16.0,1092.0,
2021-01-05 09:39:58.201,,0.9541,30.0,0.9494,16.0,1092.0,
2021-01-05 09:40:01.201,,0.9536,16.0,0.9485,16.0,1092.0,
2021-01-05 09:40:02.671,,0.9526,16.0,0.9482,20.0,1092.0,
2021-01-05 09:40:03.171,,0.9526,16.0,0.9482,20.0,1092.0,
2021-01-05 09:40:03.691,,0.9526,36.0,0.9482,20.0,1092.0,
2021-01-05 09:40:09.191,,0.9515,16.0,0.9473,20.0,1092.0,
2021-01-05 09:40:10.150,,0.9515,36.0,0.9464,36.0,1092.0,
2021-01-05 09:40:10.680,,0.9515,36.0,0.9464,48.0,1092.0,
2021-01-05 09:40:11.170,,0.9515,36.0,0.9464,54.0,1092.0,
2021-01-05 09:40:11.671,,0.9515,36.0,0.9464,48.0,1092.0,
2021-01-05 09:40:12.680,,0.9515,36.0,0.9464,41.0,1092.0,
2021-01-05 09:40:13.170,,0.9515,36.0,0.9464,41.0,1092.0,
2021-01-05 09:40:13.700,,0.9515,36.0,0.9464,36.0,1092.0,
2021-01-05 09:40:14.701,,0.9504,16.0,0.9464,20.0,1092.0,
2021-01-05 09:40:15.690,,0.9504,36.0,0.9453,36.0,1092.0,
2021-01-05 09:40:15.690,,0.9504,36.0,0.9453,43.0,1092.0,
2021-01-05 09:40:16.610,,0.9504,36.0,0.9453,48.0,1092.0,
2021-01-05 09:40:17.191,,0.9504,46.0,0.9453,48.0,1092.0,
2021-01-05 09:40:17.661,,0.9504,46.0,0.9453,43.0,1092.0,
2021-01-05 09:40:18.641,,0.9504,46.0,0.9453,43.0,1092.0,
2021-01-05 09:40:19.711,,0.9504,46.0,0.9453,43.0,1092.0,
2021-01-05 09:40:20.191,,0.9504,46.0,0.9453,48.0,1092.0,
2021-01-05 09:40:20.691,,0.9504,46.0,0.9453,48.0,1092.0,
2021-01-05 09:40:21.200,,0.9515,36.0,0.9464,16.0,1092.0,
2021-01-05 09:40:21.701,,0.9515,36.0,0.9464,43.0,1092.0,
2021-01-05 09:40:22.591,,0.9515,36.0,0.9464,45.0,1092.0,
2021-01-05 09:40:24.160,,0.9515,36.0,0.9464,51.0,1092.0,
2021-01-05 09:40:24.681,,0.9515,36.0,0.9464,51.0,1092.0,
2021-01-05 09:40:25.121,,0.9515,36.0,0.9464,56.0,1092.0,
2021-01-05 09:40:25.570,,0.9515,36.0,0.9464,45.0,1092.0,
2021-01-05 09:40:27.140,,0.9515,36.0,0.9464,56.0,1092.0,
2021-01-05 09:40:27.701,,0.9515,20.0,0.9474,16.0,1092.0,
2021-01-05 09:40:28.110,,0.9515,20.0,0.9474,23.0,1092.0,
2021-01-05 09:40:28.690,,0.9526,36.0,0.9474,48.0,1092.0,
2021-01-05 09:40:29.170,,0.9526,36.0,0.9474,48.0,1092.0,
2021-01-05 09:40:30.160,,0.9526,36.0,0.9474,48.0,1092.0,
2021-01-05 09:40:33.191,,0.9526,36.0,0.9474,41.0,1092.0,
2021-01-05 09:40:33.551,,0.9516,16.0,0.9474,20.0,1092.0,
2021-01-05 09:40:34.601,,0.9516,36.0,0.9465,16.0,1092.0,
2021-01-05 09:40:35.201,,0.9516,36.0,0.9465,28.0,1092.0,
2021-01-05 09:40:36.620,,0.9516,36.0,0.9465,28.0,1092.0,
2021-01-05 09:40:37.700,,0.9516,36.0,0.9465,39.0,1092.0,
2021-01-05 09:40:38.130,,0.9516,36.0,0.9465,28.0,1092.0,
2021-01-05 09:40:39.681,,0.9516,36.0,0.9465,34.0,1092.0,
2021-01-05 09:40:40.151,,0.9516,36.0,0.9465,26.0,1092.0,
2021-01-05 09:40:41.191,,0.9516,36.0,0.9465,16.0,1092.0,
2021-01-05 09:40:42.201,,0.9516,36.0,0.9465,16.0,1092.0,
2021-01-05 09:40:56.711,,0.9516,36.0,0.9465,21.0,1092.0,
2021-01-05 09:40:57.180,,0.9516,36.0,0.9465,21.0,1092.0,
2021-01-05 09:40:57.710,,0.9516,36.0,0.9465,16.0,1092.0,
2021-01-05 09:41:03.110,,0.9516,36.0,0.9465,23.0,1092.0,
2021-01-05 09:41:03.721,,0.9516,36.0,0.9465,16.0,1092.0,
2021-01-05 09:41:04.180,,0.9516,36.0,0.9465,23.0,1092.0,
2021-01-05 09:41:05.220,,0.9516,36.0,0.9465,16.0,1092.0,
2021-01-05 09:41:07.100,,0.9516,36.0,0.9465,34.0,1092.0,
2021-01-05 09:41:07.631,,0.9516,36.0,0.9465,28.0,1092.0,
2021-01-05 09:41:08.701,,0.9516,36.0,0.9465,28.0,1092.0,
2021-01-05 09:41:09.661,,0.9516,36.0,0.9465,39.0,1092.0,
2021-01-05 09:41:10.220,,0.9516,36.0,0.9465,28.0,1092.0,
2021-01-05 09:41:11.210,,0.9526,20.0,0.9476,16.0,1092.0,
2021-01-05 09:41:11.711,,0.9526,20.0,0.9476,16.0,1092.0,
2021-01-05 09:41:12.151,,0.9526,20.0,0.9476,40.0,1092.0,
2021-01-05 09:41:12.710,,0.9526,20.0,0.9476,43.0,1092.0,
2021-01-05 09:41:13.161,,0.9526,20.0,0.9476,36.0,1092.0,
2021-01-05 09:41:13.711,,0.9526,20.0,0.9476,36.0,1092.0,
2021-01-05 09:41:14.160,,0.9526,20.0,0.9476,41.0,1092.0,
2021-01-05 09:41:15.180,,0.9526,20.0,0.9476,36.0,1092.0,
2021-01-05 09:41:15.651,,0.9518,16.0,0.9476,20.0,1092.0,
2021-01-05 09:41:16.500,,0.9518,16.0,0.9467,16.0,1092.0,
2021-01-05 09:41:17.211,,0.9518,16.0,0.9467,23.0,1092.0,
2021-01-05 09:41:18.600,,0.9518,16.0,0.9467,23.0,1092.0,
2021-01-05 09:41:19.161,,0.9518,16.0,0.9467,28.0,1092.0,
2021-01-05 09:41:19.570,,0.9518,16.0,0.9467,34.0,1092.0,
2021-01-05 09:41:20.721,,0.9518,16.0,0.9467,28.0,1092.0,
2021-01-05 09:41:25.120,,0.9518,16.0,0.9467,39.0,1092.0,
2021-01-05 09:41:26.190,,0.9518,16.0,0.9471,10.0,1092.0,
2021-01-05 09:41:26.670,,0.9526,20.0,0.9477,16.0,1092.0,
2021-01-05 09:41:27.131,,0.9526,20.0,0.9477,16.0,1092.0,
2021-01-05 09:41:27.570,,0.9526,20.0,0.9477,47.0,1092.0,
2021-01-05 09:41:28.171,,0.9526,20.0,0.9477,41.0,1092.0,
2021-01-05 09:41:29.070,,0.9526,20.0,0.9477,43.0,1092.0,
2021-01-05 09:41:30.670,,0.9526,20.0,0.9477,43.0,1092.0,
2021-01-05 09:41:31.700,,0.9526,20.0,0.9477,48.0,1092.0,
2021-01-05 09:41:32.220,,0.9526,20.0,0.9477,54.0,1092.0,
2021-01-05 09:41:33.171,,0.9526,20.0,0.9477,48.0,1092.0,
2021-01-05 09:41:33.680,,0.9526,20.0,0.9477,36.0,1092.0,
2021-01-05 09:41:35.221,,0.9526,20.0,0.9477,48.0,1092.0,
2021-01-05 09:41:35.721,,0.9526,20.0,0.9477,48.0,1092.0,
2021-01-05 09:41:36.070,,0.9528,16.0,0.9477,59.0,1092.0,
2021-01-05 09:41:36.720,,0.9535,20.0,0.9489,16.0,1092.0,
2021-01-05 09:41:37.711,,0.9535,20.0,0.9489,38.0,1092.0,
2021-01-05 09:41:38.220,,0.954,16.0,0.949,10.0,1092.0,
2021-01-05 09:41:38.710,,0.954,16.0,0.949,10.0,1092.0,
2021-01-05 09:41:40.231,,0.954,16.0,0.949,10.0,1092.0,
2021-01-05 09:41:41.730,,0.954,16.0,0.949,10.0,1092.0,
2021-01-05 09:41:43.080,,0.953,16.0,0.949,10.0,1092.0,
2021-01-05 09:41:44.671,,0.953,36.0,0.949,10.0,1092.0,
2021-01-05 09:41:46.661,,0.953,36.0,0.9489,20.0,1092.0,
2021-01-05 09:41:47.201,,0.953,36.0,0.9479,16.0,1092.0,
2021-01-05 09:41:47.741,,0.953,36.0,0.9479,28.0,1092.0,
2021-01-05 09:41:48.181,,0.953,36.0,0.9479,28.0,1092.0,
2021-01-05 09:41:48.740,,0.953,20.0,0.9489,16.0,1092.0,
2021-01-05 09:41:49.191,,0.954,16.0,0.9489,36.0,1092.0,
2021-01-05 09:41:50.231,,0.954,16.0,0.9489,51.0,1092.0,
2021-01-05 09:41:50.751,,0.954,16.0,0.9489,47.0,1092.0,
2021-01-05 09:41:51.251,,0.954,16.0,0.9489,38.0,1092.0,
2021-01-05 09:41:52.261,,0.954,16.0,0.9489,45.0,1092.0,
2021-01-05 09:41:52.690,,0.954,16.0,0.9489,51.0,1092.0,
2021-01-05 09:41:53.201,,0.9545,20.0,0.95,16.0,1092.0,
2021-01-05 09:41:54.161,,0.9545,20.0,0.95,36.0,1092.0,
2021-01-05 09:41:55.160,,0.9551,16.0,0.95,46.0,1092.0,
2021-01-05 09:41:55.671,,0.9551,16.0,0.95,46.0,1092.0,
2021-01-05 09:41:56.151,,0.9551,16.0,0.95,36.0,1092.0,
2021-01-05 09:41:57.110,,0.9551,16.0,0.95,48.0,1092.0,
2021-01-05 09:41:57.640,,0.9551,16.0,0.95,36.0,1092.0,
2021-01-05 09:42:00.701,,0.9551,16.0,0.95,46.0,1092.0,
2021-01-05 09:42:01.651,,0.9551,16.0,0.95,48.0,1092.0,
2021-01-05 09:42:02.710,,0.9551,16.0,0.95,48.0,1092.0,
2021-01-05 09:42:03.161,,0.9551,16.0,0.95,48.0,1092.0,
2021-01-05 09:42:04.110,,0.9551,16.0,0.95,46.0,1092.0,
2021-01-05 09:42:04.641,,0.9551,16.0,0.95,36.0,1092.0,
2021-01-05 09:42:07.230,,0.9551,16.0,0.95,36.0,1092.0,
2021-01-05 09:42:07.691,,0.9551,16.0,0.95,41.0,1092.0,
2021-01-05 09:42:08.660,,0.9551,16.0,0.95,36.0,1092.0,
2021-01-05 09:42:09.230,,0.9551,16.0,0.95,48.0,1092.0,
2021-01-05 09:42:10.681,,0.9554,20.0,0.951,16.0,1092.0,
2021-01-05 09:42:11.720,,0.9561,16.0,0.951,36.0,1092.0,
2021-01-05 09:42:13.211,,0.9561,16.0,0.951,36.0,1092.0,
2021-01-05 09:42:13.731,,0.9561,16.0,0.951,36.0,1092.0,
2021-01-05 09:42:19.210,,0.9561,16.0,0.951,36.0,1092.0,
2021-01-05 09:42:25.511,,0.9561,16.0,0.951,36.0,1092.0,
2021-01-05 09:42:27.651,,0.9561,16.0,0.951,36.0,1092.0,
2021-01-05 09:42:31.200,,0.9561,16.0,0.951,36.0,1092.0,
2021-01-05 09:42:33.720,,0.9561,16.0,0.951,43.0,1092.0,
2021-01-05 09:42:34.210,,0.9561,16.0,0.951,36.0,1092.0,
2021-01-05 09:42:35.151,,0.9561,16.0,0.951,36.0,1092.0,
2021-01-05 09:42:40.221,,0.9561,16.0,0.9511,2.0,1092.0,
2021-01-05 09:42:41.161,,0.9563,20.0,0.952,16.0,1092.0,
2021-01-05 09:42:41.731,,0.9563,20.0,0.952,16.0,1092.0,
2021-01-05 09:42:42.250,,0.9572,36.0,0.952,26.0,1092.0,
2021-01-05 09:42:43.251,,0.9572,36.0,0.952,46.0,1092.0,
2021-01-05 09:42:43.741,,0.9572,36.0,0.952,46.0,1092.0,
2021-01-05 09:42:44.751,,0.9572,36.0,0.952,46.0,1092.0,
2021-01-05 09:42:45.191,,0.9572,36.0,0.952,36.0,1092.0,
2021-01-05 09:42:48.171,,0.9572,36.0,0.952,36.0,1092.0,
2021-01-05 09:42:48.720,,0.9572,36.0,0.952,36.0,1092.0,
2021-01-05 09:42:50.720,,0.9572,36.0,0.952,36.0,1092.0,
2021-01-05 09:42:51.761,,0.9572,36.0,0.952,36.0,1092.0,
2021-01-05 09:42:53.640,,0.9572,36.0,0.952,43.0,1092.0,
2021-01-05 09:42:55.190,,0.9572,36.0,0.952,36.0,1092.0,
2021-01-05 09:42:55.701,,0.9572,36.0,0.952,36.0,1092.0,
2021-01-05 09:42:56.191,,0.9572,36.0,0.952,43.0,1092.0,
2021-01-05 09:42:56.631,,0.9572,36.0,0.952,36.0,1092.0,
2021-01-05 09:42:58.220,,0.9572,36.0,0.952,48.0,1092.0,
2021-01-05 09:42:59.230,,0.9572,36.0,0.952,36.0,1092.0,
2021-01-05 09:42:59.730,,0.9572,36.0,0.9521,2.0,1092.0,
2021-01-05 09:43:00.200,,0.9572,36.0,0.9521,2.0,1092.0,
2021-01-05 09:43:01.211,,0.9572,36.0,0.952,36.0,1092.0,
2021-01-05 09:43:01.701,,0.9572,36.0,0.952,48.0,1092.0,
2021-01-05 09:43:02.681,,0.9572,20.0,0.953,16.0,1092.0,
2021-01-05 09:43:03.701,,0.9582,36.0,0.953,36.0,1092.0,
2021-01-05 09:43:04.740,,0.9582,36.0,0.953,36.0,1092.0,
2021-01-05 09:43:05.681,,0.9572,16.0,0.953,20.0,1092.0,
2021-01-05 09:43:06.171,,0.9572,36.0,0.9521,16.0,1092.0,
2021-01-05 09:43:06.680,,0.9572,16.0,0.9521,16.0,1092.0,
2021-01-05 09:43:07.231,,0.9572,36.0,0.9521,16.0,1092.0,
2021-01-05 09:43:10.150,,0.9572,36.0,0.9521,18.0,1092.0,
2021-01-05 09:43:11.250,,0.9572,36.0,0.9521,16.0,1092.0,
2021-01-05 09:43:13.210,,0.9572,36.0,0.9521,16.0,1092.0,
2021-01-05 09:43:17.771,,0.9572,36.0,0.9521,16.0,1092.0,
2021-01-05 09:43:25.201,,0.9572,36.0,0.9521,16.0,1092.0,
2021-01-05 09:43:26.621,,0.9572,36.0,0.9521,16.0,1092.0,
2021-01-05 09:43:27.190,,0.9572,36.0,0.9521,18.0,1092.0,
2021-01-05 09:43:27.620,,0.9572,36.0,0.9521,16.0,1092.0,
2021-01-05 09:43:28.091,,0.9572,36.0,0.9521,16.0,1092.0,
2021-01-05 09:43:28.700,,0.9572,36.0,0.9521,16.0,1092.0,
2021-01-05 09:43:31.111,,0.9572,36.0,0.9521,16.0,1092.0,
2021-01-05 09:43:33.141,,0.9572,36.0,0.9521,16.0,1092.0,
2021-01-05 09:43:34.221,,0.9572,36.0,0.9521,16.0,1092.0,
2021-01-05 09:43:35.160,,0.9572,36.0,0.9521,16.0,1092.0,
2021-01-05 09:43:35.681,,0.9572,36.0,0.9521,16.0,1092.0,
2021-01-05 09:43:36.221,,0.9572,36.0,0.9521,16.0,1092.0,
2021-01-05 09:43:38.680,,0.9572,36.0,0.9521,16.0,1092.0,
2021-01-05 09:43:41.231,,0.9572,36.0,0.9521,16.0,1092.0,
2021-01-05 09:43:41.730,,0.9572,36.0,0.9521,16.0,1092.0,
2021-01-05 09:43:43.711,,0.9572,36.0,0.9521,16.0,1092.0,
2021-01-05 09:43:45.720,,0.9572,36.0,0.9521,16.0,1092.0,
2021-01-05 09:43:46.750,,0.9572,36.0,0.9521,16.0,1092.0,
2021-01-05 09:43:47.250,,0.9572,36.0,0.9521,16.0,1092.0,
2021-01-05 09:43:48.220,,0.9572,36.0,0.9521,16.0,1092.0,
2021-01-05 09:43:50.721,,0.9562,16.0,0.952,20.0,1092.0,
2021-01-05 09:43:51.660,,0.9562,36.0,0.9511,36.0,1092.0,
2021-01-05 09:43:53.201,,0.9562,36.0,0.9511,36.0,1092.0,
2021-01-05 09:43:54.980,,0.9562,36.0,0.9511,36.0,1092.0,
2021-01-05 09:43:56.200,,0.9562,36.0,0.9511,36.0,1092.0,
2021-01-05 09:44:03.731,,0.9552,16.0,0.9511,20.0,1092.0,
2021-01-05 09:44:04.751,,0.9552,36.0,0.95,36.0,1092.0,
2021-01-05 09:44:05.260,,0.9552,36.0,0.95,36.0,1092.0,
2021-01-05 09:44:06.770,,0.9552,36.0,0.95,36.0,1092.0,
2021-01-05 09:44:07.281,,0.9552,36.0,0.95,36.0,1092.0,
2021-01-05 09:44:09.780,,0.9552,20.0,0.95,20.0,1092.0,
2021-01-05 09:44:10.270,,0.9542,16.0,0.95,20.0,1092.0,
2021-01-05 09:44:10.781,,0.9542,36.0,0.95,20.0,1092.0,
2021-01-05 09:44:12.270,,0.9542,36.0,0.95,20.0,1092.0,
2021-01-05 09:44:12.781,,0.9542,36.0,0.95,20.0,1092.0,
2021-01-05 09:44:18.780,,0.9542,20.0,0.95,20.0,1092.0,
2021-01-05 09:44:19.261,,0.9552,16.0,0.9501,16.0,1092.0,
2021-01-05 09:44:19.801,,0.9552,36.0,0.9501,16.0,1092.0,
2021-01-05 09:44:20.300,,0.9552,36.0,0.9501,16.0,1092.0,
2021-01-05 09:44:20.780,,0.9552,36.0,0.9501,16.0,1092.0,
2021-01-05 09:44:30.201,,0.9543,16.0,0.95,20.0,1092.0,
2021-01-05 09:44:31.730,,0.9543,36.0,0.95,20.0,1092.0,
2021-01-05 09:44:32.691,,0.9543,36.0,0.95,20.0,1092.0,
2021-01-05 09:44:33.240,,0.9543,36.0,0.95,20.0,1092.0,
2021-01-05 09:44:33.730,,0.9543,36.0,0.9491,36.0,1092.0,
2021-01-05 09:44:34.141,,0.9543,36.0,0.9491,16.0,1092.0,
2021-01-05 09:44:34.520,,0.9543,36.0,0.9491,36.0,1092.0,
2021-01-05 09:44:34.981,,0.9543,36.0,0.9491,16.0,1092.0,
2021-01-05 09:44:35.740,,0.9543,36.0,0.9491,16.0,1092.0,
2021-01-05 09:44:36.220,,0.9543,36.0,0.9491,36.0,1092.0,
2021-01-05 09:44:36.741,,0.9543,36.0,0.9491,16.0,1092.0,
2021-01-05 09:44:37.240,,0.9543,36.0,0.9491,36.0,1092.0,
2021-01-05 09:44:38.201,,0.9543,36.0,0.9491,36.0,1092.0,
2021-01-05 09:44:40.220,,0.9533,16.0,0.9491,20.0,1092.0,
2021-01-05 09:44:40.750,,0.9533,36.0,0.9482,16.0,1092.0,
2021-01-05 09:44:43.251,,0.9533,36.0,0.9482,16.0,1092.0,
2021-01-05 09:44:45.261,,0.9533,36.0,0.9482,18.0,1092.0,
2021-01-05 09:44:45.760,,0.9533,36.0,0.9483,2.0,1092.0,
2021-01-05 09:44:46.271,,0.9533,36.0,0.9482,16.0,1092.0,
2021-01-05 09:44:46.771,,0.9533,36.0,0.9483,2.0,1092.0,
2021-01-05 09:44:47.251,,0.9533,36.0,0.9483,2.0,1092.0,
2021-01-05 09:44:47.770,,0.9533,36.0,0.9483,2.0,1092.0,
2021-01-05 09:44:48.271,,0.9533,36.0,0.9483,8.0,1092.0,
2021-01-05 09:44:49.270,,0.9533,36.0,0.9483,2.0,1092.0,
2021-01-05 09:44:50.300,,0.9533,36.0,0.9484,2.0,1092.0,
2021-01-05 09:44:50.811,,0.9533,20.0,0.9491,16.0,1092.0,
2021-01-05 09:44:51.231,,0.9543,36.0,0.9491,36.0,1092.0,
2021-01-05 09:44:51.810,,0.9543,36.0,0.9491,36.0,1092.0,
2021-01-05 09:44:52.311,,0.9543,36.0,0.9491,36.0,1092.0,
2021-01-05 09:44:53.201,,0.9543,36.0,0.9491,36.0,1092.0,
2021-01-05 09:44:54.970,,0.9543,36.0,0.9491,36.0,1092.0,
2021-01-05 09:44:58.120,,0.9543,36.0,0.9491,36.0,1092.0,
2021-01-05 09:44:58.720,,0.9532,16.0,0.9491,20.0,1092.0,
2021-01-05 09:44:59.711,,0.9532,36.0,0.9481,16.0,1092.0,
2021-01-05 09:45:01.680,,0.9524,10.0,0.9481,16.0,1092.0,
2021-01-05 09:45:02.061,,0.9521,16.0,0.9478,20.0,1092.0,
2021-01-05 09:45:03.680,,0.9521,36.0,0.9469,36.0,1092.0,
2021-01-05 09:45:05.221,,0.9521,36.0,0.9469,36.0,1092.0,
2021-01-05 09:45:05.720,,0.9511,16.0,0.9469,20.0,1092.0,
2021-01-05 09:45:06.220,,0.9511,36.0,0.9459,36.0,1092.0,
2021-01-05 09:45:07.130,,0.9511,36.0,0.9459,36.0,1092.0,
2021-01-05 09:45:07.720,,0.9511,36.0,0.9459,36.0,1092.0,
2021-01-05 09:45:08.181,,0.9511,36.0,0.946,2.0,1092.0,
2021-01-05 09:45:08.700,,0.9511,36.0,0.9459,36.0,1092.0,
2021-01-05 09:45:15.230,,0.9511,36.0,0.9459,36.0,1092.0,
2021-01-05 09:45:15.721,,0.9499,16.0,0.9459,20.0,1092.0,
2021-01-05 09:45:16.230,,0.9499,16.0,0.9448,36.0,1092.0,
2021-01-05 09:45:16.630,,0.9499,36.0,0.9448,16.0,1092.0,
2021-01-05 09:45:17.220,,0.9499,36.0,0.9448,16.0,1092.0,
2021-01-05 09:45:17.731,,0.9494,10.0,0.9448,16.0,1092.0,
2021-01-05 09:45:19.191,,0.9494,10.0,0.9448,16.0,1092.0,
2021-01-05 09:45:19.731,,0.9494,10.0,0.9448,16.0,1092.0,
2021-01-05 09:45:21.191,,0.9499,36.0,0.9448,16.0,1092.0,
2021-01-05 09:45:23.160,,0.9499,36.0,0.9448,16.0,1092.0,
2021-01-05 09:45:26.220,,0.9499,36.0,0.9448,18.0,1092.0,
2021-01-05 09:45:26.681,,0.9499,36.0,0.9448,21.0,1092.0,
2021-01-05 09:45:27.211,,0.9499,36.0,0.9448,29.0,1092.0,
2021-01-05 09:45:27.711,,0.9499,36.0,0.9448,21.0,1092.0,
2021-01-05 09:45:29.140,,0.9499,36.0,0.9448,18.0,1092.0,
2021-01-05 09:45:30.210,,0.9499,36.0,0.9448,28.0,1092.0,
2021-01-05 09:45:30.710,,0.9499,20.0,0.9459,16.0,1092.0,
2021-01-05 09:45:31.211,,0.951,16.0,0.9459,36.0,1092.0,
2021-01-05 09:45:33.180,,0.951,16.0,0.9459,36.0,1092.0,
2021-01-05 09:45:35.190,,0.951,16.0,0.9459,36.0,1092.0,
2021-01-05 09:45:35.731,,0.951,16.0,0.9459,43.0,1092.0,
2021-01-05 09:45:37.241,,0.951,16.0,0.9459,43.0,1092.0,
2021-01-05 09:45:38.240,,0.951,16.0,0.9459,43.0,1092.0,
2021-01-05 09:45:39.210,,0.951,16.0,0.9459,36.0,1092.0,
2021-01-05 09:45:39.710,,0.951,16.0,0.9459,54.0,1092.0,
2021-01-05 09:45:40.240,,0.951,16.0,0.9459,43.0,1092.0,
2021-01-05 09:45:42.690,,0.951,16.0,0.9459,36.0,1092.0,
2021-01-05 09:45:43.220,,0.951,16.0,0.9459,43.0,1092.0,
2021-01-05 09:45:43.731,,0.951,16.0,0.9459,43.0,1092.0,
2021-01-05 09:45:44.201,,0.951,16.0,0.9459,36.0,1092.0,
2021-01-05 09:45:45.220,,0.951,16.0,0.9459,49.0,1092.0,
2021-01-05 09:45:45.681,,0.951,16.0,0.9459,43.0,1092.0,
2021-01-05 09:45:46.240,,0.951,16.0,0.9459,36.0,1092.0,
2021-01-05 09:45:47.241,,0.951,16.0,0.9459,43.0,1092.0,
2021-01-05 09:45:48.201,,0.951,16.0,0.9459,49.0,1092.0,
2021-01-05 09:45:48.741,,0.951,16.0,0.9459,43.0,1092.0,
2021-01-05 09:45:50.251,,0.951,16.0,0.9459,41.0,1092.0,
2021-01-05 09:45:50.750,,0.951,16.0,0.9459,43.0,1092.0,
2021-01-05 09:45:52.641,,0.951,16.0,0.9459,49.0,1092.0,
2021-01-05 09:45:53.211,,0.951,16.0,0.9459,43.0,1092.0,
2021-01-05 09:45:54.191,,0.951,16.0,0.9459,49.0,1092.0,
2021-01-05 09:45:55.711,,0.951,16.0,0.9459,43.0,1092.0,
2021-01-05 09:45:56.120,,0.951,16.0,0.9459,49.0,1092.0,
2021-01-05 09:45:56.631,,0.951,16.0,0.9459,43.0,1092.0,
2021-01-05 09:45:58.231,,0.951,16.0,0.9459,41.0,1092.0,
2021-01-05 09:45:58.711,,0.951,16.0,0.946,5.0,1092.0,
2021-01-05 09:45:59.230,,0.951,16.0,0.946,5.0,1092.0,
2021-01-05 09:45:59.710,,0.951,16.0,0.946,7.0,1092.0,
2021-01-05 09:46:00.210,,0.951,16.0,0.946,7.0,1092.0,
2021-01-05 09:46:00.730,,0.9525,16.0,0.9473,16.0,1092.0,
2021-01-05 09:46:01.230,,0.9525,16.0,0.9473,16.0,1092.0,
2021-01-05 09:46:02.221,,0.9525,16.0,0.9473,36.0,1092.0,
2021-01-05 09:46:02.711,,0.9525,16.0,0.9473,36.0,1092.0,
2021-01-05 09:46:06.221,,0.9525,16.0,0.9473,43.0,1092.0,
2021-01-05 09:46:09.181,,0.9525,16.0,0.9473,49.0,1092.0,
2021-01-05 09:46:09.600,,0.9525,16.0,0.9473,45.0,1092.0,
2021-01-05 09:46:10.221,,0.9537,16.0,0.9486,16.0,1092.0,
2021-01-05 09:46:10.720,,0.9537,16.0,0.9486,36.0,1092.0,
2021-01-05 09:46:12.190,,0.9537,16.0,0.9486,41.0,1092.0,
2021-01-05 09:46:12.601,,0.9537,16.0,0.9486,41.0,1092.0,
2021-01-05 09:46:13.681,,0.9537,16.0,0.9486,43.0,1092.0,
2021-01-05 09:46:14.230,,0.9537,16.0,0.9486,48.0,1092.0,
2021-01-05 09:46:15.231,,0.9537,16.0,0.9486,36.0,1092.0,
2021-01-05 09:46:15.730,,0.9537,16.0,0.9486,48.0,1092.0,
2021-01-05 09:46:17.221,,0.9537,16.0,0.9486,48.0,1092.0,
2021-01-05 09:46:19.171,,0.9537,16.0,0.9486,54.0,1092.0,
2021-01-05 09:46:19.661,,0.9537,16.0,0.9486,53.0,1092.0,
2021-01-05 09:46:20.210,,0.9537,16.0,0.9486,48.0,1092.0,
2021-01-05 09:46:20.731,,0.9537,16.0,0.9486,48.0,1092.0,
2021-01-05 09:46:21.611,,0.9537,16.0,0.9486,48.0,1092.0,
2021-01-05 09:46:22.690,,0.9537,16.0,0.9486,48.0,1092.0,
2021-01-05 09:46:23.201,,0.9537,16.0,0.9486,54.0,1092.0,
2021-01-05 09:46:23.710,,0.9537,16.0,0.9486,48.0,1092.0,
2021-01-05 09:46:25.220,,0.9537,16.0,0.9486,48.0,1092.0,
2021-01-05 09:46:25.651,,0.9537,16.0,0.9486,48.0,1092.0,
2021-01-05 09:46:26.711,,0.9537,16.0,0.9487,7.0,1092.0,
2021-01-05 09:46:27.201,0.9487,0.9537,16.0,0.9487,7.0,1092.0,2.0
2021-01-05 09:46:27.720,0.9487,0.9537,16.0,0.9487,7.0,1092.0,2.0
2021-01-05 09:46:28.200,0.9487,0.9537,16.0,0.9487,13.0,1092.0,2.0
2021-01-05 09:46:29.151,0.9487,0.9537,16.0,0.9487,13.0,1092.0,2.0
2021-01-05 09:46:29.710,0.9487,0.9537,16.0,0.9487,7.0,1092.0,2.0
2021-01-05 09:46:30.721,0.9487,0.9537,16.0,0.9487,13.0,1092.0,2.0
2021-01-05 09:46:32.100,0.9487,0.9537,16.0,0.9487,7.0,1092.0,2.0
2021-01-05 09:46:33.210,0.9487,0.9537,16.0,0.9487,7.0,1092.0,2.0
2021-01-05 09:46:33.660,0.9487,0.9537,16.0,0.9487,13.0,1092.0,2.0
2021-01-05 09:46:34.171,0.9487,0.9545,20.0,0.9496,16.0,1092.0,2.0
2021-01-05 09:46:34.691,0.9487,0.9545,20.0,0.9496,16.0,1092.0,2.0
2021-01-05 09:46:35.231,0.9487,0.9545,20.0,0.9496,36.0,1092.0,2.0
2021-01-05 09:46:35.690,0.9487,0.9545,20.0,0.9496,16.0,1092.0,2.0
2021-01-05 09:46:36.221,0.9487,0.9545,20.0,0.9496,16.0,1092.0,2.0
2021-01-05 09:46:36.730,0.9487,0.9545,20.0,0.9496,36.0,1092.0,2.0
2021-01-05 09:46:38.201,0.9487,0.9537,16.0,0.9496,20.0,1092.0,2.0
2021-01-05 09:46:39.210,0.9487,0.9537,16.0,0.9486,36.0,1092.0,2.0
2021-01-05 09:46:40.230,0.9487,0.9537,16.0,0.9486,36.0,1092.0,2.0
2021-01-05 09:46:43.630,0.9487,0.9536,10.0,0.9486,36.0,1092.0,2.0
2021-01-05 09:46:45.711,0.9487,0.9536,10.0,0.9486,36.0,1092.0,2.0
2021-01-05 09:46:46.671,0.9487,0.9537,16.0,0.9486,36.0,1092.0,2.0
2021-01-05 09:46:49.251,0.9487,0.9537,16.0,0.9486,36.0,1092.0,2.0
2021-01-05 09:46:50.170,0.9487,0.9537,16.0,0.9486,41.0,1092.0,2.0
2021-01-05 09:46:51.261,0.9487,0.9537,16.0,0.9486,36.0,1092.0,2.0
2021-01-05 09:46:54.221,0.9487,0.9537,16.0,0.9486,41.0,1092.0,2.0
2021-01-05 09:46:54.701,0.9487,0.9537,16.0,0.9486,36.0,1092.0,2.0
2021-01-05 09:47:01.210,0.9487,0.9527,16.0,0.9486,20.0,1092.0,2.0
2021-01-05 09:47:01.721,0.9487,0.9527,36.0,0.9475,36.0,1092.0,2.0
2021-01-05 09:47:02.741,0.9487,0.9517,16.0,0.9475,20.0,1092.0,2.0
2021-01-05 09:47:03.220,0.9487,0.9516,10.0,0.9465,16.0,1092.0,2.0
2021-01-05 09:47:03.740,0.9487,0.9516,10.0,0.9465,16.0,1092.0,2.0
2021-01-05 09:47:04.751,0.9487,0.9516,10.0,0.9465,36.0,1092.0,2.0
2021-01-05 09:47:05.250,0.9487,0.9517,36.0,0.9465,36.0,1092.0,2.0
2021-01-05 09:47:06.251,0.9487,0.9507,16.0,0.9465,20.0,1092.0,2.0
2021-01-05 09:47:07.221,0.9487,0.9507,36.0,0.9456,16.0,1092.0,2.0
2021-01-05 09:47:07.740,0.9487,0.9507,36.0,0.9456,16.0,1092.0,2.0
2021-01-05 09:47:09.221,0.9487,0.9497,16.0,0.9453,20.0,1092.0,2.0
2021-01-05 09:47:09.751,0.9487,0.9497,36.0,0.9453,20.0,1092.0,2.0
2021-01-05 09:47:10.260,0.9487,0.9497,36.0,0.9453,20.0,1092.0,2.0
2021-01-05 09:47:11.751,0.9487,0.9486,16.0,0.9453,20.0,1092.0,2.0
2021-01-05 09:47:12.241,0.9487,0.9486,36.0,0.9437,30.0,1092.0,2.0
2021-01-05 09:47:12.731,0.9487,0.9486,36.0,0.9437,20.0,1092.0,2.0
2021-01-05 09:47:13.201,0.9487,0.9486,36.0,0.9437,20.0,1092.0,2.0
2021-01-05 09:47:17.251,0.9487,0.9486,36.0,0.9437,20.0,1092.0,2.0
2021-01-05 09:47:19.760,0.9487,0.9474,16.0,0.9437,20.0,1092.0,2.0
2021-01-05 09:47:20.160,0.9487,0.9474,36.0,0.9427,30.0,1092.0,2.0
2021-01-05 09:47:20.761,0.9487,0.9474,36.0,0.9427,30.0,1092.0,2.0
2021-01-05 09:47:21.760,0.9487,0.9472,10.0,0.9427,20.0,1092.0,2.0
2021-01-05 09:47:25.241,0.9487,0.9472,10.0,0.9427,20.0,1092.0,2.0
2021-01-05 09:47:27.721,0.9487,0.9472,10.0,0.9427,20.0,1092.0,2.0
2021-01-05 09:47:28.230,0.9487,0.9463,16.0,0.9427,20.0,1092.0,2.0
2021-01-05 09:47:28.710,0.9487,0.9463,36.0,0.9412,36.0,1092.0,2.0
2021-01-05 09:47:31.181,0.9487,0.9463,36.0,0.9412,36.0,1092.0,2.0
2021-01-05 09:47:35.740,0.9487,0.9463,36.0,0.9412,36.0,1092.0,2.0
2021-01-05 09:47:36.241,0.9487,0.9463,36.0,0.9412,36.0,1092.0,2.0
2021-01-05 09:47:37.251,0.9487,0.9463,36.0,0.9412,36.0,1092.0,2.0
2021-01-05 09:47:51.781,0.9487,0.9463,20.0,0.9413,2.0,1092.0,2.0
2021-01-05 09:47:52.240,0.9487,0.9474,20.0,0.9427,16.0,1092.0,2.0
2021-01-05 09:47:52.730,0.9487,0.9463,20.0,0.9427,16.0,1092.0,2.0
2021-01-05 09:47:53.221,0.9487,0.9474,20.0,0.9427,36.0,1092.0,2.0
2021-01-05 09:47:54.230,0.9487,0.9474,20.0,0.9427,16.0,1092.0,2.0
2021-01-05 09:47:55.241,0.9487,0.9474,20.0,0.9427,16.0,1092.0,2.0
2021-01-05 09:47:55.740,0.9487,0.9478,16.0,0.9427,16.0,1092.0,2.0
2021-01-05 09:47:56.251,0.9487,0.9478,16.0,0.9427,16.0,1092.0,2.0
2021-01-05 09:47:56.751,0.9487,0.9487,20.0,0.9438,16.0,1092.0,2.0
2021-01-05 09:47:57.750,0.9487,0.9487,20.0,0.943,20.0,1092.0,2.0
2021-01-05 09:47:58.261,0.9487,0.9475,16.0,0.943,20.0,1092.0,2.0
2021-01-05 09:47:58.781,0.9487,0.9475,16.0,0.9424,16.0,1092.0,2.0
2021-01-05 09:47:59.200,0.9487,0.9475,16.0,0.9424,16.0,1092.0,2.0
2021-01-05 09:47:59.751,0.9487,0.9475,36.0,0.9424,16.0,1092.0,2.0
2021-01-05 09:48:01.261,0.9487,0.9475,20.0,0.9419,20.0,1092.0,2.0
2021-01-05 09:48:01.791,0.9487,0.9463,16.0,0.9419,20.0,1092.0,2.0
2021-01-05 09:48:02.260,0.9487,0.9463,36.0,0.9419,20.0,1092.0,2.0
2021-01-05 09:48:02.781,0.9487,0.9463,36.0,0.9419,20.0,1092.0,2.0
2021-01-05 09:48:03.261,0.9487,0.9463,36.0,0.9412,16.0,1092.0,2.0
2021-01-05 09:48:04.790,0.9487,0.9463,36.0,0.9412,16.0,1092.0,2.0
2021-01-05 09:48:05.261,0.9487,0.9463,36.0,0.9412,16.0,1092.0,2.0
2021-01-05 09:48:07.760,0.9487,0.9463,36.0,0.9412,16.0,1092.0,2.0
2021-01-05 09:48:08.281,0.9487,0.9463,20.0,0.9404,20.0,1092.0,2.0
2021-01-05 09:48:08.761,0.9487,0.9451,16.0,0.9404,20.0,1092.0,2.0
2021-01-05 09:48:09.291,0.9487,0.9451,16.0,0.9404,20.0,1092.0,2.0
2021-01-05 09:48:10.110,0.9487,0.9451,16.0,0.9404,20.0,1092.0,2.0
2021-01-05 09:48:10.801,0.9487,0.9451,16.0,0.94,16.0,1092.0,2.0
2021-01-05 09:48:11.301,0.9487,0.9451,16.0,0.94,16.0,1092.0,2.0
2021-01-05 09:48:12.300,0.9487,0.9451,16.0,0.94,16.0,1092.0,2.0
2021-01-05 09:48:12.751,0.9487,0.9451,16.0,0.94,16.0,1092.0,2.0
2021-01-05 09:48:13.281,0.9487,0.9451,16.0,0.94,18.0,1092.0,2.0
2021-01-05 09:48:13.760,0.9487,0.9451,16.0,0.94,16.0,1092.0,2.0
2021-01-05 09:48:14.300,0.9487,0.9451,16.0,0.94,16.0,1092.0,2.0
2021-01-05 09:48:14.791,0.9487,0.9452,20.0,0.9399,20.0,1092.0,2.0
2021-01-05 09:48:15.310,0.9487,0.9462,16.0,0.9411,16.0,1092.0,2.0
2021-01-05 09:48:15.831,0.9487,0.9462,36.0,0.9411,36.0,1092.0,2.0
2021-01-05 09:48:16.321,0.9487,0.9462,20.0,0.9421,16.0,1092.0,2.0
2021-01-05 09:48:16.801,0.9487,0.9472,16.0,0.9421,36.0,1092.0,2.0
2021-01-05 09:48:17.300,0.9487,0.9472,16.0,0.9422,1.0,1092.0,2.0
2021-01-05 09:48:17.811,0.9487,0.9472,16.0,0.9422,1.0,1092.0,2.0
2021-01-05 09:48:18.330,0.9487,0.9477,20.0,0.9422,1.0,1092.0,2.0
2021-01-05 09:48:18.831,0.9487,0.9483,16.0,0.9431,16.0,1092.0,2.0
2021-01-05 09:48:19.271,0.9487,0.9483,36.0,0.9432,1.0,1092.0,2.0
2021-01-05 09:48:19.800,0.9487,0.9483,36.0,0.9432,1.0,1092.0,2.0
2021-01-05 09:48:20.311,0.9487,0.9483,36.0,0.9432,1.0,1092.0,2.0
2021-01-05 09:48:21.340,0.9487,0.9483,36.0,0.9431,36.0,1092.0,2.0
2021-01-05 09:48:23.021,0.9487,0.9483,36.0,0.9431,36.0,1092.0,2.0
2021-01-05 09:48:26.101,0.9487,0.9483,36.0,0.9432,1.0,1092.0,2.0
2021-01-05 09:48:26.621,0.9487,0.9483,20.0,0.9442,16.0,1092.0,2.0
2021-01-05 09:48:27.221,0.9487,0.9483,20.0,0.9442,16.0,1092.0,2.0
2021-01-05 09:48:27.701,0.9487,0.9493,16.0,0.9443,1.0,1092.0,2.0
2021-01-05 09:48:28.181,0.9487,0.9494,20.0,0.9452,16.0,1092.0,2.0
2021-01-05 09:48:28.731,0.9487,0.9494,20.0,0.9452,16.0,1092.0,2.0
2021-01-05 09:48:29.121,0.9487,0.9503,36.0,0.9452,36.0,1092.0,2.0
2021-01-05 09:48:29.691,0.9487,0.9503,36.0,0.9453,1.0,1092.0,2.0
2021-01-05 09:48:30.210,0.9487,0.9503,36.0,0.9452,36.0,1092.0,2.0
2021-01-05 09:48:30.731,0.9487,0.9503,36.0,0.9452,36.0,1092.0,2.0
2021-01-05 09:48:31.140,0.9487,0.9503,36.0,0.9452,36.0,1092.0,2.0
2021-01-05 09:48:32.200,0.9487,0.9503,20.0,0.9463,16.0,1092.0,2.0
2021-01-05 09:48:32.700,0.9487,0.9514,16.0,0.9463,16.0,1092.0,2.0
2021-01-05 09:48:33.190,0.9487,0.9514,16.0,0.9464,1.0,1092.0,2.0
2021-01-05 09:48:33.680,0.9487,0.9514,16.0,0.9464,1.0,1092.0,2.0
2021-01-05 09:48:34.141,0.9487,0.9514,16.0,0.9464,21.0,1092.0,2.0
2021-01-05 09:48:35.220,0.9487,0.9514,16.0,0.9464,20.0,1092.0,2.0
2021-01-05 09:48:37.211,0.9487,0.9514,16.0,0.9463,16.0,1092.0,2.0
2021-01-05 09:48:37.681,0.9487,0.9508,10.0,0.9463,16.0,1092.0,2.0
2021-01-05 09:48:38.211,0.9487,0.9508,10.0,0.9463,16.0,1092.0,2.0
2021-01-05 09:48:41.231,0.9487,0.9508,10.0,0.9463,16.0,1092.0,2.0
2021-01-05 09:48:42.100,0.9487,0.9508,30.0,0.9463,16.0,1092.0,2.0
2021-01-05 09:48:42.661,0.9487,0.9508,20.0,0.9463,16.0,1092.0,2.0
2021-01-05 09:48:43.740,0.9487,0.9514,16.0,0.9463,16.0,1092.0,2.0
2021-01-05 09:48:45.020,0.9487,0.9514,16.0,0.9464,2.0,1092.0,2.0
2021-01-05 09:48:45.800,0.9487,0.9514,16.0,0.9463,16.0,1092.0,2.0
2021-01-05 09:48:47.021,0.9487,0.9514,16.0,0.9463,16.0,1092.0,2.0
2021-01-05 09:48:51.540,0.9487,0.9514,16.0,0.9464,2.0,1092.0,2.0
2021-01-05 09:48:52.020,0.9487,0.9514,16.0,0.9464,2.0,1092.0,2.0
2021-01-05 09:48:52.510,0.9487,0.9514,16.0,0.9465,1.0,1092.0,2.0
2021-01-05 09:48:52.700,0.9487,0.9514,16.0,0.9466,2.0,1092.0,2.0
2021-01-05 09:48:53.000,0.9487,0.9517,20.0,0.9475,16.0,1092.0,2.0
2021-01-05 09:48:53.711,0.9487,0.9517,20.0,0.9475,16.0,1092.0,2.0
2021-01-05 09:48:54.091,0.9487,0.9527,36.0,0.9476,1.0,1092.0,2.0
2021-01-05 09:48:54.681,0.9487,0.9527,36.0,0.9476,1.0,1092.0,2.0
2021-01-05 09:48:55.201,0.9487,0.9527,36.0,0.9476,21.0,1092.0,2.0
2021-01-05 09:48:55.730,0.9487,0.9527,36.0,0.9476,21.0,1092.0,2.0
2021-01-05 09:48:56.200,0.9487,0.9527,36.0,0.9477,2.0,1092.0,2.0
2021-01-05 09:48:56.731,0.9487,0.9527,36.0,0.9477,2.0,1092.0,2.0
2021-01-05 09:48:57.171,0.9487,0.9527,36.0,0.9476,26.0,1092.0,2.0
2021-01-05 09:48:57.730,0.9487,0.9527,36.0,0.9476,32.0,1092.0,2.0
2021-01-05 09:48:58.160,0.9487,0.9527,20.0,0.9485,16.0,1092.0,2.0
2021-01-05 09:48:58.750,0.9487,0.9527,20.0,0.9485,16.0,1092.0,2.0
2021-01-05 09:48:59.161,0.9487,0.9537,36.0,0.9486,1.0,1092.0,2.0
2021-01-05 09:48:59.691,0.9487,0.9537,16.0,0.9486,1.0,1092.0,2.0
2021-01-05 09:49:00.260,0.9487,0.9537,36.0,0.9486,21.0,1092.0,2.0
2021-01-05 09:49:00.761,0.9487,0.9537,16.0,0.9486,21.0,1092.0,2.0
2021-01-05 09:49:01.211,0.9487,0.9537,36.0,0.9486,20.0,1092.0,2.0
2021-01-05 09:49:01.620,0.9487,0.9537,16.0,0.9487,1.0,1092.0,2.0
2021-01-05 09:49:01.991,0.9487,0.9537,36.0,0.9487,1.0,1092.0,2.0
2021-01-05 09:49:02.790,0.9487,0.9537,36.0,0.9487,1.0,1092.0,2.0
2021-01-05 09:49:03.791,0.9487,0.9537,36.0,0.9487,1.0,1092.0,2.0
2021-01-05 09:49:05.301,0.9487,0.9537,36.0,0.9486,20.0,1092.0,2.0
2021-01-05 09:49:08.301,0.9487,0.9537,20.0,0.9486,20.0,1092.0,2.0
2021-01-05 09:49:08.791,0.9487,0.9527,16.0,0.9475,16.0,1092.0,2.0
2021-01-05 09:49:09.320,0.9487,0.9527,36.0,0.9475,36.0,1092.0,2.0
2021-01-05 09:49:09.821,0.9487,0.9527,20.0,0.9475,20.0,1092.0,2.0
2021-01-05 09:49:10.330,0.9487,0.9516,16.0,0.9465,16.0,1092.0,2.0
2021-01-05 09:49:10.831,0.9487,0.9516,36.0,0.9465,16.0,1092.0,2.0
2021-01-05 09:49:11.260,0.9487,0.9516,36.0,0.9466,3.0,1092.0,2.0
2021-01-05 09:49:11.850,0.9487,0.9516,36.0,0.9466,3.0,1092.0,2.0
2021-01-05 09:49:12.270,0.9487,0.9516,36.0,0.9466,3.0,1092.0,2.0
2021-01-05 09:49:12.850,0.9487,0.9526,20.0,0.9466,3.0,1092.0,2.0
2021-01-05 09:49:13.310,0.9487,0.9527,16.0,0.9476,16.0,1092.0,2.0
2021-01-05 09:49:13.851,0.9487,0.9527,36.0,0.9476,16.0,1092.0,2.0
2021-01-05 09:49:14.261,0.9487,0.9527,36.0,0.9476,16.0,1092.0,2.0
2021-01-05 09:49:15.340,0.9487,0.9527,36.0,0.9476,16.0,1092.0,2.0
2021-01-05 09:49:15.851,0.9487,0.9527,36.0,0.9476,16.0,1092.0,2.0
2021-01-05 09:49:17.851,0.9487,0.9527,36.0,0.9477,1.0,1092.0,2.0
2021-01-05 09:49:18.351,0.9487,0.9527,36.0,0.9476,16.0,1092.0,2.0
2021-01-05 09:49:19.330,0.9487,0.9527,36.0,0.9477,1.0,1092.0,2.0
2021-01-05 09:49:21.330,0.9487,0.9527,36.0,0.9477,1.0,1092.0,2.0
2021-01-05 09:49:21.831,0.9487,0.9527,36.0,0.9477,1.0,1092.0,2.0
2021-01-05 09:49:23.201,0.9487,0.9527,36.0,0.9477,6.0,1092.0,2.0
2021-01-05 09:49:23.651,0.9487,0.9527,36.0,0.9477,12.0,1092.0,2.0
2021-01-05 09:49:24.241,0.9487,0.9527,36.0,0.9477,17.0,1092.0,2.0
2021-01-05 09:49:24.590,0.9487,0.9537,16.0,0.9486,16.0,1092.0,2.0
2021-01-05 09:49:25.080,0.9487,0.9537,16.0,0.9486,36.0,1092.0,2.0
2021-01-05 09:49:25.710,0.9487,0.9537,16.0,0.9487,1.0,1092.0,2.0
2021-01-05 09:49:29.210,0.9487,0.9537,16.0,0.9487,1.0,1092.0,2.0
2021-01-05 09:49:29.691,0.9487,0.9537,16.0,0.9486,36.0,1092.0,2.0
2021-01-05 09:49:31.120,0.9487,0.9537,16.0,0.9486,36.0,1092.0,2.0
2021-01-05 09:49:31.621,0.9487,0.9537,16.0,0.9486,36.0,1092.0,2.0
2021-01-05 09:49:32.701,0.9487,0.9537,16.0,0.9486,36.0,1092.0,2.0
2021-01-05 09:49:33.191,0.9487,0.9537,16.0,0.9486,41.0,1092.0,2.0
2021-01-05 09:49:36.570,0.9487,0.9537,16.0,0.9486,43.0,1092.0,2.0
2021-01-05 09:49:37.260,0.9487,0.9537,16.0,0.9486,43.0,1092.0,2.0
2021-01-05 09:49:37.680,0.9487,0.9537,16.0,0.9486,49.0,1092.0,2.0
2021-01-05 09:49:38.180,0.9487,0.9539,20.0,0.9497,16.0,1092.0,2.0
2021-01-05 09:49:38.760,0.9487,0.9548,20.0,0.9497,16.0,1092.0,2.0
2021-01-05 09:49:39.231,0.9487,0.9548,20.0,0.9498,1.0,1092.0,2.0
2021-01-05 09:49:39.761,0.9487,0.9548,20.0,0.9498,21.0,1092.0,2.0
2021-01-05 09:49:42.700,0.9487,0.9548,20.0,0.9498,21.0,1092.0,2.0
2021-01-05 09:49:43.670,0.9487,0.9548,20.0,0.9498,20.0,1092.0,2.0
2021-01-05 09:49:44.760,0.9487,0.9548,20.0,0.9498,20.0,1092.0,2.0
2021-01-05 09:49:45.841,0.9487,0.9548,20.0,0.9499,1.0,1092.0,2.0
2021-01-05 09:49:47.161,0.9487,0.9548,20.0,0.9499,1.0,1092.0,2.0
2021-01-05 09:49:47.691,0.9487,0.9548,20.0,0.9499,1.0,1092.0,2.0
2021-01-05 09:49:48.761,0.9487,0.9548,20.0,0.9498,20.0,1092.0,2.0
2021-01-05 09:49:51.760,0.9487,0.9548,20.0,0.9498,20.0,1092.0,2.0
2021-01-05 09:49:53.220,0.9487,0.9539,16.0,0.9498,20.0,1092.0,2.0
2021-01-05 09:49:53.731,0.9487,0.9539,36.0,0.9488,16.0,1092.0,2.0
2021-01-05 09:49:54.721,0.9487,0.9539,36.0,0.9488,16.0,1092.0,2.0
2021-01-05 09:49:55.210,0.9487,0.9539,36.0,0.9488,16.0,1092.0,2.0
2021-01-05 09:49:56.701,0.9487,0.9529,16.0,0.9486,20.0,1092.0,2.0
2021-01-05 09:49:57.631,0.9487,0.9529,36.0,0.9477,36.0,1092.0,2.0
2021-01-05 09:49:58.240,0.9487,0.9529,36.0,0.9477,36.0,1092.0,2.0
2021-01-05 09:49:58.680,0.9487,0.9529,36.0,0.9477,36.0,1092.0,2.0
2021-01-05 09:49:59.220,0.9487,0.9518,16.0,0.9477,20.0,1092.0,2.0
2021-01-05 09:50:00.111,0.9487,0.9518,36.0,0.9466,36.0,1092.0,2.0
2021-01-05 09:50:00.591,0.9487,0.9518,36.0,0.9466,36.0,1092.0,2.0
2021-01-05 09:50:01.621,0.9487,0.9518,36.0,0.9467,1.0,1092.0,2.0
2021-01-05 09:50:02.241,0.9487,0.9518,36.0,0.9466,36.0,1092.0,2.0
2021-01-05 09:50:02.680,0.9487,0.9518,36.0,0.9466,36.0,1092.0,2.0
2021-01-05 09:50:03.730,0.9487,0.9507,16.0,0.9466,20.0,1092.0,2.0
2021-01-05 09:50:04.241,0.9487,0.9507,46.0,0.9456,16.0,1092.0,2.0
2021-01-05 09:50:04.710,0.9487,0.9495,16.0,0.9451,20.0,1092.0,2.0
2021-01-05 09:50:05.231,0.9487,0.9495,16.0,0.9451,20.0,1092.0,2.0
2021-01-05 09:50:05.690,0.9487,0.9495,36.0,0.9451,20.0,1092.0,2.0
2021-01-05 09:50:07.211,0.9487,0.9495,16.0,0.9451,20.0,1092.0,2.0
2021-01-05 09:50:07.740,0.9487,0.9507,46.0,0.9455,16.0,1092.0,2.0
2021-01-05 09:50:08.251,0.9487,0.9507,46.0,0.9455,16.0,1092.0,2.0
2021-01-05 09:50:08.760,0.9487,0.9507,46.0,0.9455,16.0,1092.0,2.0
2021-01-05 09:50:09.640,0.9487,0.9495,16.0,0.9452,1.0,1092.0,2.0
2021-01-05 09:50:10.210,0.9487,0.9495,16.0,0.9451,20.0,1092.0,2.0
2021-01-05 09:50:10.641,0.9487,0.9495,16.0,0.9451,20.0,1092.0,2.0
2021-01-05 09:50:11.240,0.9487,0.9495,16.0,0.9451,20.0,1092.0,2.0
2021-01-05 09:50:11.761,0.9487,0.9506,16.0,0.9454,16.0,1092.0,2.0
2021-01-05 09:50:12.170,0.9487,0.9506,16.0,0.9454,16.0,1092.0,2.0
2021-01-05 09:50:12.761,0.9487,0.9506,16.0,0.9454,16.0,1092.0,2.0
2021-01-05 09:50:13.670,0.9487,0.9494,16.0,0.9452,1.0,1092.0,2.0
2021-01-05 09:50:14.241,0.9487,0.9494,16.0,0.9451,20.0,1092.0,2.0
2021-01-05 09:50:14.700,0.9487,0.9494,36.0,0.9451,20.0,1092.0,2.0
2021-01-05 09:50:15.211,0.9487,0.9494,36.0,0.9451,20.0,1092.0,2.0
2021-01-05 09:50:16.191,0.9487,0.9494,36.0,0.9442,36.0,1092.0,2.0
2021-01-05 09:50:16.761,0.9487,0.9494,36.0,0.9443,2.0,1092.0,2.0
2021-01-05 09:50:17.230,0.9487,0.9494,36.0,0.9443,2.0,1092.0,2.0
2021-01-05 09:50:17.770,0.9487,0.9494,36.0,0.9442,36.0,1092.0,2.0
2021-01-05 09:50:18.271,0.9487,0.9494,36.0,0.9444,1.0,1092.0,2.0
2021-01-05 09:50:18.740,0.9487,0.9494,36.0,0.9444,1.0,1092.0,2.0
2021-01-05 09:50:19.260,0.9487,0.9494,36.0,0.9444,1.0,1092.0,2.0
2021-01-05 09:50:19.700,0.9487,0.9494,36.0,0.9444,1.0,1092.0,2.0
2021-01-05 09:50:20.231,0.9487,0.9494,16.0,0.9444,6.0,1092.0,2.0
2021-01-05 09:50:20.680,0.9487,0.9494,16.0,0.9444,12.0,1092.0,2.0
2021-01-05 09:50:21.251,0.9487,0.9504,16.0,0.9452,16.0,1092.0,2.0
2021-01-05 09:50:21.681,0.9487,0.9504,16.0,0.9453,1.0,1092.0,2.0
2021-01-05 09:50:22.250,0.9487,0.9504,16.0,0.9453,1.0,1092.0,2.0
2021-01-05 09:50:22.661,0.9487,0.9504,16.0,0.9453,1.0,1092.0,2.0
2021-01-05 09:50:23.710,0.9487,0.9504,16.0,0.9453,3.0,1092.0,2.0
2021-01-05 09:50:24.240,0.9487,0.9504,16.0,0.9453,8.0,1092.0,2.0
2021-01-05 09:50:24.720,0.9487,0.9504,16.0,0.9453,1.0,1092.0,2.0
2021-01-05 09:50:26.230,0.9487,0.9504,16.0,0.9452,36.0,1092.0,2.0
2021-01-05 09:50:26.741,0.9487,0.9504,16.0,0.9454,1.0,1092.0,2.0
2021-01-05 09:50:27.210,0.9487,0.9504,16.0,0.9454,1.0,1092.0,2.0
2021-01-05 09:50:27.661,0.9487,0.9504,16.0,0.9454,1.0,1092.0,2.0
2021-01-05 09:50:28.251,0.9487,0.9504,16.0,0.9454,6.0,1092.0,2.0
2021-01-05 09:50:28.731,0.9487,0.9507,20.0,0.9462,16.0,1092.0,2.0
2021-01-05 09:50:29.160,0.9487,0.9507,20.0,0.9462,36.0,1092.0,2.0
2021-01-05 09:50:29.730,0.9487,0.9507,20.0,0.9463,1.0,1092.0,2.0
2021-01-05 09:50:31.140,0.9487,0.9507,20.0,0.9463,1.0,1092.0,2.0
2021-01-05 09:50:34.241,0.9487,0.9507,20.0,0.9462,36.0,1092.0,2.0
2021-01-05 09:50:35.240,0.9487,0.9507,20.0,0.9462,36.0,1092.0,2.0
2021-01-05 09:50:35.711,0.9487,0.9507,20.0,0.9462,36.0,1092.0,2.0
2021-01-05 09:50:37.221,0.9487,0.9503,16.0,0.9462,20.0,1092.0,2.0
2021-01-05 09:50:38.260,0.9487,0.9503,16.0,0.9452,36.0,1092.0,2.0
2021-01-05 09:50:39.591,0.9487,0.9503,16.0,0.9452,36.0,1092.0,2.0
2021-01-05 09:50:42.260,0.9487,0.9503,16.0,0.9453,2.0,1092.0,2.0
2021-01-05 09:50:42.730,0.9487,0.9503,16.0,0.9452,36.0,1092.0,2.0
2021-01-05 09:50:43.760,0.9487,0.9503,26.0,0.9452,36.0,1092.0,2.0
2021-01-05 09:50:44.250,0.9487,0.9503,26.0,0.9452,36.0,1092.0,2.0
2021-01-05 09:50:44.751,0.9487,0.9503,26.0,0.9452,36.0,1092.0,2.0
2021-01-05 09:50:45.681,0.9487,0.9503,26.0,0.9452,36.0,1092.0,2.0
2021-01-05 09:50:46.250,0.9487,0.9503,26.0,0.9452,36.0,1092.0,2.0
2021-01-05 09:50:46.740,0.9487,0.9503,26.0,0.9452,36.0,1092.0,2.0
2021-01-05 09:50:49.191,0.9487,0.9503,26.0,0.9453,1.0,1092.0,2.0
2021-01-05 09:50:49.771,0.9487,0.9503,16.0,0.9453,1.0,1092.0,2.0
2021-01-05 09:50:53.721,0.9487,0.9503,16.0,0.9452,36.0,1092.0,2.0
2021-01-05 09:50:54.680,0.9487,0.9503,16.0,0.9452,36.0,1092.0,2.0
2021-01-05 09:50:56.241,0.9487,0.9493,16.0,0.9452,20.0,1092.0,2.0
2021-01-05 09:50:56.691,0.9487,0.9493,36.0,0.9441,36.0,1092.0,2.0
2021-01-05 09:50:57.221,0.9487,0.9493,36.0,0.9442,3.0,1092.0,2.0
2021-01-05 09:50:57.311,0.9487,0.9493,36.0,0.9442,3.0,1092.0,2.0
2021-01-05 09:50:58.741,0.9487,0.9493,36.0,0.9442,1.0,1092.0,2.0
2021-01-05 09:50:59.740,0.9487,0.9493,36.0,0.9443,2.0,1092.0,2.0
2021-01-05 09:51:00.260,0.9487,0.9507,36.0,0.9456,16.0,1092.0,2.0
2021-01-05 09:51:00.710,0.9487,0.9507,36.0,0.9456,36.0,1092.0,2.0
2021-01-05 09:51:01.190,0.9487,0.9507,36.0,0.9457,1.0,1092.0,2.0
2021-01-05 09:51:01.670,0.9487,0.9507,36.0,0.9457,1.0,1092.0,2.0
2021-01-05 09:51:03.161,0.9487,0.9507,36.0,0.9456,36.0,1092.0,2.0
2021-01-05 09:51:04.110,0.9487,0.9507,36.0,0.9456,36.0,1092.0,2.0
2021-01-05 09:51:04.731,0.9487,0.9507,36.0,0.9456,36.0,1092.0,2.0
2021-01-05 09:51:05.240,0.9487,0.9507,36.0,0.9456,36.0,1092.0,2.0
2021-01-05 09:51:05.751,0.9487,0.9497,16.0,0.9456,20.0,1092.0,2.0
2021-01-05 09:51:06.260,0.9487,0.9497,36.0,0.9446,16.0,1092.0,2.0
2021-01-05 09:51:06.740,0.9487,0.9497,36.0,0.9447,1.0,1092.0,2.0
2021-01-05 09:51:07.251,0.9487,0.9497,36.0,0.9447,1.0,1092.0,2.0
2021-01-05 09:51:07.751,0.9487,0.9497,36.0,0.9447,1.0,1092.0,2.0
2021-01-05 09:51:08.250,0.9487,0.9497,36.0,0.9447,1.0,1092.0,2.0
2021-01-05 09:51:08.740,0.9487,0.9497,36.0,0.9447,1.0,1092.0,2.0
2021-01-05 09:51:10.260,0.9487,0.9497,36.0,0.9447,1.0,1092.0,2.0
2021-01-05 09:51:10.761,0.9487,0.9497,36.0,0.9447,1.0,1092.0,2.0
2021-01-05 09:51:11.270,0.9487,0.9497,20.0,0.9447,17.0,1092.0,2.0
2021-01-05 09:51:11.781,0.9487,0.9507,20.0,0.946,16.0,1092.0,2.0
2021-01-05 09:51:12.271,0.9487,0.9507,20.0,0.946,16.0,1092.0,2.0
2021-01-05 09:51:12.791,0.9487,0.9507,20.0,0.9461,1.0,1092.0,2.0
2021-01-05 09:51:13.291,0.9487,0.9507,20.0,0.9461,1.0,1092.0,2.0
2021-01-05 09:51:14.280,0.9487,0.9526,16.0,0.9476,1.0,1092.0,2.0
2021-01-05 09:51:15.250,0.9487,0.9526,16.0,0.9476,1.0,1092.0,2.0
2021-01-05 09:51:15.771,0.9487,0.9526,16.0,0.9476,1.0,1092.0,2.0
2021-01-05 09:51:16.280,0.9487,0.9526,16.0,0.9475,36.0,1092.0,2.0
2021-01-05 09:51:16.730,0.9487,0.9526,16.0,0.9476,1.0,1092.0,2.0
2021-01-05 09:51:17.310,0.9487,0.9526,16.0,0.9475,36.0,1092.0,2.0
2021-01-05 09:51:18.770,0.9487,0.9531,20.0,0.9475,20.0,1092.0,2.0
2021-01-05 09:51:19.281,0.9487,0.9515,16.0,0.9475,20.0,1092.0,2.0
2021-01-05 09:51:19.800,0.9487,0.9515,16.0,0.9475,20.0,1092.0,2.0
2021-01-05 09:51:20.261,0.9487,0.9515,16.0,0.9475,20.0,1092.0,2.0
2021-01-05 09:51:20.810,0.9487,0.9515,16.0,0.9464,16.0,1092.0,2.0
2021-01-05 09:51:21.311,0.9487,0.9515,16.0,0.9464,16.0,1092.0,2.0
2021-01-05 09:51:21.780,0.9487,0.9515,16.0,0.9465,3.0,1092.0,2.0
2021-01-05 09:51:22.301,0.9487,0.9531,20.0,0.9465,14.0,1092.0,2.0
2021-01-05 09:51:22.451,0.9487,0.9528,16.0,0.9476,16.0,1092.0,2.0
2021-01-05 09:51:23.121,0.9487,0.9528,16.0,0.9477,1.0,1092.0,2.0
2021-01-05 09:51:24.251,0.9487,0.9528,16.0,0.9476,36.0,1092.0,2.0
2021-01-05 09:51:24.760,0.9487,0.9528,16.0,0.9477,1.0,1092.0,2.0
2021-01-05 09:51:25.221,0.9487,0.9528,16.0,0.9477,1.0,1092.0,2.0
2021-01-05 09:51:25.530,0.9487,0.9528,16.0,0.9476,36.0,1092.0,2.0
2021-01-05 09:51:26.771,0.9487,0.9528,16.0,0.9476,36.0,1092.0,2.0
2021-01-05 09:51:27.161,0.9487,0.9528,16.0,0.9476,36.0,1092.0,2.0
2021-01-05 09:51:27.770,0.9487,0.9528,16.0,0.9476,36.0,1092.0,2.0
2021-01-05 09:51:28.250,0.9487,0.9528,16.0,0.9476,36.0,1092.0,2.0
2021-01-05 09:51:29.271,0.9487,0.9528,16.0,0.9476,36.0,1092.0,2.0
2021-01-05 09:51:29.770,0.9487,0.9543,30.0,0.9477,2.0,1092.0,2.0
2021-01-05 09:51:30.260,0.9487,0.9538,16.0,0.9486,16.0,1092.0,2.0
2021-01-05 09:51:30.750,0.9487,0.9538,16.0,0.9486,36.0,1092.0,2.0
2021-01-05 09:51:31.180,0.9487,0.9538,16.0,0.9487,1.0,1092.0,2.0
2021-01-05 09:51:32.271,0.9487,0.9538,16.0,0.9487,1.0,1092.0,2.0
2021-01-05 09:51:32.780,0.9487,0.9538,16.0,0.9487,1.0,1092.0,2.0
2021-01-05 09:51:33.291,0.9487,0.9538,16.0,0.9486,36.0,1092.0,2.0
2021-01-05 09:51:37.270,0.9487,0.9538,16.0,0.9487,1.0,1092.0,2.0
2021-01-05 09:51:37.791,0.9487,0.9538,16.0,0.9487,1.0,1092.0,2.0
2021-01-05 09:51:39.281,0.9487,0.9538,16.0,0.9487,1.0,1092.0,2.0
2021-01-05 09:51:39.771,0.9487,0.9538,16.0,0.9487,1.0,1092.0,2.0
2021-01-05 09:51:40.240,0.9487,0.9538,16.0,0.9487,1.0,1092.0,2.0
2021-01-05 09:51:41.690,0.9487,0.9543,30.0,0.9487,1.0,1092.0,2.0
2021-01-05 09:51:42.261,0.9487,0.9543,30.0,0.9497,16.0,1092.0,2.0
2021-01-05 09:51:42.791,0.9487,0.9543,30.0,0.9498,1.0,1092.0,2.0
2021-01-05 09:51:43.260,0.9487,0.9543,20.0,0.9498,1.0,1092.0,2.0
2021-01-05 09:51:43.761,0.9487,0.9543,20.0,0.9498,1.0,1092.0,2.0
2021-01-05 09:51:44.280,0.9487,0.9543,20.0,0.9497,36.0,1092.0,2.0
2021-01-05 09:51:44.781,0.9487,0.9543,20.0,0.9497,36.0,1092.0,2.0
2021-01-05 09:51:45.281,0.9487,0.9543,20.0,0.9497,36.0,1092.0,2.0
2021-01-05 09:51:45.811,0.9487,0.9543,20.0,0.9497,20.0,1092.0,2.0
2021-01-05 09:51:46.311,0.9487,0.9536,16.0,0.9497,20.0,1092.0,2.0
2021-01-05 09:51:46.800,0.9487,0.9536,36.0,0.9497,20.0,1092.0,2.0
2021-01-05 09:51:49.281,0.9487,0.9536,36.0,0.9497,20.0,1092.0,2.0
2021-01-05 09:51:49.820,0.9487,0.9536,36.0,0.9497,20.0,1092.0,2.0
2021-01-05 09:51:51.301,0.9487,0.9536,36.0,0.9486,20.0,1092.0,2.0
2021-01-05 09:51:51.830,0.9487,0.9536,20.0,0.9473,30.0,1092.0,2.0
2021-01-05 09:51:52.301,0.9487,0.9523,16.0,0.9473,30.0,1092.0,2.0
2021-01-05 09:51:53.161,0.9487,0.9523,16.0,0.9473,20.0,1092.0,2.0
2021-01-05 09:51:53.730,0.9487,0.9523,16.0,0.9473,20.0,1092.0,2.0
2021-01-05 09:51:54.711,0.9487,0.9523,16.0,0.9473,20.0,1092.0,2.0
2021-01-05 09:51:55.230,0.9487,0.9523,16.0,0.9473,20.0,1092.0,2.0
2021-01-05 09:51:58.740,0.9487,0.9523,16.0,0.9473,20.0,1092.0,2.0
2021-01-05 09:51:59.750,0.9487,0.9523,16.0,0.9474,1.0,1092.0,2.0
2021-01-05 09:52:00.250,0.9487,0.9523,16.0,0.9474,1.0,1092.0,2.0
2021-01-05 09:52:00.751,0.9487,0.9525,20.0,0.9474,1.0,1092.0,2.0
2021-01-05 09:52:00.811,0.9487,0.9534,16.0,0.9482,16.0,1092.0,2.0
2021-01-05 09:52:01.731,0.9487,0.9534,16.0,0.9482,16.0,1092.0,2.0
2021-01-05 09:52:02.250,0.9487,0.9534,36.0,0.9482,36.0,1092.0,2.0
2021-01-05 09:52:03.251,0.9487,0.9534,36.0,0.9482,36.0,1092.0,2.0
2021-01-05 09:52:08.180,0.9487,0.9523,10.0,0.9482,36.0,1092.0,2.0
2021-01-05 09:52:09.081,0.9487,0.9523,30.0,0.9482,36.0,1092.0,2.0
2021-01-05 09:52:11.761,0.9487,0.9523,30.0,0.9482,36.0,1092.0,2.0
2021-01-05 09:52:12.631,0.9487,0.9523,30.0,0.9483,1.0,1092.0,2.0
2021-01-05 09:52:13.260,0.9487,0.9523,30.0,0.9483,1.0,1092.0,2.0
2021-01-05 09:52:15.751,0.9487,0.9523,30.0,0.9483,1.0,1092.0,2.0
2021-01-05 09:52:17.271,0.9487,0.9523,30.0,0.9483,1.0,1092.0,2.0
2021-01-05 09:52:20.750,0.9487,0.9523,10.0,0.9483,1.0,1092.0,2.0
2021-01-05 09:52:21.370,0.9487,0.9523,10.0,0.9483,1.0,1092.0,2.0
2021-01-05 09:52:22.271,0.9487,0.9523,10.0,0.9483,1.0,1092.0,2.0
2021-01-05 09:52:23.241,0.9487,0.9523,10.0,0.9483,1.0,1092.0,2.0
2021-01-05 09:52:23.751,0.9487,0.9523,10.0,0.9483,1.0,1092.0,2.0
2021-01-05 09:52:25.741,0.9487,0.9523,10.0,0.9483,12.0,1092.0,2.0
2021-01-05 09:52:26.100,0.9487,0.9523,10.0,0.9483,1.0,1092.0,2.0
2021-01-05 09:52:28.271,0.9487,0.9523,30.0,0.9482,36.0,1092.0,2.0
2021-01-05 09:52:28.761,0.9487,0.9523,20.0,0.9482,36.0,1092.0,2.0
2021-01-05 09:52:29.771,0.9487,0.9534,36.0,0.9482,36.0,1092.0,2.0
2021-01-05 09:52:30.271,0.9487,0.9534,36.0,0.9483,1.0,1092.0,2.0
2021-01-05 09:52:32.691,0.9487,0.9534,36.0,0.9483,1.0,1092.0,2.0
2021-01-05 09:52:34.301,0.9487,0.9534,36.0,0.9483,1.0,1092.0,2.0
2021-01-05 09:52:36.301,0.9487,0.9534,20.0,0.9483,1.0,1092.0,2.0
2021-01-05 09:52:36.770,0.9487,0.9544,16.0,0.9492,16.0,1092.0,2.0
2021-01-05 09:52:36.791,0.9487,0.9544,16.0,0.9493,1.0,1092.0,2.0
2021-01-05 09:52:38.170,0.9487,0.9544,16.0,0.9493,1.0,1092.0,2.0
2021-01-05 09:52:38.791,0.9487,0.9544,16.0,0.9493,1.0,1092.0,2.0
2021-01-05 09:52:39.300,0.9487,0.9544,16.0,0.9493,1.0,1092.0,2.0
2021-01-05 09:52:39.801,0.9487,0.9544,16.0,0.9493,1.0,1092.0,2.0
2021-01-05 09:52:41.780,0.9487,0.9544,16.0,0.9493,11.0,1092.0,2.0
2021-01-05 09:52:42.291,0.9487,0.9544,16.0,0.9493,1.0,1092.0,2.0
2021-01-05 09:52:42.790,0.9487,0.9544,16.0,0.9493,11.0,1092.0,2.0
2021-01-05 09:52:43.290,0.9487,0.9544,16.0,0.9494,2.0,1092.0,2.0
2021-01-05 09:52:43.791,0.9487,0.9546,10.0,0.9503,16.0,1092.0,2.0
2021-01-05 09:52:44.020,0.9487,0.9546,10.0,0.9504,1.0,1092.0,2.0
2021-01-05 09:52:45.311,0.9487,0.9554,16.0,0.9504,1.0,1092.0,2.0
2021-01-05 09:52:45.810,0.9487,0.9554,16.0,0.9504,1.0,1092.0,2.0
2021-01-05 09:52:46.800,0.9487,0.9554,16.0,0.9504,1.0,1092.0,2.0
2021-01-05 09:52:47.301,0.9487,0.9554,16.0,0.9504,1.0,1092.0,2.0
2021-01-05 09:52:47.810,0.9487,0.9554,16.0,0.9504,1.0,1092.0,2.0
2021-01-05 09:52:48.331,0.9487,0.9554,16.0,0.9504,7.0,1092.0,2.0
2021-01-05 09:52:48.800,0.9487,0.9573,30.0,0.9504,14.0,1092.0,2.0
2021-01-05 09:52:49.211,0.9487,0.9567,16.0,0.9516,16.0,1092.0,2.0
2021-01-05 09:52:49.820,0.9487,0.9567,16.0,0.9517,1.0,1092.0,2.0
2021-01-05 09:52:50.321,0.9487,0.9567,16.0,0.9517,1.0,1092.0,2.0
2021-01-05 09:52:50.801,0.9487,0.9567,16.0,0.9517,1.0,1092.0,2.0
2021-01-05 09:52:51.820,0.9487,0.9567,16.0,0.9516,36.0,1092.0,2.0
2021-01-05 09:52:53.231,0.9487,0.9547,16.0,0.9496,16.0,1092.0,2.0
2021-01-05 09:52:54.250,0.9487,0.9547,16.0,0.95,20.0,1092.0,2.0
2021-01-05 09:52:55.760,0.9487,0.9547,16.0,0.95,20.0,1092.0,2.0
2021-01-05 09:52:57.260,0.9487,0.9547,16.0,0.95,20.0,1092.0,2.0
2021-01-05 09:52:58.770,0.9487,0.9547,16.0,0.9497,1.0,1092.0,2.0
2021-01-05 09:52:59.260,0.9487,0.9547,16.0,0.9496,16.0,1092.0,2.0
2021-01-05 09:52:59.761,0.9487,0.9547,16.0,0.9496,16.0,1092.0,2.0
2021-01-05 09:53:01.041,0.9487,0.9547,16.0,0.9497,1.0,1092.0,2.0
2021-01-05 09:53:02.011,0.9487,0.9547,16.0,0.9497,1.0,1092.0,2.0
2021-01-05 09:53:02.760,0.9487,0.9547,16.0,0.9497,11.0,1092.0,2.0
2021-01-05 09:53:03.200,0.9487,0.9547,16.0,0.9497,1.0,1092.0,2.0
2021-01-05 09:53:03.761,0.9487,0.9547,16.0,0.9497,1.0,1092.0,2.0
2021-01-05 09:53:03.830,0.9487,0.9547,36.0,0.9497,1.0,1092.0,2.0
2021-01-05 09:53:04.770,0.9487,0.9547,16.0,0.9497,1.0,1092.0,2.0
2021-01-05 09:53:05.281,0.9487,0.9547,36.0,0.9497,1.0,1092.0,2.0
2021-01-05 09:53:05.761,0.9487,0.9547,16.0,0.9497,1.0,1092.0,2.0
2021-01-05 09:53:06.220,0.9487,0.9547,16.0,0.9497,1.0,1092.0,2.0
2021-01-05 09:53:07.000,0.9487,0.9543,10.0,0.9497,1.0,1092.0,2.0
2021-01-05 09:53:08.281,0.9487,0.9543,10.0,0.9506,16.0,1092.0,2.0
2021-01-05 09:53:09.301,0.9487,0.9543,10.0,0.9507,1.0,1092.0,2.0
2021-01-05 09:53:09.640,0.9487,0.9543,10.0,0.9507,1.0,1092.0,2.0
2021-01-05 09:53:11.290,0.9487,0.9543,10.0,0.9507,1.0,1092.0,2.0
2021-01-05 09:53:12.300,0.9487,0.9543,10.0,0.9506,36.0,1092.0,2.0
2021-01-05 09:53:13.301,0.9487,0.9543,10.0,0.9506,20.0,1092.0,2.0
2021-01-05 09:53:13.801,0.9487,0.9543,10.0,0.9506,20.0,1092.0,2.0
2021-01-05 09:53:14.321,0.9487,0.9543,10.0,0.9495,16.0,1092.0,2.0
2021-01-05 09:53:14.821,0.9487,0.9543,10.0,0.949,20.0,1092.0,2.0
2021-01-05 09:53:15.320,0.9487,0.9536,16.0,0.9485,16.0,1092.0,2.0
2021-01-05 09:53:15.810,0.9487,0.9536,16.0,0.9485,36.0,1092.0,2.0
2021-01-05 09:53:16.321,0.9487,0.9536,16.0,0.9485,36.0,1092.0,2.0
2021-01-05 09:53:17.161,0.9487,0.9536,16.0,0.9485,36.0,1092.0,2.0
2021-01-05 09:53:17.820,0.9487,0.9543,10.0,0.9485,30.0,1092.0,2.0
2021-01-05 09:53:18.300,0.9487,0.9543,10.0,0.9495,16.0,1092.0,2.0
2021-01-05 09:53:18.811,0.9487,0.9543,10.0,0.9495,16.0,1092.0,2.0
2021-01-05 09:53:18.811,0.9487,0.9543,10.0,0.9495,36.0,1092.0,2.0
2021-01-05 09:53:19.800,0.9487,0.9543,10.0,0.9495,26.0,1092.0,2.0
2021-01-05 09:53:20.311,0.9487,0.9543,10.0,0.9495,46.0,1092.0,2.0
2021-01-05 09:53:21.291,0.9487,0.9543,10.0,0.9495,51.0,1092.0,2.0
2021-01-05 09:53:22.311,0.9487,0.9543,10.0,0.9495,51.0,1092.0,2.0
2021-01-05 09:53:22.330,0.9487,0.9543,10.0,0.9495,56.0,1092.0,2.0
2021-01-05 09:53:23.170,0.9487,0.9543,10.0,0.9495,46.0,1092.0,2.0
2021-01-05 09:53:24.140,0.9487,0.9543,10.0,0.9495,46.0,1092.0,2.0
2021-01-05 09:53:25.650,0.9487,0.9543,10.0,0.9495,51.0,1092.0,2.0
2021-01-05 09:53:26.751,0.9487,0.9543,10.0,0.9495,62.0,1092.0,2.0
2021-01-05 09:53:27.191,0.9487,0.9543,10.0,0.9495,51.0,1092.0,2.0
2021-01-05 09:53:27.730,0.9487,0.9543,10.0,0.9495,46.0,1092.0,2.0
2021-01-05 09:53:28.750,0.9487,0.9536,16.0,0.9495,20.0,1092.0,2.0
2021-01-05 09:53:29.711,0.9487,0.9536,16.0,0.9485,36.0,1092.0,2.0
2021-01-05 09:53:30.211,0.9487,0.9536,16.0,0.9486,2.0,1092.0,2.0
2021-01-05 09:53:31.021,0.9487,0.9536,16.0,0.9486,2.0,1092.0,2.0
2021-01-05 09:53:32.001,0.9487,0.9536,16.0,0.9486,2.0,1092.0,2.0
2021-01-05 09:53:32.681,0.9487,0.9536,16.0,0.9486,8.0,1092.0,2.0
2021-01-05 09:53:33.240,0.9487,0.9536,16.0,0.9486,7.0,1092.0,2.0
2021-01-05 09:53:34.160,0.9487,0.9542,20.0,0.9494,16.0,1092.0,2.0
2021-01-05 09:53:34.541,0.9487,0.9542,20.0,0.9494,36.0,1092.0,2.0
2021-01-05 09:53:35.121,0.9487,0.9542,20.0,0.9494,36.0,1092.0,2.0
2021-01-05 09:53:36.761,0.9487,0.9543,10.0,0.9494,36.0,1092.0,2.0
2021-01-05 09:53:39.770,0.9487,0.9543,30.0,0.9494,36.0,1092.0,2.0
2021-01-05 09:53:40.271,0.9487,0.9543,30.0,0.9494,36.0,1092.0,2.0
2021-01-05 09:53:43.291,0.9487,0.9543,30.0,0.9494,36.0,1092.0,2.0
2021-01-05 09:53:48.801,0.9487,0.9535,16.0,0.9494,20.0,1092.0,2.0
2021-01-05 09:53:49.281,0.9487,0.9535,16.0,0.9485,20.0,1092.0,2.0
2021-01-05 09:53:49.811,0.9487,0.9535,16.0,0.9485,20.0,1092.0,2.0
2021-01-05 09:53:52.710,0.9487,0.9535,16.0,0.9485,20.0,1092.0,2.0
2021-01-05 09:53:54.230,0.9487,0.9535,16.0,0.9485,20.0,1092.0,2.0
2021-01-05 09:53:54.710,0.9487,0.9535,16.0,0.9485,20.0,1092.0,2.0
2021-01-05 09:53:55.730,0.9487,0.9535,16.0,0.9485,20.0,1092.0,2.0
2021-01-05 09:53:56.220,0.9487,0.9535,16.0,0.9485,20.0,1092.0,2.0
2021-01-05 09:53:56.691,0.9487,0.9535,16.0,0.9485,20.0,1092.0,2.0
2021-01-05 09:53:58.270,0.9487,0.9535,16.0,0.9485,20.0,1092.0,2.0
2021-01-05 09:54:04.250,0.9487,0.9535,16.0,0.9485,20.0,1092.0,2.0
2021-01-05 09:54:04.671,0.9487,0.9535,16.0,0.9485,20.0,1092.0,2.0
2021-01-05 09:54:05.270,0.9487,0.9535,16.0,0.9486,2.0,1092.0,2.0
2021-01-05 09:54:06.260,0.9487,0.9543,30.0,0.9495,16.0,1092.0,2.0
2021-01-05 09:54:07.241,0.9487,0.9543,30.0,0.9495,36.0,1092.0,2.0
2021-01-05 09:54:09.691,0.9487,0.9543,10.0,0.9495,38.0,1092.0,2.0
2021-01-05 09:54:10.240,0.9487,0.9543,10.0,0.9505,16.0,1092.0,2.0
2021-01-05 09:54:10.651,0.9487,0.9543,10.0,0.9505,16.0,1092.0,2.0
2021-01-05 09:54:11.231,0.9487,0.9543,10.0,0.9505,36.0,1092.0,2.0
2021-01-05 09:54:11.700,0.9487,0.9543,10.0,0.9505,16.0,1092.0,2.0
2021-01-05 09:54:12.250,0.9487,0.9543,30.0,0.9505,20.0,1092.0,2.0
2021-01-05 09:54:12.751,0.9487,0.9543,10.0,0.9494,16.0,1092.0,2.0
2021-01-05 09:54:13.201,0.9487,0.9543,30.0,0.9494,36.0,1092.0,2.0
2021-01-05 09:54:13.761,0.9487,0.9543,30.0,0.9494,16.0,1092.0,2.0
2021-01-05 09:54:14.100,0.9487,0.9543,30.0,0.9494,36.0,1092.0,2.0
2021-01-05 09:54:14.701,0.9487,0.9543,30.0,0.9494,16.0,1092.0,2.0
2021-01-05 09:54:17.700,0.9487,0.9543,30.0,0.9494,16.0,1092.0,2.0
2021-01-05 09:54:18.241,0.9487,0.9543,30.0,0.9494,36.0,1092.0,2.0
2021-01-05 09:54:20.700,0.9487,0.9543,30.0,0.9494,36.0,1092.0,2.0
2021-01-05 09:54:21.761,0.9487,0.9543,30.0,0.9494,36.0,1092.0,2.0
2021-01-05 09:54:22.681,0.9487,0.9543,30.0,0.9494,36.0,1092.0,2.0
2021-01-05 09:54:34.111,0.9487,0.9543,30.0,0.9494,36.0,1092.0,2.0
2021-01-05 09:54:34.640,0.9487,0.9543,30.0,0.9494,36.0,1092.0,2.0
2021-01-05 09:54:42.781,0.9487,0.9543,30.0,0.9494,36.0,1092.0,2.0
2021-01-05 09:54:44.701,0.9487,0.9543,30.0,0.9494,36.0,1092.0,2.0
2021-01-05 09:54:57.120,0.9487,0.9534,16.0,0.9494,20.0,1092.0,2.0
2021-01-05 09:54:57.710,0.9487,0.9534,16.0,0.9494,20.0,1092.0,2.0
2021-01-05 09:54:58.261,0.9487,0.9534,36.0,0.9483,36.0,1092.0,2.0
2021-01-05 09:54:58.680,0.9487,0.9534,16.0,0.9483,16.0,1092.0,2.0
2021-01-05 09:54:59.041,0.9487,0.953,10.0,0.9483,16.0,1092.0,2.0
2021-01-05 09:55:00.121,0.9487,0.9524,16.0,0.9473,20.0,1092.0,2.0
2021-01-05 09:55:03.281,0.9487,0.9512,16.0,0.9473,20.0,1092.0,2.0
2021-01-05 09:55:03.721,0.9487,0.9512,36.0,0.9473,20.0,1092.0,2.0
2021-01-05 09:55:04.720,0.9487,0.9512,36.0,0.9461,36.0,1092.0,2.0
2021-01-05 09:55:05.271,0.9487,0.9512,36.0,0.9461,36.0,1092.0,2.0
2021-01-05 09:55:05.690,0.9487,0.9512,36.0,0.9461,36.0,1092.0,2.0
2021-01-05 09:55:06.280,0.9487,0.9512,36.0,0.9461,36.0,1092.0,2.0
2021-01-05 09:55:07.281,0.9487,0.9512,36.0,0.9461,36.0,1092.0,2.0
2021-01-05 09:55:07.650,0.9487,0.9512,36.0,0.9461,36.0,1092.0,2.0
2021-01-05 09:55:08.791,0.9487,0.9512,36.0,0.9461,36.0,1092.0,2.0
2021-01-05 09:55:09.590,0.9487,0.9512,20.0,0.9471,16.0,1092.0,2.0
2021-01-05 09:55:10.161,0.9487,0.9512,20.0,0.9471,16.0,1092.0,2.0
2021-01-05 09:55:10.760,0.9487,0.9522,16.0,0.9471,36.0,1092.0,2.0
2021-01-05 09:55:11.050,0.9487,0.9522,16.0,0.9471,16.0,1092.0,2.0
2021-01-05 09:55:11.721,0.9487,0.9511,16.0,0.9468,20.0,1092.0,2.0
2021-01-05 09:55:12.641,0.9487,0.951,10.0,0.9468,20.0,1092.0,2.0
2021-01-05 09:55:13.221,0.9487,0.951,10.0,0.9468,20.0,1092.0,2.0
2021-01-05 09:55:13.761,0.9487,0.951,10.0,0.946,16.0,1092.0,2.0
2021-01-05 09:55:14.260,0.9487,0.951,10.0,0.946,16.0,1092.0,2.0
2021-01-05 09:55:14.750,0.9487,0.9511,36.0,0.946,16.0,1092.0,2.0
2021-01-05 09:55:15.751,0.9487,0.9499,16.0,0.9459,20.0,1092.0,2.0
2021-01-05 09:55:16.750,0.9487,0.9499,36.0,0.9448,16.0,1092.0,2.0
2021-01-05 09:55:17.761,0.9487,0.9499,36.0,0.9448,16.0,1092.0,2.0
2021-01-05 09:55:21.770,0.9487,0.9499,36.0,0.9448,16.0,1092.0,2.0
2021-01-05 09:55:22.281,0.9487,0.9499,20.0,0.9446,2.0,1092.0,2.0
2021-01-05 09:55:22.750,0.9487,0.9513,16.0,0.9461,16.0,1092.0,2.0
2021-01-05 09:55:23.261,0.9487,0.9513,16.0,0.9461,36.0,1092.0,2.0
2021-01-05 09:55:23.741,0.9487,0.9513,16.0,0.9461,36.0,1092.0,2.0
2021-01-05 09:55:24.240,0.9487,0.9513,16.0,0.9461,36.0,1092.0,2.0
2021-01-05 09:55:24.240,0.9487,0.9513,16.0,0.9461,36.0,1092.0,2.0
2021-01-05 09:55:26.751,0.9487,0.9513,16.0,0.9461,36.0,1092.0,2.0
2021-01-05 09:55:27.151,0.9487,0.9513,16.0,0.9461,36.0,1092.0,2.0
2021-01-05 09:55:29.260,0.9487,0.9513,16.0,0.9462,2.0,1092.0,2.0
2021-01-05 09:55:29.721,0.9487,0.9513,16.0,0.9462,2.0,1092.0,2.0
2021-01-05 09:55:30.271,0.9487,0.9513,16.0,0.9461,36.0,1092.0,2.0
2021-01-05 09:55:30.760,0.9487,0.9513,16.0,0.9461,36.0,1092.0,2.0
2021-01-05 09:55:31.231,0.9487,0.9513,16.0,0.9461,38.0,1092.0,2.0
2021-01-05 09:55:31.750,0.9487,0.952,20.0,0.9471,16.0,1092.0,2.0
2021-01-05 09:55:32.280,0.9487,0.952,20.0,0.9471,36.0,1092.0,2.0
2021-01-05 09:55:32.791,0.9487,0.952,20.0,0.9471,36.0,1092.0,2.0
2021-01-05 09:55:33.260,0.9487,0.952,20.0,0.9471,36.0,1092.0,2.0
2021-01-05 09:55:35.250,0.9487,0.952,20.0,0.9471,36.0,1092.0,2.0
2021-01-05 09:55:35.721,0.9487,0.952,20.0,0.9471,36.0,1092.0,2.0
2021-01-05 09:55:36.270,0.9487,0.952,20.0,0.9471,36.0,1092.0,2.0
2021-01-05 09:55:50.321,0.9487,0.952,20.0,0.9474,10.0,1092.0,2.0
2021-01-05 09:55:51.320,0.9487,0.952,20.0,0.9474,10.0,1092.0,2.0
2021-01-05 09:55:54.251,0.9487,0.952,20.0,0.9474,10.0,1092.0,2.0
2021-01-05 09:55:54.761,0.9487,0.952,20.0,0.9474,10.0,1092.0,2.0
2021-01-05 09:55:55.210,0.9487,0.952,20.0,0.9474,10.0,1092.0,2.0
2021-01-05 09:56:00.770,0.9487,0.952,20.0,0.9481,16.0,1092.0,2.0
2021-01-05 09:56:01.271,0.9487,0.9532,36.0,0.9481,36.0,1092.0,2.0
2021-01-05 09:56:03.271,0.9487,0.9532,20.0,0.9474,10.0,1092.0,2.0
2021-01-05 09:56:03.790,0.9487,0.952,16.0,0.9474,10.0,1092.0,2.0
2021-01-05 09:56:04.310,0.9487,0.952,36.0,0.9474,10.0,1092.0,2.0
2021-01-05 09:56:04.741,0.9487,0.952,36.0,0.9471,20.0,1092.0,2.0
2021-01-05 09:56:05.780,0.9487,0.952,36.0,0.9471,20.0,1092.0,2.0
2021-01-05 09:56:06.310,0.9487,0.952,20.0,0.9471,20.0,1092.0,2.0
2021-01-05 09:56:06.771,0.9487,0.951,16.0,0.9458,16.0,1092.0,2.0
2021-01-05 09:56:06.940,0.9487,0.951,36.0,0.9458,16.0,1092.0,2.0
2021-01-05 09:56:10.781,0.9487,0.951,36.0,0.9459,2.0,1092.0,2.0
2021-01-05 09:56:11.320,0.9487,0.952,20.0,0.9458,5.0,1092.0,2.0
2021-01-05 09:56:11.820,0.9487,0.9521,16.0,0.947,16.0,1092.0,2.0
2021-01-05 09:56:12.321,0.9487,0.9521,16.0,0.947,36.0,1092.0,2.0
2021-01-05 09:56:12.800,0.9487,0.9521,16.0,0.947,36.0,1092.0,2.0
2021-01-05 09:56:13.351,0.9487,0.9521,16.0,0.947,36.0,1092.0,2.0
2021-01-05 09:56:13.791,0.9487,0.9521,16.0,0.947,36.0,1092.0,2.0
2021-01-05 09:56:14.050,0.9487,0.9521,16.0,0.947,36.0,1092.0,2.0
2021-01-05 09:56:14.851,0.9487,0.9521,16.0,0.947,16.0,1092.0,2.0
2021-01-05 09:56:15.251,0.9487,0.9511,16.0,0.946,16.0,1092.0,2.0
2021-01-05 09:56:15.820,0.9487,0.9511,36.0,0.946,16.0,1092.0,2.0
2021-01-05 09:56:16.290,0.9487,0.9511,36.0,0.946,16.0,1092.0,2.0
2021-01-05 09:56:16.780,0.9487,0.9511,36.0,0.946,16.0,1092.0,2.0
2021-01-05 09:56:34.281,0.9487,0.9511,36.0,0.946,16.0,1092.0,2.0
2021-01-05 09:56:37.801,0.9487,0.9511,36.0,0.946,16.0,1092.0,2.0
2021-01-05 09:56:38.750,0.9487,0.9511,36.0,0.946,21.0,1092.0,2.0
2021-01-05 09:56:39.291,0.9487,0.9511,20.0,0.9453,20.0,1092.0,2.0
2021-01-05 09:56:39.800,0.9487,0.9528,16.0,0.9477,16.0,1092.0,2.0
2021-01-05 09:56:40.321,0.9487,0.9528,16.0,0.9477,16.0,1092.0,2.0
2021-01-05 09:56:40.790,0.9487,0.9528,16.0,0.9477,16.0,1092.0,2.0
2021-01-05 09:56:41.310,0.9487,0.9528,16.0,0.9477,16.0,1092.0,2.0
2021-01-05 09:56:43.291,0.9487,0.9528,16.0,0.9477,16.0,1092.0,2.0
2021-01-05 09:56:48.351,0.9487,0.9533,20.0,0.9474,20.0,1092.0,2.0
2021-01-05 09:56:48.801,0.9487,0.9533,20.0,0.9487,16.0,1092.0,2.0
2021-01-05 09:56:49.300,0.9487,0.9533,20.0,0.9487,36.0,1092.0,2.0
2021-01-05 09:56:49.850,0.9487,0.9533,20.0,0.9487,36.0,1092.0,2.0
2021-01-05 09:56:50.330,0.9487,0.9533,20.0,0.9487,36.0,1092.0,2.0
2021-01-05 09:56:56.760,0.9487,0.9533,20.0,0.9487,38.0,1092.0,2.0
2021-01-05 09:56:57.280,0.9487,0.9533,20.0,0.9487,38.0,1092.0,2.0
2021-01-05 09:56:58.790,0.9487,0.9533,20.0,0.9487,36.0,1092.0,2.0
2021-01-05 09:56:59.290,0.9487,0.9533,20.0,0.9487,36.0,1092.0,2.0
2021-01-05 09:57:02.300,0.9487,0.9533,20.0,0.9487,20.0,1092.0,2.0
2021-01-05 09:57:02.801,0.9487,0.9533,20.0,0.9498,16.0,1092.0,2.0
2021-01-05 09:57:03.301,0.9487,0.9543,30.0,0.9498,36.0,1092.0,2.0
2021-01-05 09:57:04.300,0.9487,0.9543,30.0,0.9498,36.0,1092.0,2.0
2021-01-05 09:57:04.821,0.9487,0.9543,30.0,0.9498,20.0,1092.0,2.0
2021-01-05 09:57:05.341,0.9487,0.9543,30.0,0.9508,16.0,1092.0,2.0
2021-01-05 09:57:05.820,0.9487,0.9543,30.0,0.9508,16.0,1092.0,2.0
2021-01-05 09:57:06.321,0.9487,0.9543,30.0,0.9508,16.0,1092.0,2.0
2021-01-05 09:57:06.811,0.9487,0.9543,30.0,0.9504,20.0,1092.0,2.0
2021-01-05 09:57:07.841,0.9487,0.9543,30.0,0.9504,20.0,1092.0,2.0
2021-01-05 09:57:08.271,0.9487,0.9543,30.0,0.9504,20.0,1092.0,2.0
2021-01-05 09:57:15.851,0.9487,0.9543,30.0,0.9488,2.0,1092.0,2.0
2021-01-05 09:57:16.280,0.9487,0.9538,16.0,0.9488,2.0,1092.0,2.0
2021-01-05 09:57:18.310,0.9487,0.9538,16.0,0.9489,2.0,1092.0,2.0
2021-01-05 09:57:23.701,0.9487,0.9538,16.0,0.9489,2.0,1092.0,2.0
2021-01-05 09:57:26.291,0.9487,0.9538,16.0,0.9489,2.0,1092.0,2.0
2021-01-05 09:57:26.781,0.9487,0.9538,16.0,0.9489,7.0,1092.0,2.0
2021-01-05 09:57:27.301,0.9487,0.9543,30.0,0.9489,2.0,1092.0,2.0
2021-01-05 09:57:27.770,0.9487,0.9543,30.0,0.9497,16.0,1092.0,2.0
2021-01-05 09:57:28.260,0.9487,0.9543,30.0,0.9497,36.0,1092.0,2.0
2021-01-05 09:57:28.750,0.9487,0.9543,30.0,0.9497,36.0,1092.0,2.0
2021-01-05 09:57:32.290,0.9487,0.9543,30.0,0.9497,36.0,1092.0,2.0
2021-01-05 09:57:32.801,0.9487,0.9543,30.0,0.9497,36.0,1092.0,2.0
2021-01-05 09:57:32.801,0.9487,0.9543,30.0,0.9497,38.0,1092.0,2.0
2021-01-05 09:57:33.810,0.9487,0.9543,30.0,0.9497,38.0,1092.0,2.0
2021-01-05 09:57:37.320,0.9487,0.9543,30.0,0.9497,36.0,1092.0,2.0
2021-01-05 09:57:42.291,0.9487,0.9543,30.0,0.9498,2.0,1092.0,2.0
2021-01-05 09:57:46.831,0.9487,0.9543,30.0,0.9498,2.0,1092.0,2.0
2021-01-05 09:57:47.280,0.9487,0.9543,30.0,0.9498,2.0,1092.0,2.0
2021-01-05 09:57:48.341,0.9487,0.9543,30.0,0.9498,2.0,1092.0,2.0
2021-01-05 09:57:48.840,0.9487,0.9543,30.0,0.9508,16.0,1092.0,2.0
2021-01-05 09:57:49.361,0.9487,0.9543,30.0,0.9509,2.0,1092.0,2.0
2021-01-05 09:57:49.860,0.9487,0.9543,30.0,0.9509,22.0,1092.0,2.0
2021-01-05 09:57:50.350,0.9487,0.9543,10.0,0.9509,22.0,1092.0,2.0
2021-01-05 09:57:51.311,0.9487,0.9543,10.0,0.9509,22.0,1092.0,2.0
2021-01-05 09:57:52.310,0.9487,0.9543,10.0,0.9509,22.0,1092.0,2.0
2021-01-05 09:57:52.310,0.9487,0.9543,10.0,0.9518,16.0,1092.0,2.0
2021-01-05 09:57:53.760,0.9487,0.9543,10.0,0.9519,2.0,1092.0,2.0
2021-01-05 09:57:54.761,0.9487,0.9543,10.0,0.9519,2.0,1092.0,2.0
2021-01-05 09:57:55.270,0.9487,0.9543,10.0,0.9518,36.0,1092.0,2.0
2021-01-05 09:57:55.560,0.9487,0.9543,10.0,0.9518,36.0,1092.0,2.0
2021-01-05 09:57:57.800,0.9487,0.9543,10.0,0.9518,36.0,1092.0,2.0
2021-01-05 09:57:59.270,0.9487,0.9543,10.0,0.9518,36.0,1092.0,2.0
2021-01-05 09:58:01.260,0.9487,0.9543,10.0,0.9519,2.0,1092.0,2.0
2021-01-05 09:58:02.121,0.9487,0.9543,10.0,0.9518,36.0,1092.0,2.0
2021-01-05 09:58:03.300,0.9487,0.9543,10.0,0.9518,36.0,1092.0,2.0
2021-01-05 09:58:03.790,0.9487,0.9543,10.0,0.9518,36.0,1092.0,2.0
2021-01-05 09:58:04.261,0.9487,0.9543,10.0,0.9518,36.0,1092.0,2.0
2021-01-05 09:58:04.751,0.9487,0.9543,10.0,0.9518,36.0,1092.0,2.0
2021-01-05 09:58:05.210,0.9487,0.9543,10.0,0.9518,20.0,1092.0,2.0
2021-01-05 09:58:05.800,0.9487,0.9543,10.0,0.9518,20.0,1092.0,2.0
2021-01-05 09:58:06.320,0.9487,0.9543,10.0,0.9509,20.0,1092.0,2.0
2021-01-05 09:58:06.810,0.9487,0.9543,10.0,0.951,2.0,1092.0,2.0
2021-01-05 09:58:07.300,0.9487,0.9543,10.0,0.951,2.0,1092.0,2.0
2021-01-05 09:58:07.800,0.9487,0.9543,10.0,0.951,2.0,1092.0,2.0
2021-01-05 09:58:08.791,0.9487,0.9543,10.0,0.951,2.0,1092.0,2.0
2021-01-05 09:58:09.651,0.9487,0.9543,10.0,0.951,2.0,1092.0,2.0
2021-01-05 09:58:16.840,0.9487,0.9543,30.0,0.9509,20.0,1092.0,2.0
2021-01-05 09:58:17.330,0.9487,0.9543,30.0,0.9509,20.0,1092.0,2.0
2021-01-05 09:58:17.841,0.9487,0.9543,30.0,0.9509,20.0,1092.0,2.0
2021-01-05 09:58:18.350,0.9487,0.9543,30.0,0.9509,22.0,1092.0,2.0
2021-01-05 09:58:18.780,0.9487,0.9543,30.0,0.9509,20.0,1092.0,2.0
2021-01-05 09:58:20.290,0.9487,0.9543,30.0,0.9509,20.0,1092.0,2.0
2021-01-05 09:58:20.840,0.9487,0.9543,30.0,0.9509,20.0,1092.0,2.0
2021-01-05 09:58:21.311,0.9487,0.9543,30.0,0.9509,20.0,1092.0,2.0
2021-01-05 09:58:21.841,0.9487,0.9543,30.0,0.951,2.0,1092.0,2.0
2021-01-05 09:58:22.350,0.9487,0.9543,30.0,0.9509,20.0,1092.0,2.0
2021-01-05 09:58:22.771,0.9487,0.9543,30.0,0.9509,20.0,1092.0,2.0
2021-01-05 09:58:23.770,0.9487,0.9543,10.0,0.9509,20.0,1092.0,2.0
2021-01-05 09:58:24.780,0.9487,0.9543,10.0,0.951,2.0,1092.0,2.0
2021-01-05 09:58:26.780,0.9487,0.9543,10.0,0.951,7.0,1092.0,2.0
2021-01-05 09:58:27.281,0.9487,0.9543,10.0,0.951,2.0,1092.0,2.0
2021-01-05 09:58:27.781,0.9487,0.9543,10.0,0.951,2.0,1092.0,2.0
2021-01-05 09:58:28.791,0.9487,0.9543,10.0,0.951,7.0,1092.0,2.0
2021-01-05 09:58:31.811,0.9487,0.9543,10.0,0.951,2.0,1092.0,2.0
2021-01-05 09:58:34.710,0.9487,0.9543,10.0,0.9511,2.0,1092.0,2.0
2021-01-05 09:58:37.321,0.9487,0.9543,10.0,0.9509,20.0,1092.0,2.0
2021-01-05 09:58:37.841,0.9487,0.9543,10.0,0.9509,20.0,1092.0,2.0
2021-01-05 09:58:40.341,0.9487,0.9543,10.0,0.9509,20.0,1092.0,2.0
2021-01-05 09:58:40.790,0.9487,0.9543,10.0,0.9509,22.0,1092.0,2.0
2021-01-05 09:58:41.680,0.9487,0.9552,20.0,0.9509,22.0,1092.0,2.0
2021-01-05 09:58:42.690,0.9487,0.9552,20.0,0.9509,27.0,1092.0,2.0
2021-01-05 09:58:43.330,0.9487,0.9552,20.0,0.9509,27.0,1092.0,2.0
2021-01-05 09:58:48.311,0.9487,0.9552,20.0,0.9511,10.0,1092.0,2.0
2021-01-05 09:58:48.801,0.9487,0.9552,20.0,0.9512,2.0,1092.0,2.0
2021-01-05 09:58:50.300,0.9487,0.9552,20.0,0.9512,2.0,1092.0,2.0
2021-01-05 09:58:51.800,0.9487,0.9552,20.0,0.9512,2.0,1092.0,2.0
2021-01-05 09:58:52.340,0.9487,0.9552,20.0,0.9512,2.0,1092.0,2.0
2021-01-05 09:58:53.740,0.9487,0.9562,20.0,0.9518,16.0,1092.0,2.0
2021-01-05 09:58:54.280,0.9487,0.9562,20.0,0.9518,18.0,1092.0,2.0
2021-01-05 09:58:54.691,0.9487,0.9562,20.0,0.9518,43.0,1092.0,2.0
2021-01-05 09:58:55.740,0.9487,0.9562,20.0,0.9518,43.0,1092.0,2.0
2021-01-05 09:58:56.240,0.9487,0.9562,20.0,0.9521,10.0,1092.0,2.0
2021-01-05 09:58:56.770,0.9487,0.9562,20.0,0.9522,2.0,1092.0,2.0
2021-01-05 09:58:57.260,0.9487,0.9569,16.0,0.9522,2.0,1092.0,2.0
2021-01-05 09:58:57.771,0.9487,0.9573,20.0,0.9528,16.0,1092.0,2.0
2021-01-05 09:58:58.261,0.9487,0.9573,20.0,0.9528,36.0,1092.0,2.0
2021-01-05 09:58:58.731,0.9487,0.9573,20.0,0.9529,2.0,1092.0,2.0
2021-01-05 09:58:59.260,0.9487,0.9573,20.0,0.9529,2.0,1092.0,2.0
2021-01-05 09:58:59.730,0.9487,0.9573,20.0,0.9529,7.0,1092.0,2.0
2021-01-05 09:59:00.710,0.9487,0.9573,20.0,0.9529,7.0,1092.0,2.0
2021-01-05 09:59:01.240,0.9487,0.9579,16.0,0.9529,13.0,1092.0,2.0
2021-01-05 09:59:03.280,0.9487,0.9579,16.0,0.9529,13.0,1092.0,2.0
2021-01-05 09:59:04.450,0.9487,0.9579,16.0,0.9529,13.0,1092.0,2.0
2021-01-05 09:59:05.280,0.9487,0.9579,16.0,0.9529,13.0,1092.0,2.0
2021-01-05 09:59:06.270,0.9487,0.9579,16.0,0.9529,13.0,1092.0,2.0
2021-01-05 09:59:06.690,0.9487,0.9579,16.0,0.9529,7.0,1092.0,2.0
2021-01-05 09:59:08.281,0.9487,0.9582,20.0,0.9537,16.0,1092.0,2.0
2021-01-05 09:59:09.251,0.9487,0.9589,16.0,0.9542,10.0,1092.0,2.0
2021-01-05 09:59:09.781,0.9487,0.9593,20.0,0.9547,16.0,1092.0,2.0
2021-01-05 09:59:10.271,0.9487,0.9593,20.0,0.9547,16.0,1092.0,2.0
2021-01-05 09:59:10.750,0.9487,0.9593,20.0,0.9547,36.0,1092.0,2.0
2021-01-05 09:59:11.701,0.9487,0.9593,20.0,0.9548,2.0,1092.0,2.0
2021-01-05 09:59:13.750,0.9487,0.9593,20.0,0.9547,36.0,1092.0,2.0
2021-01-05 09:59:14.281,0.9487,0.9593,20.0,0.9547,36.0,1092.0,2.0
2021-01-05 09:59:14.790,0.9487,0.9593,20.0,0.9547,36.0,1092.0,2.0
2021-01-05 09:59:15.210,0.9487,0.9587,16.0,0.9547,20.0,1092.0,2.0
2021-01-05 09:59:17.700,0.9487,0.9587,16.0,0.9547,20.0,1092.0,2.0
2021-01-05 09:59:18.461,0.9487,0.9587,16.0,0.9537,20.0,1092.0,2.0
2021-01-05 09:59:19.250,0.9487,0.9587,16.0,0.9538,2.0,1092.0,2.0
2021-01-05 09:59:19.740,0.9487,0.9587,16.0,0.9537,20.0,1092.0,2.0
2021-01-05 09:59:20.240,0.9487,0.9587,16.0,0.9537,20.0,1092.0,2.0
2021-01-05 09:59:24.241,0.9487,0.9587,16.0,0.9537,20.0,1092.0,2.0
2021-01-05 09:59:24.760,0.9487,0.9587,16.0,0.9537,20.0,1092.0,2.0
2021-01-05 09:59:26.760,0.9487,0.9587,16.0,0.9537,20.0,1092.0,2.0
2021-01-05 09:59:29.081,0.9487,0.9581,10.0,0.9537,20.0,1092.0,2.0
2021-01-05 09:59:30.210,0.9487,0.9581,30.0,0.9537,22.0,1092.0,2.0
2021-01-05 09:59:31.601,0.9487,0.9581,30.0,0.9537,20.0,1092.0,2.0
2021-01-05 09:59:33.171,0.9487,0.9581,30.0,0.9538,2.0,1092.0,2.0
2021-01-05 09:59:33.791,0.9487,0.9581,20.0,0.9538,2.0,1092.0,2.0
2021-01-05 09:59:35.751,0.9487,0.9581,20.0,0.9538,2.0,1092.0,2.0
2021-01-05 09:59:39.251,0.9487,0.9581,20.0,0.9537,20.0,1092.0,2.0
2021-01-05 09:59:40.290,0.9487,0.9581,20.0,0.9537,20.0,1092.0,2.0
2021-01-05 09:59:41.291,0.9487,0.9581,20.0,0.9538,2.0,1092.0,2.0
2021-01-05 09:59:45.300,0.9487,0.9581,20.0,0.9538,2.0,1092.0,2.0
2021-01-05 09:59:45.781,0.9487,0.9581,20.0,0.9538,2.0,1092.0,2.0
2021-01-05 09:59:51.261,0.9487,0.9581,20.0,0.9539,2.0,1092.0,2.0
2021-01-05 09:59:56.771,0.9487,0.9587,16.0,0.9539,2.0,1092.0,2.0
2021-01-05 09:59:57.280,0.9487,0.9593,20.0,0.9539,2.0,1092.0,2.0
2021-01-05 09:59:57.791,0.9487,0.9598,16.0,0.9547,16.0,1092.0,2.0
2021-01-05 09:59:58.281,0.9487,0.9598,16.0,0.9548,2.0,1092.0,2.0
2021-01-05 10:00:00.790,0.9487,0.9603,30.0,0.9548,2.0,1092.0,2.0
2021-01-05 10:00:01.320,0.9487,0.9603,20.0,0.956,16.0,1092.0,2.0
2021-01-05 10:00:01.831,0.9487,0.9603,20.0,0.956,36.0,1092.0,2.0
2021-01-05 10:00:02.300,0.9487,0.9603,20.0,0.9561,2.0,1092.0,2.0
2021-01-05 10:00:02.830,0.9487,0.9603,20.0,0.9561,2.0,1092.0,2.0
2021-01-05 10:00:03.330,0.9487,0.9603,20.0,0.956,20.0,1092.0,2.0
2021-01-05 10:00:03.850,0.9487,0.9601,16.0,0.9549,16.0,1092.0,2.0
2021-01-05 10:00:04.290,0.9487,0.9601,36.0,0.9549,36.0,1092.0,2.0
2021-01-05 10:00:04.861,0.9487,0.9591,16.0,0.9549,20.0,1092.0,2.0
