,last,ask1,asize1,bid1,bsize1,oi,volume
2021-01-05 09:25:00.080,,0.165,1.0,0.1492,1.0,9266.0,
2021-01-05 09:30:00.451,,0.1645,1.0,0.155,1.0,9266.0,
2021-01-05 09:30:00.991,,0.1645,3.0,0.155,1.0,9266.0,
2021-01-05 09:30:02.511,,0.1588,20.0,0.155,1.0,9266.0,
2021-01-05 09:30:02.611,,0.1584,20.0,0.155,1.0,9266.0,
2021-01-05 09:30:03.471,,0.1588,20.0,0.155,1.0,9266.0,
2021-01-05 09:30:03.980,,0.1645,3.0,0.155,1.0,9266.0,
2021-01-05 09:30:04.430,,0.1587,20.0,0.155,1.0,9266.0,
2021-01-05 09:30:05.010,,0.1587,20.0,0.155,1.0,9266.0,
2021-01-05 09:30:05.481,,0.1582,20.0,0.155,1.0,9266.0,
2021-01-05 09:30:05.990,,0.1582,20.0,0.155,1.0,9266.0,
2021-01-05 09:30:06.480,0.155,0.1576,20.0,0.1526,20.0,9266.0,1.0
2021-01-05 09:30:06.971,0.155,0.1576,20.0,0.15,1.0,9266.0,1.0
2021-01-05 09:30:07.471,0.155,0.1569,20.0,0.15,21.0,9266.0,1.0
2021-01-05 09:30:10.501,0.155,0.1564,20.0,0.15,21.0,9266.0,1.0
2021-01-05 09:30:11.521,0.155,0.1561,20.0,0.15,21.0,9266.0,1.0
2021-01-05 09:30:13.000,0.155,0.1564,20.0,0.15,21.0,9266.0,1.0
2021-01-05 09:30:15.520,0.155,0.1567,20.0,0.15,21.0,9266.0,1.0
2021-01-05 09:30:15.520,0.155,0.1567,20.0,0.15,21.0,9266.0,1.0
2021-01-05 09:30:17.021,0.155,0.157,20.0,0.15,21.0,9266.0,1.0
2021-01-05 09:30:17.641,0.155,0.157,20.0,0.15,21.0,9266.0,1.0
2021-01-05 09:30:18.231,0.155,0.1645,3.0,0.15,1.0,9266.0,1.0
2021-01-05 09:30:18.750,0.155,0.1575,20.0,0.1503,20.0,9266.0,1.0
2021-01-05 09:30:22.240,0.155,0.1571,20.0,0.15,21.0,9266.0,1.0
2021-01-05 09:30:22.671,0.155,0.1571,20.0,0.15,21.0,9266.0,1.0
2021-01-05 09:30:23.670,0.155,0.1571,20.0,0.15,21.0,9266.0,1.0
2021-01-05 09:30:24.161,0.155,0.1571,20.0,0.15,1.0,9266.0,1.0
2021-01-05 09:30:24.661,0.155,0.1567,20.0,0.15,21.0,9266.0,1.0
2021-01-05 09:30:25.160,0.155,0.1563,20.0,0.15,21.0,9266.0,1.0
2021-01-05 09:30:25.671,0.155,0.1563,20.0,0.15,21.0,9266.0,1.0
2021-01-05 09:30:29.141,0.155,0.1563,20.0,0.15,21.0,9266.0,1.0
2021-01-05 09:30:30.620,0.155,0.1567,20.0,0.15,21.0,9266.0,1.0
2021-01-05 09:30:31.121,0.155,0.1567,20.0,0.15,21.0,9266.0,1.0
2021-01-05 09:30:31.631,0.155,0.1567,20.0,0.15,21.0,9266.0,1.0
2021-01-05 09:30:32.631,0.155,0.157,20.0,0.15,21.0,9266.0,1.0
2021-01-05 09:30:33.171,0.155,0.157,20.0,0.15,21.0,9266.0,1.0
2021-01-05 09:30:33.651,0.155,0.157,20.0,0.15,21.0,9266.0,1.0
2021-01-05 09:30:39.680,0.155,0.1567,20.0,0.15,21.0,9266.0,1.0
2021-01-05 09:30:42.671,0.155,0.157,20.0,0.15,21.0,9266.0,1.0
2021-01-05 09:30:43.681,0.155,0.157,30.0,0.15,31.0,9266.0,1.0
2021-01-05 09:30:44.181,0.155,0.157,30.0,0.15,31.0,9266.0,1.0
2021-01-05 09:30:44.650,0.155,0.157,30.0,0.15,31.0,9266.0,1.0
2021-01-05 09:30:45.710,0.155,0.157,30.0,0.15,31.0,9266.0,1.0
2021-01-05 09:30:46.200,0.155,0.157,30.0,0.15,31.0,9266.0,1.0
2021-01-05 09:30:47.691,0.155,0.157,30.0,0.1505,20.0,9266.0,1.0
2021-01-05 09:30:48.200,0.155,0.157,30.0,0.1505,20.0,9266.0,1.0
2021-01-05 09:30:50.171,0.155,0.157,30.0,0.1505,20.0,9266.0,1.0
2021-01-05 09:30:50.720,0.155,0.157,30.0,0.1505,20.0,9266.0,1.0
2021-01-05 09:30:51.181,0.155,0.157,30.0,0.1505,20.0,9266.0,1.0
2021-01-05 09:30:55.081,0.155,0.157,30.0,0.1508,20.0,9266.0,1.0
2021-01-05 09:30:55.671,0.155,0.157,30.0,0.1508,30.0,9266.0,1.0
2021-01-05 09:30:56.170,0.155,0.157,30.0,0.1508,30.0,9266.0,1.0
2021-01-05 09:30:58.091,0.155,0.157,30.0,0.1508,30.0,9266.0,1.0
2021-01-05 09:30:58.660,0.155,0.157,30.0,0.1508,30.0,9266.0,1.0
2021-01-05 09:30:59.640,0.155,0.157,30.0,0.1508,30.0,9266.0,1.0
2021-01-05 09:31:00.161,0.155,0.157,30.0,0.1508,30.0,9266.0,1.0
2021-01-05 09:31:00.681,0.155,0.157,30.0,0.1508,30.0,9266.0,1.0
2021-01-05 09:31:01.150,0.155,0.157,30.0,0.1508,30.0,9266.0,1.0
2021-01-05 09:31:02.170,0.155,0.1564,10.0,0.1518,10.0,9266.0,1.0
2021-01-05 09:31:02.681,0.155,0.1564,40.0,0.1518,10.0,9266.0,1.0
2021-01-05 09:31:03.131,0.155,0.1564,40.0,0.1518,10.0,9266.0,1.0
2021-01-05 09:31:03.680,0.155,0.1564,40.0,0.1518,10.0,9266.0,1.0
2021-01-05 09:31:04.181,0.155,0.1564,40.0,0.1518,10.0,9266.0,1.0
2021-01-05 09:31:04.671,0.155,0.1564,40.0,0.1518,10.0,9266.0,1.0
2021-01-05 09:31:06.160,0.155,0.1564,40.0,0.1518,20.0,9266.0,1.0
2021-01-05 09:31:07.190,0.155,0.1564,40.0,0.1518,20.0,9266.0,1.0
2021-01-05 09:31:09.701,0.155,0.1564,40.0,0.1518,20.0,9266.0,1.0
2021-01-05 09:31:12.621,0.155,0.1563,10.0,0.1518,10.0,9266.0,1.0
2021-01-05 09:31:18.720,0.155,0.1543,10.0,0.1518,10.0,9266.0,1.0
2021-01-05 09:31:19.150,0.155,0.1543,10.0,0.1513,20.0,9266.0,1.0
2021-01-05 09:31:19.711,0.155,0.1543,10.0,0.1513,20.0,9266.0,1.0
2021-01-05 09:31:20.161,0.155,0.1543,10.0,0.1509,20.0,9266.0,1.0
2021-01-05 09:31:20.691,0.155,0.1543,10.0,0.1512,20.0,9266.0,1.0
2021-01-05 09:31:21.221,0.155,0.1543,10.0,0.1509,20.0,9266.0,1.0
2021-01-05 09:31:22.211,0.155,0.1543,10.0,0.1506,30.0,9266.0,1.0
2021-01-05 09:31:22.620,0.155,0.1537,10.0,0.1506,20.0,9266.0,1.0
2021-01-05 09:31:23.171,0.155,0.1535,10.0,0.1503,20.0,9266.0,1.0
2021-01-05 09:31:23.621,0.155,0.1535,10.0,0.1503,20.0,9266.0,1.0
2021-01-05 09:31:24.660,0.155,0.1537,20.0,0.1503,20.0,9266.0,1.0
2021-01-05 09:31:25.150,0.155,0.1535,10.0,0.1503,20.0,9266.0,1.0
2021-01-05 09:31:25.640,0.155,0.1536,10.0,0.1503,20.0,9266.0,1.0
2021-01-05 09:31:26.141,0.155,0.1533,10.0,0.1503,20.0,9266.0,1.0
2021-01-05 09:31:26.681,0.155,0.1533,20.0,0.1503,20.0,9266.0,1.0
2021-01-05 09:31:27.171,0.155,0.1533,10.0,0.15,31.0,9266.0,1.0
2021-01-05 09:31:27.601,0.155,0.1532,10.0,0.15,31.0,9266.0,1.0
2021-01-05 09:31:28.610,0.155,0.153,10.0,0.15,31.0,9266.0,1.0
2021-01-05 09:31:29.171,0.155,0.1533,20.0,0.15,31.0,9266.0,1.0
2021-01-05 09:31:30.170,0.155,0.1529,10.0,0.15,31.0,9266.0,1.0
2021-01-05 09:31:30.671,0.155,0.1529,10.0,0.15,21.0,9266.0,1.0
2021-01-05 09:31:31.150,0.155,0.1529,10.0,0.15,21.0,9266.0,1.0
2021-01-05 09:31:31.661,0.155,0.1529,10.0,0.15,21.0,9266.0,1.0
2021-01-05 09:31:32.191,0.155,0.1529,20.0,0.15,21.0,9266.0,1.0
2021-01-05 09:31:34.181,0.155,0.1528,10.0,0.15,21.0,9266.0,1.0
2021-01-05 09:31:34.681,0.155,0.1526,10.0,0.15,21.0,9266.0,1.0
2021-01-05 09:31:35.670,0.155,0.1527,10.0,0.1507,10.0,9266.0,1.0
2021-01-05 09:31:36.041,0.155,0.1526,10.0,0.1507,20.0,9266.0,1.0
2021-01-05 09:31:36.690,0.155,0.1524,10.0,0.1503,30.0,9266.0,1.0
2021-01-05 09:31:37.191,0.155,0.1526,10.0,0.1503,23.0,9266.0,1.0
2021-01-05 09:31:38.190,0.155,0.1529,20.0,0.1503,23.0,9266.0,1.0
2021-01-05 09:31:39.210,0.155,0.1529,10.0,0.1503,20.0,9266.0,1.0
2021-01-05 09:31:39.710,0.155,0.1529,20.0,0.15,34.0,9266.0,1.0
2021-01-05 09:31:40.200,0.155,0.1529,10.0,0.15,34.0,9266.0,1.0
2021-01-05 09:31:40.711,0.155,0.1529,10.0,0.15,34.0,9266.0,1.0
2021-01-05 09:31:41.141,0.155,0.1529,10.0,0.15,14.0,9266.0,1.0
2021-01-05 09:31:41.691,0.155,0.1529,10.0,0.15,34.0,9266.0,1.0
2021-01-05 09:31:42.211,0.155,0.1526,10.0,0.15,34.0,9266.0,1.0
2021-01-05 09:31:43.191,0.155,0.1525,10.0,0.15,34.0,9266.0,1.0
2021-01-05 09:31:43.710,0.155,0.1525,10.0,0.15,31.0,9266.0,1.0
2021-01-05 09:31:44.190,0.155,0.1525,20.0,0.15,31.0,9266.0,1.0
2021-01-05 09:31:44.691,0.155,0.1521,10.0,0.15,31.0,9266.0,1.0
2021-01-05 09:31:45.170,0.155,0.1522,10.0,0.15,31.0,9266.0,1.0
2021-01-05 09:31:45.700,0.155,0.1522,10.0,0.15,31.0,9266.0,1.0
2021-01-05 09:31:45.700,0.155,0.1522,10.0,0.1501,3.0,9266.0,1.0
2021-01-05 09:31:46.701,0.155,0.1522,10.0,0.1501,3.0,9266.0,1.0
2021-01-05 09:31:47.191,0.155,0.1522,10.0,0.1501,3.0,9266.0,1.0
2021-01-05 09:31:47.711,0.155,0.1522,10.0,0.1503,1.0,9266.0,1.0
2021-01-05 09:31:48.211,0.155,0.1525,10.0,0.1503,31.0,9266.0,1.0
2021-01-05 09:31:49.221,0.155,0.1525,10.0,0.1503,31.0,9266.0,1.0
2021-01-05 09:31:49.711,0.155,0.1525,10.0,0.1504,3.0,9266.0,1.0
2021-01-05 09:31:50.191,0.155,0.1525,10.0,0.1504,3.0,9266.0,1.0
2021-01-05 09:31:50.641,0.155,0.1525,10.0,0.1504,23.0,9266.0,1.0
2021-01-05 09:31:51.210,0.155,0.1525,10.0,0.1504,23.0,9266.0,1.0
2021-01-05 09:31:52.220,0.155,0.1525,10.0,0.1505,10.0,9266.0,1.0
2021-01-05 09:31:52.621,0.155,0.1525,10.0,0.1505,20.0,9266.0,1.0
2021-01-05 09:31:53.171,0.155,0.1525,10.0,0.1505,20.0,9266.0,1.0
2021-01-05 09:31:53.640,0.155,0.1525,10.0,0.1521,10.0,9266.0,1.0
2021-01-05 09:31:54.151,0.155,0.1531,10.0,0.1521,30.0,9266.0,1.0
2021-01-05 09:31:54.151,0.155,0.1531,10.0,0.1521,30.0,9266.0,1.0
2021-01-05 09:31:55.150,0.155,0.1531,10.0,0.1521,30.0,9266.0,1.0
2021-01-05 09:31:57.171,0.155,0.1531,10.0,0.1521,30.0,9266.0,1.0
2021-01-05 09:31:57.180,0.1531,0.1534,10.0,0.1521,30.0,9266.0,2.0
2021-01-05 09:31:58.150,0.1531,0.1534,10.0,0.1521,30.0,9266.0,2.0
2021-01-05 09:31:59.180,0.1531,0.1534,10.0,0.1521,10.0,9266.0,2.0
2021-01-05 09:32:00.150,0.1531,0.1534,10.0,0.1521,10.0,9266.0,2.0
2021-01-05 09:32:00.650,0.1531,0.1534,10.0,0.1518,30.0,9266.0,2.0
2021-01-05 09:32:01.170,0.1531,0.1534,10.0,0.1518,20.0,9266.0,2.0
2021-01-05 09:32:01.670,0.1531,0.1534,10.0,0.1518,20.0,9266.0,2.0
2021-01-05 09:32:01.960,0.1531,0.1528,10.0,0.1515,30.0,9266.0,2.0
2021-01-05 09:32:02.671,0.1531,0.1528,20.0,0.1515,20.0,9266.0,2.0
2021-01-05 09:32:03.180,0.1531,0.1528,20.0,0.151,10.0,9266.0,2.0
2021-01-05 09:32:03.180,0.1531,0.1528,20.0,0.151,30.0,9266.0,2.0
2021-01-05 09:32:04.090,0.1531,0.1528,20.0,0.151,30.0,9266.0,2.0
2021-01-05 09:32:04.661,0.1531,0.1528,40.0,0.151,30.0,9266.0,2.0
2021-01-05 09:32:05.141,0.1531,0.1528,20.0,0.151,30.0,9266.0,2.0
2021-01-05 09:32:05.660,0.1531,0.1528,20.0,0.151,20.0,9266.0,2.0
2021-01-05 09:32:06.161,0.1531,0.1528,10.0,0.1509,10.0,9266.0,2.0
2021-01-05 09:32:06.680,0.1531,0.1528,10.0,0.1509,10.0,9266.0,2.0
2021-01-05 09:32:07.070,0.1531,0.1528,10.0,0.1507,20.0,9266.0,2.0
2021-01-05 09:32:07.671,0.1531,0.1528,10.0,0.1507,20.0,9266.0,2.0
2021-01-05 09:32:08.670,0.1531,0.1528,10.0,0.1507,23.0,9266.0,2.0
2021-01-05 09:32:09.141,0.1531,0.153,10.0,0.1515,10.0,9266.0,2.0
2021-01-05 09:32:09.681,0.1531,0.1533,10.0,0.1515,10.0,9266.0,2.0
2021-01-05 09:32:10.161,0.1531,0.1532,10.0,0.1515,10.0,9266.0,2.0
2021-01-05 09:32:10.630,0.1531,0.1533,10.0,0.1515,10.0,9266.0,2.0
2021-01-05 09:32:11.170,0.1531,0.1533,20.0,0.1515,10.0,9266.0,2.0
2021-01-05 09:32:11.650,0.1531,0.1533,10.0,0.1515,10.0,9266.0,2.0
2021-01-05 09:32:12.161,0.1531,0.1533,10.0,0.1515,10.0,9266.0,2.0
2021-01-05 09:32:12.670,0.1531,0.1529,10.0,0.1513,10.0,9266.0,2.0
2021-01-05 09:32:13.171,0.1531,0.1529,20.0,0.1513,10.0,9266.0,2.0
2021-01-05 09:32:13.680,0.1531,0.1529,10.0,0.1513,10.0,9266.0,2.0
2021-01-05 09:32:14.660,0.1531,0.1531,10.0,0.1512,10.0,9266.0,2.0
2021-01-05 09:32:15.171,0.1531,0.1531,10.0,0.1512,10.0,9266.0,2.0
2021-01-05 09:32:15.671,0.1531,0.1532,10.0,0.1512,10.0,9266.0,2.0
2021-01-05 09:32:16.551,0.1531,0.1532,30.0,0.1512,30.0,9266.0,2.0
2021-01-05 09:32:17.161,0.1531,0.1532,30.0,0.1512,30.0,9266.0,2.0
2021-01-05 09:32:17.651,0.1531,0.1532,30.0,0.1512,30.0,9266.0,2.0
2021-01-05 09:32:18.130,0.1531,0.1532,30.0,0.1512,30.0,9266.0,2.0
2021-01-05 09:32:18.670,0.1531,0.1532,30.0,0.1512,30.0,9266.0,2.0
2021-01-05 09:32:20.151,0.1531,0.1532,20.0,0.1512,30.0,9266.0,2.0
2021-01-05 09:32:20.671,0.1531,0.1532,20.0,0.1512,30.0,9266.0,2.0
2021-01-05 09:32:21.171,0.1531,0.1532,20.0,0.1512,30.0,9266.0,2.0
2021-01-05 09:32:21.680,0.1531,0.1532,20.0,0.1512,30.0,9266.0,2.0
2021-01-05 09:32:22.181,0.1531,0.1532,20.0,0.1512,10.0,9266.0,2.0
2021-01-05 09:32:22.660,0.1531,0.1528,10.0,0.1512,10.0,9266.0,2.0
2021-01-05 09:32:23.140,0.1531,0.1528,40.0,0.1512,10.0,9266.0,2.0
2021-01-05 09:32:23.580,0.1531,0.1528,40.0,0.1512,10.0,9266.0,2.0
2021-01-05 09:32:24.640,0.1531,0.1528,40.0,0.1512,10.0,9266.0,2.0
2021-01-05 09:32:25.170,0.1531,0.1528,40.0,0.1512,10.0,9266.0,2.0
2021-01-05 09:32:25.670,0.1531,0.1528,40.0,0.1512,10.0,9266.0,2.0
2021-01-05 09:32:26.171,0.1528,0.1528,29.0,0.1517,10.0,9266.0,3.0
2021-01-05 09:32:26.650,0.1528,0.1527,1.0,0.1517,10.0,9266.0,3.0
2021-01-05 09:32:27.670,0.1528,0.1528,10.0,0.1517,10.0,9266.0,3.0
2021-01-05 09:32:28.171,0.1528,0.1528,10.0,0.1517,10.0,9266.0,3.0
2021-01-05 09:32:28.611,0.1528,0.1528,10.0,0.1517,10.0,9266.0,3.0
2021-01-05 09:32:29.180,0.1528,0.1528,10.0,0.1517,10.0,9266.0,3.0
2021-01-05 09:32:30.171,0.1528,0.1531,10.0,0.1517,10.0,9266.0,3.0
2021-01-05 09:32:30.671,0.1528,0.1531,10.0,0.1517,10.0,9266.0,3.0
2021-01-05 09:32:31.151,0.1528,0.1531,10.0,0.1517,10.0,9266.0,3.0
2021-01-05 09:32:31.691,0.1528,0.1531,10.0,0.1517,10.0,9266.0,3.0
2021-01-05 09:32:32.121,0.1528,0.1531,10.0,0.1517,10.0,9266.0,3.0
2021-01-05 09:32:33.141,0.1528,0.1531,10.0,0.1517,10.0,9266.0,3.0
2021-01-05 09:32:34.691,0.1528,0.1528,10.0,0.1512,10.0,9266.0,3.0
2021-01-05 09:32:35.170,0.1528,0.1528,10.0,0.1512,10.0,9266.0,3.0
2021-01-05 09:32:36.190,0.1528,0.1528,10.0,0.1512,30.0,9266.0,3.0
2021-01-05 09:32:38.190,0.1528,0.1528,10.0,0.1512,30.0,9266.0,3.0
2021-01-05 09:32:39.200,0.1528,0.1528,10.0,0.1512,30.0,9266.0,3.0
2021-01-05 09:32:39.630,0.1528,0.1528,10.0,0.1512,30.0,9266.0,3.0
2021-01-05 09:32:40.151,0.1528,0.1528,10.0,0.1512,30.0,9266.0,3.0
2021-01-05 09:32:41.690,0.1528,0.1528,10.0,0.1512,30.0,9266.0,3.0
2021-01-05 09:32:42.201,0.1528,0.1528,10.0,0.1512,30.0,9266.0,3.0
2021-01-05 09:32:42.700,0.1528,0.1528,10.0,0.1512,30.0,9266.0,3.0
2021-01-05 09:32:43.190,0.1528,0.1528,10.0,0.1512,30.0,9266.0,3.0
2021-01-05 09:32:43.580,0.1528,0.1528,10.0,0.1512,30.0,9266.0,3.0
2021-01-05 09:32:44.700,0.1528,0.1528,10.0,0.1512,30.0,9266.0,3.0
2021-01-05 09:32:44.990,0.1528,0.1528,10.0,0.1512,30.0,9266.0,3.0
2021-01-05 09:32:45.580,0.1528,0.1528,10.0,0.1512,30.0,9266.0,3.0
2021-01-05 09:32:46.160,0.1528,0.1528,10.0,0.1512,30.0,9266.0,3.0
2021-01-05 09:32:46.621,0.1528,0.1528,10.0,0.1527,1.0,9266.0,3.0
2021-01-05 09:32:47.201,0.1528,0.1528,9.0,0.1514,10.0,9267.0,5.0
2021-01-05 09:32:47.651,0.1528,0.1529,10.0,0.1517,10.0,9267.0,5.0
2021-01-05 09:32:48.181,0.1528,0.1529,10.0,0.1517,10.0,9267.0,5.0
2021-01-05 09:32:48.690,0.1528,0.1529,10.0,0.1517,10.0,9267.0,5.0
2021-01-05 09:32:49.190,0.1528,0.1529,10.0,0.1517,10.0,9267.0,5.0
2021-01-05 09:32:49.670,0.1528,0.1529,10.0,0.1519,10.0,9267.0,5.0
2021-01-05 09:32:50.171,0.1528,0.1534,10.0,0.1519,10.0,9267.0,5.0
2021-01-05 09:32:50.650,0.1528,0.1536,10.0,0.1519,10.0,9267.0,5.0
2021-01-05 09:32:51.170,0.1528,0.1537,10.0,0.1519,10.0,9267.0,5.0
2021-01-05 09:32:51.701,0.1528,0.1537,10.0,0.1519,10.0,9267.0,5.0
2021-01-05 09:32:52.191,0.1528,0.1538,10.0,0.1519,10.0,9267.0,5.0
2021-01-05 09:32:52.671,0.1528,0.1538,10.0,0.1519,10.0,9267.0,5.0
2021-01-05 09:32:53.161,0.1528,0.1538,10.0,0.1519,10.0,9267.0,5.0
2021-01-05 09:32:53.641,0.1528,0.1538,10.0,0.1519,10.0,9267.0,5.0
2021-01-05 09:32:53.641,0.1528,0.1539,10.0,0.1519,10.0,9267.0,5.0
2021-01-05 09:32:54.671,0.1528,0.1539,10.0,0.1519,10.0,9267.0,5.0
2021-01-05 09:32:55.170,0.1528,0.1539,10.0,0.1519,10.0,9267.0,5.0
2021-01-05 09:32:55.670,0.1528,0.1539,10.0,0.1519,10.0,9267.0,5.0
2021-01-05 09:32:56.150,0.1528,0.1539,10.0,0.1519,10.0,9267.0,5.0
2021-01-05 09:32:56.611,0.1528,0.1539,10.0,0.1527,10.0,9267.0,5.0
2021-01-05 09:32:57.151,0.1528,0.1541,10.0,0.1527,10.0,9267.0,5.0
2021-01-05 09:32:57.181,0.1528,0.1541,10.0,0.1527,10.0,9267.0,5.0
2021-01-05 09:32:57.600,0.1528,0.1541,10.0,0.1527,10.0,9267.0,5.0
2021-01-05 09:32:58.651,0.1528,0.1543,10.0,0.1527,10.0,9267.0,5.0
2021-01-05 09:33:01.141,0.1528,0.1543,30.0,0.1527,10.0,9267.0,5.0
2021-01-05 09:33:01.661,0.1528,0.1543,30.0,0.1527,10.0,9267.0,5.0
2021-01-05 09:33:02.130,0.1528,0.1538,10.0,0.1522,20.0,9267.0,5.0
2021-01-05 09:33:02.651,0.1528,0.1538,30.0,0.1522,10.0,9267.0,5.0
2021-01-05 09:33:03.171,0.1528,0.1538,30.0,0.1522,10.0,9267.0,5.0
2021-01-05 09:33:03.681,0.1528,0.1538,40.0,0.1517,10.0,9267.0,5.0
2021-01-05 09:33:04.140,0.1528,0.1538,20.0,0.1515,10.0,9267.0,5.0
2021-01-05 09:33:04.651,0.1528,0.1538,50.0,0.1515,10.0,9267.0,5.0
2021-01-05 09:33:05.181,0.1528,0.1537,10.0,0.1515,10.0,9267.0,5.0
2021-01-05 09:33:06.170,0.1528,0.1532,10.0,0.1512,10.0,9267.0,5.0
2021-01-05 09:33:06.681,0.1528,0.1532,20.0,0.1512,10.0,9267.0,5.0
2021-01-05 09:33:07.171,0.1528,0.1532,40.0,0.1512,10.0,9267.0,5.0
2021-01-05 09:33:07.601,0.1528,0.1532,20.0,0.1512,10.0,9267.0,5.0
2021-01-05 09:33:08.191,0.1528,0.1532,20.0,0.1512,10.0,9267.0,5.0
2021-01-05 09:33:08.681,0.1528,0.1532,40.0,0.1512,30.0,9267.0,5.0
2021-01-05 09:33:09.181,0.1528,0.1531,10.0,0.1516,10.0,9267.0,5.0
2021-01-05 09:33:10.681,0.1528,0.1531,10.0,0.1516,10.0,9267.0,5.0
2021-01-05 09:33:12.650,0.1528,0.1531,10.0,0.1516,10.0,9267.0,5.0
2021-01-05 09:33:15.140,0.1528,0.1531,10.0,0.1516,10.0,9267.0,5.0
2021-01-05 09:33:15.651,0.1528,0.1531,10.0,0.1516,10.0,9267.0,5.0
2021-01-05 09:33:16.181,0.1528,0.1531,10.0,0.1516,10.0,9267.0,5.0
2021-01-05 09:33:16.671,0.1528,0.1531,10.0,0.1516,10.0,9267.0,5.0
2021-01-05 09:33:17.190,0.1528,0.1526,10.0,0.1512,10.0,9267.0,5.0
2021-01-05 09:33:17.691,0.1528,0.1526,10.0,0.1511,1.0,9267.0,5.0
2021-01-05 09:33:18.160,0.1528,0.1526,30.0,0.1511,1.0,9267.0,5.0
2021-01-05 09:33:18.680,0.1528,0.1526,30.0,0.1511,1.0,9267.0,5.0
2021-01-05 09:33:19.660,0.1528,0.1526,30.0,0.1511,1.0,9267.0,5.0
2021-01-05 09:33:19.950,0.1528,0.1526,30.0,0.1511,1.0,9267.0,5.0
2021-01-05 09:33:20.680,0.1528,0.1526,30.0,0.1511,1.0,9267.0,5.0
2021-01-05 09:33:21.681,0.1528,0.1526,30.0,0.1511,1.0,9267.0,5.0
2021-01-05 09:33:22.150,0.1528,0.1526,30.0,0.1511,1.0,9267.0,5.0
2021-01-05 09:33:22.670,0.1528,0.1526,30.0,0.1511,1.0,9267.0,5.0
2021-01-05 09:33:23.051,0.1528,0.1521,10.0,0.1511,1.0,9267.0,5.0
2021-01-05 09:33:23.660,0.1528,0.1521,10.0,0.1511,1.0,9267.0,5.0
2021-01-05 09:33:24.661,0.1528,0.1521,10.0,0.1511,1.0,9267.0,5.0
2021-01-05 09:33:25.151,0.1528,0.1521,10.0,0.1511,1.0,9267.0,5.0
2021-01-05 09:33:25.671,0.1528,0.1521,10.0,0.1511,1.0,9267.0,5.0
2021-01-05 09:33:26.161,0.1528,0.1523,10.0,0.1511,11.0,9267.0,5.0
2021-01-05 09:33:26.651,0.1528,0.1525,10.0,0.1511,21.0,9267.0,5.0
2021-01-05 09:33:27.171,0.1528,0.1525,10.0,0.1511,21.0,9267.0,5.0
2021-01-05 09:33:27.681,0.1528,0.1527,20.0,0.1511,21.0,9267.0,5.0
2021-01-05 09:33:28.180,0.1528,0.1527,20.0,0.1511,21.0,9267.0,5.0
2021-01-05 09:33:28.670,0.1528,0.1527,20.0,0.1511,21.0,9267.0,5.0
2021-01-05 09:33:29.681,0.1528,0.1527,20.0,0.1511,21.0,9267.0,5.0
2021-01-05 09:33:31.680,0.1528,0.1527,20.0,0.1511,21.0,9267.0,5.0
2021-01-05 09:33:36.681,0.1528,0.1527,20.0,0.1511,21.0,9267.0,5.0
2021-01-05 09:33:37.190,0.1528,0.1527,20.0,0.1511,21.0,9267.0,5.0
2021-01-05 09:33:37.640,0.1528,0.1527,20.0,0.1511,21.0,9267.0,5.0
2021-01-05 09:33:38.621,0.1528,0.1527,40.0,0.1511,21.0,9267.0,5.0
2021-01-05 09:33:39.201,0.1528,0.1527,40.0,0.1511,21.0,9267.0,5.0
2021-01-05 09:33:39.641,0.1528,0.1527,40.0,0.1511,21.0,9267.0,5.0
2021-01-05 09:33:40.160,0.1528,0.1527,40.0,0.1511,21.0,9267.0,5.0
2021-01-05 09:33:40.690,0.1528,0.1527,40.0,0.1511,11.0,9267.0,5.0
2021-01-05 09:33:41.161,0.1528,0.1527,30.0,0.1511,1.0,9267.0,5.0
2021-01-05 09:33:41.691,0.1528,0.1527,30.0,0.1517,1.0,9267.0,5.0
2021-01-05 09:33:42.160,0.1527,0.1527,13.0,0.1517,1.0,9274.0,12.0
2021-01-05 09:33:42.600,0.1527,0.1529,10.0,0.1517,1.0,9274.0,12.0
2021-01-05 09:33:43.180,0.1527,0.1529,10.0,0.1517,1.0,9274.0,12.0
2021-01-05 09:33:44.110,0.1527,0.1532,20.0,0.1517,1.0,9274.0,12.0
2021-01-05 09:33:44.671,0.1527,0.1532,20.0,0.1517,1.0,9274.0,12.0
2021-01-05 09:33:46.161,0.1527,0.1532,20.0,0.1517,1.0,9274.0,12.0
2021-01-05 09:33:46.680,0.1527,0.1532,20.0,0.1517,1.0,9274.0,12.0
2021-01-05 09:33:47.191,0.1527,0.1534,10.0,0.1517,21.0,9274.0,12.0
2021-01-05 09:33:48.171,0.1527,0.1534,10.0,0.1517,21.0,9274.0,12.0
2021-01-05 09:33:48.680,0.1527,0.1534,10.0,0.1517,21.0,9274.0,12.0
2021-01-05 09:33:50.670,0.1527,0.1534,10.0,0.1517,21.0,9274.0,12.0
2021-01-05 09:33:53.650,0.1527,0.1531,10.0,0.1517,21.0,9274.0,12.0
2021-01-05 09:33:54.180,0.1527,0.1531,10.0,0.1517,21.0,9274.0,12.0
2021-01-05 09:33:54.610,0.1527,0.1531,10.0,0.1517,21.0,9274.0,12.0
2021-01-05 09:33:57.171,0.1527,0.1532,10.0,0.1517,21.0,9274.0,12.0
2021-01-05 09:33:57.671,0.1527,0.1532,10.0,0.1517,21.0,9274.0,12.0
2021-01-05 09:33:58.170,0.1527,0.1535,10.0,0.1517,21.0,9274.0,12.0
2021-01-05 09:33:58.971,0.1527,0.1535,10.0,0.1528,1.0,9274.0,12.0
2021-01-05 09:33:59.690,0.1527,0.1536,10.0,0.1528,1.0,9274.0,12.0
2021-01-05 09:34:00.191,0.1527,0.1536,10.0,0.1528,1.0,9274.0,12.0
2021-01-05 09:34:00.671,0.1527,0.1536,10.0,0.1528,1.0,9274.0,12.0
2021-01-05 09:34:01.140,0.1527,0.1536,10.0,0.1528,1.0,9274.0,12.0
2021-01-05 09:34:01.661,0.1527,0.1536,10.0,0.1528,1.0,9274.0,12.0
2021-01-05 09:34:02.170,0.1527,0.1536,10.0,0.1528,1.0,9274.0,12.0
2021-01-05 09:34:03.171,0.1527,0.1536,10.0,0.1528,1.0,9274.0,12.0
2021-01-05 09:34:03.670,0.1527,0.1536,10.0,0.1528,1.0,9274.0,12.0
2021-01-05 09:34:05.121,0.1527,0.1536,10.0,0.1528,1.0,9274.0,12.0
2021-01-05 09:34:06.671,0.1527,0.1538,10.0,0.1528,1.0,9274.0,12.0
2021-01-05 09:34:06.681,0.1527,0.1538,20.0,0.1536,4.0,9274.0,12.0
2021-01-05 09:34:07.601,0.1527,0.1538,20.0,0.1536,4.0,9274.0,12.0
2021-01-05 09:34:08.171,0.1527,0.1538,20.0,0.1536,4.0,9274.0,12.0
2021-01-05 09:34:08.690,0.1536,0.1538,10.0,0.1536,3.0,9274.0,13.0
2021-01-05 09:34:09.170,0.1536,0.1537,1.0,0.1536,1.0,9274.0,15.0
2021-01-05 09:34:09.670,0.1536,0.1538,10.0,0.1529,10.0,9274.0,15.0
2021-01-05 09:34:10.140,0.1536,0.1538,10.0,0.1528,1.0,9274.0,15.0
2021-01-05 09:34:10.281,0.1536,0.1537,1.0,0.1528,1.0,9274.0,15.0
2021-01-05 09:34:11.681,0.1536,0.1531,10.0,0.1528,1.0,9274.0,15.0
2021-01-05 09:34:12.640,0.1536,0.1531,10.0,0.1528,1.0,9274.0,15.0
2021-01-05 09:34:13.191,0.1536,0.1531,10.0,0.1528,1.0,9274.0,15.0
2021-01-05 09:34:13.650,0.1536,0.1531,10.0,0.1528,1.0,9274.0,15.0
2021-01-05 09:34:14.181,0.1536,0.1531,10.0,0.1528,1.0,9274.0,15.0
2021-01-05 09:34:14.691,0.1536,0.1531,10.0,0.1528,1.0,9274.0,15.0
2021-01-05 09:34:15.181,0.1536,0.1529,10.0,0.1528,1.0,9274.0,15.0
2021-01-05 09:34:15.681,0.1536,0.1529,10.0,0.1528,1.0,9274.0,15.0
2021-01-05 09:34:16.630,0.1536,0.1533,10.0,0.1529,4.0,9274.0,15.0
2021-01-05 09:34:17.690,0.1536,0.1533,10.0,0.1529,4.0,9274.0,15.0
2021-01-05 09:34:18.201,0.1536,0.1533,10.0,0.1529,4.0,9274.0,15.0
2021-01-05 09:34:19.661,0.1536,0.1533,10.0,0.1529,4.0,9274.0,15.0
2021-01-05 09:34:20.180,0.1536,0.1533,10.0,0.1529,4.0,9274.0,15.0
2021-01-05 09:34:20.651,0.1536,0.1533,10.0,0.1529,4.0,9274.0,15.0
2021-01-05 09:34:21.690,0.1536,0.1533,10.0,0.1529,4.0,9274.0,15.0
2021-01-05 09:34:22.151,0.1536,0.1533,10.0,0.1529,4.0,9274.0,15.0
2021-01-05 09:34:22.651,0.1536,0.1533,10.0,0.1529,4.0,9274.0,15.0
2021-01-05 09:34:24.170,0.1536,0.1533,10.0,0.1529,4.0,9274.0,15.0
2021-01-05 09:34:24.600,0.1536,0.1532,10.0,0.1529,4.0,9274.0,15.0
2021-01-05 09:34:25.150,0.1536,0.1533,10.0,0.1529,4.0,9274.0,15.0
2021-01-05 09:34:26.641,0.1536,0.1533,10.0,0.1529,4.0,9274.0,15.0
2021-01-05 09:34:27.150,0.1536,0.1532,12.0,0.1529,4.0,9274.0,15.0
2021-01-05 09:34:28.120,0.1532,0.1532,12.0,0.1529,4.0,9274.0,17.0
2021-01-05 09:34:30.170,0.1532,0.1531,10.0,0.1529,4.0,9274.0,17.0
2021-01-05 09:34:30.681,0.1532,0.1532,22.0,0.1529,4.0,9274.0,17.0
2021-01-05 09:34:31.190,0.1532,0.153,10.0,0.1529,4.0,9274.0,17.0
2021-01-05 09:34:31.691,0.153,0.1534,12.0,0.1529,4.0,9274.0,27.0
2021-01-05 09:34:32.150,0.153,0.1535,12.0,0.1529,4.0,9274.0,27.0
2021-01-05 09:34:33.691,0.153,0.1536,12.0,0.1529,4.0,9274.0,27.0
2021-01-05 09:34:34.640,0.153,0.1535,12.0,0.1529,4.0,9274.0,27.0
2021-01-05 09:34:35.670,0.153,0.1535,22.0,0.1529,4.0,9274.0,27.0
2021-01-05 09:34:36.171,0.153,0.1534,12.0,0.1529,4.0,9274.0,27.0
2021-01-05 09:34:37.161,0.153,0.1534,12.0,0.1529,4.0,9274.0,27.0
2021-01-05 09:34:37.700,0.153,0.1533,10.0,0.1529,4.0,9274.0,27.0
2021-01-05 09:34:38.171,0.1533,0.1537,12.0,0.1529,4.0,9274.0,37.0
2021-01-05 09:34:38.690,0.1533,0.1539,10.0,0.153,12.0,9274.0,37.0
2021-01-05 09:34:39.091,0.1533,0.154,12.0,0.153,12.0,9274.0,37.0
2021-01-05 09:34:40.171,0.1533,0.154,1.0,0.153,12.0,9274.0,37.0
2021-01-05 09:34:40.601,0.1533,0.154,1.0,0.153,12.0,9274.0,37.0
2021-01-05 09:34:41.201,0.1533,0.1539,12.0,0.153,12.0,9274.0,37.0
2021-01-05 09:34:41.700,0.1533,0.1538,12.0,0.1528,21.0,9274.0,37.0
2021-01-05 09:34:42.171,0.1533,0.1538,12.0,0.1528,31.0,9274.0,37.0
2021-01-05 09:34:42.680,0.1533,0.1538,12.0,0.1528,21.0,9274.0,37.0
2021-01-05 09:34:43.191,0.1533,0.1538,12.0,0.1528,21.0,9274.0,37.0
2021-01-05 09:34:43.671,0.1533,0.1538,22.0,0.1528,21.0,9274.0,37.0
2021-01-05 09:34:44.151,0.1533,0.1537,12.0,0.1528,21.0,9274.0,37.0
2021-01-05 09:34:44.701,0.1533,0.1536,10.0,0.1528,21.0,9274.0,37.0
2021-01-05 09:34:45.200,0.1533,0.1537,22.0,0.1528,21.0,9274.0,37.0
2021-01-05 09:34:45.721,0.1533,0.1535,12.0,0.1528,21.0,9274.0,37.0
2021-01-05 09:34:46.140,0.1535,0.1537,12.0,0.1528,41.0,9274.0,49.0
2021-01-05 09:34:46.660,0.1535,0.1537,10.0,0.153,12.0,9274.0,49.0
2021-01-05 09:34:47.181,0.1535,0.1537,20.0,0.153,12.0,9274.0,49.0
2021-01-05 09:34:47.701,0.1535,0.1537,10.0,0.153,22.0,9274.0,49.0
2021-01-05 09:34:48.141,0.1535,0.1537,20.0,0.1532,12.0,9274.0,49.0
2021-01-05 09:34:48.700,0.1535,0.1537,10.0,0.1532,20.0,9274.0,49.0
2021-01-05 09:34:49.171,0.1535,0.1537,20.0,0.1534,12.0,9274.0,49.0
2021-01-05 09:34:50.161,0.1535,0.1537,20.0,0.1534,12.0,9274.0,49.0
2021-01-05 09:34:50.700,0.1535,0.1537,10.0,0.153,12.0,9274.0,49.0
2021-01-05 09:34:51.200,0.1535,0.1537,10.0,0.153,12.0,9274.0,49.0
2021-01-05 09:34:51.701,0.1535,0.1537,10.0,0.153,12.0,9274.0,49.0
2021-01-05 09:34:52.220,0.1535,0.1537,10.0,0.153,12.0,9274.0,49.0
2021-01-05 09:34:52.650,0.1535,0.1537,10.0,0.153,12.0,9274.0,49.0
2021-01-05 09:34:53.180,0.1535,0.1537,10.0,0.153,12.0,9274.0,49.0
2021-01-05 09:34:53.651,0.1535,0.1537,10.0,0.1531,12.0,9274.0,49.0
2021-01-05 09:34:54.170,0.1537,0.1537,5.0,0.1531,42.0,9276.0,54.0
2021-01-05 09:34:54.631,0.1537,0.1538,10.0,0.1534,10.0,9277.0,55.0
2021-01-05 09:34:55.161,0.1538,0.154,8.0,0.1534,42.0,9280.0,59.0
2021-01-05 09:34:55.680,0.1538,0.154,7.0,0.1536,12.0,9280.0,59.0
2021-01-05 09:34:56.141,0.1538,0.154,10.0,0.1536,12.0,9280.0,59.0
2021-01-05 09:34:56.681,0.1538,0.1542,10.0,0.1539,10.0,9280.0,59.0
2021-01-05 09:34:57.130,0.1538,0.1542,10.0,0.1541,12.0,9280.0,59.0
2021-01-05 09:34:57.651,0.1538,0.1542,10.0,0.1539,22.0,9280.0,59.0
2021-01-05 09:34:58.160,0.1538,0.1549,22.0,0.1539,22.0,9280.0,59.0
2021-01-05 09:34:58.640,0.1538,0.1549,13.0,0.1539,32.0,9280.0,59.0
2021-01-05 09:34:59.151,0.1538,0.1549,11.0,0.1541,12.0,9280.0,59.0
2021-01-05 09:35:00.160,0.1538,0.1549,10.0,0.1541,12.0,9280.0,59.0
2021-01-05 09:35:00.630,0.1538,0.1549,10.0,0.1541,12.0,9280.0,59.0
2021-01-05 09:35:01.620,0.1538,0.1549,10.0,0.1541,12.0,9280.0,59.0
2021-01-05 09:35:02.181,0.1538,0.1549,22.0,0.154,10.0,9280.0,59.0
2021-01-05 09:35:02.680,0.1538,0.1547,12.0,0.1539,10.0,9280.0,59.0
2021-01-05 09:35:03.180,0.1538,0.1541,50.0,0.1539,12.0,9280.0,59.0
2021-01-05 09:35:03.660,0.1538,0.1541,50.0,0.1539,12.0,9280.0,59.0
2021-01-05 09:35:04.181,0.1538,0.1541,50.0,0.1538,12.0,9280.0,59.0
2021-01-05 09:35:04.621,0.1538,0.154,10.0,0.1538,12.0,9280.0,59.0
2021-01-05 09:35:05.180,0.1538,0.1541,50.0,0.1538,12.0,9280.0,59.0
2021-01-05 09:35:05.671,0.1541,0.1541,40.0,0.1538,32.0,9280.0,69.0
2021-01-05 09:35:06.180,0.1541,0.1541,40.0,0.1539,12.0,9280.0,69.0
2021-01-05 09:35:06.680,0.1541,0.1541,40.0,0.154,12.0,9280.0,69.0
2021-01-05 09:35:07.131,0.1541,0.1541,40.0,0.1538,20.0,9280.0,69.0
2021-01-05 09:35:07.650,0.1541,0.1541,20.0,0.154,10.0,9280.0,89.0
2021-01-05 09:35:08.171,0.1541,0.1541,18.0,0.154,10.0,9281.0,91.0
2021-01-05 09:35:08.661,0.1541,0.1548,10.0,0.1541,9.0,9287.0,109.0
2021-01-05 09:35:09.191,0.1541,0.155,11.0,0.1542,12.0,9287.0,109.0
2021-01-05 09:35:09.700,0.1541,0.155,10.0,0.1543,12.0,9287.0,109.0
2021-01-05 09:35:10.180,0.1541,0.155,10.0,0.1544,12.0,9287.0,109.0
2021-01-05 09:35:10.691,0.1541,0.1551,10.0,0.1544,12.0,9287.0,109.0
2021-01-05 09:35:11.160,0.1541,0.1551,10.0,0.1544,22.0,9287.0,109.0
2021-01-05 09:35:11.680,0.1551,0.1557,10.0,0.1546,12.0,9287.0,119.0
2021-01-05 09:35:12.101,0.1551,0.1556,13.0,0.1546,12.0,9287.0,119.0
2021-01-05 09:35:12.301,0.1551,0.1556,13.0,0.1555,10.0,9287.0,119.0
2021-01-05 09:35:13.160,0.1555,0.1555,14.0,0.1552,10.0,9297.0,129.0
2021-01-05 09:35:13.640,0.1552,0.1554,1.0,0.1552,4.0,9303.0,135.0
2021-01-05 09:35:14.191,0.1552,0.1552,12.0,0.1545,10.0,9304.0,136.0
2021-01-05 09:35:14.691,0.1552,0.1552,12.0,0.1543,10.0,9304.0,136.0
2021-01-05 09:35:15.171,0.1552,0.1551,13.0,0.1542,12.0,9304.0,136.0
2021-01-05 09:35:15.701,0.1552,0.1554,1.0,0.1543,12.0,9304.0,136.0
2021-01-05 09:35:16.141,0.1552,0.1562,20.0,0.1543,32.0,9304.0,136.0
2021-01-05 09:35:16.681,0.1552,0.1561,13.0,0.1545,12.0,9304.0,136.0
2021-01-05 09:35:17.190,0.1552,0.1558,1.0,0.1546,12.0,9304.0,136.0
2021-01-05 09:35:17.680,0.1552,0.1558,11.0,0.1547,12.0,9304.0,136.0
2021-01-05 09:35:18.170,0.1552,0.1556,12.0,0.1547,12.0,9304.0,136.0
2021-01-05 09:35:18.681,0.1556,0.1558,11.0,0.1545,10.0,9314.0,146.0
2021-01-05 09:35:19.180,0.1556,0.1557,13.0,0.1544,13.0,9314.0,146.0
2021-01-05 09:35:19.670,0.1556,0.1557,13.0,0.1546,12.0,9314.0,146.0
2021-01-05 09:35:20.170,0.1556,0.1556,10.0,0.1546,12.0,9314.0,146.0
2021-01-05 09:35:20.681,0.1556,0.1557,10.0,0.1547,15.0,9314.0,146.0
2021-01-05 09:35:21.180,0.1556,0.1557,10.0,0.1549,12.0,9314.0,146.0
2021-01-05 09:35:21.620,0.1556,0.1557,10.0,0.1549,12.0,9314.0,146.0
2021-01-05 09:35:22.171,0.1556,0.1557,10.0,0.1549,12.0,9314.0,146.0
2021-01-05 09:35:22.650,0.1556,0.1558,21.0,0.1554,20.0,9314.0,146.0
2021-01-05 09:35:23.151,0.1555,0.1558,11.0,0.1556,12.0,9304.0,156.0
2021-01-05 09:35:23.680,0.1555,0.1557,10.0,0.1554,32.0,9304.0,156.0
2021-01-05 09:35:24.171,0.1555,0.1557,20.0,0.1554,20.0,9304.0,156.0
2021-01-05 09:35:24.671,0.1555,0.1557,10.0,0.1554,20.0,9304.0,156.0
2021-01-05 09:35:25.170,0.1555,0.1557,10.0,0.1554,20.0,9304.0,156.0
2021-01-05 09:35:25.660,0.1555,0.1557,10.0,0.1554,20.0,9304.0,156.0
2021-01-05 09:35:26.160,0.1555,0.1557,10.0,0.1554,20.0,9304.0,156.0
2021-01-05 09:35:26.651,0.1555,0.1557,10.0,0.1556,12.0,9304.0,156.0
2021-01-05 09:35:27.130,0.1555,0.156,10.0,0.1556,12.0,9304.0,156.0
2021-01-05 09:35:27.641,0.1554,0.1559,1.0,0.1554,12.0,9316.0,176.0
2021-01-05 09:35:28.131,0.1554,0.1559,1.0,0.1554,12.0,9316.0,176.0
2021-01-05 09:35:28.680,0.1554,0.1559,1.0,0.1554,12.0,9316.0,176.0
2021-01-05 09:35:29.160,0.1554,0.1559,1.0,0.1554,12.0,9316.0,176.0
2021-01-05 09:35:29.641,0.1554,0.1559,1.0,0.1554,12.0,9316.0,176.0
2021-01-05 09:35:30.121,0.1554,0.1559,1.0,0.1554,12.0,9316.0,176.0
2021-01-05 09:35:30.690,0.1554,0.1559,1.0,0.1554,12.0,9316.0,176.0
2021-01-05 09:35:31.170,0.1554,0.1559,1.0,0.1554,12.0,9316.0,176.0
2021-01-05 09:35:31.700,0.1554,0.1559,1.0,0.1554,12.0,9316.0,176.0
2021-01-05 09:35:32.150,0.1554,0.1559,1.0,0.1554,12.0,9316.0,176.0
2021-01-05 09:35:32.630,0.1554,0.1562,1.0,0.1554,12.0,9316.0,176.0
2021-01-05 09:35:33.160,0.1554,0.156,10.0,0.1554,15.0,9316.0,176.0
2021-01-05 09:35:33.610,0.156,0.1561,9.0,0.1554,15.0,9316.0,177.0
2021-01-05 09:35:34.180,0.156,0.1562,10.0,0.1556,12.0,9316.0,177.0
2021-01-05 09:35:34.691,0.156,0.1562,10.0,0.1556,12.0,9316.0,177.0
2021-01-05 09:35:35.200,0.156,0.1561,10.0,0.1556,12.0,9316.0,177.0
2021-01-05 09:35:35.590,0.1561,0.1564,2.0,0.1557,12.0,9316.0,186.0
2021-01-05 09:35:36.180,0.1561,0.1564,2.0,0.1557,32.0,9316.0,186.0
2021-01-05 09:35:36.620,0.1561,0.1565,10.0,0.1557,32.0,9316.0,186.0
2021-01-05 09:35:37.171,0.1561,0.1565,10.0,0.1557,32.0,9316.0,186.0
2021-01-05 09:35:38.651,0.1561,0.1565,22.0,0.1557,20.0,9316.0,186.0
2021-01-05 09:35:39.140,0.1561,0.1565,22.0,0.1564,2.0,9316.0,186.0
2021-01-05 09:35:39.690,0.1564,0.1565,22.0,0.1556,3.0,9318.0,188.0
2021-01-05 09:35:40.191,0.1564,0.1565,22.0,0.1555,22.0,9318.0,188.0
2021-01-05 09:35:40.691,0.1564,0.1563,12.0,0.1554,32.0,9318.0,188.0
2021-01-05 09:35:41.190,0.1564,0.1563,12.0,0.1554,32.0,9318.0,188.0
2021-01-05 09:35:42.160,0.1564,0.1563,12.0,0.1554,32.0,9318.0,188.0
2021-01-05 09:35:42.410,0.1564,0.1563,22.0,0.1554,32.0,9318.0,188.0
2021-01-05 09:35:43.190,0.1564,0.1564,10.0,0.1555,22.0,9318.0,188.0
2021-01-05 09:35:43.261,0.1564,0.1562,10.0,0.1554,32.0,9318.0,188.0
2021-01-05 09:35:44.101,0.1564,0.1564,10.0,0.1555,12.0,9318.0,188.0
2021-01-05 09:35:45.071,0.1564,0.1566,10.0,0.1558,10.0,9318.0,188.0
2021-01-05 09:35:45.670,0.1564,0.1567,22.0,0.1558,30.0,9318.0,188.0
2021-01-05 09:35:46.170,0.1564,0.1568,10.0,0.156,12.0,9318.0,188.0
2021-01-05 09:35:46.700,0.1564,0.1569,10.0,0.156,12.0,9318.0,188.0
2021-01-05 09:35:47.201,0.1564,0.1569,10.0,0.156,12.0,9318.0,188.0
2021-01-05 09:35:48.181,0.1564,0.1572,10.0,0.1563,10.0,9318.0,188.0
2021-01-05 09:35:48.700,0.1564,0.1569,10.0,0.1563,30.0,9318.0,188.0
2021-01-05 09:35:49.190,0.1564,0.1569,12.0,0.1563,30.0,9318.0,188.0
2021-01-05 09:35:49.701,0.1564,0.1571,12.0,0.1563,30.0,9318.0,188.0
2021-01-05 09:35:50.150,0.1564,0.1571,12.0,0.1563,30.0,9318.0,188.0
2021-01-05 09:35:50.680,0.1564,0.157,10.0,0.1563,30.0,9318.0,188.0
2021-01-05 09:35:51.710,0.1564,0.157,10.0,0.1563,30.0,9318.0,188.0
2021-01-05 09:35:52.190,0.1564,0.157,10.0,0.1563,40.0,9318.0,188.0
2021-01-05 09:35:52.661,0.1564,0.157,10.0,0.1563,30.0,9318.0,188.0
2021-01-05 09:35:53.111,0.1564,0.157,10.0,0.1563,40.0,9318.0,188.0
2021-01-05 09:35:53.570,0.157,0.1575,10.0,0.1565,12.0,9318.0,198.0
2021-01-05 09:35:54.161,0.157,0.1575,13.0,0.1565,22.0,9318.0,198.0
2021-01-05 09:35:54.300,0.157,0.1573,12.0,0.1565,10.0,9318.0,198.0
2021-01-05 09:35:55.141,0.157,0.1572,10.0,0.157,1.0,9318.0,198.0
2021-01-05 09:35:55.691,0.157,0.157,12.0,0.1561,22.0,9319.0,199.0
2021-01-05 09:35:56.121,0.157,0.157,12.0,0.1561,12.0,9319.0,199.0
2021-01-05 09:35:56.661,0.1561,0.1572,10.0,0.1563,12.0,9322.0,202.0
2021-01-05 09:35:57.141,0.1561,0.1572,22.0,0.1562,12.0,9322.0,202.0
2021-01-05 09:35:57.681,0.1561,0.1572,22.0,0.1562,12.0,9322.0,202.0
2021-01-05 09:35:58.150,0.1561,0.1572,22.0,0.1562,12.0,9322.0,202.0
2021-01-05 09:35:59.160,0.1561,0.1572,32.0,0.1562,12.0,9322.0,202.0
2021-01-05 09:36:00.201,0.1561,0.1572,10.0,0.1564,12.0,9322.0,202.0
2021-01-05 09:36:00.680,0.1561,0.1573,12.0,0.1564,20.0,9322.0,202.0
2021-01-05 09:36:01.181,0.1561,0.1573,12.0,0.1564,20.0,9322.0,202.0
2021-01-05 09:36:01.671,0.1561,0.1574,10.0,0.1566,12.0,9322.0,202.0
2021-01-05 09:36:02.170,0.1561,0.1573,12.0,0.1564,30.0,9322.0,202.0
2021-01-05 09:36:02.610,0.1561,0.1573,12.0,0.1564,30.0,9322.0,202.0
2021-01-05 09:36:03.150,0.1561,0.1572,12.0,0.1564,10.0,9322.0,202.0
2021-01-05 09:36:03.700,0.1561,0.1572,12.0,0.1561,10.0,9322.0,202.0
2021-01-05 09:36:04.201,0.1561,0.1572,12.0,0.156,22.0,9322.0,202.0
2021-01-05 09:36:04.620,0.1561,0.1571,10.0,0.1561,10.0,9322.0,202.0
2021-01-05 09:36:05.150,0.1561,0.1571,12.0,0.1561,22.0,9322.0,202.0
2021-01-05 09:36:05.690,0.1561,0.1571,12.0,0.1561,42.0,9322.0,202.0
2021-01-05 09:36:06.180,0.1561,0.1571,12.0,0.1561,42.0,9322.0,202.0
2021-01-05 09:36:09.161,0.1561,0.157,10.0,0.1563,12.0,9322.0,202.0
2021-01-05 09:36:09.691,0.1561,0.157,10.0,0.1563,12.0,9322.0,202.0
2021-01-05 09:36:10.160,0.1561,0.1569,1.0,0.1563,12.0,9322.0,202.0
2021-01-05 09:36:10.671,0.1561,0.1569,1.0,0.1563,12.0,9322.0,202.0
2021-01-05 09:36:11.180,0.1561,0.1569,1.0,0.1561,12.0,9322.0,202.0
2021-01-05 09:36:11.651,0.1561,0.1569,1.0,0.1562,22.0,9322.0,202.0
2021-01-05 09:36:12.181,0.1561,0.1571,10.0,0.1564,12.0,9322.0,202.0
2021-01-05 09:36:12.690,0.1561,0.1572,10.0,0.1564,12.0,9322.0,202.0
2021-01-05 09:36:13.190,0.1561,0.1572,10.0,0.1563,12.0,9322.0,202.0
2021-01-05 09:36:13.920,0.1561,0.1573,10.0,0.1563,22.0,9322.0,202.0
2021-01-05 09:36:14.611,0.1561,0.1572,10.0,0.1564,12.0,9322.0,202.0
2021-01-05 09:36:15.170,0.1561,0.1572,10.0,0.1564,12.0,9322.0,202.0
2021-01-05 09:36:15.660,0.1561,0.1572,10.0,0.1564,12.0,9322.0,202.0
2021-01-05 09:36:16.680,0.1561,0.1572,10.0,0.1564,12.0,9322.0,202.0
2021-01-05 09:36:18.680,0.1561,0.1572,10.0,0.1564,12.0,9322.0,202.0
2021-01-05 09:36:18.680,0.1561,0.1572,10.0,0.1563,12.0,9322.0,202.0
2021-01-05 09:36:19.691,0.1561,0.1572,10.0,0.1564,12.0,9322.0,202.0
2021-01-05 09:36:21.091,0.1561,0.1572,10.0,0.1564,12.0,9322.0,202.0
2021-01-05 09:36:21.691,0.1561,0.1572,22.0,0.1562,12.0,9322.0,202.0
2021-01-05 09:36:22.171,0.1561,0.1572,22.0,0.1562,12.0,9322.0,202.0
2021-01-05 09:36:23.191,0.1561,0.1572,22.0,0.1562,22.0,9322.0,202.0
2021-01-05 09:36:23.681,0.1561,0.1572,10.0,0.1564,12.0,9322.0,202.0
2021-01-05 09:36:24.171,0.1561,0.1572,10.0,0.1565,12.0,9322.0,202.0
2021-01-05 09:36:25.191,0.1572,0.1573,5.0,0.1565,12.0,9322.0,207.0
2021-01-05 09:36:25.650,0.1572,0.1571,10.0,0.1565,12.0,9322.0,207.0
2021-01-05 09:36:26.171,0.1572,0.1571,10.0,0.1563,12.0,9322.0,207.0
2021-01-05 09:36:26.651,0.1572,0.1572,10.0,0.1565,20.0,9322.0,207.0
2021-01-05 09:36:27.070,0.1572,0.1572,10.0,0.1567,12.0,9322.0,207.0
2021-01-05 09:36:27.690,0.1572,0.1573,10.0,0.1567,12.0,9322.0,207.0
2021-01-05 09:36:28.040,0.1573,0.1581,10.0,0.1567,12.0,9322.0,217.0
2021-01-05 09:36:28.681,0.1573,0.1576,10.0,0.1567,12.0,9322.0,217.0
2021-01-05 09:36:29.100,0.1573,0.1581,10.0,0.1568,12.0,9322.0,217.0
2021-01-05 09:36:29.661,0.1573,0.1581,10.0,0.1569,12.0,9322.0,217.0
2021-01-05 09:36:30.161,0.1573,0.1581,10.0,0.1569,12.0,9322.0,217.0
2021-01-05 09:36:30.700,0.1573,0.1581,10.0,0.157,12.0,9322.0,217.0
2021-01-05 09:36:31.181,0.1573,0.1581,10.0,0.1571,12.0,9322.0,217.0
2021-01-05 09:36:32.660,0.1573,0.1581,10.0,0.1571,12.0,9322.0,217.0
2021-01-05 09:36:33.200,0.1573,0.1581,22.0,0.1571,12.0,9322.0,217.0
2021-01-05 09:36:33.670,0.1573,0.1581,22.0,0.1571,12.0,9322.0,217.0
2021-01-05 09:36:34.091,0.1573,0.1581,22.0,0.1571,12.0,9322.0,217.0
2021-01-05 09:36:35.150,0.1573,0.158,12.0,0.157,42.0,9322.0,217.0
2021-01-05 09:36:35.701,0.1573,0.158,12.0,0.157,42.0,9322.0,217.0
2021-01-05 09:36:36.700,0.1573,0.158,10.0,0.1572,12.0,9322.0,217.0
2021-01-05 09:36:37.691,0.1573,0.158,22.0,0.1571,10.0,9322.0,217.0
2021-01-05 09:36:38.041,0.1573,0.158,10.0,0.1573,12.0,9322.0,217.0
2021-01-05 09:36:40.191,0.1573,0.158,10.0,0.1571,22.0,9322.0,217.0
2021-01-05 09:36:40.700,0.1573,0.158,10.0,0.1573,12.0,9322.0,217.0
2021-01-05 09:36:41.201,0.1573,0.158,10.0,0.1573,12.0,9322.0,217.0
2021-01-05 09:36:41.641,0.1573,0.158,10.0,0.1571,22.0,9322.0,217.0
2021-01-05 09:36:42.200,0.1573,0.158,10.0,0.1571,22.0,9322.0,217.0
2021-01-05 09:36:43.700,0.1573,0.158,10.0,0.1573,12.0,9322.0,217.0
2021-01-05 09:36:44.200,0.1573,0.158,10.0,0.1573,12.0,9322.0,217.0
2021-01-05 09:36:45.191,0.1573,0.1581,10.0,0.1574,10.0,9322.0,217.0
2021-01-05 09:36:45.631,0.1573,0.1581,10.0,0.1574,22.0,9322.0,217.0
2021-01-05 09:36:46.190,0.1573,0.1582,10.0,0.1576,12.0,9322.0,217.0
2021-01-05 09:36:46.651,0.1573,0.1583,10.0,0.1576,12.0,9322.0,217.0
2021-01-05 09:36:47.130,0.1573,0.1583,10.0,0.1576,32.0,9322.0,217.0
2021-01-05 09:36:47.660,0.1573,0.1584,10.0,0.1578,12.0,9322.0,217.0
2021-01-05 09:36:48.130,0.1573,0.1584,10.0,0.158,10.0,9322.0,217.0
2021-01-05 09:36:48.630,0.1573,0.1582,10.0,0.158,10.0,9322.0,217.0
2021-01-05 09:36:49.181,0.1573,0.1584,10.0,0.158,10.0,9322.0,217.0
2021-01-05 09:36:49.700,0.1573,0.1584,10.0,0.158,10.0,9322.0,217.0
2021-01-05 09:36:50.670,0.1573,0.1584,10.0,0.158,10.0,9322.0,217.0
2021-01-05 09:36:51.671,0.1573,0.1585,10.0,0.158,10.0,9322.0,217.0
2021-01-05 09:36:52.691,0.1573,0.1585,10.0,0.158,22.0,9322.0,217.0
2021-01-05 09:36:53.191,0.1573,0.1586,10.0,0.158,22.0,9322.0,217.0
2021-01-05 09:36:53.680,0.1573,0.1587,10.0,0.158,22.0,9322.0,217.0
2021-01-05 09:36:54.180,0.1573,0.1584,10.0,0.158,22.0,9322.0,217.0
2021-01-05 09:36:54.631,0.1573,0.1584,10.0,0.1579,10.0,9322.0,217.0
2021-01-05 09:36:55.171,0.1573,0.1584,10.0,0.1579,10.0,9322.0,217.0
2021-01-05 09:36:55.651,0.1573,0.1584,10.0,0.1579,22.0,9322.0,217.0
2021-01-05 09:36:56.141,0.1573,0.1584,10.0,0.1579,12.0,9322.0,217.0
2021-01-05 09:36:56.691,0.1573,0.1584,10.0,0.1578,12.0,9322.0,217.0
2021-01-05 09:36:57.171,0.1573,0.1584,10.0,0.1578,22.0,9322.0,217.0
2021-01-05 09:36:57.630,0.1573,0.1584,10.0,0.1579,12.0,9322.0,217.0
2021-01-05 09:36:58.160,0.1584,0.1586,10.0,0.1584,30.0,9332.0,227.0
2021-01-05 09:36:58.230,0.1584,0.1585,12.0,0.1584,29.0,9333.0,228.0
2021-01-05 09:36:59.181,0.1584,0.1585,12.0,0.1584,29.0,9333.0,228.0
2021-01-05 09:36:59.690,0.1585,0.1589,22.0,0.1584,29.0,9333.0,229.0
2021-01-05 09:37:00.160,0.1585,0.1589,12.0,0.1584,29.0,9333.0,229.0
2021-01-05 09:37:00.251,0.1585,0.159,12.0,0.1584,29.0,9333.0,229.0
2021-01-05 09:37:01.640,0.1585,0.159,13.0,0.1584,29.0,9333.0,229.0
2021-01-05 09:37:02.191,0.1585,0.1589,12.0,0.1584,29.0,9333.0,229.0
2021-01-05 09:37:02.640,0.1585,0.1588,12.0,0.1584,29.0,9333.0,229.0
2021-01-05 09:37:03.151,0.1585,0.1587,12.0,0.1584,29.0,9333.0,229.0
2021-01-05 09:37:03.630,0.1584,0.1586,10.0,0.1584,27.0,9335.0,231.0
2021-01-05 09:37:04.200,0.1584,0.1587,20.0,0.1584,2.0,9360.0,256.0
2021-01-05 09:37:04.690,0.1584,0.1587,20.0,0.158,12.0,9362.0,258.0
2021-01-05 09:37:05.140,0.1584,0.1587,20.0,0.158,12.0,9362.0,258.0
2021-01-05 09:37:05.701,0.1584,0.1587,20.0,0.1578,10.0,9362.0,258.0
2021-01-05 09:37:06.171,0.1584,0.1587,20.0,0.1578,10.0,9362.0,258.0
2021-01-05 09:37:06.700,0.1584,0.1587,33.0,0.1572,12.0,9362.0,258.0
2021-01-05 09:37:07.180,0.1584,0.1587,20.0,0.1573,12.0,9362.0,258.0
2021-01-05 09:37:07.610,0.1584,0.1587,32.0,0.1574,12.0,9362.0,258.0
2021-01-05 09:37:08.190,0.1584,0.1587,20.0,0.1574,22.0,9362.0,258.0
2021-01-05 09:37:08.630,0.1584,0.1587,20.0,0.1576,12.0,9362.0,258.0
2021-01-05 09:37:09.170,0.1584,0.1587,10.0,0.1577,12.0,9362.0,258.0
2021-01-05 09:37:09.660,0.1584,0.1587,10.0,0.1576,12.0,9362.0,258.0
2021-01-05 09:37:10.140,0.1584,0.1587,10.0,0.1574,10.0,9362.0,258.0
2021-01-05 09:37:10.701,0.1584,0.1583,10.0,0.1574,10.0,9362.0,258.0
2021-01-05 09:37:11.201,0.1584,0.1583,22.0,0.1574,12.0,9362.0,258.0
2021-01-05 09:37:11.700,0.1584,0.1583,22.0,0.1574,12.0,9362.0,258.0
2021-01-05 09:37:12.131,0.1584,0.1583,22.0,0.1574,12.0,9362.0,258.0
2021-01-05 09:37:12.131,0.1584,0.1581,12.0,0.1573,10.0,9362.0,258.0
2021-01-05 09:37:13.181,0.1584,0.1581,12.0,0.1573,10.0,9362.0,258.0
2021-01-05 09:37:13.681,0.1584,0.1583,32.0,0.1574,25.0,9362.0,258.0
2021-01-05 09:37:14.171,0.1584,0.1581,10.0,0.1574,25.0,9362.0,258.0
2021-01-05 09:37:15.091,0.1581,0.1583,14.0,0.1576,12.0,9362.0,264.0
2021-01-05 09:37:15.671,0.1581,0.1583,20.0,0.1576,32.0,9362.0,264.0
2021-01-05 09:37:16.190,0.1581,0.1583,20.0,0.1577,12.0,9362.0,264.0
2021-01-05 09:37:16.461,0.1581,0.1583,32.0,0.1575,10.0,9362.0,264.0
2021-01-05 09:37:17.200,0.1581,0.1583,32.0,0.1575,10.0,9362.0,264.0
2021-01-05 09:37:17.671,0.1581,0.1583,20.0,0.1576,12.0,9362.0,264.0
2021-01-05 09:37:18.641,0.1581,0.1583,10.0,0.1576,32.0,9362.0,264.0
2021-01-05 09:37:19.021,0.1581,0.1583,10.0,0.1576,32.0,9362.0,264.0
2021-01-05 09:37:19.711,0.1581,0.1583,10.0,0.1576,32.0,9362.0,264.0
2021-01-05 09:37:20.211,0.1576,0.1583,10.0,0.1578,12.0,9362.0,266.0
2021-01-05 09:37:20.691,0.1576,0.1583,10.0,0.1578,12.0,9362.0,266.0
2021-01-05 09:37:21.200,0.1576,0.1583,10.0,0.1576,32.0,9362.0,266.0
2021-01-05 09:37:21.701,0.1576,0.1583,10.0,0.1576,32.0,9362.0,266.0
2021-01-05 09:37:22.030,0.1576,0.1583,10.0,0.1576,32.0,9362.0,266.0
2021-01-05 09:37:23.150,0.1576,0.1583,22.0,0.1575,10.0,9362.0,266.0
2021-01-05 09:37:23.690,0.1576,0.1583,22.0,0.1574,22.0,9362.0,266.0
2021-01-05 09:37:24.080,0.1576,0.1583,22.0,0.1574,35.0,9362.0,266.0
2021-01-05 09:37:24.631,0.1576,0.1583,22.0,0.1574,22.0,9362.0,266.0
2021-01-05 09:37:25.200,0.1576,0.1583,10.0,0.1576,12.0,9362.0,266.0
2021-01-05 09:37:25.670,0.1576,0.1583,10.0,0.1576,22.0,9362.0,266.0
2021-01-05 09:37:26.170,0.1576,0.1583,10.0,0.1576,22.0,9362.0,266.0
2021-01-05 09:37:26.650,0.1576,0.1583,10.0,0.1576,10.0,9362.0,266.0
2021-01-05 09:37:27.130,0.1576,0.1578,2.0,0.1576,10.0,9362.0,266.0
2021-01-05 09:37:27.301,0.1578,0.1583,10.0,0.1578,1.0,9362.0,268.0
2021-01-05 09:37:28.151,0.1578,0.1583,10.0,0.1576,10.0,9362.0,268.0
2021-01-05 09:37:29.130,0.1576,0.1583,10.0,0.1575,10.0,9362.0,269.0
2021-01-05 09:37:30.150,0.1576,0.158,10.0,0.1575,10.0,9362.0,269.0
2021-01-05 09:37:30.650,0.1576,0.158,10.0,0.1575,12.0,9362.0,269.0
2021-01-05 09:37:31.190,0.1576,0.158,10.0,0.1575,12.0,9362.0,269.0
2021-01-05 09:37:32.651,0.158,0.158,7.0,0.1575,12.0,9359.0,272.0
2021-01-05 09:37:33.180,0.158,0.1586,10.0,0.1576,23.0,9357.0,274.0
2021-01-05 09:37:33.681,0.158,0.1581,1.0,0.1578,12.0,9357.0,274.0
2021-01-05 09:37:34.200,0.158,0.1581,1.0,0.1578,12.0,9357.0,274.0
2021-01-05 09:37:34.431,0.158,0.1581,1.0,0.1578,12.0,9357.0,274.0
2021-01-05 09:37:35.170,0.158,0.1581,1.0,0.1578,12.0,9357.0,274.0
2021-01-05 09:37:35.650,0.158,0.1581,1.0,0.1577,12.0,9357.0,274.0
2021-01-05 09:37:36.200,0.158,0.1581,1.0,0.1577,12.0,9357.0,274.0
2021-01-05 09:37:36.671,0.158,0.1581,11.0,0.1577,12.0,9357.0,274.0
2021-01-05 09:37:37.691,0.158,0.1581,11.0,0.1577,12.0,9357.0,274.0
2021-01-05 09:37:38.161,0.158,0.1581,11.0,0.1576,12.0,9357.0,274.0
2021-01-05 09:37:38.651,0.158,0.1581,11.0,0.1575,22.0,9357.0,274.0
2021-01-05 09:37:39.170,0.158,0.1581,11.0,0.1575,12.0,9357.0,274.0
2021-01-05 09:37:39.700,0.158,0.1581,11.0,0.1575,12.0,9357.0,274.0
2021-01-05 09:37:40.701,0.158,0.1581,11.0,0.1575,12.0,9357.0,274.0
2021-01-05 09:37:41.131,0.158,0.1581,11.0,0.1575,12.0,9357.0,274.0
2021-01-05 09:37:41.671,0.158,0.1581,11.0,0.1575,12.0,9357.0,274.0
2021-01-05 09:37:42.130,0.158,0.1581,11.0,0.1575,12.0,9357.0,274.0
2021-01-05 09:37:43.671,0.158,0.1581,11.0,0.1574,10.0,9357.0,274.0
2021-01-05 09:37:44.190,0.158,0.1581,11.0,0.1574,10.0,9357.0,274.0
2021-01-05 09:37:44.651,0.158,0.1581,24.0,0.1573,12.0,9357.0,274.0
2021-01-05 09:37:45.191,0.158,0.1581,25.0,0.1573,12.0,9357.0,274.0
2021-01-05 09:37:46.601,0.158,0.1581,12.0,0.1573,12.0,9357.0,274.0
2021-01-05 09:37:47.210,0.158,0.1581,12.0,0.1573,22.0,9357.0,274.0
2021-01-05 09:37:47.661,0.158,0.1581,11.0,0.1575,12.0,9357.0,274.0
2021-01-05 09:37:48.201,0.158,0.1581,11.0,0.1575,12.0,9357.0,274.0
2021-01-05 09:37:48.700,0.158,0.1581,11.0,0.1574,12.0,9357.0,274.0
2021-01-05 09:37:49.190,0.158,0.1581,11.0,0.1574,25.0,9357.0,274.0
2021-01-05 09:37:49.670,0.158,0.1581,11.0,0.1575,12.0,9357.0,274.0
2021-01-05 09:37:50.220,0.158,0.1581,11.0,0.1574,12.0,9357.0,274.0
2021-01-05 09:37:50.721,0.158,0.1581,11.0,0.1574,25.0,9357.0,274.0
2021-01-05 09:37:51.161,0.158,0.1581,11.0,0.1575,12.0,9357.0,274.0
2021-01-05 09:37:51.691,0.158,0.1581,11.0,0.1576,12.0,9357.0,274.0
2021-01-05 09:37:52.191,0.158,0.1581,11.0,0.1576,12.0,9357.0,274.0
2021-01-05 09:37:52.660,0.158,0.1581,11.0,0.1576,12.0,9357.0,274.0
2021-01-05 09:37:53.680,0.158,0.1581,11.0,0.1576,12.0,9357.0,274.0
2021-01-05 09:37:54.170,0.158,0.1581,11.0,0.1576,12.0,9357.0,274.0
2021-01-05 09:37:55.691,0.158,0.1581,11.0,0.1576,12.0,9357.0,274.0
2021-01-05 09:37:56.611,0.158,0.1581,11.0,0.1576,12.0,9357.0,274.0
2021-01-05 09:37:57.170,0.158,0.1581,11.0,0.1574,22.0,9357.0,274.0
2021-01-05 09:37:57.601,0.158,0.1581,11.0,0.1574,22.0,9357.0,274.0
2021-01-05 09:37:58.100,0.158,0.158,13.0,0.1574,12.0,9357.0,274.0
2021-01-05 09:37:59.161,0.158,0.1581,11.0,0.1574,12.0,9357.0,274.0
2021-01-05 09:38:00.131,0.158,0.1581,11.0,0.1575,12.0,9357.0,274.0
2021-01-05 09:38:00.290,0.158,0.158,10.0,0.1575,12.0,9357.0,274.0
2021-01-05 09:38:01.180,0.158,0.158,10.0,0.1576,12.0,9357.0,274.0
2021-01-05 09:38:02.181,0.158,0.1579,10.0,0.1576,12.0,9357.0,274.0
2021-01-05 09:38:02.680,0.158,0.158,20.0,0.1576,12.0,9357.0,274.0
2021-01-05 09:38:04.190,0.158,0.158,20.0,0.1576,32.0,9357.0,274.0
2021-01-05 09:38:04.680,0.158,0.158,20.0,0.1578,12.0,9357.0,274.0
2021-01-05 09:38:05.181,0.158,0.158,10.0,0.1578,12.0,9357.0,274.0
2021-01-05 09:38:07.200,0.158,0.1581,1.0,0.1578,12.0,9357.0,281.0
2021-01-05 09:38:07.690,0.1581,0.1584,10.0,0.1578,12.0,9357.0,282.0
2021-01-05 09:38:08.151,0.1581,0.1583,10.0,0.1578,12.0,9357.0,282.0
2021-01-05 09:38:09.160,0.1584,0.1586,10.0,0.1579,10.0,9357.0,292.0
2021-01-05 09:38:09.590,0.1584,0.1591,14.0,0.1581,12.0,9357.0,292.0
2021-01-05 09:38:10.180,0.1584,0.1591,24.0,0.1581,32.0,9357.0,292.0
2021-01-05 09:38:10.670,0.1584,0.1591,24.0,0.1583,12.0,9357.0,292.0
2021-01-05 09:38:11.141,0.1584,0.1591,24.0,0.1583,12.0,9357.0,292.0
2021-01-05 09:38:11.701,0.1584,0.1591,24.0,0.1583,12.0,9357.0,292.0
2021-01-05 09:38:11.701,0.1584,0.159,12.0,0.1581,10.0,9357.0,292.0
2021-01-05 09:38:12.531,0.1584,0.1589,13.0,0.158,12.0,9357.0,292.0
2021-01-05 09:38:13.110,0.1584,0.1589,13.0,0.1581,12.0,9357.0,292.0
2021-01-05 09:38:13.690,0.1584,0.1589,13.0,0.1581,12.0,9357.0,292.0
2021-01-05 09:38:14.101,0.1584,0.1589,13.0,0.1581,12.0,9357.0,292.0
2021-01-05 09:38:14.691,0.1584,0.1589,10.0,0.1581,22.0,9357.0,292.0
2021-01-05 09:38:15.150,0.1584,0.159,10.0,0.1582,13.0,9357.0,292.0
2021-01-05 09:38:15.730,0.1584,0.1591,10.0,0.1583,12.0,9357.0,292.0
2021-01-05 09:38:16.210,0.1584,0.1591,45.0,0.1582,10.0,9357.0,292.0
2021-01-05 09:38:16.731,0.1584,0.1591,35.0,0.1582,33.0,9357.0,292.0
2021-01-05 09:38:17.190,0.1584,0.1591,13.0,0.1583,12.0,9357.0,292.0
2021-01-05 09:38:18.231,0.1584,0.159,10.0,0.1583,12.0,9357.0,292.0
2021-01-05 09:38:18.660,0.1584,0.1591,10.0,0.1583,12.0,9357.0,292.0
2021-01-05 09:38:19.230,0.1584,0.1592,10.0,0.1584,12.0,9357.0,292.0
2021-01-05 09:38:19.670,0.1584,0.1592,23.0,0.1584,12.0,9357.0,292.0
2021-01-05 09:38:20.231,0.1584,0.1591,10.0,0.1585,12.0,9357.0,292.0
2021-01-05 09:38:20.671,0.1584,0.1592,10.0,0.1589,10.0,9357.0,292.0
2021-01-05 09:38:21.240,0.1584,0.1592,10.0,0.1589,10.0,9357.0,292.0
2021-01-05 09:38:21.520,0.1584,0.1593,10.0,0.1589,10.0,9357.0,292.0
2021-01-05 09:38:22.210,0.1584,0.1595,10.0,0.1591,10.0,9357.0,292.0
2021-01-05 09:38:22.531,0.1584,0.1594,10.0,0.1591,10.0,9357.0,292.0
2021-01-05 09:38:23.201,0.1584,0.1595,10.0,0.1591,42.0,9357.0,292.0
2021-01-05 09:38:23.681,0.1584,0.1595,10.0,0.1591,42.0,9357.0,292.0
2021-01-05 09:38:24.141,0.1584,0.1597,20.0,0.1591,42.0,9357.0,292.0
2021-01-05 09:38:24.671,0.1584,0.1597,10.0,0.1593,12.0,9357.0,292.0
2021-01-05 09:38:25.101,0.1584,0.1596,10.0,0.1593,12.0,9357.0,292.0
2021-01-05 09:38:25.700,0.1584,0.1597,10.0,0.1593,12.0,9357.0,292.0
2021-01-05 09:38:26.100,0.1584,0.1599,10.0,0.1593,12.0,9357.0,292.0
2021-01-05 09:38:26.701,0.1584,0.1597,10.0,0.1592,10.0,9357.0,292.0
2021-01-05 09:38:27.201,0.1584,0.1597,10.0,0.1593,12.0,9357.0,292.0
2021-01-05 09:38:27.691,0.1584,0.1597,10.0,0.1591,42.0,9357.0,292.0
2021-01-05 09:38:28.171,0.1584,0.16,10.0,0.1593,12.0,9357.0,292.0
2021-01-05 09:38:28.680,0.1584,0.1599,13.0,0.1593,12.0,9357.0,292.0
2021-01-05 09:38:29.641,0.1584,0.1599,13.0,0.1593,12.0,9357.0,292.0
2021-01-05 09:38:30.190,0.1584,0.16,10.0,0.1593,12.0,9357.0,292.0
2021-01-05 09:38:30.670,0.1584,0.1598,10.0,0.1594,12.0,9357.0,292.0
2021-01-05 09:38:31.181,0.1584,0.1599,10.0,0.1594,32.0,9357.0,292.0
2021-01-05 09:38:31.700,0.1584,0.1599,10.0,0.1596,12.0,9357.0,292.0
2021-01-05 09:38:32.090,0.1584,0.1601,10.0,0.1596,12.0,9357.0,292.0
2021-01-05 09:38:32.701,0.1596,0.1601,13.0,0.1596,12.0,9357.0,295.0
2021-01-05 09:38:33.070,0.1602,0.1604,10.0,0.1596,12.0,9357.0,305.0
2021-01-05 09:38:33.700,0.1602,0.1606,10.0,0.1598,10.0,9357.0,305.0
2021-01-05 09:38:34.201,0.1602,0.1607,10.0,0.16,12.0,9357.0,305.0
2021-01-05 09:38:34.681,0.16,0.1608,10.0,0.1602,12.0,9357.0,307.0
2021-01-05 09:38:35.200,0.1607,0.1607,10.0,0.1602,20.0,9357.0,317.0
2021-01-05 09:38:35.700,0.1607,0.1608,10.0,0.1606,10.0,9357.0,317.0
2021-01-05 09:38:36.130,0.1607,0.1614,24.0,0.1607,2.0,9367.0,327.0
2021-01-05 09:38:36.691,0.1607,0.1612,12.0,0.1608,10.0,9367.0,327.0
2021-01-05 09:38:37.131,0.1608,0.1612,12.0,0.1608,9.0,9368.0,328.0
2021-01-05 09:38:37.680,0.1608,0.1614,22.0,0.1608,9.0,9368.0,328.0
2021-01-05 09:38:38.161,0.1608,0.1613,13.0,0.1608,9.0,9368.0,328.0
2021-01-05 09:38:38.660,0.1608,0.1614,12.0,0.1608,8.0,9369.0,329.0
2021-01-05 09:38:39.161,0.1608,0.1616,12.0,0.1608,8.0,9369.0,329.0
2021-01-05 09:38:39.661,0.1608,0.1616,12.0,0.1608,8.0,9369.0,329.0
2021-01-05 09:38:40.201,0.1608,0.162,12.0,0.1615,10.0,9369.0,329.0
2021-01-05 09:38:40.591,0.1608,0.162,12.0,0.1615,10.0,9369.0,329.0
2021-01-05 09:38:41.190,0.1608,0.162,12.0,0.1615,10.0,9369.0,329.0
2021-01-05 09:38:41.670,0.1608,0.1619,10.0,0.1615,10.0,9369.0,329.0
2021-01-05 09:38:42.191,0.1608,0.162,22.0,0.1615,10.0,9369.0,329.0
2021-01-05 09:38:42.700,0.1608,0.162,22.0,0.1615,10.0,9369.0,329.0
2021-01-05 09:38:43.150,0.1608,0.162,22.0,0.1615,10.0,9369.0,329.0
2021-01-05 09:38:43.620,0.1608,0.1621,20.0,0.1615,10.0,9369.0,329.0
2021-01-05 09:38:44.690,0.1608,0.1619,22.0,0.1614,10.0,9369.0,329.0
2021-01-05 09:38:45.201,0.1608,0.1619,12.0,0.1613,20.0,9369.0,329.0
2021-01-05 09:38:45.580,0.1608,0.1619,23.0,0.1613,20.0,9369.0,329.0
2021-01-05 09:38:46.200,0.1608,0.1619,10.0,0.1613,20.0,9369.0,329.0
2021-01-05 09:38:47.140,0.1608,0.162,10.0,0.1613,10.0,9369.0,329.0
2021-01-05 09:38:47.691,0.1608,0.162,10.0,0.1613,20.0,9369.0,329.0
2021-01-05 09:38:48.200,0.1608,0.1619,12.0,0.1613,20.0,9369.0,329.0
2021-01-05 09:38:48.650,0.1608,0.1619,12.0,0.1613,20.0,9369.0,329.0
2021-01-05 09:38:49.130,0.1608,0.1619,12.0,0.1613,10.0,9369.0,329.0
2021-01-05 09:38:50.110,0.1608,0.1621,10.0,0.1613,20.0,9369.0,329.0
2021-01-05 09:38:50.651,0.1608,0.1621,23.0,0.1613,20.0,9369.0,329.0
2021-01-05 09:38:51.170,0.1608,0.1619,12.0,0.1613,10.0,9369.0,329.0
2021-01-05 09:38:51.691,0.1608,0.1624,10.0,0.1615,12.0,9369.0,329.0
2021-01-05 09:38:52.140,0.1608,0.1625,32.0,0.1615,10.0,9369.0,329.0
2021-01-05 09:38:52.630,0.1608,0.1623,12.0,0.1616,13.0,9369.0,329.0
2021-01-05 09:38:53.160,0.1608,0.1623,12.0,0.1616,10.0,9369.0,329.0
2021-01-05 09:38:54.190,0.1608,0.1625,20.0,0.1616,35.0,9369.0,329.0
2021-01-05 09:38:54.690,0.1608,0.1625,20.0,0.1624,10.0,9369.0,329.0
2021-01-05 09:38:55.001,0.1624,0.1625,20.0,0.1624,9.0,9370.0,330.0
2021-01-05 09:38:55.650,0.1624,0.1625,20.0,0.1624,9.0,9370.0,330.0
2021-01-05 09:38:56.190,0.1624,0.1625,20.0,0.1624,19.0,9370.0,330.0
2021-01-05 09:38:56.661,0.1624,0.1625,20.0,0.1624,19.0,9370.0,330.0
2021-01-05 09:38:57.200,0.1624,0.1625,20.0,0.1624,9.0,9370.0,330.0
2021-01-05 09:38:57.640,0.1624,0.1625,10.0,0.1624,9.0,9370.0,330.0
2021-01-05 09:38:58.161,0.1624,0.1625,10.0,0.1624,9.0,9370.0,330.0
2021-01-05 09:38:58.670,0.1624,0.1624,6.0,0.1621,10.0,9370.0,330.0
2021-01-05 09:38:59.060,0.1624,0.1624,6.0,0.1621,10.0,9370.0,330.0
2021-01-05 09:38:59.700,0.1624,0.1624,6.0,0.162,10.0,9370.0,330.0
2021-01-05 09:39:00.601,0.1624,0.1624,10.0,0.162,10.0,9370.0,330.0
2021-01-05 09:39:01.160,0.1624,0.1626,20.0,0.162,10.0,9370.0,330.0
2021-01-05 09:39:02.660,0.1624,0.1626,10.0,0.162,22.0,9370.0,330.0
2021-01-05 09:39:03.150,0.1624,0.1626,10.0,0.162,10.0,9370.0,330.0
2021-01-05 09:39:03.671,0.1624,0.1626,10.0,0.162,10.0,9370.0,330.0
2021-01-05 09:39:04.161,0.1624,0.1625,10.0,0.162,10.0,9370.0,330.0
2021-01-05 09:39:04.610,0.1624,0.1626,10.0,0.162,10.0,9370.0,330.0
2021-01-05 09:39:05.211,0.1624,0.1626,10.0,0.162,10.0,9370.0,330.0
2021-01-05 09:39:06.650,0.1624,0.1626,10.0,0.162,10.0,9370.0,330.0
2021-01-05 09:39:07.200,0.1624,0.1626,10.0,0.162,10.0,9370.0,330.0
2021-01-05 09:39:07.680,0.1624,0.1626,10.0,0.162,10.0,9370.0,330.0
2021-01-05 09:39:08.131,0.1624,0.1626,10.0,0.162,10.0,9370.0,330.0
2021-01-05 09:39:08.690,0.1624,0.1627,32.0,0.162,10.0,9370.0,330.0
2021-01-05 09:39:09.161,0.1624,0.1627,10.0,0.162,10.0,9370.0,330.0
2021-01-05 09:39:09.601,0.1624,0.1628,10.0,0.162,10.0,9370.0,330.0
2021-01-05 09:39:10.191,0.1624,0.1626,10.0,0.162,10.0,9370.0,330.0
2021-01-05 09:39:10.721,0.1624,0.1626,10.0,0.162,10.0,9370.0,330.0
2021-01-05 09:39:11.201,0.1626,0.1628,5.0,0.1622,12.0,9370.0,335.0
2021-01-05 09:39:11.701,0.1628,0.1629,10.0,0.1623,12.0,9370.0,340.0
2021-01-05 09:39:12.220,0.1628,0.1626,10.0,0.1623,12.0,9370.0,340.0
2021-01-05 09:39:12.690,0.1626,0.163,11.0,0.1623,12.0,9370.0,350.0
2021-01-05 09:39:13.170,0.1626,0.1629,10.0,0.1622,30.0,9370.0,350.0
2021-01-05 09:39:14.160,0.1626,0.163,21.0,0.1622,30.0,9370.0,350.0
2021-01-05 09:39:15.220,0.163,0.1633,12.0,0.1623,22.0,9369.0,361.0
2021-01-05 09:39:15.720,0.163,0.1632,23.0,0.1623,35.0,9369.0,361.0
2021-01-05 09:39:16.071,0.163,0.1632,10.0,0.1623,45.0,9369.0,361.0
2021-01-05 09:39:16.711,0.163,0.1633,32.0,0.1623,45.0,9369.0,361.0
2021-01-05 09:39:17.191,0.163,0.1633,20.0,0.1625,12.0,9369.0,361.0
2021-01-05 09:39:17.650,0.163,0.1632,23.0,0.1625,30.0,9369.0,361.0
2021-01-05 09:39:17.721,0.163,0.1632,23.0,0.1625,30.0,9369.0,361.0
2021-01-05 09:39:19.710,0.163,0.1632,23.0,0.1625,30.0,9369.0,361.0
2021-01-05 09:39:20.221,0.163,0.1633,20.0,0.1625,30.0,9369.0,361.0
2021-01-05 09:39:20.741,0.163,0.1633,23.0,0.1629,10.0,9369.0,361.0
2021-01-05 09:39:21.231,0.163,0.1632,10.0,0.1629,10.0,9369.0,361.0
2021-01-05 09:39:21.671,0.163,0.1633,10.0,0.1629,10.0,9369.0,361.0
2021-01-05 09:39:22.211,0.163,0.1634,10.0,0.1629,10.0,9369.0,361.0
2021-01-05 09:39:22.651,0.163,0.1634,13.0,0.1629,10.0,9369.0,361.0
2021-01-05 09:39:23.150,0.163,0.1633,10.0,0.1629,20.0,9369.0,361.0
2021-01-05 09:39:24.151,0.163,0.1634,10.0,0.1631,12.0,9369.0,361.0
2021-01-05 09:39:25.210,0.163,0.1634,10.0,0.1631,12.0,9369.0,361.0
2021-01-05 09:39:26.130,0.163,0.1634,10.0,0.1631,32.0,9369.0,361.0
2021-01-05 09:39:26.681,0.163,0.1634,10.0,0.1631,20.0,9369.0,361.0
2021-01-05 09:39:27.711,0.163,0.1634,10.0,0.1629,20.0,9369.0,361.0
2021-01-05 09:39:29.231,0.163,0.1634,10.0,0.1629,20.0,9369.0,361.0
2021-01-05 09:39:29.721,0.163,0.1634,10.0,0.1629,10.0,9369.0,361.0
2021-01-05 09:39:30.220,0.163,0.1634,22.0,0.1629,10.0,9369.0,361.0
2021-01-05 09:39:30.721,0.163,0.1633,13.0,0.1629,10.0,9369.0,361.0
2021-01-05 09:39:31.121,0.1629,0.1633,13.0,0.1629,9.0,9370.0,362.0
2021-01-05 09:39:31.121,0.1629,0.1632,10.0,0.1629,9.0,9370.0,362.0
2021-01-05 09:39:32.141,0.1629,0.1633,10.0,0.1629,9.0,9370.0,362.0
2021-01-05 09:39:32.700,0.1629,0.1633,10.0,0.1629,9.0,9370.0,362.0
2021-01-05 09:39:33.180,0.1629,0.1633,10.0,0.1632,10.0,9370.0,362.0
2021-01-05 09:39:33.530,0.1629,0.1633,10.0,0.1632,10.0,9370.0,362.0
2021-01-05 09:39:33.530,0.1629,0.1633,10.0,0.1632,10.0,9370.0,362.0
2021-01-05 09:39:35.701,0.1632,0.1633,10.0,0.1632,5.0,9375.0,367.0
2021-01-05 09:39:36.660,0.1632,0.1633,10.0,0.1632,5.0,9375.0,367.0
2021-01-05 09:39:37.221,0.1632,0.1633,10.0,0.1626,10.0,9380.0,372.0
2021-01-05 09:39:37.730,0.1632,0.1633,10.0,0.1625,20.0,9380.0,372.0
2021-01-05 09:39:38.221,0.1632,0.1632,13.0,0.1625,20.0,9380.0,372.0
2021-01-05 09:39:39.241,0.1632,0.1633,10.0,0.1625,20.0,9380.0,372.0
2021-01-05 09:39:39.751,0.1632,0.1633,10.0,0.1625,20.0,9380.0,372.0
2021-01-05 09:39:40.200,0.1632,0.1633,23.0,0.1625,20.0,9380.0,372.0
2021-01-05 09:39:40.721,0.1632,0.1633,10.0,0.1625,20.0,9380.0,372.0
2021-01-05 09:39:41.220,0.1632,0.1631,12.0,0.1625,20.0,9380.0,372.0
2021-01-05 09:39:41.750,0.1632,0.1633,10.0,0.1625,3.0,9380.0,372.0
2021-01-05 09:39:42.210,0.1632,0.163,10.0,0.1622,30.0,9380.0,372.0
2021-01-05 09:39:42.640,0.1632,0.1629,12.0,0.1622,20.0,9380.0,372.0
2021-01-05 09:39:43.191,0.1632,0.1629,12.0,0.1621,3.0,9380.0,372.0
2021-01-05 09:39:43.570,0.1632,0.1628,23.0,0.1621,3.0,9380.0,372.0
2021-01-05 09:39:44.231,0.1632,0.1627,12.0,0.1621,3.0,9380.0,372.0
2021-01-05 09:39:44.680,0.1632,0.1627,12.0,0.1621,3.0,9380.0,372.0
2021-01-05 09:39:45.251,0.1632,0.1627,12.0,0.1619,20.0,9380.0,372.0
2021-01-05 09:39:46.190,0.1632,0.1629,10.0,0.1619,20.0,9380.0,372.0
2021-01-05 09:39:46.691,0.1632,0.1629,23.0,0.1621,12.0,9380.0,372.0
2021-01-05 09:39:47.250,0.1632,0.1629,23.0,0.1621,12.0,9380.0,372.0
2021-01-05 09:39:47.710,0.1632,0.1629,10.0,0.162,12.0,9380.0,372.0
2021-01-05 09:39:48.221,0.1632,0.1628,12.0,0.1619,33.0,9380.0,372.0
2021-01-05 09:39:48.720,0.1632,0.1627,10.0,0.1619,33.0,9380.0,372.0
2021-01-05 09:39:49.241,0.1627,0.1628,12.0,0.1619,20.0,9380.0,382.0
2021-01-05 09:39:49.711,0.1627,0.1628,13.0,0.1619,20.0,9380.0,382.0
2021-01-05 09:39:50.121,0.1627,0.1628,13.0,0.1619,32.0,9380.0,382.0
2021-01-05 09:39:50.710,0.1627,0.1633,12.0,0.1621,12.0,9380.0,382.0
2021-01-05 09:39:51.241,0.1627,0.1632,13.0,0.1621,12.0,9380.0,382.0
2021-01-05 09:39:51.730,0.1627,0.1632,13.0,0.1621,32.0,9380.0,382.0
2021-01-05 09:39:52.251,0.1627,0.1631,12.0,0.1622,13.0,9380.0,382.0
2021-01-05 09:39:52.670,0.1627,0.1635,22.0,0.1624,12.0,9380.0,382.0
2021-01-05 09:39:53.181,0.1627,0.1634,13.0,0.1624,20.0,9380.0,382.0
2021-01-05 09:39:53.600,0.1624,0.1632,12.0,0.1624,20.0,9380.0,387.0
2021-01-05 09:39:54.191,0.1624,0.1632,12.0,0.1621,30.0,9380.0,392.0
2021-01-05 09:39:54.691,0.1624,0.1631,23.0,0.1621,20.0,9380.0,392.0
2021-01-05 09:39:55.181,0.1624,0.163,12.0,0.1619,15.0,9380.0,392.0
2021-01-05 09:39:55.640,0.1624,0.163,22.0,0.162,13.0,9380.0,392.0
2021-01-05 09:39:56.120,0.1624,0.1632,10.0,0.1622,12.0,9380.0,392.0
2021-01-05 09:39:56.691,0.1624,0.1632,10.0,0.1622,20.0,9380.0,392.0
2021-01-05 09:39:57.181,0.1624,0.1631,12.0,0.1622,20.0,9380.0,392.0
2021-01-05 09:39:57.580,0.1624,0.163,10.0,0.1622,20.0,9380.0,392.0
2021-01-05 09:39:58.170,0.1624,0.1631,10.0,0.1622,20.0,9380.0,392.0
2021-01-05 09:39:58.600,0.1624,0.1629,12.0,0.1622,20.0,9380.0,392.0
2021-01-05 09:39:59.050,0.1624,0.1628,10.0,0.1622,20.0,9380.0,392.0
2021-01-05 09:39:59.670,0.1624,0.1628,10.0,0.1622,20.0,9380.0,392.0
2021-01-05 09:40:00.610,0.1624,0.1628,23.0,0.1619,22.0,9380.0,392.0
2021-01-05 09:40:01.201,0.1624,0.1628,10.0,0.1619,22.0,9380.0,392.0
2021-01-05 09:40:01.201,0.1624,0.1627,13.0,0.1619,22.0,9380.0,392.0
2021-01-05 09:40:02.141,0.1624,0.1627,13.0,0.1618,20.0,9380.0,392.0
2021-01-05 09:40:02.671,0.1624,0.1626,10.0,0.1618,20.0,9380.0,392.0
2021-01-05 09:40:03.171,0.1624,0.1626,10.0,0.1618,20.0,9380.0,392.0
2021-01-05 09:40:03.691,0.1624,0.1625,13.0,0.1618,20.0,9380.0,392.0
2021-01-05 09:40:04.160,0.1624,0.1627,10.0,0.1619,12.0,9380.0,392.0
2021-01-05 09:40:04.700,0.1624,0.1624,10.0,0.1619,12.0,9380.0,392.0
2021-01-05 09:40:05.170,0.1624,0.1624,10.0,0.1619,12.0,9380.0,392.0
2021-01-05 09:40:05.701,0.1624,0.1623,10.0,0.1619,12.0,9380.0,392.0
2021-01-05 09:40:06.200,0.1624,0.1624,10.0,0.1618,20.0,9380.0,392.0
2021-01-05 09:40:06.701,0.1624,0.1627,12.0,0.1618,20.0,9380.0,402.0
2021-01-05 09:40:07.191,0.1624,0.1626,13.0,0.162,12.0,9380.0,402.0
2021-01-05 09:40:07.700,0.1624,0.1631,10.0,0.162,12.0,9380.0,402.0
2021-01-05 09:40:08.200,0.1624,0.1629,12.0,0.1619,12.0,9380.0,402.0
2021-01-05 09:40:08.690,0.1624,0.1628,12.0,0.1618,20.0,9380.0,402.0
2021-01-05 09:40:09.191,0.1624,0.1627,25.0,0.1615,20.0,9380.0,402.0
2021-01-05 09:40:09.691,0.1624,0.1625,12.0,0.1615,20.0,9380.0,402.0
2021-01-05 09:40:10.150,0.1624,0.163,10.0,0.1615,20.0,9380.0,402.0
2021-01-05 09:40:10.680,0.1624,0.1629,25.0,0.1617,12.0,9380.0,402.0
2021-01-05 09:40:12.190,0.1624,0.1629,35.0,0.1617,12.0,9380.0,402.0
2021-01-05 09:40:12.680,0.1624,0.1628,10.0,0.1615,20.0,9380.0,402.0
2021-01-05 09:40:13.131,0.1624,0.1627,12.0,0.1616,12.0,9380.0,402.0
2021-01-05 09:40:13.700,0.1624,0.1626,13.0,0.1615,20.0,9380.0,402.0
2021-01-05 09:40:14.150,0.1624,0.1625,12.0,0.1615,12.0,9380.0,402.0
2021-01-05 09:40:14.701,0.1624,0.1624,12.0,0.1612,45.0,9380.0,402.0
2021-01-05 09:40:15.120,0.1624,0.1623,13.0,0.1612,36.0,9380.0,402.0
2021-01-05 09:40:15.690,0.1624,0.1622,10.0,0.1613,12.0,9380.0,402.0
2021-01-05 09:40:16.140,0.1624,0.1622,10.0,0.1613,12.0,9380.0,402.0
2021-01-05 09:40:16.610,0.1624,0.1622,10.0,0.1613,12.0,9380.0,402.0
2021-01-05 09:40:17.191,0.1624,0.1622,10.0,0.1613,12.0,9380.0,402.0
2021-01-05 09:40:17.661,0.1624,0.1622,10.0,0.1613,12.0,9380.0,402.0
2021-01-05 09:40:18.120,0.1624,0.1622,23.0,0.1613,12.0,9380.0,402.0
2021-01-05 09:40:18.701,0.1624,0.1622,10.0,0.1613,12.0,9380.0,402.0
2021-01-05 09:40:20.191,0.1624,0.1622,10.0,0.1614,12.0,9380.0,402.0
2021-01-05 09:40:20.691,0.1624,0.1622,10.0,0.1614,12.0,9380.0,402.0
2021-01-05 09:40:21.200,0.1624,0.1622,10.0,0.1614,12.0,9380.0,402.0
2021-01-05 09:40:21.701,0.1624,0.1622,10.0,0.1614,12.0,9380.0,402.0
2021-01-05 09:40:22.210,0.1624,0.1622,10.0,0.1615,12.0,9380.0,402.0
2021-01-05 09:40:22.591,0.1624,0.1622,10.0,0.1614,12.0,9380.0,402.0
2021-01-05 09:40:23.200,0.1624,0.1622,10.0,0.1615,33.0,9380.0,402.0
2021-01-05 09:40:23.701,0.1624,0.1622,10.0,0.1615,32.0,9380.0,402.0
2021-01-05 09:40:24.681,0.1624,0.1622,10.0,0.1615,32.0,9380.0,402.0
2021-01-05 09:40:25.121,0.1624,0.1622,10.0,0.1615,32.0,9380.0,402.0
2021-01-05 09:40:25.570,0.1624,0.1622,10.0,0.1615,32.0,9380.0,402.0
2021-01-05 09:40:26.181,0.1624,0.1622,10.0,0.1615,32.0,9380.0,402.0
2021-01-05 09:40:26.650,0.1624,0.1622,10.0,0.1615,32.0,9380.0,402.0
2021-01-05 09:40:27.101,0.1624,0.1622,10.0,0.1617,10.0,9380.0,402.0
2021-01-05 09:40:27.701,0.1622,0.1628,22.0,0.1618,12.0,9380.0,412.0
2021-01-05 09:40:28.110,0.1622,0.1627,13.0,0.1618,12.0,9380.0,412.0
2021-01-05 09:40:28.690,0.1622,0.1627,13.0,0.1618,32.0,9380.0,412.0
2021-01-05 09:40:29.170,0.1622,0.1625,12.0,0.1618,20.0,9380.0,412.0
2021-01-05 09:40:30.160,0.1622,0.1625,13.0,0.1618,20.0,9380.0,412.0
2021-01-05 09:40:30.700,0.1622,0.1624,12.0,0.1618,20.0,9380.0,412.0
2021-01-05 09:40:31.101,0.1622,0.1624,12.0,0.1618,20.0,9380.0,412.0
2021-01-05 09:40:31.631,0.1622,0.1627,12.0,0.1618,20.0,9380.0,412.0
2021-01-05 09:40:32.140,0.1622,0.1626,13.0,0.1618,20.0,9380.0,412.0
2021-01-05 09:40:32.611,0.1622,0.1626,25.0,0.1618,20.0,9380.0,412.0
2021-01-05 09:40:33.161,0.1622,0.1624,10.0,0.1618,20.0,9380.0,412.0
2021-01-05 09:40:33.531,0.1622,0.1625,10.0,0.1616,10.0,9380.0,412.0
2021-01-05 09:40:34.171,0.1622,0.1624,25.0,0.1616,10.0,9380.0,412.0
2021-01-05 09:40:34.601,0.1622,0.1624,13.0,0.1616,22.0,9380.0,412.0
2021-01-05 09:40:35.201,0.1622,0.1623,10.0,0.1616,22.0,9380.0,412.0
2021-01-05 09:40:35.681,0.1622,0.1623,10.0,0.1616,22.0,9380.0,412.0
2021-01-05 09:40:36.161,0.1622,0.1623,10.0,0.1618,12.0,9380.0,412.0
2021-01-05 09:40:36.620,0.1622,0.1625,10.0,0.1618,12.0,9380.0,412.0
2021-01-05 09:40:37.201,0.1622,0.1625,10.0,0.1618,32.0,9380.0,412.0
2021-01-05 09:40:37.700,0.1622,0.1626,10.0,0.162,12.0,9380.0,412.0
2021-01-05 09:40:38.130,0.1622,0.1625,10.0,0.1618,20.0,9380.0,412.0
2021-01-05 09:40:38.641,0.1622,0.1625,10.0,0.1624,10.0,9380.0,412.0
2021-01-05 09:40:39.041,0.1624,0.1625,10.0,0.1624,9.0,9381.0,413.0
2021-01-05 09:40:39.681,0.1624,0.1624,1.0,0.1619,10.0,9390.0,422.0
2021-01-05 09:40:40.061,0.1624,0.1623,10.0,0.1621,10.0,9390.0,422.0
2021-01-05 09:40:41.191,0.1624,0.1623,10.0,0.1621,10.0,9390.0,422.0
2021-01-05 09:40:41.640,0.1624,0.1623,10.0,0.1621,10.0,9390.0,422.0
2021-01-05 09:40:43.621,0.1624,0.1623,10.0,0.1621,10.0,9390.0,422.0
2021-01-05 09:40:44.201,0.1621,0.1621,2.0,0.1615,30.0,9400.0,432.0
2021-01-05 09:40:44.610,0.1621,0.1623,10.0,0.1616,13.0,9400.0,432.0
2021-01-05 09:40:45.131,0.1621,0.1623,10.0,0.1618,10.0,9400.0,432.0
2021-01-05 09:40:45.621,0.1621,0.1623,10.0,0.1618,10.0,9400.0,432.0
2021-01-05 09:40:46.161,0.1621,0.1623,10.0,0.1618,10.0,9400.0,432.0
2021-01-05 09:40:48.700,0.1621,0.1623,10.0,0.1618,10.0,9400.0,432.0
2021-01-05 09:40:49.111,0.1621,0.1625,12.0,0.1616,10.0,9400.0,432.0
2021-01-05 09:40:49.640,0.1621,0.1625,25.0,0.1616,23.0,9400.0,432.0
2021-01-05 09:40:50.181,0.1621,0.1625,35.0,0.1616,13.0,9400.0,432.0
2021-01-05 09:40:50.671,0.1621,0.1625,22.0,0.1615,42.0,9400.0,432.0
2021-01-05 09:40:51.021,0.1621,0.1625,35.0,0.1616,10.0,9400.0,432.0
2021-01-05 09:40:51.601,0.1621,0.1625,22.0,0.1615,42.0,9400.0,432.0
2021-01-05 09:40:52.181,0.1621,0.1624,13.0,0.1615,42.0,9400.0,432.0
2021-01-05 09:40:52.650,0.1621,0.1624,13.0,0.1615,55.0,9400.0,432.0
2021-01-05 09:40:53.651,0.1621,0.1624,13.0,0.1615,45.0,9400.0,432.0
2021-01-05 09:40:54.141,0.1621,0.1623,10.0,0.1615,45.0,9400.0,432.0
2021-01-05 09:40:54.521,0.1621,0.1624,10.0,0.1617,12.0,9400.0,432.0
2021-01-05 09:40:55.111,0.1621,0.1624,10.0,0.1617,12.0,9400.0,432.0
2021-01-05 09:40:55.620,0.1621,0.1624,22.0,0.1617,13.0,9400.0,432.0
2021-01-05 09:40:56.121,0.1621,0.1624,10.0,0.1616,12.0,9400.0,432.0
2021-01-05 09:40:56.600,0.1624,0.163,10.0,0.1617,25.0,9400.0,442.0
2021-01-05 09:40:57.180,0.1624,0.1626,10.0,0.1619,12.0,9400.0,442.0
2021-01-05 09:40:57.701,0.1624,0.1627,12.0,0.1618,10.0,9400.0,442.0
2021-01-05 09:40:58.200,0.1624,0.1628,12.0,0.1618,30.0,9400.0,442.0
2021-01-05 09:40:58.721,0.1624,0.163,20.0,0.1618,20.0,9400.0,442.0
2021-01-05 09:40:58.980,0.1624,0.1629,25.0,0.1619,12.0,9400.0,442.0
2021-01-05 09:40:59.650,0.1624,0.1629,25.0,0.1619,12.0,9400.0,442.0
2021-01-05 09:40:59.921,0.1624,0.1629,25.0,0.1619,12.0,9400.0,442.0
2021-01-05 09:41:01.041,0.1624,0.1629,25.0,0.1619,12.0,9400.0,442.0
2021-01-05 09:41:01.650,0.1624,0.1629,25.0,0.1619,12.0,9400.0,442.0
2021-01-05 09:41:02.190,0.1624,0.1629,25.0,0.1619,12.0,9400.0,442.0
2021-01-05 09:41:02.661,0.1624,0.1628,10.0,0.1619,25.0,9400.0,442.0
2021-01-05 09:41:03.110,0.1624,0.1629,22.0,0.1619,25.0,9400.0,442.0
2021-01-05 09:41:03.721,0.1624,0.1629,35.0,0.1619,25.0,9400.0,442.0
2021-01-05 09:41:04.180,0.1624,0.1629,10.0,0.1621,12.0,9400.0,442.0
2021-01-05 09:41:04.680,0.1624,0.1629,10.0,0.1621,12.0,9400.0,442.0
2021-01-05 09:41:05.220,0.1624,0.1628,13.0,0.162,12.0,9400.0,442.0
2021-01-05 09:41:06.221,0.1624,0.1628,23.0,0.162,12.0,9400.0,442.0
2021-01-05 09:41:06.620,0.1624,0.1628,10.0,0.1621,12.0,9400.0,442.0
2021-01-05 09:41:06.710,0.1624,0.163,32.0,0.162,45.0,9400.0,442.0
2021-01-05 09:41:07.611,0.1624,0.163,45.0,0.1621,20.0,9400.0,442.0
2021-01-05 09:41:08.201,0.1624,0.1628,10.0,0.1621,33.0,9400.0,442.0
2021-01-05 09:41:08.701,0.1624,0.1628,10.0,0.1621,20.0,9400.0,442.0
2021-01-05 09:41:09.210,0.1624,0.1628,10.0,0.1621,20.0,9400.0,442.0
2021-01-05 09:41:09.650,0.1624,0.1629,10.0,0.1623,12.0,9400.0,442.0
2021-01-05 09:41:10.220,0.1624,0.1627,10.0,0.1622,12.0,9400.0,442.0
2021-01-05 09:41:10.710,0.1624,0.1629,10.0,0.1622,12.0,9400.0,442.0
2021-01-05 09:41:11.210,0.1624,0.1629,10.0,0.1623,12.0,9400.0,442.0
2021-01-05 09:41:11.711,0.1624,0.1627,10.0,0.1621,20.0,9400.0,442.0
2021-01-05 09:41:12.151,0.1624,0.1629,10.0,0.1622,13.0,9400.0,442.0
2021-01-05 09:41:12.710,0.1624,0.1629,10.0,0.1623,12.0,9400.0,442.0
2021-01-05 09:41:13.161,0.1624,0.1629,20.0,0.1623,12.0,9400.0,442.0
2021-01-05 09:41:13.701,0.1624,0.1629,33.0,0.1621,32.0,9400.0,442.0
2021-01-05 09:41:14.160,0.1624,0.163,10.0,0.1623,12.0,9400.0,442.0
2021-01-05 09:41:14.671,0.1624,0.1628,10.0,0.1621,10.0,9400.0,442.0
2021-01-05 09:41:15.180,0.1624,0.1629,10.0,0.162,12.0,9400.0,442.0
2021-01-05 09:41:15.601,0.1624,0.1628,25.0,0.1618,42.0,9400.0,442.0
2021-01-05 09:41:16.210,0.1624,0.1628,25.0,0.1618,55.0,9400.0,442.0
2021-01-05 09:41:16.500,0.1624,0.1628,13.0,0.162,12.0,9400.0,442.0
2021-01-05 09:41:17.670,0.1624,0.1628,13.0,0.162,12.0,9400.0,442.0
2021-01-05 09:41:18.200,0.1624,0.1628,13.0,0.162,12.0,9400.0,442.0
2021-01-05 09:41:18.600,0.1624,0.1627,10.0,0.162,12.0,9400.0,442.0
2021-01-05 09:41:19.161,0.1624,0.1628,10.0,0.162,12.0,9400.0,442.0
2021-01-05 09:41:19.570,0.1624,0.1627,13.0,0.162,12.0,9400.0,442.0
2021-01-05 09:41:20.070,0.1624,0.1627,13.0,0.162,12.0,9400.0,442.0
2021-01-05 09:41:20.721,0.1624,0.1627,13.0,0.162,22.0,9400.0,442.0
2021-01-05 09:41:21.190,0.1624,0.1627,13.0,0.1621,12.0,9400.0,442.0
2021-01-05 09:41:22.190,0.1624,0.1628,10.0,0.1621,32.0,9400.0,442.0
2021-01-05 09:41:22.700,0.1624,0.1629,10.0,0.1623,12.0,9400.0,442.0
2021-01-05 09:41:23.061,0.1624,0.1629,13.0,0.1623,12.0,9400.0,442.0
2021-01-05 09:41:24.171,0.1624,0.1628,10.0,0.1621,12.0,9400.0,442.0
2021-01-05 09:41:24.651,0.1624,0.1628,10.0,0.1623,20.0,9400.0,442.0
2021-01-05 09:41:25.120,0.1628,0.1628,3.0,0.1623,32.0,9400.0,452.0
2021-01-05 09:41:25.641,0.1628,0.1631,10.0,0.1623,32.0,9400.0,452.0
2021-01-05 09:41:26.190,0.1628,0.163,13.0,0.1623,32.0,9400.0,452.0
2021-01-05 09:41:27.131,0.1628,0.1631,10.0,0.1623,32.0,9400.0,452.0
2021-01-05 09:41:27.710,0.1628,0.1631,13.0,0.1625,12.0,9400.0,452.0
2021-01-05 09:41:28.171,0.1628,0.1631,22.0,0.1623,20.0,9400.0,452.0
2021-01-05 09:41:28.540,0.1628,0.163,13.0,0.1623,32.0,9400.0,452.0
2021-01-05 09:41:29.690,0.1628,0.163,13.0,0.1623,20.0,9400.0,452.0
2021-01-05 09:41:30.180,0.1628,0.163,13.0,0.1623,20.0,9400.0,452.0
2021-01-05 09:41:30.670,0.1628,0.1631,10.0,0.1623,20.0,9400.0,452.0
2021-01-05 09:41:31.181,0.1628,0.163,13.0,0.1624,12.0,9400.0,452.0
2021-01-05 09:41:31.700,0.1628,0.163,13.0,0.1624,12.0,9400.0,452.0
2021-01-05 09:41:32.220,0.1628,0.1632,10.0,0.1624,12.0,9400.0,452.0
2021-01-05 09:41:32.670,0.1628,0.163,10.0,0.1623,20.0,9400.0,452.0
2021-01-05 09:41:33.000,0.1628,0.1633,10.0,0.1625,12.0,9400.0,452.0
2021-01-05 09:41:33.680,0.1628,0.1632,23.0,0.1623,32.0,9400.0,452.0
2021-01-05 09:41:34.120,0.1628,0.1632,13.0,0.1623,32.0,9400.0,452.0
2021-01-05 09:41:35.221,0.1628,0.1632,13.0,0.1623,42.0,9400.0,452.0
2021-01-05 09:41:35.721,0.1628,0.1632,13.0,0.1624,12.0,9400.0,452.0
2021-01-05 09:41:36.070,0.1628,0.1635,22.0,0.1624,12.0,9400.0,452.0
2021-01-05 09:41:36.720,0.1628,0.1634,13.0,0.1624,22.0,9400.0,452.0
2021-01-05 09:41:37.210,0.1628,0.1632,12.0,0.1624,10.0,9400.0,452.0
2021-01-05 09:41:37.711,0.1628,0.1636,10.0,0.1624,33.0,9400.0,452.0
2021-01-05 09:41:38.220,0.1628,0.1635,13.0,0.1625,10.0,9400.0,452.0
2021-01-05 09:41:38.710,0.1628,0.1635,13.0,0.1626,12.0,9400.0,452.0
2021-01-05 09:41:39.221,0.1628,0.1635,13.0,0.1627,12.0,9400.0,452.0
2021-01-05 09:41:40.721,0.1628,0.1635,13.0,0.1627,12.0,9400.0,452.0
2021-01-05 09:41:41.130,0.1628,0.1634,10.0,0.1627,12.0,9400.0,452.0
2021-01-05 09:41:41.730,0.1628,0.1635,32.0,0.1626,20.0,9400.0,452.0
2021-01-05 09:41:42.201,0.1628,0.1634,13.0,0.1626,20.0,9400.0,452.0
2021-01-05 09:41:42.690,0.1628,0.1633,10.0,0.1625,12.0,9400.0,452.0
2021-01-05 09:41:43.080,0.1628,0.1632,13.0,0.1623,32.0,9400.0,452.0
2021-01-05 09:41:43.720,0.1628,0.1627,2.0,0.1623,32.0,9400.0,452.0
2021-01-05 09:41:44.220,0.1628,0.1627,2.0,0.1623,32.0,9400.0,452.0
2021-01-05 09:41:44.671,0.1628,0.1627,2.0,0.1623,32.0,9400.0,452.0
2021-01-05 09:41:45.190,0.1627,0.1633,12.0,0.1623,42.0,9400.0,454.0
2021-01-05 09:41:45.701,0.1627,0.1631,10.0,0.1623,32.0,9400.0,454.0
2021-01-05 09:41:46.241,0.1627,0.1632,20.0,0.1623,32.0,9400.0,454.0
2021-01-05 09:41:46.581,0.1627,0.1631,35.0,0.1623,20.0,9400.0,454.0
2021-01-05 09:41:47.201,0.1627,0.1631,13.0,0.1624,12.0,9400.0,454.0
2021-01-05 09:41:47.741,0.1627,0.1632,10.0,0.1624,12.0,9400.0,454.0
2021-01-05 09:41:48.181,0.1627,0.1634,10.0,0.1623,30.0,9400.0,454.0
2021-01-05 09:41:48.600,0.1627,0.1633,13.0,0.1625,12.0,9400.0,454.0
2021-01-05 09:41:49.191,0.1627,0.1633,23.0,0.1624,12.0,9400.0,454.0
2021-01-05 09:41:49.620,0.1627,0.1636,10.0,0.1626,10.0,9400.0,454.0
2021-01-05 09:41:50.231,0.1627,0.1636,13.0,0.1628,12.0,9400.0,454.0
2021-01-05 09:41:50.751,0.1627,0.1636,13.0,0.1627,12.0,9400.0,454.0
2021-01-05 09:41:51.251,0.1627,0.1637,10.0,0.1626,30.0,9400.0,454.0
2021-01-05 09:41:51.760,0.1627,0.1636,23.0,0.1628,12.0,9400.0,454.0
2021-01-05 09:41:52.261,0.1627,0.1636,13.0,0.1629,10.0,9400.0,454.0
2021-01-05 09:41:52.261,0.1627,0.164,20.0,0.1628,10.0,9400.0,454.0
2021-01-05 09:41:53.151,0.1627,0.1639,13.0,0.1628,35.0,9400.0,454.0
2021-01-05 09:41:53.650,0.1627,0.1639,13.0,0.163,12.0,9400.0,454.0
2021-01-05 09:41:54.670,0.1627,0.1639,13.0,0.163,12.0,9400.0,454.0
2021-01-05 09:41:55.101,0.1627,0.1639,13.0,0.1631,10.0,9400.0,454.0
2021-01-05 09:41:55.671,0.1627,0.1639,13.0,0.1633,12.0,9400.0,454.0
2021-01-05 09:41:56.151,0.1627,0.1639,13.0,0.1633,32.0,9400.0,454.0
2021-01-05 09:41:56.620,0.1627,0.1639,13.0,0.1633,20.0,9400.0,454.0
2021-01-05 09:41:57.110,0.1627,0.1639,13.0,0.1635,12.0,9400.0,454.0
2021-01-05 09:41:57.640,0.1627,0.1639,13.0,0.1633,10.0,9400.0,454.0
2021-01-05 09:41:58.140,0.1627,0.1639,13.0,0.1633,10.0,9400.0,454.0
2021-01-05 09:41:58.660,0.1627,0.1639,23.0,0.1632,12.0,9400.0,454.0
2021-01-05 09:41:59.131,0.1627,0.1639,13.0,0.1632,12.0,9400.0,454.0
2021-01-05 09:41:59.700,0.1627,0.1639,13.0,0.1632,12.0,9400.0,454.0
2021-01-05 09:42:00.151,0.1627,0.1639,23.0,0.1632,12.0,9400.0,454.0
2021-01-05 09:42:00.701,0.1627,0.1639,13.0,0.1632,12.0,9400.0,454.0
2021-01-05 09:42:01.651,0.1627,0.1639,13.0,0.1633,12.0,9400.0,454.0
2021-01-05 09:42:02.201,0.1627,0.1639,13.0,0.1634,12.0,9400.0,454.0
2021-01-05 09:42:02.641,0.1627,0.1641,10.0,0.1634,12.0,9400.0,454.0
2021-01-05 09:42:03.161,0.1627,0.164,23.0,0.1633,10.0,9400.0,454.0
2021-01-05 09:42:03.690,0.1627,0.164,13.0,0.1633,10.0,9400.0,454.0
2021-01-05 09:42:04.110,0.1627,0.164,23.0,0.1633,10.0,9400.0,454.0
2021-01-05 09:42:04.641,0.1627,0.164,23.0,0.1633,10.0,9400.0,454.0
2021-01-05 09:42:05.211,0.1627,0.164,23.0,0.1633,10.0,9400.0,454.0
2021-01-05 09:42:05.711,0.1627,0.164,23.0,0.1633,10.0,9400.0,454.0
2021-01-05 09:42:06.181,0.1627,0.164,13.0,0.1633,10.0,9400.0,454.0
2021-01-05 09:42:06.690,0.1627,0.164,23.0,0.1633,10.0,9400.0,454.0
2021-01-05 09:42:07.230,0.1627,0.164,13.0,0.1633,30.0,9400.0,454.0
2021-01-05 09:42:08.660,0.1627,0.164,23.0,0.1633,30.0,9400.0,454.0
2021-01-05 09:42:09.230,0.1627,0.164,13.0,0.1633,30.0,9400.0,454.0
2021-01-05 09:42:10.220,0.1627,0.164,13.0,0.1633,40.0,9400.0,454.0
2021-01-05 09:42:10.681,0.1627,0.1642,22.0,0.1633,40.0,9400.0,454.0
2021-01-05 09:42:11.211,0.1627,0.1643,10.0,0.1635,12.0,9400.0,454.0
2021-01-05 09:42:11.651,0.1627,0.1644,10.0,0.1635,12.0,9400.0,454.0
2021-01-05 09:42:12.210,0.1627,0.1644,23.0,0.1635,22.0,9400.0,454.0
2021-01-05 09:42:12.721,0.1627,0.1644,10.0,0.1635,22.0,9400.0,454.0
2021-01-05 09:42:13.211,0.1627,0.1643,13.0,0.1635,12.0,9400.0,454.0
2021-01-05 09:42:13.731,0.1627,0.1643,13.0,0.1635,22.0,9400.0,454.0
2021-01-05 09:42:14.150,0.1627,0.1643,13.0,0.1635,12.0,9400.0,454.0
2021-01-05 09:42:14.671,0.1627,0.1643,13.0,0.1635,22.0,9400.0,454.0
2021-01-05 09:42:15.151,0.1627,0.1642,10.0,0.1635,12.0,9400.0,454.0
2021-01-05 09:42:15.650,0.1627,0.1642,10.0,0.1635,12.0,9400.0,454.0
2021-01-05 09:42:16.181,0.1627,0.1642,13.0,0.1635,12.0,9400.0,454.0
2021-01-05 09:42:16.701,0.1627,0.1642,13.0,0.1636,12.0,9400.0,454.0
2021-01-05 09:42:17.241,0.1627,0.1642,13.0,0.1637,12.0,9400.0,454.0
2021-01-05 09:42:17.681,0.1627,0.1645,10.0,0.1636,32.0,9400.0,454.0
2021-01-05 09:42:18.100,0.1627,0.1644,23.0,0.1637,12.0,9400.0,454.0
2021-01-05 09:42:18.701,0.1627,0.1643,10.0,0.1636,20.0,9400.0,454.0
2021-01-05 09:42:19.210,0.1627,0.1643,10.0,0.1636,20.0,9400.0,454.0
2021-01-05 09:42:19.721,0.1627,0.1642,13.0,0.1636,20.0,9400.0,454.0
2021-01-05 09:42:20.150,0.1627,0.1642,23.0,0.1636,20.0,9400.0,454.0
2021-01-05 09:42:20.751,0.1627,0.1642,13.0,0.1636,20.0,9400.0,454.0
2021-01-05 09:42:21.621,0.1627,0.1642,23.0,0.1636,20.0,9400.0,454.0
2021-01-05 09:42:22.221,0.1627,0.1644,10.0,0.1636,20.0,9400.0,454.0
2021-01-05 09:42:22.221,0.1627,0.1644,23.0,0.1635,12.0,9400.0,454.0
2021-01-05 09:42:23.160,0.1627,0.1644,23.0,0.1635,22.0,9400.0,454.0
2021-01-05 09:42:23.631,0.1627,0.1644,23.0,0.1635,32.0,9400.0,454.0
2021-01-05 09:42:24.151,0.1627,0.1644,13.0,0.1635,32.0,9400.0,454.0
2021-01-05 09:42:24.670,0.1627,0.1644,10.0,0.1635,22.0,9400.0,454.0
2021-01-05 09:42:25.200,0.1627,0.1643,13.0,0.1637,12.0,9400.0,454.0
2021-01-05 09:42:25.511,0.1627,0.1643,13.0,0.1637,32.0,9400.0,454.0
2021-01-05 09:42:26.130,0.1627,0.1646,10.0,0.1639,12.0,9400.0,454.0
2021-01-05 09:42:26.720,0.1627,0.1645,13.0,0.1639,12.0,9400.0,454.0
2021-01-05 09:42:27.171,0.1627,0.1645,13.0,0.1639,12.0,9400.0,454.0
2021-01-05 09:42:29.720,0.1627,0.1645,13.0,0.1639,12.0,9400.0,454.0
2021-01-05 09:42:30.710,0.1627,0.1645,23.0,0.1639,12.0,9400.0,454.0
2021-01-05 09:42:31.200,0.1627,0.1647,10.0,0.1639,12.0,9400.0,454.0
2021-01-05 09:42:31.720,0.1627,0.1646,13.0,0.1639,12.0,9400.0,454.0
2021-01-05 09:42:32.131,0.1627,0.1646,13.0,0.1639,12.0,9400.0,454.0
2021-01-05 09:42:32.721,0.1627,0.1647,10.0,0.1639,12.0,9400.0,454.0
2021-01-05 09:42:32.781,0.1627,0.1646,10.0,0.1639,12.0,9400.0,454.0
2021-01-05 09:42:33.720,0.1627,0.1646,13.0,0.1639,12.0,9400.0,454.0
2021-01-05 09:42:34.210,0.1627,0.1646,23.0,0.1639,10.0,9400.0,454.0
2021-01-05 09:42:35.701,0.1627,0.1646,13.0,0.1639,10.0,9400.0,454.0
2021-01-05 09:42:36.650,0.1627,0.1645,10.0,0.1639,10.0,9400.0,454.0
2021-01-05 09:42:37.251,0.1627,0.1646,10.0,0.1639,10.0,9400.0,454.0
2021-01-05 09:42:37.751,0.1627,0.1646,23.0,0.1639,10.0,9400.0,454.0
2021-01-05 09:42:38.200,0.1627,0.1646,10.0,0.1639,10.0,9400.0,454.0
2021-01-05 09:42:38.661,0.1627,0.1645,13.0,0.1639,10.0,9400.0,454.0
2021-01-05 09:42:40.221,0.1627,0.1646,10.0,0.164,12.0,9400.0,454.0
2021-01-05 09:42:40.721,0.1627,0.1646,23.0,0.164,12.0,9400.0,454.0
2021-01-05 09:42:41.201,0.1627,0.1646,23.0,0.164,32.0,9400.0,454.0
2021-01-05 09:42:41.731,0.1627,0.1647,10.0,0.164,32.0,9400.0,454.0
2021-01-05 09:42:42.250,0.1627,0.1647,13.0,0.164,42.0,9400.0,454.0
2021-01-05 09:42:42.711,0.1627,0.1646,10.0,0.164,42.0,9400.0,454.0
2021-01-05 09:42:43.251,0.1627,0.1648,10.0,0.164,42.0,9400.0,454.0
2021-01-05 09:42:43.741,0.1627,0.1645,10.0,0.164,30.0,9400.0,454.0
2021-01-05 09:42:44.211,0.1627,0.1647,10.0,0.164,30.0,9400.0,454.0
2021-01-05 09:42:44.751,0.1627,0.1647,13.0,0.1642,12.0,9400.0,454.0
2021-01-05 09:42:45.191,0.1627,0.1646,10.0,0.164,30.0,9400.0,454.0
2021-01-05 09:42:45.650,0.1627,0.1646,10.0,0.1641,12.0,9400.0,454.0
2021-01-05 09:42:46.240,0.1627,0.1646,10.0,0.1641,12.0,9400.0,454.0
2021-01-05 09:42:46.741,0.1627,0.1647,10.0,0.1641,12.0,9400.0,454.0
2021-01-05 09:42:47.690,0.1627,0.1647,10.0,0.1642,12.0,9400.0,454.0
2021-01-05 09:42:48.171,0.1627,0.1648,10.0,0.1642,12.0,9400.0,454.0
2021-01-05 09:42:48.720,0.1627,0.1648,23.0,0.1642,12.0,9400.0,454.0
2021-01-05 09:42:48.720,0.1627,0.1648,23.0,0.1643,12.0,9400.0,454.0
2021-01-05 09:42:49.631,0.1627,0.1648,10.0,0.1643,12.0,9400.0,454.0
2021-01-05 09:42:49.980,0.1627,0.1648,10.0,0.1643,32.0,9400.0,454.0
2021-01-05 09:42:50.720,0.1627,0.1649,10.0,0.1643,12.0,9400.0,454.0
2021-01-05 09:42:51.060,0.1627,0.165,10.0,0.1643,12.0,9400.0,454.0
2021-01-05 09:42:51.761,0.1627,0.1649,13.0,0.1643,12.0,9400.0,454.0
2021-01-05 09:42:52.251,0.1627,0.1649,23.0,0.1643,12.0,9400.0,454.0
2021-01-05 09:42:52.601,0.1627,0.1649,23.0,0.1643,32.0,9400.0,454.0
2021-01-05 09:42:53.640,0.1627,0.1651,10.0,0.1644,12.0,9400.0,454.0
2021-01-05 09:42:54.191,0.1627,0.165,13.0,0.1644,12.0,9400.0,454.0
2021-01-05 09:42:54.710,0.1627,0.1651,10.0,0.1644,12.0,9400.0,454.0
2021-01-05 09:42:55.190,0.1627,0.1651,10.0,0.1644,12.0,9400.0,454.0
2021-01-05 09:42:55.701,0.1627,0.1651,10.0,0.1644,12.0,9400.0,454.0
2021-01-05 09:42:56.191,0.1627,0.1651,23.0,0.1644,12.0,9400.0,454.0
2021-01-05 09:42:57.171,0.1627,0.1651,10.0,0.1644,12.0,9400.0,454.0
2021-01-05 09:42:58.220,0.1627,0.1652,10.0,0.1645,12.0,9400.0,454.0
2021-01-05 09:42:58.731,0.1627,0.165,10.0,0.1645,12.0,9400.0,454.0
2021-01-05 09:42:59.230,0.1627,0.1652,10.0,0.1644,12.0,9400.0,454.0
2021-01-05 09:42:59.730,0.1627,0.1652,10.0,0.1643,30.0,9400.0,454.0
2021-01-05 09:42:59.951,0.1627,0.1652,23.0,0.1645,12.0,9400.0,454.0
2021-01-05 09:43:00.721,0.1627,0.1652,23.0,0.1645,12.0,9400.0,454.0
2021-01-05 09:43:01.211,0.1627,0.1652,23.0,0.1645,12.0,9400.0,454.0
2021-01-05 09:43:01.701,0.1627,0.1652,23.0,0.1645,12.0,9400.0,454.0
2021-01-05 09:43:02.150,0.1627,0.1652,10.0,0.1645,12.0,9400.0,454.0
2021-01-05 09:43:02.681,0.1627,0.1652,10.0,0.1645,12.0,9400.0,454.0
2021-01-05 09:43:03.241,0.1627,0.1652,10.0,0.1645,12.0,9400.0,454.0
2021-01-05 09:43:03.701,0.1627,0.1652,10.0,0.1646,12.0,9400.0,454.0
2021-01-05 09:43:04.240,0.1627,0.1652,10.0,0.1646,42.0,9400.0,454.0
2021-01-05 09:43:05.251,0.1627,0.1652,10.0,0.1646,20.0,9400.0,454.0
2021-01-05 09:43:05.681,0.1627,0.1652,10.0,0.1644,22.0,9400.0,454.0
2021-01-05 09:43:06.171,0.1627,0.1651,13.0,0.1644,12.0,9400.0,454.0
2021-01-05 09:43:06.680,0.1627,0.1651,13.0,0.1644,12.0,9400.0,454.0
2021-01-05 09:43:07.231,0.1627,0.1651,13.0,0.1644,12.0,9400.0,454.0
2021-01-05 09:43:07.710,0.1627,0.1651,13.0,0.1644,12.0,9400.0,454.0
2021-01-05 09:43:08.200,0.1627,0.165,10.0,0.1644,12.0,9400.0,454.0
2021-01-05 09:43:08.701,0.1627,0.165,10.0,0.1644,12.0,9400.0,454.0
2021-01-05 09:43:09.231,0.1627,0.165,13.0,0.1644,12.0,9400.0,454.0
2021-01-05 09:43:09.740,0.1627,0.1649,10.0,0.1644,12.0,9400.0,454.0
2021-01-05 09:43:10.150,0.1627,0.1651,10.0,0.1645,22.0,9400.0,454.0
2021-01-05 09:43:10.720,0.1627,0.1651,10.0,0.1647,12.0,9400.0,454.0
2021-01-05 09:43:11.750,0.1627,0.1651,10.0,0.1647,12.0,9400.0,454.0
2021-01-05 09:43:12.171,0.1627,0.1652,10.0,0.1647,12.0,9400.0,454.0
2021-01-05 09:43:13.210,0.1627,0.1649,10.0,0.1645,22.0,9400.0,454.0
2021-01-05 09:43:13.740,0.1627,0.1652,10.0,0.1645,22.0,9400.0,454.0
2021-01-05 09:43:14.270,0.1627,0.1651,13.0,0.1643,12.0,9400.0,454.0
2021-01-05 09:43:15.241,0.1627,0.1651,13.0,0.1642,12.0,9400.0,454.0
2021-01-05 09:43:15.711,0.1627,0.165,10.0,0.1642,12.0,9400.0,454.0
2021-01-05 09:43:16.270,0.1627,0.1651,10.0,0.1642,12.0,9400.0,454.0
2021-01-05 09:43:16.501,0.1627,0.165,13.0,0.1642,12.0,9400.0,454.0
2021-01-05 09:43:17.271,0.1627,0.165,13.0,0.1642,12.0,9400.0,454.0
2021-01-05 09:43:17.771,0.1627,0.1649,10.0,0.1642,12.0,9400.0,454.0
2021-01-05 09:43:18.270,0.1627,0.165,10.0,0.1642,12.0,9400.0,454.0
2021-01-05 09:43:18.741,0.1627,0.165,23.0,0.1642,12.0,9400.0,454.0
2021-01-05 09:43:20.731,0.1627,0.165,23.0,0.1642,12.0,9400.0,454.0
2021-01-05 09:43:21.271,0.1627,0.165,10.0,0.1642,12.0,9400.0,454.0
2021-01-05 09:43:21.701,0.1627,0.1651,10.0,0.1642,25.0,9400.0,454.0
2021-01-05 09:43:22.281,0.1627,0.1652,10.0,0.1644,12.0,9400.0,454.0
2021-01-05 09:43:22.641,0.1627,0.165,10.0,0.1644,12.0,9400.0,454.0
2021-01-05 09:43:23.201,0.1627,0.1651,10.0,0.1644,12.0,9400.0,454.0
2021-01-05 09:43:23.651,0.1627,0.1649,10.0,0.1644,12.0,9400.0,454.0
2021-01-05 09:43:24.120,0.1627,0.1651,10.0,0.1644,12.0,9400.0,454.0
2021-01-05 09:43:25.201,0.1627,0.1651,10.0,0.1644,12.0,9400.0,454.0
2021-01-05 09:43:25.701,0.1627,0.1652,10.0,0.1645,10.0,9400.0,454.0
2021-01-05 09:43:26.181,0.1627,0.1653,10.0,0.1647,12.0,9400.0,454.0
2021-01-05 09:43:26.621,0.1627,0.1653,10.0,0.1647,12.0,9400.0,454.0
2021-01-05 09:43:27.190,0.1627,0.1653,10.0,0.1647,12.0,9400.0,454.0
2021-01-05 09:43:27.620,0.1627,0.1653,10.0,0.1647,12.0,9400.0,454.0
2021-01-05 09:43:28.091,0.1627,0.1653,23.0,0.1647,12.0,9400.0,454.0
2021-01-05 09:43:29.660,0.1627,0.1653,10.0,0.1647,12.0,9400.0,454.0
2021-01-05 09:43:30.050,0.1627,0.1652,13.0,0.1647,12.0,9400.0,454.0
2021-01-05 09:43:31.111,0.1627,0.1652,13.0,0.1647,12.0,9400.0,454.0
2021-01-05 09:43:31.720,0.1627,0.1652,10.0,0.1647,12.0,9400.0,454.0
2021-01-05 09:43:32.701,0.1627,0.1652,10.0,0.1647,12.0,9400.0,454.0
2021-01-05 09:43:33.141,0.1627,0.1652,10.0,0.1645,10.0,9400.0,454.0
2021-01-05 09:43:33.670,0.1627,0.1652,23.0,0.1646,12.0,9400.0,454.0
2021-01-05 09:43:34.221,0.1627,0.1652,10.0,0.1646,12.0,9400.0,454.0
2021-01-05 09:43:34.691,0.1627,0.1652,10.0,0.1647,12.0,9400.0,454.0
2021-01-05 09:43:35.160,0.1627,0.1652,10.0,0.1646,12.0,9400.0,454.0
2021-01-05 09:43:35.681,0.1627,0.1652,10.0,0.1646,12.0,9400.0,454.0
2021-01-05 09:43:36.221,0.1627,0.1652,10.0,0.1645,12.0,9400.0,454.0
2021-01-05 09:43:36.661,0.1627,0.1652,10.0,0.1645,12.0,9400.0,454.0
2021-01-05 09:43:37.181,0.1627,0.1652,23.0,0.1645,12.0,9400.0,454.0
2021-01-05 09:43:37.631,0.1627,0.1652,23.0,0.1644,12.0,9400.0,454.0
2021-01-05 09:43:38.221,0.1627,0.1652,10.0,0.1644,12.0,9400.0,454.0
2021-01-05 09:43:38.680,0.1627,0.1652,10.0,0.1644,12.0,9400.0,454.0
2021-01-05 09:43:39.241,0.1627,0.1652,10.0,0.1644,12.0,9400.0,454.0
2021-01-05 09:43:39.700,0.1627,0.1652,10.0,0.1644,25.0,9400.0,454.0
2021-01-05 09:43:40.230,0.1627,0.1652,10.0,0.1644,12.0,9400.0,454.0
2021-01-05 09:43:40.731,0.1627,0.1652,10.0,0.1644,12.0,9400.0,454.0
2021-01-05 09:43:41.231,0.1627,0.1652,23.0,0.1644,12.0,9400.0,454.0
2021-01-05 09:43:41.730,0.1627,0.1652,10.0,0.1644,12.0,9400.0,454.0
2021-01-05 09:43:42.191,0.1627,0.1652,10.0,0.1644,12.0,9400.0,454.0
2021-01-05 09:43:42.741,0.1627,0.1652,23.0,0.1644,12.0,9400.0,454.0
2021-01-05 09:43:43.231,0.1627,0.1651,12.0,0.1642,20.0,9400.0,454.0
2021-01-05 09:43:43.711,0.1627,0.165,13.0,0.164,22.0,9400.0,454.0
2021-01-05 09:43:44.251,0.1627,0.1651,12.0,0.1641,13.0,9400.0,454.0
2021-01-05 09:43:44.670,0.1627,0.1651,12.0,0.164,22.0,9400.0,454.0
2021-01-05 09:43:45.221,0.1627,0.165,13.0,0.164,35.0,9400.0,454.0
2021-01-05 09:43:45.720,0.1627,0.1651,12.0,0.164,22.0,9400.0,454.0
2021-01-05 09:43:46.151,0.1627,0.1649,10.0,0.1642,12.0,9400.0,454.0
2021-01-05 09:43:46.710,0.1627,0.165,10.0,0.1643,12.0,9400.0,454.0
2021-01-05 09:43:47.250,0.1627,0.165,10.0,0.1642,12.0,9400.0,454.0
2021-01-05 09:43:47.661,0.1627,0.165,10.0,0.1642,32.0,9400.0,454.0
2021-01-05 09:43:48.220,0.1627,0.165,10.0,0.1643,12.0,9400.0,454.0
2021-01-05 09:43:48.641,0.1627,0.165,22.0,0.164,22.0,9400.0,454.0
2021-01-05 09:43:49.061,0.1627,0.1649,13.0,0.164,22.0,9400.0,454.0
2021-01-05 09:43:50.170,0.1627,0.1648,10.0,0.164,22.0,9400.0,454.0
2021-01-05 09:43:50.721,0.1627,0.1647,12.0,0.1637,12.0,9400.0,454.0
2021-01-05 09:43:51.221,0.1627,0.1646,13.0,0.1637,12.0,9400.0,454.0
2021-01-05 09:43:51.660,0.1627,0.1646,23.0,0.1637,12.0,9400.0,454.0
2021-01-05 09:43:52.200,0.1627,0.1645,22.0,0.1635,32.0,9400.0,454.0
2021-01-05 09:43:52.681,0.1627,0.1645,12.0,0.1635,32.0,9400.0,454.0
2021-01-05 09:43:53.201,0.1627,0.1644,13.0,0.1635,32.0,9400.0,454.0
2021-01-05 09:43:53.610,0.1627,0.1643,10.0,0.1635,32.0,9400.0,454.0
2021-01-05 09:43:54.680,0.1627,0.1643,13.0,0.1637,12.0,9400.0,454.0
2021-01-05 09:43:55.660,0.1627,0.1642,10.0,0.1637,12.0,9400.0,454.0
2021-01-05 09:43:56.190,0.1627,0.1642,10.0,0.1636,12.0,9400.0,454.0
2021-01-05 09:43:56.721,0.1627,0.1641,13.0,0.1636,12.0,9400.0,454.0
2021-01-05 09:43:57.230,0.1627,0.1643,10.0,0.1634,12.0,9400.0,454.0
2021-01-05 09:43:57.650,0.1627,0.164,10.0,0.1634,12.0,9400.0,454.0
2021-01-05 09:43:58.140,0.164,0.1647,10.0,0.1634,12.0,9400.0,464.0
2021-01-05 09:43:58.711,0.164,0.1639,10.0,0.1634,12.0,9400.0,464.0
2021-01-05 09:43:59.170,0.1639,0.1647,10.0,0.1634,12.0,9400.0,474.0
2021-01-05 09:44:00.131,0.1639,0.164,22.0,0.1632,20.0,9400.0,474.0
2021-01-05 09:44:00.701,0.1639,0.1639,13.0,0.1632,20.0,9400.0,474.0
2021-01-05 09:44:01.160,0.1639,0.1639,13.0,0.163,12.0,9400.0,474.0
2021-01-05 09:44:02.711,0.1639,0.1639,23.0,0.163,12.0,9400.0,474.0
2021-01-05 09:44:03.231,0.1639,0.1639,23.0,0.163,12.0,9400.0,474.0
2021-01-05 09:44:03.731,0.1639,0.1638,12.0,0.1628,22.0,9400.0,474.0
2021-01-05 09:44:04.230,0.1639,0.1637,12.0,0.1628,10.0,9400.0,474.0
2021-01-05 09:44:04.751,0.1639,0.1636,13.0,0.1628,10.0,9400.0,474.0
2021-01-05 09:44:05.260,0.1639,0.1636,13.0,0.1628,10.0,9400.0,474.0
2021-01-05 09:44:05.681,0.1639,0.1635,22.0,0.1625,12.0,9400.0,474.0
2021-01-05 09:44:06.261,0.1639,0.1636,10.0,0.1623,30.0,9400.0,474.0
2021-01-05 09:44:06.770,0.1639,0.1635,13.0,0.1623,30.0,9400.0,474.0
2021-01-05 09:44:07.281,0.1639,0.1633,12.0,0.1623,30.0,9400.0,474.0
2021-01-05 09:44:07.750,0.1639,0.1633,12.0,0.1623,20.0,9400.0,474.0
2021-01-05 09:44:08.230,0.1639,0.1632,13.0,0.1623,20.0,9400.0,474.0
2021-01-05 09:44:08.760,0.1639,0.1632,25.0,0.1623,20.0,9400.0,474.0
2021-01-05 09:44:09.050,0.1639,0.163,12.0,0.1623,20.0,9400.0,474.0
2021-01-05 09:44:09.150,0.1639,0.163,12.0,0.162,12.0,9400.0,474.0
2021-01-05 09:44:10.270,0.1639,0.1629,13.0,0.1619,12.0,9400.0,474.0
2021-01-05 09:44:10.781,0.1639,0.1629,13.0,0.162,12.0,9400.0,474.0
2021-01-05 09:44:11.000,0.1639,0.1629,13.0,0.162,12.0,9400.0,474.0
2021-01-05 09:44:12.270,0.1639,0.1629,13.0,0.162,12.0,9400.0,474.0
2021-01-05 09:44:13.230,0.1639,0.1629,23.0,0.162,12.0,9400.0,474.0
2021-01-05 09:44:14.781,0.1639,0.1629,23.0,0.162,12.0,9400.0,474.0
2021-01-05 09:44:15.780,0.1639,0.1629,23.0,0.162,12.0,9400.0,474.0
2021-01-05 09:44:16.281,0.1639,0.1629,23.0,0.162,12.0,9400.0,474.0
2021-01-05 09:44:17.280,0.1639,0.1629,23.0,0.162,12.0,9400.0,474.0
2021-01-05 09:44:17.770,0.1639,0.1629,23.0,0.162,12.0,9400.0,474.0
2021-01-05 09:44:18.231,0.1639,0.1629,23.0,0.162,12.0,9400.0,474.0
2021-01-05 09:44:18.780,0.1639,0.1629,23.0,0.162,12.0,9400.0,474.0
2021-01-05 09:44:19.261,0.1639,0.1629,23.0,0.162,12.0,9400.0,474.0
2021-01-05 09:44:19.801,0.1639,0.1629,23.0,0.162,12.0,9400.0,474.0
2021-01-05 09:44:20.300,0.1639,0.1629,23.0,0.162,12.0,9400.0,474.0
2021-01-05 09:44:20.780,0.1639,0.1629,23.0,0.162,12.0,9400.0,474.0
2021-01-05 09:44:21.270,0.1639,0.1629,23.0,0.162,12.0,9400.0,474.0
2021-01-05 09:44:21.760,0.1639,0.1629,23.0,0.162,12.0,9400.0,474.0
2021-01-05 09:44:25.041,0.1639,0.1629,23.0,0.162,12.0,9400.0,474.0
2021-01-05 09:44:25.660,0.1639,0.1629,23.0,0.1621,12.0,9400.0,474.0
2021-01-05 09:44:26.090,0.1639,0.1629,23.0,0.1621,12.0,9400.0,474.0
2021-01-05 09:44:26.701,0.1639,0.1629,23.0,0.162,12.0,9400.0,474.0
2021-01-05 09:44:27.201,0.1639,0.1629,23.0,0.162,12.0,9400.0,474.0
2021-01-05 09:44:28.680,0.1639,0.1629,23.0,0.162,12.0,9400.0,474.0
2021-01-05 09:44:29.200,0.1639,0.1629,23.0,0.162,12.0,9400.0,474.0
2021-01-05 09:44:29.640,0.1639,0.1629,10.0,0.162,12.0,9400.0,474.0
2021-01-05 09:44:30.201,0.1639,0.1628,13.0,0.162,12.0,9400.0,474.0
2021-01-05 09:44:30.720,0.1639,0.1628,13.0,0.1619,22.0,9400.0,474.0
2021-01-05 09:44:31.231,0.1639,0.1628,13.0,0.162,12.0,9400.0,474.0
2021-01-05 09:44:32.220,0.1639,0.1627,10.0,0.1619,10.0,9400.0,474.0
2021-01-05 09:44:32.691,0.1639,0.1628,22.0,0.1619,10.0,9400.0,474.0
2021-01-05 09:44:33.240,0.1639,0.1627,13.0,0.1616,10.0,9400.0,474.0
2021-01-05 09:44:33.730,0.1639,0.1627,25.0,0.1617,12.0,9400.0,474.0
2021-01-05 09:44:34.241,0.1639,0.1625,10.0,0.1617,12.0,9400.0,474.0
2021-01-05 09:44:34.510,0.1639,0.1625,22.0,0.1616,10.0,9400.0,474.0
2021-01-05 09:44:35.221,0.1639,0.1624,13.0,0.1616,10.0,9400.0,474.0
2021-01-05 09:44:35.740,0.1639,0.1624,23.0,0.1616,10.0,9400.0,474.0
2021-01-05 09:44:36.220,0.1639,0.1624,13.0,0.1616,10.0,9400.0,474.0
2021-01-05 09:44:36.731,0.1639,0.1624,13.0,0.1616,10.0,9400.0,474.0
2021-01-05 09:44:37.240,0.1639,0.1624,13.0,0.1616,10.0,9400.0,474.0
2021-01-05 09:44:37.751,0.1639,0.1624,14.0,0.1616,10.0,9400.0,474.0
2021-01-05 09:44:38.201,0.1639,0.1624,14.0,0.1615,12.0,9400.0,474.0
2021-01-05 09:44:38.731,0.1639,0.1624,14.0,0.1614,12.0,9400.0,474.0
2021-01-05 09:44:39.661,0.1639,0.1623,12.0,0.1613,12.0,9400.0,474.0
2021-01-05 09:44:40.250,0.1639,0.1622,13.0,0.1613,12.0,9400.0,474.0
2021-01-05 09:44:41.251,0.1639,0.1622,13.0,0.1613,12.0,9400.0,474.0
2021-01-05 09:44:41.730,0.1639,0.1621,12.0,0.1612,10.0,9400.0,474.0
2021-01-05 09:44:42.250,0.1639,0.1621,12.0,0.1612,10.0,9400.0,474.0
2021-01-05 09:44:42.731,0.1639,0.162,13.0,0.1612,10.0,9400.0,474.0
2021-01-05 09:44:43.251,0.1639,0.162,13.0,0.1612,10.0,9400.0,474.0
2021-01-05 09:44:43.981,0.1639,0.1619,10.0,0.1613,12.0,9400.0,474.0
2021-01-05 09:44:44.661,0.1639,0.162,22.0,0.1612,10.0,9400.0,474.0
2021-01-05 09:44:45.261,0.1609,0.1619,10.0,0.1609,30.0,9380.0,504.0
2021-01-05 09:44:45.280,0.1619,0.1622,15.0,0.1612,10.0,9380.0,509.0
2021-01-05 09:44:45.760,0.1619,0.1618,10.0,0.1609,40.0,9380.0,509.0
2021-01-05 09:44:46.271,0.1619,0.1621,10.0,0.1611,12.0,9380.0,509.0
2021-01-05 09:44:47.251,0.1619,0.162,13.0,0.1612,12.0,9380.0,509.0
2021-01-05 09:44:47.770,0.1619,0.162,13.0,0.1611,12.0,9380.0,509.0
2021-01-05 09:44:48.271,0.1609,0.1619,10.0,0.1613,12.0,9358.0,539.0
2021-01-05 09:44:48.780,0.1609,0.162,10.0,0.1611,12.0,9358.0,539.0
2021-01-05 09:44:49.800,0.1609,0.162,10.0,0.1611,12.0,9358.0,539.0
2021-01-05 09:44:50.300,0.1609,0.1619,13.0,0.161,10.0,9342.0,569.0
2021-01-05 09:44:50.811,0.1609,0.1619,12.0,0.161,10.0,9342.0,569.0
2021-01-05 09:44:51.231,0.1609,0.1619,12.0,0.161,10.0,9342.0,569.0
2021-01-05 09:44:51.810,0.1609,0.1619,12.0,0.1611,10.0,9342.0,569.0
2021-01-05 09:44:52.311,0.1608,0.1618,13.0,0.1612,10.0,9332.0,599.0
2021-01-05 09:44:52.711,0.1608,0.1616,12.0,0.1612,10.0,9332.0,599.0
2021-01-05 09:44:53.201,0.1608,0.1616,12.0,0.1612,10.0,9332.0,599.0
2021-01-05 09:44:53.710,0.1608,0.1617,12.0,0.1612,10.0,9332.0,599.0
2021-01-05 09:44:54.201,0.1609,0.1617,13.0,0.1607,22.0,9312.0,629.0
2021-01-05 09:44:54.201,0.1609,0.1617,13.0,0.1611,10.0,9312.0,629.0
2021-01-05 09:44:54.970,0.1609,0.1617,12.0,0.1611,10.0,9312.0,629.0
2021-01-05 09:44:55.700,0.1609,0.1616,13.0,0.1611,10.0,9312.0,629.0
2021-01-05 09:44:56.220,0.1609,0.1617,12.0,0.1611,10.0,9312.0,629.0
2021-01-05 09:44:56.720,0.1609,0.1616,13.0,0.1611,10.0,9312.0,629.0
2021-01-05 09:44:57.160,0.1606,0.1616,13.0,0.1606,2.0,9302.0,659.0
2021-01-05 09:44:57.300,0.1606,0.1614,12.0,0.161,10.0,9302.0,659.0
2021-01-05 09:44:58.120,0.1606,0.1614,12.0,0.1609,10.0,9302.0,659.0
2021-01-05 09:44:58.720,0.1606,0.1613,13.0,0.1608,10.0,9302.0,659.0
2021-01-05 09:44:59.190,0.1606,0.1611,12.0,0.1608,10.0,9302.0,659.0
2021-01-05 09:44:59.711,0.1606,0.1616,20.0,0.1606,10.0,9302.0,659.0
2021-01-05 09:45:00.061,0.1606,0.1615,13.0,0.1606,10.0,9302.0,659.0
2021-01-05 09:45:00.061,0.1606,0.1613,12.0,0.1606,10.0,9302.0,659.0
2021-01-05 09:45:01.221,0.1606,0.1613,12.0,0.1606,10.0,9302.0,659.0
2021-01-05 09:45:01.680,0.1606,0.1612,23.0,0.1603,10.0,9302.0,659.0
2021-01-05 09:45:01.980,0.1606,0.1612,13.0,0.1601,22.0,9302.0,659.0
2021-01-05 09:45:02.710,0.1606,0.1612,13.0,0.1601,10.0,9302.0,659.0
2021-01-05 09:45:03.190,0.1606,0.161,12.0,0.1601,20.0,9302.0,659.0
2021-01-05 09:45:03.680,0.1606,0.161,12.0,0.1601,20.0,9302.0,659.0
2021-01-05 09:45:04.191,0.1606,0.1609,13.0,0.16,10.0,9302.0,659.0
2021-01-05 09:45:04.700,0.1606,0.1604,10.0,0.16,10.0,9302.0,659.0
2021-01-05 09:45:05.221,0.1604,0.1601,2.0,0.1599,10.0,9301.0,660.0
2021-01-05 09:45:05.720,0.1601,0.1601,1.0,0.1598,10.0,9301.0,661.0
2021-01-05 09:45:06.220,0.1601,0.1601,1.0,0.1598,10.0,9301.0,661.0
2021-01-05 09:45:06.721,0.1601,0.1601,1.0,0.1596,10.0,9301.0,661.0
2021-01-05 09:45:07.130,0.1601,0.1602,12.0,0.1595,10.0,9301.0,662.0
2021-01-05 09:45:07.651,0.1601,0.1606,22.0,0.1596,10.0,9301.0,662.0
2021-01-05 09:45:08.181,0.1601,0.1603,10.0,0.1594,10.0,9301.0,662.0
2021-01-05 09:45:08.700,0.1601,0.16,10.0,0.1592,22.0,9301.0,662.0
2021-01-05 09:45:09.190,0.1591,0.1601,9.0,0.1594,4.0,9291.0,703.0
2021-01-05 09:45:09.720,0.1591,0.1599,12.0,0.1589,20.0,9291.0,703.0
2021-01-05 09:45:10.200,0.1591,0.1599,12.0,0.159,13.0,9291.0,703.0
2021-01-05 09:45:10.700,0.1591,0.1599,12.0,0.1589,20.0,9291.0,703.0
2021-01-05 09:45:11.091,0.1586,0.1599,12.0,0.1586,10.0,9271.0,733.0
2021-01-05 09:45:11.720,0.1586,0.1598,10.0,0.1587,13.0,9271.0,733.0
2021-01-05 09:45:12.150,0.1586,0.1596,12.0,0.1584,20.0,9271.0,733.0
2021-01-05 09:45:12.701,0.1586,0.1599,10.0,0.1585,13.0,9271.0,733.0
2021-01-05 09:45:13.220,0.1586,0.1597,12.0,0.1585,13.0,9271.0,733.0
2021-01-05 09:45:13.681,0.1586,0.1596,12.0,0.1584,30.0,9271.0,733.0
2021-01-05 09:45:14.181,0.1584,0.1595,13.0,0.1584,13.0,9241.0,763.0
2021-01-05 09:45:15.230,0.1584,0.1593,12.0,0.1584,20.0,9241.0,763.0
2021-01-05 09:45:15.721,0.1584,0.1593,13.0,0.1584,10.0,9241.0,763.0
2021-01-05 09:45:16.230,0.158,0.158,8.0,0.1579,22.0,9231.0,785.0
2021-01-05 09:45:16.630,0.158,0.1589,10.0,0.1579,12.0,9225.0,793.0
2021-01-05 09:45:17.170,0.158,0.1589,10.0,0.1579,12.0,9225.0,793.0
2021-01-05 09:45:17.731,0.158,0.1588,12.0,0.1577,30.0,9225.0,793.0
2021-01-05 09:45:18.161,0.158,0.1588,12.0,0.1578,13.0,9225.0,793.0
2021-01-05 09:45:19.191,0.1587,0.1588,21.0,0.1578,33.0,9225.0,794.0
2021-01-05 09:45:19.731,0.1587,0.1588,22.0,0.1578,33.0,9225.0,794.0
2021-01-05 09:45:20.221,0.1587,0.1588,10.0,0.1578,45.0,9225.0,794.0
2021-01-05 09:45:21.731,0.1587,0.1588,10.0,0.1578,45.0,9225.0,794.0
2021-01-05 09:45:22.240,0.1587,0.1588,10.0,0.1578,45.0,9225.0,794.0
2021-01-05 09:45:22.710,0.1587,0.1588,10.0,0.1578,45.0,9225.0,794.0
2021-01-05 09:45:23.160,0.1587,0.1588,10.0,0.1578,45.0,9225.0,794.0
2021-01-05 09:45:23.671,0.1587,0.1588,10.0,0.1578,45.0,9225.0,794.0
2021-01-05 09:45:24.201,0.1587,0.1588,10.0,0.1578,32.0,9225.0,794.0
2021-01-05 09:45:24.701,0.1587,0.1587,12.0,0.1578,20.0,9225.0,794.0
2021-01-05 09:45:25.131,0.1587,0.1588,10.0,0.1578,20.0,9225.0,794.0
