,last,ask1,asize1,bid1,bsize1,oi,volume
2021-01-05 09:25:00.080,,0.6682,1.0,0.6002,1.0,2568.0,
2021-01-05 09:30:00.451,,0.6721,1.0,0.6002,1.0,2568.0,
2021-01-05 09:30:00.991,,0.696,1.0,0.5869,1.0,2568.0,
2021-01-05 09:30:01.481,,0.696,1.0,0.5869,1.0,2568.0,
2021-01-05 09:30:02.511,,0.6358,20.0,0.5869,1.0,2568.0,
2021-01-05 09:30:02.611,,0.6358,20.0,0.6237,20.0,2568.0,
2021-01-05 09:30:03.471,,0.637,20.0,0.6245,20.0,2568.0,
2021-01-05 09:30:03.980,,0.637,20.0,0.6254,20.0,2568.0,
2021-01-05 09:30:04.430,,0.637,20.0,0.6245,20.0,2568.0,
2021-01-05 09:30:05.010,,0.637,20.0,0.5869,1.0,2568.0,
2021-01-05 09:30:05.481,,0.6354,20.0,0.6232,20.0,2568.0,
2021-01-05 09:30:05.990,,0.6354,20.0,0.5869,1.0,2568.0,
2021-01-05 09:30:06.971,,0.6323,20.0,0.6201,20.0,2568.0,
2021-01-05 09:30:10.501,,0.6314,20.0,0.6192,20.0,2568.0,
2021-01-05 09:30:11.521,,0.6307,20.0,0.6192,20.0,2568.0,
2021-01-05 09:30:12.521,,0.6307,20.0,0.6184,20.0,2568.0,
2021-01-05 09:30:13.000,,0.696,1.0,0.6184,20.0,2568.0,
2021-01-05 09:30:13.501,,0.6318,20.0,0.6196,20.0,2568.0,
2021-01-05 09:30:15.520,,0.6325,20.0,0.6203,20.0,2568.0,
2021-01-05 09:30:17.641,,0.6342,20.0,0.622,20.0,2568.0,
2021-01-05 09:30:18.231,,0.6342,20.0,0.622,20.0,2568.0,
2021-01-05 09:30:22.240,,0.6332,20.0,0.6211,20.0,2568.0,
2021-01-05 09:30:23.670,,0.6332,20.0,0.6203,20.0,2568.0,
2021-01-05 09:30:24.161,,0.6324,20.0,0.6203,20.0,2568.0,
2021-01-05 09:30:24.661,,0.6324,20.0,0.6203,20.0,2568.0,
2021-01-05 09:30:25.160,,0.6324,20.0,0.6196,20.0,2568.0,
2021-01-05 09:30:25.671,,0.6314,20.0,0.6196,20.0,2568.0,
2021-01-05 09:30:29.661,,0.6314,20.0,0.6196,20.0,2568.0,
2021-01-05 09:30:30.151,,0.6314,20.0,0.6196,20.0,2568.0,
2021-01-05 09:30:30.620,,0.6324,20.0,0.6196,20.0,2568.0,
2021-01-05 09:30:31.661,,0.6324,20.0,0.6206,20.0,2568.0,
2021-01-05 09:30:32.631,,0.6333,20.0,0.6206,20.0,2568.0,
2021-01-05 09:30:33.671,,0.6333,20.0,0.6213,20.0,2568.0,
2021-01-05 09:30:34.670,,0.6333,20.0,0.6213,20.0,2568.0,
2021-01-05 09:30:35.121,,0.6333,20.0,0.6213,20.0,2568.0,
2021-01-05 09:30:36.170,,0.6333,20.0,0.6206,20.0,2568.0,
2021-01-05 09:30:37.670,,0.6327,10.0,0.6206,20.0,2568.0,
2021-01-05 09:30:43.180,,0.6327,10.0,0.6214,20.0,2568.0,
2021-01-05 09:30:43.681,,0.6327,10.0,0.6214,20.0,2568.0,
2021-01-05 09:30:46.200,,0.6327,10.0,0.6223,20.0,2568.0,
2021-01-05 09:30:47.691,,0.6327,10.0,0.623,20.0,2568.0,
2021-01-05 09:30:49.210,,0.6327,10.0,0.6223,20.0,2568.0,
2021-01-05 09:30:50.171,,0.6327,10.0,0.6233,20.0,2568.0,
2021-01-05 09:30:50.720,,0.6327,10.0,0.6223,20.0,2568.0,
2021-01-05 09:30:51.181,,0.6327,10.0,0.6233,20.0,2568.0,
2021-01-05 09:30:59.171,,0.6327,10.0,0.6223,20.0,2568.0,
2021-01-05 09:31:00.161,,0.6327,10.0,0.623,20.0,2568.0,
2021-01-05 09:31:01.150,,0.6327,10.0,0.6223,20.0,2568.0,
2021-01-05 09:31:02.170,,0.6327,10.0,0.6198,10.0,2568.0,
2021-01-05 09:31:02.681,,0.6327,30.0,0.6215,20.0,2568.0,
2021-01-05 09:31:03.680,,0.6327,30.0,0.6208,20.0,2568.0,
2021-01-05 09:31:06.681,,0.6327,30.0,0.6219,20.0,2568.0,
2021-01-05 09:31:08.650,,0.6327,30.0,0.6229,20.0,2568.0,
2021-01-05 09:31:09.101,,0.6327,30.0,0.6219,20.0,2568.0,
2021-01-05 09:31:09.701,,0.6327,30.0,0.6219,20.0,2568.0,
2021-01-05 09:31:10.690,,0.6327,30.0,0.6226,20.0,2568.0,
2021-01-05 09:31:12.711,,0.6327,30.0,0.6219,20.0,2568.0,
2021-01-05 09:31:13.170,,0.6327,30.0,0.6227,20.0,2568.0,
2021-01-05 09:31:14.690,,0.6327,30.0,0.6219,20.0,2568.0,
2021-01-05 09:31:17.201,,0.6327,30.0,0.6226,20.0,2568.0,
2021-01-05 09:31:19.150,,0.6327,10.0,0.6226,20.0,2568.0,
2021-01-05 09:31:19.721,,0.6327,10.0,0.6226,20.0,2568.0,
2021-01-05 09:31:20.171,,0.6327,30.0,0.6226,20.0,2568.0,
2021-01-05 09:31:20.701,,0.6327,30.0,0.624,20.0,2568.0,
2021-01-05 09:31:21.221,,0.6327,30.0,0.6226,20.0,2568.0,
2021-01-05 09:31:22.620,,0.629,10.0,0.6226,20.0,2568.0,
2021-01-05 09:31:23.171,,0.6282,10.0,0.6226,20.0,2568.0,
2021-01-05 09:31:23.640,,0.6282,10.0,0.6226,20.0,2568.0,
2021-01-05 09:31:24.660,,0.6282,10.0,0.6226,20.0,2568.0,
2021-01-05 09:31:25.150,,0.6282,10.0,0.6226,20.0,2568.0,
2021-01-05 09:31:25.640,,0.6282,10.0,0.6226,20.0,2568.0,
2021-01-05 09:31:26.141,,0.6282,10.0,0.6226,20.0,2568.0,
2021-01-05 09:31:26.681,,0.6282,10.0,0.6226,20.0,2568.0,
2021-01-05 09:31:27.171,,0.6282,10.0,0.6226,20.0,2568.0,
2021-01-05 09:31:27.601,,0.6282,10.0,0.6226,20.0,2568.0,
2021-01-05 09:31:28.091,,0.6282,10.0,0.6219,20.0,2568.0,
2021-01-05 09:31:28.610,,0.6282,10.0,0.6219,20.0,2568.0,
2021-01-05 09:31:29.171,,0.6282,10.0,0.6219,20.0,2568.0,
2021-01-05 09:31:30.170,,0.6282,10.0,0.6219,20.0,2568.0,
2021-01-05 09:31:30.671,,0.6282,10.0,0.6219,20.0,2568.0,
2021-01-05 09:31:31.150,,0.6282,10.0,0.6219,20.0,2568.0,
2021-01-05 09:31:31.661,,0.6282,10.0,0.6219,20.0,2568.0,
2021-01-05 09:31:32.191,,0.6282,10.0,0.6219,20.0,2568.0,
2021-01-05 09:31:32.671,,0.6282,10.0,0.6219,20.0,2568.0,
2021-01-05 09:31:33.190,,0.6282,10.0,0.6219,20.0,2568.0,
2021-01-05 09:31:34.681,,0.6279,10.0,0.621,20.0,2568.0,
2021-01-05 09:31:35.670,,0.6282,20.0,0.621,20.0,2568.0,
2021-01-05 09:31:36.181,,0.628,10.0,0.6211,3.0,2568.0,
2021-01-05 09:31:36.690,,0.6276,10.0,0.6211,3.0,2568.0,
2021-01-05 09:31:37.191,,0.6281,10.0,0.6211,3.0,2568.0,
2021-01-05 09:31:38.190,,0.6282,10.0,0.622,20.0,2568.0,
2021-01-05 09:31:39.210,,0.6282,10.0,0.6221,3.0,2568.0,
2021-01-05 09:31:39.710,,0.6282,10.0,0.6221,3.0,2568.0,
2021-01-05 09:31:40.200,,0.6282,10.0,0.6221,3.0,2568.0,
2021-01-05 09:31:40.711,,0.6282,10.0,0.6221,3.0,2568.0,
2021-01-05 09:31:41.191,,0.6282,10.0,0.6221,3.0,2568.0,
2021-01-05 09:31:41.691,,0.6297,10.0,0.6231,10.0,2568.0,
2021-01-05 09:31:42.211,,0.6291,10.0,0.6231,10.0,2568.0,
2021-01-05 09:31:42.711,,0.6291,10.0,0.6231,10.0,2568.0,
2021-01-05 09:31:43.191,,0.6288,10.0,0.6231,10.0,2568.0,
2021-01-05 09:31:44.190,0.6286,0.6286,8.0,0.6231,10.0,2568.0,2.0
2021-01-05 09:31:44.691,0.6286,0.6279,10.0,0.6227,20.0,2568.0,2.0
2021-01-05 09:31:45.700,0.6286,0.6279,10.0,0.6227,20.0,2568.0,2.0
2021-01-05 09:31:46.071,0.6286,0.6297,10.0,0.6228,3.0,2568.0,2.0
2021-01-05 09:31:46.701,0.6286,0.6297,10.0,0.6228,3.0,2568.0,2.0
2021-01-05 09:31:47.191,0.6286,0.6294,10.0,0.6228,3.0,2568.0,2.0
2021-01-05 09:31:47.711,0.6286,0.63,20.0,0.6228,3.0,2568.0,2.0
2021-01-05 09:31:49.221,0.6286,0.63,40.0,0.6228,3.0,2568.0,2.0
2021-01-05 09:31:49.711,0.6286,0.63,30.0,0.6228,3.0,2568.0,2.0
2021-01-05 09:31:50.191,0.6286,0.63,30.0,0.6228,3.0,2568.0,2.0
2021-01-05 09:31:50.710,0.6286,0.6306,10.0,0.6253,10.0,2568.0,2.0
2021-01-05 09:31:51.210,0.6286,0.6306,10.0,0.6253,30.0,2568.0,2.0
2021-01-05 09:31:52.220,0.6286,0.6306,10.0,0.6253,30.0,2568.0,2.0
2021-01-05 09:31:52.621,0.6286,0.6306,10.0,0.6253,30.0,2568.0,2.0
2021-01-05 09:31:53.171,0.6286,0.6306,10.0,0.6253,30.0,2568.0,2.0
2021-01-05 09:31:53.640,0.6286,0.6309,20.0,0.6274,10.0,2568.0,2.0
2021-01-05 09:31:54.151,0.6286,0.6318,10.0,0.6274,30.0,2568.0,2.0
2021-01-05 09:31:55.150,0.6286,0.6318,10.0,0.6274,30.0,2568.0,2.0
2021-01-05 09:31:55.670,0.6286,0.6318,10.0,0.6274,30.0,2568.0,2.0
2021-01-05 09:31:57.171,0.6286,0.6318,10.0,0.6274,30.0,2568.0,2.0
2021-01-05 09:31:58.171,0.6286,0.6318,10.0,0.6274,30.0,2568.0,2.0
2021-01-05 09:31:59.180,0.6286,0.6318,10.0,0.6274,30.0,2568.0,2.0
2021-01-05 09:31:59.660,0.6286,0.6318,10.0,0.6274,30.0,2568.0,2.0
2021-01-05 09:32:00.150,0.6286,0.6318,10.0,0.6274,30.0,2568.0,2.0
2021-01-05 09:32:00.650,0.6286,0.6318,10.0,0.6274,30.0,2568.0,2.0
2021-01-05 09:32:01.170,0.6286,0.6318,10.0,0.6274,30.0,2568.0,2.0
2021-01-05 09:32:01.670,0.6286,0.6318,10.0,0.6274,30.0,2568.0,2.0
2021-01-05 09:32:02.171,0.6286,0.6309,10.0,0.6274,20.0,2568.0,2.0
2021-01-05 09:32:02.671,0.6286,0.6309,30.0,0.6256,10.0,2568.0,2.0
2021-01-05 09:32:03.180,0.6286,0.6309,30.0,0.6256,10.0,2568.0,2.0
2021-01-05 09:32:04.161,0.6286,0.6309,30.0,0.6256,10.0,2568.0,2.0
2021-01-05 09:32:04.661,0.6286,0.6309,30.0,0.6256,10.0,2568.0,2.0
2021-01-05 09:32:05.141,0.6286,0.6309,30.0,0.6256,10.0,2568.0,2.0
2021-01-05 09:32:05.660,0.6286,0.6309,30.0,0.6256,10.0,2568.0,2.0
2021-01-05 09:32:06.161,0.6286,0.6309,20.0,0.6257,3.0,2568.0,2.0
2021-01-05 09:32:06.680,0.6286,0.6326,10.0,0.6257,3.0,2568.0,2.0
2021-01-05 09:32:07.070,0.6286,0.6319,10.0,0.6253,20.0,2568.0,2.0
2021-01-05 09:32:07.570,0.6286,0.6319,30.0,0.6253,20.0,2568.0,2.0
2021-01-05 09:32:08.171,0.6286,0.6319,30.0,0.6253,20.0,2568.0,2.0
2021-01-05 09:32:08.670,0.6286,0.6319,20.0,0.6253,20.0,2568.0,2.0
2021-01-05 09:32:09.141,0.6286,0.6327,30.0,0.6253,20.0,2568.0,2.0
2021-01-05 09:32:09.681,0.6286,0.6327,30.0,0.6253,20.0,2568.0,2.0
2021-01-05 09:32:10.161,0.6286,0.6327,30.0,0.6253,20.0,2568.0,2.0
2021-01-05 09:32:10.551,0.6286,0.6323,10.0,0.6254,3.0,2568.0,2.0
2021-01-05 09:32:11.170,0.6286,0.6327,40.0,0.6254,3.0,2568.0,2.0
2021-01-05 09:32:11.650,0.6286,0.6325,10.0,0.6254,3.0,2568.0,2.0
2021-01-05 09:32:12.161,0.6286,0.6323,10.0,0.6253,20.0,2568.0,2.0
2021-01-05 09:32:12.670,0.6286,0.6322,10.0,0.6253,20.0,2568.0,2.0
2021-01-05 09:32:13.171,0.6286,0.6323,10.0,0.6253,20.0,2568.0,2.0
2021-01-05 09:32:14.660,0.6286,0.6326,10.0,0.6253,20.0,2568.0,2.0
2021-01-05 09:32:15.171,0.6286,0.6325,1.0,0.6253,20.0,2568.0,2.0
2021-01-05 09:32:15.671,0.6286,0.6325,1.0,0.6253,20.0,2568.0,2.0
2021-01-05 09:32:16.151,0.6286,0.6325,1.0,0.6253,20.0,2568.0,2.0
2021-01-05 09:32:17.161,0.6286,0.6324,10.0,0.6253,20.0,2568.0,2.0
2021-01-05 09:32:17.651,0.6286,0.6325,1.0,0.6253,20.0,2568.0,2.0
2021-01-05 09:32:18.670,0.6286,0.6325,1.0,0.6253,20.0,2568.0,2.0
2021-01-05 09:32:19.670,0.6286,0.6319,10.0,0.6276,10.0,2568.0,2.0
2021-01-05 09:32:20.151,0.6286,0.6319,30.0,0.6276,30.0,2568.0,2.0
2021-01-05 09:32:20.600,0.6286,0.6319,30.0,0.6276,30.0,2568.0,2.0
2021-01-05 09:32:21.171,0.6286,0.6319,30.0,0.6276,30.0,2568.0,2.0
2021-01-05 09:32:21.680,0.6286,0.6319,40.0,0.6276,30.0,2568.0,2.0
2021-01-05 09:32:22.181,0.6286,0.6319,30.0,0.6276,10.0,2568.0,2.0
2021-01-05 09:32:22.660,0.6286,0.6304,10.0,0.6267,20.0,2568.0,2.0
2021-01-05 09:32:23.140,0.6286,0.6304,30.0,0.6267,20.0,2568.0,2.0
2021-01-05 09:32:23.580,0.6286,0.6304,30.0,0.6267,20.0,2568.0,2.0
2021-01-05 09:32:24.160,0.6286,0.6304,30.0,0.6267,20.0,2568.0,2.0
2021-01-05 09:32:25.170,0.6286,0.6304,30.0,0.6267,20.0,2568.0,2.0
2021-01-05 09:32:25.670,0.6286,0.6304,30.0,0.6267,20.0,2568.0,2.0
2021-01-05 09:32:26.171,0.6286,0.6304,20.0,0.6274,10.0,2568.0,2.0
2021-01-05 09:32:26.650,0.6286,0.6303,1.0,0.6274,10.0,2568.0,2.0
2021-01-05 09:32:27.151,0.6286,0.6318,10.0,0.6274,10.0,2568.0,2.0
2021-01-05 09:32:27.670,0.6286,0.6302,1.0,0.6274,10.0,2568.0,2.0
2021-01-05 09:32:28.171,0.6286,0.6318,10.0,0.6274,10.0,2568.0,2.0
2021-01-05 09:32:28.611,0.6286,0.6301,1.0,0.6274,10.0,2568.0,2.0
2021-01-05 09:32:29.180,0.6286,0.6318,10.0,0.6274,10.0,2568.0,2.0
2021-01-05 09:32:30.171,0.6286,0.6318,10.0,0.6274,10.0,2568.0,2.0
2021-01-05 09:32:31.151,0.6286,0.6318,10.0,0.6274,10.0,2568.0,2.0
2021-01-05 09:32:31.691,0.6286,0.6318,10.0,0.6274,10.0,2568.0,2.0
2021-01-05 09:32:32.121,0.6286,0.6318,10.0,0.6274,10.0,2568.0,2.0
2021-01-05 09:32:33.671,0.6286,0.6318,10.0,0.6274,10.0,2568.0,2.0
2021-01-05 09:32:34.171,0.6286,0.6318,10.0,0.6274,10.0,2568.0,2.0
2021-01-05 09:32:34.691,0.6286,0.6318,10.0,0.6274,10.0,2568.0,2.0
2021-01-05 09:32:35.170,0.6286,0.6318,10.0,0.6274,10.0,2568.0,2.0
2021-01-05 09:32:35.671,0.6286,0.6318,10.0,0.6274,10.0,2568.0,2.0
2021-01-05 09:32:38.670,0.6286,0.6318,10.0,0.6274,10.0,2568.0,2.0
2021-01-05 09:32:39.200,0.6286,0.6318,10.0,0.6274,10.0,2568.0,2.0
2021-01-05 09:32:39.630,0.6286,0.6318,10.0,0.6274,10.0,2568.0,2.0
2021-01-05 09:32:40.151,0.6286,0.6318,10.0,0.6274,10.0,2568.0,2.0
2021-01-05 09:32:41.690,0.6286,0.6318,10.0,0.6274,10.0,2568.0,2.0
2021-01-05 09:32:42.201,0.6286,0.6318,10.0,0.6274,10.0,2568.0,2.0
2021-01-05 09:32:42.700,0.6286,0.6318,10.0,0.6274,10.0,2568.0,2.0
2021-01-05 09:32:43.190,0.6286,0.6318,10.0,0.6274,10.0,2568.0,2.0
2021-01-05 09:32:43.580,0.6286,0.6318,10.0,0.6274,10.0,2568.0,2.0
2021-01-05 09:32:44.151,0.6286,0.6318,10.0,0.6274,10.0,2568.0,2.0
2021-01-05 09:32:44.700,0.6286,0.6318,10.0,0.6274,10.0,2568.0,2.0
2021-01-05 09:32:45.580,0.6286,0.6318,10.0,0.6274,10.0,2568.0,2.0
2021-01-05 09:32:46.160,0.6286,0.6318,10.0,0.6274,10.0,2568.0,2.0
2021-01-05 09:32:47.201,0.6286,0.6318,10.0,0.6274,10.0,2568.0,2.0
2021-01-05 09:32:47.701,0.6286,0.6318,10.0,0.6274,10.0,2568.0,2.0
2021-01-05 09:32:48.181,0.6286,0.6318,10.0,0.6274,10.0,2568.0,2.0
2021-01-05 09:32:48.690,0.6286,0.6318,10.0,0.6274,10.0,2568.0,2.0
2021-01-05 09:32:48.690,0.6286,0.6318,10.0,0.6274,10.0,2568.0,2.0
2021-01-05 09:32:49.670,0.6286,0.6343,10.0,0.6283,10.0,2568.0,2.0
2021-01-05 09:32:50.171,0.6286,0.6348,10.0,0.6283,10.0,2568.0,2.0
2021-01-05 09:32:50.650,0.6286,0.6341,10.0,0.6283,10.0,2568.0,2.0
2021-01-05 09:32:51.170,0.6286,0.6347,10.0,0.6283,30.0,2568.0,2.0
2021-01-05 09:32:51.701,0.6286,0.6348,10.0,0.6283,10.0,2568.0,2.0
2021-01-05 09:32:52.191,0.6286,0.6348,10.0,0.6283,30.0,2568.0,2.0
2021-01-05 09:32:52.671,0.6286,0.6348,10.0,0.6283,30.0,2568.0,2.0
2021-01-05 09:32:53.161,0.6286,0.6345,10.0,0.6283,30.0,2568.0,2.0
2021-01-05 09:32:53.641,0.6286,0.6347,10.0,0.6283,30.0,2568.0,2.0
2021-01-05 09:32:54.181,0.6286,0.6343,10.0,0.6283,10.0,2568.0,2.0
2021-01-05 09:32:54.671,0.6286,0.6342,10.0,0.6283,10.0,2568.0,2.0
2021-01-05 09:32:55.170,0.6286,0.6345,30.0,0.6283,10.0,2568.0,2.0
2021-01-05 09:32:55.670,0.6286,0.6345,20.0,0.6283,10.0,2568.0,2.0
2021-01-05 09:32:56.150,0.6286,0.6345,20.0,0.6283,10.0,2568.0,2.0
2021-01-05 09:32:56.611,0.6286,0.6345,20.0,0.6283,30.0,2568.0,2.0
2021-01-05 09:32:57.130,0.6286,0.6348,10.0,0.6283,30.0,2568.0,2.0
2021-01-05 09:32:57.600,0.6286,0.6348,10.0,0.6283,30.0,2568.0,2.0
2021-01-05 09:32:57.600,0.6286,0.6348,10.0,0.6283,30.0,2568.0,2.0
2021-01-05 09:32:58.651,0.6286,0.6348,10.0,0.6283,30.0,2568.0,2.0
2021-01-05 09:32:59.621,0.6286,0.6348,10.0,0.6283,30.0,2568.0,2.0
2021-01-05 09:33:01.141,0.6286,0.6348,10.0,0.6283,30.0,2568.0,2.0
2021-01-05 09:33:01.661,0.6286,0.6348,10.0,0.6283,30.0,2568.0,2.0
2021-01-05 09:33:02.651,0.6286,0.6348,20.0,0.6283,30.0,2568.0,2.0
2021-01-05 09:33:03.171,0.6286,0.6323,10.0,0.6281,20.0,2568.0,2.0
2021-01-05 09:33:03.681,0.6286,0.6323,30.0,0.6281,20.0,2568.0,2.0
2021-01-05 09:33:04.140,0.6286,0.6328,10.0,0.6273,10.0,2568.0,2.0
2021-01-05 09:33:04.651,0.6286,0.6323,20.0,0.6274,20.0,2568.0,2.0
2021-01-05 09:33:05.181,0.6286,0.6323,20.0,0.6274,20.0,2568.0,2.0
2021-01-05 09:33:06.170,0.6286,0.6323,20.0,0.6274,20.0,2568.0,2.0
2021-01-05 09:33:06.681,0.6286,0.6323,20.0,0.6273,10.0,2568.0,2.0
2021-01-05 09:33:07.171,0.6286,0.6323,20.0,0.6273,10.0,2568.0,2.0
2021-01-05 09:33:07.601,0.6286,0.6323,20.0,0.6273,10.0,2568.0,2.0
2021-01-05 09:33:08.191,0.6286,0.6323,20.0,0.6273,10.0,2568.0,2.0
2021-01-05 09:33:08.681,0.6286,0.6323,20.0,0.6273,10.0,2568.0,2.0
2021-01-05 09:33:09.181,0.6286,0.6323,20.0,0.6273,30.0,2568.0,2.0
2021-01-05 09:33:09.630,0.6286,0.6323,20.0,0.6273,10.0,2568.0,2.0
2021-01-05 09:33:10.180,0.6286,0.6323,20.0,0.6273,10.0,2568.0,2.0
2021-01-05 09:33:10.681,0.6286,0.6323,20.0,0.6273,10.0,2568.0,2.0
2021-01-05 09:33:11.670,0.6286,0.6307,10.0,0.6273,10.0,2568.0,2.0
2021-01-05 09:33:12.181,0.6286,0.6307,10.0,0.6273,10.0,2568.0,2.0
2021-01-05 09:33:12.650,0.6286,0.6307,30.0,0.6273,30.0,2568.0,2.0
2021-01-05 09:33:13.100,0.6286,0.6307,30.0,0.6273,30.0,2568.0,2.0
2021-01-05 09:33:13.691,0.6286,0.6307,30.0,0.6273,30.0,2568.0,2.0
2021-01-05 09:33:14.070,0.6286,0.6307,30.0,0.6273,30.0,2568.0,2.0
2021-01-05 09:33:14.650,0.6286,0.6307,30.0,0.6273,30.0,2568.0,2.0
2021-01-05 09:33:15.140,0.6286,0.6307,30.0,0.6273,30.0,2568.0,2.0
2021-01-05 09:33:15.651,0.6286,0.6307,30.0,0.6273,10.0,2568.0,2.0
2021-01-05 09:33:16.181,0.6286,0.6307,30.0,0.6273,10.0,2568.0,2.0
2021-01-05 09:33:16.671,0.6286,0.6307,30.0,0.6273,10.0,2568.0,2.0
2021-01-05 09:33:17.190,0.6286,0.6307,30.0,0.6273,10.0,2568.0,2.0
2021-01-05 09:33:17.691,0.6286,0.6307,30.0,0.6273,10.0,2568.0,2.0
2021-01-05 09:33:18.160,0.6286,0.6307,30.0,0.6273,10.0,2568.0,2.0
2021-01-05 09:33:18.680,0.6286,0.6307,30.0,0.6273,10.0,2568.0,2.0
2021-01-05 09:33:19.191,0.6286,0.6307,30.0,0.6273,10.0,2568.0,2.0
2021-01-05 09:33:19.660,0.6286,0.6307,30.0,0.6273,10.0,2568.0,2.0
2021-01-05 09:33:20.171,0.6286,0.6295,10.0,0.6273,10.0,2568.0,2.0
2021-01-05 09:33:20.680,0.6286,0.6295,10.0,0.6273,10.0,2568.0,2.0
2021-01-05 09:33:21.160,0.6286,0.6295,10.0,0.6273,10.0,2568.0,2.0
2021-01-05 09:33:21.681,0.6286,0.6295,10.0,0.6273,10.0,2568.0,2.0
2021-01-05 09:33:22.150,0.6286,0.6295,30.0,0.6273,10.0,2568.0,2.0
2021-01-05 09:33:22.670,0.6286,0.6295,10.0,0.6273,10.0,2568.0,2.0
2021-01-05 09:33:23.151,0.6286,0.6295,30.0,0.6273,10.0,2568.0,2.0
2021-01-05 09:33:23.660,0.6286,0.6295,10.0,0.6273,10.0,2568.0,2.0
2021-01-05 09:33:24.171,0.6286,0.6295,30.0,0.6273,10.0,2568.0,2.0
2021-01-05 09:33:24.661,0.6286,0.6295,10.0,0.6273,10.0,2568.0,2.0
2021-01-05 09:33:25.151,0.6286,0.6295,30.0,0.6273,10.0,2568.0,2.0
2021-01-05 09:33:25.671,0.6286,0.6295,30.0,0.6273,10.0,2568.0,2.0
2021-01-05 09:33:26.161,0.6286,0.6295,30.0,0.6273,10.0,2568.0,2.0
2021-01-05 09:33:27.171,0.6286,0.6295,10.0,0.6273,10.0,2568.0,2.0
2021-01-05 09:33:27.681,0.6286,0.6295,10.0,0.6273,10.0,2568.0,2.0
2021-01-05 09:33:28.180,0.6286,0.6295,10.0,0.6273,10.0,2568.0,2.0
2021-01-05 09:33:28.670,0.6286,0.6295,10.0,0.6273,10.0,2568.0,2.0
2021-01-05 09:33:29.681,0.6286,0.6295,10.0,0.6273,10.0,2568.0,2.0
2021-01-05 09:33:30.180,0.6286,0.6295,10.0,0.6273,10.0,2568.0,2.0
2021-01-05 09:33:31.680,0.6286,0.6295,10.0,0.6273,10.0,2568.0,2.0
2021-01-05 09:33:32.170,0.6286,0.6295,10.0,0.6273,10.0,2568.0,2.0
2021-01-05 09:33:32.620,0.6286,0.6295,10.0,0.6273,10.0,2568.0,2.0
2021-01-05 09:33:33.680,0.6286,0.6295,10.0,0.6273,10.0,2568.0,2.0
2021-01-05 09:33:36.681,0.6286,0.6295,10.0,0.6273,10.0,2568.0,2.0
2021-01-05 09:33:37.190,0.6286,0.6295,30.0,0.6273,10.0,2568.0,2.0
2021-01-05 09:33:37.640,0.6286,0.6295,30.0,0.6273,10.0,2568.0,2.0
2021-01-05 09:33:39.641,0.6286,0.6295,30.0,0.6273,10.0,2568.0,2.0
2021-01-05 09:33:40.690,0.6286,0.6295,20.0,0.6273,10.0,2568.0,2.0
2021-01-05 09:33:41.161,0.6286,0.6295,20.0,0.6273,10.0,2568.0,2.0
2021-01-05 09:33:41.691,0.6286,0.6313,10.0,0.6273,10.0,2568.0,2.0
2021-01-05 09:33:42.160,0.6286,0.6297,20.0,0.6273,10.0,2568.0,2.0
2021-01-05 09:33:42.600,0.6286,0.6313,10.0,0.6273,10.0,2568.0,2.0
2021-01-05 09:33:43.180,0.6286,0.6313,10.0,0.6273,10.0,2568.0,2.0
2021-01-05 09:33:43.681,0.6286,0.6313,10.0,0.6273,10.0,2568.0,2.0
2021-01-05 09:33:44.110,0.6286,0.6313,10.0,0.6273,10.0,2568.0,2.0
2021-01-05 09:33:44.671,0.6286,0.6313,10.0,0.6273,10.0,2568.0,2.0
2021-01-05 09:33:45.180,0.6286,0.6313,10.0,0.6273,10.0,2568.0,2.0
2021-01-05 09:33:45.660,0.6286,0.6313,10.0,0.6273,10.0,2568.0,2.0
2021-01-05 09:33:46.161,0.6286,0.6313,10.0,0.6273,10.0,2568.0,2.0
2021-01-05 09:33:46.680,0.6286,0.6313,10.0,0.6273,10.0,2568.0,2.0
2021-01-05 09:33:47.191,0.6286,0.6313,10.0,0.6273,10.0,2568.0,2.0
2021-01-05 09:33:47.681,0.6286,0.6319,20.0,0.6273,10.0,2568.0,2.0
2021-01-05 09:33:48.171,0.6286,0.6332,44.0,0.6273,10.0,2568.0,2.0
2021-01-05 09:33:48.171,0.6286,0.6332,34.0,0.6273,10.0,2568.0,2.0
2021-01-05 09:33:49.120,0.6286,0.6332,34.0,0.6273,10.0,2568.0,2.0
2021-01-05 09:33:50.180,0.6286,0.6332,34.0,0.6273,10.0,2568.0,2.0
2021-01-05 09:33:50.670,0.6286,0.6332,34.0,0.6273,10.0,2568.0,2.0
2021-01-05 09:33:51.141,0.6286,0.6332,34.0,0.6273,10.0,2568.0,2.0
2021-01-05 09:33:51.581,0.6286,0.6332,34.0,0.6273,10.0,2568.0,2.0
2021-01-05 09:33:52.190,0.6286,0.6332,44.0,0.6273,10.0,2568.0,2.0
2021-01-05 09:33:52.661,0.6286,0.6332,34.0,0.6273,10.0,2568.0,2.0
2021-01-05 09:33:52.960,0.6286,0.6332,34.0,0.6273,10.0,2568.0,2.0
2021-01-05 09:33:53.650,0.6286,0.6331,10.0,0.6273,10.0,2568.0,2.0
2021-01-05 09:33:54.180,0.6286,0.6332,44.0,0.6273,10.0,2568.0,2.0
2021-01-05 09:33:55.181,0.6286,0.6332,44.0,0.6273,10.0,2568.0,2.0
2021-01-05 09:33:55.650,0.6286,0.6332,34.0,0.6273,10.0,2568.0,2.0
2021-01-05 09:33:56.120,0.6286,0.6332,34.0,0.6273,10.0,2568.0,2.0
2021-01-05 09:33:57.671,0.6286,0.6332,34.0,0.6273,10.0,2568.0,2.0
2021-01-05 09:33:58.170,0.6286,0.6332,20.0,0.6273,10.0,2568.0,2.0
2021-01-05 09:33:58.670,0.6286,0.6332,20.0,0.6273,10.0,2568.0,2.0
2021-01-05 09:33:59.140,0.6286,0.6332,20.0,0.6273,10.0,2568.0,2.0
2021-01-05 09:33:59.590,0.6286,0.6332,20.0,0.6273,10.0,2568.0,2.0
2021-01-05 09:34:00.191,0.6286,0.6332,20.0,0.6273,10.0,2568.0,2.0
2021-01-05 09:34:00.671,0.6286,0.6332,20.0,0.6273,10.0,2568.0,2.0
2021-01-05 09:34:01.661,0.6286,0.6332,20.0,0.6273,10.0,2568.0,2.0
2021-01-05 09:34:02.170,0.6286,0.6332,20.0,0.6273,10.0,2568.0,2.0
2021-01-05 09:34:02.671,0.6286,0.6332,20.0,0.6273,10.0,2568.0,2.0
2021-01-05 09:34:03.171,0.6286,0.6332,20.0,0.6273,10.0,2568.0,2.0
2021-01-05 09:34:03.670,0.6286,0.6332,20.0,0.6273,10.0,2568.0,2.0
2021-01-05 09:34:05.121,0.6286,0.6332,20.0,0.6273,10.0,2568.0,2.0
2021-01-05 09:34:06.671,0.6286,0.6332,20.0,0.6293,10.0,2568.0,2.0
2021-01-05 09:34:07.130,0.6286,0.6332,20.0,0.6293,30.0,2568.0,2.0
2021-01-05 09:34:07.311,0.6286,0.6332,20.0,0.6293,30.0,2568.0,2.0
2021-01-05 09:34:08.171,0.6286,0.6332,20.0,0.6293,30.0,2568.0,2.0
2021-01-05 09:34:08.690,0.6286,0.6331,1.0,0.6293,30.0,2568.0,2.0
2021-01-05 09:34:09.170,0.6286,0.6331,1.0,0.6293,30.0,2568.0,2.0
2021-01-05 09:34:09.670,0.6286,0.6337,10.0,0.6293,30.0,2568.0,2.0
2021-01-05 09:34:10.140,0.6286,0.6336,1.0,0.6293,30.0,2568.0,2.0
2021-01-05 09:34:10.281,0.6286,0.6336,21.0,0.6293,30.0,2568.0,2.0
2021-01-05 09:34:11.681,0.6286,0.6336,21.0,0.6293,30.0,2568.0,2.0
2021-01-05 09:34:12.121,0.6286,0.6336,21.0,0.6293,30.0,2568.0,2.0
2021-01-05 09:34:12.640,0.6286,0.6336,21.0,0.6293,30.0,2568.0,2.0
2021-01-05 09:34:13.191,0.6286,0.6336,21.0,0.6293,30.0,2568.0,2.0
2021-01-05 09:34:13.681,0.6286,0.6336,21.0,0.6293,30.0,2568.0,2.0
2021-01-05 09:34:14.181,0.6286,0.632,10.0,0.6293,20.0,2568.0,2.0
2021-01-05 09:34:14.691,0.6286,0.632,30.0,0.6277,10.0,2568.0,2.0
2021-01-05 09:34:15.181,0.6286,0.632,10.0,0.6277,10.0,2568.0,2.0
2021-01-05 09:34:15.681,0.6286,0.632,30.0,0.6277,30.0,2568.0,2.0
2021-01-05 09:34:16.190,0.6286,0.632,10.0,0.6277,30.0,2568.0,2.0
2021-01-05 09:34:16.630,0.6286,0.632,30.0,0.6277,30.0,2568.0,2.0
2021-01-05 09:34:17.181,0.6286,0.632,30.0,0.6277,30.0,2568.0,2.0
2021-01-05 09:34:17.690,0.6286,0.632,10.0,0.6277,30.0,2568.0,2.0
2021-01-05 09:34:18.201,0.6286,0.6328,20.0,0.6289,10.0,2568.0,2.0
2021-01-05 09:34:18.620,0.6286,0.6333,10.0,0.6289,30.0,2568.0,2.0
2021-01-05 09:34:19.041,0.6286,0.6333,10.0,0.6289,30.0,2568.0,2.0
2021-01-05 09:34:19.700,0.6286,0.6332,1.0,0.6289,30.0,2568.0,2.0
2021-01-05 09:34:19.961,0.6286,0.6332,1.0,0.6289,30.0,2568.0,2.0
2021-01-05 09:34:20.651,0.6286,0.6332,1.0,0.6289,30.0,2568.0,2.0
2021-01-05 09:34:21.690,0.6286,0.6332,1.0,0.6289,30.0,2568.0,2.0
2021-01-05 09:34:22.151,0.6286,0.6332,1.0,0.6289,30.0,2568.0,2.0
2021-01-05 09:34:22.651,0.6286,0.6332,1.0,0.6289,30.0,2568.0,2.0
2021-01-05 09:34:23.181,0.6286,0.6332,1.0,0.6289,30.0,2568.0,2.0
2021-01-05 09:34:24.600,0.6286,0.6332,1.0,0.6289,30.0,2568.0,2.0
2021-01-05 09:34:25.171,0.6286,0.6332,1.0,0.6289,30.0,2568.0,2.0
2021-01-05 09:34:25.671,0.6286,0.6332,1.0,0.6289,30.0,2568.0,2.0
2021-01-05 09:34:26.641,0.6286,0.6332,1.0,0.6289,30.0,2568.0,2.0
2021-01-05 09:34:27.150,0.6286,0.6332,1.0,0.6289,30.0,2568.0,2.0
2021-01-05 09:34:28.120,0.6286,0.6332,1.0,0.6289,30.0,2568.0,2.0
2021-01-05 09:34:28.621,0.6286,0.6332,1.0,0.6289,30.0,2568.0,2.0
2021-01-05 09:34:29.601,0.6286,0.6332,1.0,0.6289,30.0,2568.0,2.0
2021-01-05 09:34:30.170,0.6286,0.6332,1.0,0.6289,30.0,2568.0,2.0
2021-01-05 09:34:30.681,0.6286,0.6332,1.0,0.6289,30.0,2568.0,2.0
2021-01-05 09:34:31.190,0.6286,0.6332,1.0,0.6289,30.0,2568.0,2.0
2021-01-05 09:34:31.691,0.6286,0.6332,1.0,0.6289,30.0,2568.0,2.0
2021-01-05 09:34:33.090,0.6286,0.6332,1.0,0.6289,30.0,2568.0,2.0
2021-01-05 09:34:33.691,0.6286,0.6332,1.0,0.6289,30.0,2568.0,2.0
2021-01-05 09:34:35.130,0.6286,0.6332,1.0,0.6289,30.0,2568.0,2.0
2021-01-05 09:34:35.691,0.6286,0.6332,1.0,0.6304,10.0,2568.0,2.0
2021-01-05 09:34:36.171,0.6286,0.6332,1.0,0.6304,10.0,2568.0,2.0
2021-01-05 09:34:36.680,0.6286,0.6332,1.0,0.6304,30.0,2568.0,2.0
2021-01-05 09:34:37.161,0.6286,0.6344,20.0,0.6304,30.0,2568.0,2.0
2021-01-05 09:34:37.700,0.6286,0.6344,20.0,0.6304,30.0,2568.0,2.0
2021-01-05 09:34:37.990,0.6286,0.6344,20.0,0.6304,30.0,2568.0,2.0
2021-01-05 09:34:38.690,0.6286,0.6344,20.0,0.6304,30.0,2568.0,2.0
2021-01-05 09:34:39.091,0.6286,0.6343,1.0,0.6304,20.0,2568.0,2.0
2021-01-05 09:34:39.470,0.6286,0.6343,1.0,0.6304,20.0,2568.0,2.0
2021-01-05 09:34:40.171,0.6286,0.6343,1.0,0.6304,20.0,2568.0,2.0
2021-01-05 09:34:40.601,0.6286,0.6343,1.0,0.6304,20.0,2568.0,2.0
2021-01-05 09:34:41.201,0.6286,0.6354,20.0,0.6304,20.0,2568.0,2.0
2021-01-05 09:34:41.700,0.6286,0.6367,30.0,0.6304,20.0,2568.0,2.0
2021-01-05 09:34:42.171,0.6286,0.6366,3.0,0.6304,20.0,2568.0,2.0
2021-01-05 09:34:42.680,0.6286,0.6367,30.0,0.6304,20.0,2568.0,2.0
2021-01-05 09:34:43.671,0.6286,0.6367,30.0,0.6304,20.0,2568.0,2.0
2021-01-05 09:34:45.200,0.6286,0.6367,30.0,0.6304,20.0,2568.0,2.0
2021-01-05 09:34:45.721,0.6286,0.6367,30.0,0.6304,20.0,2568.0,2.0
2021-01-05 09:34:46.140,0.6286,0.6366,10.0,0.6322,10.0,2568.0,2.0
2021-01-05 09:34:46.660,0.6286,0.6366,10.0,0.6322,30.0,2568.0,2.0
2021-01-05 09:34:47.181,0.6286,0.6366,10.0,0.6322,30.0,2568.0,2.0
2021-01-05 09:34:47.701,0.6286,0.6366,10.0,0.6322,30.0,2568.0,2.0
2021-01-05 09:34:48.141,0.6286,0.6366,11.0,0.6322,30.0,2568.0,2.0
2021-01-05 09:34:49.210,0.6286,0.6366,11.0,0.6322,30.0,2568.0,2.0
2021-01-05 09:34:49.701,0.6286,0.6366,11.0,0.6322,30.0,2568.0,2.0
2021-01-05 09:34:50.220,0.6286,0.6366,11.0,0.6322,30.0,2568.0,2.0
2021-01-05 09:34:51.200,0.6286,0.6366,11.0,0.6322,30.0,2568.0,2.0
2021-01-05 09:34:51.701,0.6286,0.6366,11.0,0.6322,10.0,2568.0,2.0
2021-01-05 09:34:52.220,0.6286,0.6366,11.0,0.6322,10.0,2568.0,2.0
2021-01-05 09:34:52.650,0.6286,0.6366,11.0,0.6322,10.0,2568.0,2.0
2021-01-05 09:34:53.180,0.6286,0.6366,11.0,0.6322,10.0,2568.0,2.0
2021-01-05 09:34:53.651,0.6286,0.6366,11.0,0.6322,30.0,2568.0,2.0
2021-01-05 09:34:54.170,0.6286,0.6366,11.0,0.6322,30.0,2568.0,2.0
2021-01-05 09:34:54.631,0.6286,0.6366,11.0,0.6322,10.0,2568.0,2.0
2021-01-05 09:34:55.161,0.6286,0.6366,32.0,0.6322,30.0,2568.0,2.0
2021-01-05 09:34:55.680,0.6286,0.6366,12.0,0.6322,10.0,2568.0,2.0
2021-01-05 09:34:56.131,0.6286,0.6366,2.0,0.6338,10.0,2568.0,2.0
2021-01-05 09:34:56.681,0.6286,0.6366,2.0,0.6338,10.0,2568.0,2.0
2021-01-05 09:34:57.171,0.6286,0.6366,2.0,0.6338,10.0,2568.0,2.0
2021-01-05 09:34:58.160,0.6286,0.6366,2.0,0.6338,10.0,2568.0,2.0
2021-01-05 09:34:58.640,0.6286,0.6366,2.0,0.6338,10.0,2568.0,2.0
2021-01-05 09:34:59.170,0.6286,0.6366,2.0,0.6338,10.0,2568.0,2.0
2021-01-05 09:35:00.160,0.6286,0.6382,10.0,0.6338,10.0,2568.0,2.0
2021-01-05 09:35:00.630,0.6286,0.6381,1.0,0.6338,10.0,2568.0,2.0
2021-01-05 09:35:00.640,0.6286,0.6381,1.0,0.6338,10.0,2568.0,2.0
2021-01-05 09:35:01.620,0.6286,0.6381,1.0,0.6338,10.0,2568.0,2.0
2021-01-05 09:35:02.680,0.6286,0.6381,1.0,0.6338,10.0,2568.0,2.0
2021-01-05 09:35:03.660,0.6286,0.6381,1.0,0.6338,10.0,2568.0,2.0
2021-01-05 09:35:04.061,0.6286,0.6381,1.0,0.6324,14.0,2568.0,2.0
2021-01-05 09:35:05.180,0.6286,0.6385,1.0,0.6324,14.0,2568.0,2.0
2021-01-05 09:35:05.671,0.6286,0.6385,20.0,0.6324,14.0,2568.0,2.0
2021-01-05 09:35:06.180,0.6286,0.6384,1.0,0.6324,14.0,2568.0,2.0
2021-01-05 09:35:06.680,0.6286,0.6384,1.0,0.6324,14.0,2568.0,2.0
2021-01-05 09:35:07.131,0.6286,0.6384,20.0,0.6324,14.0,2568.0,2.0
2021-01-05 09:35:07.650,0.6286,0.6384,20.0,0.6324,14.0,2568.0,2.0
2021-01-05 09:35:08.171,0.6286,0.6383,1.0,0.6344,10.0,2568.0,2.0
2021-01-05 09:35:09.191,0.6286,0.6396,1.0,0.6344,10.0,2568.0,2.0
2021-01-05 09:35:09.700,0.6286,0.6396,2.0,0.6344,30.0,2568.0,2.0
2021-01-05 09:35:11.160,0.6286,0.6396,2.0,0.6344,30.0,2568.0,2.0
2021-01-05 09:35:11.680,0.6286,0.6396,2.0,0.637,10.0,2568.0,2.0
2021-01-05 09:35:12.101,0.6286,0.6396,2.0,0.637,10.0,2568.0,2.0
2021-01-05 09:35:12.301,0.6286,0.6396,2.0,0.637,10.0,2568.0,2.0
2021-01-05 09:35:13.181,0.6286,0.6396,2.0,0.637,10.0,2568.0,2.0
2021-01-05 09:35:13.640,0.6286,0.6396,12.0,0.6352,10.0,2568.0,2.0
2021-01-05 09:35:14.191,0.6286,0.639,10.0,0.6344,20.0,2568.0,2.0
2021-01-05 09:35:14.700,0.6286,0.6386,14.0,0.6328,10.0,2568.0,2.0
2021-01-05 09:35:15.200,0.6286,0.6386,14.0,0.6329,20.0,2568.0,2.0
2021-01-05 09:35:15.451,0.6286,0.6386,14.0,0.6329,20.0,2568.0,2.0
2021-01-05 09:35:16.201,0.6286,0.6385,1.0,0.633,3.0,2568.0,2.0
2021-01-05 09:35:16.681,0.6286,0.6385,1.0,0.6329,20.0,2568.0,2.0
2021-01-05 09:35:17.171,0.6286,0.6385,2.0,0.6329,20.0,2568.0,2.0
2021-01-05 09:35:17.680,0.6286,0.6385,2.0,0.6329,20.0,2568.0,2.0
2021-01-05 09:35:18.681,0.6286,0.6385,2.0,0.6329,20.0,2568.0,2.0
2021-01-05 09:35:20.170,0.6286,0.6385,2.0,0.6329,20.0,2568.0,2.0
2021-01-05 09:35:20.681,0.6286,0.6385,2.0,0.6329,20.0,2568.0,2.0
2021-01-05 09:35:21.180,0.6286,0.6385,2.0,0.6335,14.0,2568.0,2.0
2021-01-05 09:35:21.620,0.6286,0.6385,2.0,0.6335,14.0,2568.0,2.0
2021-01-05 09:35:22.171,0.6286,0.6385,2.0,0.6336,10.0,2568.0,2.0
2021-01-05 09:35:22.581,0.6286,0.6385,1.0,0.6348,14.0,2568.0,2.0
2021-01-05 09:35:23.130,0.6286,0.639,20.0,0.6348,34.0,2568.0,2.0
2021-01-05 09:35:23.680,0.6286,0.6385,10.0,0.6348,34.0,2568.0,2.0
2021-01-05 09:35:24.171,0.6286,0.6385,10.0,0.6348,34.0,2568.0,2.0
2021-01-05 09:35:24.671,0.6286,0.6385,10.0,0.6348,34.0,2568.0,2.0
2021-01-05 09:35:25.170,0.6286,0.6385,10.0,0.6348,34.0,2568.0,2.0
2021-01-05 09:35:25.660,0.6286,0.6385,10.0,0.6348,34.0,2568.0,2.0
2021-01-05 09:35:26.651,0.6286,0.6385,10.0,0.6348,34.0,2568.0,2.0
2021-01-05 09:35:27.130,0.6286,0.6389,1.0,0.6348,34.0,2568.0,2.0
2021-01-05 09:35:27.641,0.6286,0.6399,20.0,0.6348,34.0,2568.0,2.0
2021-01-05 09:35:28.171,0.6286,0.6398,1.0,0.6348,34.0,2568.0,2.0
2021-01-05 09:35:30.121,0.6286,0.6398,1.0,0.6348,34.0,2568.0,2.0
2021-01-05 09:35:30.690,0.6286,0.6398,1.0,0.6348,34.0,2568.0,2.0
2021-01-05 09:35:31.700,0.6286,0.6398,1.0,0.6348,34.0,2568.0,2.0
2021-01-05 09:35:32.161,0.6286,0.6398,1.0,0.6348,34.0,2568.0,2.0
2021-01-05 09:35:33.191,0.6286,0.6398,1.0,0.6348,34.0,2568.0,2.0
2021-01-05 09:35:33.650,0.6286,0.6398,1.0,0.6348,34.0,2568.0,2.0
2021-01-05 09:35:34.190,0.6286,0.6398,1.0,0.6348,34.0,2568.0,2.0
2021-01-05 09:35:34.691,0.6286,0.6398,1.0,0.6348,34.0,2568.0,2.0
2021-01-05 09:35:35.200,0.6286,0.6398,1.0,0.6348,34.0,2568.0,2.0
2021-01-05 09:35:35.631,0.6286,0.6398,1.0,0.6365,10.0,2568.0,2.0
2021-01-05 09:35:36.620,0.6286,0.6398,1.0,0.6365,30.0,2568.0,2.0
2021-01-05 09:35:37.640,0.6286,0.6398,1.0,0.6365,30.0,2568.0,2.0
2021-01-05 09:35:38.651,0.6286,0.6397,1.0,0.6365,30.0,2568.0,2.0
2021-01-05 09:35:41.190,0.6286,0.6397,1.0,0.6365,30.0,2568.0,2.0
2021-01-05 09:35:41.680,0.6286,0.6397,1.0,0.6365,10.0,2568.0,2.0
2021-01-05 09:35:42.160,0.6286,0.6397,1.0,0.6365,10.0,2568.0,2.0
2021-01-05 09:35:42.670,0.6286,0.6397,1.0,0.6365,10.0,2568.0,2.0
2021-01-05 09:35:43.190,0.6286,0.6397,1.0,0.6365,30.0,2568.0,2.0
2021-01-05 09:35:43.661,0.6286,0.6397,1.0,0.6365,10.0,2568.0,2.0
2021-01-05 09:35:44.681,0.6286,0.6397,1.0,0.6365,30.0,2568.0,2.0
2021-01-05 09:35:45.670,0.6286,0.6398,1.0,0.6365,30.0,2568.0,2.0
2021-01-05 09:35:46.170,0.6286,0.6407,20.0,0.6365,30.0,2568.0,2.0
2021-01-05 09:35:46.700,0.6286,0.6406,1.0,0.6365,30.0,2568.0,2.0
2021-01-05 09:35:47.691,0.6286,0.6406,1.0,0.6379,10.0,2568.0,2.0
2021-01-05 09:35:48.181,0.6286,0.6416,20.0,0.6379,10.0,2568.0,2.0
2021-01-05 09:35:48.181,0.6286,0.6415,1.0,0.6379,30.0,2568.0,2.0
2021-01-05 09:35:49.190,0.6286,0.6414,1.0,0.6379,30.0,2568.0,2.0
2021-01-05 09:35:50.150,0.6286,0.6414,1.0,0.6379,30.0,2568.0,2.0
2021-01-05 09:35:50.630,0.6286,0.6414,1.0,0.6379,30.0,2568.0,2.0
2021-01-05 09:35:51.710,0.6286,0.6414,1.0,0.6379,30.0,2568.0,2.0
2021-01-05 09:35:52.190,0.6286,0.6414,1.0,0.6379,30.0,2568.0,2.0
2021-01-05 09:35:53.111,0.6286,0.6414,1.0,0.6379,30.0,2568.0,2.0
2021-01-05 09:35:54.161,0.6286,0.6414,1.0,0.6379,30.0,2568.0,2.0
2021-01-05 09:35:55.181,0.6286,0.6408,10.0,0.6372,14.0,2568.0,2.0
2021-01-05 09:35:55.381,0.6286,0.6408,30.0,0.6365,20.0,2568.0,2.0
2021-01-05 09:35:56.121,0.6286,0.6408,30.0,0.6365,20.0,2568.0,2.0
2021-01-05 09:35:56.690,0.6286,0.6408,30.0,0.6365,20.0,2568.0,2.0
2021-01-05 09:35:57.160,0.6286,0.6407,1.0,0.6365,20.0,2568.0,2.0
2021-01-05 09:35:58.150,0.6286,0.6407,1.0,0.6365,20.0,2568.0,2.0
2021-01-05 09:35:59.160,0.6286,0.6407,1.0,0.6365,20.0,2568.0,2.0
2021-01-05 09:36:00.201,0.6286,0.6407,1.0,0.6372,14.0,2568.0,2.0
2021-01-05 09:36:00.680,0.6286,0.6407,1.0,0.6372,14.0,2568.0,2.0
2021-01-05 09:36:01.671,0.6286,0.6413,1.0,0.6372,14.0,2568.0,2.0
2021-01-05 09:36:02.170,0.6286,0.6412,1.0,0.6372,14.0,2568.0,2.0
2021-01-05 09:36:02.610,0.6286,0.6412,1.0,0.6372,14.0,2568.0,2.0
2021-01-05 09:36:03.200,0.6286,0.6412,1.0,0.6372,14.0,2568.0,2.0
2021-01-05 09:36:03.700,0.6286,0.6411,1.0,0.6372,14.0,2568.0,2.0
2021-01-05 09:36:04.201,0.6286,0.6411,1.0,0.6365,20.0,2568.0,2.0
2021-01-05 09:36:04.971,0.6286,0.6412,1.0,0.6365,20.0,2568.0,2.0
2021-01-05 09:36:05.690,0.6286,0.6412,1.0,0.6365,20.0,2568.0,2.0
2021-01-05 09:36:06.180,0.6286,0.6412,1.0,0.6365,20.0,2568.0,2.0
2021-01-05 09:36:06.700,0.6286,0.6412,1.0,0.6365,20.0,2568.0,2.0
2021-01-05 09:36:09.161,0.6286,0.6412,1.0,0.6365,20.0,2568.0,2.0
2021-01-05 09:36:10.160,0.6286,0.6411,1.0,0.6365,20.0,2568.0,2.0
2021-01-05 09:36:10.671,0.6286,0.6411,1.0,0.6365,20.0,2568.0,2.0
2021-01-05 09:36:11.651,0.6286,0.6411,1.0,0.6365,20.0,2568.0,2.0
2021-01-05 09:36:12.690,0.6286,0.6411,1.0,0.6365,20.0,2568.0,2.0
2021-01-05 09:36:13.190,0.6286,0.6412,1.0,0.6365,20.0,2568.0,2.0
2021-01-05 09:36:14.150,0.6286,0.6412,1.0,0.6365,20.0,2568.0,2.0
2021-01-05 09:36:14.611,0.6286,0.6412,1.0,0.6365,20.0,2568.0,2.0
2021-01-05 09:36:15.170,0.6286,0.6412,1.0,0.6365,20.0,2568.0,2.0
2021-01-05 09:36:18.680,0.6286,0.6412,1.0,0.6365,20.0,2568.0,2.0
2021-01-05 09:36:19.151,0.6286,0.6412,1.0,0.6365,20.0,2568.0,2.0
2021-01-05 09:36:21.091,0.6286,0.6404,10.0,0.6365,20.0,2568.0,2.0
2021-01-05 09:36:21.691,0.6286,0.6404,10.0,0.6365,20.0,2568.0,2.0
2021-01-05 09:36:22.171,0.6286,0.6403,3.0,0.6365,20.0,2568.0,2.0
2021-01-05 09:36:22.680,0.6286,0.6403,3.0,0.6365,20.0,2568.0,2.0
2021-01-05 09:36:23.191,0.6286,0.6403,22.0,0.6365,20.0,2568.0,2.0
2021-01-05 09:36:23.681,0.6286,0.6403,22.0,0.6365,20.0,2568.0,2.0
2021-01-05 09:36:24.171,0.6286,0.6403,22.0,0.6365,20.0,2568.0,2.0
2021-01-05 09:36:25.191,0.6286,0.6403,22.0,0.6374,10.0,2568.0,2.0
2021-01-05 09:36:25.650,0.6286,0.6403,22.0,0.6365,20.0,2568.0,2.0
2021-01-05 09:36:26.651,0.6286,0.6403,22.0,0.6365,20.0,2568.0,2.0
2021-01-05 09:36:27.690,0.6286,0.6403,2.0,0.6365,20.0,2568.0,2.0
2021-01-05 09:36:28.120,0.6286,0.6403,1.0,0.6373,14.0,2568.0,2.0
2021-01-05 09:36:28.681,0.6286,0.6416,20.0,0.6373,14.0,2568.0,2.0
2021-01-05 09:36:29.171,0.6286,0.6423,10.0,0.6373,14.0,2568.0,2.0
2021-01-05 09:36:29.590,0.6286,0.6423,30.0,0.6373,34.0,2568.0,2.0
2021-01-05 09:36:30.161,0.6286,0.6422,1.0,0.6384,10.0,2568.0,2.0
2021-01-05 09:36:30.700,0.6286,0.6423,21.0,0.6384,10.0,2568.0,2.0
2021-01-05 09:36:31.181,0.6286,0.6421,1.0,0.6384,30.0,2568.0,2.0
2021-01-05 09:36:31.690,0.6286,0.6421,1.0,0.6384,10.0,2568.0,2.0
2021-01-05 09:36:32.130,0.6286,0.6421,1.0,0.6384,10.0,2568.0,2.0
2021-01-05 09:36:33.200,0.6286,0.6421,1.0,0.6384,10.0,2568.0,2.0
2021-01-05 09:36:33.670,0.6286,0.6421,1.0,0.6384,10.0,2568.0,2.0
2021-01-05 09:36:34.091,0.6286,0.6421,1.0,0.6384,10.0,2568.0,2.0
2021-01-05 09:36:35.150,0.6286,0.6421,1.0,0.6384,10.0,2568.0,2.0
2021-01-05 09:36:35.701,0.6286,0.6421,1.0,0.6384,10.0,2568.0,2.0
2021-01-05 09:36:36.191,0.6286,0.6421,1.0,0.6384,10.0,2568.0,2.0
2021-01-05 09:36:36.700,0.6286,0.6421,1.0,0.6384,10.0,2568.0,2.0
2021-01-05 09:36:40.191,0.6286,0.6421,1.0,0.6383,20.0,2568.0,2.0
2021-01-05 09:36:40.700,0.6286,0.6421,1.0,0.6383,20.0,2568.0,2.0
2021-01-05 09:36:41.641,0.6286,0.6421,1.0,0.6383,20.0,2568.0,2.0
2021-01-05 09:36:42.200,0.6286,0.6423,20.0,0.6383,20.0,2568.0,2.0
2021-01-05 09:36:42.690,0.6286,0.6422,1.0,0.6383,20.0,2568.0,2.0
2021-01-05 09:36:43.180,0.6286,0.6422,2.0,0.6383,20.0,2568.0,2.0
2021-01-05 09:36:43.700,0.6286,0.6422,2.0,0.6383,20.0,2568.0,2.0
2021-01-05 09:36:45.191,0.6286,0.6422,2.0,0.6396,10.0,2568.0,2.0
2021-01-05 09:36:45.631,0.6286,0.6422,2.0,0.6396,10.0,2568.0,2.0
2021-01-05 09:36:46.190,0.6286,0.6422,2.0,0.6396,10.0,2568.0,2.0
2021-01-05 09:36:46.190,0.6286,0.6422,2.0,0.6396,10.0,2568.0,2.0
2021-01-05 09:36:47.130,0.6286,0.6422,2.0,0.6396,10.0,2568.0,2.0
2021-01-05 09:36:47.660,0.6286,0.6422,1.0,0.6396,10.0,2568.0,2.0
2021-01-05 09:36:48.130,0.6286,0.6436,20.0,0.6396,10.0,2568.0,2.0
2021-01-05 09:36:48.630,0.6286,0.6427,20.0,0.6396,10.0,2568.0,2.0
2021-01-05 09:36:49.170,0.6286,0.6436,20.0,0.6396,10.0,2568.0,2.0
2021-01-05 09:36:50.190,0.6286,0.6435,2.0,0.6396,10.0,2568.0,2.0
2021-01-05 09:36:51.671,0.6286,0.6435,2.0,0.6396,10.0,2568.0,2.0
2021-01-05 09:36:53.191,0.6286,0.6435,2.0,0.6396,10.0,2568.0,2.0
2021-01-05 09:36:53.680,0.6286,0.6435,2.0,0.6396,10.0,2568.0,2.0
2021-01-05 09:36:54.180,0.6286,0.6435,2.0,0.6396,10.0,2568.0,2.0
2021-01-05 09:36:54.631,0.6286,0.6435,2.0,0.6396,10.0,2568.0,2.0
2021-01-05 09:36:56.141,0.6286,0.6435,2.0,0.6396,10.0,2568.0,2.0
2021-01-05 09:36:56.691,0.6286,0.6435,2.0,0.6396,10.0,2568.0,2.0
2021-01-05 09:36:57.630,0.6286,0.6435,2.0,0.6396,10.0,2568.0,2.0
2021-01-05 09:36:59.181,0.6286,0.6435,2.0,0.6396,10.0,2568.0,2.0
2021-01-05 09:36:59.690,0.6286,0.6435,2.0,0.6396,10.0,2568.0,2.0
2021-01-05 09:37:01.081,0.6286,0.6435,2.0,0.6396,10.0,2568.0,2.0
2021-01-05 09:37:02.191,0.6286,0.6435,2.0,0.6396,10.0,2568.0,2.0
2021-01-05 09:37:02.640,0.6286,0.6435,2.0,0.6396,10.0,2568.0,2.0
2021-01-05 09:37:03.151,0.6286,0.6435,2.0,0.6396,10.0,2568.0,2.0
2021-01-05 09:37:03.630,0.6286,0.6435,2.0,0.6396,10.0,2568.0,2.0
2021-01-05 09:37:04.200,0.6286,0.6435,22.0,0.6385,14.0,2568.0,2.0
2021-01-05 09:37:04.690,0.6286,0.6434,1.0,0.6385,14.0,2568.0,2.0
2021-01-05 09:37:05.140,0.6286,0.6435,22.0,0.6385,14.0,2568.0,2.0
2021-01-05 09:37:05.701,0.6286,0.6435,22.0,0.6385,14.0,2568.0,2.0
2021-01-05 09:37:06.171,0.6286,0.6434,1.0,0.6385,14.0,2568.0,2.0
2021-01-05 09:37:06.171,0.6286,0.6434,1.0,0.6385,14.0,2568.0,2.0
2021-01-05 09:37:07.180,0.6286,0.6434,1.0,0.6385,14.0,2568.0,2.0
2021-01-05 09:37:07.681,0.6286,0.6434,1.0,0.6385,14.0,2568.0,2.0
2021-01-05 09:37:08.200,0.6286,0.6434,1.0,0.6385,14.0,2568.0,2.0
2021-01-05 09:37:08.630,0.6286,0.6435,22.0,0.6385,14.0,2568.0,2.0
2021-01-05 09:37:09.170,0.6286,0.6435,32.0,0.6391,10.0,2568.0,2.0
2021-01-05 09:37:10.140,0.6286,0.6435,32.0,0.6391,10.0,2568.0,2.0
2021-01-05 09:37:10.701,0.6286,0.6435,32.0,0.6391,10.0,2568.0,2.0
2021-01-05 09:37:11.700,0.6286,0.6434,1.0,0.6391,10.0,2568.0,2.0
2021-01-05 09:37:12.620,0.6286,0.6434,1.0,0.6391,10.0,2568.0,2.0
2021-01-05 09:37:13.181,0.6286,0.6421,10.0,0.6383,14.0,2568.0,2.0
2021-01-05 09:37:13.681,0.6286,0.6421,10.0,0.6383,14.0,2568.0,2.0
2021-01-05 09:37:14.171,0.6286,0.6421,30.0,0.6383,34.0,2568.0,2.0
2021-01-05 09:37:14.651,0.6286,0.6421,10.0,0.6383,14.0,2568.0,2.0
2021-01-05 09:37:15.200,0.6286,0.6421,10.0,0.6383,34.0,2568.0,2.0
2021-01-05 09:37:15.700,0.6286,0.6421,10.0,0.6383,14.0,2568.0,2.0
2021-01-05 09:37:16.190,0.6286,0.6421,10.0,0.6383,34.0,2568.0,2.0
2021-01-05 09:37:16.501,0.6286,0.6421,10.0,0.6383,14.0,2568.0,2.0
2021-01-05 09:37:17.200,0.6286,0.6421,10.0,0.6383,34.0,2568.0,2.0
2021-01-05 09:37:17.671,0.6286,0.6425,20.0,0.6383,14.0,2568.0,2.0
2021-01-05 09:37:18.061,0.6286,0.6425,20.0,0.6383,34.0,2568.0,2.0
2021-01-05 09:37:18.710,0.6286,0.6434,1.0,0.6383,14.0,2568.0,2.0
2021-01-05 09:37:18.891,0.6286,0.6435,20.0,0.6383,14.0,2568.0,2.0
2021-01-05 09:37:19.711,0.6286,0.6435,20.0,0.6383,14.0,2568.0,2.0
2021-01-05 09:37:20.211,0.6286,0.6435,20.0,0.6383,34.0,2568.0,2.0
2021-01-05 09:37:21.200,0.6286,0.6435,20.0,0.6383,34.0,2568.0,2.0
2021-01-05 09:37:21.701,0.6286,0.6435,20.0,0.6383,34.0,2568.0,2.0
2021-01-05 09:37:23.150,0.6286,0.6435,20.0,0.6383,34.0,2568.0,2.0
2021-01-05 09:37:23.701,0.6286,0.6435,20.0,0.6383,34.0,2568.0,2.0
2021-01-05 09:37:24.080,0.6286,0.6435,20.0,0.6383,34.0,2568.0,2.0
2021-01-05 09:37:24.631,0.6286,0.6435,20.0,0.6383,34.0,2568.0,2.0
2021-01-05 09:37:25.200,0.6286,0.6435,20.0,0.6383,34.0,2568.0,2.0
2021-01-05 09:37:25.670,0.6286,0.6435,20.0,0.6383,34.0,2568.0,2.0
2021-01-05 09:37:26.650,0.6286,0.6435,20.0,0.6383,34.0,2568.0,2.0
2021-01-05 09:37:27.130,0.6286,0.6435,20.0,0.6383,34.0,2568.0,2.0
2021-01-05 09:37:29.130,0.6286,0.6435,20.0,0.6383,34.0,2568.0,2.0
2021-01-05 09:37:30.191,0.6286,0.6435,20.0,0.6383,34.0,2568.0,2.0
2021-01-05 09:37:30.650,0.6286,0.6435,20.0,0.6383,34.0,2568.0,2.0
2021-01-05 09:37:31.190,0.6286,0.6435,20.0,0.6383,34.0,2568.0,2.0
2021-01-05 09:37:32.181,0.6286,0.6435,20.0,0.6383,34.0,2568.0,2.0
2021-01-05 09:37:32.651,0.6286,0.6435,20.0,0.6383,34.0,2568.0,2.0
2021-01-05 09:37:33.180,0.6286,0.6435,20.0,0.6395,14.0,2568.0,2.0
2021-01-05 09:37:33.681,0.6286,0.6435,20.0,0.6395,14.0,2568.0,2.0
2021-01-05 09:37:34.200,0.6286,0.6435,20.0,0.6395,14.0,2568.0,2.0
2021-01-05 09:37:35.170,0.6286,0.6435,20.0,0.6395,14.0,2568.0,2.0
2021-01-05 09:37:35.650,0.6286,0.6435,20.0,0.6395,14.0,2568.0,2.0
2021-01-05 09:37:36.671,0.6286,0.6435,20.0,0.6395,14.0,2568.0,2.0
2021-01-05 09:37:37.180,0.6286,0.6435,20.0,0.639,24.0,2568.0,2.0
2021-01-05 09:37:37.691,0.6286,0.6435,20.0,0.639,24.0,2568.0,2.0
2021-01-05 09:37:38.651,0.6286,0.6435,20.0,0.639,24.0,2568.0,2.0
2021-01-05 09:37:39.170,0.6286,0.6425,10.0,0.639,14.0,2568.0,2.0
2021-01-05 09:37:39.700,0.6286,0.6425,30.0,0.639,14.0,2568.0,2.0
2021-01-05 09:37:40.161,0.6286,0.6424,1.0,0.639,14.0,2568.0,2.0
2021-01-05 09:37:40.701,0.6286,0.6424,1.0,0.639,14.0,2568.0,2.0
2021-01-05 09:37:41.131,0.6286,0.6424,1.0,0.639,14.0,2568.0,2.0
2021-01-05 09:37:41.671,0.6286,0.6425,30.0,0.639,14.0,2568.0,2.0
2021-01-05 09:37:42.691,0.6286,0.6425,30.0,0.6381,10.0,2568.0,2.0
2021-01-05 09:37:43.671,0.6286,0.6425,30.0,0.6381,10.0,2568.0,2.0
2021-01-05 09:37:44.651,0.6286,0.6424,1.0,0.6381,10.0,2568.0,2.0
2021-01-05 09:37:45.650,0.6286,0.6424,1.0,0.6381,10.0,2568.0,2.0
2021-01-05 09:37:46.161,0.6286,0.6424,2.0,0.6381,10.0,2568.0,2.0
2021-01-05 09:37:47.210,0.6286,0.6424,2.0,0.6381,10.0,2568.0,2.0
2021-01-05 09:37:47.661,0.6286,0.6424,2.0,0.6381,10.0,2568.0,2.0
2021-01-05 09:37:48.201,0.6286,0.6424,2.0,0.6381,10.0,2568.0,2.0
2021-01-05 09:37:49.670,0.6286,0.6424,2.0,0.6381,10.0,2568.0,2.0
2021-01-05 09:37:50.220,0.6286,0.6424,2.0,0.6381,10.0,2568.0,2.0
2021-01-05 09:37:51.691,0.6286,0.6424,2.0,0.6381,10.0,2568.0,2.0
2021-01-05 09:37:52.191,0.6286,0.6424,2.0,0.6381,10.0,2568.0,2.0
2021-01-05 09:37:52.660,0.6286,0.6424,2.0,0.6381,10.0,2568.0,2.0
2021-01-05 09:37:53.680,0.6286,0.6424,2.0,0.6381,10.0,2568.0,2.0
2021-01-05 09:37:56.121,0.6286,0.6424,2.0,0.6381,10.0,2568.0,2.0
2021-01-05 09:37:57.170,0.6286,0.6424,2.0,0.6381,10.0,2568.0,2.0
2021-01-05 09:37:57.601,0.6286,0.6409,10.0,0.638,14.0,2568.0,2.0
2021-01-05 09:37:58.091,0.6286,0.6409,30.0,0.638,14.0,2568.0,2.0
2021-01-05 09:37:58.141,0.6286,0.6409,30.0,0.638,14.0,2568.0,2.0
2021-01-05 09:37:59.161,0.6286,0.6409,30.0,0.638,14.0,2568.0,2.0
2021-01-05 09:37:59.670,0.6286,0.6409,30.0,0.638,14.0,2568.0,2.0
2021-01-05 09:38:02.181,0.6286,0.6409,30.0,0.638,14.0,2568.0,2.0
2021-01-05 09:38:04.190,0.6286,0.6409,10.0,0.638,14.0,2568.0,2.0
2021-01-05 09:38:05.181,0.6286,0.6417,20.0,0.638,14.0,2568.0,2.0
2021-01-05 09:38:05.621,0.6286,0.6417,20.0,0.638,14.0,2568.0,2.0
2021-01-05 09:38:06.151,0.6286,0.6425,20.0,0.638,14.0,2568.0,2.0
2021-01-05 09:38:06.691,0.6286,0.6425,20.0,0.638,14.0,2568.0,2.0
2021-01-05 09:38:07.200,0.6286,0.6425,20.0,0.639,14.0,2568.0,2.0
2021-01-05 09:38:07.200,0.6286,0.6432,10.0,0.639,14.0,2568.0,2.0
2021-01-05 09:38:08.011,0.6286,0.6431,1.0,0.639,34.0,2568.0,2.0
2021-01-05 09:38:09.160,0.6286,0.6431,2.0,0.639,34.0,2568.0,2.0
2021-01-05 09:38:09.611,0.6286,0.6431,1.0,0.639,34.0,2568.0,2.0
2021-01-05 09:38:10.180,0.6286,0.6431,1.0,0.6395,10.0,2568.0,2.0
2021-01-05 09:38:10.670,0.6286,0.6432,20.0,0.6395,10.0,2568.0,2.0
2021-01-05 09:38:11.141,0.6286,0.6432,20.0,0.6395,10.0,2568.0,2.0
2021-01-05 09:38:12.191,0.6286,0.6438,10.0,0.639,14.0,2568.0,2.0
2021-01-05 09:38:12.691,0.6286,0.6438,30.0,0.639,14.0,2568.0,2.0
2021-01-05 09:38:13.110,0.6286,0.6438,30.0,0.639,14.0,2568.0,2.0
2021-01-05 09:38:13.690,0.6286,0.6438,30.0,0.639,14.0,2568.0,2.0
2021-01-05 09:38:14.141,0.6286,0.6438,30.0,0.639,34.0,2568.0,2.0
2021-01-05 09:38:14.691,0.6286,0.6438,30.0,0.6399,14.0,2568.0,2.0
2021-01-05 09:38:15.150,0.6286,0.6438,10.0,0.6399,14.0,2568.0,2.0
2021-01-05 09:38:15.730,0.6286,0.6446,20.0,0.6399,14.0,2568.0,2.0
2021-01-05 09:38:16.210,0.6286,0.6446,20.0,0.6399,14.0,2568.0,2.0
2021-01-05 09:38:16.731,0.6286,0.6446,20.0,0.6399,14.0,2568.0,2.0
2021-01-05 09:38:17.190,0.6286,0.6446,20.0,0.6399,14.0,2568.0,2.0
2021-01-05 09:38:18.231,0.6286,0.6446,20.0,0.6399,14.0,2568.0,2.0
2021-01-05 09:38:18.660,0.6286,0.6446,20.0,0.6399,14.0,2568.0,2.0
2021-01-05 09:38:19.230,0.6286,0.6446,20.0,0.6399,14.0,2568.0,2.0
2021-01-05 09:38:19.670,0.6286,0.6446,20.0,0.6399,14.0,2568.0,2.0
2021-01-05 09:38:21.670,0.6286,0.6454,20.0,0.6413,10.0,2568.0,2.0
2021-01-05 09:38:22.210,0.6286,0.6454,20.0,0.6413,10.0,2568.0,2.0
2021-01-05 09:38:22.661,0.6286,0.6457,10.0,0.6413,10.0,2568.0,2.0
2021-01-05 09:38:23.201,0.6286,0.6457,30.0,0.6413,30.0,2568.0,2.0
2021-01-05 09:38:23.620,0.6286,0.6457,30.0,0.6413,30.0,2568.0,2.0
2021-01-05 09:38:24.141,0.6286,0.6457,30.0,0.6413,30.0,2568.0,2.0
2021-01-05 09:38:24.690,0.6286,0.6457,30.0,0.642,14.0,2568.0,2.0
2021-01-05 09:38:25.101,0.6286,0.6457,30.0,0.642,14.0,2568.0,2.0
2021-01-05 09:38:25.700,0.6286,0.6457,30.0,0.642,14.0,2568.0,2.0
2021-01-05 09:38:26.100,0.6286,0.6457,30.0,0.642,14.0,2568.0,2.0
2021-01-05 09:38:26.701,0.6286,0.6457,30.0,0.642,14.0,2568.0,2.0
2021-01-05 09:38:28.171,0.6286,0.6457,20.0,0.642,14.0,2568.0,2.0
2021-01-05 09:38:29.191,0.6286,0.6466,30.0,0.642,14.0,2568.0,2.0
2021-01-05 09:38:29.621,0.6286,0.6465,1.0,0.642,14.0,2568.0,2.0
2021-01-05 09:38:30.670,0.6286,0.6465,1.0,0.642,14.0,2568.0,2.0
2021-01-05 09:38:31.181,0.6286,0.6465,1.0,0.642,14.0,2568.0,2.0
2021-01-05 09:38:31.700,0.6286,0.6465,1.0,0.642,14.0,2568.0,2.0
2021-01-05 09:38:32.171,0.6286,0.6466,30.0,0.642,14.0,2568.0,2.0
2021-01-05 09:38:33.191,0.6286,0.6466,30.0,0.6428,14.0,2568.0,2.0
2021-01-05 09:38:33.700,0.6286,0.6466,10.0,0.6428,34.0,2568.0,2.0
2021-01-05 09:38:34.201,0.6286,0.6466,10.0,0.6428,34.0,2568.0,2.0
2021-01-05 09:38:35.200,0.6286,0.649,34.0,0.6438,34.0,2568.0,2.0
2021-01-05 09:38:35.700,0.6286,0.649,34.0,0.6438,34.0,2568.0,2.0
2021-01-05 09:38:36.130,0.6286,0.649,34.0,0.6438,34.0,2568.0,2.0
2021-01-05 09:38:36.691,0.6286,0.649,34.0,0.6438,34.0,2568.0,2.0
2021-01-05 09:38:37.160,0.6286,0.649,34.0,0.6438,34.0,2568.0,2.0
2021-01-05 09:38:37.680,0.6286,0.649,34.0,0.6438,34.0,2568.0,2.0
2021-01-05 09:38:38.161,0.6286,0.649,34.0,0.6438,34.0,2568.0,2.0
2021-01-05 09:38:38.660,0.6286,0.649,20.0,0.645,14.0,2568.0,2.0
2021-01-05 09:38:39.161,0.6286,0.6501,30.0,0.645,34.0,2568.0,2.0
2021-01-05 09:38:40.141,0.6286,0.6501,30.0,0.6461,14.0,2568.0,2.0
2021-01-05 09:38:40.591,0.6286,0.6501,10.0,0.6461,14.0,2568.0,2.0
2021-01-05 09:38:41.190,0.6286,0.6506,20.0,0.6461,14.0,2568.0,2.0
2021-01-05 09:38:41.670,0.6286,0.6514,34.0,0.6461,14.0,2568.0,2.0
2021-01-05 09:38:42.170,0.6286,0.6514,34.0,0.6461,14.0,2568.0,2.0
2021-01-05 09:38:42.700,0.6286,0.6514,34.0,0.6461,14.0,2568.0,2.0
2021-01-05 09:38:43.190,0.6286,0.6514,34.0,0.6461,14.0,2568.0,2.0
2021-01-05 09:38:43.701,0.6286,0.6514,34.0,0.6461,14.0,2568.0,2.0
2021-01-05 09:38:44.191,0.6286,0.6514,34.0,0.6461,14.0,2568.0,2.0
2021-01-05 09:38:44.690,0.6286,0.6514,34.0,0.6461,14.0,2568.0,2.0
2021-01-05 09:38:45.201,0.6286,0.6514,34.0,0.6461,14.0,2568.0,2.0
2021-01-05 09:38:45.580,0.6286,0.6514,34.0,0.6461,14.0,2568.0,2.0
2021-01-05 09:38:46.200,0.6286,0.6514,34.0,0.6461,14.0,2568.0,2.0
2021-01-05 09:38:48.200,0.6286,0.6502,14.0,0.6458,10.0,2568.0,2.0
2021-01-05 09:38:48.650,0.6286,0.6502,34.0,0.6458,10.0,2568.0,2.0
2021-01-05 09:38:49.130,0.6286,0.6502,34.0,0.6458,10.0,2568.0,2.0
2021-01-05 09:38:49.670,0.6286,0.6501,2.0,0.645,14.0,2568.0,2.0
2021-01-05 09:38:50.110,0.6286,0.6501,2.0,0.645,14.0,2568.0,2.0
2021-01-05 09:38:51.170,0.6286,0.6501,2.0,0.645,14.0,2568.0,2.0
2021-01-05 09:38:51.691,0.6286,0.6501,2.0,0.645,14.0,2568.0,2.0
2021-01-05 09:38:52.140,0.6286,0.6501,1.0,0.6461,14.0,2568.0,2.0
2021-01-05 09:38:52.630,0.6286,0.6502,20.0,0.6461,14.0,2568.0,2.0
2021-01-05 09:38:53.191,0.6286,0.6511,20.0,0.6461,14.0,2568.0,2.0
2021-01-05 09:38:54.190,0.6286,0.651,1.0,0.6461,14.0,2568.0,2.0
2021-01-05 09:38:54.690,0.6286,0.651,1.0,0.6461,14.0,2568.0,2.0
2021-01-05 09:38:55.191,0.6286,0.651,1.0,0.6461,14.0,2568.0,2.0
2021-01-05 09:38:55.700,0.6286,0.651,1.0,0.6471,14.0,2568.0,2.0
2021-01-05 09:38:56.190,0.6286,0.651,1.0,0.6471,14.0,2568.0,2.0
2021-01-05 09:38:56.661,0.6286,0.6511,20.0,0.6471,14.0,2568.0,2.0
2021-01-05 09:38:57.200,0.6286,0.6511,20.0,0.6471,14.0,2568.0,2.0
2021-01-05 09:38:57.640,0.6286,0.6511,20.0,0.6471,14.0,2568.0,2.0
2021-01-05 09:38:58.190,0.6286,0.6511,20.0,0.6471,14.0,2568.0,2.0
2021-01-05 09:38:58.670,0.6286,0.6511,20.0,0.6471,14.0,2568.0,2.0
2021-01-05 09:38:59.060,0.6286,0.6511,34.0,0.6462,14.0,2568.0,2.0
2021-01-05 09:38:59.700,0.6286,0.651,1.0,0.6462,14.0,2568.0,2.0
2021-01-05 09:39:00.660,0.6286,0.651,1.0,0.6462,14.0,2568.0,2.0
2021-01-05 09:39:01.160,0.6286,0.651,1.0,0.6462,14.0,2568.0,2.0
2021-01-05 09:39:02.201,0.6286,0.651,1.0,0.6462,14.0,2568.0,2.0
2021-01-05 09:39:02.660,0.6286,0.651,1.0,0.6462,14.0,2568.0,2.0
2021-01-05 09:39:03.150,0.6286,0.651,1.0,0.6462,14.0,2568.0,2.0
2021-01-05 09:39:04.161,0.6286,0.651,1.0,0.6462,14.0,2568.0,2.0
2021-01-05 09:39:04.610,0.6286,0.651,1.0,0.6462,14.0,2568.0,2.0
2021-01-05 09:39:05.211,0.6286,0.651,1.0,0.6462,14.0,2568.0,2.0
2021-01-05 09:39:05.701,0.6286,0.6508,10.0,0.6464,10.0,2568.0,2.0
2021-01-05 09:39:06.191,0.6286,0.6508,10.0,0.6464,10.0,2568.0,2.0
2021-01-05 09:39:07.200,0.6286,0.6508,10.0,0.6464,10.0,2568.0,2.0
2021-01-05 09:39:07.680,0.6286,0.6508,10.0,0.6464,10.0,2568.0,2.0
2021-01-05 09:39:08.690,0.6286,0.6508,10.0,0.6464,10.0,2568.0,2.0
2021-01-05 09:39:09.161,0.6286,0.6508,10.0,0.6464,10.0,2568.0,2.0
2021-01-05 09:39:09.601,0.6286,0.6508,10.0,0.6464,10.0,2568.0,2.0
2021-01-05 09:39:10.191,0.6286,0.6508,10.0,0.6464,10.0,2568.0,2.0
2021-01-05 09:39:10.721,0.6286,0.6508,10.0,0.6464,10.0,2568.0,2.0
2021-01-05 09:39:11.201,0.6286,0.651,1.0,0.6472,14.0,2568.0,2.0
2021-01-05 09:39:11.701,0.6286,0.651,1.0,0.6472,14.0,2568.0,2.0
2021-01-05 09:39:12.690,0.6286,0.651,1.0,0.6472,14.0,2568.0,2.0
2021-01-05 09:39:13.170,0.6286,0.651,1.0,0.6472,34.0,2568.0,2.0
2021-01-05 09:39:13.720,0.6286,0.651,1.0,0.6472,34.0,2568.0,2.0
2021-01-05 09:39:14.160,0.6286,0.651,1.0,0.6472,34.0,2568.0,2.0
2021-01-05 09:39:15.720,0.6286,0.651,1.0,0.6472,34.0,2568.0,2.0
2021-01-05 09:39:16.121,0.6286,0.651,1.0,0.6472,34.0,2568.0,2.0
2021-01-05 09:39:16.711,0.6286,0.651,1.0,0.6472,34.0,2568.0,2.0
2021-01-05 09:39:17.191,0.6286,0.651,1.0,0.6472,34.0,2568.0,2.0
2021-01-05 09:39:18.221,0.6286,0.651,1.0,0.6472,34.0,2568.0,2.0
2021-01-05 09:39:19.710,0.6286,0.651,1.0,0.6472,34.0,2568.0,2.0
2021-01-05 09:39:20.221,0.6286,0.651,1.0,0.6472,34.0,2568.0,2.0
2021-01-05 09:39:20.741,0.6286,0.6511,20.0,0.6472,34.0,2568.0,2.0
2021-01-05 09:39:21.231,0.6286,0.6511,20.0,0.6472,34.0,2568.0,2.0
2021-01-05 09:39:21.671,0.6286,0.6511,20.0,0.6472,34.0,2568.0,2.0
2021-01-05 09:39:22.651,0.6286,0.6511,20.0,0.6482,10.0,2568.0,2.0
2021-01-05 09:39:23.200,0.6286,0.6511,20.0,0.6482,10.0,2568.0,2.0
2021-01-05 09:39:24.151,0.6286,0.6511,20.0,0.6482,10.0,2568.0,2.0
2021-01-05 09:39:25.700,0.6286,0.6511,20.0,0.6482,10.0,2568.0,2.0
2021-01-05 09:39:26.130,0.6286,0.6511,20.0,0.6482,10.0,2568.0,2.0
2021-01-05 09:39:26.681,0.6286,0.6511,20.0,0.6482,10.0,2568.0,2.0
2021-01-05 09:39:27.210,0.6286,0.6511,20.0,0.6482,10.0,2568.0,2.0
2021-01-05 09:39:29.231,0.6286,0.6511,20.0,0.6482,10.0,2568.0,2.0
2021-01-05 09:39:29.721,0.6286,0.6511,20.0,0.6482,10.0,2568.0,2.0
2021-01-05 09:39:30.220,0.6286,0.6511,20.0,0.6482,10.0,2568.0,2.0
2021-01-05 09:39:30.721,0.6286,0.6511,20.0,0.6482,10.0,2568.0,2.0
2021-01-05 09:39:31.121,0.6286,0.6511,20.0,0.6482,10.0,2568.0,2.0
2021-01-05 09:39:31.701,0.6286,0.651,1.0,0.6482,10.0,2568.0,2.0
2021-01-05 09:39:32.141,0.6286,0.651,1.0,0.6482,10.0,2568.0,2.0
2021-01-05 09:39:32.700,0.6286,0.651,1.0,0.6482,10.0,2568.0,2.0
2021-01-05 09:39:34.210,0.6286,0.651,1.0,0.6482,10.0,2568.0,2.0
2021-01-05 09:39:35.701,0.6286,0.651,1.0,0.6472,34.0,2568.0,2.0
2021-01-05 09:39:37.221,0.6286,0.651,1.0,0.6472,34.0,2568.0,2.0
2021-01-05 09:39:37.730,0.6286,0.651,1.0,0.6472,34.0,2568.0,2.0
2021-01-05 09:39:39.241,0.6286,0.651,1.0,0.6472,34.0,2568.0,2.0
2021-01-05 09:39:41.220,0.6286,0.6506,10.0,0.6472,34.0,2568.0,2.0
2021-01-05 09:39:41.750,0.6286,0.6506,10.0,0.6472,34.0,2568.0,2.0
2021-01-05 09:39:42.210,0.6286,0.6506,10.0,0.6472,14.0,2568.0,2.0
2021-01-05 09:39:42.740,0.6286,0.6506,10.0,0.6472,14.0,2568.0,2.0
2021-01-05 09:39:43.191,0.6286,0.6506,10.0,0.6463,14.0,2568.0,2.0
2021-01-05 09:39:43.660,0.6286,0.6506,10.0,0.6463,14.0,2568.0,2.0
2021-01-05 09:39:44.231,0.6286,0.6506,10.0,0.6463,14.0,2568.0,2.0
2021-01-05 09:39:44.680,0.6286,0.6506,10.0,0.6463,14.0,2568.0,2.0
2021-01-05 09:39:45.251,0.6286,0.6506,10.0,0.6463,14.0,2568.0,2.0
2021-01-05 09:39:46.190,0.6286,0.6506,10.0,0.6463,14.0,2568.0,2.0
2021-01-05 09:39:46.711,0.6286,0.6506,10.0,0.6463,14.0,2568.0,2.0
2021-01-05 09:39:48.221,0.6286,0.6506,10.0,0.6463,14.0,2568.0,2.0
2021-01-05 09:39:48.720,0.6286,0.6506,10.0,0.6463,14.0,2568.0,2.0
2021-01-05 09:39:49.241,0.6286,0.6506,10.0,0.6463,14.0,2568.0,2.0
2021-01-05 09:39:49.711,0.6286,0.651,1.0,0.6463,14.0,2568.0,2.0
2021-01-05 09:39:50.180,0.6286,0.6511,20.0,0.6463,14.0,2568.0,2.0
2021-01-05 09:39:50.710,0.6286,0.6513,1.0,0.6472,14.0,2568.0,2.0
2021-01-05 09:39:51.241,0.6286,0.6522,14.0,0.6472,34.0,2568.0,2.0
2021-01-05 09:39:51.730,0.6286,0.6522,14.0,0.6472,34.0,2568.0,2.0
2021-01-05 09:39:52.251,0.6286,0.6522,14.0,0.6472,34.0,2568.0,2.0
2021-01-05 09:39:52.670,0.6286,0.6522,14.0,0.6472,34.0,2568.0,2.0
2021-01-05 09:39:53.181,0.6286,0.6522,14.0,0.6472,34.0,2568.0,2.0
2021-01-05 09:39:53.630,0.6286,0.65,10.0,0.6472,34.0,2568.0,2.0
2021-01-05 09:39:54.191,0.6286,0.65,10.0,0.6472,34.0,2568.0,2.0
2021-01-05 09:39:55.181,0.6286,0.65,10.0,0.6472,34.0,2568.0,2.0
2021-01-05 09:39:55.640,0.6286,0.65,10.0,0.6472,34.0,2568.0,2.0
2021-01-05 09:39:56.120,0.6286,0.6517,20.0,0.6472,34.0,2568.0,2.0
2021-01-05 09:39:56.691,0.6286,0.652,10.0,0.6472,14.0,2568.0,2.0
2021-01-05 09:39:57.181,0.6286,0.652,10.0,0.6472,34.0,2568.0,2.0
2021-01-05 09:39:57.380,0.6286,0.652,10.0,0.6472,14.0,2568.0,2.0
2021-01-05 09:39:58.170,0.6286,0.652,10.0,0.6472,14.0,2568.0,2.0
2021-01-05 09:39:59.061,0.6286,0.652,10.0,0.6472,14.0,2568.0,2.0
2021-01-05 09:40:00.631,0.6286,0.652,10.0,0.6472,14.0,2568.0,2.0
2021-01-05 09:40:01.201,0.6286,0.652,10.0,0.6472,14.0,2568.0,2.0
2021-01-05 09:40:01.570,0.6286,0.6493,10.0,0.6471,20.0,2568.0,2.0
2021-01-05 09:40:02.200,0.6286,0.6493,10.0,0.6461,34.0,2568.0,2.0
2021-01-05 09:40:02.671,0.6286,0.6493,10.0,0.6461,34.0,2568.0,2.0
2021-01-05 09:40:03.691,0.6286,0.6493,10.0,0.6461,34.0,2568.0,2.0
2021-01-05 09:40:04.160,0.6286,0.6493,10.0,0.6461,34.0,2568.0,2.0
2021-01-05 09:40:04.700,0.6286,0.6493,10.0,0.6461,34.0,2568.0,2.0
2021-01-05 09:40:05.701,0.6286,0.6493,10.0,0.6461,34.0,2568.0,2.0
2021-01-05 09:40:06.200,0.6286,0.6493,10.0,0.6461,34.0,2568.0,2.0
2021-01-05 09:40:06.701,0.6286,0.6493,10.0,0.6461,34.0,2568.0,2.0
2021-01-05 09:40:08.200,0.6286,0.6493,10.0,0.6461,34.0,2568.0,2.0
2021-01-05 09:40:08.690,0.6286,0.6493,10.0,0.6461,20.0,2568.0,2.0
2021-01-05 09:40:09.191,0.6286,0.6493,20.0,0.6461,20.0,2568.0,2.0
2021-01-05 09:40:09.691,0.6286,0.6498,10.0,0.6451,20.0,2568.0,2.0
2021-01-05 09:40:10.150,0.6286,0.6498,10.0,0.6451,20.0,2568.0,2.0
2021-01-05 09:40:10.651,0.6286,0.6498,10.0,0.6451,20.0,2568.0,2.0
2021-01-05 09:40:11.671,0.6286,0.6498,10.0,0.6451,20.0,2568.0,2.0
2021-01-05 09:40:12.190,0.6286,0.6498,10.0,0.6451,20.0,2568.0,2.0
2021-01-05 09:40:12.680,0.6286,0.6498,10.0,0.6451,20.0,2568.0,2.0
2021-01-05 09:40:13.170,0.6286,0.6498,10.0,0.6451,20.0,2568.0,2.0
2021-01-05 09:40:13.431,0.6286,0.6498,10.0,0.6451,20.0,2568.0,2.0
2021-01-05 09:40:13.980,0.6286,0.6497,1.0,0.6451,20.0,2568.0,2.0
2021-01-05 09:40:14.701,0.6286,0.6497,1.0,0.6451,20.0,2568.0,2.0
2021-01-05 09:40:15.690,0.6286,0.6475,10.0,0.6451,20.0,2568.0,2.0
2021-01-05 09:40:16.140,0.6286,0.6475,10.0,0.6451,20.0,2568.0,2.0
2021-01-05 09:40:16.610,0.6286,0.6475,10.0,0.6451,20.0,2568.0,2.0
2021-01-05 09:40:17.191,0.6286,0.6475,10.0,0.6451,20.0,2568.0,2.0
2021-01-05 09:40:17.661,0.6286,0.6475,10.0,0.6439,34.0,2568.0,2.0
2021-01-05 09:40:18.161,0.6286,0.6475,10.0,0.6439,34.0,2568.0,2.0
2021-01-05 09:40:19.711,0.6286,0.6475,10.0,0.6439,34.0,2568.0,2.0
2021-01-05 09:40:20.191,0.6286,0.6475,10.0,0.6439,34.0,2568.0,2.0
2021-01-05 09:40:20.691,0.6286,0.6475,10.0,0.6439,34.0,2568.0,2.0
2021-01-05 09:40:21.200,0.6286,0.6493,14.0,0.6452,10.0,2568.0,2.0
2021-01-05 09:40:21.701,0.6286,0.6493,14.0,0.6452,30.0,2568.0,2.0
2021-01-05 09:40:22.210,0.6286,0.6493,34.0,0.6452,30.0,2568.0,2.0
2021-01-05 09:40:22.210,0.6286,0.6493,34.0,0.6452,30.0,2568.0,2.0
2021-01-05 09:40:23.200,0.6286,0.6495,10.0,0.6452,30.0,2568.0,2.0
2021-01-05 09:40:24.681,0.6286,0.6495,10.0,0.6452,30.0,2568.0,2.0
2021-01-05 09:40:25.121,0.6286,0.6495,10.0,0.6452,30.0,2568.0,2.0
2021-01-05 09:40:25.570,0.6286,0.6495,10.0,0.6452,30.0,2568.0,2.0
2021-01-05 09:40:26.181,0.6286,0.6495,10.0,0.6452,30.0,2568.0,2.0
2021-01-05 09:40:26.650,0.6286,0.6495,10.0,0.6452,30.0,2568.0,2.0
2021-01-05 09:40:27.140,0.6286,0.6495,10.0,0.6452,30.0,2568.0,2.0
2021-01-05 09:40:27.701,0.6286,0.6495,10.0,0.6452,30.0,2568.0,2.0
2021-01-05 09:40:28.200,0.6286,0.6495,10.0,0.6452,30.0,2568.0,2.0
2021-01-05 09:40:28.690,0.6286,0.6495,10.0,0.6452,30.0,2568.0,2.0
2021-01-05 09:40:29.170,0.6286,0.6495,10.0,0.6452,30.0,2568.0,2.0
2021-01-05 09:40:30.160,0.6286,0.6495,10.0,0.6452,30.0,2568.0,2.0
2021-01-05 09:40:33.191,0.6286,0.6495,10.0,0.6452,30.0,2568.0,2.0
2021-01-05 09:40:33.681,0.6286,0.6495,10.0,0.6452,30.0,2568.0,2.0
2021-01-05 09:40:35.201,0.6286,0.6495,10.0,0.6452,30.0,2568.0,2.0
2021-01-05 09:40:36.620,0.6286,0.6501,20.0,0.6454,10.0,2568.0,2.0
2021-01-05 09:40:37.700,0.6286,0.6501,20.0,0.6454,10.0,2568.0,2.0
2021-01-05 09:40:38.130,0.6286,0.6501,20.0,0.6454,10.0,2568.0,2.0
2021-01-05 09:40:39.681,0.6286,0.6501,20.0,0.6454,10.0,2568.0,2.0
2021-01-05 09:40:40.151,0.6286,0.6501,20.0,0.6454,10.0,2568.0,2.0
2021-01-05 09:40:41.191,0.6286,0.6501,20.0,0.6454,10.0,2568.0,2.0
2021-01-05 09:40:41.640,0.6286,0.6501,20.0,0.6454,10.0,2568.0,2.0
2021-01-05 09:40:42.180,0.6286,0.6501,21.0,0.6454,10.0,2568.0,2.0
2021-01-05 09:40:48.700,0.6286,0.6488,10.0,0.6452,20.0,2568.0,2.0
2021-01-05 09:40:49.111,0.6286,0.6488,10.0,0.6452,20.0,2568.0,2.0
2021-01-05 09:40:49.640,0.6286,0.6488,30.0,0.6452,20.0,2568.0,2.0
2021-01-05 09:40:49.960,0.6286,0.6488,20.0,0.6452,20.0,2568.0,2.0
2021-01-05 09:40:53.651,0.6286,0.6488,20.0,0.6452,20.0,2568.0,2.0
2021-01-05 09:40:54.141,0.6286,0.6488,20.0,0.6452,20.0,2568.0,2.0
2021-01-05 09:40:54.661,0.6286,0.6488,20.0,0.6452,20.0,2568.0,2.0
2021-01-05 09:40:55.111,0.6286,0.6488,20.0,0.6452,20.0,2568.0,2.0
2021-01-05 09:40:55.681,0.6286,0.6488,20.0,0.6452,20.0,2568.0,2.0
2021-01-05 09:40:56.121,0.6286,0.6488,20.0,0.6452,20.0,2568.0,2.0
2021-01-05 09:40:56.711,0.6286,0.6488,20.0,0.6452,20.0,2568.0,2.0
2021-01-05 09:40:57.180,0.6286,0.6488,20.0,0.6452,20.0,2568.0,2.0
2021-01-05 09:40:57.710,0.6286,0.6488,20.0,0.6452,20.0,2568.0,2.0
2021-01-05 09:40:58.980,0.6286,0.6488,20.0,0.6452,20.0,2568.0,2.0
2021-01-05 09:41:01.041,0.6286,0.6488,20.0,0.6452,20.0,2568.0,2.0
2021-01-05 09:41:01.650,0.6286,0.6488,20.0,0.6452,20.0,2568.0,2.0
2021-01-05 09:41:02.190,0.6286,0.6488,20.0,0.6452,20.0,2568.0,2.0
2021-01-05 09:41:02.661,0.6286,0.6488,20.0,0.6452,20.0,2568.0,2.0
2021-01-05 09:41:03.110,0.6286,0.6488,20.0,0.6452,20.0,2568.0,2.0
2021-01-05 09:41:04.180,0.6286,0.6488,20.0,0.6452,20.0,2568.0,2.0
2021-01-05 09:41:04.680,0.6286,0.6488,20.0,0.6452,20.0,2568.0,2.0
2021-01-05 09:41:05.220,0.6286,0.6488,20.0,0.6452,20.0,2568.0,2.0
2021-01-05 09:41:05.660,0.6286,0.6488,20.0,0.6452,20.0,2568.0,2.0
2021-01-05 09:41:06.221,0.6286,0.6488,20.0,0.6452,20.0,2568.0,2.0
2021-01-05 09:41:06.710,0.6286,0.6492,10.0,0.6452,20.0,2568.0,2.0
2021-01-05 09:41:07.100,0.6286,0.6492,10.0,0.6452,20.0,2568.0,2.0
2021-01-05 09:41:08.651,0.6286,0.6493,10.0,0.6452,20.0,2568.0,2.0
2021-01-05 09:41:09.661,0.6286,0.6493,10.0,0.6452,20.0,2568.0,2.0
2021-01-05 09:41:10.220,0.6286,0.6493,10.0,0.6452,20.0,2568.0,2.0
2021-01-05 09:41:10.710,0.6286,0.65,1.0,0.6461,14.0,2568.0,2.0
2021-01-05 09:41:11.210,0.6286,0.6501,20.0,0.6461,14.0,2568.0,2.0
2021-01-05 09:41:11.640,0.6286,0.6501,20.0,0.6461,34.0,2568.0,2.0
2021-01-05 09:41:12.151,0.6286,0.6509,30.0,0.6461,14.0,2568.0,2.0
2021-01-05 09:41:12.710,0.6286,0.6509,30.0,0.6461,34.0,2568.0,2.0
2021-01-05 09:41:12.710,0.6286,0.6509,30.0,0.6461,34.0,2568.0,2.0
2021-01-05 09:41:13.711,0.6286,0.6509,30.0,0.6461,34.0,2568.0,2.0
2021-01-05 09:41:14.160,0.6286,0.6509,10.0,0.6461,14.0,2568.0,2.0
2021-01-05 09:41:14.671,0.6286,0.6509,30.0,0.6461,14.0,2568.0,2.0
2021-01-05 09:41:15.180,0.6286,0.6509,30.0,0.6461,14.0,2568.0,2.0
2021-01-05 09:41:18.200,0.6286,0.6509,30.0,0.6461,14.0,2568.0,2.0
2021-01-05 09:41:18.600,0.6286,0.6509,30.0,0.6461,14.0,2568.0,2.0
2021-01-05 09:41:19.161,0.6286,0.6509,30.0,0.6461,14.0,2568.0,2.0
2021-01-05 09:41:19.601,0.6286,0.6509,30.0,0.6461,14.0,2568.0,2.0
2021-01-05 09:41:20.070,0.6286,0.6509,30.0,0.6461,14.0,2568.0,2.0
2021-01-05 09:41:20.721,0.6286,0.6509,30.0,0.6461,14.0,2568.0,2.0
2021-01-05 09:41:21.190,0.6286,0.6509,30.0,0.6461,14.0,2568.0,2.0
2021-01-05 09:41:22.700,0.6286,0.6509,30.0,0.6461,14.0,2568.0,2.0
2021-01-05 09:41:23.061,0.6286,0.6509,30.0,0.6461,14.0,2568.0,2.0
2021-01-05 09:41:24.171,0.6286,0.6509,30.0,0.6461,14.0,2568.0,2.0
2021-01-05 09:41:24.651,0.6286,0.6509,30.0,0.6461,14.0,2568.0,2.0
2021-01-05 09:41:25.120,0.6286,0.6509,30.0,0.6461,14.0,2568.0,2.0
2021-01-05 09:41:26.190,0.6286,0.6509,30.0,0.6461,14.0,2568.0,2.0
2021-01-05 09:41:26.680,0.6509,0.6509,28.0,0.6461,14.0,2570.0,4.0
2021-01-05 09:41:27.710,0.6509,0.6508,10.0,0.6464,10.0,2570.0,4.0
2021-01-05 09:41:28.171,0.6509,0.6509,20.0,0.6461,14.0,2570.0,4.0
2021-01-05 09:41:28.540,0.6509,0.6509,20.0,0.6461,14.0,2570.0,4.0
2021-01-05 09:41:29.690,0.6509,0.6509,20.0,0.6461,14.0,2570.0,4.0
2021-01-05 09:41:30.180,0.6509,0.6509,20.0,0.6461,14.0,2570.0,4.0
2021-01-05 09:41:30.711,0.6509,0.6509,20.0,0.6461,14.0,2570.0,4.0
2021-01-05 09:41:32.670,0.6509,0.6509,20.0,0.6461,14.0,2570.0,4.0
2021-01-05 09:41:33.171,0.6509,0.6509,20.0,0.6461,14.0,2570.0,4.0
2021-01-05 09:41:33.621,0.6509,0.6509,20.0,0.6461,14.0,2570.0,4.0
2021-01-05 09:41:34.120,0.6509,0.6509,20.0,0.6461,14.0,2570.0,4.0
2021-01-05 09:41:35.221,0.6509,0.6509,20.0,0.6461,14.0,2570.0,4.0
2021-01-05 09:41:35.721,0.6509,0.6509,20.0,0.6461,14.0,2570.0,4.0
2021-01-05 09:41:36.070,0.6509,0.6509,20.0,0.6471,14.0,2570.0,4.0
2021-01-05 09:41:36.720,0.6509,0.6509,20.0,0.6471,34.0,2570.0,4.0
2021-01-05 09:41:37.210,0.6509,0.6509,20.0,0.6471,34.0,2570.0,4.0
2021-01-05 09:41:37.711,0.6509,0.6516,10.0,0.6472,10.0,2570.0,4.0
2021-01-05 09:41:38.220,0.6509,0.6516,10.0,0.6472,10.0,2570.0,4.0
2021-01-05 09:41:38.710,0.6509,0.6516,10.0,0.6472,10.0,2570.0,4.0
2021-01-05 09:41:41.130,0.6509,0.6516,10.0,0.6472,10.0,2570.0,4.0
2021-01-05 09:41:41.730,0.6509,0.6516,10.0,0.6472,10.0,2570.0,4.0
2021-01-05 09:41:42.690,0.6509,0.6502,10.0,0.6471,34.0,2570.0,4.0
2021-01-05 09:41:43.080,0.6509,0.6502,30.0,0.6471,34.0,2570.0,4.0
2021-01-05 09:41:44.671,0.6509,0.6502,30.0,0.6471,34.0,2570.0,4.0
2021-01-05 09:41:45.190,0.6509,0.6502,30.0,0.6471,34.0,2570.0,4.0
2021-01-05 09:41:45.701,0.6509,0.6502,30.0,0.6471,34.0,2570.0,4.0
2021-01-05 09:41:46.241,0.6509,0.6502,30.0,0.6471,34.0,2570.0,4.0
2021-01-05 09:41:47.201,0.6509,0.6502,20.0,0.6471,34.0,2570.0,4.0
2021-01-05 09:41:48.181,0.6509,0.6518,30.0,0.6471,34.0,2570.0,4.0
2021-01-05 09:41:49.191,0.6509,0.6518,30.0,0.6471,34.0,2570.0,4.0
2021-01-05 09:41:49.750,0.6509,0.6518,30.0,0.6471,34.0,2570.0,4.0
2021-01-05 09:41:50.231,0.6509,0.6518,30.0,0.6481,14.0,2570.0,4.0
2021-01-05 09:41:50.751,0.6509,0.6518,30.0,0.6481,14.0,2570.0,4.0
2021-01-05 09:41:51.760,0.6509,0.6518,30.0,0.6481,14.0,2570.0,4.0
2021-01-05 09:41:52.261,0.6509,0.6518,30.0,0.6481,14.0,2570.0,4.0
2021-01-05 09:41:52.690,0.6509,0.6518,30.0,0.6481,14.0,2570.0,4.0
2021-01-05 09:41:53.201,0.6509,0.6518,30.0,0.6481,14.0,2570.0,4.0
2021-01-05 09:41:53.681,0.6509,0.6518,30.0,0.6481,14.0,2570.0,4.0
2021-01-05 09:41:55.160,0.6509,0.6518,10.0,0.6481,14.0,2570.0,4.0
2021-01-05 09:41:55.671,0.6509,0.6518,10.0,0.6481,14.0,2570.0,4.0
2021-01-05 09:41:56.151,0.6509,0.6524,10.0,0.6481,14.0,2570.0,4.0
2021-01-05 09:41:56.680,0.6509,0.6524,10.0,0.6481,14.0,2570.0,4.0
2021-01-05 09:41:57.110,0.6509,0.6524,10.0,0.6481,14.0,2570.0,4.0
2021-01-05 09:41:57.640,0.6509,0.6524,10.0,0.6481,34.0,2570.0,4.0
2021-01-05 09:41:58.140,0.6509,0.6524,10.0,0.6481,34.0,2570.0,4.0
2021-01-05 09:41:58.660,0.6509,0.6524,10.0,0.6481,34.0,2570.0,4.0
2021-01-05 09:41:59.131,0.6509,0.6524,10.0,0.6481,34.0,2570.0,4.0
2021-01-05 09:41:59.700,0.6509,0.6524,10.0,0.6481,34.0,2570.0,4.0
2021-01-05 09:42:00.151,0.6509,0.6524,10.0,0.6481,34.0,2570.0,4.0
2021-01-05 09:42:00.701,0.6509,0.6524,10.0,0.6481,34.0,2570.0,4.0
2021-01-05 09:42:01.651,0.6509,0.6524,10.0,0.6481,34.0,2570.0,4.0
2021-01-05 09:42:02.201,0.6509,0.6524,10.0,0.6481,34.0,2570.0,4.0
2021-01-05 09:42:02.710,0.6509,0.6524,10.0,0.6481,34.0,2570.0,4.0
2021-01-05 09:42:04.641,0.6509,0.6524,10.0,0.6481,34.0,2570.0,4.0
2021-01-05 09:42:05.211,0.6509,0.6499,1.0,0.6481,34.0,2570.0,4.0
2021-01-05 09:42:05.661,0.6499,0.6524,10.0,0.6481,34.0,2569.0,5.0
2021-01-05 09:42:06.181,0.6499,0.6524,10.0,0.6481,34.0,2569.0,5.0
2021-01-05 09:42:09.230,0.6499,0.6524,10.0,0.6481,34.0,2569.0,5.0
2021-01-05 09:42:10.220,0.6499,0.6524,10.0,0.649,14.0,2569.0,5.0
2021-01-05 09:42:10.681,0.6499,0.6524,10.0,0.649,34.0,2569.0,5.0
2021-01-05 09:42:11.211,0.6499,0.6524,10.0,0.649,34.0,2569.0,5.0
2021-01-05 09:42:11.651,0.6499,0.6524,10.0,0.649,34.0,2569.0,5.0
2021-01-05 09:42:12.210,0.6499,0.653,20.0,0.6494,10.0,2569.0,5.0
2021-01-05 09:42:12.721,0.6499,0.6538,30.0,0.6494,10.0,2569.0,5.0
2021-01-05 09:42:13.211,0.6499,0.6538,30.0,0.6494,10.0,2569.0,5.0
2021-01-05 09:42:13.731,0.6499,0.6538,20.0,0.649,34.0,2569.0,5.0
2021-01-05 09:42:14.671,0.6499,0.6538,20.0,0.649,34.0,2569.0,5.0
2021-01-05 09:42:15.170,0.6499,0.6538,20.0,0.649,34.0,2569.0,5.0
2021-01-05 09:42:16.701,0.6499,0.6538,20.0,0.649,34.0,2569.0,5.0
2021-01-05 09:42:17.241,0.6499,0.6538,20.0,0.649,34.0,2569.0,5.0
2021-01-05 09:42:18.701,0.6499,0.6538,20.0,0.649,34.0,2569.0,5.0
2021-01-05 09:42:19.210,0.6499,0.6524,10.0,0.649,34.0,2569.0,5.0
2021-01-05 09:42:20.150,0.6499,0.6524,10.0,0.649,34.0,2569.0,5.0
2021-01-05 09:42:21.621,0.6499,0.6524,10.0,0.649,34.0,2569.0,5.0
2021-01-05 09:42:22.221,0.6499,0.6524,10.0,0.649,34.0,2569.0,5.0
2021-01-05 09:42:22.570,0.6499,0.6524,10.0,0.649,34.0,2569.0,5.0
2021-01-05 09:42:24.151,0.6499,0.6524,10.0,0.649,34.0,2569.0,5.0
2021-01-05 09:42:24.670,0.6499,0.6526,20.0,0.649,34.0,2569.0,5.0
2021-01-05 09:42:25.200,0.6499,0.6538,20.0,0.649,34.0,2569.0,5.0
2021-01-05 09:42:26.130,0.6499,0.6538,20.0,0.649,34.0,2569.0,5.0
2021-01-05 09:42:30.710,0.6499,0.6538,20.0,0.649,34.0,2569.0,5.0
2021-01-05 09:42:31.200,0.6499,0.6538,20.0,0.649,34.0,2569.0,5.0
2021-01-05 09:42:31.720,0.6499,0.6538,20.0,0.65,14.0,2569.0,5.0
2021-01-05 09:42:32.131,0.6499,0.6538,20.0,0.65,34.0,2569.0,5.0
2021-01-05 09:42:34.210,0.6499,0.6538,20.0,0.65,34.0,2569.0,5.0
2021-01-05 09:42:36.650,0.6499,0.6538,20.0,0.65,34.0,2569.0,5.0
2021-01-05 09:42:37.251,0.6499,0.6538,20.0,0.65,34.0,2569.0,5.0
2021-01-05 09:42:40.221,0.6499,0.6538,20.0,0.65,34.0,2569.0,5.0
2021-01-05 09:42:41.731,0.6499,0.6538,20.0,0.65,34.0,2569.0,5.0
2021-01-05 09:42:42.250,0.6499,0.6538,20.0,0.65,34.0,2569.0,5.0
2021-01-05 09:42:42.711,0.6499,0.6538,20.0,0.65,34.0,2569.0,5.0
2021-01-05 09:42:43.251,0.6499,0.6538,20.0,0.65,34.0,2569.0,5.0
2021-01-05 09:42:43.741,0.6499,0.6538,20.0,0.65,34.0,2569.0,5.0
2021-01-05 09:42:44.211,0.6499,0.6538,20.0,0.65,34.0,2569.0,5.0
2021-01-05 09:42:44.751,0.6499,0.6538,20.0,0.65,34.0,2569.0,5.0
2021-01-05 09:42:45.191,0.6499,0.6538,20.0,0.65,34.0,2569.0,5.0
2021-01-05 09:42:46.240,0.6499,0.655,44.0,0.65,34.0,2569.0,5.0
2021-01-05 09:42:46.741,0.6499,0.655,44.0,0.65,34.0,2569.0,5.0
2021-01-05 09:42:47.690,0.6499,0.655,44.0,0.6501,2.0,2569.0,5.0
2021-01-05 09:42:48.171,0.6499,0.655,44.0,0.6501,2.0,2569.0,5.0
2021-01-05 09:42:48.720,0.6499,0.655,44.0,0.6501,2.0,2569.0,5.0
2021-01-05 09:42:49.750,0.6499,0.655,44.0,0.6501,2.0,2569.0,5.0
2021-01-05 09:42:50.720,0.6499,0.655,44.0,0.6501,2.0,2569.0,5.0
2021-01-05 09:42:51.060,0.6499,0.655,44.0,0.6501,2.0,2569.0,5.0
2021-01-05 09:42:53.640,0.6499,0.655,44.0,0.6501,2.0,2569.0,5.0
2021-01-05 09:42:55.190,0.6499,0.655,44.0,0.6501,2.0,2569.0,5.0
2021-01-05 09:42:56.191,0.6499,0.6549,10.0,0.6505,10.0,2569.0,5.0
2021-01-05 09:42:56.650,0.6499,0.6549,10.0,0.6505,10.0,2569.0,5.0
2021-01-05 09:42:57.171,0.6499,0.6549,10.0,0.6509,14.0,2569.0,5.0
2021-01-05 09:42:57.591,0.6499,0.6549,10.0,0.6509,34.0,2569.0,5.0
2021-01-05 09:42:58.220,0.6499,0.6549,10.0,0.6509,34.0,2569.0,5.0
2021-01-05 09:42:58.731,0.6499,0.6549,10.0,0.6509,34.0,2569.0,5.0
2021-01-05 09:42:59.230,0.6499,0.6549,10.0,0.6509,34.0,2569.0,5.0
2021-01-05 09:42:59.730,0.6499,0.6549,10.0,0.6509,34.0,2569.0,5.0
2021-01-05 09:43:00.200,0.6499,0.6549,10.0,0.6509,34.0,2569.0,5.0
2021-01-05 09:43:00.721,0.6499,0.6549,10.0,0.6509,34.0,2569.0,5.0
2021-01-05 09:43:01.211,0.6499,0.6549,10.0,0.6509,34.0,2569.0,5.0
2021-01-05 09:43:01.701,0.6499,0.6549,10.0,0.6509,34.0,2569.0,5.0
2021-01-05 09:43:02.150,0.6499,0.6549,10.0,0.6509,34.0,2569.0,5.0
2021-01-05 09:43:02.681,0.6499,0.6549,10.0,0.6509,34.0,2569.0,5.0
2021-01-05 09:43:04.740,0.6499,0.6549,10.0,0.6509,34.0,2569.0,5.0
2021-01-05 09:43:05.251,0.6499,0.6549,10.0,0.6509,34.0,2569.0,5.0
2021-01-05 09:43:05.731,0.6499,0.6549,10.0,0.6509,14.0,2569.0,5.0
2021-01-05 09:43:06.171,0.6499,0.6549,10.0,0.6509,14.0,2569.0,5.0
2021-01-05 09:43:06.730,0.6499,0.6549,10.0,0.6509,14.0,2569.0,5.0
2021-01-05 09:43:07.231,0.6499,0.6549,10.0,0.6509,14.0,2569.0,5.0
2021-01-05 09:43:09.740,0.6499,0.6549,10.0,0.6509,14.0,2569.0,5.0
2021-01-05 09:43:10.150,0.6499,0.6549,10.0,0.6509,14.0,2569.0,5.0
2021-01-05 09:43:10.761,0.6499,0.6549,10.0,0.6509,14.0,2569.0,5.0
2021-01-05 09:43:11.250,0.6499,0.6549,10.0,0.651,2.0,2569.0,5.0
2021-01-05 09:43:11.750,0.6499,0.6549,10.0,0.651,2.0,2569.0,5.0
2021-01-05 09:43:13.210,0.6499,0.6549,10.0,0.651,2.0,2569.0,5.0
2021-01-05 09:43:13.740,0.6499,0.6549,10.0,0.651,2.0,2569.0,5.0
2021-01-05 09:43:14.270,0.6499,0.6549,10.0,0.651,2.0,2569.0,5.0
2021-01-05 09:43:15.241,0.6499,0.6549,24.0,0.651,2.0,2569.0,5.0
2021-01-05 09:43:15.771,0.6499,0.6549,24.0,0.651,2.0,2569.0,5.0
2021-01-05 09:43:16.720,0.6499,0.6549,24.0,0.651,2.0,2569.0,5.0
2021-01-05 09:43:17.271,0.6499,0.6549,24.0,0.651,2.0,2569.0,5.0
2021-01-05 09:43:17.771,0.6499,0.6549,24.0,0.651,2.0,2569.0,5.0
2021-01-05 09:43:18.270,0.6499,0.6549,24.0,0.651,2.0,2569.0,5.0
2021-01-05 09:43:20.731,0.6499,0.6549,24.0,0.651,2.0,2569.0,5.0
2021-01-05 09:43:21.271,0.6499,0.6549,24.0,0.651,2.0,2569.0,5.0
2021-01-05 09:43:22.281,0.6499,0.6549,24.0,0.651,2.0,2569.0,5.0
2021-01-05 09:43:22.671,0.6499,0.6549,24.0,0.651,2.0,2569.0,5.0
2021-01-05 09:43:23.201,0.6499,0.6549,24.0,0.651,2.0,2569.0,5.0
2021-01-05 09:43:23.651,0.6499,0.6549,24.0,0.651,2.0,2569.0,5.0
2021-01-05 09:43:24.120,0.6499,0.6549,24.0,0.651,2.0,2569.0,5.0
2021-01-05 09:43:25.201,0.6499,0.6549,24.0,0.651,22.0,2569.0,5.0
2021-01-05 09:43:25.701,0.6499,0.6549,24.0,0.651,22.0,2569.0,5.0
2021-01-05 09:43:26.181,0.6499,0.6549,10.0,0.651,22.0,2569.0,5.0
2021-01-05 09:43:26.621,0.6499,0.6549,10.0,0.651,22.0,2569.0,5.0
2021-01-05 09:43:27.190,0.6499,0.6549,10.0,0.651,22.0,2569.0,5.0
2021-01-05 09:43:27.620,0.6499,0.6549,10.0,0.651,22.0,2569.0,5.0
2021-01-05 09:43:29.660,0.6499,0.6549,10.0,0.651,22.0,2569.0,5.0
2021-01-05 09:43:31.111,0.6499,0.6549,10.0,0.651,22.0,2569.0,5.0
2021-01-05 09:43:31.720,0.6499,0.6549,10.0,0.651,22.0,2569.0,5.0
2021-01-05 09:43:32.701,0.6499,0.6549,10.0,0.651,22.0,2569.0,5.0
2021-01-05 09:43:33.141,0.6499,0.6549,10.0,0.651,22.0,2569.0,5.0
2021-01-05 09:43:34.221,0.6499,0.6549,10.0,0.651,22.0,2569.0,5.0
2021-01-05 09:43:34.691,0.6499,0.6549,10.0,0.651,22.0,2569.0,5.0
2021-01-05 09:43:35.160,0.6499,0.6549,10.0,0.651,22.0,2569.0,5.0
2021-01-05 09:43:35.681,0.6499,0.655,20.0,0.651,22.0,2569.0,5.0
2021-01-05 09:43:36.661,0.6499,0.655,20.0,0.651,22.0,2569.0,5.0
2021-01-05 09:43:38.221,0.6499,0.655,20.0,0.651,22.0,2569.0,5.0
2021-01-05 09:43:39.241,0.6499,0.655,20.0,0.651,22.0,2569.0,5.0
2021-01-05 09:43:40.731,0.6499,0.655,20.0,0.651,22.0,2569.0,5.0
2021-01-05 09:43:41.730,0.6499,0.655,20.0,0.651,22.0,2569.0,5.0
2021-01-05 09:43:43.231,0.6499,0.6548,2.0,0.651,2.0,2569.0,5.0
2021-01-05 09:43:43.711,0.6499,0.6548,2.0,0.651,2.0,2569.0,5.0
2021-01-05 09:43:44.670,0.6499,0.6548,2.0,0.651,2.0,2569.0,5.0
2021-01-05 09:43:45.720,0.6499,0.6548,2.0,0.651,2.0,2569.0,5.0
2021-01-05 09:43:46.151,0.6499,0.6548,2.0,0.651,2.0,2569.0,5.0
2021-01-05 09:43:46.750,0.6499,0.6548,2.0,0.651,2.0,2569.0,5.0
2021-01-05 09:43:47.250,0.6499,0.6548,2.0,0.651,2.0,2569.0,5.0
2021-01-05 09:43:47.661,0.6499,0.6548,2.0,0.651,22.0,2569.0,5.0
2021-01-05 09:43:48.220,0.6499,0.6548,2.0,0.651,2.0,2569.0,5.0
2021-01-05 09:43:48.721,0.6499,0.6548,2.0,0.651,2.0,2569.0,5.0
2021-01-05 09:43:50.170,0.6499,0.6548,2.0,0.651,2.0,2569.0,5.0
2021-01-05 09:43:50.721,0.6499,0.6548,2.0,0.651,2.0,2569.0,5.0
2021-01-05 09:43:51.660,0.6499,0.6548,12.0,0.651,2.0,2569.0,5.0
2021-01-05 09:43:52.200,0.6499,0.6548,12.0,0.651,2.0,2569.0,5.0
2021-01-05 09:43:52.681,0.6499,0.6548,12.0,0.651,2.0,2569.0,5.0
2021-01-05 09:43:53.201,0.6499,0.6548,12.0,0.651,2.0,2569.0,5.0
2021-01-05 09:43:53.610,0.6499,0.6548,12.0,0.651,2.0,2569.0,5.0
2021-01-05 09:43:54.191,0.6499,0.6548,12.0,0.651,2.0,2569.0,5.0
2021-01-05 09:43:54.680,0.6499,0.6539,14.0,0.651,2.0,2569.0,5.0
2021-01-05 09:43:54.980,0.6499,0.6539,34.0,0.651,2.0,2569.0,5.0
2021-01-05 09:43:57.650,0.6499,0.6539,34.0,0.651,2.0,2569.0,5.0
2021-01-05 09:43:58.190,0.6499,0.6539,34.0,0.651,2.0,2569.0,5.0
2021-01-05 09:43:58.711,0.6499,0.6539,34.0,0.651,2.0,2569.0,5.0
2021-01-05 09:43:59.170,0.6499,0.6539,34.0,0.651,2.0,2569.0,5.0
2021-01-05 09:44:00.131,0.6499,0.6539,34.0,0.651,2.0,2569.0,5.0
2021-01-05 09:44:00.701,0.6499,0.6539,34.0,0.651,2.0,2569.0,5.0
2021-01-05 09:44:02.711,0.6499,0.6522,10.0,0.651,2.0,2569.0,5.0
2021-01-05 09:44:03.241,0.651,0.6522,30.0,0.6489,14.0,2571.0,7.0
2021-01-05 09:44:03.241,0.651,0.6522,30.0,0.6489,14.0,2571.0,7.0
2021-01-05 09:44:04.230,0.651,0.6522,30.0,0.6484,20.0,2571.0,7.0
2021-01-05 09:44:04.751,0.651,0.6522,30.0,0.6479,14.0,2571.0,7.0
2021-01-05 09:44:05.260,0.651,0.6522,30.0,0.6479,14.0,2571.0,7.0
2021-01-05 09:44:05.681,0.651,0.6522,30.0,0.6479,14.0,2571.0,7.0
2021-01-05 09:44:06.261,0.651,0.6522,30.0,0.6479,14.0,2571.0,7.0
2021-01-05 09:44:06.770,0.651,0.6522,30.0,0.6479,14.0,2571.0,7.0
2021-01-05 09:44:07.281,0.651,0.6507,10.0,0.6479,14.0,2571.0,7.0
2021-01-05 09:44:07.750,0.651,0.6507,30.0,0.6479,14.0,2571.0,7.0
2021-01-05 09:44:08.230,0.651,0.6507,30.0,0.6479,14.0,2571.0,7.0
2021-01-05 09:44:08.760,0.651,0.6507,30.0,0.6479,14.0,2571.0,7.0
2021-01-05 09:44:09.150,0.651,0.6507,30.0,0.6479,14.0,2571.0,7.0
2021-01-05 09:44:09.780,0.651,0.6507,30.0,0.6475,20.0,2571.0,7.0
2021-01-05 09:44:10.270,0.651,0.6507,30.0,0.6469,14.0,2571.0,7.0
2021-01-05 09:44:10.781,0.651,0.6507,30.0,0.6469,14.0,2571.0,7.0
2021-01-05 09:44:11.000,0.651,0.6507,30.0,0.6469,14.0,2571.0,7.0
2021-01-05 09:44:12.270,0.651,0.6507,30.0,0.6469,14.0,2571.0,7.0
2021-01-05 09:44:12.781,0.651,0.6507,30.0,0.6469,14.0,2571.0,7.0
2021-01-05 09:44:13.230,0.651,0.6507,30.0,0.6469,14.0,2571.0,7.0
2021-01-05 09:44:14.781,0.651,0.6507,30.0,0.6469,14.0,2571.0,7.0
2021-01-05 09:44:15.280,0.651,0.6507,30.0,0.6469,14.0,2571.0,7.0
2021-01-05 09:44:15.780,0.651,0.6507,30.0,0.6469,14.0,2571.0,7.0
2021-01-05 09:44:17.280,0.651,0.6507,30.0,0.6469,14.0,2571.0,7.0
2021-01-05 09:44:17.770,0.651,0.6507,30.0,0.6469,14.0,2571.0,7.0
2021-01-05 09:44:18.231,0.651,0.6507,30.0,0.6469,14.0,2571.0,7.0
2021-01-05 09:44:19.261,0.651,0.6507,30.0,0.6469,14.0,2571.0,7.0
2021-01-05 09:44:19.801,0.651,0.6507,30.0,0.6469,14.0,2571.0,7.0
2021-01-05 09:44:20.240,0.651,0.6507,30.0,0.6469,14.0,2571.0,7.0
2021-01-05 09:44:20.780,0.651,0.6507,30.0,0.6469,14.0,2571.0,7.0
2021-01-05 09:44:22.131,0.651,0.6507,30.0,0.6469,14.0,2571.0,7.0
2021-01-05 09:44:23.130,0.651,0.6507,30.0,0.6469,14.0,2571.0,7.0
2021-01-05 09:44:26.201,0.651,0.6507,30.0,0.6469,14.0,2571.0,7.0
2021-01-05 09:44:26.701,0.651,0.6507,30.0,0.6469,14.0,2571.0,7.0
2021-01-05 09:44:27.201,0.651,0.6507,30.0,0.6469,14.0,2571.0,7.0
2021-01-05 09:44:28.680,0.651,0.6507,30.0,0.6469,14.0,2571.0,7.0
2021-01-05 09:44:29.200,0.651,0.6507,30.0,0.6469,14.0,2571.0,7.0
2021-01-05 09:44:29.640,0.651,0.6507,30.0,0.6469,14.0,2571.0,7.0
2021-01-05 09:44:30.720,0.651,0.6507,30.0,0.6469,14.0,2571.0,7.0
2021-01-05 09:44:32.220,0.651,0.6507,30.0,0.6469,14.0,2571.0,7.0
2021-01-05 09:44:32.691,0.651,0.6507,30.0,0.647,1.0,2571.0,7.0
2021-01-05 09:44:33.730,0.651,0.6507,30.0,0.647,1.0,2571.0,7.0
2021-01-05 09:44:34.520,0.651,0.6507,30.0,0.647,1.0,2571.0,7.0
2021-01-05 09:44:35.740,0.651,0.6507,30.0,0.647,1.0,2571.0,7.0
2021-01-05 09:44:36.220,0.651,0.6507,30.0,0.647,1.0,2571.0,7.0
2021-01-05 09:44:37.751,0.651,0.6507,30.0,0.647,1.0,2571.0,7.0
2021-01-05 09:44:38.201,0.651,0.6507,30.0,0.647,1.0,2571.0,7.0
2021-01-05 09:44:39.661,0.651,0.6507,30.0,0.647,1.0,2571.0,7.0
2021-01-05 09:44:41.251,0.651,0.6507,30.0,0.647,1.0,2571.0,7.0
2021-01-05 09:44:41.730,0.651,0.6507,30.0,0.647,1.0,2571.0,7.0
2021-01-05 09:44:44.260,0.651,0.6507,30.0,0.647,1.0,2571.0,7.0
2021-01-05 09:44:44.761,0.651,0.6507,30.0,0.647,1.0,2571.0,7.0
2021-01-05 09:44:45.261,0.651,0.6507,30.0,0.647,1.0,2571.0,7.0
2021-01-05 09:44:45.760,0.651,0.6501,10.0,0.647,1.0,2571.0,7.0
2021-01-05 09:44:46.271,0.651,0.6501,10.0,0.647,1.0,2571.0,7.0
2021-01-05 09:44:54.970,0.651,0.6501,10.0,0.647,1.0,2571.0,7.0
2021-01-05 09:44:55.700,0.651,0.6501,10.0,0.647,1.0,2571.0,7.0
2021-01-05 09:44:56.220,0.651,0.6501,10.0,0.647,1.0,2571.0,7.0
2021-01-05 09:44:56.720,0.651,0.6501,10.0,0.647,1.0,2571.0,7.0
2021-01-05 09:44:58.120,0.651,0.6501,10.0,0.647,1.0,2571.0,7.0
2021-01-05 09:44:58.720,0.651,0.6501,10.0,0.647,1.0,2571.0,7.0
2021-01-05 09:44:59.190,0.651,0.6501,10.0,0.647,1.0,2571.0,7.0
2021-01-05 09:44:59.711,0.651,0.6498,14.0,0.647,1.0,2571.0,7.0
2021-01-05 09:45:00.061,0.651,0.6498,34.0,0.647,1.0,2571.0,7.0
2021-01-05 09:45:00.401,0.651,0.6498,34.0,0.647,1.0,2571.0,7.0
2021-01-05 09:45:01.221,0.651,0.6498,34.0,0.647,1.0,2571.0,7.0
2021-01-05 09:45:01.680,0.647,0.6482,10.0,0.6448,14.0,2572.0,8.0
2021-01-05 09:45:02.061,0.647,0.6482,10.0,0.6448,14.0,2572.0,8.0
2021-01-05 09:45:02.710,0.647,0.6482,30.0,0.6448,14.0,2572.0,8.0
2021-01-05 09:45:03.680,0.647,0.6482,30.0,0.6448,14.0,2572.0,8.0
2021-01-05 09:45:04.191,0.647,0.6482,30.0,0.6448,14.0,2572.0,8.0
2021-01-05 09:45:05.221,0.647,0.6482,30.0,0.6437,14.0,2572.0,8.0
2021-01-05 09:45:05.720,0.647,0.6465,10.0,0.6437,14.0,2572.0,8.0
2021-01-05 09:45:06.721,0.647,0.6465,30.0,0.6437,14.0,2572.0,8.0
2021-01-05 09:45:07.130,0.647,0.6465,30.0,0.6437,14.0,2572.0,8.0
2021-01-05 09:45:07.720,0.647,0.6465,30.0,0.6437,14.0,2572.0,8.0
2021-01-05 09:45:08.181,0.647,0.6465,20.0,0.6437,14.0,2572.0,8.0
2021-01-05 09:45:09.190,0.647,0.6482,20.0,0.6437,14.0,2572.0,8.0
2021-01-05 09:45:09.720,0.647,0.6474,20.0,0.6437,14.0,2572.0,8.0
2021-01-05 09:45:10.200,0.647,0.6482,20.0,0.6437,14.0,2572.0,8.0
2021-01-05 09:45:10.700,0.647,0.6482,20.0,0.6437,14.0,2572.0,8.0
2021-01-05 09:45:11.091,0.647,0.6482,20.0,0.6437,14.0,2572.0,8.0
2021-01-05 09:45:11.720,0.647,0.6477,14.0,0.6427,14.0,2572.0,8.0
2021-01-05 09:45:12.150,0.647,0.6477,14.0,0.6427,14.0,2572.0,8.0
2021-01-05 09:45:13.220,0.647,0.6477,14.0,0.6427,14.0,2572.0,8.0
2021-01-05 09:45:13.681,0.647,0.6477,14.0,0.6427,14.0,2572.0,8.0
2021-01-05 09:45:14.181,0.647,0.6461,10.0,0.6427,14.0,2572.0,8.0
2021-01-05 09:45:15.230,0.647,0.6461,10.0,0.6427,14.0,2572.0,8.0
2021-01-05 09:45:15.721,0.647,0.6461,10.0,0.6418,20.0,2572.0,8.0
2021-01-05 09:45:16.230,0.647,0.6461,10.0,0.6417,10.0,2572.0,8.0
2021-01-05 09:45:16.630,0.647,0.6452,10.0,0.6414,14.0,2572.0,8.0
2021-01-05 09:45:17.170,0.647,0.6452,10.0,0.6414,14.0,2572.0,8.0
2021-01-05 09:45:17.731,0.647,0.6452,10.0,0.6414,14.0,2572.0,8.0
2021-01-05 09:45:18.691,0.647,0.6452,10.0,0.6414,14.0,2572.0,8.0
2021-01-05 09:45:19.191,0.647,0.6452,10.0,0.6414,14.0,2572.0,8.0
2021-01-05 09:45:19.731,0.647,0.6452,10.0,0.6414,14.0,2572.0,8.0
2021-01-05 09:45:21.191,0.647,0.6452,10.0,0.6414,14.0,2572.0,8.0
2021-01-05 09:45:21.731,0.647,0.6452,10.0,0.6414,14.0,2572.0,8.0
2021-01-05 09:45:22.240,0.647,0.6452,10.0,0.6414,14.0,2572.0,8.0
2021-01-05 09:45:22.710,0.647,0.6452,10.0,0.6414,14.0,2572.0,8.0
2021-01-05 09:45:23.160,0.647,0.6452,10.0,0.6414,14.0,2572.0,8.0
2021-01-05 09:45:23.671,0.647,0.6452,10.0,0.6414,14.0,2572.0,8.0
2021-01-05 09:45:24.701,0.647,0.6452,10.0,0.6414,14.0,2572.0,8.0
2021-01-05 09:45:25.690,0.647,0.6452,10.0,0.6414,14.0,2572.0,8.0
2021-01-05 09:45:26.220,0.647,0.6455,20.0,0.6414,14.0,2572.0,8.0
2021-01-05 09:45:26.681,0.647,0.6467,34.0,0.6414,14.0,2572.0,8.0
2021-01-05 09:45:27.211,0.647,0.6467,34.0,0.6414,14.0,2572.0,8.0
2021-01-05 09:45:27.671,0.647,0.6467,34.0,0.6414,14.0,2572.0,8.0
2021-01-05 09:45:28.220,0.647,0.6467,34.0,0.6414,14.0,2572.0,8.0
2021-01-05 09:45:29.140,0.647,0.6467,34.0,0.6414,14.0,2572.0,8.0
2021-01-05 09:45:29.701,0.647,0.6467,34.0,0.6414,14.0,2572.0,8.0
2021-01-05 09:45:30.710,0.647,0.6467,34.0,0.6414,14.0,2572.0,8.0
2021-01-05 09:45:31.701,0.647,0.6467,34.0,0.6414,14.0,2572.0,8.0
2021-01-05 09:45:32.160,0.647,0.6467,34.0,0.6414,14.0,2572.0,8.0
2021-01-05 09:45:33.180,0.647,0.6467,34.0,0.6414,14.0,2572.0,8.0
2021-01-05 09:45:34.220,0.647,0.6467,34.0,0.6414,14.0,2572.0,8.0
2021-01-05 09:45:35.190,0.647,0.6467,34.0,0.6414,14.0,2572.0,8.0
2021-01-05 09:45:35.731,0.647,0.6467,34.0,0.6414,14.0,2572.0,8.0
2021-01-05 09:45:36.240,0.647,0.6467,34.0,0.6414,14.0,2572.0,8.0
2021-01-05 09:45:37.230,0.647,0.6467,34.0,0.6428,10.0,2572.0,8.0
2021-01-05 09:45:38.721,0.647,0.6467,34.0,0.6428,30.0,2572.0,8.0
2021-01-05 09:45:39.210,0.647,0.6467,34.0,0.6428,30.0,2572.0,8.0
2021-01-05 09:45:39.710,0.647,0.6467,34.0,0.6428,30.0,2572.0,8.0
2021-01-05 09:45:40.240,0.647,0.6467,34.0,0.6428,30.0,2572.0,8.0
2021-01-05 09:45:42.711,0.647,0.6467,34.0,0.6428,30.0,2572.0,8.0
2021-01-05 09:45:43.220,0.647,0.6467,34.0,0.6428,30.0,2572.0,8.0
2021-01-05 09:45:43.731,0.647,0.6467,34.0,0.6428,20.0,2572.0,8.0
2021-01-05 09:45:44.201,0.647,0.6467,34.0,0.6428,20.0,2572.0,8.0
2021-01-05 09:45:44.691,0.647,0.6467,34.0,0.6415,1.0,2572.0,8.0
2021-01-05 09:45:45.220,0.647,0.6467,34.0,0.6415,1.0,2572.0,8.0
2021-01-05 09:45:45.681,0.647,0.6467,34.0,0.6415,1.0,2572.0,8.0
2021-01-05 09:45:46.240,0.647,0.6467,34.0,0.6415,1.0,2572.0,8.0
2021-01-05 09:45:46.751,0.647,0.6467,34.0,0.6415,1.0,2572.0,8.0
2021-01-05 09:45:47.241,0.647,0.6467,34.0,0.6415,1.0,2572.0,8.0
2021-01-05 09:45:48.201,0.647,0.6467,34.0,0.6415,1.0,2572.0,8.0
2021-01-05 09:45:48.741,0.647,0.6467,34.0,0.6415,1.0,2572.0,8.0
2021-01-05 09:45:50.251,0.647,0.6467,34.0,0.6415,1.0,2572.0,8.0
2021-01-05 09:45:50.750,0.647,0.6467,34.0,0.6415,1.0,2572.0,8.0
2021-01-05 09:45:52.641,0.647,0.6467,34.0,0.6415,1.0,2572.0,8.0
2021-01-05 09:45:54.191,0.647,0.6467,34.0,0.6415,1.0,2572.0,8.0
2021-01-05 09:45:55.230,0.647,0.6467,34.0,0.6415,1.0,2572.0,8.0
2021-01-05 09:45:55.711,0.647,0.6467,34.0,0.6415,1.0,2572.0,8.0
2021-01-05 09:45:56.631,0.647,0.6467,34.0,0.6415,1.0,2572.0,8.0
2021-01-05 09:45:58.231,0.647,0.6467,34.0,0.6415,1.0,2572.0,8.0
2021-01-05 09:45:58.711,0.647,0.6467,34.0,0.6415,1.0,2572.0,8.0
2021-01-05 09:45:59.230,0.647,0.6467,34.0,0.6415,1.0,2572.0,8.0
2021-01-05 09:46:00.210,0.647,0.6467,20.0,0.6422,14.0,2572.0,8.0
2021-01-05 09:46:00.730,0.647,0.6477,10.0,0.6422,14.0,2572.0,8.0
2021-01-05 09:46:01.230,0.647,0.6477,30.0,0.6422,34.0,2572.0,8.0
2021-01-05 09:46:02.221,0.647,0.6477,30.0,0.6422,34.0,2572.0,8.0
2021-01-05 09:46:02.640,0.647,0.6477,30.0,0.6422,34.0,2572.0,8.0
2021-01-05 09:46:03.731,0.647,0.6477,30.0,0.6422,34.0,2572.0,8.0
2021-01-05 09:46:04.171,0.647,0.6477,30.0,0.6422,34.0,2572.0,8.0
2021-01-05 09:46:06.221,0.647,0.6477,30.0,0.6422,34.0,2572.0,8.0
2021-01-05 09:46:06.690,0.647,0.6477,30.0,0.6422,34.0,2572.0,8.0
2021-01-05 09:46:10.221,0.647,0.6482,10.0,0.6438,10.0,2572.0,8.0
2021-01-05 09:46:10.720,0.647,0.6482,10.0,0.6438,30.0,2572.0,8.0
2021-01-05 09:46:11.721,0.647,0.6482,10.0,0.6438,30.0,2572.0,8.0
2021-01-05 09:46:12.190,0.647,0.6482,10.0,0.6438,30.0,2572.0,8.0
2021-01-05 09:46:13.231,0.647,0.6482,10.0,0.6438,30.0,2572.0,8.0
2021-01-05 09:46:13.681,0.647,0.6482,10.0,0.6438,30.0,2572.0,8.0
2021-01-05 09:46:14.731,0.647,0.6482,10.0,0.6438,30.0,2572.0,8.0
2021-01-05 09:46:15.730,0.647,0.6482,10.0,0.6438,30.0,2572.0,8.0
2021-01-05 09:46:16.201,0.647,0.6482,10.0,0.6438,30.0,2572.0,8.0
2021-01-05 09:46:17.221,0.647,0.6482,10.0,0.6438,30.0,2572.0,8.0
2021-01-05 09:46:20.210,0.647,0.6491,20.0,0.6438,20.0,2572.0,8.0
2021-01-05 09:46:22.220,0.647,0.6491,20.0,0.6438,20.0,2572.0,8.0
2021-01-05 09:46:22.690,0.647,0.6491,20.0,0.6438,20.0,2572.0,8.0
2021-01-05 09:46:24.221,0.647,0.6491,20.0,0.6438,20.0,2572.0,8.0
2021-01-05 09:46:25.151,0.647,0.6491,20.0,0.6445,14.0,2572.0,8.0
2021-01-05 09:46:25.570,0.647,0.65,44.0,0.6445,14.0,2572.0,8.0
2021-01-05 09:46:27.201,0.647,0.65,44.0,0.6445,14.0,2572.0,8.0
2021-01-05 09:46:27.720,0.647,0.65,44.0,0.6445,14.0,2572.0,8.0
2021-01-05 09:46:29.151,0.647,0.65,44.0,0.6445,14.0,2572.0,8.0
2021-01-05 09:46:32.701,0.647,0.65,44.0,0.6445,14.0,2572.0,8.0
2021-01-05 09:46:33.210,0.647,0.65,44.0,0.6445,14.0,2572.0,8.0
2021-01-05 09:46:33.660,0.647,0.65,44.0,0.6445,14.0,2572.0,8.0
2021-01-05 09:46:35.231,0.647,0.65,44.0,0.6445,14.0,2572.0,8.0
2021-01-05 09:46:35.721,0.647,0.65,44.0,0.6445,14.0,2572.0,8.0
2021-01-05 09:46:36.221,0.647,0.65,44.0,0.6445,14.0,2572.0,8.0
2021-01-05 09:46:36.730,0.647,0.65,44.0,0.6445,14.0,2572.0,8.0
2021-01-05 09:46:37.750,0.647,0.65,44.0,0.6445,14.0,2572.0,8.0
2021-01-05 09:46:38.201,0.647,0.6481,10.0,0.6438,34.0,2572.0,8.0
2021-01-05 09:46:38.741,0.647,0.6481,30.0,0.6438,34.0,2572.0,8.0
2021-01-05 09:46:39.210,0.647,0.6481,30.0,0.6438,34.0,2572.0,8.0
2021-01-05 09:46:40.230,0.647,0.6481,10.0,0.6438,14.0,2572.0,8.0
2021-01-05 09:46:40.670,0.647,0.6481,10.0,0.6438,34.0,2572.0,8.0
2021-01-05 09:46:41.250,0.647,0.6481,10.0,0.6438,34.0,2572.0,8.0
2021-01-05 09:46:41.661,0.647,0.6481,10.0,0.6438,34.0,2572.0,8.0
2021-01-05 09:46:42.230,0.647,0.6481,10.0,0.6438,34.0,2572.0,8.0
2021-01-05 09:46:45.711,0.647,0.6481,10.0,0.6438,34.0,2572.0,8.0
2021-01-05 09:46:46.671,0.647,0.6482,10.0,0.6438,34.0,2572.0,8.0
2021-01-05 09:46:47.701,0.647,0.6482,10.0,0.6438,34.0,2572.0,8.0
2021-01-05 09:46:49.251,0.647,0.6482,10.0,0.6438,34.0,2572.0,8.0
2021-01-05 09:46:51.261,0.647,0.6482,10.0,0.6438,34.0,2572.0,8.0
2021-01-05 09:46:51.731,0.647,0.6482,10.0,0.6438,34.0,2572.0,8.0
2021-01-05 09:46:52.711,0.647,0.6482,10.0,0.6438,34.0,2572.0,8.0
2021-01-05 09:46:53.681,0.647,0.6482,10.0,0.6438,34.0,2572.0,8.0
2021-01-05 09:46:54.221,0.647,0.6482,10.0,0.6438,34.0,2572.0,8.0
2021-01-05 09:46:56.221,0.647,0.6482,10.0,0.6438,34.0,2572.0,8.0
2021-01-05 09:46:56.711,0.647,0.6488,20.0,0.6441,10.0,2572.0,8.0
2021-01-05 09:46:57.231,0.647,0.6488,20.0,0.6441,10.0,2572.0,8.0
2021-01-05 09:46:58.720,0.647,0.6488,20.0,0.6441,10.0,2572.0,8.0
2021-01-05 09:47:00.741,0.647,0.6477,10.0,0.6438,34.0,2572.0,8.0
2021-01-05 09:47:01.210,0.647,0.6477,30.0,0.6438,34.0,2572.0,8.0
2021-01-05 09:47:01.721,0.647,0.6477,30.0,0.6438,34.0,2572.0,8.0
2021-01-05 09:47:02.230,0.647,0.6477,10.0,0.6433,10.0,2572.0,8.0
2021-01-05 09:47:02.741,0.647,0.6477,30.0,0.6433,30.0,2572.0,8.0
2021-01-05 09:47:03.220,0.647,0.6463,10.0,0.643,14.0,2572.0,8.0
2021-01-05 09:47:03.740,0.647,0.6463,30.0,0.643,14.0,2572.0,8.0
2021-01-05 09:47:04.211,0.647,0.6463,30.0,0.643,14.0,2572.0,8.0
2021-01-05 09:47:05.250,0.647,0.6463,20.0,0.643,14.0,2572.0,8.0
2021-01-05 09:47:05.730,0.647,0.6476,21.0,0.643,14.0,2572.0,8.0
2021-01-05 09:47:06.251,0.647,0.647,14.0,0.6426,20.0,2572.0,8.0
2021-01-05 09:47:06.491,0.647,0.647,14.0,0.642,14.0,2572.0,8.0
2021-01-05 09:47:07.221,0.647,0.647,14.0,0.642,14.0,2572.0,8.0
2021-01-05 09:47:07.740,0.647,0.647,14.0,0.642,14.0,2572.0,8.0
2021-01-05 09:47:09.751,0.647,0.6459,14.0,0.6418,20.0,2572.0,8.0
2021-01-05 09:47:10.260,0.647,0.6459,34.0,0.6418,20.0,2572.0,8.0
2021-01-05 09:47:10.721,0.647,0.6459,34.0,0.6415,1.0,2572.0,8.0
2021-01-05 09:47:11.250,0.647,0.6459,34.0,0.6415,1.0,2572.0,8.0
2021-01-05 09:47:11.751,0.647,0.6459,34.0,0.6415,1.0,2572.0,8.0
2021-01-05 09:47:12.731,0.647,0.6459,34.0,0.6415,1.0,2572.0,8.0
2021-01-05 09:47:13.201,0.647,0.6459,34.0,0.6415,1.0,2572.0,8.0
2021-01-05 09:47:14.220,0.647,0.6459,34.0,0.6415,1.0,2572.0,8.0
2021-01-05 09:47:15.230,0.647,0.6459,34.0,0.6415,1.0,2572.0,8.0
2021-01-05 09:47:15.701,0.647,0.6459,34.0,0.6415,1.0,2572.0,8.0
2021-01-05 09:47:16.241,0.647,0.645,14.0,0.6415,1.0,2572.0,8.0
2021-01-05 09:47:16.731,0.647,0.645,34.0,0.6415,1.0,2572.0,8.0
2021-01-05 09:47:17.251,0.647,0.645,34.0,0.6415,1.0,2572.0,8.0
2021-01-05 09:47:19.111,0.647,0.6438,10.0,0.6415,1.0,2572.0,8.0
2021-01-05 09:47:19.731,0.647,0.6437,1.0,0.6415,1.0,2572.0,8.0
2021-01-05 09:47:20.231,0.647,0.6437,1.0,0.6415,1.0,2572.0,8.0
2021-01-05 09:47:20.761,0.647,0.6437,1.0,0.6415,1.0,2572.0,8.0
2021-01-05 09:47:21.760,0.6415,0.6437,1.0,0.6394,30.0,2573.0,9.0
2021-01-05 09:47:22.240,0.6415,0.6437,1.0,0.6394,30.0,2573.0,9.0
2021-01-05 09:47:22.580,0.6415,0.6437,1.0,0.6394,30.0,2573.0,9.0
2021-01-05 09:47:23.151,0.6415,0.6437,1.0,0.6394,30.0,2573.0,9.0
2021-01-05 09:47:23.710,0.6415,0.6437,1.0,0.6394,30.0,2573.0,9.0
2021-01-05 09:47:23.710,0.6415,0.6437,1.0,0.6394,30.0,2573.0,9.0
2021-01-05 09:47:25.241,0.6415,0.6437,1.0,0.6394,30.0,2573.0,9.0
2021-01-05 09:47:25.710,0.6415,0.6437,1.0,0.6394,30.0,2573.0,9.0
2021-01-05 09:47:26.680,0.6415,0.6437,1.0,0.6394,30.0,2573.0,9.0
2021-01-05 09:47:27.721,0.6415,0.6437,1.0,0.6394,10.0,2573.0,9.0
2021-01-05 09:47:29.181,0.6415,0.6424,10.0,0.6391,14.0,2573.0,9.0
2021-01-05 09:47:29.730,0.6415,0.6424,30.0,0.6391,14.0,2573.0,9.0
2021-01-05 09:47:30.720,0.6415,0.6424,30.0,0.6391,14.0,2573.0,9.0
2021-01-05 09:47:31.181,0.6415,0.6424,30.0,0.6391,14.0,2573.0,9.0
2021-01-05 09:47:31.711,0.6415,0.6424,30.0,0.6391,14.0,2573.0,9.0
2021-01-05 09:47:32.681,0.6415,0.6424,30.0,0.6391,14.0,2573.0,9.0
2021-01-05 09:47:34.231,0.6415,0.6424,30.0,0.6391,14.0,2573.0,9.0
2021-01-05 09:47:34.750,0.6415,0.6424,30.0,0.6391,14.0,2573.0,9.0
2021-01-05 09:47:35.221,0.6415,0.6424,30.0,0.6391,14.0,2573.0,9.0
2021-01-05 09:47:35.740,0.6415,0.6424,30.0,0.6391,14.0,2573.0,9.0
2021-01-05 09:47:36.241,0.6415,0.6424,20.0,0.6391,14.0,2573.0,9.0
2021-01-05 09:47:36.721,0.6415,0.6424,20.0,0.6391,14.0,2573.0,9.0
2021-01-05 09:47:37.031,0.6415,0.6438,30.0,0.6391,14.0,2573.0,9.0
2021-01-05 09:47:38.260,0.6415,0.6438,30.0,0.6391,14.0,2573.0,9.0
2021-01-05 09:47:38.700,0.6415,0.6438,30.0,0.6391,14.0,2573.0,9.0
2021-01-05 09:47:39.751,0.6415,0.6438,30.0,0.6391,14.0,2573.0,9.0
2021-01-05 09:47:40.260,0.6415,0.6438,30.0,0.6391,14.0,2573.0,9.0
2021-01-05 09:47:40.761,0.6415,0.6438,30.0,0.6391,14.0,2573.0,9.0
2021-01-05 09:47:41.261,0.6415,0.6438,30.0,0.6391,14.0,2573.0,9.0
2021-01-05 09:47:41.731,0.6415,0.6438,30.0,0.6391,14.0,2573.0,9.0
2021-01-05 09:47:41.731,0.6415,0.6438,30.0,0.6386,20.0,2573.0,9.0
2021-01-05 09:47:42.500,0.6415,0.6418,10.0,0.638,14.0,2573.0,9.0
2021-01-05 09:47:43.251,0.6415,0.6418,30.0,0.638,14.0,2573.0,9.0
2021-01-05 09:47:46.260,0.6415,0.6418,30.0,0.638,14.0,2573.0,9.0
2021-01-05 09:47:47.270,0.6415,0.6418,30.0,0.638,14.0,2573.0,9.0
2021-01-05 09:47:49.260,0.6415,0.6418,30.0,0.638,14.0,2573.0,9.0
2021-01-05 09:47:49.771,0.6415,0.6418,20.0,0.638,14.0,2573.0,9.0
2021-01-05 09:47:50.271,0.6415,0.6429,14.0,0.638,14.0,2573.0,9.0
2021-01-05 09:47:50.751,0.6415,0.6429,20.0,0.6374,10.0,2573.0,9.0
2021-01-05 09:47:51.241,0.6415,0.6438,20.0,0.6389,14.0,2573.0,9.0
2021-01-05 09:47:52.271,0.6415,0.6438,20.0,0.6389,34.0,2573.0,9.0
2021-01-05 09:47:52.730,0.6415,0.6438,20.0,0.6389,34.0,2573.0,9.0
2021-01-05 09:47:53.231,0.6415,0.6438,20.0,0.6389,34.0,2573.0,9.0
2021-01-05 09:47:54.230,0.6415,0.6439,44.0,0.6389,14.0,2573.0,9.0
2021-01-05 09:47:54.741,0.6415,0.6439,44.0,0.6389,14.0,2573.0,9.0
2021-01-05 09:47:55.241,0.6415,0.6439,44.0,0.6389,14.0,2573.0,9.0
2021-01-05 09:47:55.740,0.6415,0.6439,30.0,0.64,14.0,2573.0,9.0
2021-01-05 09:47:56.251,0.6415,0.6439,20.0,0.64,14.0,2573.0,9.0
2021-01-05 09:47:56.751,0.6415,0.6447,20.0,0.64,14.0,2573.0,9.0
2021-01-05 09:47:57.250,0.6415,0.6447,20.0,0.64,14.0,2573.0,9.0
2021-01-05 09:47:57.750,0.6415,0.6447,20.0,0.64,14.0,2573.0,9.0
2021-01-05 09:47:58.261,0.6415,0.644,14.0,0.6394,10.0,2573.0,9.0
2021-01-05 09:47:58.781,0.6415,0.644,14.0,0.6394,10.0,2573.0,9.0
2021-01-05 09:47:59.231,0.6415,0.644,14.0,0.6394,10.0,2573.0,9.0
2021-01-05 09:47:59.751,0.6415,0.644,14.0,0.6394,10.0,2573.0,9.0
2021-01-05 09:48:00.791,0.6415,0.6439,10.0,0.6391,14.0,2573.0,9.0
2021-01-05 09:48:01.261,0.6415,0.6439,30.0,0.6381,20.0,2573.0,9.0
2021-01-05 09:48:01.791,0.6415,0.643,14.0,0.6381,20.0,2573.0,9.0
2021-01-05 09:48:02.260,0.6415,0.643,34.0,0.6381,20.0,2573.0,9.0
2021-01-05 09:48:02.781,0.6415,0.643,34.0,0.6381,20.0,2573.0,9.0
2021-01-05 09:48:02.781,0.6415,0.643,34.0,0.638,14.0,2573.0,9.0
2021-01-05 09:48:04.790,0.6415,0.643,34.0,0.638,14.0,2573.0,9.0
2021-01-05 09:48:05.261,0.6415,0.6429,1.0,0.638,14.0,2573.0,9.0
2021-01-05 09:48:05.760,0.6415,0.6429,1.0,0.638,14.0,2573.0,9.0
2021-01-05 09:48:06.291,0.6415,0.6429,1.0,0.638,14.0,2573.0,9.0
2021-01-05 09:48:06.781,0.6415,0.6429,1.0,0.638,14.0,2573.0,9.0
2021-01-05 09:48:07.760,0.6415,0.6429,1.0,0.6374,10.0,2573.0,9.0
2021-01-05 09:48:08.281,0.6415,0.642,14.0,0.6374,10.0,2573.0,9.0
2021-01-05 09:48:09.291,0.6415,0.642,34.0,0.6374,10.0,2573.0,9.0
2021-01-05 09:48:09.751,0.6415,0.642,34.0,0.6374,10.0,2573.0,9.0
2021-01-05 09:48:10.231,0.6415,0.642,34.0,0.6374,10.0,2573.0,9.0
2021-01-05 09:48:10.801,0.6415,0.642,34.0,0.6374,10.0,2573.0,9.0
2021-01-05 09:48:11.291,0.6415,0.642,34.0,0.6374,10.0,2573.0,9.0
2021-01-05 09:48:11.791,0.6415,0.642,34.0,0.6374,10.0,2573.0,9.0
2021-01-05 09:48:12.751,0.6415,0.642,34.0,0.6374,30.0,2573.0,9.0
2021-01-05 09:48:13.281,0.6415,0.642,34.0,0.6374,30.0,2573.0,9.0
2021-01-05 09:48:13.760,0.6415,0.642,34.0,0.6374,30.0,2573.0,9.0
2021-01-05 09:48:14.300,0.6415,0.642,34.0,0.6374,30.0,2573.0,9.0
2021-01-05 09:48:14.791,0.6415,0.642,34.0,0.6374,30.0,2573.0,9.0
2021-01-05 09:48:15.310,0.6415,0.642,20.0,0.6374,30.0,2573.0,9.0
2021-01-05 09:48:15.831,0.6415,0.6429,1.0,0.6381,14.0,2573.0,9.0
2021-01-05 09:48:16.321,0.6415,0.643,14.0,0.6381,14.0,2573.0,9.0
2021-01-05 09:48:16.321,0.6415,0.643,34.0,0.6381,34.0,2573.0,9.0
2021-01-05 09:48:17.811,0.6415,0.643,20.0,0.6381,20.0,2573.0,9.0
2021-01-05 09:48:18.330,0.6415,0.6439,30.0,0.6391,14.0,2573.0,9.0
2021-01-05 09:48:18.330,0.6415,0.6439,30.0,0.6391,34.0,2573.0,9.0
2021-01-05 09:48:19.271,0.6415,0.6439,20.0,0.6403,10.0,2573.0,9.0
2021-01-05 09:48:19.800,0.6415,0.6439,20.0,0.6403,30.0,2573.0,9.0
2021-01-05 09:48:20.261,0.6415,0.6439,20.0,0.6403,30.0,2573.0,9.0
2021-01-05 09:48:20.791,0.6415,0.6439,20.0,0.6403,30.0,2573.0,9.0
2021-01-05 09:48:21.800,0.6415,0.6439,20.0,0.6403,30.0,2573.0,9.0
2021-01-05 09:48:21.800,0.6415,0.6439,20.0,0.6403,10.0,2573.0,9.0
2021-01-05 09:48:22.731,0.6415,0.6439,20.0,0.6403,10.0,2573.0,9.0
2021-01-05 09:48:23.021,0.6415,0.6439,20.0,0.6403,10.0,2573.0,9.0
2021-01-05 09:48:23.730,0.6415,0.6439,20.0,0.6403,10.0,2573.0,9.0
2021-01-05 09:48:24.731,0.6415,0.6439,20.0,0.6403,10.0,2573.0,9.0
2021-01-05 09:48:26.101,0.6415,0.6439,20.0,0.6403,10.0,2573.0,9.0
2021-01-05 09:48:26.621,0.6415,0.6439,20.0,0.6403,10.0,2573.0,9.0
2021-01-05 09:48:27.181,0.6415,0.6439,20.0,0.6415,10.0,2573.0,9.0
2021-01-05 09:48:28.181,0.6415,0.645,14.0,0.6415,10.0,2573.0,9.0
2021-01-05 09:48:28.731,0.6415,0.645,14.0,0.6415,10.0,2573.0,9.0
2021-01-05 09:48:29.121,0.6415,0.6455,20.0,0.6415,10.0,2573.0,9.0
2021-01-05 09:48:30.210,0.6415,0.6455,20.0,0.6415,10.0,2573.0,9.0
2021-01-05 09:48:31.140,0.6415,0.6455,20.0,0.6415,10.0,2573.0,9.0
2021-01-05 09:48:32.200,0.6415,0.6459,10.0,0.6415,10.0,2573.0,9.0
2021-01-05 09:48:32.700,0.6415,0.6471,20.0,0.6422,14.0,2573.0,9.0
2021-01-05 09:48:33.190,0.6415,0.6471,20.0,0.6422,14.0,2573.0,9.0
2021-01-05 09:48:36.730,0.6415,0.6471,20.0,0.6422,14.0,2573.0,9.0
2021-01-05 09:48:37.211,0.6415,0.6471,20.0,0.6416,10.0,2573.0,9.0
2021-01-05 09:48:37.491,0.6415,0.6456,10.0,0.6415,20.0,2573.0,9.0
2021-01-05 09:48:38.211,0.6415,0.6456,10.0,0.6415,20.0,2573.0,9.0
2021-01-05 09:48:38.690,0.6415,0.6456,30.0,0.6415,20.0,2573.0,9.0
2021-01-05 09:48:41.231,0.6415,0.6456,30.0,0.6415,20.0,2573.0,9.0
2021-01-05 09:48:42.190,0.6415,0.6456,30.0,0.6415,20.0,2573.0,9.0
2021-01-05 09:48:42.661,0.6415,0.6456,20.0,0.6415,20.0,2573.0,9.0
2021-01-05 09:48:44.701,0.6415,0.6456,20.0,0.6415,20.0,2573.0,9.0
2021-01-05 09:48:46.011,0.6415,0.6456,20.0,0.6415,20.0,2573.0,9.0
2021-01-05 09:48:46.391,0.6415,0.6471,34.0,0.6421,14.0,2573.0,9.0
2021-01-05 09:48:47.021,0.6415,0.6471,34.0,0.6421,14.0,2573.0,9.0
2021-01-05 09:48:47.440,0.6415,0.6471,34.0,0.6421,14.0,2573.0,9.0
2021-01-05 09:48:47.911,0.6415,0.6471,34.0,0.6421,14.0,2573.0,9.0
2021-01-05 09:48:48.330,0.6415,0.6471,34.0,0.6421,14.0,2573.0,9.0
2021-01-05 09:48:49.010,0.6415,0.6471,34.0,0.6421,14.0,2573.0,9.0
2021-01-05 09:48:49.361,0.6415,0.6471,34.0,0.6421,14.0,2573.0,9.0
2021-01-05 09:48:50.030,0.6415,0.6471,34.0,0.6421,14.0,2573.0,9.0
2021-01-05 09:48:51.031,0.6415,0.6471,34.0,0.6421,14.0,2573.0,9.0
2021-01-05 09:48:51.540,0.6415,0.6471,34.0,0.6421,14.0,2573.0,9.0
2021-01-05 09:48:52.020,0.6415,0.6471,34.0,0.6421,14.0,2573.0,9.0
2021-01-05 09:48:52.510,0.6415,0.647,10.0,0.6427,10.0,2573.0,9.0
2021-01-05 09:48:53.150,0.6415,0.647,10.0,0.6427,10.0,2573.0,9.0
2021-01-05 09:48:53.691,0.6415,0.647,10.0,0.6432,14.0,2573.0,9.0
2021-01-05 09:48:54.091,0.6415,0.647,10.0,0.6432,14.0,2573.0,9.0
2021-01-05 09:48:54.550,0.6415,0.647,10.0,0.6432,34.0,2573.0,9.0
2021-01-05 09:48:55.201,0.6415,0.647,10.0,0.6432,34.0,2573.0,9.0
2021-01-05 09:48:56.711,0.6415,0.6471,20.0,0.6432,34.0,2573.0,9.0
