,last,ask1,asize1,bid1,bsize1,oi,volume
2021-01-05 09:25:00.080,,0.0744,1.0,0.069,1.0,13305.0,
2021-01-05 09:30:00.451,0.0689,0.0756,1.0,0.0691,1.0,13307.0,2.0
2021-01-05 09:30:00.991,0.0689,0.076,1.0,0.07,20.0,13307.0,2.0
2021-01-05 09:30:01.481,0.0689,0.076,1.0,0.07,20.0,13307.0,2.0
2021-01-05 09:30:02.011,0.0689,0.076,21.0,0.0723,20.0,13307.0,2.0
2021-01-05 09:30:02.440,0.0689,0.076,21.0,0.0725,20.0,13307.0,2.0
2021-01-05 09:30:03.471,0.0689,0.076,21.0,0.0718,20.0,13307.0,2.0
2021-01-05 09:30:04.430,0.0689,0.076,21.0,0.072,20.0,13307.0,2.0
2021-01-05 09:30:05.010,0.0689,0.076,21.0,0.0725,20.0,13307.0,2.0
2021-01-05 09:30:05.990,0.0689,0.076,1.0,0.0725,20.0,13307.0,2.0
2021-01-05 09:30:06.971,0.0689,0.076,1.0,0.0735,20.0,13307.0,2.0
2021-01-05 09:30:09.490,0.0689,0.076,1.0,0.0733,20.0,13307.0,2.0
2021-01-05 09:30:09.970,0.0689,0.076,1.0,0.0735,20.0,13307.0,2.0
2021-01-05 09:30:11.521,0.0689,0.076,1.0,0.0737,20.0,13307.0,2.0
2021-01-05 09:30:13.000,0.0689,0.076,1.0,0.0732,20.0,13307.0,2.0
2021-01-05 09:30:17.021,0.0689,0.076,1.0,0.0729,20.0,13307.0,2.0
2021-01-05 09:30:18.231,0.0689,0.076,1.0,0.07,20.0,13307.0,2.0
2021-01-05 09:30:18.750,0.0689,0.076,1.0,0.0725,20.0,13307.0,2.0
2021-01-05 09:30:20.740,0.0689,0.076,1.0,0.0727,20.0,13307.0,2.0
2021-01-05 09:30:21.241,0.0689,0.076,1.0,0.0727,20.0,13307.0,2.0
2021-01-05 09:30:22.240,0.0689,0.076,1.0,0.073,20.0,13307.0,2.0
2021-01-05 09:30:22.671,0.0689,0.076,1.0,0.0727,20.0,13307.0,2.0
2021-01-05 09:30:23.670,0.0689,0.076,1.0,0.0731,20.0,13307.0,2.0
2021-01-05 09:30:24.161,0.0689,0.076,1.0,0.0731,20.0,13307.0,2.0
2021-01-05 09:30:25.160,0.0689,0.076,1.0,0.0731,20.0,13307.0,2.0
2021-01-05 09:30:25.671,0.0689,0.076,1.0,0.0735,20.0,13307.0,2.0
2021-01-05 09:30:26.670,0.0689,0.076,1.0,0.0733,20.0,13307.0,2.0
2021-01-05 09:30:28.670,0.0689,0.076,2.0,0.0733,20.0,13307.0,2.0
2021-01-05 09:30:30.171,0.0689,0.076,2.0,0.0733,20.0,13307.0,2.0
2021-01-05 09:30:30.620,0.0689,0.076,2.0,0.0731,20.0,13307.0,2.0
2021-01-05 09:30:31.661,0.0689,0.076,2.0,0.0729,20.0,13307.0,2.0
2021-01-05 09:30:32.140,0.0689,0.076,2.0,0.0729,20.0,13307.0,2.0
2021-01-05 09:30:32.631,0.0689,0.076,2.0,0.0727,20.0,13307.0,2.0
2021-01-05 09:30:33.171,0.0689,0.0745,3.0,0.0727,20.0,13307.0,2.0
2021-01-05 09:30:33.671,0.0745,0.076,2.0,0.0727,20.0,13307.0,5.0
2021-01-05 09:30:34.191,0.0745,0.076,2.0,0.0727,25.0,13307.0,5.0
2021-01-05 09:30:34.670,0.076,0.076,1.0,0.0727,20.0,13307.0,6.0
2021-01-05 09:30:36.170,0.076,0.076,1.0,0.0729,20.0,13307.0,6.0
2021-01-05 09:30:36.691,0.076,0.0761,20.0,0.0727,20.0,13307.0,7.0
2021-01-05 09:30:37.171,0.076,0.0771,33.0,0.0727,20.0,13307.0,7.0
2021-01-05 09:30:38.141,0.076,0.0771,23.0,0.0727,25.0,13307.0,7.0
2021-01-05 09:30:38.581,0.076,0.0771,23.0,0.0727,20.0,13307.0,7.0
2021-01-05 09:30:42.671,0.076,0.0769,5.0,0.0727,20.0,13307.0,7.0
2021-01-05 09:30:43.180,0.076,0.0769,25.0,0.0727,20.0,13307.0,7.0
2021-01-05 09:30:43.180,0.076,0.0769,35.0,0.0727,5.0,13307.0,7.0
2021-01-05 09:30:44.181,0.076,0.0769,35.0,0.0727,20.0,13307.0,7.0
2021-01-05 09:30:44.650,0.0769,0.0769,34.0,0.0725,30.0,13307.0,8.0
2021-01-05 09:30:46.200,0.0769,0.0769,34.0,0.0725,30.0,13307.0,8.0
2021-01-05 09:30:46.701,0.0769,0.0769,34.0,0.0725,30.0,13307.0,8.0
2021-01-05 09:30:48.711,0.0769,0.0753,3.0,0.0725,30.0,13307.0,8.0
2021-01-05 09:30:49.210,0.0769,0.0753,3.0,0.0725,30.0,13307.0,8.0
2021-01-05 09:30:49.700,0.0753,0.0754,30.0,0.0725,30.0,13304.0,11.0
2021-01-05 09:30:52.221,0.0753,0.0754,30.0,0.0725,35.0,13304.0,11.0
2021-01-05 09:30:52.651,0.0754,0.0754,29.0,0.0725,30.0,13304.0,12.0
2021-01-05 09:30:53.120,0.0754,0.0754,30.0,0.0725,30.0,13304.0,12.0
2021-01-05 09:30:53.660,0.0754,0.0754,29.0,0.0725,30.0,13304.0,13.0
2021-01-05 09:30:54.130,0.0754,0.0754,30.0,0.0725,35.0,13304.0,13.0
2021-01-05 09:30:54.670,0.0754,0.0754,30.0,0.0725,30.0,13304.0,13.0
2021-01-05 09:30:56.660,0.0754,0.0754,29.0,0.0725,30.0,13304.0,14.0
2021-01-05 09:30:57.171,0.0754,0.0754,30.0,0.0725,30.0,13304.0,14.0
2021-01-05 09:30:57.600,0.0754,0.0754,29.0,0.0725,30.0,13304.0,15.0
2021-01-05 09:30:58.091,0.0754,0.0754,29.0,0.0725,30.0,13304.0,16.0
2021-01-05 09:30:58.660,0.0754,0.0754,28.0,0.0725,30.0,13304.0,18.0
2021-01-05 09:30:59.171,0.0754,0.0754,29.0,0.0725,30.0,13304.0,18.0
2021-01-05 09:30:59.640,0.0754,0.0754,30.0,0.0725,30.0,13304.0,18.0
2021-01-05 09:31:00.681,0.0754,0.0754,10.0,0.074,10.0,13304.0,19.0
2021-01-05 09:31:01.140,0.0754,0.0755,10.0,0.074,10.0,13304.0,19.0
2021-01-05 09:31:02.170,0.0754,0.0757,1.0,0.074,10.0,13304.0,19.0
2021-01-05 09:31:02.681,0.0754,0.0757,1.0,0.074,10.0,13304.0,19.0
2021-01-05 09:31:03.131,0.0754,0.0757,1.0,0.074,10.0,13304.0,19.0
2021-01-05 09:31:03.680,0.0754,0.0757,1.0,0.074,15.0,13304.0,19.0
2021-01-05 09:31:04.151,0.0754,0.0757,11.0,0.074,10.0,13304.0,19.0
2021-01-05 09:31:04.671,0.0754,0.0757,1.0,0.074,10.0,13304.0,19.0
2021-01-05 09:31:06.160,0.0754,0.0757,1.0,0.074,15.0,13304.0,19.0
2021-01-05 09:31:06.681,0.0754,0.0757,1.0,0.074,10.0,13304.0,19.0
2021-01-05 09:31:07.190,0.0754,0.0757,21.0,0.074,10.0,13304.0,19.0
2021-01-05 09:31:08.650,0.0754,0.0757,21.0,0.074,10.0,13304.0,19.0
2021-01-05 09:31:09.101,0.0754,0.0757,31.0,0.074,10.0,13304.0,19.0
2021-01-05 09:31:09.701,0.0754,0.0757,21.0,0.074,10.0,13304.0,19.0
2021-01-05 09:31:10.690,0.0754,0.0757,21.0,0.074,15.0,13304.0,19.0
2021-01-05 09:31:11.170,0.0754,0.0757,21.0,0.074,10.0,13304.0,19.0
2021-01-05 09:31:12.190,0.0754,0.0757,21.0,0.074,10.0,13304.0,19.0
2021-01-05 09:31:12.621,0.0754,0.0757,31.0,0.074,15.0,13304.0,19.0
2021-01-05 09:31:13.170,0.0754,0.0757,31.0,0.074,10.0,13304.0,19.0
2021-01-05 09:31:14.200,0.0754,0.0757,31.0,0.074,10.0,13304.0,19.0
2021-01-05 09:31:15.110,0.0754,0.0757,31.0,0.074,15.0,13304.0,19.0
2021-01-05 09:31:15.710,0.0754,0.0757,31.0,0.074,10.0,13304.0,19.0
2021-01-05 09:31:16.711,0.0754,0.0757,31.0,0.074,10.0,13304.0,19.0
2021-01-05 09:31:17.201,0.0754,0.0757,31.0,0.074,10.0,13304.0,19.0
2021-01-05 09:31:18.201,0.0754,0.0757,31.0,0.074,10.0,13304.0,19.0
2021-01-05 09:31:18.720,0.0754,0.0756,10.0,0.0734,10.0,13304.0,19.0
2021-01-05 09:31:19.150,0.0754,0.0756,10.0,0.0734,10.0,13304.0,19.0
2021-01-05 09:31:19.721,0.0754,0.0756,40.0,0.0731,40.0,13304.0,19.0
2021-01-05 09:31:20.171,0.0754,0.0756,40.0,0.0731,40.0,13304.0,19.0
2021-01-05 09:31:20.630,0.0754,0.0756,40.0,0.0731,20.0,13304.0,19.0
2021-01-05 09:31:21.221,0.0754,0.0756,40.0,0.0731,20.0,13304.0,19.0
2021-01-05 09:31:23.171,0.0754,0.0756,50.0,0.0731,20.0,13304.0,19.0
2021-01-05 09:31:23.640,0.0754,0.0755,10.0,0.0731,20.0,13304.0,19.0
2021-01-05 09:31:24.660,0.0754,0.0754,10.0,0.0731,20.0,13304.0,19.0
2021-01-05 09:31:25.150,0.0754,0.0753,10.0,0.0731,25.0,13304.0,19.0
2021-01-05 09:31:25.640,0.0753,0.0753,8.0,0.0731,20.0,13304.0,21.0
2021-01-05 09:31:26.101,0.0753,0.0754,20.0,0.0731,20.0,13304.0,21.0
2021-01-05 09:31:26.681,0.0753,0.0754,30.0,0.0731,20.0,13304.0,21.0
2021-01-05 09:31:27.171,0.0753,0.0752,1.0,0.0731,20.0,13304.0,21.0
2021-01-05 09:31:27.601,0.0753,0.0752,11.0,0.0731,20.0,13304.0,21.0
2021-01-05 09:31:28.091,0.0753,0.0752,31.0,0.0731,25.0,13304.0,21.0
2021-01-05 09:31:28.610,0.0753,0.0752,31.0,0.0731,20.0,13304.0,21.0
2021-01-05 09:31:29.140,0.0753,0.0752,31.0,0.0731,25.0,13304.0,21.0
2021-01-05 09:31:30.170,0.0753,0.0752,31.0,0.0731,15.0,13304.0,21.0
2021-01-05 09:31:30.671,0.0753,0.0752,41.0,0.0731,15.0,13304.0,21.0
2021-01-05 09:31:31.150,0.0753,0.0752,31.0,0.0731,10.0,13304.0,21.0
2021-01-05 09:31:32.191,0.0753,0.0752,31.0,0.0731,35.0,13304.0,21.0
2021-01-05 09:31:32.671,0.0753,0.0749,3.0,0.0731,30.0,13304.0,21.0
2021-01-05 09:31:33.190,0.0753,0.0749,33.0,0.0731,10.0,13304.0,21.0
2021-01-05 09:31:33.680,0.0753,0.0749,33.0,0.0731,15.0,13304.0,21.0
2021-01-05 09:31:34.181,0.0753,0.0749,33.0,0.0731,10.0,13304.0,21.0
2021-01-05 09:31:34.681,0.0753,0.0749,33.0,0.0731,30.0,13304.0,21.0
2021-01-05 09:31:35.670,0.0753,0.0749,33.0,0.0731,30.0,13304.0,21.0
2021-01-05 09:31:36.181,0.0753,0.0749,33.0,0.0731,30.0,13304.0,21.0
2021-01-05 09:31:36.690,0.0753,0.0749,33.0,0.0731,35.0,13304.0,21.0
2021-01-05 09:31:37.191,0.0753,0.0749,33.0,0.0731,35.0,13304.0,21.0
2021-01-05 09:31:37.620,0.0753,0.0749,33.0,0.0731,30.0,13304.0,21.0
2021-01-05 09:31:38.190,0.0753,0.0749,33.0,0.0731,10.0,13304.0,21.0
2021-01-05 09:31:39.210,0.0753,0.0748,10.0,0.0733,10.0,13304.0,21.0
2021-01-05 09:31:39.710,0.0753,0.0748,10.0,0.0733,10.0,13304.0,21.0
2021-01-05 09:31:40.200,0.0753,0.0748,10.0,0.0733,10.0,13304.0,21.0
2021-01-05 09:31:40.711,0.0753,0.0748,13.0,0.0733,10.0,13304.0,21.0
2021-01-05 09:31:41.191,0.0753,0.0748,23.0,0.0733,10.0,13304.0,21.0
2021-01-05 09:31:41.700,0.0753,0.0748,43.0,0.0733,10.0,13304.0,21.0
2021-01-05 09:31:42.211,0.0733,0.0748,53.0,0.0733,8.0,13302.0,23.0
2021-01-05 09:31:42.711,0.0733,0.0748,53.0,0.0733,8.0,13302.0,23.0
2021-01-05 09:31:43.191,0.0733,0.0748,43.0,0.0733,8.0,13302.0,23.0
2021-01-05 09:31:43.710,0.0733,0.0748,43.0,0.0733,8.0,13302.0,23.0
2021-01-05 09:31:44.691,0.0733,0.0748,43.0,0.0733,8.0,13302.0,23.0
2021-01-05 09:31:45.170,0.0733,0.0748,53.0,0.0733,8.0,13302.0,23.0
2021-01-05 09:31:45.700,0.0733,0.0748,43.0,0.0733,8.0,13302.0,23.0
2021-01-05 09:31:46.011,0.0733,0.0747,10.0,0.0733,8.0,13302.0,23.0
2021-01-05 09:31:46.701,0.0733,0.0747,13.0,0.0733,8.0,13302.0,23.0
2021-01-05 09:31:47.191,0.0733,0.0747,3.0,0.0733,8.0,13302.0,23.0
2021-01-05 09:31:47.690,0.0733,0.0743,10.0,0.0729,20.0,13302.0,23.0
2021-01-05 09:31:48.211,0.0733,0.0743,40.0,0.0729,10.0,13302.0,23.0
2021-01-05 09:31:48.691,0.0733,0.0743,40.0,0.0729,10.0,13302.0,23.0
2021-01-05 09:31:49.711,0.0733,0.0743,40.0,0.0729,10.0,13302.0,23.0
2021-01-05 09:31:50.191,0.0733,0.0743,40.0,0.0729,10.0,13302.0,23.0
2021-01-05 09:31:50.710,0.0733,0.0743,40.0,0.0729,10.0,13302.0,23.0
2021-01-05 09:31:52.220,0.0733,0.0743,40.0,0.0729,10.0,13302.0,23.0
2021-01-05 09:31:52.621,0.0733,0.0743,43.0,0.0729,10.0,13302.0,23.0
2021-01-05 09:31:53.171,0.0733,0.0743,43.0,0.0729,10.0,13302.0,23.0
2021-01-05 09:31:53.640,0.0733,0.0743,53.0,0.0729,10.0,13302.0,23.0
2021-01-05 09:31:54.151,0.0733,0.0738,10.0,0.0724,20.0,13302.0,23.0
2021-01-05 09:31:54.641,0.0733,0.0738,40.0,0.0724,10.0,13302.0,23.0
2021-01-05 09:31:55.150,0.0733,0.0738,40.0,0.0724,10.0,13302.0,23.0
2021-01-05 09:31:55.670,0.0733,0.0738,40.0,0.0724,10.0,13302.0,23.0
2021-01-05 09:31:56.110,0.0733,0.0738,40.0,0.0724,10.0,13302.0,23.0
2021-01-05 09:31:56.681,0.0733,0.0738,40.0,0.0724,10.0,13302.0,23.0
2021-01-05 09:31:57.651,0.0733,0.0738,40.0,0.0724,10.0,13302.0,23.0
2021-01-05 09:31:58.171,0.0733,0.0738,40.0,0.0724,10.0,13302.0,23.0
2021-01-05 09:31:59.660,0.0733,0.0738,40.0,0.0724,10.0,13302.0,23.0
2021-01-05 09:32:00.150,0.0733,0.0738,40.0,0.0724,10.0,13302.0,23.0
2021-01-05 09:32:00.650,0.0733,0.0738,40.0,0.0724,10.0,13302.0,23.0
2021-01-05 09:32:01.170,0.0733,0.0738,40.0,0.0724,10.0,13302.0,23.0
2021-01-05 09:32:01.670,0.0733,0.0738,40.0,0.0724,10.0,13302.0,23.0
2021-01-05 09:32:02.171,0.0733,0.0738,40.0,0.0724,10.0,13302.0,23.0
2021-01-05 09:32:02.671,0.0733,0.0738,40.0,0.0724,10.0,13302.0,23.0
2021-01-05 09:32:03.180,0.0733,0.0738,20.0,0.0724,10.0,13302.0,23.0
2021-01-05 09:32:03.641,0.0738,0.0738,21.0,0.0724,10.0,13322.0,52.0
2021-01-05 09:32:04.150,0.0738,0.0738,30.0,0.0729,10.0,13322.0,52.0
2021-01-05 09:32:04.661,0.0738,0.0738,30.0,0.0729,10.0,13322.0,52.0
2021-01-05 09:32:05.141,0.0738,0.0738,20.0,0.0724,10.0,13322.0,62.0
2021-01-05 09:32:05.660,0.0738,0.0733,2.0,0.0724,10.0,13322.0,62.0
2021-01-05 09:32:06.161,0.0738,0.0733,2.0,0.0724,10.0,13322.0,62.0
2021-01-05 09:32:06.680,0.0738,0.0733,2.0,0.0724,10.0,13322.0,62.0
2021-01-05 09:32:07.070,0.0738,0.0733,12.0,0.0724,15.0,13322.0,62.0
2021-01-05 09:32:07.570,0.0738,0.0733,12.0,0.0724,10.0,13322.0,62.0
2021-01-05 09:32:08.171,0.0738,0.0733,12.0,0.0724,15.0,13322.0,62.0
2021-01-05 09:32:08.670,0.0738,0.0733,12.0,0.0724,15.0,13322.0,62.0
2021-01-05 09:32:09.141,0.0738,0.0733,12.0,0.0724,15.0,13322.0,62.0
2021-01-05 09:32:09.681,0.0738,0.0733,12.0,0.0724,10.0,13322.0,62.0
2021-01-05 09:32:10.161,0.0738,0.0733,12.0,0.0724,10.0,13322.0,62.0
2021-01-05 09:32:10.551,0.0738,0.0733,12.0,0.0724,10.0,13322.0,62.0
2021-01-05 09:32:11.170,0.0738,0.0733,12.0,0.0724,10.0,13322.0,62.0
2021-01-05 09:32:11.650,0.0738,0.0733,12.0,0.0724,10.0,13322.0,62.0
2021-01-05 09:32:12.161,0.0738,0.0733,12.0,0.0724,10.0,13322.0,62.0
2021-01-05 09:32:12.670,0.0738,0.0733,2.0,0.0724,10.0,13322.0,62.0
2021-01-05 09:32:13.171,0.0738,0.0733,2.0,0.0724,10.0,13322.0,62.0
2021-01-05 09:32:14.180,0.0738,0.0733,2.0,0.0724,10.0,13322.0,62.0
2021-01-05 09:32:15.171,0.0738,0.0733,2.0,0.0724,10.0,13322.0,62.0
2021-01-05 09:32:15.671,0.0738,0.0733,12.0,0.0724,10.0,13322.0,62.0
2021-01-05 09:32:16.551,0.0738,0.0733,12.0,0.0724,10.0,13322.0,62.0
2021-01-05 09:32:17.161,0.0738,0.0733,12.0,0.0724,10.0,13322.0,62.0
2021-01-05 09:32:17.651,0.0738,0.0733,12.0,0.0724,10.0,13322.0,62.0
2021-01-05 09:32:18.130,0.0738,0.0733,12.0,0.0724,10.0,13322.0,62.0
2021-01-05 09:32:18.670,0.0738,0.0733,32.0,0.0724,10.0,13322.0,62.0
2021-01-05 09:32:19.150,0.0738,0.0733,32.0,0.0724,10.0,13322.0,62.0
2021-01-05 09:32:20.671,0.0738,0.0733,12.0,0.0724,10.0,13322.0,62.0
2021-01-05 09:32:21.171,0.0738,0.0733,12.0,0.0724,15.0,13322.0,62.0
2021-01-05 09:32:21.680,0.0733,0.0735,30.0,0.0733,18.0,13320.0,74.0
2021-01-05 09:32:22.181,0.0733,0.0736,10.0,0.0733,16.0,13320.0,76.0
2021-01-05 09:32:22.650,0.0733,0.0736,10.0,0.0733,16.0,13320.0,76.0
2021-01-05 09:32:23.180,0.0733,0.0737,20.0,0.0733,16.0,13320.0,76.0
2021-01-05 09:32:24.091,0.0733,0.0737,20.0,0.0733,16.0,13320.0,76.0
2021-01-05 09:32:25.170,0.0733,0.0737,20.0,0.073,10.0,13320.0,92.0
2021-01-05 09:32:25.670,0.0733,0.0737,20.0,0.073,10.0,13320.0,92.0
2021-01-05 09:32:26.171,0.0733,0.0737,20.0,0.073,10.0,13320.0,92.0
2021-01-05 09:32:26.650,0.0733,0.0737,20.0,0.073,10.0,13320.0,92.0
2021-01-05 09:32:27.151,0.0733,0.0737,20.0,0.0724,20.0,13320.0,92.0
2021-01-05 09:32:27.641,0.0733,0.0737,32.0,0.0724,10.0,13320.0,92.0
2021-01-05 09:32:28.171,0.0733,0.0737,32.0,0.0724,10.0,13320.0,92.0
2021-01-05 09:32:28.630,0.0733,0.0737,32.0,0.0724,10.0,13320.0,92.0
2021-01-05 09:32:29.650,0.0733,0.0737,32.0,0.0724,10.0,13320.0,92.0
2021-01-05 09:32:30.171,0.0733,0.0737,32.0,0.0724,10.0,13320.0,92.0
2021-01-05 09:32:31.151,0.0733,0.0737,32.0,0.0724,10.0,13320.0,92.0
2021-01-05 09:32:31.691,0.0733,0.0737,32.0,0.0724,10.0,13320.0,92.0
2021-01-05 09:32:32.121,0.0733,0.0737,32.0,0.0724,10.0,13320.0,92.0
2021-01-05 09:32:34.171,0.0733,0.0737,32.0,0.0724,10.0,13320.0,92.0
2021-01-05 09:32:34.691,0.0733,0.0737,32.0,0.0724,10.0,13320.0,92.0
2021-01-05 09:32:35.170,0.0733,0.0737,12.0,0.0724,10.0,13320.0,92.0
2021-01-05 09:32:36.190,0.0733,0.0737,32.0,0.0724,10.0,13320.0,92.0
2021-01-05 09:32:38.670,0.0733,0.0737,32.0,0.0724,15.0,13320.0,92.0
2021-01-05 09:32:39.200,0.0733,0.0737,32.0,0.0724,10.0,13320.0,92.0
2021-01-05 09:32:39.630,0.0733,0.0737,32.0,0.0724,10.0,13320.0,92.0
2021-01-05 09:32:41.690,0.0733,0.0733,10.0,0.0722,10.0,13320.0,92.0
2021-01-05 09:32:42.161,0.0733,0.0733,20.0,0.0722,10.0,13320.0,92.0
2021-01-05 09:32:42.700,0.0733,0.0733,20.0,0.0722,10.0,13320.0,92.0
2021-01-05 09:32:43.190,0.0733,0.0733,20.0,0.0722,10.0,13320.0,92.0
2021-01-05 09:32:44.700,0.0733,0.0733,20.0,0.0722,30.0,13320.0,92.0
2021-01-05 09:32:45.580,0.0733,0.0733,20.0,0.0722,15.0,13320.0,92.0
2021-01-05 09:32:46.160,0.0733,0.0733,20.0,0.0723,30.0,13320.0,92.0
2021-01-05 09:32:46.610,0.0733,0.0733,20.0,0.0723,30.0,13320.0,92.0
2021-01-05 09:32:47.701,0.0733,0.0733,20.0,0.0723,30.0,13320.0,92.0
2021-01-05 09:32:48.181,0.0733,0.0733,20.0,0.0723,30.0,13320.0,92.0
2021-01-05 09:32:48.690,0.0733,0.0733,10.0,0.0723,30.0,13320.0,102.0
2021-01-05 09:32:49.190,0.0732,0.0733,10.0,0.0723,30.0,13320.0,112.0
2021-01-05 09:32:49.670,0.0732,0.0733,10.0,0.0723,30.0,13320.0,132.0
2021-01-05 09:32:50.171,0.0728,0.0733,10.0,0.0723,30.0,13320.0,142.0
2021-01-05 09:32:50.650,0.0733,0.0737,22.0,0.0723,30.0,13320.0,162.0
2021-01-05 09:32:51.170,0.0733,0.0737,35.0,0.0723,30.0,13320.0,182.0
2021-01-05 09:32:51.701,0.0733,0.073,10.0,0.0723,30.0,13320.0,182.0
2021-01-05 09:32:52.191,0.073,0.0731,20.0,0.0723,30.0,13310.0,192.0
2021-01-05 09:32:52.191,0.073,0.0737,25.0,0.0723,30.0,13310.0,192.0
2021-01-05 09:32:53.161,0.073,0.0737,39.0,0.0723,30.0,13310.0,192.0
2021-01-05 09:32:53.641,0.073,0.0737,25.0,0.0723,30.0,13310.0,192.0
2021-01-05 09:32:53.641,0.073,0.0737,25.0,0.0723,30.0,13310.0,192.0
2021-01-05 09:32:54.521,0.073,0.0737,25.0,0.0723,30.0,13310.0,192.0
2021-01-05 09:32:55.670,0.073,0.0737,25.0,0.0723,30.0,13310.0,192.0
2021-01-05 09:32:56.150,0.0737,0.0737,3.0,0.0723,30.0,13310.0,207.0
2021-01-05 09:32:56.611,0.0737,0.0737,3.0,0.0723,30.0,13310.0,207.0
2021-01-05 09:32:57.181,0.0737,0.0737,3.0,0.0723,30.0,13310.0,207.0
2021-01-05 09:32:57.181,0.0737,0.0737,3.0,0.0723,30.0,13310.0,207.0
2021-01-05 09:32:58.171,0.0737,0.0737,3.0,0.0723,30.0,13310.0,207.0
2021-01-05 09:32:58.651,0.0737,0.0737,23.0,0.0723,30.0,13310.0,207.0
2021-01-05 09:32:59.170,0.0737,0.0737,23.0,0.0723,30.0,13310.0,207.0
2021-01-05 09:32:59.621,0.0737,0.0737,23.0,0.0723,30.0,13310.0,207.0
2021-01-05 09:33:00.651,0.0737,0.0737,33.0,0.0723,30.0,13310.0,207.0
2021-01-05 09:33:01.141,0.0737,0.0737,33.0,0.0723,30.0,13310.0,207.0
2021-01-05 09:33:01.661,0.0737,0.0737,33.0,0.0723,30.0,13310.0,207.0
2021-01-05 09:33:02.620,0.0737,0.0736,10.0,0.0725,10.0,13310.0,207.0
2021-01-05 09:33:03.171,0.0737,0.0736,10.0,0.0725,10.0,13310.0,207.0
2021-01-05 09:33:03.681,0.0737,0.0736,10.0,0.0725,10.0,13310.0,207.0
2021-01-05 09:33:04.140,0.0737,0.0736,10.0,0.0725,10.0,13310.0,207.0
2021-01-05 09:33:04.651,0.0737,0.0736,10.0,0.0725,10.0,13310.0,207.0
2021-01-05 09:33:05.181,0.0737,0.0736,10.0,0.0725,10.0,13310.0,207.0
2021-01-05 09:33:05.690,0.0737,0.0738,10.0,0.0725,10.0,13310.0,207.0
2021-01-05 09:33:06.170,0.0737,0.0738,10.0,0.073,10.0,13310.0,207.0
2021-01-05 09:33:06.681,0.0737,0.074,10.0,0.073,10.0,13310.0,207.0
2021-01-05 09:33:07.171,0.0737,0.0735,1.0,0.073,10.0,13310.0,207.0
2021-01-05 09:33:07.601,0.0737,0.0735,1.0,0.073,10.0,13310.0,207.0
2021-01-05 09:33:08.191,0.0737,0.0735,1.0,0.073,10.0,13310.0,207.0
2021-01-05 09:33:09.181,0.0737,0.0735,1.0,0.0729,10.0,13310.0,207.0
2021-01-05 09:33:09.651,0.0737,0.0735,1.0,0.0729,10.0,13310.0,207.0
2021-01-05 09:33:10.180,0.0737,0.0735,1.0,0.0729,10.0,13310.0,207.0
2021-01-05 09:33:10.681,0.0737,0.0735,1.0,0.0729,10.0,13310.0,207.0
2021-01-05 09:33:11.920,0.0729,0.0735,1.0,0.0729,9.0,13310.0,208.0
2021-01-05 09:33:13.100,0.0729,0.0735,1.0,0.0729,9.0,13310.0,208.0
2021-01-05 09:33:13.691,0.0729,0.0735,1.0,0.0729,9.0,13310.0,208.0
2021-01-05 09:33:14.650,0.0729,0.0735,1.0,0.0729,9.0,13310.0,208.0
2021-01-05 09:33:15.140,0.0729,0.0735,1.0,0.0734,10.0,13310.0,208.0
2021-01-05 09:33:15.651,0.0729,0.0735,1.0,0.0734,10.0,13310.0,208.0
2021-01-05 09:33:16.181,0.0735,0.0739,10.0,0.0734,10.0,13311.0,209.0
2021-01-05 09:33:16.671,0.0735,0.0739,10.0,0.0734,10.0,13311.0,209.0
2021-01-05 09:33:17.190,0.0735,0.0739,10.0,0.0734,10.0,13311.0,209.0
2021-01-05 09:33:18.160,0.0743,0.0743,10.0,0.0734,10.0,13321.0,229.0
2021-01-05 09:33:18.680,0.0743,0.0743,30.0,0.0734,10.0,13321.0,229.0
2021-01-05 09:33:19.191,0.0743,0.0743,10.0,0.0734,10.0,13321.0,229.0
2021-01-05 09:33:19.660,0.0743,0.0743,10.0,0.0734,10.0,13321.0,229.0
2021-01-05 09:33:19.950,0.0743,0.0743,10.0,0.0738,10.0,13321.0,229.0
2021-01-05 09:33:20.680,0.0743,0.0743,10.0,0.0738,10.0,13321.0,229.0
2021-01-05 09:33:21.160,0.0743,0.0743,10.0,0.0738,10.0,13321.0,229.0
2021-01-05 09:33:21.681,0.0743,0.0743,10.0,0.0738,10.0,13321.0,229.0
2021-01-05 09:33:22.150,0.0743,0.0743,10.0,0.0738,10.0,13321.0,229.0
2021-01-05 09:33:22.670,0.0743,0.0743,10.0,0.0738,10.0,13321.0,229.0
2021-01-05 09:33:23.151,0.0743,0.0743,10.0,0.0738,10.0,13321.0,229.0
2021-01-05 09:33:23.660,0.0743,0.0743,10.0,0.0738,10.0,13321.0,229.0
2021-01-05 09:33:24.171,0.0743,0.0743,10.0,0.0738,10.0,13321.0,229.0
2021-01-05 09:33:24.661,0.0743,0.0743,10.0,0.0738,10.0,13321.0,229.0
2021-01-05 09:33:25.671,0.0743,0.0743,10.0,0.0738,10.0,13321.0,229.0
2021-01-05 09:33:26.161,0.0743,0.0743,10.0,0.0735,10.0,13321.0,229.0
2021-01-05 09:33:26.620,0.0735,0.0743,10.0,0.0735,9.0,13321.0,230.0
2021-01-05 09:33:27.171,0.0735,0.0743,10.0,0.0735,9.0,13321.0,230.0
2021-01-05 09:33:27.681,0.0735,0.0743,10.0,0.0735,9.0,13321.0,230.0
2021-01-05 09:33:28.180,0.0735,0.0743,10.0,0.0735,9.0,13321.0,230.0
2021-01-05 09:33:28.670,0.0735,0.0743,10.0,0.0735,9.0,13321.0,230.0
2021-01-05 09:33:29.171,0.0735,0.0743,10.0,0.0735,9.0,13321.0,230.0
2021-01-05 09:33:29.681,0.0735,0.0743,10.0,0.0735,9.0,13321.0,230.0
2021-01-05 09:33:31.680,0.0735,0.0743,10.0,0.0735,9.0,13321.0,230.0
2021-01-05 09:33:36.331,0.0735,0.0743,10.0,0.0735,9.0,13321.0,230.0
2021-01-05 09:33:37.640,0.0735,0.0743,10.0,0.0738,10.0,13321.0,230.0
2021-01-05 09:33:38.120,0.0738,0.0743,10.0,0.0738,9.0,13321.0,231.0
2021-01-05 09:33:39.201,0.0738,0.0743,10.0,0.0738,9.0,13321.0,231.0
2021-01-05 09:33:39.641,0.0738,0.0743,10.0,0.0732,20.0,13312.0,240.0
2021-01-05 09:33:40.160,0.0738,0.0743,10.0,0.0737,10.0,13312.0,240.0
2021-01-05 09:33:40.690,0.0738,0.0743,10.0,0.0737,10.0,13312.0,240.0
2021-01-05 09:33:41.161,0.0738,0.0743,10.0,0.0734,10.0,13312.0,240.0
2021-01-05 09:33:42.160,0.0738,0.0743,10.0,0.0734,10.0,13312.0,240.0
2021-01-05 09:33:42.640,0.0738,0.074,1.0,0.0734,10.0,13312.0,240.0
2021-01-05 09:33:43.180,0.0738,0.0737,32.0,0.0734,10.0,13312.0,240.0
2021-01-05 09:33:43.180,0.0738,0.0735,32.0,0.0734,10.0,13312.0,240.0
2021-01-05 09:33:44.110,0.0738,0.0735,32.0,0.0734,10.0,13312.0,240.0
2021-01-05 09:33:44.671,0.0735,0.0735,41.0,0.0734,10.0,13312.0,241.0
2021-01-05 09:33:45.180,0.0735,0.0735,30.0,0.0734,10.0,13313.0,242.0
2021-01-05 09:33:46.161,0.0735,0.0735,30.0,0.0734,10.0,13313.0,242.0
2021-01-05 09:33:46.680,0.0734,0.0734,10.0,0.073,10.0,13313.0,243.0
2021-01-05 09:33:47.191,0.0734,0.0734,10.0,0.0723,60.0,13313.0,243.0
2021-01-05 09:33:47.681,0.0734,0.0734,10.0,0.0723,50.0,13313.0,243.0
2021-01-05 09:33:48.171,0.0734,0.0734,5.0,0.0723,50.0,13308.0,248.0
2021-01-05 09:33:48.680,0.0734,0.0734,5.0,0.0723,50.0,13308.0,248.0
2021-01-05 09:33:49.120,0.0734,0.0734,25.0,0.0723,30.0,13308.0,248.0
2021-01-05 09:33:49.940,0.0734,0.0734,25.0,0.0723,30.0,13308.0,248.0
2021-01-05 09:33:50.670,0.0734,0.0734,25.0,0.0723,30.0,13308.0,248.0
2021-01-05 09:33:51.141,0.0734,0.0734,25.0,0.0723,30.0,13308.0,248.0
2021-01-05 09:33:51.581,0.0734,0.0729,16.0,0.0723,30.0,13308.0,248.0
2021-01-05 09:33:52.190,0.0734,0.0727,16.0,0.0723,30.0,13308.0,248.0
2021-01-05 09:33:52.661,0.0734,0.0727,16.0,0.0723,30.0,13308.0,248.0
2021-01-05 09:33:52.960,0.0734,0.0727,16.0,0.0723,30.0,13308.0,248.0
2021-01-05 09:33:53.650,0.0727,0.0727,15.0,0.0723,30.0,13308.0,249.0
2021-01-05 09:33:55.181,0.0727,0.0727,15.0,0.0723,30.0,13308.0,249.0
2021-01-05 09:33:55.650,0.0727,0.0727,15.0,0.0723,30.0,13308.0,249.0
2021-01-05 09:33:56.681,0.0727,0.0727,15.0,0.0724,3.0,13308.0,249.0
2021-01-05 09:33:57.671,0.0727,0.0727,15.0,0.0723,30.0,13308.0,249.0
2021-01-05 09:33:58.170,0.0727,0.0727,15.0,0.0723,30.0,13308.0,249.0
2021-01-05 09:33:59.140,0.0723,0.0727,35.0,0.0723,10.0,13308.0,269.0
2021-01-05 09:33:59.590,0.0723,0.0727,35.0,0.0723,10.0,13308.0,269.0
2021-01-05 09:34:01.081,0.0723,0.0727,35.0,0.0723,10.0,13308.0,269.0
2021-01-05 09:34:01.661,0.0723,0.0727,35.0,0.0714,20.0,13308.0,279.0
2021-01-05 09:34:02.170,0.0723,0.0727,35.0,0.0721,10.0,13308.0,279.0
2021-01-05 09:34:03.171,0.0723,0.0727,35.0,0.0721,10.0,13308.0,279.0
2021-01-05 09:34:03.670,0.0723,0.0727,35.0,0.0721,10.0,13308.0,279.0
2021-01-05 09:34:04.120,0.0723,0.0727,35.0,0.0721,10.0,13308.0,279.0
2021-01-05 09:34:04.671,0.0723,0.0727,45.0,0.0721,10.0,13308.0,279.0
2021-01-05 09:34:05.121,0.0721,0.0727,45.0,0.0713,10.0,13308.0,289.0
2021-01-05 09:34:05.630,0.0721,0.0727,45.0,0.0718,10.0,13308.0,289.0
2021-01-05 09:34:06.191,0.0721,0.0727,45.0,0.0718,10.0,13308.0,289.0
2021-01-05 09:34:07.130,0.0721,0.0727,45.0,0.0718,10.0,13308.0,289.0
2021-01-05 09:34:07.630,0.0721,0.0727,55.0,0.0718,10.0,13308.0,289.0
2021-01-05 09:34:08.171,0.0718,0.0727,55.0,0.0713,10.0,13308.0,299.0
2021-01-05 09:34:08.690,0.0718,0.0725,10.0,0.0716,10.0,13308.0,299.0
2021-01-05 09:34:09.170,0.0718,0.0725,30.0,0.0711,10.0,13308.0,299.0
2021-01-05 09:34:09.670,0.0718,0.0725,30.0,0.0711,14.0,13308.0,299.0
2021-01-05 09:34:10.140,0.0718,0.0721,1.0,0.071,20.0,13308.0,299.0
2021-01-05 09:34:10.690,0.0718,0.0721,1.0,0.0711,14.0,13308.0,299.0
2021-01-05 09:34:11.681,0.0718,0.0721,1.0,0.0711,14.0,13308.0,299.0
2021-01-05 09:34:12.640,0.0718,0.0721,11.0,0.0717,10.0,13308.0,299.0
2021-01-05 09:34:13.191,0.0718,0.0721,1.0,0.0717,10.0,13308.0,299.0
2021-01-05 09:34:13.681,0.0718,0.0721,1.0,0.0717,10.0,13308.0,299.0
2021-01-05 09:34:14.181,0.0718,0.0721,1.0,0.072,10.0,13308.0,299.0
2021-01-05 09:34:14.691,0.0718,0.0721,1.0,0.072,10.0,13308.0,299.0
2021-01-05 09:34:15.181,0.0721,0.0727,10.0,0.0721,2.0,13308.0,300.0
2021-01-05 09:34:15.681,0.072,0.0719,22.0,0.0718,10.0,13308.0,312.0
2021-01-05 09:34:16.190,0.0719,0.0719,49.0,0.0718,10.0,13311.0,317.0
2021-01-05 09:34:16.620,0.0718,0.0719,49.0,0.0718,9.0,13311.0,318.0
2021-01-05 09:34:17.070,0.0718,0.0723,10.0,0.0718,9.0,13311.0,318.0
2021-01-05 09:34:17.690,0.0718,0.0726,10.0,0.0718,9.0,13311.0,318.0
2021-01-05 09:34:18.201,0.0718,0.0723,20.0,0.0718,9.0,13311.0,318.0
2021-01-05 09:34:18.201,0.0718,0.0724,10.0,0.0718,9.0,13311.0,318.0
2021-01-05 09:34:19.041,0.0718,0.072,1.0,0.0718,9.0,13311.0,318.0
2021-01-05 09:34:19.700,0.0718,0.072,1.0,0.0718,9.0,13311.0,318.0
2021-01-05 09:34:21.490,0.0718,0.072,1.0,0.0718,7.0,13311.0,320.0
2021-01-05 09:34:22.151,0.0718,0.072,1.0,0.0716,1.0,13311.0,320.0
2021-01-05 09:34:22.651,0.0718,0.072,1.0,0.0716,1.0,13311.0,320.0
2021-01-05 09:34:23.090,0.0718,0.072,1.0,0.0711,10.0,13311.0,320.0
2021-01-05 09:34:23.640,0.0718,0.072,2.0,0.071,20.0,13311.0,320.0
2021-01-05 09:34:24.170,0.0718,0.0716,16.0,0.071,20.0,13311.0,320.0
2021-01-05 09:34:24.380,0.0718,0.0712,32.0,0.0709,13.0,13311.0,320.0
2021-01-05 09:34:25.150,0.0712,0.0712,28.0,0.0709,13.0,13314.0,324.0
2021-01-05 09:34:25.671,0.0712,0.0712,27.0,0.0709,13.0,13314.0,325.0
2021-01-05 09:34:26.641,0.0712,0.0712,27.0,0.0711,12.0,13314.0,325.0
2021-01-05 09:34:27.150,0.0711,0.0712,27.0,0.0708,40.0,13315.0,326.0
2021-01-05 09:34:27.690,0.0712,0.0712,15.0,0.071,12.0,13327.0,338.0
2021-01-05 09:34:28.120,0.0712,0.0712,15.0,0.071,12.0,13327.0,338.0
2021-01-05 09:34:28.621,0.0712,0.0712,15.0,0.071,12.0,13327.0,338.0
2021-01-05 09:34:30.170,0.0712,0.0716,10.0,0.071,12.0,13327.0,338.0
2021-01-05 09:34:30.681,0.0712,0.0717,22.0,0.0715,10.0,13327.0,338.0
2021-01-05 09:34:31.190,0.0715,0.0715,5.0,0.0709,10.0,13327.0,348.0
2021-01-05 09:34:31.280,0.0715,0.0717,22.0,0.0712,10.0,13327.0,348.0
2021-01-05 09:34:32.121,0.0715,0.0715,12.0,0.0712,10.0,13327.0,348.0
2021-01-05 09:34:32.690,0.0715,0.0716,12.0,0.0712,10.0,13327.0,348.0
2021-01-05 09:34:33.090,0.0715,0.0715,12.0,0.0712,10.0,13327.0,348.0
2021-01-05 09:34:33.691,0.0715,0.0715,12.0,0.0712,10.0,13327.0,348.0
2021-01-05 09:34:34.171,0.0715,0.0715,22.0,0.0712,10.0,13327.0,348.0
2021-01-05 09:34:34.640,0.0715,0.0714,12.0,0.0712,10.0,13327.0,348.0
2021-01-05 09:34:35.130,0.0715,0.0714,12.0,0.0712,10.0,13327.0,348.0
2021-01-05 09:34:35.691,0.0715,0.0715,12.0,0.0712,10.0,13327.0,348.0
2021-01-05 09:34:36.171,0.0712,0.0715,12.0,0.0712,9.0,13327.0,349.0
2021-01-05 09:34:36.680,0.0712,0.0714,12.0,0.0712,9.0,13327.0,349.0
2021-01-05 09:34:37.161,0.0712,0.0713,12.0,0.0712,9.0,13327.0,349.0
2021-01-05 09:34:37.700,0.0712,0.0714,22.0,0.0709,10.0,13327.0,349.0
2021-01-05 09:34:38.171,0.0712,0.0712,12.0,0.0709,10.0,13327.0,349.0
2021-01-05 09:34:38.690,0.0712,0.0712,22.0,0.0709,10.0,13327.0,349.0
2021-01-05 09:34:39.091,0.0712,0.0712,22.0,0.071,10.0,13327.0,349.0
2021-01-05 09:34:39.470,0.0712,0.0712,12.0,0.071,10.0,13327.0,349.0
2021-01-05 09:34:40.171,0.0712,0.0711,12.0,0.071,10.0,13327.0,349.0
2021-01-05 09:34:40.651,0.0712,0.0711,12.0,0.071,10.0,13327.0,349.0
2021-01-05 09:34:41.201,0.0712,0.0711,12.0,0.071,10.0,13327.0,349.0
2021-01-05 09:34:41.700,0.071,0.071,2.0,0.0706,12.0,13327.0,359.0
2021-01-05 09:34:42.100,0.071,0.0712,10.0,0.0709,10.0,13327.0,359.0
2021-01-05 09:34:42.680,0.071,0.0711,1.0,0.0709,10.0,13327.0,359.0
2021-01-05 09:34:43.191,0.071,0.0712,1.0,0.0709,10.0,13327.0,359.0
2021-01-05 09:34:43.671,0.071,0.0712,1.0,0.0709,22.0,13327.0,359.0
2021-01-05 09:34:44.151,0.071,0.0713,1.0,0.0709,22.0,13327.0,359.0
2021-01-05 09:34:44.701,0.071,0.0713,1.0,0.0709,22.0,13327.0,359.0
2021-01-05 09:34:45.200,0.071,0.0713,13.0,0.0709,10.0,13327.0,359.0
2021-01-05 09:34:45.721,0.071,0.0713,1.0,0.0709,22.0,13327.0,359.0
2021-01-05 09:34:46.201,0.071,0.0712,12.0,0.0709,10.0,13327.0,359.0
2021-01-05 09:34:46.660,0.071,0.0713,1.0,0.071,12.0,13327.0,359.0
2021-01-05 09:34:47.701,0.071,0.0712,12.0,0.0708,12.0,13327.0,360.0
2021-01-05 09:34:48.141,0.071,0.0712,32.0,0.0708,12.0,13327.0,360.0
2021-01-05 09:34:49.701,0.071,0.0712,20.0,0.0709,12.0,13327.0,360.0
2021-01-05 09:34:50.220,0.071,0.0712,20.0,0.0709,12.0,13327.0,360.0
2021-01-05 09:34:50.700,0.071,0.0713,10.0,0.0709,12.0,13327.0,360.0
2021-01-05 09:34:51.200,0.071,0.0714,32.0,0.0709,12.0,13327.0,360.0
2021-01-05 09:34:51.651,0.071,0.0714,20.0,0.0709,22.0,13327.0,360.0
2021-01-05 09:34:52.220,0.071,0.0714,32.0,0.0709,12.0,13327.0,360.0
2021-01-05 09:34:52.650,0.071,0.0714,20.0,0.0705,12.0,13327.0,360.0
2021-01-05 09:34:53.180,0.071,0.0712,12.0,0.0704,12.0,13327.0,360.0
2021-01-05 09:34:53.651,0.071,0.0712,32.0,0.0701,10.0,13327.0,360.0
2021-01-05 09:34:54.170,0.071,0.071,12.0,0.0702,12.0,13327.0,360.0
2021-01-05 09:34:54.631,0.071,0.071,42.0,0.0701,10.0,13327.0,360.0
2021-01-05 09:34:55.161,0.071,0.0708,22.0,0.0701,10.0,13327.0,360.0
2021-01-05 09:34:55.680,0.071,0.0706,12.0,0.0702,12.0,13327.0,360.0
2021-01-05 09:34:56.141,0.071,0.0706,12.0,0.0702,10.0,13327.0,360.0
2021-01-05 09:34:56.681,0.071,0.0705,12.0,0.0701,10.0,13327.0,360.0
2021-01-05 09:34:57.130,0.0705,0.0705,10.0,0.0701,10.0,13336.0,369.0
2021-01-05 09:34:57.670,0.0705,0.0705,22.0,0.0701,10.0,13336.0,369.0
2021-01-05 09:34:58.160,0.0705,0.0705,22.0,0.07,32.0,13336.0,369.0
2021-01-05 09:34:58.640,0.0705,0.0705,32.0,0.07,32.0,13336.0,369.0
2021-01-05 09:34:59.170,0.0705,0.0704,12.0,0.07,20.0,13336.0,369.0
2021-01-05 09:35:00.160,0.0705,0.0704,20.0,0.0701,12.0,13336.0,369.0
2021-01-05 09:35:00.630,0.0705,0.0704,10.0,0.0701,12.0,13336.0,369.0
2021-01-05 09:35:01.070,0.0705,0.0704,24.0,0.0701,12.0,13336.0,369.0
2021-01-05 09:35:01.620,0.0705,0.0704,10.0,0.0702,12.0,13336.0,369.0
2021-01-05 09:35:02.160,0.0705,0.0704,20.0,0.0702,12.0,13336.0,369.0
2021-01-05 09:35:02.680,0.0705,0.0704,10.0,0.0702,12.0,13336.0,369.0
2021-01-05 09:35:03.180,0.0705,0.0704,20.0,0.0702,12.0,13336.0,369.0
2021-01-05 09:35:03.660,0.0705,0.0707,10.0,0.0702,12.0,13336.0,369.0
2021-01-05 09:35:04.061,0.0705,0.0703,10.0,0.0702,12.0,13336.0,369.0
2021-01-05 09:35:05.180,0.0705,0.0706,10.0,0.0702,12.0,13336.0,369.0
2021-01-05 09:35:05.671,0.0705,0.0706,20.0,0.0702,12.0,13336.0,369.0
2021-01-05 09:35:06.180,0.0702,0.0707,10.0,0.0704,12.0,13334.0,371.0
2021-01-05 09:35:06.680,0.0704,0.0706,24.0,0.0703,12.0,13334.0,372.0
2021-01-05 09:35:07.131,0.0704,0.0706,30.0,0.0702,12.0,13334.0,372.0
2021-01-05 09:35:07.650,0.0704,0.0705,26.0,0.07,32.0,13334.0,372.0
2021-01-05 09:35:08.171,0.0704,0.0704,22.0,0.07,20.0,13334.0,372.0
2021-01-05 09:35:09.191,0.07,0.0702,12.0,0.0697,10.0,13354.0,392.0
2021-01-05 09:35:09.700,0.07,0.0702,32.0,0.0697,10.0,13354.0,392.0
2021-01-05 09:35:10.180,0.07,0.07,12.0,0.0697,10.0,13354.0,392.0
2021-01-05 09:35:10.691,0.07,0.07,12.0,0.0697,10.0,13354.0,392.0
2021-01-05 09:35:11.160,0.07,0.0702,12.0,0.0697,10.0,13354.0,392.0
2021-01-05 09:35:11.680,0.07,0.0701,12.0,0.0696,10.0,13354.0,392.0
2021-01-05 09:35:12.101,0.07,0.07,12.0,0.0696,22.0,13354.0,392.0
2021-01-05 09:35:12.691,0.07,0.0701,22.0,0.0697,12.0,13354.0,392.0
2021-01-05 09:35:13.160,0.07,0.0703,10.0,0.0698,12.0,13354.0,392.0
2021-01-05 09:35:13.640,0.07,0.0705,10.0,0.0699,22.0,13354.0,392.0
2021-01-05 09:35:14.191,0.07,0.0706,10.0,0.0701,12.0,13354.0,392.0
2021-01-05 09:35:14.700,0.07,0.0706,10.0,0.0701,22.0,13354.0,392.0
2021-01-05 09:35:15.171,0.07,0.0706,10.0,0.0703,12.0,13354.0,392.0
2021-01-05 09:35:15.701,0.07,0.0706,10.0,0.0701,20.0,13354.0,392.0
2021-01-05 09:35:16.141,0.07,0.0705,12.0,0.0701,10.0,13354.0,392.0
2021-01-05 09:35:16.681,0.07,0.0704,12.0,0.0702,10.0,13354.0,392.0
2021-01-05 09:35:18.170,0.07,0.0704,12.0,0.0702,10.0,13354.0,392.0
2021-01-05 09:35:18.681,0.07,0.0706,22.0,0.0702,22.0,13354.0,392.0
2021-01-05 09:35:19.641,0.07,0.0706,10.0,0.0702,22.0,13354.0,392.0
2021-01-05 09:35:20.170,0.07,0.0705,12.0,0.0702,10.0,13354.0,392.0
2021-01-05 09:35:20.681,0.07,0.0704,12.0,0.0702,10.0,13354.0,392.0
2021-01-05 09:35:21.180,0.07,0.0706,10.0,0.0702,10.0,13354.0,392.0
2021-01-05 09:35:21.620,0.07,0.0704,12.0,0.0701,10.0,13354.0,392.0
2021-01-05 09:35:22.171,0.07,0.0704,22.0,0.07,20.0,13354.0,392.0
2021-01-05 09:35:22.650,0.07,0.0704,22.0,0.07,32.0,13354.0,392.0
2021-01-05 09:35:23.151,0.07,0.0704,12.0,0.07,32.0,13354.0,392.0
2021-01-05 09:35:23.680,0.07,0.0704,22.0,0.07,20.0,13354.0,392.0
2021-01-05 09:35:24.171,0.07,0.0704,10.0,0.07,32.0,13354.0,392.0
2021-01-05 09:35:24.671,0.07,0.0702,12.0,0.07,20.0,13354.0,392.0
2021-01-05 09:35:25.170,0.07,0.0702,22.0,0.07,20.0,13354.0,392.0
2021-01-05 09:35:25.660,0.07,0.0701,12.0,0.07,20.0,13354.0,392.0
2021-01-05 09:35:26.160,0.07,0.0701,10.0,0.07,20.0,13354.0,392.0
2021-01-05 09:35:26.651,0.07,0.0701,10.0,0.07,10.0,13354.0,392.0
2021-01-05 09:35:27.641,0.07,0.0701,10.0,0.07,22.0,13354.0,392.0
2021-01-05 09:35:28.131,0.07,0.0701,10.0,0.07,32.0,13354.0,392.0
2021-01-05 09:35:30.121,0.07,0.0701,10.0,0.07,10.0,13354.0,392.0
2021-01-05 09:35:31.170,0.07,0.0702,10.0,0.07,10.0,13354.0,392.0
2021-01-05 09:35:31.700,0.07,0.0704,22.0,0.07,22.0,13354.0,392.0
2021-01-05 09:35:32.161,0.07,0.0704,20.0,0.07,10.0,13354.0,392.0
2021-01-05 09:35:32.630,0.07,0.0702,12.0,0.07,10.0,13354.0,392.0
2021-01-05 09:35:33.160,0.07,0.0702,12.0,0.0698,10.0,13354.0,392.0
2021-01-05 09:35:33.650,0.07,0.0702,22.0,0.0697,10.0,13354.0,392.0
2021-01-05 09:35:34.190,0.07,0.07,12.0,0.0697,10.0,13354.0,392.0
2021-01-05 09:35:34.611,0.07,0.07,12.0,0.0697,10.0,13354.0,392.0
2021-01-05 09:35:35.200,0.07,0.0701,12.0,0.0697,22.0,13354.0,392.0
2021-01-05 09:35:35.600,0.07,0.07,10.0,0.0697,12.0,13354.0,392.0
2021-01-05 09:35:36.180,0.07,0.07,10.0,0.0696,12.0,13354.0,392.0
2021-01-05 09:35:36.601,0.07,0.07,10.0,0.0696,12.0,13354.0,392.0
2021-01-05 09:35:37.640,0.07,0.0701,20.0,0.0696,12.0,13354.0,392.0
2021-01-05 09:35:38.190,0.07,0.0701,10.0,0.0697,12.0,13354.0,392.0
2021-01-05 09:35:38.670,0.07,0.0702,20.0,0.0697,12.0,13354.0,392.0
2021-01-05 09:35:39.140,0.07,0.0702,20.0,0.0698,12.0,13354.0,392.0
2021-01-05 09:35:39.690,0.07,0.0702,20.0,0.0698,12.0,13354.0,392.0
2021-01-05 09:35:40.191,0.07,0.0702,22.0,0.0698,22.0,13354.0,392.0
2021-01-05 09:35:40.691,0.07,0.0702,22.0,0.0698,22.0,13354.0,392.0
2021-01-05 09:35:41.190,0.07,0.0702,12.0,0.0698,22.0,13354.0,392.0
2021-01-05 09:35:41.680,0.07,0.0703,22.0,0.0699,12.0,13354.0,392.0
2021-01-05 09:35:42.160,0.07,0.0702,22.0,0.0698,12.0,13354.0,392.0
2021-01-05 09:35:42.410,0.07,0.0701,12.0,0.0697,10.0,13354.0,392.0
2021-01-05 09:35:43.190,0.07,0.07,12.0,0.0697,10.0,13354.0,392.0
2021-01-05 09:35:43.661,0.07,0.0702,10.0,0.0697,10.0,13354.0,392.0
2021-01-05 09:35:44.101,0.07,0.0701,10.0,0.0697,10.0,13354.0,392.0
2021-01-05 09:35:44.681,0.07,0.0699,12.0,0.0695,12.0,13354.0,392.0
2021-01-05 09:35:45.071,0.07,0.07,22.0,0.0697,10.0,13354.0,392.0
2021-01-05 09:35:45.670,0.07,0.0698,10.0,0.0697,10.0,13354.0,392.0
2021-01-05 09:35:46.170,0.07,0.0698,12.0,0.0697,10.0,13354.0,392.0
2021-01-05 09:35:46.700,0.07,0.0698,22.0,0.0694,22.0,13354.0,392.0
2021-01-05 09:35:47.201,0.07,0.0698,22.0,0.0694,22.0,13354.0,392.0
2021-01-05 09:35:48.181,0.07,0.0696,12.0,0.0694,10.0,13354.0,392.0
2021-01-05 09:35:48.650,0.07,0.0697,10.0,0.0695,12.0,13354.0,392.0
2021-01-05 09:35:49.180,0.07,0.0697,12.0,0.0694,10.0,13354.0,392.0
2021-01-05 09:35:50.150,0.0694,0.0697,22.0,0.0694,8.0,13354.0,394.0
2021-01-05 09:35:50.680,0.0694,0.0698,42.0,0.0694,20.0,13354.0,394.0
2021-01-05 09:35:51.180,0.0694,0.0698,42.0,0.0694,20.0,13354.0,394.0
2021-01-05 09:35:51.710,0.0694,0.0698,10.0,0.0697,10.0,13354.0,394.0
2021-01-05 09:35:52.190,0.0694,0.0699,30.0,0.0695,12.0,13354.0,394.0
2021-01-05 09:35:52.671,0.0694,0.0699,42.0,0.0695,12.0,13354.0,394.0
2021-01-05 09:35:53.111,0.0694,0.0698,12.0,0.0694,22.0,13354.0,394.0
2021-01-05 09:35:53.631,0.0694,0.0698,10.0,0.0695,12.0,13354.0,394.0
2021-01-05 09:35:54.161,0.0694,0.0698,10.0,0.0696,12.0,13354.0,394.0
2021-01-05 09:35:54.640,0.0694,0.0698,10.0,0.0697,12.0,13354.0,394.0
2021-01-05 09:35:55.181,0.0694,0.07,11.0,0.0698,25.0,13354.0,394.0
2021-01-05 09:35:55.691,0.0694,0.07,1.0,0.0699,12.0,13354.0,394.0
2021-01-05 09:35:56.121,0.0694,0.07,1.0,0.0699,12.0,13354.0,394.0
2021-01-05 09:35:56.661,0.0694,0.07,1.0,0.0698,10.0,13354.0,394.0
2021-01-05 09:35:57.160,0.0694,0.07,1.0,0.0698,22.0,13354.0,394.0
2021-01-05 09:35:57.681,0.07,0.0702,20.0,0.07,12.0,13354.0,395.0
2021-01-05 09:35:58.150,0.07,0.0702,20.0,0.0699,12.0,13354.0,395.0
2021-01-05 09:35:58.150,0.07,0.0702,10.0,0.0699,12.0,13354.0,395.0
2021-01-05 09:35:59.640,0.07,0.0702,20.0,0.0699,12.0,13354.0,395.0
2021-01-05 09:36:00.190,0.07,0.0702,42.0,0.0697,12.0,13354.0,395.0
2021-01-05 09:36:00.680,0.07,0.0702,44.0,0.0697,12.0,13354.0,395.0
2021-01-05 09:36:01.181,0.0702,0.0702,42.0,0.0697,12.0,13352.0,397.0
2021-01-05 09:36:01.671,0.0702,0.0702,28.0,0.0697,12.0,13352.0,397.0
2021-01-05 09:36:02.170,0.0702,0.0702,30.0,0.0697,22.0,13352.0,397.0
2021-01-05 09:36:02.701,0.0702,0.0703,32.0,0.0699,12.0,13352.0,397.0
2021-01-05 09:36:03.150,0.0702,0.0703,22.0,0.0699,12.0,13352.0,397.0
2021-01-05 09:36:04.201,0.0702,0.0703,10.0,0.07,22.0,13352.0,397.0
2021-01-05 09:36:04.670,0.0702,0.0703,10.0,0.07,22.0,13352.0,397.0
2021-01-05 09:36:05.150,0.0702,0.0702,10.0,0.07,22.0,13352.0,397.0
2021-01-05 09:36:05.690,0.0702,0.0702,10.0,0.07,12.0,13352.0,397.0
2021-01-05 09:36:06.180,0.0702,0.0702,20.0,0.07,12.0,13352.0,397.0
2021-01-05 09:36:06.700,0.0702,0.0702,15.0,0.07,12.0,13352.0,402.0
2021-01-05 09:36:09.161,0.0702,0.0702,10.0,0.07,12.0,13352.0,402.0
2021-01-05 09:36:09.691,0.0702,0.0702,20.0,0.07,12.0,13352.0,402.0
2021-01-05 09:36:10.160,0.0702,0.0703,10.0,0.07,22.0,13352.0,402.0
2021-01-05 09:36:10.671,0.0702,0.0703,10.0,0.0702,12.0,13352.0,402.0
2021-01-05 09:36:11.180,0.0702,0.0703,12.0,0.07,10.0,13352.0,402.0
2021-01-05 09:36:11.651,0.0702,0.0702,12.0,0.07,10.0,13352.0,402.0
2021-01-05 09:36:12.181,0.0702,0.0703,22.0,0.0698,22.0,13352.0,402.0
2021-01-05 09:36:12.690,0.0702,0.0702,12.0,0.0698,10.0,13352.0,402.0
2021-01-05 09:36:13.190,0.0702,0.0703,32.0,0.0698,22.0,13352.0,402.0
2021-01-05 09:36:13.920,0.0702,0.0703,32.0,0.0699,10.0,13352.0,402.0
2021-01-05 09:36:14.690,0.0702,0.0703,22.0,0.0699,10.0,13352.0,402.0
2021-01-05 09:36:15.170,0.0702,0.0704,32.0,0.0699,22.0,13352.0,402.0
2021-01-05 09:36:16.150,0.0702,0.0704,10.0,0.07,12.0,13352.0,402.0
2021-01-05 09:36:17.670,0.0702,0.0704,20.0,0.07,12.0,13352.0,402.0
2021-01-05 09:36:18.181,0.0702,0.0704,10.0,0.07,12.0,13352.0,402.0
2021-01-05 09:36:18.680,0.0702,0.0704,10.0,0.0701,12.0,13352.0,402.0
2021-01-05 09:36:19.151,0.0702,0.0703,12.0,0.0699,32.0,13352.0,402.0
2021-01-05 09:36:19.691,0.0702,0.0704,22.0,0.07,22.0,13352.0,402.0
2021-01-05 09:36:21.120,0.0702,0.0704,10.0,0.0701,12.0,13352.0,402.0
2021-01-05 09:36:21.691,0.0702,0.0704,10.0,0.07,32.0,13352.0,402.0
2021-01-05 09:36:22.171,0.0702,0.0704,12.0,0.07,10.0,13352.0,402.0
2021-01-05 09:36:22.680,0.0702,0.0705,12.0,0.07,42.0,13352.0,402.0
2021-01-05 09:36:23.191,0.0702,0.0705,22.0,0.07,32.0,13352.0,402.0
2021-01-05 09:36:23.681,0.0702,0.0704,22.0,0.07,20.0,13352.0,402.0
2021-01-05 09:36:24.171,0.0702,0.0703,12.0,0.0698,22.0,13352.0,402.0
2021-01-05 09:36:24.701,0.0702,0.0703,22.0,0.0698,22.0,13352.0,402.0
2021-01-05 09:36:25.181,0.0702,0.0703,22.0,0.0699,12.0,13352.0,402.0
2021-01-05 09:36:25.650,0.0702,0.0703,10.0,0.07,12.0,13352.0,402.0
2021-01-05 09:36:26.171,0.0702,0.0703,12.0,0.0699,10.0,13352.0,402.0
2021-01-05 09:36:26.651,0.0702,0.0703,12.0,0.0698,32.0,13352.0,402.0
2021-01-05 09:36:27.070,0.0702,0.0703,12.0,0.0698,32.0,13352.0,402.0
2021-01-05 09:36:27.690,0.0702,0.0702,10.0,0.0698,12.0,13352.0,402.0
2021-01-05 09:36:28.120,0.0702,0.0702,22.0,0.0697,22.0,13352.0,402.0
2021-01-05 09:36:28.681,0.0702,0.0702,22.0,0.0697,12.0,13352.0,402.0
2021-01-05 09:36:29.171,0.0702,0.07,12.0,0.0696,12.0,13352.0,402.0
2021-01-05 09:36:29.661,0.0702,0.07,10.0,0.0696,12.0,13352.0,402.0
2021-01-05 09:36:30.161,0.0702,0.07,10.0,0.0696,12.0,13352.0,402.0
2021-01-05 09:36:30.700,0.0702,0.0701,30.0,0.0696,22.0,13352.0,402.0
2021-01-05 09:36:31.181,0.0702,0.07,12.0,0.0696,10.0,13352.0,402.0
2021-01-05 09:36:31.690,0.0702,0.0701,32.0,0.0696,22.0,13352.0,402.0
2021-01-05 09:36:32.130,0.0702,0.0699,12.0,0.0696,10.0,13352.0,402.0
2021-01-05 09:36:32.660,0.0702,0.0699,12.0,0.0696,10.0,13352.0,402.0
2021-01-05 09:36:33.200,0.0702,0.0701,10.0,0.0698,12.0,13352.0,402.0
2021-01-05 09:36:33.670,0.0702,0.0701,10.0,0.0698,12.0,13352.0,402.0
2021-01-05 09:36:34.091,0.0702,0.0701,10.0,0.0697,12.0,13352.0,402.0
2021-01-05 09:36:35.150,0.0702,0.0702,10.0,0.0698,12.0,13352.0,402.0
2021-01-05 09:36:35.701,0.0702,0.0702,22.0,0.0698,12.0,13352.0,402.0
2021-01-05 09:36:36.191,0.0702,0.0702,32.0,0.0698,12.0,13352.0,402.0
2021-01-05 09:36:36.700,0.0702,0.07,10.0,0.0696,22.0,13352.0,402.0
2021-01-05 09:36:37.190,0.0702,0.0701,32.0,0.0696,22.0,13352.0,402.0
2021-01-05 09:36:38.120,0.0702,0.0701,30.0,0.0697,12.0,13352.0,402.0
2021-01-05 09:36:39.680,0.0697,0.0701,42.0,0.0697,12.0,13352.0,407.0
2021-01-05 09:36:40.191,0.0697,0.0701,22.0,0.0697,22.0,13352.0,407.0
2021-01-05 09:36:40.700,0.0697,0.0699,12.0,0.0696,10.0,13352.0,407.0
2021-01-05 09:36:41.201,0.0697,0.0699,12.0,0.0696,20.0,13352.0,407.0
2021-01-05 09:36:41.641,0.0697,0.0701,22.0,0.0696,32.0,13352.0,407.0
2021-01-05 09:36:42.200,0.0697,0.0699,12.0,0.0696,20.0,13352.0,407.0
2021-01-05 09:36:42.690,0.0697,0.0701,20.0,0.0696,20.0,13352.0,407.0
2021-01-05 09:36:43.180,0.0697,0.0699,12.0,0.0696,10.0,13352.0,407.0
2021-01-05 09:36:43.700,0.0697,0.0699,12.0,0.0696,10.0,13352.0,407.0
2021-01-05 09:36:44.200,0.0697,0.0699,12.0,0.0696,10.0,13352.0,407.0
2021-01-05 09:36:45.191,0.0697,0.0699,12.0,0.0694,10.0,13352.0,407.0
2021-01-05 09:36:45.631,0.0697,0.0698,22.0,0.0694,10.0,13352.0,407.0
2021-01-05 09:36:46.111,0.0697,0.0696,12.0,0.0692,22.0,13352.0,407.0
2021-01-05 09:36:46.651,0.0697,0.0696,12.0,0.0692,10.0,13352.0,407.0
2021-01-05 09:36:47.130,0.0697,0.0695,12.0,0.0692,10.0,13352.0,407.0
2021-01-05 09:36:47.660,0.0697,0.0695,12.0,0.069,62.0,13352.0,407.0
2021-01-05 09:36:48.130,0.0697,0.0694,12.0,0.069,62.0,13352.0,407.0
2021-01-05 09:36:48.630,0.0697,0.0696,20.0,0.0691,10.0,13372.0,427.0
2021-01-05 09:36:49.181,0.0697,0.0696,30.0,0.0692,12.0,13372.0,427.0
2021-01-05 09:36:49.700,0.0697,0.0696,20.0,0.0693,12.0,13372.0,427.0
2021-01-05 09:36:51.671,0.0697,0.0696,20.0,0.0692,12.0,13372.0,427.0
2021-01-05 09:36:53.191,0.0696,0.0697,12.0,0.0692,12.0,13382.0,447.0
2021-01-05 09:36:53.671,0.0696,0.0697,12.0,0.0692,12.0,13392.0,457.0
2021-01-05 09:36:54.180,0.0696,0.0696,10.0,0.069,62.0,13392.0,457.0
2021-01-05 09:36:54.291,0.0696,0.0698,10.0,0.0692,32.0,13392.0,457.0
2021-01-05 09:36:55.171,0.0699,0.0696,12.0,0.0692,32.0,13412.0,477.0
2021-01-05 09:36:55.651,0.0698,0.0698,12.0,0.0692,32.0,13422.0,487.0
2021-01-05 09:36:56.141,0.0698,0.0698,22.0,0.0692,32.0,13422.0,487.0
2021-01-05 09:36:56.691,0.0698,0.0697,12.0,0.0693,12.0,13422.0,487.0
2021-01-05 09:36:57.171,0.0698,0.0697,12.0,0.0693,12.0,13442.0,507.0
2021-01-05 09:36:57.601,0.0698,0.0698,10.0,0.0695,12.0,13442.0,507.0
2021-01-05 09:36:58.160,0.0698,0.0698,10.0,0.0695,12.0,13442.0,507.0
2021-01-05 09:36:58.431,0.0698,0.0698,10.0,0.0695,12.0,13442.0,507.0
2021-01-05 09:36:59.181,0.0698,0.0697,10.0,0.0695,12.0,13442.0,507.0
2021-01-05 09:36:59.690,0.0698,0.0696,10.0,0.0695,12.0,13442.0,507.0
2021-01-05 09:37:00.160,0.0698,0.0696,10.0,0.0692,12.0,13442.0,507.0
2021-01-05 09:37:00.700,0.0698,0.0696,10.0,0.0692,12.0,13442.0,507.0
2021-01-05 09:37:01.640,0.0698,0.0695,10.0,0.0692,22.0,13442.0,507.0
2021-01-05 09:37:02.191,0.0698,0.0696,10.0,0.0694,12.0,13442.0,507.0
2021-01-05 09:37:02.640,0.0698,0.0697,10.0,0.0694,12.0,13442.0,507.0
2021-01-05 09:37:03.151,0.0698,0.0696,10.0,0.0695,12.0,13442.0,507.0
2021-01-05 09:37:03.630,0.0698,0.0697,10.0,0.0695,12.0,13442.0,507.0
2021-01-05 09:37:04.200,0.0697,0.07,10.0,0.0695,22.0,13442.0,517.0
2021-01-05 09:37:04.690,0.0697,0.0701,10.0,0.0697,12.0,13442.0,517.0
2021-01-05 09:37:05.140,0.0697,0.07,22.0,0.0696,12.0,13442.0,517.0
2021-01-05 09:37:05.701,0.0697,0.0701,10.0,0.0697,12.0,13442.0,517.0
2021-01-05 09:37:06.171,0.0697,0.0701,10.0,0.0695,10.0,13442.0,517.0
2021-01-05 09:37:06.171,0.0697,0.07,12.0,0.0696,12.0,13442.0,517.0
2021-01-05 09:37:07.681,0.0697,0.0699,12.0,0.0695,22.0,13442.0,517.0
2021-01-05 09:37:08.200,0.0697,0.0698,12.0,0.0695,10.0,13442.0,517.0
2021-01-05 09:37:08.630,0.0697,0.0698,22.0,0.0694,12.0,13442.0,517.0
2021-01-05 09:37:09.170,0.0697,0.0697,10.0,0.0694,12.0,13442.0,517.0
2021-01-05 09:37:09.660,0.0697,0.0697,12.0,0.0692,32.0,13442.0,517.0
2021-01-05 09:37:10.140,0.0697,0.0698,20.0,0.0694,22.0,13442.0,517.0
2021-01-05 09:37:10.701,0.0697,0.0698,10.0,0.0695,22.0,13442.0,517.0
2021-01-05 09:37:11.700,0.0697,0.0698,22.0,0.0695,10.0,13442.0,517.0
2021-01-05 09:37:12.131,0.0697,0.0698,22.0,0.0695,10.0,13442.0,517.0
2021-01-05 09:37:12.620,0.0697,0.0698,22.0,0.0695,10.0,13442.0,517.0
2021-01-05 09:37:13.181,0.0697,0.0698,22.0,0.0695,20.0,13442.0,517.0
2021-01-05 09:37:13.681,0.0697,0.0697,12.0,0.0695,20.0,13442.0,517.0
2021-01-05 09:37:14.130,0.0697,0.0698,10.0,0.0695,10.0,13442.0,517.0
2021-01-05 09:37:14.651,0.0697,0.0698,36.0,0.0695,10.0,13442.0,517.0
2021-01-05 09:37:15.160,0.0697,0.0697,22.0,0.0695,10.0,13442.0,517.0
2021-01-05 09:37:15.700,0.0697,0.0696,10.0,0.0695,22.0,13442.0,517.0
2021-01-05 09:37:16.190,0.0697,0.0696,10.0,0.0695,10.0,13442.0,517.0
2021-01-05 09:37:16.461,0.0697,0.0698,10.0,0.0696,12.0,13442.0,517.0
2021-01-05 09:37:17.200,0.0697,0.0698,10.0,0.0695,10.0,13442.0,517.0
2021-01-05 09:37:17.671,0.0697,0.0698,22.0,0.0695,10.0,13442.0,517.0
2021-01-05 09:37:18.061,0.0697,0.0698,22.0,0.0695,10.0,13442.0,517.0
2021-01-05 09:37:18.710,0.0697,0.0698,22.0,0.0695,10.0,13442.0,517.0
2021-01-05 09:37:19.021,0.0697,0.0698,36.0,0.0693,32.0,13442.0,517.0
2021-01-05 09:37:19.711,0.0697,0.0698,46.0,0.0693,32.0,13442.0,517.0
2021-01-05 09:37:21.200,0.0697,0.0698,20.0,0.0695,22.0,13442.0,517.0
2021-01-05 09:37:21.701,0.0697,0.0698,10.0,0.0695,10.0,13442.0,517.0
2021-01-05 09:37:22.030,0.0697,0.0698,10.0,0.0695,10.0,13442.0,517.0
2021-01-05 09:37:22.641,0.0697,0.0698,10.0,0.0695,10.0,13442.0,517.0
2021-01-05 09:37:23.661,0.0697,0.0698,10.0,0.0695,10.0,13442.0,517.0
2021-01-05 09:37:25.200,0.0697,0.0698,22.0,0.0695,10.0,13442.0,517.0
2021-01-05 09:37:25.670,0.0697,0.0698,10.0,0.0695,10.0,13442.0,517.0
2021-01-05 09:37:26.650,0.0697,0.0698,10.0,0.0695,22.0,13442.0,517.0
2021-01-05 09:37:27.130,0.0697,0.0698,10.0,0.0695,10.0,13442.0,517.0
2021-01-05 09:37:28.151,0.0697,0.0698,10.0,0.0695,10.0,13442.0,517.0
2021-01-05 09:37:29.130,0.0697,0.0698,22.0,0.0695,10.0,13442.0,517.0
2021-01-05 09:37:30.191,0.0697,0.0698,10.0,0.0697,10.0,13442.0,517.0
2021-01-05 09:37:30.590,0.0697,0.0697,12.0,0.0695,20.0,13442.0,517.0
2021-01-05 09:37:31.190,0.0697,0.0698,10.0,0.0695,32.0,13442.0,517.0
2021-01-05 09:37:32.651,0.0697,0.0698,10.0,0.0695,22.0,13442.0,517.0
2021-01-05 09:37:33.180,0.0697,0.0697,10.0,0.0693,12.0,13442.0,517.0
2021-01-05 09:37:33.681,0.0697,0.0697,10.0,0.0694,12.0,13442.0,517.0
2021-01-05 09:37:34.200,0.0697,0.0698,30.0,0.0694,12.0,13442.0,517.0
2021-01-05 09:37:34.500,0.0697,0.0698,44.0,0.0695,12.0,13442.0,517.0
2021-01-05 09:37:35.170,0.0697,0.0698,30.0,0.0695,12.0,13442.0,517.0
2021-01-05 09:37:35.650,0.0697,0.0698,24.0,0.0695,12.0,13442.0,517.0
2021-01-05 09:37:36.200,0.0697,0.0698,24.0,0.0695,12.0,13442.0,517.0
2021-01-05 09:37:36.671,0.0697,0.0698,10.0,0.0696,12.0,13442.0,517.0
2021-01-05 09:37:37.180,0.0697,0.0698,10.0,0.0694,22.0,13442.0,517.0
2021-01-05 09:37:37.691,0.0697,0.0698,10.0,0.0695,12.0,13442.0,517.0
2021-01-05 09:37:38.161,0.0697,0.0698,10.0,0.0695,22.0,13442.0,517.0
2021-01-05 09:37:38.651,0.0697,0.0699,10.0,0.0695,32.0,13442.0,517.0
2021-01-05 09:37:39.170,0.0697,0.0699,10.0,0.0697,10.0,13442.0,517.0
2021-01-05 09:37:40.701,0.0697,0.0699,10.0,0.0698,12.0,13442.0,517.0
2021-01-05 09:37:42.130,0.0697,0.0699,10.0,0.0698,12.0,13442.0,517.0
2021-01-05 09:37:42.691,0.0697,0.0699,10.0,0.0698,12.0,13442.0,517.0
2021-01-05 09:37:43.181,0.0697,0.0699,10.0,0.0698,12.0,13442.0,517.0
2021-01-05 09:37:43.671,0.0697,0.07,10.0,0.0699,12.0,13442.0,517.0
2021-01-05 09:37:44.190,0.0697,0.07,10.0,0.0699,12.0,13442.0,517.0
2021-01-05 09:37:44.651,0.0697,0.0701,10.0,0.0699,12.0,13442.0,517.0
2021-01-05 09:37:45.191,0.0697,0.0701,10.0,0.07,12.0,13442.0,517.0
2021-01-05 09:37:46.601,0.0697,0.0701,10.0,0.07,12.0,13442.0,517.0
2021-01-05 09:37:47.661,0.0697,0.0701,10.0,0.0699,12.0,13442.0,517.0
2021-01-05 09:37:48.700,0.0697,0.0701,10.0,0.07,12.0,13442.0,517.0
2021-01-05 09:37:49.190,0.0697,0.0701,10.0,0.0698,32.0,13442.0,517.0
2021-01-05 09:37:49.670,0.0697,0.0701,10.0,0.07,12.0,13442.0,517.0
2021-01-05 09:37:50.220,0.0697,0.0701,10.0,0.0698,32.0,13442.0,517.0
2021-01-05 09:37:50.721,0.0697,0.0702,20.0,0.0698,22.0,13442.0,517.0
2021-01-05 09:37:51.100,0.0697,0.0702,34.0,0.0698,22.0,13442.0,517.0
2021-01-05 09:37:51.691,0.0697,0.07,10.0,0.0697,12.0,13442.0,517.0
2021-01-05 09:37:52.191,0.0697,0.0701,10.0,0.0697,22.0,13442.0,517.0
2021-01-05 09:37:53.680,0.0697,0.0701,22.0,0.0696,12.0,13442.0,517.0
2021-01-05 09:37:54.170,0.0697,0.0701,10.0,0.0697,22.0,13442.0,517.0
2021-01-05 09:37:55.691,0.0697,0.0701,22.0,0.0697,22.0,13442.0,517.0
2021-01-05 09:37:56.121,0.0697,0.0701,12.0,0.0697,22.0,13442.0,517.0
2021-01-05 09:37:56.611,0.0697,0.0701,22.0,0.0698,10.0,13442.0,517.0
2021-01-05 09:37:57.170,0.0697,0.0702,20.0,0.0698,22.0,13442.0,517.0
2021-01-05 09:37:57.601,0.0697,0.0702,10.0,0.07,10.0,13442.0,517.0
2021-01-05 09:37:58.100,0.0697,0.0702,10.0,0.07,10.0,13442.0,517.0
2021-01-05 09:37:59.161,0.0697,0.0702,10.0,0.0698,32.0,13442.0,517.0
2021-01-05 09:38:00.680,0.0697,0.07,10.0,0.0698,10.0,13442.0,517.0
2021-01-05 09:38:01.180,0.0697,0.07,10.0,0.0698,10.0,13442.0,517.0
2021-01-05 09:38:02.190,0.0697,0.07,10.0,0.0698,10.0,13442.0,517.0
2021-01-05 09:38:02.680,0.0697,0.07,10.0,0.0698,10.0,13442.0,517.0
2021-01-05 09:38:03.191,0.0697,0.07,32.0,0.0698,10.0,13442.0,517.0
2021-01-05 09:38:03.681,0.0697,0.07,32.0,0.0698,10.0,13442.0,517.0
2021-01-05 09:38:03.981,0.0697,0.0699,12.0,0.0695,10.0,13442.0,517.0
2021-01-05 09:38:04.190,0.0697,0.07,32.0,0.0696,12.0,13442.0,517.0
2021-01-05 09:38:05.181,0.0697,0.07,32.0,0.0696,12.0,13442.0,517.0
2021-01-05 09:38:05.681,0.0697,0.07,32.0,0.0696,12.0,13442.0,517.0
2021-01-05 09:38:06.151,0.0697,0.07,32.0,0.0696,26.0,13442.0,517.0
2021-01-05 09:38:06.691,0.0697,0.0699,12.0,0.0695,10.0,13442.0,517.0
2021-01-05 09:38:07.200,0.0697,0.0697,10.0,0.0693,10.0,13442.0,517.0
2021-01-05 09:38:07.590,0.0697,0.0696,10.0,0.0693,10.0,13442.0,517.0
2021-01-05 09:38:08.151,0.0697,0.0696,10.0,0.0693,24.0,13442.0,517.0
2021-01-05 09:38:09.160,0.0697,0.0696,10.0,0.0693,12.0,13442.0,517.0
2021-01-05 09:38:09.611,0.0697,0.0695,12.0,0.0691,22.0,13442.0,517.0
2021-01-05 09:38:10.180,0.0697,0.0695,12.0,0.0691,36.0,13442.0,517.0
2021-01-05 09:38:10.670,0.0697,0.0695,12.0,0.0691,36.0,13442.0,517.0
2021-01-05 09:38:11.141,0.0697,0.0695,12.0,0.0691,36.0,13442.0,517.0
2021-01-05 09:38:11.701,0.0697,0.0696,22.0,0.0692,12.0,13442.0,517.0
2021-01-05 09:38:12.191,0.0697,0.0696,10.0,0.0694,10.0,13442.0,517.0
2021-01-05 09:38:12.691,0.0697,0.0696,10.0,0.0693,12.0,13442.0,517.0
2021-01-05 09:38:13.110,0.0696,0.0696,12.0,0.0693,12.0,13442.0,525.0
2021-01-05 09:38:13.690,0.0696,0.0696,20.0,0.0693,12.0,13442.0,525.0
2021-01-05 09:38:14.101,0.0696,0.0696,32.0,0.0692,12.0,13442.0,525.0
2021-01-05 09:38:14.691,0.0696,0.0696,32.0,0.0692,12.0,13442.0,525.0
2021-01-05 09:38:15.150,0.0696,0.0694,10.0,0.0691,12.0,13442.0,525.0
2021-01-05 09:38:15.730,0.0696,0.0693,10.0,0.0691,12.0,13442.0,525.0
2021-01-05 09:38:16.210,0.0696,0.0694,20.0,0.0692,12.0,13442.0,525.0
2021-01-05 09:38:16.731,0.0696,0.0694,20.0,0.0692,12.0,13442.0,525.0
2021-01-05 09:38:17.190,0.0696,0.0694,20.0,0.0691,12.0,13442.0,525.0
2021-01-05 09:38:18.231,0.0696,0.0694,20.0,0.0691,12.0,13442.0,525.0
2021-01-05 09:38:18.660,0.0696,0.0694,20.0,0.0691,12.0,13442.0,525.0
2021-01-05 09:38:19.670,0.0696,0.0694,32.0,0.069,64.0,13442.0,525.0
2021-01-05 09:38:20.231,0.0696,0.0694,32.0,0.069,64.0,13442.0,525.0
2021-01-05 09:38:20.690,0.0696,0.0694,46.0,0.069,64.0,13442.0,525.0
2021-01-05 09:38:21.240,0.0696,0.0694,46.0,0.069,64.0,13442.0,525.0
2021-01-05 09:38:21.670,0.0696,0.0694,32.0,0.069,64.0,13442.0,525.0
2021-01-05 09:38:22.210,0.0696,0.0692,10.0,0.069,52.0,13442.0,525.0
2021-01-05 09:38:22.661,0.0696,0.0691,10.0,0.069,52.0,13442.0,525.0
2021-01-05 09:38:23.201,0.0696,0.0692,32.0,0.069,52.0,13442.0,525.0
2021-01-05 09:38:23.681,0.0696,0.0692,42.0,0.069,52.0,13442.0,525.0
2021-01-05 09:38:24.690,0.069,0.0692,30.0,0.069,28.0,13464.0,549.0
2021-01-05 09:38:25.101,0.069,0.0692,44.0,0.069,28.0,13464.0,549.0
2021-01-05 09:38:25.700,0.069,0.0692,34.0,0.0691,12.0,13464.0,549.0
2021-01-05 09:38:26.100,0.0691,0.0692,34.0,0.069,40.0,13464.0,551.0
2021-01-05 09:38:26.701,0.0692,0.0692,8.0,0.069,28.0,13462.0,563.0
2021-01-05 09:38:27.151,0.0692,0.0693,20.0,0.069,28.0,13454.0,571.0
2021-01-05 09:38:27.691,0.0692,0.0693,20.0,0.069,28.0,13454.0,571.0
2021-01-05 09:38:28.171,0.0692,0.0691,10.0,0.069,28.0,13454.0,571.0
2021-01-05 09:38:28.680,0.0692,0.0691,10.0,0.069,28.0,13454.0,571.0
2021-01-05 09:38:29.641,0.0692,0.0691,10.0,0.069,28.0,13454.0,571.0
2021-01-05 09:38:30.670,0.0692,0.0691,10.0,0.069,28.0,13454.0,571.0
2021-01-05 09:38:31.181,0.0692,0.0691,22.0,0.069,28.0,13454.0,571.0
2021-01-05 09:38:31.650,0.0692,0.0691,22.0,0.069,28.0,13454.0,571.0
2021-01-05 09:38:32.090,0.0692,0.0691,32.0,0.069,28.0,13454.0,571.0
2021-01-05 09:38:32.701,0.0692,0.0691,42.0,0.069,28.0,13454.0,571.0
2021-01-05 09:38:33.191,0.069,0.0691,30.0,0.069,5.0,13477.0,594.0
2021-01-05 09:38:33.700,0.069,0.069,30.0,0.0684,12.0,13482.0,599.0
2021-01-05 09:38:34.201,0.069,0.0685,10.0,0.0684,12.0,13482.0,599.0
2021-01-05 09:38:35.200,0.069,0.0685,10.0,0.0684,12.0,13482.0,599.0
2021-01-05 09:38:35.700,0.069,0.0685,10.0,0.0684,12.0,13482.0,599.0
2021-01-05 09:38:36.180,0.069,0.0685,10.0,0.0682,12.0,13482.0,599.0
2021-01-05 09:38:36.691,0.069,0.0685,20.0,0.0683,12.0,13482.0,599.0
2021-01-05 09:38:37.160,0.069,0.0685,20.0,0.0683,12.0,13482.0,599.0
2021-01-05 09:38:37.680,0.069,0.0685,20.0,0.0683,12.0,13482.0,599.0
2021-01-05 09:38:38.161,0.069,0.0685,20.0,0.0681,22.0,13482.0,599.0
2021-01-05 09:38:38.660,0.069,0.0685,20.0,0.0683,12.0,13482.0,599.0
2021-01-05 09:38:39.161,0.0683,0.0685,10.0,0.0682,12.0,13482.0,609.0
2021-01-05 09:38:39.661,0.0683,0.0683,10.0,0.068,12.0,13482.0,609.0
2021-01-05 09:38:40.201,0.0683,0.0682,10.0,0.0678,12.0,13482.0,609.0
2021-01-05 09:38:40.591,0.0683,0.0682,20.0,0.0677,12.0,13482.0,609.0
2021-01-05 09:38:41.190,0.0683,0.0682,10.0,0.0678,22.0,13482.0,609.0
2021-01-05 09:38:41.670,0.0683,0.0682,10.0,0.0679,12.0,13482.0,609.0
2021-01-05 09:38:42.191,0.0683,0.0682,10.0,0.0679,12.0,13482.0,609.0
2021-01-05 09:38:42.700,0.0683,0.0682,10.0,0.068,12.0,13482.0,609.0
2021-01-05 09:38:43.190,0.0683,0.0682,10.0,0.068,12.0,13482.0,609.0
2021-01-05 09:38:43.701,0.0683,0.0682,10.0,0.0679,12.0,13482.0,609.0
2021-01-05 09:38:44.200,0.0683,0.0682,10.0,0.0679,12.0,13482.0,609.0
2021-01-05 09:38:44.690,0.0683,0.0682,10.0,0.0679,22.0,13482.0,609.0
2021-01-05 09:38:45.201,0.0683,0.0682,10.0,0.0681,12.0,13482.0,609.0
2021-01-05 09:38:45.580,0.0683,0.0682,10.0,0.0681,12.0,13482.0,609.0
2021-01-05 09:38:46.200,0.0683,0.0682,10.0,0.0681,12.0,13482.0,609.0
2021-01-05 09:38:46.631,0.0681,0.0682,10.0,0.0679,10.0,13482.0,611.0
2021-01-05 09:38:47.140,0.0682,0.0683,10.0,0.0679,24.0,13472.0,621.0
2021-01-05 09:38:47.691,0.0682,0.0683,20.0,0.0681,12.0,13472.0,621.0
2021-01-05 09:38:48.200,0.0682,0.0683,10.0,0.0682,12.0,13472.0,621.0
2021-01-05 09:38:48.650,0.0683,0.0683,8.0,0.0681,22.0,13472.0,623.0
2021-01-05 09:38:49.130,0.0683,0.0683,8.0,0.0681,22.0,13472.0,623.0
2021-01-05 09:38:49.670,0.0683,0.0686,20.0,0.0683,12.0,13472.0,623.0
2021-01-05 09:38:50.110,0.0683,0.0686,30.0,0.0683,12.0,13472.0,623.0
2021-01-05 09:38:51.170,0.0683,0.0686,30.0,0.0683,12.0,13472.0,623.0
2021-01-05 09:38:51.691,0.0683,0.0685,10.0,0.0681,12.0,13472.0,623.0
2021-01-05 09:38:52.140,0.0683,0.0682,10.0,0.0681,12.0,13472.0,623.0
2021-01-05 09:38:52.671,0.0683,0.0682,10.0,0.0679,22.0,13472.0,623.0
2021-01-05 09:38:53.191,0.0683,0.0682,10.0,0.068,12.0,13472.0,623.0
2021-01-05 09:38:53.620,0.0683,0.0682,10.0,0.0679,12.0,13472.0,623.0
2021-01-05 09:38:54.690,0.0683,0.0682,10.0,0.0679,12.0,13472.0,623.0
2021-01-05 09:38:55.191,0.0683,0.0681,10.0,0.0679,12.0,13472.0,623.0
2021-01-05 09:38:55.700,0.0683,0.0681,10.0,0.0679,12.0,13472.0,623.0
2021-01-05 09:38:56.190,0.0683,0.0681,10.0,0.0678,12.0,13472.0,623.0
2021-01-05 09:38:56.661,0.0683,0.0681,32.0,0.0677,12.0,13472.0,623.0
2021-01-05 09:38:57.200,0.0683,0.0681,10.0,0.0679,10.0,13472.0,623.0
2021-01-05 09:38:57.640,0.0683,0.068,10.0,0.0677,22.0,13472.0,623.0
2021-01-05 09:38:58.161,0.0681,0.0681,10.0,0.0678,10.0,13482.0,633.0
2021-01-05 09:38:58.670,0.0681,0.0682,30.0,0.068,12.0,13482.0,633.0
2021-01-05 09:38:59.060,0.068,0.0682,20.0,0.068,10.0,13482.0,643.0
2021-01-05 09:39:00.111,0.068,0.0682,10.0,0.068,22.0,13482.0,643.0
2021-01-05 09:39:01.160,0.068,0.0682,20.0,0.0678,22.0,13482.0,643.0
2021-01-05 09:39:01.700,0.068,0.0682,20.0,0.0679,12.0,13482.0,643.0
2021-01-05 09:39:02.170,0.068,0.0682,20.0,0.068,12.0,13482.0,643.0
2021-01-05 09:39:02.660,0.068,0.0682,20.0,0.0678,22.0,13482.0,643.0
2021-01-05 09:39:03.150,0.068,0.0682,20.0,0.068,12.0,13482.0,643.0
2021-01-05 09:39:04.161,0.068,0.0682,10.0,0.068,12.0,13482.0,643.0
2021-01-05 09:39:04.610,0.068,0.0682,20.0,0.068,12.0,13482.0,643.0
2021-01-05 09:39:05.211,0.068,0.0682,20.0,0.068,12.0,13482.0,643.0
2021-01-05 09:39:07.200,0.068,0.0682,10.0,0.068,12.0,13482.0,643.0
2021-01-05 09:39:07.680,0.068,0.0682,10.0,0.068,12.0,13482.0,643.0
2021-01-05 09:39:08.690,0.068,0.0682,20.0,0.068,12.0,13482.0,643.0
2021-01-05 09:39:09.601,0.068,0.0682,20.0,0.0679,12.0,13482.0,643.0
2021-01-05 09:39:10.191,0.068,0.0682,20.0,0.068,12.0,13482.0,643.0
2021-01-05 09:39:10.721,0.068,0.0682,20.0,0.0679,12.0,13482.0,643.0
2021-01-05 09:39:11.201,0.068,0.0681,10.0,0.0679,12.0,13482.0,643.0
2021-01-05 09:39:11.701,0.068,0.068,10.0,0.0677,12.0,13482.0,643.0
2021-01-05 09:39:12.220,0.068,0.0681,30.0,0.0679,12.0,13482.0,643.0
2021-01-05 09:39:12.690,0.068,0.068,10.0,0.0679,12.0,13482.0,643.0
2021-01-05 09:39:13.170,0.068,0.068,10.0,0.0679,12.0,13482.0,643.0
2021-01-05 09:39:13.720,0.068,0.0681,10.0,0.0679,12.0,13482.0,643.0
2021-01-05 09:39:14.160,0.068,0.068,10.0,0.0677,10.0,13482.0,643.0
2021-01-05 09:39:15.220,0.0678,0.068,10.0,0.0678,12.0,13482.0,653.0
2021-01-05 09:39:15.320,0.0678,0.068,10.0,0.0677,12.0,13482.0,653.0
2021-01-05 09:39:16.121,0.0678,0.068,10.0,0.0677,12.0,13482.0,653.0
2021-01-05 09:39:16.721,0.0678,0.068,10.0,0.0676,12.0,13482.0,653.0
2021-01-05 09:39:17.650,0.0678,0.068,10.0,0.0677,12.0,13482.0,653.0
2021-01-05 09:39:18.221,0.0678,0.0681,20.0,0.0677,22.0,13482.0,653.0
2021-01-05 09:39:18.671,0.0678,0.0681,20.0,0.0679,12.0,13482.0,653.0
2021-01-05 09:39:18.980,0.0678,0.0681,20.0,0.0678,12.0,13482.0,653.0
2021-01-05 09:39:20.221,0.0678,0.0681,32.0,0.0677,22.0,13482.0,653.0
2021-01-05 09:39:20.741,0.0678,0.0681,56.0,0.0677,12.0,13482.0,653.0
2021-01-05 09:39:21.231,0.0678,0.0681,44.0,0.0677,12.0,13482.0,653.0
2021-01-05 09:39:21.671,0.0678,0.068,12.0,0.0676,22.0,13482.0,653.0
2021-01-05 09:39:22.211,0.0678,0.068,12.0,0.0676,22.0,13482.0,653.0
2021-01-05 09:39:22.651,0.0678,0.068,12.0,0.0675,12.0,13482.0,653.0
2021-01-05 09:39:23.200,0.0678,0.0681,30.0,0.0676,22.0,13482.0,653.0
2021-01-05 09:39:23.700,0.0678,0.0681,46.0,0.0677,12.0,13482.0,653.0
2021-01-05 09:39:24.151,0.0678,0.0679,10.0,0.0677,12.0,13482.0,653.0
2021-01-05 09:39:25.210,0.0679,0.0679,8.0,0.0676,22.0,13482.0,655.0
2021-01-05 09:39:25.700,0.0679,0.0679,18.0,0.0676,22.0,13482.0,655.0
2021-01-05 09:39:27.711,0.0679,0.0679,8.0,0.0677,12.0,13482.0,655.0
2021-01-05 09:39:29.231,0.0679,0.0679,18.0,0.0677,12.0,13482.0,655.0
2021-01-05 09:39:29.721,0.0681,0.0681,18.0,0.0678,12.0,13502.0,675.0
2021-01-05 09:39:30.220,0.0681,0.0682,20.0,0.0678,22.0,13502.0,675.0
2021-01-05 09:39:30.650,0.0681,0.068,10.0,0.0678,10.0,13502.0,675.0
2021-01-05 09:39:31.121,0.0681,0.0682,10.0,0.0679,12.0,13502.0,675.0
2021-01-05 09:39:31.701,0.0681,0.0682,10.0,0.0678,22.0,13502.0,675.0
2021-01-05 09:39:32.141,0.0681,0.0682,10.0,0.0678,22.0,13502.0,675.0
2021-01-05 09:39:32.700,0.0681,0.0682,32.0,0.0678,10.0,13502.0,675.0
2021-01-05 09:39:33.180,0.0681,0.0682,20.0,0.0678,10.0,13502.0,675.0
2021-01-05 09:39:33.530,0.0681,0.0682,20.0,0.0679,12.0,13502.0,675.0
2021-01-05 09:39:34.210,0.0681,0.0682,20.0,0.0679,12.0,13502.0,675.0
2021-01-05 09:39:34.681,0.0681,0.0682,10.0,0.068,12.0,13502.0,675.0
2021-01-05 09:39:35.171,0.0681,0.0682,10.0,0.068,12.0,13502.0,675.0
2021-01-05 09:39:35.701,0.0681,0.0684,20.0,0.0681,12.0,13502.0,675.0
2021-01-05 09:39:36.231,0.0681,0.0683,10.0,0.068,12.0,13502.0,675.0
2021-01-05 09:39:36.660,0.0681,0.0684,10.0,0.0681,12.0,13502.0,675.0
2021-01-05 09:39:37.221,0.0681,0.0684,10.0,0.0681,12.0,13502.0,675.0
2021-01-05 09:39:38.221,0.0681,0.0684,10.0,0.0681,12.0,13502.0,675.0
2021-01-05 09:39:39.241,0.0681,0.0684,22.0,0.068,22.0,13502.0,675.0
2021-01-05 09:39:39.751,0.0681,0.0684,10.0,0.0681,12.0,13502.0,675.0
2021-01-05 09:39:41.220,0.0685,0.0686,10.0,0.0682,22.0,13502.0,685.0
2021-01-05 09:39:41.750,0.0685,0.0684,12.0,0.068,22.0,13502.0,685.0
2021-01-05 09:39:42.210,0.0685,0.0686,10.0,0.0682,22.0,13502.0,685.0
2021-01-05 09:39:42.740,0.0685,0.0687,12.0,0.0682,22.0,13502.0,685.0
2021-01-05 09:39:43.191,0.0685,0.0687,26.0,0.0682,22.0,13502.0,685.0
2021-01-05 09:39:43.570,0.0685,0.0687,12.0,0.0684,10.0,13502.0,685.0
2021-01-05 09:39:44.231,0.0685,0.0687,12.0,0.0684,10.0,13502.0,685.0
2021-01-05 09:39:44.640,0.0688,0.0686,12.0,0.0684,10.0,13512.0,695.0
2021-01-05 09:39:45.251,0.0688,0.0687,12.0,0.0684,10.0,13512.0,695.0
2021-01-05 09:39:45.750,0.0688,0.0687,26.0,0.0683,12.0,13512.0,695.0
2021-01-05 09:39:46.190,0.0688,0.0686,22.0,0.0682,22.0,13512.0,695.0
2021-01-05 09:39:46.691,0.0688,0.0685,24.0,0.0682,12.0,13512.0,695.0
2021-01-05 09:39:47.250,0.0688,0.0685,24.0,0.0681,12.0,13512.0,695.0
2021-01-05 09:39:47.731,0.0688,0.0685,14.0,0.0681,12.0,13512.0,695.0
2021-01-05 09:39:48.221,0.0688,0.0685,14.0,0.0683,10.0,13512.0,695.0
2021-01-05 09:39:48.720,0.0688,0.0685,14.0,0.0682,10.0,13512.0,695.0
2021-01-05 09:39:49.241,0.0688,0.0685,26.0,0.0681,10.0,13512.0,695.0
2021-01-05 09:39:49.711,0.0688,0.0685,36.0,0.0681,10.0,13512.0,695.0
2021-01-05 09:39:50.180,0.0688,0.0685,24.0,0.0681,12.0,13512.0,695.0
2021-01-05 09:39:50.710,0.0688,0.0685,34.0,0.0679,10.0,13512.0,695.0
2021-01-05 09:39:51.241,0.0688,0.0683,12.0,0.0679,12.0,13512.0,695.0
2021-01-05 09:39:51.730,0.0688,0.0682,10.0,0.0679,12.0,13512.0,695.0
2021-01-05 09:39:52.251,0.0688,0.0683,12.0,0.0679,12.0,13512.0,695.0
2021-01-05 09:39:52.670,0.0688,0.0684,22.0,0.068,12.0,13512.0,695.0
2021-01-05 09:39:53.181,0.0688,0.0684,36.0,0.068,22.0,13512.0,695.0
2021-01-05 09:39:53.630,0.0687,0.0687,10.0,0.0682,10.0,13522.0,705.0
2021-01-05 09:39:54.091,0.0687,0.0686,14.0,0.0682,10.0,13522.0,705.0
2021-01-05 09:39:54.691,0.0687,0.0686,36.0,0.0682,22.0,13522.0,705.0
2021-01-05 09:39:55.181,0.0687,0.0685,10.0,0.0679,20.0,13522.0,705.0
2021-01-05 09:39:55.640,0.0685,0.0685,7.0,0.0681,22.0,13537.0,720.0
2021-01-05 09:39:56.120,0.0685,0.0684,46.0,0.0679,13.0,13537.0,720.0
2021-01-05 09:39:56.691,0.0685,0.0684,24.0,0.0681,12.0,13537.0,720.0
2021-01-05 09:39:57.181,0.0685,0.0684,24.0,0.0681,12.0,13537.0,720.0
2021-01-05 09:39:57.580,0.0685,0.0685,10.0,0.0681,12.0,13537.0,720.0
2021-01-05 09:39:58.170,0.0685,0.0685,9.0,0.0681,10.0,13552.0,735.0
2021-01-05 09:39:58.600,0.0685,0.0685,9.0,0.0683,12.0,13552.0,735.0
2021-01-05 09:39:58.940,0.0685,0.0685,19.0,0.068,20.0,13552.0,735.0
2021-01-05 09:39:59.670,0.0685,0.0685,9.0,0.0682,22.0,13552.0,735.0
2021-01-05 09:40:00.181,0.0685,0.0685,9.0,0.0683,12.0,13552.0,735.0
2021-01-05 09:40:00.631,0.0685,0.0685,19.0,0.0682,12.0,13552.0,735.0
2021-01-05 09:40:01.201,0.0685,0.0686,10.0,0.0682,22.0,13552.0,735.0
2021-01-05 09:40:01.570,0.0685,0.0686,14.0,0.0684,12.0,13552.0,735.0
2021-01-05 09:40:02.200,0.0688,0.0688,21.0,0.0684,12.0,13557.0,750.0
2021-01-05 09:40:02.671,0.0688,0.0688,10.0,0.0684,22.0,13557.0,750.0
2021-01-05 09:40:03.171,0.0688,0.0688,10.0,0.0684,22.0,13557.0,750.0
2021-01-05 09:40:03.691,0.0688,0.0687,14.0,0.0684,22.0,13557.0,750.0
2021-01-05 09:40:04.700,0.0688,0.0687,14.0,0.0685,12.0,13557.0,750.0
2021-01-05 09:40:05.170,0.0688,0.0687,14.0,0.0684,22.0,13557.0,750.0
2021-01-05 09:40:05.701,0.0688,0.0687,14.0,0.0684,22.0,13557.0,750.0
2021-01-05 09:40:06.200,0.0688,0.0687,14.0,0.0684,22.0,13557.0,750.0
2021-01-05 09:40:07.700,0.0688,0.0688,32.0,0.0684,22.0,13557.0,750.0
2021-01-05 09:40:08.200,0.0688,0.0688,24.0,0.0686,12.0,13557.0,750.0
2021-01-05 09:40:08.690,0.0688,0.0688,10.0,0.0685,12.0,13557.0,750.0
2021-01-05 09:40:09.191,0.0688,0.069,10.0,0.0686,12.0,13557.0,750.0
2021-01-05 09:40:09.691,0.0688,0.069,10.0,0.0686,22.0,13557.0,750.0
2021-01-05 09:40:10.150,0.0688,0.069,20.0,0.0684,10.0,13557.0,750.0
2021-01-05 09:40:10.651,0.0688,0.0689,14.0,0.0684,10.0,13557.0,750.0
2021-01-05 09:40:11.170,0.0688,0.0689,14.0,0.0685,12.0,13557.0,750.0
2021-01-05 09:40:11.671,0.0688,0.0689,14.0,0.0685,22.0,13557.0,750.0
2021-01-05 09:40:12.190,0.0688,0.0689,14.0,0.0685,10.0,13557.0,750.0
2021-01-05 09:40:12.661,0.0688,0.0691,12.0,0.0687,10.0,13557.0,750.0
2021-01-05 09:40:13.131,0.0688,0.069,14.0,0.0687,10.0,13557.0,750.0
2021-01-05 09:40:13.431,0.0688,0.0691,2.0,0.0688,12.0,13557.0,750.0
2021-01-05 09:40:14.150,0.0688,0.0691,28.0,0.0687,22.0,13557.0,750.0
2021-01-05 09:40:14.701,0.0688,0.0691,16.0,0.0688,12.0,13557.0,750.0
2021-01-05 09:40:15.120,0.0688,0.0691,16.0,0.0688,12.0,13557.0,750.0
2021-01-05 09:40:15.690,0.0688,0.0691,26.0,0.0688,12.0,13557.0,750.0
2021-01-05 09:40:16.610,0.0688,0.0691,26.0,0.0687,22.0,13557.0,750.0
2021-01-05 09:40:17.191,0.0688,0.0691,12.0,0.0689,12.0,13557.0,750.0
2021-01-05 09:40:17.661,0.0688,0.0691,2.0,0.0689,12.0,13557.0,750.0
2021-01-05 09:40:18.161,0.0688,0.0691,2.0,0.0689,12.0,13557.0,750.0
2021-01-05 09:40:18.701,0.0688,0.0693,32.0,0.0689,12.0,13557.0,750.0
2021-01-05 09:40:19.190,0.0688,0.0692,14.0,0.0689,12.0,13557.0,750.0
2021-01-05 09:40:19.711,0.0688,0.0692,36.0,0.0688,12.0,13557.0,750.0
2021-01-05 09:40:20.191,0.0688,0.0691,12.0,0.0686,12.0,13557.0,750.0
2021-01-05 09:40:20.691,0.0688,0.0689,10.0,0.0687,12.0,13557.0,750.0
2021-01-05 09:40:21.200,0.0688,0.0689,10.0,0.0686,12.0,13557.0,750.0
2021-01-05 09:40:21.701,0.0688,0.0691,22.0,0.0686,12.0,13557.0,750.0
2021-01-05 09:40:22.210,0.0688,0.069,26.0,0.0686,12.0,13557.0,750.0
2021-01-05 09:40:22.591,0.0688,0.069,36.0,0.0686,12.0,13557.0,750.0
2021-01-05 09:40:23.200,0.0688,0.0689,12.0,0.0685,22.0,13557.0,750.0
2021-01-05 09:40:23.701,0.0688,0.0689,12.0,0.0685,22.0,13557.0,750.0
2021-01-05 09:40:24.160,0.0688,0.0689,26.0,0.0685,22.0,13557.0,750.0
2021-01-05 09:40:24.681,0.0688,0.0689,36.0,0.0685,22.0,13557.0,750.0
2021-01-05 09:40:25.121,0.0688,0.069,22.0,0.0686,12.0,13557.0,750.0
2021-01-05 09:40:25.570,0.0688,0.0689,36.0,0.0685,22.0,13557.0,750.0
2021-01-05 09:40:26.181,0.0688,0.0689,14.0,0.0686,12.0,13557.0,750.0
2021-01-05 09:40:26.621,0.0686,0.0689,36.0,0.0685,22.0,13557.0,760.0
2021-01-05 09:40:27.140,0.0685,0.0687,10.0,0.0685,6.0,13553.0,764.0
2021-01-05 09:40:27.701,0.0685,0.0686,10.0,0.0684,3.0,13553.0,764.0
2021-01-05 09:40:28.110,0.0685,0.0686,10.0,0.0684,13.0,13553.0,764.0
2021-01-05 09:40:28.690,0.0685,0.0686,10.0,0.0684,13.0,13553.0,764.0
2021-01-05 09:40:29.170,0.0685,0.0686,10.0,0.0684,13.0,13553.0,764.0
2021-01-05 09:40:33.191,0.0685,0.0686,10.0,0.0685,10.0,13553.0,764.0
2021-01-05 09:40:33.531,0.0688,0.0689,20.0,0.0686,2.0,13563.0,774.0
2021-01-05 09:40:34.171,0.0688,0.0689,20.0,0.0686,2.0,13563.0,774.0
2021-01-05 09:40:34.561,0.0688,0.0689,34.0,0.0686,2.0,13563.0,774.0
2021-01-05 09:40:35.201,0.0688,0.0689,46.0,0.0686,2.0,13563.0,774.0
2021-01-05 09:40:35.681,0.0688,0.0689,44.0,0.0685,22.0,13563.0,774.0
2021-01-05 09:40:36.161,0.0688,0.0689,44.0,0.0685,22.0,13563.0,774.0
2021-01-05 09:40:36.620,0.0688,0.0689,30.0,0.0685,22.0,13563.0,774.0
2021-01-05 09:40:37.201,0.0688,0.0688,14.0,0.0685,22.0,13563.0,774.0
2021-01-05 09:40:37.700,0.0688,0.0686,10.0,0.0685,12.0,13563.0,774.0
2021-01-05 09:40:38.130,0.0688,0.0686,10.0,0.0685,10.0,13563.0,774.0
2021-01-05 09:40:38.651,0.0686,0.0689,20.0,0.0685,10.0,13563.0,784.0
2021-01-05 09:40:39.041,0.0686,0.0687,10.0,0.0685,10.0,13563.0,784.0
2021-01-05 09:40:39.681,0.0686,0.0687,10.0,0.0685,10.0,13563.0,784.0
2021-01-05 09:40:40.061,0.0686,0.0687,10.0,0.0685,10.0,13563.0,784.0
2021-01-05 09:40:40.670,0.0686,0.0687,10.0,0.0685,10.0,13563.0,784.0
2021-01-05 09:40:41.191,0.0686,0.0687,10.0,0.0685,22.0,13563.0,784.0
2021-01-05 09:40:41.640,0.0686,0.0689,10.0,0.0686,10.0,13563.0,784.0
2021-01-05 09:40:42.180,0.0689,0.0689,5.0,0.0686,22.0,13563.0,789.0
2021-01-05 09:40:43.621,0.0689,0.0689,5.0,0.0686,22.0,13563.0,789.0
2021-01-05 09:40:44.161,0.0689,0.0689,10.0,0.0686,22.0,13563.0,789.0
2021-01-05 09:40:48.700,0.0689,0.0691,20.0,0.0687,12.0,13563.0,789.0
2021-01-05 09:40:49.111,0.0689,0.0689,10.0,0.0686,22.0,13563.0,789.0
2021-01-05 09:40:49.111,0.0689,0.0689,10.0,0.0686,22.0,13563.0,789.0
2021-01-05 09:40:50.181,0.0689,0.069,22.0,0.0686,22.0,13563.0,789.0
2021-01-05 09:40:50.671,0.0689,0.069,36.0,0.0686,22.0,13563.0,789.0
2021-01-05 09:40:51.601,0.0689,0.069,10.0,0.0687,12.0,13563.0,789.0
2021-01-05 09:40:54.141,0.0689,0.069,10.0,0.0687,12.0,13563.0,789.0
2021-01-05 09:40:54.521,0.0689,0.0691,20.0,0.0688,12.0,13563.0,789.0
2021-01-05 09:40:55.111,0.0689,0.0689,10.0,0.0687,10.0,13563.0,789.0
2021-01-05 09:40:55.240,0.0689,0.0689,10.0,0.0687,22.0,13563.0,789.0
2021-01-05 09:40:56.121,0.0689,0.0689,10.0,0.0687,22.0,13563.0,789.0
2021-01-05 09:40:56.600,0.0689,0.0689,24.0,0.0685,12.0,13563.0,789.0
2021-01-05 09:40:57.180,0.0689,0.0689,24.0,0.0684,20.0,13563.0,789.0
2021-01-05 09:40:57.560,0.0689,0.0689,24.0,0.0686,12.0,13563.0,789.0
2021-01-05 09:40:58.200,0.0689,0.0689,24.0,0.0687,12.0,13563.0,789.0
2021-01-05 09:40:59.650,0.0689,0.0689,10.0,0.0687,12.0,13563.0,789.0
2021-01-05 09:41:00.150,0.0689,0.0689,10.0,0.0687,12.0,13563.0,789.0
2021-01-05 09:41:00.611,0.0689,0.0689,10.0,0.0687,12.0,13563.0,789.0
2021-01-05 09:41:00.980,0.0689,0.0689,24.0,0.0685,27.0,13563.0,789.0
2021-01-05 09:41:01.650,0.0689,0.069,10.0,0.0687,12.0,13563.0,789.0
2021-01-05 09:41:02.190,0.0689,0.0689,10.0,0.0687,12.0,13563.0,789.0
2021-01-05 09:41:02.661,0.0689,0.0689,10.0,0.0686,12.0,13563.0,789.0
2021-01-05 09:41:03.110,0.0689,0.0689,36.0,0.0685,27.0,13563.0,789.0
2021-01-05 09:41:03.721,0.0689,0.0689,24.0,0.0686,12.0,13563.0,789.0
2021-01-05 09:41:04.180,0.0689,0.0689,24.0,0.0686,12.0,13563.0,789.0
2021-01-05 09:41:04.680,0.0689,0.0689,24.0,0.0686,12.0,13563.0,789.0
2021-01-05 09:41:05.220,0.0689,0.0689,24.0,0.0686,12.0,13563.0,789.0
2021-01-05 09:41:05.660,0.0689,0.0689,24.0,0.0685,27.0,13563.0,789.0
2021-01-05 09:41:06.620,0.0689,0.0689,10.0,0.0685,17.0,13563.0,789.0
2021-01-05 09:41:07.100,0.0689,0.0688,14.0,0.0685,5.0,13563.0,789.0
2021-01-05 09:41:07.611,0.0689,0.0688,14.0,0.0685,5.0,13563.0,789.0
2021-01-05 09:41:08.201,0.0689,0.0687,10.0,0.0685,5.0,13563.0,789.0
2021-01-05 09:41:08.701,0.0689,0.0688,10.0,0.0685,17.0,13563.0,789.0
2021-01-05 09:41:09.210,0.0689,0.0688,24.0,0.0685,17.0,13563.0,789.0
2021-01-05 09:41:09.661,0.0689,0.0687,12.0,0.0685,5.0,13563.0,789.0
2021-01-05 09:41:10.220,0.0689,0.0688,22.0,0.0685,5.0,13563.0,789.0
2021-01-05 09:41:10.710,0.0689,0.0686,10.0,0.0685,5.0,13563.0,789.0
2021-01-05 09:41:11.210,0.0689,0.0687,22.0,0.0685,5.0,13563.0,789.0
2021-01-05 09:41:11.711,0.0689,0.0687,24.0,0.0685,5.0,13563.0,789.0
2021-01-05 09:41:12.151,0.0689,0.0687,10.0,0.0685,5.0,13563.0,789.0
2021-01-05 09:41:12.710,0.0689,0.0687,36.0,0.0685,5.0,13563.0,789.0
2021-01-05 09:41:13.161,0.0689,0.0687,24.0,0.0685,5.0,13563.0,789.0
2021-01-05 09:41:13.711,0.0689,0.0687,14.0,0.0685,5.0,13563.0,789.0
2021-01-05 09:41:14.160,0.0685,0.0685,12.0,0.0682,10.0,13568.0,794.0
2021-01-05 09:41:14.671,0.0685,0.0687,10.0,0.0684,22.0,13568.0,794.0
2021-01-05 09:41:15.180,0.0685,0.0687,14.0,0.0684,10.0,13568.0,794.0
2021-01-05 09:41:15.651,0.0685,0.0687,14.0,0.0685,12.0,13568.0,794.0
2021-01-05 09:41:16.210,0.0685,0.0688,10.0,0.0685,12.0,13568.0,794.0
2021-01-05 09:41:16.500,0.0685,0.0687,14.0,0.0684,10.0,13568.0,794.0
2021-01-05 09:41:17.670,0.0685,0.0687,14.0,0.0685,12.0,13568.0,794.0
2021-01-05 09:41:18.200,0.0685,0.0686,10.0,0.0685,12.0,13568.0,794.0
2021-01-05 09:41:18.600,0.0685,0.0687,10.0,0.0684,12.0,13568.0,794.0
2021-01-05 09:41:19.051,0.0685,0.0687,24.0,0.0684,12.0,13568.0,794.0
2021-01-05 09:41:19.601,0.0687,0.0687,17.0,0.0684,12.0,13568.0,801.0
2021-01-05 09:41:20.070,0.0687,0.0687,24.0,0.0684,12.0,13568.0,801.0
2021-01-05 09:41:20.721,0.0687,0.0687,24.0,0.0684,12.0,13568.0,801.0
2021-01-05 09:41:21.190,0.0685,0.0687,24.0,0.0685,7.0,13568.0,806.0
2021-01-05 09:41:21.551,0.0685,0.0687,24.0,0.0683,22.0,13568.0,806.0
2021-01-05 09:41:22.190,0.0685,0.0687,24.0,0.0683,22.0,13568.0,806.0
2021-01-05 09:41:22.700,0.0685,0.0687,22.0,0.0683,12.0,13568.0,806.0
2021-01-05 09:41:23.061,0.0685,0.0686,14.0,0.0683,12.0,13568.0,806.0
2021-01-05 09:41:24.171,0.0685,0.0687,24.0,0.0683,22.0,13568.0,806.0
2021-01-05 09:41:24.651,0.0685,0.0687,24.0,0.0683,22.0,13568.0,806.0
2021-01-05 09:41:25.120,0.0685,0.0686,12.0,0.0683,10.0,13568.0,806.0
2021-01-05 09:41:25.641,0.0685,0.0687,32.0,0.0683,12.0,13568.0,806.0
2021-01-05 09:41:26.190,0.0685,0.0686,14.0,0.0683,12.0,13568.0,806.0
2021-01-05 09:41:27.710,0.0685,0.0685,12.0,0.0681,22.0,13568.0,806.0
2021-01-05 09:41:28.171,0.0685,0.0685,12.0,0.0681,32.0,13568.0,806.0
2021-01-05 09:41:28.540,0.0685,0.0685,12.0,0.0681,32.0,13568.0,806.0
2021-01-05 09:41:29.070,0.0685,0.0687,30.0,0.0681,32.0,13571.0,809.0
2021-01-05 09:41:29.690,0.0685,0.0686,26.0,0.0681,32.0,13571.0,809.0
2021-01-05 09:41:30.711,0.0686,0.0686,22.0,0.0681,32.0,13571.0,813.0
2021-01-05 09:41:31.181,0.0686,0.0686,14.0,0.0683,12.0,13571.0,813.0
2021-01-05 09:41:31.700,0.0686,0.0686,14.0,0.0683,12.0,13571.0,813.0
2021-01-05 09:41:32.220,0.0686,0.0686,14.0,0.0683,12.0,13571.0,813.0
2021-01-05 09:41:32.670,0.0686,0.0686,14.0,0.0683,22.0,13571.0,813.0
2021-01-05 09:41:33.171,0.0686,0.0686,26.0,0.0681,32.0,13571.0,813.0
2021-01-05 09:41:33.621,0.0686,0.0687,10.0,0.0683,12.0,13571.0,813.0
2021-01-05 09:41:34.120,0.0686,0.0687,24.0,0.0684,12.0,13571.0,813.0
2021-01-05 09:41:34.720,0.0686,0.0687,24.0,0.0684,12.0,13571.0,813.0
2021-01-05 09:41:35.221,0.0686,0.0687,32.0,0.0682,22.0,13571.0,813.0
2021-01-05 09:41:35.721,0.0686,0.0686,24.0,0.0682,22.0,13571.0,813.0
2021-01-05 09:41:36.070,0.0686,0.0685,10.0,0.0682,12.0,13571.0,813.0
2021-01-05 09:41:36.720,0.0686,0.0685,32.0,0.0681,12.0,13571.0,813.0
2021-01-05 09:41:37.210,0.0686,0.0684,14.0,0.0681,12.0,13571.0,813.0
2021-01-05 09:41:37.711,0.0686,0.0684,14.0,0.0679,11.0,13571.0,813.0
2021-01-05 09:41:38.220,0.0686,0.0684,34.0,0.068,12.0,13571.0,813.0
2021-01-05 09:41:38.650,0.0686,0.0684,24.0,0.0681,12.0,13571.0,813.0
2021-01-05 09:41:39.221,0.0686,0.0684,24.0,0.0681,12.0,13571.0,813.0
2021-01-05 09:41:39.521,0.0686,0.0684,24.0,0.0681,12.0,13571.0,813.0
2021-01-05 09:41:40.231,0.0686,0.0685,30.0,0.0681,12.0,13571.0,813.0
2021-01-05 09:41:40.721,0.0686,0.0685,44.0,0.0681,12.0,13571.0,813.0
2021-01-05 09:41:41.130,0.0686,0.0685,34.0,0.0681,12.0,13571.0,813.0
2021-01-05 09:41:41.730,0.0686,0.0685,14.0,0.0682,12.0,13571.0,813.0
2021-01-05 09:41:42.201,0.0686,0.0685,14.0,0.0682,12.0,13571.0,813.0
2021-01-05 09:41:42.690,0.0686,0.0686,10.0,0.0683,12.0,13571.0,813.0
2021-01-05 09:41:43.080,0.0686,0.0686,24.0,0.0683,12.0,13571.0,813.0
2021-01-05 09:41:44.220,0.0686,0.0686,24.0,0.0683,12.0,13571.0,813.0
2021-01-05 09:41:45.190,0.0686,0.0686,10.0,0.0683,12.0,13571.0,813.0
2021-01-05 09:41:45.701,0.0686,0.0686,14.0,0.0683,12.0,13571.0,813.0
2021-01-05 09:41:46.241,0.0686,0.0686,10.0,0.0683,12.0,13571.0,813.0
2021-01-05 09:41:46.661,0.0686,0.0686,14.0,0.0683,12.0,13571.0,813.0
2021-01-05 09:41:47.201,0.0686,0.0685,10.0,0.0683,12.0,13571.0,813.0
2021-01-05 09:41:47.741,0.0686,0.0685,24.0,0.0683,12.0,13571.0,813.0
2021-01-05 09:41:48.181,0.0686,0.0685,10.0,0.0679,21.0,13571.0,813.0
2021-01-05 09:41:48.740,0.0686,0.0684,14.0,0.0682,12.0,13571.0,813.0
2021-01-05 09:41:49.191,0.0686,0.0685,10.0,0.0681,32.0,13571.0,813.0
2021-01-05 09:41:49.451,0.0686,0.0684,14.0,0.0683,12.0,13571.0,813.0
2021-01-05 09:41:50.231,0.0683,0.0684,14.0,0.0679,1.0,13571.0,825.0
2021-01-05 09:41:50.751,0.0683,0.0684,24.0,0.0679,1.0,13571.0,825.0
2021-01-05 09:41:51.251,0.0683,0.0684,24.0,0.0681,12.0,13571.0,825.0
2021-01-05 09:41:51.760,0.0683,0.0684,14.0,0.0682,12.0,13571.0,825.0
2021-01-05 09:41:52.261,0.0683,0.0684,46.0,0.0679,13.0,13571.0,825.0
2021-01-05 09:41:52.690,0.0683,0.0682,12.0,0.0679,1.0,13571.0,825.0
2021-01-05 09:41:53.151,0.0683,0.0682,12.0,0.0679,6.0,13571.0,825.0
2021-01-05 09:41:53.681,0.0683,0.0682,14.0,0.0679,18.0,13571.0,825.0
2021-01-05 09:41:54.591,0.0683,0.0682,14.0,0.068,12.0,13571.0,825.0
2021-01-05 09:41:55.101,0.0683,0.0682,24.0,0.0679,6.0,13571.0,825.0
2021-01-05 09:41:55.671,0.0683,0.0682,24.0,0.068,12.0,13571.0,825.0
2021-01-05 09:41:55.911,0.0683,0.0682,34.0,0.0679,18.0,13571.0,825.0
2021-01-05 09:41:56.670,0.0683,0.0682,14.0,0.0681,12.0,13571.0,825.0
2021-01-05 09:41:57.110,0.0683,0.0682,56.0,0.0679,6.0,13571.0,825.0
2021-01-05 09:41:57.640,0.0683,0.0682,34.0,0.068,12.0,13571.0,825.0
2021-01-05 09:41:58.151,0.0683,0.0682,44.0,0.0679,18.0,13571.0,825.0
2021-01-05 09:41:58.660,0.0683,0.0682,20.0,0.0679,18.0,13571.0,825.0
2021-01-05 09:41:59.131,0.0683,0.0682,20.0,0.0679,18.0,13571.0,825.0
2021-01-05 09:42:00.151,0.0683,0.0682,20.0,0.0679,18.0,13571.0,825.0
2021-01-05 09:42:00.701,0.0683,0.0682,46.0,0.0679,6.0,13571.0,825.0
2021-01-05 09:42:01.190,0.0683,0.0682,34.0,0.0679,18.0,13571.0,825.0
2021-01-05 09:42:01.651,0.0683,0.0682,42.0,0.0679,6.0,13571.0,825.0
2021-01-05 09:42:02.201,0.0683,0.0682,34.0,0.0679,18.0,13571.0,825.0
2021-01-05 09:42:02.641,0.0683,0.0682,42.0,0.0679,6.0,13571.0,825.0
2021-01-05 09:42:03.161,0.0683,0.0681,14.0,0.0679,6.0,13571.0,825.0
2021-01-05 09:42:03.690,0.0683,0.0681,14.0,0.0679,6.0,13571.0,825.0
2021-01-05 09:42:04.110,0.0683,0.0682,32.0,0.0679,6.0,13571.0,825.0
2021-01-05 09:42:04.641,0.0683,0.0682,34.0,0.0679,18.0,13571.0,825.0
2021-01-05 09:42:05.211,0.0683,0.0682,42.0,0.0679,6.0,13571.0,825.0
2021-01-05 09:42:05.711,0.0683,0.0681,14.0,0.0679,6.0,13571.0,825.0
2021-01-05 09:42:06.181,0.0681,0.0681,9.0,0.0679,6.0,13576.0,830.0
2021-01-05 09:42:06.690,0.0681,0.0682,30.0,0.0679,18.0,13576.0,830.0
2021-01-05 09:42:07.230,0.0681,0.0681,10.0,0.0679,6.0,13576.0,830.0
2021-01-05 09:42:07.691,0.0681,0.0681,24.0,0.0679,6.0,13576.0,830.0
2021-01-05 09:42:08.721,0.0681,0.0681,14.0,0.0679,6.0,13576.0,830.0
2021-01-05 09:42:09.230,0.0681,0.0681,24.0,0.0679,6.0,13576.0,830.0
2021-01-05 09:42:10.220,0.0681,0.0681,24.0,0.0679,6.0,13576.0,830.0
2021-01-05 09:42:10.681,0.0681,0.0681,10.0,0.0679,6.0,13576.0,830.0
2021-01-05 09:42:11.211,0.0681,0.068,24.0,0.0679,6.0,13576.0,830.0
2021-01-05 09:42:11.651,0.0681,0.068,24.0,0.0679,6.0,13576.0,830.0
2021-01-05 09:42:12.210,0.0681,0.068,36.0,0.0679,6.0,13576.0,830.0
2021-01-05 09:42:13.211,0.0681,0.068,34.0,0.0679,6.0,13576.0,830.0
2021-01-05 09:42:13.731,0.0681,0.068,24.0,0.0679,6.0,13576.0,830.0
2021-01-05 09:42:14.150,0.0681,0.068,10.0,0.0679,6.0,13576.0,830.0
2021-01-05 09:42:15.151,0.0681,0.0681,5.0,0.0679,6.0,13576.0,835.0
2021-01-05 09:42:15.650,0.0681,0.0681,19.0,0.0679,6.0,13576.0,835.0
2021-01-05 09:42:16.181,0.0681,0.068,10.0,0.0679,6.0,13576.0,835.0
2021-01-05 09:42:16.701,0.0681,0.068,10.0,0.0679,6.0,13576.0,835.0
2021-01-05 09:42:17.241,0.0681,0.068,10.0,0.0679,6.0,13576.0,835.0
2021-01-05 09:42:17.681,0.0681,0.068,24.0,0.0679,6.0,13576.0,835.0
2021-01-05 09:42:18.100,0.0681,0.068,10.0,0.0679,6.0,13576.0,835.0
2021-01-05 09:42:18.701,0.0681,0.0681,10.0,0.0679,6.0,13576.0,835.0
2021-01-05 09:42:19.210,0.0681,0.0681,10.0,0.0679,18.0,13576.0,835.0
2021-01-05 09:42:20.150,0.0681,0.0682,20.0,0.0679,18.0,13576.0,835.0
2021-01-05 09:42:20.751,0.0681,0.0681,24.0,0.0679,18.0,13576.0,835.0
2021-01-05 09:42:21.621,0.0681,0.0681,14.0,0.068,12.0,13576.0,835.0
2021-01-05 09:42:22.221,0.0681,0.0681,24.0,0.0679,6.0,13576.0,835.0
2021-01-05 09:42:22.221,0.0681,0.0681,24.0,0.0679,6.0,13576.0,835.0
2021-01-05 09:42:23.160,0.0681,0.0681,24.0,0.068,12.0,13576.0,835.0
2021-01-05 09:42:23.631,0.0681,0.0681,24.0,0.0679,18.0,13576.0,835.0
2021-01-05 09:42:24.670,0.0681,0.0681,14.0,0.0679,18.0,13576.0,835.0
2021-01-05 09:42:25.511,0.0681,0.0681,34.0,0.0679,18.0,13576.0,835.0
2021-01-05 09:42:26.130,0.0681,0.0681,34.0,0.0679,18.0,13576.0,835.0
2021-01-05 09:42:26.701,0.0681,0.0681,34.0,0.0679,18.0,13576.0,835.0
2021-01-05 09:42:27.651,0.0681,0.0681,34.0,0.0679,18.0,13576.0,835.0
2021-01-05 09:42:29.211,0.0681,0.0681,34.0,0.0679,18.0,13576.0,835.0
2021-01-05 09:42:30.220,0.0681,0.0681,34.0,0.0679,18.0,13576.0,835.0
2021-01-05 09:42:30.710,0.0681,0.0681,24.0,0.0679,18.0,13576.0,835.0
2021-01-05 09:42:31.200,0.0681,0.068,10.0,0.0679,6.0,13576.0,835.0
2021-01-05 09:42:31.720,0.0681,0.068,10.0,0.0679,18.0,13576.0,835.0
2021-01-05 09:42:33.121,0.0681,0.0681,20.0,0.0679,18.0,13576.0,835.0
2021-01-05 09:42:33.720,0.0681,0.0681,34.0,0.0679,18.0,13576.0,835.0
2021-01-05 09:42:34.210,0.0681,0.0681,34.0,0.068,12.0,13576.0,835.0
2021-01-05 09:42:34.731,0.0681,0.0681,24.0,0.068,12.0,13576.0,835.0
2021-01-05 09:42:35.701,0.0681,0.0681,14.0,0.0679,18.0,13576.0,835.0
2021-01-05 09:42:36.650,0.0681,0.0681,14.0,0.068,12.0,13576.0,835.0
2021-01-05 09:42:37.251,0.0681,0.0681,24.0,0.0679,18.0,13576.0,835.0
2021-01-05 09:42:37.751,0.0681,0.0681,24.0,0.0679,18.0,13576.0,835.0
2021-01-05 09:42:39.220,0.0681,0.0681,24.0,0.0679,18.0,13576.0,835.0
2021-01-05 09:42:40.221,0.0681,0.0681,24.0,0.0679,18.0,13576.0,835.0
2021-01-05 09:42:41.731,0.0681,0.0681,24.0,0.0679,18.0,13576.0,835.0
2021-01-05 09:42:42.250,0.0681,0.0681,10.0,0.0679,6.0,13576.0,835.0
2021-01-05 09:42:42.711,0.0681,0.0681,24.0,0.0679,18.0,13576.0,835.0
2021-01-05 09:42:43.251,0.0681,0.0681,24.0,0.0679,6.0,13576.0,835.0
2021-01-05 09:42:43.741,0.0681,0.0682,10.0,0.0679,18.0,13576.0,835.0
2021-01-05 09:42:44.211,0.0681,0.0681,10.0,0.0679,6.0,13576.0,835.0
2021-01-05 09:42:44.751,0.0679,0.0681,36.0,0.0678,2.0,13571.0,841.0
2021-01-05 09:42:45.191,0.0679,0.0681,14.0,0.0678,24.0,13571.0,841.0
2021-01-05 09:42:45.650,0.0679,0.0681,14.0,0.0678,12.0,13571.0,841.0
2021-01-05 09:42:46.240,0.0679,0.0681,24.0,0.0678,12.0,13571.0,841.0
2021-01-05 09:42:46.741,0.0679,0.0681,34.0,0.0678,2.0,13571.0,841.0
2021-01-05 09:42:47.231,0.0679,0.0681,34.0,0.0678,2.0,13571.0,841.0
2021-01-05 09:42:47.690,0.0679,0.0681,34.0,0.0678,2.0,13571.0,841.0
2021-01-05 09:42:48.171,0.0679,0.0681,34.0,0.0678,2.0,13571.0,841.0
2021-01-05 09:42:48.720,0.0679,0.0681,34.0,0.0678,14.0,13571.0,841.0
2021-01-05 09:42:49.110,0.0679,0.0681,24.0,0.0678,14.0,13571.0,841.0
2021-01-05 09:42:49.750,0.0679,0.0681,36.0,0.0678,2.0,13571.0,841.0
2021-01-05 09:42:50.720,0.0679,0.0681,36.0,0.0678,2.0,13571.0,841.0
2021-01-05 09:42:52.251,0.0679,0.0681,24.0,0.0678,14.0,13571.0,841.0
2021-01-05 09:42:53.640,0.0679,0.068,10.0,0.0678,2.0,13571.0,841.0
2021-01-05 09:42:54.191,0.0679,0.068,10.0,0.0678,2.0,13571.0,841.0
2021-01-05 09:42:55.190,0.0679,0.068,10.0,0.0678,14.0,13571.0,841.0
2021-01-05 09:42:55.701,0.0679,0.068,10.0,0.0678,2.0,13571.0,841.0
2021-01-05 09:42:56.631,0.0679,0.068,10.0,0.0678,2.0,13571.0,841.0
2021-01-05 09:42:57.171,0.0679,0.068,10.0,0.0678,2.0,13571.0,841.0
2021-01-05 09:42:58.220,0.0679,0.068,32.0,0.0678,2.0,13571.0,841.0
2021-01-05 09:42:58.731,0.0679,0.068,22.0,0.0678,2.0,13571.0,841.0
2021-01-05 09:42:59.230,0.0679,0.068,20.0,0.0679,12.0,13571.0,841.0
2021-01-05 09:42:59.730,0.0679,0.068,30.0,0.0678,2.0,13571.0,841.0
2021-01-05 09:42:59.951,0.0679,0.068,20.0,0.0678,2.0,13571.0,841.0
2021-01-05 09:43:00.721,0.0679,0.068,20.0,0.0678,14.0,13571.0,841.0
2021-01-05 09:43:01.701,0.0679,0.068,20.0,0.0678,14.0,13571.0,841.0
2021-01-05 09:43:02.681,0.0679,0.068,42.0,0.0678,2.0,13571.0,841.0
2021-01-05 09:43:03.241,0.0679,0.068,56.0,0.0678,2.0,13571.0,841.0
2021-01-05 09:43:03.701,0.0679,0.068,44.0,0.0678,2.0,13571.0,841.0
2021-01-05 09:43:04.740,0.0679,0.068,20.0,0.0678,2.0,13571.0,841.0
2021-01-05 09:43:05.251,0.0679,0.068,20.0,0.0678,14.0,13571.0,841.0
2021-01-05 09:43:05.681,0.0679,0.068,20.0,0.0678,14.0,13571.0,841.0
2021-01-05 09:43:06.171,0.0679,0.068,10.0,0.0678,2.0,13571.0,841.0
2021-01-05 09:43:06.680,0.0679,0.0682,20.0,0.0679,12.0,13571.0,841.0
2021-01-05 09:43:07.231,0.0679,0.0681,10.0,0.0679,12.0,13571.0,841.0
2021-01-05 09:43:07.710,0.0679,0.0682,14.0,0.0679,12.0,13571.0,841.0
2021-01-05 09:43:08.031,0.0679,0.0682,10.0,0.068,12.0,13571.0,841.0
2021-01-05 09:43:08.701,0.0679,0.0683,30.0,0.0678,12.0,13571.0,841.0
2021-01-05 09:43:09.231,0.0679,0.0682,10.0,0.0679,12.0,13571.0,841.0
2021-01-05 09:43:09.740,0.0679,0.0683,30.0,0.0679,12.0,13571.0,841.0
2021-01-05 09:43:10.150,0.0679,0.0681,10.0,0.0678,14.0,13571.0,841.0
2021-01-05 09:43:10.761,0.0679,0.0681,10.0,0.0678,14.0,13571.0,841.0
2021-01-05 09:43:13.210,0.0679,0.0683,40.0,0.0679,12.0,13571.0,841.0
2021-01-05 09:43:13.740,0.0679,0.0683,34.0,0.0679,12.0,13571.0,841.0
2021-01-05 09:43:14.270,0.0679,0.0683,34.0,0.068,12.0,13571.0,841.0
2021-01-05 09:43:15.241,0.0679,0.0683,20.0,0.0681,12.0,13571.0,841.0
2021-01-05 09:43:16.270,0.0679,0.0683,20.0,0.0681,12.0,13571.0,841.0
2021-01-05 09:43:16.720,0.0679,0.0683,30.0,0.068,12.0,13571.0,841.0
2021-01-05 09:43:17.271,0.0679,0.0683,20.0,0.0681,12.0,13571.0,841.0
2021-01-05 09:43:17.771,0.0679,0.0683,54.0,0.0681,12.0,13571.0,841.0
2021-01-05 09:43:18.270,0.0679,0.0683,20.0,0.0681,12.0,13571.0,841.0
2021-01-05 09:43:19.261,0.0679,0.0683,20.0,0.068,12.0,13571.0,841.0
2021-01-05 09:43:19.761,0.0679,0.0683,20.0,0.0679,22.0,13571.0,841.0
2021-01-05 09:43:20.731,0.0679,0.0683,20.0,0.0679,22.0,13571.0,841.0
2021-01-05 09:43:21.271,0.0679,0.0683,56.0,0.0679,10.0,13571.0,841.0
2021-01-05 09:43:21.701,0.0679,0.0683,56.0,0.0679,10.0,13571.0,841.0
2021-01-05 09:43:22.281,0.0679,0.0683,56.0,0.0679,10.0,13571.0,841.0
2021-01-05 09:43:22.671,0.0679,0.0683,56.0,0.0679,10.0,13571.0,841.0
2021-01-05 09:43:23.190,0.0679,0.0681,12.0,0.0678,2.0,13571.0,841.0
2021-01-05 09:43:24.120,0.0679,0.0682,22.0,0.0678,12.0,13571.0,841.0
2021-01-05 09:43:24.661,0.0679,0.0682,46.0,0.0678,12.0,13571.0,841.0
2021-01-05 09:43:25.201,0.0679,0.0682,46.0,0.0678,12.0,13571.0,841.0
2021-01-05 09:43:25.701,0.0679,0.0681,12.0,0.0678,2.0,13571.0,841.0
2021-01-05 09:43:26.181,0.0679,0.0681,12.0,0.0678,2.0,13571.0,841.0
2021-01-05 09:43:26.621,0.0679,0.0682,32.0,0.0678,14.0,13571.0,841.0
2021-01-05 09:43:27.190,0.0679,0.0681,12.0,0.0678,2.0,13571.0,841.0
2021-01-05 09:43:27.591,0.0679,0.0681,10.0,0.0678,14.0,13571.0,841.0
2021-01-05 09:43:28.091,0.0679,0.0681,22.0,0.0678,2.0,13571.0,841.0
2021-01-05 09:43:31.111,0.0679,0.0681,22.0,0.0678,2.0,13571.0,841.0
2021-01-05 09:43:31.720,0.0679,0.068,12.0,0.0678,2.0,13571.0,841.0
2021-01-05 09:43:32.181,0.0679,0.0681,20.0,0.0678,2.0,13571.0,841.0
2021-01-05 09:43:32.611,0.0679,0.0679,10.0,0.0678,2.0,13571.0,841.0
2021-01-05 09:43:33.141,0.0679,0.068,20.0,0.0679,12.0,13571.0,841.0
2021-01-05 09:43:33.441,0.068,0.068,19.0,0.0679,12.0,13572.0,842.0
2021-01-05 09:43:34.221,0.068,0.0681,20.0,0.0678,2.0,13572.0,842.0
2021-01-05 09:43:34.230,0.068,0.068,20.0,0.0678,2.0,13572.0,842.0
2021-01-05 09:43:35.160,0.068,0.068,10.0,0.0678,14.0,13572.0,842.0
2021-01-05 09:43:35.681,0.068,0.0681,10.0,0.0678,14.0,13572.0,842.0
2021-01-05 09:43:36.221,0.068,0.0681,10.0,0.0678,14.0,13572.0,842.0
2021-01-05 09:43:36.661,0.068,0.0681,10.0,0.0678,14.0,13572.0,842.0
2021-01-05 09:43:37.181,0.068,0.0681,10.0,0.0678,24.0,13572.0,842.0
2021-01-05 09:43:37.631,0.068,0.0681,10.0,0.0678,24.0,13572.0,842.0
2021-01-05 09:43:38.221,0.0681,0.0682,10.0,0.0678,24.0,13572.0,852.0
2021-01-05 09:43:39.241,0.0681,0.0682,10.0,0.068,12.0,13572.0,852.0
2021-01-05 09:43:39.700,0.0681,0.0682,10.0,0.068,12.0,13572.0,852.0
2021-01-05 09:43:40.361,0.0681,0.0682,10.0,0.068,12.0,13572.0,852.0
2021-01-05 09:43:41.730,0.0681,0.0682,10.0,0.068,12.0,13572.0,852.0
2021-01-05 09:43:42.191,0.0681,0.0682,10.0,0.068,12.0,13572.0,852.0
2021-01-05 09:43:43.231,0.0681,0.0683,20.0,0.0682,10.0,13572.0,852.0
2021-01-05 09:43:43.711,0.0683,0.0683,8.0,0.0679,10.0,13572.0,874.0
2021-01-05 09:43:44.251,0.0683,0.0682,12.0,0.0679,10.0,13572.0,876.0
2021-01-05 09:43:44.670,0.0683,0.0682,12.0,0.0679,10.0,13572.0,876.0
2021-01-05 09:43:44.760,0.0683,0.0682,10.0,0.0679,22.0,13572.0,876.0
2021-01-05 09:43:45.720,0.0683,0.0682,12.0,0.0679,10.0,13572.0,876.0
2021-01-05 09:43:46.151,0.0683,0.0682,22.0,0.0679,10.0,13572.0,876.0
2021-01-05 09:43:46.750,0.0683,0.0682,22.0,0.0679,10.0,13572.0,876.0
2021-01-05 09:43:47.250,0.0683,0.0681,12.0,0.0678,2.0,13572.0,876.0
2021-01-05 09:43:47.661,0.0683,0.0681,12.0,0.0678,2.0,13572.0,876.0
2021-01-05 09:43:48.220,0.0683,0.0682,10.0,0.0679,12.0,13572.0,876.0
2021-01-05 09:43:48.641,0.0683,0.0683,12.0,0.0679,12.0,13572.0,876.0
2021-01-05 09:43:49.061,0.0683,0.0683,22.0,0.0679,12.0,13572.0,876.0
2021-01-05 09:43:49.601,0.0683,0.0682,22.0,0.0678,24.0,13572.0,876.0
2021-01-05 09:43:50.110,0.0683,0.0683,20.0,0.0679,10.0,13572.0,876.0
2021-01-05 09:43:50.650,0.0683,0.0683,32.0,0.068,10.0,13572.0,876.0
2021-01-05 09:43:51.221,0.0683,0.0683,32.0,0.068,10.0,13572.0,876.0
2021-01-05 09:43:51.660,0.0683,0.0682,12.0,0.068,10.0,13572.0,876.0
2021-01-05 09:43:52.200,0.0683,0.0683,32.0,0.068,10.0,13572.0,876.0
2021-01-05 09:43:53.201,0.0683,0.0683,32.0,0.068,10.0,13572.0,876.0
2021-01-05 09:43:53.610,0.0683,0.0683,32.0,0.068,10.0,13572.0,876.0
2021-01-05 09:43:54.191,0.0683,0.0683,32.0,0.068,10.0,13572.0,876.0
2021-01-05 09:43:55.660,0.0683,0.0683,32.0,0.068,10.0,13572.0,876.0
2021-01-05 09:43:57.650,0.0683,0.0683,32.0,0.0679,12.0,13572.0,876.0
2021-01-05 09:43:58.181,0.0683,0.0683,46.0,0.0679,12.0,13572.0,876.0
2021-01-05 09:43:58.711,0.0683,0.0683,46.0,0.0679,12.0,13572.0,876.0
2021-01-05 09:43:59.170,0.0683,0.0682,12.0,0.0678,29.0,13572.0,876.0
2021-01-05 09:44:00.131,0.0683,0.0683,46.0,0.0679,12.0,13572.0,876.0
2021-01-05 09:44:00.701,0.0683,0.0683,20.0,0.068,12.0,13572.0,876.0
2021-01-05 09:44:01.160,0.0683,0.0683,46.0,0.0679,17.0,13572.0,876.0
2021-01-05 09:44:02.680,0.0683,0.0683,20.0,0.068,12.0,13572.0,876.0
2021-01-05 09:44:03.241,0.0683,0.0683,20.0,0.068,12.0,13572.0,876.0
2021-01-05 09:44:03.750,0.0683,0.0683,20.0,0.0681,10.0,13572.0,876.0
2021-01-05 09:44:04.230,0.0683,0.0683,20.0,0.0681,10.0,13572.0,876.0
2021-01-05 09:44:04.751,0.0683,0.0683,10.0,0.0681,42.0,13572.0,876.0
2021-01-05 09:44:05.260,0.0683,0.0684,10.0,0.0681,30.0,13572.0,876.0
2021-01-05 09:44:05.761,0.0683,0.0683,10.0,0.0681,30.0,13572.0,876.0
2021-01-05 09:44:06.261,0.0683,0.0684,10.0,0.0682,12.0,13572.0,876.0
2021-01-05 09:44:06.770,0.0683,0.0683,10.0,0.0681,10.0,13572.0,876.0
2021-01-05 09:44:07.281,0.0683,0.0683,10.0,0.0681,27.0,13572.0,876.0
2021-01-05 09:44:07.750,0.0683,0.0686,42.0,0.0682,12.0,13572.0,876.0
2021-01-05 09:44:08.261,0.0683,0.0686,46.0,0.0682,12.0,13572.0,876.0
2021-01-05 09:44:08.760,0.0683,0.0686,32.0,0.0682,12.0,13572.0,876.0
2021-01-05 09:44:09.150,0.0683,0.0685,26.0,0.0681,27.0,13572.0,876.0
2021-01-05 09:44:09.751,0.0683,0.0684,10.0,0.0681,47.0,13572.0,876.0
2021-01-05 09:44:10.280,0.0683,0.0683,10.0,0.0681,47.0,13572.0,876.0
2021-01-05 09:44:10.781,0.0683,0.0683,10.0,0.0681,47.0,13572.0,876.0
2021-01-05 09:44:11.271,0.0683,0.0683,20.0,0.0681,15.0,13572.0,876.0
2021-01-05 09:44:11.780,0.0683,0.0683,20.0,0.0681,27.0,13572.0,876.0
2021-01-05 09:44:12.270,0.0683,0.0683,10.0,0.0681,27.0,13572.0,876.0
2021-01-05 09:44:12.760,0.0683,0.0685,10.0,0.0681,27.0,13572.0,876.0
2021-01-05 09:44:13.230,0.0683,0.0683,10.0,0.0681,15.0,13572.0,876.0
2021-01-05 09:44:13.770,0.0683,0.0683,10.0,0.0681,15.0,13572.0,876.0
2021-01-05 09:44:14.260,0.0683,0.0683,10.0,0.0681,15.0,13572.0,876.0
2021-01-05 09:44:14.781,0.0683,0.0684,10.0,0.0681,27.0,13572.0,876.0
2021-01-05 09:44:15.780,0.0683,0.0684,22.0,0.0681,15.0,13572.0,876.0
2021-01-05 09:44:17.770,0.0683,0.0682,10.0,0.0681,5.0,13572.0,876.0
2021-01-05 09:44:18.231,0.0683,0.0682,10.0,0.0679,22.0,13572.0,876.0
2021-01-05 09:44:18.780,0.0683,0.0682,10.0,0.0679,12.0,13572.0,876.0
2021-01-05 09:44:19.261,0.0683,0.0682,22.0,0.0679,10.0,13572.0,876.0
2021-01-05 09:44:19.801,0.0683,0.0683,12.0,0.0679,27.0,13572.0,876.0
2021-01-05 09:44:20.271,0.0683,0.0682,12.0,0.0679,15.0,13572.0,876.0
2021-01-05 09:44:20.780,0.0683,0.0682,12.0,0.0679,15.0,13572.0,876.0
2021-01-05 09:44:21.270,0.0683,0.0682,12.0,0.0679,15.0,13572.0,876.0
2021-01-05 09:44:21.760,0.0683,0.0682,22.0,0.0679,15.0,13572.0,876.0
2021-01-05 09:44:22.131,0.0683,0.0683,10.0,0.0679,37.0,13572.0,876.0
2021-01-05 09:44:22.661,0.0683,0.0683,36.0,0.0679,25.0,13572.0,876.0
2021-01-05 09:44:23.620,0.0683,0.0683,22.0,0.0679,25.0,13572.0,876.0
2021-01-05 09:44:25.660,0.0683,0.0683,22.0,0.0682,10.0,13572.0,876.0
2021-01-05 09:44:26.201,0.0683,0.0683,36.0,0.0682,10.0,13572.0,876.0
2021-01-05 09:44:26.701,0.0683,0.0683,10.0,0.0682,10.0,13572.0,876.0
2021-01-05 09:44:27.201,0.0683,0.0683,10.0,0.0682,10.0,13572.0,876.0
2021-01-05 09:44:28.221,0.0683,0.0683,10.0,0.0682,10.0,13572.0,876.0
2021-01-05 09:44:29.200,0.0683,0.0684,20.0,0.0682,10.0,13572.0,876.0
2021-01-05 09:44:29.631,0.0683,0.0684,10.0,0.0682,22.0,13572.0,876.0
2021-01-05 09:44:30.201,0.0683,0.0684,10.0,0.0682,12.0,13572.0,876.0
2021-01-05 09:44:30.720,0.0683,0.0684,10.0,0.0681,12.0,13572.0,876.0
2021-01-05 09:44:32.220,0.0683,0.0684,10.0,0.0681,17.0,13572.0,876.0
2021-01-05 09:44:32.691,0.0683,0.0685,10.0,0.0682,12.0,13572.0,876.0
2021-01-05 09:44:33.240,0.0683,0.0685,10.0,0.0682,12.0,13572.0,876.0
2021-01-05 09:44:34.141,0.0683,0.0685,10.0,0.0682,12.0,13572.0,876.0
2021-01-05 09:44:34.631,0.0683,0.0684,10.0,0.0682,12.0,13572.0,876.0
2021-01-05 09:44:35.740,0.0683,0.0685,10.0,0.0682,12.0,13572.0,876.0
2021-01-05 09:44:36.220,0.0683,0.0685,10.0,0.0683,12.0,13572.0,876.0
2021-01-05 09:44:37.240,0.0683,0.0685,10.0,0.0682,12.0,13572.0,876.0
2021-01-05 09:44:37.751,0.0683,0.0685,10.0,0.0683,12.0,13572.0,876.0
2021-01-05 09:44:38.201,0.0683,0.0685,10.0,0.0683,12.0,13572.0,876.0
2021-01-05 09:44:38.731,0.0683,0.0685,22.0,0.0682,5.0,13572.0,876.0
2021-01-05 09:44:39.661,0.0683,0.0686,32.0,0.0682,27.0,13572.0,876.0
2021-01-05 09:44:40.250,0.0683,0.0686,36.0,0.0682,27.0,13572.0,876.0
2021-01-05 09:44:40.740,0.0683,0.0686,22.0,0.0682,37.0,13572.0,876.0
2021-01-05 09:44:41.251,0.0683,0.0686,22.0,0.0682,37.0,13572.0,876.0
2021-01-05 09:44:41.730,0.0683,0.0686,22.0,0.0682,37.0,13572.0,876.0
2021-01-05 09:44:42.250,0.0683,0.0686,22.0,0.0682,37.0,13572.0,876.0
2021-01-05 09:44:42.731,0.0683,0.0685,12.0,0.0682,25.0,13572.0,876.0
2021-01-05 09:44:43.251,0.0688,0.0688,28.0,0.0682,25.0,13562.0,906.0
2021-01-05 09:44:43.760,0.0688,0.0686,10.0,0.0682,25.0,13562.0,926.0
2021-01-05 09:44:44.260,0.0688,0.0686,14.0,0.0682,25.0,13562.0,926.0
2021-01-05 09:44:44.761,0.0688,0.0686,24.0,0.0684,12.0,13562.0,926.0
2021-01-05 09:44:45.261,0.0688,0.0686,10.0,0.0682,15.0,13562.0,926.0
2021-01-05 09:44:45.760,0.0688,0.0685,24.0,0.0683,12.0,13562.0,926.0
2021-01-05 09:44:46.271,0.0688,0.0685,24.0,0.0683,12.0,13562.0,926.0
2021-01-05 09:44:46.771,0.0688,0.0685,24.0,0.0683,12.0,13562.0,926.0
2021-01-05 09:44:47.251,0.0688,0.0685,24.0,0.0681,10.0,13562.0,926.0
2021-01-05 09:44:47.770,0.0688,0.0685,24.0,0.0681,27.0,13562.0,926.0
2021-01-05 09:44:48.271,0.0688,0.0685,24.0,0.0682,12.0,13562.0,926.0
2021-01-05 09:44:48.780,0.0688,0.0684,10.0,0.0681,27.0,13562.0,926.0
2021-01-05 09:44:49.270,0.0688,0.0684,10.0,0.0681,27.0,13562.0,926.0
2021-01-05 09:44:49.800,0.0688,0.0685,20.0,0.0681,27.0,13562.0,926.0
2021-01-05 09:44:50.300,0.0688,0.0685,20.0,0.0681,17.0,13562.0,926.0
2021-01-05 09:44:50.811,0.0688,0.0684,12.0,0.068,12.0,13562.0,926.0
2021-01-05 09:44:51.270,0.0688,0.0684,12.0,0.068,17.0,13562.0,926.0
2021-01-05 09:44:51.650,0.0688,0.0685,32.0,0.0681,12.0,13562.0,926.0
2021-01-05 09:44:52.311,0.0688,0.0685,46.0,0.0681,12.0,13562.0,926.0
2021-01-05 09:44:53.201,0.0688,0.0684,10.0,0.0682,10.0,13562.0,926.0
2021-01-05 09:44:53.621,0.0688,0.0684,22.0,0.0682,10.0,13562.0,926.0
2021-01-05 09:44:54.201,0.0688,0.0684,10.0,0.0682,10.0,13562.0,926.0
2021-01-05 09:44:55.150,0.0688,0.0684,10.0,0.0682,22.0,13562.0,926.0
2021-01-05 09:44:55.700,0.0688,0.0684,10.0,0.0682,10.0,13562.0,926.0
2021-01-05 09:44:56.220,0.0688,0.0684,10.0,0.0682,10.0,13562.0,926.0
2021-01-05 09:44:56.720,0.0688,0.0684,10.0,0.0682,22.0,13562.0,926.0
2021-01-05 09:44:57.680,0.0688,0.0684,10.0,0.0682,22.0,13562.0,926.0
2021-01-05 09:44:58.120,0.0688,0.0684,10.0,0.0682,37.0,13562.0,926.0
2021-01-05 09:44:58.720,0.0688,0.0685,10.0,0.0684,2.0,13562.0,926.0
2021-01-05 09:44:59.190,0.0688,0.0685,10.0,0.0684,2.0,13562.0,926.0
2021-01-05 09:44:59.711,0.0688,0.0686,10.0,0.0684,2.0,13562.0,926.0
2021-01-05 09:45:00.061,0.0688,0.0686,10.0,0.0684,2.0,13562.0,926.0
2021-01-05 09:45:00.591,0.0688,0.0685,10.0,0.0684,2.0,13562.0,926.0
2021-01-05 09:45:01.221,0.0688,0.0686,10.0,0.0685,12.0,13562.0,926.0
2021-01-05 09:45:01.680,0.0688,0.0687,10.0,0.0685,12.0,13562.0,926.0
2021-01-05 09:45:02.061,0.0688,0.0687,10.0,0.0685,12.0,13562.0,926.0
2021-01-05 09:45:02.621,0.0688,0.0687,10.0,0.0685,12.0,13562.0,926.0
2021-01-05 09:45:03.190,0.069,0.069,12.0,0.0685,12.0,13552.0,956.0
2021-01-05 09:45:03.680,0.069,0.0689,14.0,0.0685,12.0,13552.0,956.0
2021-01-05 09:45:04.191,0.069,0.0689,14.0,0.0686,12.0,13552.0,956.0
2021-01-05 09:45:04.700,0.069,0.0689,14.0,0.0687,12.0,13552.0,956.0
