,last,ask1,asize1,bid1,bsize1,oi,volume
2021-01-05 09:19:14.640,0.0777,0.0777,1.0,0.0777,1.0,20594.0,
2021-01-05 09:20:37.130,0.07,0.07,1.0,0.07,1.0,20594.0,
2021-01-05 09:23:19.340,0.072,0.072,1.0,0.072,1.0,20594.0,
2021-01-05 09:24:29.700,0.0722,0.0722,2.0,0.0722,2.0,20594.0,
2021-01-05 09:25:00.080,0.0722,0.074,2.0,0.0722,29.0,20596.0,2.0
2021-01-05 09:30:00.451,0.0722,0.074,2.0,0.0722,29.0,20596.0,2.0
2021-01-05 09:30:00.980,0.0722,0.074,2.0,0.0723,52.0,20596.0,2.0
2021-01-05 09:30:01.481,0.0722,0.074,2.0,0.0723,53.0,20596.0,2.0
2021-01-05 09:30:02.011,0.0723,0.074,2.0,0.0723,34.0,20596.0,22.0
2021-01-05 09:30:02.440,0.0723,0.074,2.0,0.0723,34.0,20596.0,22.0
2021-01-05 09:30:03.980,0.0723,0.074,22.0,0.0723,34.0,20596.0,22.0
2021-01-05 09:30:04.430,0.0723,0.074,22.0,0.0723,14.0,20596.0,42.0
2021-01-05 09:30:05.010,0.0723,0.074,2.0,0.0723,14.0,20596.0,42.0
2021-01-05 09:30:05.481,0.0723,0.074,22.0,0.0723,14.0,20596.0,42.0
2021-01-05 09:30:05.990,0.0723,0.074,22.0,0.0723,14.0,20596.0,42.0
2021-01-05 09:30:06.971,0.0723,0.074,2.0,0.0722,29.0,20597.0,56.0
2021-01-05 09:30:08.960,0.0722,0.073,20.0,0.0722,9.0,20617.0,76.0
2021-01-05 09:30:09.970,0.0722,0.073,20.0,0.0702,6.0,20626.0,85.0
2021-01-05 09:30:11.000,0.0722,0.0728,20.0,0.0702,6.0,20626.0,85.0
2021-01-05 09:30:13.000,0.0722,0.073,20.0,0.0702,6.0,20626.0,85.0
2021-01-05 09:30:13.501,0.0722,0.0733,20.0,0.0702,6.0,20626.0,85.0
2021-01-05 09:30:15.040,0.0722,0.0733,20.0,0.0702,6.0,20626.0,85.0
2021-01-05 09:30:15.520,0.0722,0.0735,20.0,0.0702,6.0,20626.0,85.0
2021-01-05 09:30:15.991,0.0722,0.0735,20.0,0.0702,6.0,20626.0,85.0
2021-01-05 09:30:17.021,0.0722,0.0737,20.0,0.0702,6.0,20626.0,85.0
2021-01-05 09:30:17.641,0.0722,0.0737,20.0,0.0702,6.0,20626.0,85.0
2021-01-05 09:30:17.641,0.0722,0.0737,20.0,0.0702,26.0,20626.0,85.0
2021-01-05 09:30:18.750,0.0722,0.0737,20.0,0.0702,26.0,20626.0,85.0
2021-01-05 09:30:19.251,0.0722,0.074,2.0,0.0702,26.0,20626.0,85.0
2021-01-05 09:30:20.240,0.0722,0.074,22.0,0.0702,26.0,20626.0,85.0
2021-01-05 09:30:22.240,0.0722,0.0739,20.0,0.0702,26.0,20626.0,85.0
2021-01-05 09:30:24.161,0.0722,0.0737,20.0,0.0702,26.0,20626.0,85.0
2021-01-05 09:30:25.160,0.0722,0.0734,20.0,0.0702,6.0,20626.0,85.0
2021-01-05 09:30:28.670,0.0722,0.0734,20.0,0.0702,6.0,20626.0,85.0
2021-01-05 09:30:30.620,0.0722,0.0737,20.0,0.0702,6.0,20626.0,85.0
2021-01-05 09:30:31.661,0.0722,0.0737,20.0,0.0702,26.0,20626.0,85.0
2021-01-05 09:30:32.140,0.0722,0.0737,20.0,0.0702,26.0,20626.0,85.0
2021-01-05 09:30:32.551,0.0722,0.0739,20.0,0.0702,27.0,20626.0,85.0
2021-01-05 09:30:33.171,0.0722,0.0739,20.0,0.0702,27.0,20626.0,85.0
2021-01-05 09:30:33.671,0.0722,0.0739,20.0,0.0702,27.0,20626.0,85.0
2021-01-05 09:30:36.170,0.0722,0.0722,3.0,0.0702,27.0,20626.0,85.0
2021-01-05 09:30:36.691,0.0722,0.0722,3.0,0.0702,27.0,20626.0,85.0
2021-01-05 09:30:37.171,0.0722,0.0722,23.0,0.0702,27.0,20626.0,85.0
2021-01-05 09:30:37.670,0.0722,0.0722,23.0,0.0702,27.0,20626.0,85.0
2021-01-05 09:30:40.690,0.0722,0.0722,22.0,0.0702,27.0,20626.0,86.0
2021-01-05 09:30:43.180,0.0722,0.0722,22.0,0.0702,27.0,20626.0,86.0
2021-01-05 09:30:44.181,0.0722,0.0722,42.0,0.0702,47.0,20626.0,86.0
2021-01-05 09:30:44.650,0.0722,0.0722,22.0,0.0702,47.0,20626.0,86.0
2021-01-05 09:30:45.710,0.0722,0.0722,22.0,0.0703,1.0,20626.0,86.0
2021-01-05 09:30:47.691,0.0722,0.0722,22.0,0.0703,1.0,20626.0,86.0
2021-01-05 09:30:55.081,0.0722,0.0722,22.0,0.0703,1.0,20626.0,86.0
2021-01-05 09:30:56.660,0.0722,0.0722,32.0,0.0703,1.0,20626.0,86.0
2021-01-05 09:30:58.660,0.0722,0.0721,20.0,0.0703,1.0,20626.0,86.0
2021-01-05 09:30:59.640,0.0722,0.0721,40.0,0.0703,1.0,20626.0,86.0
2021-01-05 09:31:01.150,0.0722,0.0721,40.0,0.0703,1.0,20626.0,86.0
2021-01-05 09:31:02.170,0.0722,0.0713,10.0,0.0703,1.0,20626.0,86.0
2021-01-05 09:31:02.681,0.0722,0.0713,30.0,0.0703,1.0,20626.0,86.0
2021-01-05 09:31:03.680,0.0722,0.0713,10.0,0.0703,1.0,20626.0,86.0
2021-01-05 09:31:04.181,0.0722,0.0713,10.0,0.0703,1.0,20626.0,86.0
2021-01-05 09:31:04.671,0.0722,0.0713,10.0,0.0703,1.0,20626.0,86.0
2021-01-05 09:31:06.681,0.0722,0.0713,10.0,0.0703,1.0,20626.0,86.0
2021-01-05 09:31:08.650,0.0722,0.0713,10.0,0.0703,26.0,20626.0,86.0
2021-01-05 09:31:09.051,0.0722,0.0713,10.0,0.0703,6.0,20626.0,86.0
2021-01-05 09:31:10.200,0.0722,0.0713,10.0,0.0703,6.0,20626.0,86.0
2021-01-05 09:31:11.701,0.0722,0.0713,10.0,0.0703,6.0,20626.0,86.0
2021-01-05 09:31:12.711,0.0722,0.0713,30.0,0.0703,6.0,20626.0,86.0
2021-01-05 09:31:15.691,0.0722,0.0713,10.0,0.0703,6.0,20626.0,86.0
2021-01-05 09:31:16.711,0.0722,0.0713,10.0,0.0703,6.0,20626.0,86.0
2021-01-05 09:31:17.201,0.0722,0.0713,10.0,0.0703,6.0,20626.0,86.0
2021-01-05 09:31:18.201,0.0722,0.0713,10.0,0.0703,6.0,20626.0,86.0
2021-01-05 09:31:19.150,0.0722,0.0713,10.0,0.0703,6.0,20626.0,86.0
2021-01-05 09:31:19.721,0.0722,0.0713,10.0,0.0703,26.0,20626.0,86.0
2021-01-05 09:31:21.221,0.0722,0.0713,10.0,0.0703,26.0,20626.0,86.0
2021-01-05 09:31:22.211,0.0722,0.0713,10.0,0.0703,6.0,20626.0,86.0
2021-01-05 09:31:23.171,0.0722,0.0713,10.0,0.0703,6.0,20626.0,86.0
2021-01-05 09:31:23.640,0.0722,0.0713,10.0,0.0703,6.0,20626.0,86.0
2021-01-05 09:31:24.660,0.0722,0.0713,10.0,0.0703,6.0,20626.0,86.0
2021-01-05 09:31:25.150,0.0722,0.0713,10.0,0.0703,6.0,20626.0,86.0
2021-01-05 09:31:25.640,0.0722,0.0713,10.0,0.0703,6.0,20626.0,86.0
2021-01-05 09:31:26.101,0.0722,0.0713,10.0,0.0703,6.0,20626.0,86.0
2021-01-05 09:31:27.171,0.0722,0.0713,10.0,0.0703,6.0,20626.0,86.0
2021-01-05 09:31:27.590,0.0722,0.0713,10.0,0.0703,6.0,20626.0,86.0
2021-01-05 09:31:28.610,0.0713,0.0714,20.0,0.0713,2.0,20626.0,96.0
2021-01-05 09:31:29.171,0.0713,0.0714,10.0,0.0703,26.0,20628.0,98.0
2021-01-05 09:31:30.170,0.0713,0.0708,10.0,0.0703,6.0,20628.0,98.0
2021-01-05 09:31:30.671,0.0713,0.0708,10.0,0.0703,6.0,20628.0,98.0
2021-01-05 09:31:31.101,0.0713,0.0708,10.0,0.0703,26.0,20628.0,98.0
2021-01-05 09:31:31.641,0.0713,0.0708,10.0,0.0703,26.0,20628.0,98.0
2021-01-05 09:31:34.681,0.0713,0.0708,10.0,0.0703,6.0,20628.0,98.0
2021-01-05 09:31:35.190,0.0713,0.0708,10.0,0.0703,6.0,20628.0,98.0
2021-01-05 09:31:35.670,0.0713,0.0708,10.0,0.0703,6.0,20628.0,98.0
2021-01-05 09:31:36.181,0.0713,0.0708,10.0,0.0703,6.0,20628.0,98.0
2021-01-05 09:31:36.690,0.0713,0.0708,10.0,0.0703,6.0,20628.0,98.0
2021-01-05 09:31:37.191,0.0713,0.0708,10.0,0.0703,6.0,20628.0,98.0
2021-01-05 09:31:38.190,0.0713,0.0708,10.0,0.0703,6.0,20628.0,98.0
2021-01-05 09:31:38.621,0.0713,0.0708,10.0,0.0703,6.0,20628.0,98.0
2021-01-05 09:31:39.210,0.0713,0.0708,10.0,0.0703,6.0,20628.0,98.0
2021-01-05 09:31:39.710,0.0713,0.0708,10.0,0.0703,6.0,20628.0,98.0
2021-01-05 09:31:40.200,0.0713,0.0708,10.0,0.0703,6.0,20628.0,98.0
2021-01-05 09:31:40.711,0.0713,0.0713,20.0,0.0703,6.0,20628.0,98.0
2021-01-05 09:31:41.191,0.0713,0.0713,20.0,0.0703,6.0,20628.0,98.0
2021-01-05 09:31:41.700,0.0713,0.0713,20.0,0.0703,26.0,20628.0,98.0
2021-01-05 09:31:42.211,0.0713,0.0713,20.0,0.0703,26.0,20628.0,98.0
2021-01-05 09:31:42.711,0.0713,0.0713,20.0,0.0703,26.0,20628.0,98.0
2021-01-05 09:31:43.191,0.0713,0.0713,20.0,0.0703,26.0,20628.0,98.0
2021-01-05 09:31:43.191,0.0713,0.0713,20.0,0.0703,26.0,20628.0,98.0
2021-01-05 09:31:44.190,0.0713,0.0713,20.0,0.0703,26.0,20628.0,98.0
2021-01-05 09:31:44.691,0.0713,0.0713,20.0,0.0703,26.0,20628.0,98.0
2021-01-05 09:31:45.170,0.0713,0.0713,20.0,0.0703,26.0,20628.0,98.0
2021-01-05 09:31:45.700,0.0713,0.0713,20.0,0.0703,26.0,20628.0,98.0
2021-01-05 09:31:46.171,0.0713,0.0713,20.0,0.0703,26.0,20628.0,98.0
2021-01-05 09:31:46.701,0.0713,0.0713,20.0,0.0703,26.0,20628.0,98.0
2021-01-05 09:31:47.191,0.0713,0.0713,20.0,0.0703,26.0,20628.0,98.0
2021-01-05 09:31:47.711,0.0713,0.0713,20.0,0.0703,26.0,20628.0,98.0
2021-01-05 09:31:48.670,0.0713,0.0713,20.0,0.0703,26.0,20628.0,98.0
2021-01-05 09:31:49.711,0.0713,0.0713,20.0,0.0703,26.0,20628.0,98.0
2021-01-05 09:31:50.191,0.0713,0.0715,20.0,0.0705,10.0,20628.0,98.0
2021-01-05 09:31:50.710,0.0713,0.0715,20.0,0.0705,30.0,20628.0,98.0
2021-01-05 09:31:51.210,0.0713,0.0715,20.0,0.0705,30.0,20628.0,98.0
2021-01-05 09:31:52.220,0.0713,0.0715,20.0,0.0709,10.0,20628.0,98.0
2021-01-05 09:31:52.621,0.0713,0.0716,20.0,0.0709,30.0,20628.0,98.0
2021-01-05 09:31:53.530,0.0713,0.0716,20.0,0.0709,30.0,20628.0,98.0
2021-01-05 09:31:54.151,0.0709,0.0716,20.0,0.0709,28.0,20630.0,100.0
2021-01-05 09:31:54.641,0.0709,0.0717,20.0,0.0709,28.0,20630.0,100.0
2021-01-05 09:31:55.090,0.0709,0.0717,20.0,0.0709,28.0,20630.0,100.0
2021-01-05 09:31:55.670,0.0709,0.0718,20.0,0.0713,10.0,20630.0,100.0
2021-01-05 09:31:56.110,0.0709,0.0719,20.0,0.0713,10.0,20630.0,100.0
2021-01-05 09:31:56.591,0.0709,0.0721,20.0,0.0713,10.0,20630.0,100.0
2021-01-05 09:31:57.171,0.0709,0.0724,20.0,0.0713,10.0,20630.0,100.0
2021-01-05 09:31:57.641,0.0709,0.0725,20.0,0.0713,10.0,20630.0,100.0
2021-01-05 09:31:58.150,0.0709,0.0725,20.0,0.0713,10.0,20630.0,100.0
2021-01-05 09:31:59.180,0.0709,0.0725,20.0,0.0713,10.0,20630.0,100.0
2021-01-05 09:31:59.660,0.0709,0.0725,23.0,0.0713,10.0,20630.0,100.0
2021-01-05 09:32:00.150,0.0709,0.0725,23.0,0.0713,10.0,20630.0,100.0
2021-01-05 09:32:00.650,0.0709,0.0725,23.0,0.0713,10.0,20630.0,100.0
2021-01-05 09:32:01.170,0.0709,0.0725,23.0,0.0713,10.0,20630.0,100.0
2021-01-05 09:32:01.670,0.0709,0.0725,23.0,0.0713,10.0,20630.0,100.0
2021-01-05 09:32:02.171,0.0709,0.0725,23.0,0.0713,10.0,20630.0,100.0
2021-01-05 09:32:02.671,0.0709,0.0721,10.0,0.0712,20.0,20630.0,100.0
2021-01-05 09:32:03.180,0.0709,0.0721,30.0,0.071,20.0,20630.0,100.0
2021-01-05 09:32:04.161,0.0709,0.0721,30.0,0.071,20.0,20630.0,100.0
2021-01-05 09:32:04.661,0.0709,0.0721,30.0,0.071,20.0,20630.0,100.0
2021-01-05 09:32:05.141,0.0709,0.0721,20.0,0.071,20.0,20630.0,100.0
2021-01-05 09:32:05.660,0.0709,0.0721,40.0,0.0708,30.0,20630.0,100.0
2021-01-05 09:32:06.161,0.0709,0.0721,40.0,0.0708,30.0,20630.0,100.0
2021-01-05 09:32:06.680,0.0709,0.0721,20.0,0.0708,30.0,20630.0,100.0
2021-01-05 09:32:07.070,0.0709,0.0721,20.0,0.0708,30.0,20630.0,100.0
2021-01-05 09:32:07.671,0.0709,0.0721,20.0,0.0708,30.0,20630.0,100.0
2021-01-05 09:32:08.171,0.0709,0.0721,20.0,0.0708,30.0,20630.0,100.0
2021-01-05 09:32:08.670,0.0709,0.0721,20.0,0.0708,30.0,20630.0,100.0
2021-01-05 09:32:09.141,0.0709,0.0721,20.0,0.0708,40.0,20630.0,100.0
2021-01-05 09:32:09.681,0.0709,0.0721,20.0,0.0708,50.0,20630.0,100.0
2021-01-05 09:32:10.161,0.0709,0.0721,20.0,0.0708,50.0,20630.0,100.0
2021-01-05 09:32:10.551,0.0709,0.0721,20.0,0.0708,50.0,20630.0,100.0
2021-01-05 09:32:11.170,0.0709,0.0721,20.0,0.0708,50.0,20630.0,100.0
2021-01-05 09:32:11.650,0.0709,0.0721,20.0,0.0708,50.0,20630.0,100.0
2021-01-05 09:32:12.161,0.0709,0.0721,20.0,0.0715,1.0,20630.0,100.0
2021-01-05 09:32:12.161,0.0709,0.0723,20.0,0.0715,1.0,20630.0,100.0
2021-01-05 09:32:13.171,0.0709,0.0723,20.0,0.0715,1.0,20630.0,100.0
2021-01-05 09:32:14.180,0.0709,0.0723,20.0,0.0715,1.0,20630.0,100.0
2021-01-05 09:32:14.660,0.0709,0.0723,20.0,0.0715,1.0,20630.0,100.0
2021-01-05 09:32:15.171,0.0709,0.0723,20.0,0.0715,1.0,20630.0,100.0
2021-01-05 09:32:15.671,0.0709,0.0723,20.0,0.0715,1.0,20630.0,100.0
2021-01-05 09:32:16.551,0.0709,0.0723,40.0,0.0715,1.0,20630.0,100.0
2021-01-05 09:32:17.161,0.0709,0.0723,40.0,0.0715,1.0,20630.0,100.0
2021-01-05 09:32:17.651,0.0709,0.0723,40.0,0.0715,1.0,20630.0,100.0
2021-01-05 09:32:18.130,0.0709,0.0723,40.0,0.0715,1.0,20630.0,100.0
2021-01-05 09:32:18.670,0.0709,0.0723,20.0,0.0715,1.0,20630.0,100.0
2021-01-05 09:32:19.640,0.0709,0.0723,20.0,0.0715,1.0,20630.0,100.0
2021-01-05 09:32:20.151,0.0709,0.0723,20.0,0.0715,1.0,20630.0,100.0
2021-01-05 09:32:20.671,0.0709,0.0723,40.0,0.0715,1.0,20630.0,100.0
2021-01-05 09:32:21.171,0.0709,0.0723,40.0,0.0715,1.0,20630.0,100.0
2021-01-05 09:32:21.680,0.0709,0.0723,23.0,0.0715,1.0,20630.0,100.0
2021-01-05 09:32:22.181,0.0709,0.0723,43.0,0.0715,1.0,20630.0,100.0
2021-01-05 09:32:22.660,0.0709,0.0723,43.0,0.0715,1.0,20630.0,100.0
2021-01-05 09:32:23.180,0.0709,0.0723,53.0,0.0715,1.0,20630.0,100.0
2021-01-05 09:32:24.160,0.0709,0.0723,53.0,0.0715,1.0,20630.0,100.0
2021-01-05 09:32:25.170,0.0709,0.0723,53.0,0.0715,1.0,20630.0,100.0
2021-01-05 09:32:25.670,0.0709,0.0723,53.0,0.0715,1.0,20630.0,100.0
2021-01-05 09:32:26.171,0.0709,0.0723,40.0,0.072,1.0,20630.0,100.0
2021-01-05 09:32:26.650,0.0709,0.0724,20.0,0.072,1.0,20630.0,100.0
2021-01-05 09:32:27.641,0.0709,0.0723,10.0,0.072,1.0,20630.0,100.0
2021-01-05 09:32:28.171,0.0709,0.0723,10.0,0.072,1.0,20630.0,100.0
2021-01-05 09:32:28.630,0.0709,0.0723,10.0,0.072,1.0,20630.0,100.0
2021-01-05 09:32:30.171,0.0709,0.0723,10.0,0.072,1.0,20630.0,100.0
2021-01-05 09:32:31.151,0.0709,0.0723,10.0,0.072,1.0,20630.0,100.0
2021-01-05 09:32:31.631,0.0709,0.0723,10.0,0.072,1.0,20630.0,100.0
2021-01-05 09:32:32.121,0.0709,0.0723,10.0,0.072,1.0,20630.0,100.0
2021-01-05 09:32:32.690,0.0709,0.0723,10.0,0.072,1.0,20630.0,100.0
2021-01-05 09:32:33.671,0.072,0.0723,10.0,0.0715,21.0,20631.0,101.0
2021-01-05 09:32:34.171,0.072,0.0723,10.0,0.0715,1.0,20631.0,101.0
2021-01-05 09:32:34.691,0.072,0.0723,10.0,0.0715,1.0,20631.0,101.0
2021-01-05 09:32:35.170,0.072,0.0723,30.0,0.0715,1.0,20631.0,101.0
2021-01-05 09:32:36.190,0.072,0.0723,30.0,0.0715,1.0,20631.0,101.0
2021-01-05 09:32:38.190,0.072,0.0723,30.0,0.0715,1.0,20631.0,101.0
2021-01-05 09:32:39.630,0.072,0.0723,30.0,0.0715,1.0,20631.0,101.0
2021-01-05 09:32:41.640,0.072,0.0723,30.0,0.0715,1.0,20631.0,101.0
2021-01-05 09:32:42.201,0.072,0.0723,30.0,0.0715,1.0,20631.0,101.0
2021-01-05 09:32:42.700,0.072,0.0723,30.0,0.0715,1.0,20631.0,101.0
2021-01-05 09:32:43.190,0.072,0.0723,30.0,0.0715,1.0,20631.0,101.0
2021-01-05 09:32:43.580,0.072,0.0723,30.0,0.0715,1.0,20631.0,101.0
2021-01-05 09:32:44.151,0.072,0.0723,30.0,0.0715,1.0,20631.0,101.0
2021-01-05 09:32:44.700,0.072,0.0723,30.0,0.0715,1.0,20631.0,101.0
2021-01-05 09:32:45.580,0.072,0.0723,30.0,0.0715,1.0,20631.0,101.0
2021-01-05 09:32:47.201,0.072,0.0723,30.0,0.0715,1.0,20631.0,101.0
2021-01-05 09:32:47.701,0.072,0.0723,30.0,0.0715,1.0,20631.0,101.0
2021-01-05 09:32:48.181,0.072,0.0723,30.0,0.0715,1.0,20631.0,101.0
2021-01-05 09:32:48.690,0.072,0.0723,30.0,0.0715,1.0,20631.0,101.0
2021-01-05 09:32:49.190,0.072,0.0723,20.0,0.0715,1.0,20631.0,101.0
2021-01-05 09:32:49.670,0.072,0.0724,20.0,0.0715,1.0,20631.0,101.0
2021-01-05 09:32:50.171,0.072,0.0726,20.0,0.0716,10.0,20631.0,101.0
2021-01-05 09:32:50.700,0.072,0.0727,20.0,0.0716,20.0,20631.0,101.0
2021-01-05 09:32:51.170,0.072,0.0727,20.0,0.0716,20.0,20631.0,101.0
2021-01-05 09:32:51.701,0.072,0.073,20.0,0.0716,20.0,20631.0,101.0
2021-01-05 09:32:52.191,0.072,0.073,20.0,0.0716,20.0,20631.0,101.0
2021-01-05 09:32:52.671,0.072,0.073,20.0,0.0716,20.0,20631.0,101.0
2021-01-05 09:32:53.161,0.072,0.073,23.0,0.0716,20.0,20631.0,101.0
2021-01-05 09:32:53.641,0.072,0.073,23.0,0.0716,20.0,20631.0,101.0
2021-01-05 09:32:54.181,0.072,0.073,23.0,0.0716,20.0,20631.0,101.0
2021-01-05 09:32:54.371,0.072,0.073,23.0,0.0716,20.0,20631.0,101.0
2021-01-05 09:32:55.161,0.072,0.073,23.0,0.0716,20.0,20631.0,101.0
2021-01-05 09:32:55.670,0.072,0.073,23.0,0.0716,20.0,20631.0,101.0
2021-01-05 09:32:56.000,0.072,0.073,23.0,0.0716,20.0,20631.0,101.0
2021-01-05 09:32:56.611,0.072,0.073,23.0,0.0721,10.0,20631.0,101.0
2021-01-05 09:32:57.151,0.072,0.073,3.0,0.0721,30.0,20631.0,101.0
2021-01-05 09:32:57.600,0.072,0.073,3.0,0.0721,30.0,20631.0,101.0
2021-01-05 09:32:58.171,0.072,0.073,3.0,0.0721,30.0,20631.0,101.0
2021-01-05 09:32:58.651,0.072,0.073,3.0,0.0721,30.0,20631.0,101.0
2021-01-05 09:32:59.170,0.072,0.073,3.0,0.0721,30.0,20631.0,101.0
2021-01-05 09:33:00.180,0.072,0.073,23.0,0.0721,30.0,20631.0,101.0
2021-01-05 09:33:00.651,0.072,0.073,3.0,0.0721,10.0,20631.0,101.0
2021-01-05 09:33:01.141,0.073,0.073,22.0,0.0721,30.0,20632.0,102.0
2021-01-05 09:33:01.661,0.073,0.073,22.0,0.0721,30.0,20632.0,102.0
2021-01-05 09:33:02.130,0.073,0.0728,10.0,0.072,20.0,20632.0,102.0
2021-01-05 09:33:02.651,0.073,0.0728,10.0,0.072,20.0,20632.0,102.0
2021-01-05 09:33:03.171,0.072,0.0728,33.0,0.072,18.0,20634.0,104.0
2021-01-05 09:33:03.681,0.072,0.0728,33.0,0.072,18.0,20634.0,104.0
2021-01-05 09:33:04.140,0.072,0.0728,33.0,0.072,17.0,20635.0,105.0
2021-01-05 09:33:04.651,0.072,0.0728,53.0,0.0719,20.0,20635.0,105.0
2021-01-05 09:33:05.181,0.072,0.0728,53.0,0.0716,20.0,20635.0,105.0
2021-01-05 09:33:05.690,0.072,0.0728,53.0,0.0716,20.0,20635.0,105.0
2021-01-05 09:33:06.170,0.072,0.0723,10.0,0.0716,20.0,20635.0,105.0
2021-01-05 09:33:06.681,0.072,0.0723,10.0,0.0715,1.0,20635.0,105.0
2021-01-05 09:33:07.171,0.072,0.0723,30.0,0.0717,1.0,20635.0,105.0
2021-01-05 09:33:07.171,0.072,0.0723,10.0,0.0717,1.0,20635.0,105.0
2021-01-05 09:33:08.191,0.072,0.0723,10.0,0.0717,1.0,20635.0,105.0
2021-01-05 09:33:08.681,0.072,0.0723,10.0,0.0717,1.0,20635.0,105.0
2021-01-05 09:33:09.181,0.072,0.0723,10.0,0.0717,1.0,20635.0,105.0
2021-01-05 09:33:09.651,0.072,0.0723,10.0,0.0717,1.0,20635.0,105.0
2021-01-05 09:33:10.180,0.072,0.0723,10.0,0.0717,1.0,20635.0,105.0
2021-01-05 09:33:10.681,0.072,0.0723,10.0,0.0717,1.0,20635.0,105.0
2021-01-05 09:33:12.181,0.072,0.0723,10.0,0.0717,1.0,20635.0,105.0
2021-01-05 09:33:12.650,0.072,0.0723,10.0,0.0717,1.0,20635.0,105.0
2021-01-05 09:33:12.650,0.072,0.0723,10.0,0.0717,1.0,20635.0,105.0
2021-01-05 09:33:13.691,0.072,0.0723,10.0,0.0717,1.0,20635.0,105.0
2021-01-05 09:33:14.160,0.072,0.0723,10.0,0.0717,1.0,20635.0,105.0
2021-01-05 09:33:14.650,0.072,0.0723,10.0,0.0717,1.0,20635.0,105.0
2021-01-05 09:33:15.651,0.072,0.0723,30.0,0.0717,1.0,20635.0,105.0
2021-01-05 09:33:16.181,0.072,0.0723,30.0,0.0717,1.0,20635.0,105.0
2021-01-05 09:33:16.671,0.072,0.0719,10.0,0.0717,1.0,20635.0,105.0
2021-01-05 09:33:17.190,0.072,0.0718,10.0,0.0717,1.0,20635.0,105.0
2021-01-05 09:33:17.691,0.072,0.0718,10.0,0.0715,6.0,20635.0,105.0
2021-01-05 09:33:18.160,0.0715,0.0718,10.0,0.0715,2.0,20636.0,109.0
2021-01-05 09:33:18.680,0.0715,0.0718,10.0,0.0715,2.0,20636.0,109.0
2021-01-05 09:33:18.921,0.0715,0.0718,10.0,0.0715,1.0,20636.0,110.0
2021-01-05 09:33:19.660,0.0715,0.0718,10.0,0.0715,1.0,20636.0,110.0
2021-01-05 09:33:19.950,0.0715,0.0718,10.0,0.0715,1.0,20636.0,110.0
2021-01-05 09:33:20.680,0.0715,0.0718,10.0,0.0715,1.0,20636.0,110.0
2021-01-05 09:33:21.160,0.0715,0.0718,10.0,0.0715,1.0,20636.0,110.0
2021-01-05 09:33:21.681,0.0715,0.0718,10.0,0.0715,2.0,20636.0,111.0
2021-01-05 09:33:22.670,0.0715,0.0716,10.0,0.0715,2.0,20636.0,111.0
2021-01-05 09:33:22.961,0.0715,0.0716,10.0,0.0715,1.0,20637.0,112.0
2021-01-05 09:33:23.660,0.0715,0.0716,10.0,0.0711,20.0,20638.0,113.0
2021-01-05 09:33:24.171,0.0715,0.0716,10.0,0.071,3.0,20638.0,113.0
2021-01-05 09:33:24.651,0.0715,0.0716,10.0,0.071,3.0,20638.0,113.0
2021-01-05 09:33:25.151,0.0715,0.0716,10.0,0.071,3.0,20638.0,113.0
2021-01-05 09:33:25.671,0.0715,0.0716,10.0,0.071,3.0,20638.0,113.0
2021-01-05 09:33:26.161,0.0715,0.0717,10.0,0.071,3.0,20638.0,113.0
2021-01-05 09:33:26.651,0.0715,0.0717,10.0,0.071,3.0,20638.0,113.0
2021-01-05 09:33:27.171,0.0715,0.0717,10.0,0.071,3.0,20638.0,113.0
2021-01-05 09:33:27.681,0.0715,0.0717,10.0,0.071,3.0,20638.0,113.0
2021-01-05 09:33:28.180,0.0715,0.0717,10.0,0.071,3.0,20638.0,113.0
2021-01-05 09:33:28.670,0.0717,0.0717,9.0,0.071,3.0,20638.0,114.0
2021-01-05 09:33:29.171,0.0717,0.0717,9.0,0.071,3.0,20638.0,114.0
2021-01-05 09:33:30.180,0.0717,0.0717,9.0,0.071,3.0,20638.0,114.0
2021-01-05 09:33:30.670,0.0717,0.0717,9.0,0.0715,10.0,20638.0,114.0
2021-01-05 09:33:31.131,0.0717,0.0717,9.0,0.0715,10.0,20638.0,114.0
2021-01-05 09:33:31.671,0.0717,0.0717,9.0,0.0715,10.0,20638.0,114.0
2021-01-05 09:33:32.170,0.0717,0.0717,9.0,0.0715,10.0,20638.0,114.0
2021-01-05 09:33:35.690,0.0717,0.0717,29.0,0.0715,10.0,20638.0,114.0
2021-01-05 09:33:36.101,0.0717,0.0717,9.0,0.0715,10.0,20638.0,114.0
2021-01-05 09:33:36.681,0.0715,0.0717,9.0,0.0715,6.0,20642.0,118.0
2021-01-05 09:33:37.190,0.0715,0.0717,9.0,0.0715,5.0,20643.0,119.0
2021-01-05 09:33:37.640,0.0715,0.0716,10.0,0.0715,5.0,20643.0,119.0
2021-01-05 09:33:38.120,0.0715,0.0716,30.0,0.0715,5.0,20643.0,119.0
2021-01-05 09:33:38.571,0.0715,0.0716,30.0,0.0715,4.0,20644.0,120.0
2021-01-05 09:33:39.201,0.0715,0.0716,30.0,0.0715,4.0,20644.0,120.0
2021-01-05 09:33:39.641,0.0715,0.0717,20.0,0.0715,4.0,20644.0,120.0
2021-01-05 09:33:40.160,0.0715,0.0718,30.0,0.0715,4.0,20644.0,120.0
2021-01-05 09:33:40.690,0.0715,0.0718,20.0,0.0715,4.0,20644.0,120.0
2021-01-05 09:33:41.161,0.0715,0.0718,20.0,0.0715,4.0,20644.0,120.0
2021-01-05 09:33:41.691,0.0715,0.0718,20.0,0.0715,4.0,20644.0,120.0
2021-01-05 09:33:42.100,0.0715,0.0718,20.0,0.0715,4.0,20644.0,120.0
2021-01-05 09:33:43.180,0.0715,0.0719,20.0,0.0715,4.0,20644.0,120.0
2021-01-05 09:33:43.681,0.0715,0.0719,20.0,0.0715,4.0,20644.0,120.0
2021-01-05 09:33:44.110,0.0715,0.0719,20.0,0.0715,3.0,20645.0,121.0
2021-01-05 09:33:44.671,0.0715,0.0719,20.0,0.0715,3.0,20645.0,121.0
2021-01-05 09:33:45.180,0.0715,0.0719,20.0,0.0715,3.0,20645.0,121.0
2021-01-05 09:33:45.660,0.0715,0.0719,20.0,0.0715,3.0,20645.0,121.0
2021-01-05 09:33:46.161,0.0715,0.0719,20.0,0.0715,3.0,20645.0,121.0
2021-01-05 09:33:46.680,0.0715,0.0719,20.0,0.0715,3.0,20645.0,121.0
2021-01-05 09:33:47.191,0.0715,0.0719,20.0,0.0715,3.0,20645.0,121.0
2021-01-05 09:33:47.681,0.0715,0.0719,20.0,0.0715,3.0,20645.0,121.0
2021-01-05 09:33:48.680,0.0715,0.0719,20.0,0.0715,3.0,20645.0,121.0
2021-01-05 09:33:49.051,0.0715,0.0719,20.0,0.0715,3.0,20645.0,121.0
2021-01-05 09:33:49.681,0.0715,0.0719,20.0,0.0715,3.0,20645.0,121.0
2021-01-05 09:33:50.670,0.0715,0.0719,20.0,0.071,43.0,20648.0,124.0
2021-01-05 09:33:51.141,0.0715,0.0719,23.0,0.071,23.0,20648.0,124.0
2021-01-05 09:33:51.581,0.0715,0.0719,23.0,0.071,3.0,20648.0,124.0
2021-01-05 09:33:53.650,0.0715,0.0719,43.0,0.071,3.0,20648.0,124.0
2021-01-05 09:33:54.180,0.0715,0.0718,14.0,0.071,3.0,20648.0,124.0
2021-01-05 09:33:55.181,0.0715,0.0719,43.0,0.071,3.0,20648.0,124.0
2021-01-05 09:33:55.650,0.0715,0.0719,37.0,0.0713,10.0,20648.0,124.0
2021-01-05 09:33:56.120,0.0715,0.0719,37.0,0.071,3.0,20648.0,124.0
2021-01-05 09:33:56.651,0.0715,0.0719,23.0,0.071,3.0,20648.0,124.0
2021-01-05 09:33:57.171,0.0715,0.0719,23.0,0.071,3.0,20648.0,124.0
2021-01-05 09:33:57.671,0.0715,0.0719,23.0,0.071,3.0,20648.0,124.0
2021-01-05 09:33:58.170,0.0715,0.0719,23.0,0.071,3.0,20648.0,124.0
2021-01-05 09:33:58.670,0.0715,0.0719,23.0,0.071,3.0,20648.0,124.0
2021-01-05 09:33:59.140,0.0715,0.0719,23.0,0.071,3.0,20648.0,124.0
2021-01-05 09:33:59.690,0.0715,0.0719,23.0,0.071,3.0,20648.0,124.0
2021-01-05 09:34:00.191,0.0715,0.0719,23.0,0.071,3.0,20648.0,124.0
2021-01-05 09:34:00.671,0.0715,0.0719,23.0,0.071,3.0,20648.0,124.0
2021-01-05 09:34:01.140,0.0715,0.0719,23.0,0.071,3.0,20648.0,124.0
2021-01-05 09:34:01.661,0.0715,0.0719,23.0,0.071,3.0,20648.0,124.0
2021-01-05 09:34:02.170,0.0715,0.0719,23.0,0.071,3.0,20648.0,124.0
2021-01-05 09:34:03.171,0.0715,0.0719,23.0,0.071,3.0,20648.0,124.0
2021-01-05 09:34:03.670,0.0715,0.0719,23.0,0.071,3.0,20648.0,124.0
2021-01-05 09:34:05.121,0.0715,0.0719,23.0,0.071,3.0,20648.0,124.0
2021-01-05 09:34:06.681,0.0715,0.0719,23.0,0.0715,10.0,20648.0,124.0
2021-01-05 09:34:07.130,0.0715,0.0719,23.0,0.0715,10.0,20648.0,124.0
2021-01-05 09:34:07.630,0.0715,0.0719,23.0,0.0715,10.0,20648.0,124.0
2021-01-05 09:34:08.171,0.0715,0.0719,20.0,0.0715,10.0,20648.0,124.0
2021-01-05 09:34:08.690,0.0715,0.0722,20.0,0.0718,10.0,20648.0,124.0
2021-01-05 09:34:09.170,0.0715,0.0724,20.0,0.0714,40.0,20648.0,124.0
2021-01-05 09:34:09.670,0.0715,0.0724,20.0,0.0714,40.0,20648.0,124.0
2021-01-05 09:34:10.140,0.0715,0.0724,20.0,0.0714,40.0,20648.0,124.0
2021-01-05 09:34:10.690,0.0715,0.072,10.0,0.0712,40.0,20648.0,124.0
2021-01-05 09:34:11.151,0.0715,0.072,30.0,0.0712,20.0,20648.0,124.0
2021-01-05 09:34:11.681,0.0715,0.072,30.0,0.071,23.0,20648.0,124.0
2021-01-05 09:34:12.121,0.0715,0.072,30.0,0.071,25.0,20648.0,124.0
2021-01-05 09:34:12.640,0.0715,0.072,30.0,0.0711,10.0,20648.0,124.0
2021-01-05 09:34:13.191,0.0715,0.072,30.0,0.0711,10.0,20648.0,124.0
2021-01-05 09:34:13.650,0.0715,0.072,30.0,0.0711,10.0,20648.0,124.0
2021-01-05 09:34:14.181,0.0715,0.0716,10.0,0.071,25.0,20648.0,124.0
2021-01-05 09:34:14.691,0.0715,0.0716,10.0,0.071,3.0,20648.0,124.0
2021-01-05 09:34:15.181,0.0715,0.0713,10.0,0.071,3.0,20648.0,124.0
2021-01-05 09:34:15.681,0.0715,0.0713,10.0,0.071,3.0,20648.0,124.0
2021-01-05 09:34:16.190,0.0715,0.0714,20.0,0.071,3.0,20648.0,124.0
2021-01-05 09:34:16.630,0.0715,0.0715,20.0,0.071,13.0,20648.0,124.0
2021-01-05 09:34:16.970,0.0715,0.0717,20.0,0.071,13.0,20648.0,124.0
2021-01-05 09:34:17.690,0.0715,0.0718,20.0,0.071,13.0,20648.0,124.0
2021-01-05 09:34:18.201,0.0715,0.0719,20.0,0.0713,10.0,20648.0,124.0
2021-01-05 09:34:18.620,0.0715,0.072,20.0,0.0713,10.0,20648.0,124.0
2021-01-05 09:34:19.700,0.0715,0.072,20.0,0.0713,30.0,20648.0,124.0
2021-01-05 09:34:19.961,0.0715,0.0722,30.0,0.0713,30.0,20648.0,124.0
2021-01-05 09:34:20.651,0.0715,0.0722,30.0,0.0713,30.0,20648.0,124.0
2021-01-05 09:34:21.200,0.0715,0.0722,30.0,0.0713,10.0,20648.0,124.0
2021-01-05 09:34:21.690,0.0715,0.0722,30.0,0.0713,30.0,20648.0,124.0
2021-01-05 09:34:22.151,0.0715,0.0722,20.0,0.0713,20.0,20648.0,124.0
2021-01-05 09:34:24.600,0.0715,0.0722,20.0,0.0712,20.0,20648.0,124.0
2021-01-05 09:34:25.150,0.0715,0.0722,20.0,0.0712,20.0,20648.0,124.0
2021-01-05 09:34:25.671,0.0715,0.0722,20.0,0.0712,20.0,20648.0,124.0
2021-01-05 09:34:26.641,0.0715,0.072,12.0,0.0712,20.0,20648.0,124.0
2021-01-05 09:34:27.150,0.0715,0.072,32.0,0.0712,20.0,20648.0,124.0
2021-01-05 09:34:27.690,0.0715,0.0718,12.0,0.0712,20.0,20648.0,124.0
2021-01-05 09:34:28.120,0.0715,0.0718,32.0,0.0712,20.0,20648.0,124.0
2021-01-05 09:34:28.621,0.0715,0.0716,12.0,0.0712,30.0,20648.0,124.0
2021-01-05 09:34:29.101,0.0715,0.0716,12.0,0.0712,10.0,20648.0,124.0
2021-01-05 09:34:29.601,0.0715,0.0715,12.0,0.0712,10.0,20648.0,124.0
2021-01-05 09:34:30.170,0.0715,0.0715,12.0,0.0712,10.0,20648.0,124.0
2021-01-05 09:34:30.610,0.0715,0.0715,12.0,0.0711,30.0,20648.0,124.0
2021-01-05 09:34:31.190,0.0715,0.0715,12.0,0.0711,30.0,20648.0,124.0
2021-01-05 09:34:31.691,0.0715,0.0715,12.0,0.0711,30.0,20648.0,124.0
2021-01-05 09:34:32.150,0.0715,0.0714,12.0,0.0711,30.0,20648.0,124.0
2021-01-05 09:34:32.640,0.0714,0.0713,12.0,0.0711,30.0,20648.0,125.0
2021-01-05 09:34:33.061,0.0713,0.0714,12.0,0.0711,30.0,20648.0,126.0
2021-01-05 09:34:33.691,0.0714,0.0715,12.0,0.0713,10.0,20648.0,138.0
2021-01-05 09:34:34.171,0.0714,0.0717,12.0,0.0713,42.0,20648.0,138.0
2021-01-05 09:34:34.630,0.0714,0.0717,12.0,0.0713,42.0,20648.0,138.0
2021-01-05 09:34:35.130,0.0714,0.0718,12.0,0.0714,12.0,20648.0,138.0
2021-01-05 09:34:35.670,0.0714,0.0718,12.0,0.0714,12.0,20648.0,138.0
2021-01-05 09:34:36.171,0.0714,0.0719,32.0,0.0713,62.0,20648.0,138.0
2021-01-05 09:34:36.680,0.0714,0.0718,12.0,0.0714,12.0,20648.0,138.0
2021-01-05 09:34:37.161,0.0714,0.0718,12.0,0.0715,5.0,20648.0,138.0
2021-01-05 09:34:37.700,0.0716,0.0719,32.0,0.0716,5.0,20653.0,143.0
2021-01-05 09:34:38.171,0.0716,0.072,20.0,0.0718,10.0,20653.0,143.0
2021-01-05 09:34:38.690,0.0716,0.072,20.0,0.0718,22.0,20653.0,143.0
2021-01-05 09:34:39.070,0.0716,0.072,20.0,0.0719,10.0,20653.0,143.0
2021-01-05 09:34:39.470,0.0716,0.0721,20.0,0.0719,10.0,20653.0,143.0
2021-01-05 09:34:40.171,0.0716,0.0722,20.0,0.0719,22.0,20653.0,143.0
2021-01-05 09:34:40.651,0.0716,0.0721,12.0,0.0719,10.0,20653.0,143.0
2021-01-05 09:34:40.920,0.0716,0.0723,20.0,0.0719,22.0,20653.0,143.0
2021-01-05 09:34:41.700,0.0716,0.0724,32.0,0.0719,22.0,20653.0,143.0
2021-01-05 09:34:42.100,0.0716,0.0724,12.0,0.0719,22.0,20653.0,143.0
2021-01-05 09:34:42.680,0.0716,0.0725,12.0,0.072,12.0,20653.0,143.0
2021-01-05 09:34:43.191,0.0716,0.0725,12.0,0.072,12.0,20653.0,143.0
2021-01-05 09:34:43.671,0.0716,0.0725,32.0,0.072,12.0,20653.0,143.0
2021-01-05 09:34:44.701,0.0716,0.0723,12.0,0.072,10.0,20653.0,143.0
2021-01-05 09:34:45.200,0.0716,0.0724,12.0,0.072,22.0,20653.0,143.0
2021-01-05 09:34:45.721,0.0716,0.0724,12.0,0.072,22.0,20653.0,143.0
2021-01-05 09:34:46.140,0.0716,0.0725,32.0,0.0722,10.0,20653.0,143.0
2021-01-05 09:34:46.660,0.0716,0.0725,12.0,0.0722,10.0,20653.0,143.0
2021-01-05 09:34:47.181,0.0716,0.0725,12.0,0.0722,10.0,20653.0,143.0
2021-01-05 09:34:47.701,0.0716,0.0725,12.0,0.0722,10.0,20653.0,143.0
2021-01-05 09:34:48.141,0.0716,0.0725,12.0,0.0722,10.0,20653.0,143.0
2021-01-05 09:34:49.701,0.0716,0.0726,12.0,0.0722,22.0,20653.0,143.0
2021-01-05 09:34:50.161,0.0716,0.0726,12.0,0.0722,22.0,20653.0,143.0
2021-01-05 09:34:50.700,0.0716,0.0726,12.0,0.0722,22.0,20653.0,143.0
2021-01-05 09:34:51.200,0.0716,0.0728,32.0,0.0723,12.0,20653.0,143.0
2021-01-05 09:34:51.651,0.0723,0.0726,12.0,0.0722,22.0,20653.0,144.0
2021-01-05 09:34:52.101,0.0723,0.0727,40.0,0.0723,12.0,20653.0,144.0
2021-01-05 09:34:52.650,0.0723,0.0725,12.0,0.072,32.0,20653.0,144.0
2021-01-05 09:34:53.180,0.0723,0.0725,12.0,0.072,12.0,20653.0,144.0
2021-01-05 09:34:53.651,0.0723,0.0725,12.0,0.072,12.0,20653.0,144.0
2021-01-05 09:34:54.170,0.0723,0.0726,32.0,0.0719,12.0,20653.0,144.0
2021-01-05 09:34:54.631,0.0723,0.0726,20.0,0.072,12.0,20653.0,144.0
2021-01-05 09:34:55.161,0.0723,0.0728,20.0,0.0724,10.0,20653.0,144.0
2021-01-05 09:34:55.680,0.0723,0.0728,20.0,0.0724,22.0,20653.0,144.0
2021-01-05 09:34:56.131,0.0723,0.0729,32.0,0.0724,22.0,20653.0,144.0
2021-01-05 09:34:56.681,0.0723,0.0728,12.0,0.0724,10.0,20653.0,144.0
2021-01-05 09:34:57.130,0.0723,0.0728,12.0,0.0724,10.0,20653.0,144.0
2021-01-05 09:34:58.160,0.0723,0.0729,32.0,0.0724,22.0,20653.0,144.0
2021-01-05 09:34:58.160,0.0723,0.0727,12.0,0.0724,10.0,20653.0,144.0
2021-01-05 09:34:59.151,0.0723,0.0728,12.0,0.0724,10.0,20653.0,144.0
2021-01-05 09:35:00.160,0.0723,0.0728,12.0,0.0724,22.0,20653.0,144.0
2021-01-05 09:35:00.630,0.0723,0.0728,12.0,0.0724,22.0,20653.0,144.0
2021-01-05 09:35:00.640,0.0723,0.0728,12.0,0.0724,22.0,20653.0,144.0
2021-01-05 09:35:01.620,0.0723,0.0727,12.0,0.0724,10.0,20653.0,144.0
2021-01-05 09:35:02.160,0.0723,0.0728,32.0,0.0724,10.0,20653.0,144.0
2021-01-05 09:35:02.680,0.0723,0.0726,12.0,0.0724,10.0,20653.0,144.0
2021-01-05 09:35:03.180,0.0723,0.0727,12.0,0.0724,10.0,20653.0,144.0
2021-01-05 09:35:03.660,0.0723,0.0726,12.0,0.0722,20.0,20653.0,144.0
2021-01-05 09:35:04.061,0.0723,0.0728,12.0,0.0723,12.0,20653.0,144.0
2021-01-05 09:35:05.180,0.0723,0.0728,32.0,0.0724,12.0,20653.0,144.0
2021-01-05 09:35:05.591,0.0723,0.0727,12.0,0.0723,12.0,20653.0,144.0
2021-01-05 09:35:06.180,0.0723,0.0728,12.0,0.0724,12.0,20653.0,144.0
2021-01-05 09:35:06.421,0.0723,0.0731,20.0,0.0723,20.0,20653.0,144.0
2021-01-05 09:35:07.131,0.0723,0.0731,20.0,0.0725,12.0,20653.0,144.0
2021-01-05 09:35:07.650,0.0723,0.0731,14.0,0.0726,10.0,20653.0,144.0
2021-01-05 09:35:08.171,0.0723,0.0729,12.0,0.0726,20.0,20653.0,144.0
2021-01-05 09:35:08.680,0.0729,0.0732,20.0,0.0726,20.0,20655.0,149.0
2021-01-05 09:35:09.191,0.0729,0.0733,20.0,0.0726,40.0,20655.0,149.0
2021-01-05 09:35:09.700,0.0729,0.0733,12.0,0.0731,10.0,20655.0,149.0
2021-01-05 09:35:10.180,0.0729,0.0733,12.0,0.0731,10.0,20655.0,149.0
2021-01-05 09:35:10.691,0.0729,0.0733,12.0,0.0731,10.0,20655.0,149.0
2021-01-05 09:35:11.160,0.0729,0.0734,12.0,0.0731,20.0,20655.0,149.0
2021-01-05 09:35:11.671,0.0729,0.0735,32.0,0.0731,20.0,20655.0,149.0
2021-01-05 09:35:12.101,0.0729,0.0735,12.0,0.0731,20.0,20655.0,149.0
2021-01-05 09:35:12.691,0.0729,0.0735,12.0,0.0733,1.0,20655.0,149.0
2021-01-05 09:35:13.181,0.0729,0.0735,12.0,0.0733,1.0,20655.0,149.0
2021-01-05 09:35:13.371,0.0733,0.0736,12.0,0.0731,10.0,20655.0,150.0
2021-01-05 09:35:14.191,0.0731,0.0735,24.0,0.0729,20.0,20657.0,152.0
2021-01-05 09:35:14.691,0.0731,0.0733,12.0,0.0727,30.0,20657.0,152.0
2021-01-05 09:35:15.200,0.0731,0.0733,32.0,0.0727,10.0,20657.0,152.0
2021-01-05 09:35:15.690,0.0731,0.0731,12.0,0.0729,10.0,20657.0,152.0
2021-01-05 09:35:16.201,0.0731,0.0731,12.0,0.0729,10.0,20657.0,152.0
2021-01-05 09:35:16.681,0.0731,0.0731,12.0,0.0729,10.0,20657.0,152.0
2021-01-05 09:35:17.190,0.0731,0.0732,12.0,0.0729,10.0,20657.0,152.0
2021-01-05 09:35:17.680,0.0731,0.0732,12.0,0.0729,10.0,20657.0,152.0
2021-01-05 09:35:18.170,0.0731,0.0733,12.0,0.0731,20.0,20657.0,152.0
2021-01-05 09:35:18.681,0.0731,0.0732,12.0,0.0731,20.0,20657.0,152.0
2021-01-05 09:35:19.180,0.0731,0.0732,12.0,0.0731,20.0,20657.0,152.0
2021-01-05 09:35:19.641,0.0731,0.0732,22.0,0.0731,20.0,20657.0,152.0
2021-01-05 09:35:20.170,0.0731,0.0732,10.0,0.0731,8.0,20657.0,164.0
2021-01-05 09:35:20.690,0.0731,0.0732,8.0,0.0729,10.0,20655.0,174.0
2021-01-05 09:35:21.180,0.0731,0.0734,20.0,0.0732,3.0,20655.0,174.0
2021-01-05 09:35:21.601,0.0731,0.0735,10.0,0.0734,12.0,20655.0,174.0
2021-01-05 09:35:22.171,0.0731,0.0735,10.0,0.0734,12.0,20655.0,174.0
2021-01-05 09:35:22.640,0.0735,0.0737,20.0,0.0735,2.0,20645.0,184.0
2021-01-05 09:35:23.130,0.0735,0.0738,22.0,0.0734,10.0,20645.0,184.0
2021-01-05 09:35:23.680,0.0735,0.0737,12.0,0.0734,10.0,20645.0,184.0
2021-01-05 09:35:24.171,0.0735,0.0736,12.0,0.0733,10.0,20645.0,184.0
2021-01-05 09:35:24.671,0.0735,0.0735,12.0,0.0734,10.0,20645.0,184.0
2021-01-05 09:35:25.170,0.0735,0.0735,20.0,0.0733,10.0,20645.0,184.0
2021-01-05 09:35:25.660,0.0735,0.0735,20.0,0.0733,10.0,20645.0,184.0
2021-01-05 09:35:26.171,0.0735,0.0735,20.0,0.0733,10.0,20645.0,184.0
2021-01-05 09:35:26.651,0.0735,0.0735,20.0,0.0733,22.0,20645.0,184.0
2021-01-05 09:35:27.641,0.0735,0.0735,20.0,0.0732,22.0,20645.0,184.0
2021-01-05 09:35:28.171,0.0735,0.0735,20.0,0.0732,22.0,20645.0,184.0
2021-01-05 09:35:30.121,0.0735,0.0735,20.0,0.0733,12.0,20645.0,184.0
2021-01-05 09:35:30.690,0.0735,0.0735,20.0,0.0733,12.0,20645.0,184.0
2021-01-05 09:35:31.170,0.0735,0.0735,20.0,0.0733,12.0,20645.0,184.0
2021-01-05 09:35:31.600,0.0735,0.0736,20.0,0.0732,22.0,20645.0,184.0
2021-01-05 09:35:32.161,0.0735,0.0736,20.0,0.0732,22.0,20645.0,184.0
2021-01-05 09:35:32.691,0.0735,0.0736,20.0,0.0732,10.0,20645.0,184.0
2021-01-05 09:35:33.160,0.0735,0.0736,20.0,0.0732,22.0,20645.0,184.0
2021-01-05 09:35:33.650,0.0735,0.0736,20.0,0.0733,12.0,20645.0,184.0
2021-01-05 09:35:34.190,0.0735,0.0736,12.0,0.0732,32.0,20645.0,184.0
2021-01-05 09:35:34.691,0.0735,0.0736,32.0,0.0732,32.0,20645.0,184.0
2021-01-05 09:35:35.200,0.0735,0.0736,20.0,0.0733,12.0,20645.0,184.0
2021-01-05 09:35:35.600,0.0735,0.0737,20.0,0.0734,10.0,20645.0,184.0
2021-01-05 09:35:36.101,0.0735,0.0737,20.0,0.0734,22.0,20645.0,184.0
2021-01-05 09:35:36.601,0.0735,0.0739,32.0,0.0735,5.0,20645.0,184.0
2021-01-05 09:35:37.171,0.0735,0.074,42.0,0.0735,22.0,20645.0,184.0
2021-01-05 09:35:37.581,0.0735,0.0739,12.0,0.0735,10.0,20645.0,184.0
2021-01-05 09:35:37.940,0.0735,0.0739,12.0,0.0735,10.0,20645.0,184.0
2021-01-05 09:35:38.651,0.0735,0.0738,12.0,0.0735,10.0,20645.0,184.0
2021-01-05 09:35:39.140,0.0735,0.0739,42.0,0.0735,10.0,20645.0,184.0
2021-01-05 09:35:39.690,0.0735,0.0738,12.0,0.0735,10.0,20645.0,184.0
2021-01-05 09:35:40.191,0.0735,0.0737,12.0,0.0735,10.0,20645.0,184.0
2021-01-05 09:35:40.691,0.0735,0.0738,12.0,0.0735,10.0,20645.0,184.0
2021-01-05 09:35:41.190,0.0735,0.0738,12.0,0.0735,9.0,20645.0,185.0
2021-01-05 09:35:41.680,0.0735,0.0737,12.0,0.0735,9.0,20645.0,185.0
2021-01-05 09:35:42.160,0.0735,0.0737,12.0,0.0735,9.0,20645.0,185.0
2021-01-05 09:35:42.410,0.0735,0.0737,12.0,0.0735,9.0,20645.0,185.0
2021-01-05 09:35:43.190,0.0735,0.0738,12.0,0.0735,9.0,20645.0,185.0
2021-01-05 09:35:43.661,0.0735,0.0739,20.0,0.0735,9.0,20645.0,185.0
2021-01-05 09:35:43.970,0.0735,0.074,40.0,0.0735,9.0,20645.0,185.0
2021-01-05 09:35:44.600,0.0735,0.0739,12.0,0.0736,10.0,20645.0,185.0
2021-01-05 09:35:45.071,0.0735,0.0739,12.0,0.0738,10.0,20645.0,185.0
2021-01-05 09:35:45.670,0.0739,0.0741,20.0,0.0738,10.0,20645.0,186.0
2021-01-05 09:35:46.170,0.0739,0.0742,12.0,0.0738,20.0,20645.0,186.0
2021-01-05 09:35:46.700,0.0739,0.0742,32.0,0.0738,30.0,20645.0,186.0
2021-01-05 09:35:47.201,0.0739,0.0742,32.0,0.0738,30.0,20645.0,186.0
2021-01-05 09:35:47.691,0.0739,0.0743,32.0,0.0741,10.0,20645.0,186.0
2021-01-05 09:35:48.181,0.0739,0.0743,12.0,0.0741,10.0,20645.0,186.0
2021-01-05 09:35:48.650,0.0739,0.0743,12.0,0.0741,10.0,20645.0,186.0
2021-01-05 09:35:49.190,0.0739,0.0743,12.0,0.0741,10.0,20645.0,186.0
2021-01-05 09:35:49.701,0.0739,0.0743,12.0,0.0741,10.0,20645.0,186.0
2021-01-05 09:35:50.121,0.0739,0.0744,12.0,0.0741,10.0,20645.0,186.0
2021-01-05 09:35:50.630,0.0739,0.0745,30.0,0.0741,22.0,20645.0,186.0
2021-01-05 09:35:51.180,0.0739,0.0745,10.0,0.0741,22.0,20645.0,186.0
2021-01-05 09:35:51.710,0.0744,0.0744,10.0,0.074,12.0,20655.0,196.0
2021-01-05 09:35:52.100,0.0744,0.0743,12.0,0.0739,10.0,20655.0,196.0
2021-01-05 09:35:52.661,0.0744,0.0743,12.0,0.0739,10.0,20655.0,196.0
2021-01-05 09:35:53.111,0.0744,0.0743,32.0,0.0741,10.0,20655.0,196.0
2021-01-05 09:35:53.631,0.0744,0.0743,12.0,0.0741,10.0,20655.0,196.0
2021-01-05 09:35:54.161,0.0744,0.0743,12.0,0.0739,20.0,20655.0,196.0
2021-01-05 09:35:54.640,0.0744,0.0744,20.0,0.074,12.0,20655.0,196.0
2021-01-05 09:35:55.181,0.0744,0.0742,22.0,0.0737,52.0,20655.0,196.0
2021-01-05 09:35:55.691,0.0744,0.0742,42.0,0.0737,52.0,20655.0,196.0
2021-01-05 09:35:56.121,0.0744,0.0742,42.0,0.0737,62.0,20655.0,196.0
2021-01-05 09:35:56.690,0.0744,0.0742,20.0,0.0739,12.0,20655.0,196.0
2021-01-05 09:35:57.141,0.0744,0.0743,20.0,0.074,12.0,20655.0,196.0
2021-01-05 09:35:57.681,0.074,0.0743,30.0,0.074,12.0,20655.0,197.0
2021-01-05 09:35:58.701,0.074,0.0743,10.0,0.074,12.0,20655.0,197.0
2021-01-05 09:35:59.160,0.074,0.0743,10.0,0.074,22.0,20655.0,197.0
2021-01-05 09:36:00.190,0.0743,0.0745,20.0,0.0743,9.0,20655.0,209.0
2021-01-05 09:36:00.680,0.0743,0.0746,10.0,0.0743,9.0,20655.0,209.0
2021-01-05 09:36:01.181,0.0743,0.0746,22.0,0.0743,39.0,20655.0,209.0
2021-01-05 09:36:01.671,0.0743,0.0746,12.0,0.0743,39.0,20655.0,209.0
2021-01-05 09:36:02.170,0.0743,0.0745,10.0,0.0743,30.0,20655.0,209.0
2021-01-05 09:36:02.701,0.0743,0.0745,20.0,0.0743,2.0,20683.0,237.0
2021-01-05 09:36:03.150,0.0743,0.0743,3.0,0.074,20.0,20685.0,239.0
2021-01-05 09:36:03.700,0.0743,0.0743,23.0,0.0739,22.0,20685.0,239.0
2021-01-05 09:36:04.201,0.0743,0.0743,35.0,0.0739,10.0,20685.0,239.0
2021-01-05 09:36:04.670,0.0743,0.0743,23.0,0.0739,22.0,20685.0,239.0
2021-01-05 09:36:05.150,0.0743,0.0743,33.0,0.074,12.0,20685.0,239.0
2021-01-05 09:36:05.590,0.0743,0.0743,30.0,0.0741,12.0,20685.0,239.0
2021-01-05 09:36:06.180,0.0743,0.0743,30.0,0.0741,12.0,20685.0,239.0
2021-01-05 09:36:06.700,0.0743,0.0743,30.0,0.0741,12.0,20685.0,239.0
2021-01-05 09:36:06.940,0.0743,0.0743,30.0,0.0741,12.0,20685.0,239.0
2021-01-05 09:36:07.640,0.0743,0.0743,30.0,0.074,12.0,20685.0,239.0
2021-01-05 09:36:09.161,0.0743,0.0743,30.0,0.074,12.0,20685.0,239.0
2021-01-05 09:36:09.161,0.0743,0.0743,30.0,0.074,12.0,20685.0,239.0
2021-01-05 09:36:10.151,0.0743,0.0743,30.0,0.0739,12.0,20685.0,239.0
2021-01-05 09:36:10.671,0.0743,0.074,10.0,0.0737,42.0,20685.0,239.0
2021-01-05 09:36:11.180,0.074,0.074,9.0,0.0737,42.0,20684.0,240.0
2021-01-05 09:36:11.651,0.074,0.0741,20.0,0.0739,22.0,20684.0,240.0
2021-01-05 09:36:12.181,0.0743,0.0743,38.0,0.0741,12.0,20684.0,242.0
2021-01-05 09:36:12.260,0.0743,0.0743,8.0,0.0739,22.0,20684.0,242.0
2021-01-05 09:36:13.190,0.0743,0.0743,28.0,0.0741,12.0,20684.0,242.0
2021-01-05 09:36:13.680,0.0743,0.0743,8.0,0.0741,12.0,20684.0,242.0
2021-01-05 09:36:14.150,0.0743,0.0744,40.0,0.0741,12.0,20684.0,242.0
2021-01-05 09:36:14.690,0.0743,0.0743,10.0,0.0741,12.0,20684.0,242.0
2021-01-05 09:36:15.170,0.0743,0.0744,20.0,0.0741,12.0,20684.0,242.0
2021-01-05 09:36:16.150,0.0743,0.0744,20.0,0.0741,12.0,20684.0,242.0
2021-01-05 09:36:18.680,0.0743,0.0744,20.0,0.0738,20.0,20684.0,242.0
2021-01-05 09:36:19.151,0.0743,0.0744,52.0,0.074,10.0,20684.0,242.0
2021-01-05 09:36:19.691,0.0743,0.0744,32.0,0.074,10.0,20684.0,242.0
2021-01-05 09:36:20.161,0.0743,0.0744,20.0,0.074,22.0,20684.0,242.0
2021-01-05 09:36:20.680,0.0743,0.0744,20.0,0.074,12.0,20684.0,242.0
2021-01-05 09:36:21.120,0.0743,0.0744,32.0,0.0739,12.0,20684.0,242.0
2021-01-05 09:36:21.691,0.0743,0.0743,12.0,0.0737,52.0,20684.0,242.0
2021-01-05 09:36:22.171,0.0743,0.0743,32.0,0.0738,10.0,20684.0,242.0
2021-01-05 09:36:22.680,0.0743,0.0743,32.0,0.0738,10.0,20684.0,242.0
2021-01-05 09:36:23.191,0.0743,0.0743,30.0,0.0739,12.0,20684.0,242.0
2021-01-05 09:36:23.681,0.0743,0.0744,40.0,0.074,12.0,20684.0,242.0
2021-01-05 09:36:24.171,0.0743,0.0744,30.0,0.0741,10.0,20684.0,242.0
2021-01-05 09:36:24.701,0.0743,0.0744,10.0,0.0741,22.0,20684.0,242.0
2021-01-05 09:36:25.181,0.0743,0.0744,20.0,0.0743,12.0,20684.0,242.0
2021-01-05 09:36:25.650,0.0743,0.0743,10.0,0.0741,12.0,20684.0,242.0
2021-01-05 09:36:26.171,0.0743,0.0743,7.0,0.0741,22.0,20684.0,245.0
2021-01-05 09:36:26.651,0.0743,0.0744,20.0,0.0743,12.0,20684.0,245.0
2021-01-05 09:36:27.070,0.0743,0.0744,1.0,0.0743,22.0,20684.0,245.0
2021-01-05 09:36:27.690,0.0744,0.0745,10.0,0.0744,12.0,20684.0,246.0
2021-01-05 09:36:28.040,0.0745,0.0747,20.0,0.0745,12.0,20684.0,247.0
2021-01-05 09:36:28.681,0.0745,0.0749,31.0,0.0745,12.0,20684.0,247.0
2021-01-05 09:36:29.171,0.0745,0.0749,21.0,0.0746,10.0,20684.0,247.0
2021-01-05 09:36:29.661,0.0745,0.0749,21.0,0.0747,12.0,20684.0,247.0
2021-01-05 09:36:30.161,0.0745,0.0749,11.0,0.0747,12.0,20684.0,247.0
2021-01-05 09:36:30.651,0.0745,0.0749,11.0,0.0746,12.0,20684.0,247.0
2021-01-05 09:36:31.181,0.0745,0.0749,1.0,0.0746,12.0,20684.0,247.0
2021-01-05 09:36:31.690,0.0745,0.0749,11.0,0.0745,10.0,20684.0,247.0
2021-01-05 09:36:32.130,0.0745,0.0748,12.0,0.0745,10.0,20684.0,247.0
2021-01-05 09:36:32.660,0.0745,0.0748,12.0,0.0745,10.0,20684.0,247.0
2021-01-05 09:36:33.200,0.0749,0.0747,12.0,0.0745,10.0,20685.0,248.0
2021-01-05 09:36:33.670,0.0749,0.0747,10.0,0.0745,22.0,20685.0,248.0
2021-01-05 09:36:34.091,0.0749,0.0748,10.0,0.0745,22.0,20685.0,248.0
2021-01-05 09:36:34.691,0.0749,0.0748,10.0,0.0745,22.0,20685.0,248.0
2021-01-05 09:36:34.971,0.0749,0.0748,10.0,0.0743,42.0,20685.0,248.0
2021-01-05 09:36:35.701,0.0749,0.0748,10.0,0.0743,22.0,20685.0,248.0
2021-01-05 09:36:36.041,0.0749,0.0749,32.0,0.0743,22.0,20685.0,248.0
2021-01-05 09:36:36.700,0.0749,0.0749,10.0,0.0746,10.0,20685.0,248.0
2021-01-05 09:36:37.190,0.0749,0.0749,10.0,0.0746,10.0,20685.0,248.0
2021-01-05 09:36:38.041,0.0749,0.0749,17.0,0.0746,10.0,20685.0,251.0
2021-01-05 09:36:40.191,0.0747,0.0747,5.0,0.0744,20.0,20685.0,256.0
2021-01-05 09:36:40.700,0.0747,0.0747,5.0,0.0745,10.0,20685.0,256.0
2021-01-05 09:36:41.201,0.0747,0.0747,5.0,0.0745,10.0,20685.0,256.0
2021-01-05 09:36:41.641,0.0747,0.0747,5.0,0.0745,12.0,20685.0,256.0
2021-01-05 09:36:42.021,0.0747,0.0749,20.0,0.0745,12.0,20685.0,256.0
2021-01-05 09:36:42.690,0.0747,0.0749,20.0,0.0743,30.0,20685.0,256.0
2021-01-05 09:36:43.180,0.0747,0.0748,12.0,0.0743,42.0,20685.0,256.0
2021-01-05 09:36:43.700,0.0747,0.0749,12.0,0.0745,10.0,20685.0,256.0
2021-01-05 09:36:44.200,0.0747,0.0749,22.0,0.0745,10.0,20685.0,256.0
2021-01-05 09:36:44.680,0.0747,0.0749,22.0,0.0745,10.0,20685.0,256.0
2021-01-05 09:36:45.191,0.0747,0.0748,10.0,0.0746,12.0,20685.0,256.0
2021-01-05 09:36:45.631,0.0747,0.0749,10.0,0.0747,10.0,20685.0,256.0
2021-01-05 09:36:46.190,0.0747,0.0749,10.0,0.0747,10.0,20685.0,256.0
2021-01-05 09:36:46.651,0.0747,0.075,10.0,0.0747,22.0,20685.0,256.0
2021-01-05 09:36:47.130,0.0747,0.075,10.0,0.0747,22.0,20685.0,256.0
2021-01-05 09:36:47.660,0.0747,0.075,10.0,0.0748,22.0,20685.0,256.0
2021-01-05 09:36:48.130,0.0747,0.075,10.0,0.0749,10.0,20685.0,256.0
2021-01-05 09:36:48.620,0.0747,0.075,10.0,0.0749,10.0,20685.0,256.0
2021-01-05 09:36:49.181,0.0747,0.0751,10.0,0.0748,42.0,20685.0,256.0
2021-01-05 09:36:50.190,0.0747,0.0751,22.0,0.0748,10.0,20685.0,256.0
2021-01-05 09:36:50.670,0.0747,0.0751,22.0,0.0748,10.0,20685.0,256.0
2021-01-05 09:36:51.171,0.0748,0.0751,22.0,0.0748,9.0,20685.0,257.0
2021-01-05 09:36:51.671,0.0748,0.0751,22.0,0.0748,9.0,20685.0,257.0
2021-01-05 09:36:52.180,0.0748,0.0751,22.0,0.0748,9.0,20685.0,257.0
2021-01-05 09:36:52.670,0.0748,0.0751,22.0,0.0748,9.0,20685.0,257.0
2021-01-05 09:36:53.191,0.0748,0.0751,10.0,0.0748,9.0,20685.0,257.0
2021-01-05 09:36:53.680,0.0748,0.0751,10.0,0.0749,10.0,20685.0,257.0
2021-01-05 09:36:54.180,0.0748,0.0751,22.0,0.0747,40.0,20685.0,257.0
2021-01-05 09:36:54.631,0.0748,0.0749,12.0,0.0747,30.0,20685.0,257.0
2021-01-05 09:36:55.141,0.0748,0.0749,22.0,0.0747,30.0,20685.0,257.0
2021-01-05 09:36:55.651,0.0748,0.0749,22.0,0.0747,30.0,20685.0,257.0
2021-01-05 09:36:56.141,0.0748,0.0749,22.0,0.0747,30.0,20685.0,257.0
2021-01-05 09:36:56.691,0.0748,0.0749,22.0,0.0747,30.0,20685.0,257.0
2021-01-05 09:36:57.630,0.0748,0.0749,22.0,0.0747,30.0,20685.0,257.0
2021-01-05 09:36:58.610,0.0748,0.0749,22.0,0.0747,30.0,20685.0,257.0
2021-01-05 09:36:59.181,0.0748,0.0749,10.0,0.0747,30.0,20685.0,257.0
2021-01-05 09:36:59.690,0.0748,0.0749,10.0,0.0748,10.0,20685.0,257.0
2021-01-05 09:37:00.151,0.0748,0.0749,10.0,0.0748,10.0,20685.0,257.0
2021-01-05 09:37:01.640,0.0748,0.0749,10.0,0.0747,42.0,20685.0,257.0
2021-01-05 09:37:02.191,0.0748,0.0749,10.0,0.0747,30.0,20685.0,257.0
2021-01-05 09:37:02.640,0.0748,0.0749,10.0,0.0747,30.0,20685.0,257.0
2021-01-05 09:37:03.151,0.0748,0.0749,10.0,0.0747,30.0,20685.0,257.0
2021-01-05 09:37:03.630,0.0748,0.0749,10.0,0.0747,30.0,20685.0,257.0
2021-01-05 09:37:04.200,0.0747,0.0748,10.0,0.0747,14.0,20701.0,273.0
2021-01-05 09:37:04.690,0.0747,0.0747,1.0,0.0742,20.0,20715.0,287.0
2021-01-05 09:37:05.140,0.0747,0.0747,1.0,0.0742,24.0,20715.0,287.0
2021-01-05 09:37:05.701,0.0747,0.0746,10.0,0.0743,12.0,20715.0,287.0
2021-01-05 09:37:06.171,0.0747,0.0746,10.0,0.0743,12.0,20715.0,287.0
2021-01-05 09:37:06.700,0.0747,0.0746,10.0,0.0743,12.0,20715.0,287.0
2021-01-05 09:37:07.180,0.0747,0.0746,10.0,0.0743,12.0,20715.0,287.0
2021-01-05 09:37:07.681,0.0747,0.0746,10.0,0.0743,12.0,20715.0,287.0
2021-01-05 09:37:08.200,0.0747,0.0746,10.0,0.0744,10.0,20715.0,287.0
2021-01-05 09:37:08.630,0.0746,0.0747,1.0,0.0746,2.0,20715.0,297.0
2021-01-05 09:37:09.170,0.0746,0.0747,1.0,0.0745,12.0,20715.0,297.0
2021-01-05 09:37:09.660,0.0747,0.075,42.0,0.0745,22.0,20715.0,298.0
2021-01-05 09:37:10.121,0.0747,0.0748,10.0,0.0744,12.0,20715.0,298.0
2021-01-05 09:37:10.701,0.0747,0.0746,22.0,0.0741,32.0,20715.0,298.0
2021-01-05 09:37:11.201,0.0747,0.0746,22.0,0.0741,26.0,20715.0,298.0
2021-01-05 09:37:11.610,0.0747,0.0746,22.0,0.0741,12.0,20715.0,298.0
2021-01-05 09:37:12.131,0.0747,0.0746,22.0,0.0741,12.0,20715.0,298.0
2021-01-05 09:37:12.131,0.0747,0.0745,12.0,0.0741,14.0,20715.0,298.0
2021-01-05 09:37:13.181,0.0747,0.0745,12.0,0.0741,14.0,20715.0,298.0
2021-01-05 09:37:13.681,0.0747,0.0746,32.0,0.0742,10.0,20715.0,298.0
2021-01-05 09:37:14.171,0.0747,0.0745,10.0,0.0743,12.0,20715.0,298.0
2021-01-05 09:37:14.651,0.0747,0.0745,10.0,0.0743,12.0,20715.0,298.0
2021-01-05 09:37:15.101,0.0747,0.0745,10.0,0.0744,12.0,20715.0,298.0
2021-01-05 09:37:15.700,0.0745,0.0746,6.0,0.0743,10.0,20715.0,308.0
2021-01-05 09:37:16.190,0.0745,0.0746,6.0,0.0743,24.0,20715.0,308.0
2021-01-05 09:37:16.461,0.0745,0.0746,16.0,0.0741,22.0,20715.0,308.0
2021-01-05 09:37:17.200,0.0746,0.0745,12.0,0.0742,14.0,20721.0,314.0
2021-01-05 09:37:17.671,0.0746,0.0745,12.0,0.0742,14.0,20721.0,314.0
2021-01-05 09:37:18.641,0.0746,0.0746,24.0,0.0742,14.0,20721.0,314.0
2021-01-05 09:37:19.131,0.0746,0.0746,14.0,0.0743,10.0,20721.0,314.0
2021-01-05 09:37:19.711,0.0746,0.0746,14.0,0.0743,10.0,20721.0,314.0
2021-01-05 09:37:20.211,0.0746,0.0746,2.0,0.0743,36.0,20721.0,314.0
2021-01-05 09:37:20.691,0.0746,0.0746,2.0,0.0743,36.0,20721.0,314.0
2021-01-05 09:37:21.200,0.0746,0.0745,10.0,0.0742,12.0,20721.0,314.0
2021-01-05 09:37:21.701,0.0746,0.0745,12.0,0.074,22.0,20721.0,314.0
2021-01-05 09:37:22.030,0.0746,0.0744,12.0,0.0741,14.0,20721.0,314.0
2021-01-05 09:37:22.641,0.0746,0.0744,12.0,0.0741,14.0,20721.0,314.0
2021-01-05 09:37:23.150,0.0746,0.0743,10.0,0.074,10.0,20721.0,314.0
2021-01-05 09:37:23.701,0.0746,0.0744,22.0,0.074,24.0,20721.0,314.0
2021-01-05 09:37:24.080,0.0746,0.0744,10.0,0.074,36.0,20721.0,314.0
2021-01-05 09:37:24.631,0.0746,0.0744,10.0,0.074,36.0,20721.0,314.0
2021-01-05 09:37:25.200,0.0746,0.0744,10.0,0.0741,12.0,20721.0,314.0
2021-01-05 09:37:25.670,0.0746,0.0744,10.0,0.0741,12.0,20721.0,314.0
2021-01-05 09:37:26.170,0.0746,0.0744,10.0,0.0741,12.0,20721.0,314.0
2021-01-05 09:37:26.650,0.0746,0.0744,10.0,0.074,22.0,20721.0,314.0
2021-01-05 09:37:27.130,0.0746,0.0744,10.0,0.074,24.0,20721.0,314.0
2021-01-05 09:37:27.551,0.0746,0.0744,10.0,0.074,36.0,20721.0,314.0
2021-01-05 09:37:28.151,0.0746,0.0744,10.0,0.074,36.0,20721.0,314.0
2021-01-05 09:37:29.130,0.0746,0.0745,40.0,0.0741,12.0,20721.0,314.0
2021-01-05 09:37:29.691,0.0746,0.0745,20.0,0.0741,12.0,20721.0,314.0
2021-01-05 09:37:30.191,0.0746,0.0743,20.0,0.0739,12.0,20721.0,314.0
2021-01-05 09:37:30.590,0.0746,0.0744,30.0,0.074,24.0,20721.0,314.0
2021-01-05 09:37:31.190,0.0746,0.0744,10.0,0.074,36.0,20721.0,314.0
2021-01-05 09:37:32.181,0.0746,0.0744,10.0,0.074,36.0,20721.0,314.0
2021-01-05 09:37:32.651,0.0746,0.0745,10.0,0.0742,12.0,20721.0,314.0
2021-01-05 09:37:33.180,0.0746,0.0746,2.0,0.0743,22.0,20721.0,314.0
2021-01-05 09:37:33.681,0.0746,0.0745,10.0,0.0744,12.0,20721.0,314.0
2021-01-05 09:37:34.200,0.0746,0.0746,12.0,0.0744,12.0,20721.0,314.0
2021-01-05 09:37:34.500,0.0746,0.0746,12.0,0.0744,12.0,20721.0,314.0
2021-01-05 09:37:35.170,0.0746,0.0746,12.0,0.0743,12.0,20721.0,314.0
2021-01-05 09:37:35.650,0.0746,0.0746,22.0,0.0743,14.0,20721.0,314.0
2021-01-05 09:37:36.140,0.0746,0.0746,22.0,0.0743,26.0,20721.0,314.0
2021-01-05 09:37:36.671,0.0746,0.0746,22.0,0.0742,12.0,20721.0,314.0
2021-01-05 09:37:37.180,0.0746,0.0746,34.0,0.0742,14.0,20721.0,314.0
2021-01-05 09:37:37.691,0.0746,0.0746,34.0,0.0741,32.0,20721.0,314.0
2021-01-05 09:37:38.161,0.0746,0.0745,12.0,0.0741,14.0,20721.0,314.0
2021-01-05 09:37:39.170,0.0746,0.0743,12.0,0.0738,38.0,20721.0,314.0
2021-01-05 09:37:39.700,0.0746,0.0744,30.0,0.074,12.0,20721.0,314.0
2021-01-05 09:37:40.161,0.0744,0.0744,9.0,0.074,26.0,20721.0,315.0
2021-01-05 09:37:40.161,0.0744,0.0743,10.0,0.074,12.0,20721.0,315.0
2021-01-05 09:37:41.131,0.0744,0.0744,40.0,0.074,12.0,20721.0,315.0
2021-01-05 09:37:41.671,0.0744,0.0744,20.0,0.074,12.0,20721.0,315.0
2021-01-05 09:37:42.130,0.0744,0.0744,20.0,0.074,12.0,20721.0,315.0
2021-01-05 09:37:42.691,0.0744,0.0743,10.0,0.074,12.0,20721.0,315.0
2021-01-05 09:37:43.181,0.0744,0.0743,10.0,0.0739,12.0,20721.0,315.0
2021-01-05 09:37:43.640,0.0744,0.0743,10.0,0.0739,12.0,20721.0,315.0
2021-01-05 09:37:44.190,0.0744,0.0742,10.0,0.0739,12.0,20721.0,315.0
2021-01-05 09:37:44.651,0.0742,0.0742,5.0,0.0739,12.0,20721.0,320.0
2021-01-05 09:37:45.191,0.0742,0.0742,5.0,0.0739,12.0,20721.0,320.0
2021-01-05 09:37:45.650,0.0742,0.0742,5.0,0.0739,12.0,20721.0,320.0
2021-01-05 09:37:46.601,0.0742,0.0741,10.0,0.0739,12.0,20721.0,320.0
2021-01-05 09:37:47.210,0.0742,0.0741,10.0,0.0739,12.0,20721.0,320.0
2021-01-05 09:37:47.661,0.0741,0.0741,9.0,0.074,12.0,20721.0,321.0
2021-01-05 09:37:48.201,0.0741,0.0742,10.0,0.074,22.0,20721.0,321.0
2021-01-05 09:37:48.700,0.0741,0.0744,41.0,0.0741,2.0,20721.0,331.0
2021-01-05 09:37:49.031,0.0741,0.0744,33.0,0.0739,12.0,20721.0,331.0
2021-01-05 09:37:49.670,0.0741,0.0742,10.0,0.0739,14.0,20721.0,331.0
2021-01-05 09:37:50.220,0.0741,0.0743,32.0,0.0739,14.0,20721.0,331.0
2021-01-05 09:37:50.721,0.0741,0.0743,12.0,0.0739,14.0,20721.0,331.0
2021-01-05 09:37:51.161,0.0741,0.0744,53.0,0.0739,26.0,20721.0,331.0
2021-01-05 09:37:51.691,0.0741,0.0744,31.0,0.0741,12.0,20721.0,331.0
2021-01-05 09:37:52.191,0.0741,0.0744,11.0,0.074,10.0,20721.0,331.0
2021-01-05 09:37:52.631,0.0741,0.0743,12.0,0.074,14.0,20721.0,331.0
2021-01-05 09:37:53.161,0.0741,0.0743,12.0,0.074,14.0,20721.0,331.0
2021-01-05 09:37:53.620,0.0741,0.0744,23.0,0.0739,22.0,20721.0,331.0
2021-01-05 09:37:54.160,0.0741,0.0743,22.0,0.0739,10.0,20721.0,331.0
2021-01-05 09:37:54.640,0.0741,0.0743,22.0,0.0739,24.0,20721.0,331.0
2021-01-05 09:37:55.190,0.0741,0.0743,22.0,0.0739,10.0,20721.0,331.0
2021-01-05 09:37:55.691,0.0741,0.0743,22.0,0.0739,24.0,20721.0,331.0
2021-01-05 09:37:56.121,0.0741,0.0742,10.0,0.0739,24.0,20721.0,331.0
2021-01-05 09:37:56.611,0.0741,0.0741,10.0,0.0739,24.0,20721.0,331.0
2021-01-05 09:37:57.170,0.0741,0.0741,10.0,0.0737,52.0,20721.0,331.0
2021-01-05 09:37:57.601,0.0741,0.0739,12.0,0.0737,30.0,20721.0,331.0
2021-01-05 09:37:58.091,0.0741,0.074,12.0,0.0737,44.0,20721.0,331.0
2021-01-05 09:37:58.600,0.0741,0.074,12.0,0.0737,40.0,20721.0,331.0
2021-01-05 09:37:59.161,0.0741,0.0741,20.0,0.0737,52.0,20721.0,331.0
2021-01-05 09:38:00.100,0.0741,0.0741,20.0,0.0739,10.0,20721.0,331.0
2021-01-05 09:38:00.680,0.0741,0.074,10.0,0.0739,24.0,20721.0,331.0
2021-01-05 09:38:01.180,0.0741,0.074,10.0,0.0739,10.0,20721.0,331.0
2021-01-05 09:38:02.190,0.0741,0.074,10.0,0.0739,10.0,20721.0,331.0
2021-01-05 09:38:02.680,0.0741,0.074,10.0,0.0739,10.0,20721.0,331.0
2021-01-05 09:38:03.191,0.0741,0.074,10.0,0.0739,10.0,20721.0,331.0
2021-01-05 09:38:03.981,0.074,0.074,9.0,0.0739,10.0,20720.0,332.0
2021-01-05 09:38:04.680,0.074,0.074,8.0,0.0739,10.0,20719.0,333.0
2021-01-05 09:38:05.181,0.074,0.074,8.0,0.0739,22.0,20719.0,333.0
2021-01-05 09:38:05.681,0.074,0.074,8.0,0.0739,10.0,20719.0,333.0
2021-01-05 09:38:06.151,0.074,0.074,8.0,0.0738,12.0,20719.0,333.0
2021-01-05 09:38:06.691,0.074,0.074,7.0,0.0738,22.0,20718.0,334.0
2021-01-05 09:38:07.200,0.074,0.0742,20.0,0.074,4.0,20711.0,341.0
2021-01-05 09:38:07.690,0.074,0.0744,31.0,0.0741,12.0,20711.0,341.0
2021-01-05 09:38:07.961,0.074,0.0744,53.0,0.0739,22.0,20711.0,341.0
2021-01-05 09:38:08.670,0.074,0.0744,53.0,0.074,14.0,20711.0,341.0
2021-01-05 09:38:09.160,0.074,0.0744,31.0,0.074,26.0,20711.0,341.0
2021-01-05 09:38:09.611,0.074,0.0744,1.0,0.0741,10.0,20711.0,341.0
2021-01-05 09:38:10.180,0.074,0.0744,1.0,0.0741,10.0,20711.0,341.0
2021-01-05 09:38:10.670,0.074,0.0744,1.0,0.0741,22.0,20711.0,341.0
2021-01-05 09:38:11.141,0.074,0.0744,1.0,0.0741,22.0,20711.0,341.0
2021-01-05 09:38:11.701,0.074,0.0744,1.0,0.0741,36.0,20711.0,341.0
2021-01-05 09:38:12.191,0.074,0.0743,32.0,0.0738,32.0,20711.0,341.0
2021-01-05 09:38:12.531,0.074,0.0743,12.0,0.0739,24.0,20711.0,341.0
2021-01-05 09:38:13.110,0.074,0.0744,13.0,0.0741,10.0,20711.0,341.0
2021-01-05 09:38:13.690,0.074,0.0744,13.0,0.0741,10.0,20711.0,341.0
2021-01-05 09:38:14.141,0.074,0.0744,1.0,0.0742,14.0,20711.0,341.0
2021-01-05 09:38:14.691,0.074,0.0744,1.0,0.0742,24.0,20711.0,341.0
2021-01-05 09:38:15.150,0.074,0.0744,1.0,0.0742,36.0,20711.0,341.0
2021-01-05 09:38:15.730,0.0744,0.0746,2.0,0.0744,10.0,20711.0,342.0
2021-01-05 09:38:16.210,0.0744,0.0746,14.0,0.0742,10.0,20711.0,342.0
2021-01-05 09:38:16.731,0.0744,0.0746,14.0,0.0743,14.0,20711.0,342.0
2021-01-05 09:38:17.190,0.0744,0.0746,14.0,0.0743,14.0,20711.0,342.0
2021-01-05 09:38:18.660,0.0744,0.0746,2.0,0.0743,14.0,20711.0,342.0
2021-01-05 09:38:19.230,0.0744,0.0746,2.0,0.0744,10.0,20711.0,342.0
2021-01-05 09:38:19.670,0.0744,0.0746,2.0,0.0744,10.0,20711.0,342.0
2021-01-05 09:38:20.231,0.0744,0.0746,2.0,0.0744,34.0,20711.0,342.0
2021-01-05 09:38:20.671,0.0744,0.0746,2.0,0.0744,34.0,20711.0,342.0
2021-01-05 09:38:21.180,0.0744,0.0746,2.0,0.0744,20.0,20711.0,342.0
2021-01-05 09:38:21.670,0.0744,0.0746,2.0,0.0745,14.0,20711.0,342.0
2021-01-05 09:38:22.210,0.0746,0.0749,20.0,0.0746,8.0,20713.0,344.0
2021-01-05 09:38:22.531,0.0746,0.0749,12.0,0.0746,8.0,20713.0,344.0
2021-01-05 09:38:23.201,0.0746,0.0749,12.0,0.0746,8.0,20713.0,344.0
2021-01-05 09:38:23.681,0.0746,0.0749,12.0,0.0747,14.0,20713.0,344.0
2021-01-05 09:38:24.000,0.0746,0.0749,12.0,0.0747,14.0,20713.0,344.0
2021-01-05 09:38:24.690,0.0746,0.0751,32.0,0.0748,10.0,20713.0,344.0
2021-01-05 09:38:25.101,0.0746,0.0751,22.0,0.0748,10.0,20713.0,344.0
2021-01-05 09:38:25.101,0.0746,0.0751,22.0,0.0748,10.0,20713.0,344.0
2021-01-05 09:38:26.100,0.0746,0.0752,30.0,0.0748,36.0,20713.0,344.0
2021-01-05 09:38:26.701,0.0746,0.0752,20.0,0.0748,12.0,20713.0,344.0
2021-01-05 09:38:27.151,0.0746,0.0752,32.0,0.0747,42.0,20713.0,344.0
2021-01-05 09:38:27.691,0.0746,0.0751,12.0,0.0747,30.0,20713.0,344.0
2021-01-05 09:38:28.171,0.0746,0.0753,42.0,0.0748,36.0,20713.0,344.0
2021-01-05 09:38:28.680,0.0746,0.0752,12.0,0.0748,24.0,20713.0,344.0
2021-01-05 09:38:29.191,0.0746,0.0752,12.0,0.0748,24.0,20713.0,344.0
2021-01-05 09:38:29.621,0.0746,0.0752,12.0,0.0748,24.0,20713.0,344.0
2021-01-05 09:38:30.190,0.0746,0.0753,52.0,0.0749,20.0,20713.0,344.0
2021-01-05 09:38:30.670,0.0746,0.0753,32.0,0.0749,20.0,20713.0,344.0
2021-01-05 09:38:31.181,0.0746,0.0753,22.0,0.0749,20.0,20713.0,344.0
2021-01-05 09:38:31.700,0.0746,0.0753,22.0,0.0749,34.0,20713.0,344.0
2021-01-05 09:38:32.090,0.0746,0.0754,20.0,0.075,22.0,20713.0,344.0
2021-01-05 09:38:32.701,0.0746,0.0754,30.0,0.075,42.0,20713.0,344.0
2021-01-05 09:38:33.191,0.0746,0.0754,20.0,0.0751,12.0,20713.0,344.0
2021-01-05 09:38:33.700,0.0746,0.0755,20.0,0.0752,10.0,20713.0,344.0
2021-01-05 09:38:34.201,0.0746,0.0756,20.0,0.0752,40.0,20713.0,344.0
2021-01-05 09:38:35.200,0.0746,0.0758,32.0,0.0753,46.0,20713.0,344.0
2021-01-05 09:38:35.700,0.0746,0.0758,20.0,0.0754,12.0,20713.0,344.0
2021-01-05 09:38:36.130,0.0746,0.0758,12.0,0.0753,32.0,20713.0,344.0
2021-01-05 09:38:36.691,0.0746,0.0758,12.0,0.0754,14.0,20713.0,344.0
2021-01-05 09:38:37.131,0.0746,0.0759,42.0,0.0754,46.0,20713.0,344.0
2021-01-05 09:38:37.680,0.0746,0.076,20.0,0.0756,12.0,20713.0,344.0
2021-01-05 09:38:38.161,0.0746,0.0759,12.0,0.0756,20.0,20713.0,344.0
2021-01-05 09:38:38.591,0.0746,0.076,32.0,0.0756,20.0,20713.0,344.0
2021-01-05 09:38:39.161,0.0746,0.0761,47.0,0.0756,42.0,20713.0,344.0
2021-01-05 09:38:39.661,0.0746,0.0761,47.0,0.0757,14.0,20713.0,344.0
2021-01-05 09:38:39.901,0.0746,0.0761,5.0,0.0759,22.0,20713.0,344.0
2021-01-05 09:38:40.591,0.0746,0.0761,5.0,0.0759,10.0,20713.0,344.0
2021-01-05 09:38:41.190,0.0746,0.0761,5.0,0.0759,14.0,20713.0,344.0
2021-01-05 09:38:41.670,0.0746,0.0761,5.0,0.0758,30.0,20713.0,344.0
2021-01-05 09:38:42.191,0.0746,0.0761,5.0,0.0759,14.0,20713.0,344.0
2021-01-05 09:38:42.700,0.0746,0.0761,5.0,0.0759,14.0,20713.0,344.0
2021-01-05 09:38:43.190,0.0746,0.0761,5.0,0.0759,14.0,20713.0,344.0
2021-01-05 09:38:43.701,0.0746,0.0761,5.0,0.0759,36.0,20713.0,344.0
2021-01-05 09:38:44.200,0.0746,0.0761,5.0,0.0759,22.0,20713.0,344.0
2021-01-05 09:38:44.690,0.0746,0.0761,17.0,0.0758,20.0,20713.0,344.0
2021-01-05 09:38:45.201,0.0746,0.0761,17.0,0.0757,20.0,20713.0,344.0
2021-01-05 09:38:45.580,0.0761,0.0762,20.0,0.0758,14.0,20713.0,349.0
2021-01-05 09:38:46.200,0.0761,0.076,12.0,0.0757,10.0,20713.0,349.0
2021-01-05 09:38:46.631,0.0761,0.076,12.0,0.0757,24.0,20713.0,349.0
2021-01-05 09:38:47.140,0.0761,0.076,12.0,0.0757,14.0,20713.0,349.0
2021-01-05 09:38:47.691,0.0761,0.0759,12.0,0.0756,20.0,20713.0,349.0
2021-01-05 09:38:48.200,0.0761,0.0758,10.0,0.0754,10.0,20713.0,349.0
2021-01-05 09:38:48.650,0.0761,0.0756,12.0,0.0755,14.0,20713.0,349.0
2021-01-05 09:38:49.130,0.0755,0.0756,12.0,0.0755,11.0,20716.0,352.0
2021-01-05 09:38:49.670,0.0755,0.0756,12.0,0.0753,10.0,20716.0,352.0
2021-01-05 09:38:50.110,0.0755,0.0758,42.0,0.0753,22.0,20716.0,352.0
2021-01-05 09:38:50.651,0.0755,0.0758,22.0,0.0754,14.0,20716.0,352.0
2021-01-05 09:38:51.691,0.0755,0.0759,20.0,0.0756,22.0,20716.0,352.0
2021-01-05 09:38:52.140,0.0755,0.076,20.0,0.0756,22.0,20716.0,352.0
2021-01-05 09:38:52.630,0.0755,0.0761,32.0,0.0757,24.0,20716.0,352.0
2021-01-05 09:38:53.191,0.0755,0.0762,20.0,0.0758,12.0,20716.0,352.0
2021-01-05 09:38:54.200,0.0755,0.0763,22.0,0.0759,14.0,20716.0,352.0
2021-01-05 09:38:54.200,0.0755,0.0764,32.0,0.076,10.0,20716.0,352.0
2021-01-05 09:38:55.191,0.0755,0.0762,12.0,0.076,10.0,20716.0,352.0
2021-01-05 09:38:55.650,0.0762,0.0764,22.0,0.0763,3.0,20716.0,353.0
2021-01-05 09:38:56.190,0.0763,0.0764,12.0,0.0759,32.0,20719.0,356.0
2021-01-05 09:38:56.661,0.0763,0.0764,12.0,0.076,14.0,20719.0,356.0
2021-01-05 09:38:57.181,0.0763,0.0762,20.0,0.0759,10.0,20719.0,356.0
2021-01-05 09:38:57.640,0.0763,0.0763,32.0,0.0759,10.0,20719.0,356.0
2021-01-05 09:38:58.190,0.0763,0.0762,10.0,0.0759,10.0,20719.0,356.0
2021-01-05 09:38:58.670,0.0763,0.0761,22.0,0.0756,38.0,20719.0,356.0
2021-01-05 09:38:59.060,0.0763,0.0759,22.0,0.0755,10.0,20719.0,356.0
2021-01-05 09:38:59.611,0.0759,0.0759,21.0,0.0756,14.0,20719.0,357.0
2021-01-05 09:39:00.660,0.0759,0.0759,9.0,0.0756,14.0,20719.0,357.0
2021-01-05 09:39:01.120,0.0759,0.076,20.0,0.0756,36.0,20719.0,358.0
2021-01-05 09:39:01.700,0.0759,0.0761,20.0,0.0757,12.0,20719.0,358.0
2021-01-05 09:39:02.170,0.0759,0.0761,32.0,0.0756,12.0,20719.0,358.0
2021-01-05 09:39:02.660,0.0759,0.0761,20.0,0.0757,26.0,20719.0,358.0
2021-01-05 09:39:03.150,0.0759,0.0761,32.0,0.0757,14.0,20719.0,358.0
2021-01-05 09:39:03.671,0.0759,0.0761,32.0,0.0756,12.0,20719.0,358.0
2021-01-05 09:39:04.161,0.0759,0.0759,10.0,0.0756,14.0,20719.0,358.0
2021-01-05 09:39:04.610,0.0759,0.0759,10.0,0.0756,26.0,20719.0,358.0
2021-01-05 09:39:05.701,0.0759,0.0759,10.0,0.0756,12.0,20719.0,358.0
2021-01-05 09:39:06.191,0.0759,0.0759,10.0,0.0756,12.0,20719.0,358.0
2021-01-05 09:39:07.200,0.0759,0.0759,10.0,0.0755,42.0,20719.0,358.0
2021-01-05 09:39:07.680,0.0759,0.0759,10.0,0.0756,12.0,20719.0,358.0
2021-01-05 09:39:08.131,0.0759,0.0759,20.0,0.0755,56.0,20719.0,358.0
2021-01-05 09:39:08.690,0.0759,0.076,30.0,0.0756,12.0,20719.0,358.0
2021-01-05 09:39:09.161,0.0759,0.0761,52.0,0.0756,22.0,20719.0,358.0
2021-01-05 09:39:09.601,0.0759,0.0761,40.0,0.0757,12.0,20719.0,358.0
2021-01-05 09:39:10.191,0.0759,0.0761,20.0,0.0757,32.0,20719.0,358.0
2021-01-05 09:39:10.721,0.0759,0.0761,20.0,0.0759,10.0,20719.0,358.0
2021-01-05 09:39:11.201,0.0759,0.0762,10.0,0.076,12.0,20719.0,358.0
2021-01-05 09:39:11.701,0.0759,0.0762,10.0,0.0759,52.0,20719.0,358.0
2021-01-05 09:39:12.150,0.0759,0.0762,10.0,0.0759,30.0,20719.0,358.0
2021-01-05 09:39:12.690,0.0759,0.0763,22.0,0.0759,30.0,20719.0,358.0
2021-01-05 09:39:13.170,0.0759,0.0763,22.0,0.0759,30.0,20719.0,358.0
2021-01-05 09:39:13.290,0.0759,0.0762,22.0,0.0759,30.0,20719.0,358.0
2021-01-05 09:39:14.160,0.0759,0.0764,30.0,0.0759,30.0,20719.0,358.0
2021-01-05 09:39:15.220,0.0759,0.0765,52.0,0.076,12.0,20719.0,358.0
2021-01-05 09:39:15.581,0.0759,0.0765,52.0,0.076,12.0,20719.0,358.0
2021-01-05 09:39:16.121,0.0759,0.0765,32.0,0.076,12.0,20719.0,358.0
2021-01-05 09:39:16.711,0.0759,0.0765,32.0,0.076,12.0,20719.0,358.0
2021-01-05 09:39:17.191,0.0759,0.0765,32.0,0.076,26.0,20719.0,358.0
2021-01-05 09:39:17.650,0.0759,0.0764,12.0,0.0759,42.0,20719.0,358.0
2021-01-05 09:39:18.221,0.0759,0.0763,10.0,0.0759,32.0,20719.0,358.0
2021-01-05 09:39:18.671,0.0759,0.0763,10.0,0.0759,32.0,20719.0,358.0
2021-01-05 09:39:19.710,0.0759,0.0763,10.0,0.0759,26.0,20719.0,358.0
2021-01-05 09:39:20.221,0.0759,0.0764,30.0,0.076,22.0,20719.0,358.0
2021-01-05 09:39:20.711,0.0759,0.0765,30.0,0.0761,12.0,20719.0,358.0
2021-01-05 09:39:21.231,0.0759,0.0763,10.0,0.076,22.0,20719.0,358.0
2021-01-05 09:39:21.671,0.0759,0.0764,10.0,0.0761,12.0,20719.0,358.0
2021-01-05 09:39:22.211,0.0759,0.0764,10.0,0.0761,26.0,20719.0,358.0
2021-01-05 09:39:22.651,0.0759,0.0765,10.0,0.0762,12.0,20719.0,358.0
2021-01-05 09:39:23.150,0.0759,0.0764,20.0,0.0761,20.0,20719.0,358.0
2021-01-05 09:39:24.151,0.0759,0.0765,30.0,0.0761,12.0,20719.0,358.0
2021-01-05 09:39:24.551,0.0765,0.0765,10.0,0.0761,12.0,20728.0,367.0
2021-01-05 09:39:25.210,0.0765,0.0765,10.0,0.0761,26.0,20728.0,367.0
2021-01-05 09:39:25.700,0.0765,0.0765,10.0,0.0761,26.0,20728.0,367.0
2021-01-05 09:39:26.130,0.0765,0.0766,32.0,0.0761,26.0,20728.0,367.0
2021-01-05 09:39:26.681,0.0765,0.0766,32.0,0.0765,10.0,20728.0,367.0
2021-01-05 09:39:27.210,0.0765,0.0766,22.0,0.0761,26.0,20738.0,377.0
2021-01-05 09:39:27.711,0.0765,0.0766,22.0,0.0764,10.0,20738.0,377.0
2021-01-05 09:39:28.220,0.0765,0.0766,22.0,0.0764,10.0,20738.0,377.0
2021-01-05 09:39:28.710,0.0765,0.0766,10.0,0.0764,10.0,20738.0,377.0
2021-01-05 09:39:29.231,0.0765,0.0766,10.0,0.0764,10.0,20738.0,377.0
2021-01-05 09:39:29.721,0.0765,0.0765,10.0,0.0764,10.0,20738.0,377.0
2021-01-05 09:39:30.220,0.0764,0.0765,12.0,0.076,20.0,20748.0,387.0
2021-01-05 09:39:30.650,0.0764,0.0766,10.0,0.076,24.0,20748.0,387.0
2021-01-05 09:39:31.121,0.0764,0.0764,22.0,0.076,14.0,20748.0,387.0
2021-01-05 09:39:31.701,0.0764,0.0764,22.0,0.076,14.0,20748.0,387.0
2021-01-05 09:39:32.141,0.0764,0.0764,10.0,0.076,26.0,20748.0,387.0
2021-01-05 09:39:32.700,0.0764,0.0765,22.0,0.0763,10.0,20748.0,387.0
2021-01-05 09:39:33.180,0.0764,0.0765,10.0,0.0763,10.0,20748.0,387.0
2021-01-05 09:39:33.530,0.0764,0.0765,10.0,0.0763,10.0,20748.0,387.0
2021-01-05 09:39:34.210,0.0764,0.0765,10.0,0.0763,10.0,20748.0,387.0
2021-01-05 09:39:34.681,0.0764,0.0765,10.0,0.0764,10.0,20748.0,387.0
2021-01-05 09:39:35.171,0.0764,0.0765,10.0,0.0764,9.0,20749.0,388.0
2021-01-05 09:39:35.701,0.0764,0.0765,10.0,0.0764,9.0,20749.0,388.0
2021-01-05 09:39:36.231,0.0764,0.0765,10.0,0.0764,8.0,20750.0,389.0
2021-01-05 09:39:36.660,0.0764,0.0765,10.0,0.0764,8.0,20750.0,389.0
2021-01-05 09:39:37.221,0.0764,0.0765,10.0,0.0764,8.0,20750.0,389.0
2021-01-05 09:39:37.730,0.0764,0.0765,10.0,0.0764,7.0,20751.0,390.0
2021-01-05 09:39:38.221,0.0764,0.0765,10.0,0.0761,42.0,20751.0,390.0
2021-01-05 09:39:39.241,0.0764,0.0766,10.0,0.0763,10.0,20751.0,390.0
2021-01-05 09:39:39.751,0.0764,0.0766,10.0,0.0764,12.0,20751.0,390.0
2021-01-05 09:39:40.110,0.0764,0.0766,10.0,0.0764,12.0,20751.0,390.0
2021-01-05 09:39:41.220,0.0764,0.0766,20.0,0.0762,12.0,20751.0,390.0
2021-01-05 09:39:41.750,0.0764,0.0766,10.0,0.0764,10.0,20751.0,390.0
2021-01-05 09:39:42.210,0.0764,0.0765,12.0,0.0761,10.0,20751.0,390.0
2021-01-05 09:39:42.740,0.0764,0.0765,12.0,0.0761,10.0,20751.0,390.0
2021-01-05 09:39:43.170,0.0764,0.0765,12.0,0.0761,24.0,20751.0,390.0
2021-01-05 09:39:43.570,0.0764,0.0764,12.0,0.0759,58.0,20751.0,390.0
2021-01-05 09:39:44.231,0.0764,0.0764,12.0,0.0759,38.0,20751.0,390.0
2021-01-05 09:39:44.680,0.0764,0.0765,10.0,0.0762,10.0,20751.0,390.0
2021-01-05 09:39:45.251,0.0764,0.0766,20.0,0.0762,10.0,20751.0,390.0
2021-01-05 09:39:45.700,0.0764,0.0766,22.0,0.0762,10.0,20751.0,390.0
2021-01-05 09:39:46.040,0.0764,0.0767,10.0,0.0764,10.0,20751.0,390.0
2021-01-05 09:39:46.711,0.0767,0.0768,8.0,0.0765,12.0,20751.0,392.0
2021-01-05 09:39:47.250,0.0767,0.0768,8.0,0.0766,12.0,20751.0,392.0
2021-01-05 09:39:47.710,0.0767,0.0768,22.0,0.0765,20.0,20751.0,392.0
2021-01-05 09:39:48.221,0.0767,0.0768,12.0,0.0765,20.0,20751.0,392.0
2021-01-05 09:39:48.720,0.0767,0.0769,22.0,0.0764,22.0,20751.0,392.0
2021-01-05 09:39:49.241,0.0767,0.0769,12.0,0.0764,46.0,20751.0,392.0
2021-01-05 09:39:49.711,0.0767,0.077,13.0,0.0765,22.0,20751.0,392.0
2021-01-05 09:39:50.180,0.0767,0.0769,10.0,0.0765,22.0,20751.0,392.0
2021-01-05 09:39:50.710,0.0769,0.077,10.0,0.0766,22.0,20751.0,393.0
2021-01-05 09:39:51.241,0.0769,0.077,1.0,0.0768,22.0,20751.0,393.0
2021-01-05 09:39:51.730,0.0775,0.0776,20.0,0.0775,4.0,20804.0,446.0
2021-01-05 09:39:52.180,0.0775,0.0775,34.0,0.0772,20.0,20808.0,450.0
2021-01-05 09:39:52.601,0.0772,0.0774,12.0,0.077,20.0,20808.0,460.0
2021-01-05 09:39:53.181,0.0772,0.0773,10.0,0.0768,32.0,20808.0,460.0
2021-01-05 09:39:53.630,0.0772,0.077,10.0,0.0767,20.0,20808.0,460.0
2021-01-05 09:39:54.191,0.0772,0.0772,10.0,0.0767,10.0,20808.0,460.0
2021-01-05 09:39:54.691,0.0772,0.0772,22.0,0.0767,42.0,20808.0,460.0
2021-01-05 09:39:55.181,0.0772,0.0773,10.0,0.0769,10.0,20808.0,460.0
2021-01-05 09:39:55.640,0.0772,0.0773,22.0,0.0769,10.0,20808.0,460.0
2021-01-05 09:39:56.120,0.0772,0.0775,12.0,0.0772,10.0,20808.0,460.0
2021-01-05 09:39:56.691,0.0772,0.0774,12.0,0.0772,19.0,20808.0,462.0
2021-01-05 09:39:56.841,0.0772,0.0773,12.0,0.0771,20.0,20808.0,462.0
2021-01-05 09:39:57.580,0.0772,0.0773,22.0,0.0769,10.0,20808.0,462.0
2021-01-05 09:39:58.170,0.0772,0.0771,10.0,0.0768,20.0,20808.0,462.0
2021-01-05 09:39:58.600,0.0772,0.077,12.0,0.0767,20.0,20808.0,462.0
2021-01-05 09:39:59.061,0.0772,0.0771,10.0,0.0767,12.0,20808.0,462.0
2021-01-05 09:40:00.181,0.0772,0.0771,10.0,0.0768,10.0,20808.0,462.0
2021-01-05 09:40:00.610,0.0772,0.0771,10.0,0.0768,10.0,20808.0,462.0
2021-01-05 09:40:01.201,0.0772,0.0771,10.0,0.0768,10.0,20808.0,462.0
2021-01-05 09:40:01.570,0.0772,0.0771,32.0,0.0768,10.0,20808.0,462.0
2021-01-05 09:40:02.200,0.0772,0.0771,20.0,0.0766,10.0,20808.0,462.0
2021-01-05 09:40:02.671,0.0772,0.0767,10.0,0.0766,20.0,20808.0,462.0
2021-01-05 09:40:03.171,0.0772,0.0767,22.0,0.0765,10.0,20808.0,462.0
2021-01-05 09:40:03.691,0.0772,0.0767,10.0,0.0765,10.0,20808.0,462.0
2021-01-05 09:40:04.160,0.0767,0.077,12.0,0.0767,1.0,20798.0,472.0
2021-01-05 09:40:04.700,0.0767,0.0768,10.0,0.0765,10.0,20798.0,472.0
2021-01-05 09:40:05.170,0.0765,0.0768,22.0,0.0763,22.0,20798.0,482.0
2021-01-05 09:40:05.701,0.0768,0.0768,13.0,0.0764,24.0,20798.0,491.0
2021-01-05 09:40:06.200,0.0768,0.0768,12.0,0.0764,10.0,20798.0,491.0
2021-01-05 09:40:06.701,0.0768,0.0768,22.0,0.0764,10.0,20798.0,491.0
2021-01-05 09:40:07.191,0.0768,0.0768,22.0,0.0764,10.0,20798.0,491.0
2021-01-05 09:40:08.200,0.0768,0.0766,12.0,0.0761,42.0,20798.0,491.0
2021-01-05 09:40:08.690,0.0768,0.0766,12.0,0.0761,22.0,20798.0,491.0
2021-01-05 09:40:09.191,0.0768,0.0765,22.0,0.076,30.0,20798.0,491.0
2021-01-05 09:40:09.691,0.0768,0.0765,22.0,0.076,24.0,20798.0,491.0
2021-01-05 09:40:10.150,0.0768,0.0766,32.0,0.0761,22.0,20798.0,491.0
2021-01-05 09:40:10.680,0.0768,0.0767,42.0,0.0762,22.0,20798.0,491.0
2021-01-05 09:40:11.120,0.0767,0.0766,10.0,0.0762,10.0,20836.0,529.0
2021-01-05 09:40:11.671,0.0767,0.0766,10.0,0.0762,22.0,20836.0,529.0
2021-01-05 09:40:12.190,0.0767,0.0765,20.0,0.0762,12.0,20836.0,529.0
2021-01-05 09:40:12.680,0.0767,0.0765,32.0,0.076,32.0,20836.0,529.0
2021-01-05 09:40:13.170,0.0767,0.0765,20.0,0.0759,30.0,20836.0,529.0
2021-01-05 09:40:13.431,0.0767,0.0763,10.0,0.0759,20.0,20836.0,529.0
2021-01-05 09:40:14.150,0.0767,0.0763,22.0,0.0757,42.0,20836.0,529.0
2021-01-05 09:40:14.701,0.0767,0.0763,32.0,0.0758,14.0,20836.0,529.0
2021-01-05 09:40:15.191,0.0767,0.0763,32.0,0.0757,32.0,20836.0,529.0
2021-01-05 09:40:15.690,0.0767,0.0763,32.0,0.0758,10.0,20836.0,529.0
2021-01-05 09:40:15.690,0.0767,0.0763,32.0,0.0757,56.0,20836.0,529.0
2021-01-05 09:40:16.610,0.0767,0.0763,20.0,0.0759,22.0,20836.0,529.0
2021-01-05 09:40:17.191,0.0767,0.0763,32.0,0.0758,32.0,20836.0,529.0
2021-01-05 09:40:18.120,0.0767,0.0763,32.0,0.0758,32.0,20836.0,529.0
2021-01-05 09:40:18.460,0.0767,0.0763,32.0,0.0758,12.0,20836.0,529.0
2021-01-05 09:40:19.190,0.0767,0.0763,32.0,0.0758,12.0,20836.0,529.0
2021-01-05 09:40:19.711,0.0767,0.0764,32.0,0.0759,22.0,20836.0,529.0
2021-01-05 09:40:20.191,0.0767,0.0764,10.0,0.0761,10.0,20836.0,529.0
2021-01-05 09:40:20.691,0.0767,0.0764,10.0,0.0762,12.0,20836.0,529.0
2021-01-05 09:40:21.200,0.0767,0.0766,10.0,0.0762,22.0,20836.0,529.0
2021-01-05 09:40:21.701,0.0767,0.0766,24.0,0.0762,42.0,20836.0,529.0
2021-01-05 09:40:22.210,0.0767,0.0766,24.0,0.0762,30.0,20836.0,529.0
2021-01-05 09:40:22.591,0.0767,0.0767,10.0,0.0762,42.0,20836.0,529.0
2021-01-05 09:40:23.150,0.0767,0.0767,10.0,0.0762,22.0,20836.0,529.0
2021-01-05 09:40:24.160,0.0767,0.0767,10.0,0.0762,22.0,20836.0,529.0
2021-01-05 09:40:24.681,0.0767,0.0767,10.0,0.0762,56.0,20836.0,529.0
2021-01-05 09:40:25.121,0.0767,0.0767,10.0,0.0762,22.0,20836.0,529.0
2021-01-05 09:40:25.570,0.0767,0.0768,32.0,0.0762,22.0,20836.0,529.0
2021-01-05 09:40:26.181,0.0767,0.0767,10.0,0.0762,22.0,20836.0,529.0
2021-01-05 09:40:26.621,0.0767,0.0768,32.0,0.0762,32.0,20836.0,529.0
2021-01-05 09:40:27.140,0.0767,0.0768,12.0,0.0763,10.0,20836.0,529.0
2021-01-05 09:40:27.620,0.0767,0.0769,12.0,0.0764,22.0,20836.0,529.0
2021-01-05 09:40:28.110,0.0767,0.0768,22.0,0.0764,10.0,20836.0,529.0
2021-01-05 09:40:28.690,0.0767,0.0768,12.0,0.0764,10.0,20836.0,529.0
2021-01-05 09:40:29.170,0.0767,0.0768,12.0,0.0764,10.0,20836.0,529.0
2021-01-05 09:40:30.160,0.0767,0.0768,22.0,0.0764,10.0,20836.0,529.0
2021-01-05 09:40:32.611,0.0767,0.0768,22.0,0.0763,32.0,20836.0,529.0
2021-01-05 09:40:33.191,0.0767,0.0766,12.0,0.0763,20.0,20836.0,529.0
2021-01-05 09:40:33.551,0.0767,0.0766,22.0,0.0762,20.0,20836.0,529.0
2021-01-05 09:40:34.171,0.0764,0.0764,2.0,0.0762,20.0,20846.0,539.0
2021-01-05 09:40:34.601,0.0766,0.0768,30.0,0.0761,30.0,20856.0,549.0
2021-01-05 09:40:35.201,0.0766,0.0768,24.0,0.0762,10.0,20867.0,560.0
2021-01-05 09:40:35.681,0.0766,0.0768,36.0,0.0762,22.0,20867.0,560.0
2021-01-05 09:40:36.161,0.0766,0.0768,36.0,0.0762,22.0,20867.0,560.0
2021-01-05 09:40:36.620,0.0766,0.0768,36.0,0.0762,36.0,20867.0,560.0
2021-01-05 09:40:37.201,0.0766,0.0768,22.0,0.0762,36.0,20867.0,560.0
2021-01-05 09:40:37.700,0.0766,0.0769,12.0,0.0764,22.0,20867.0,560.0
2021-01-05 09:40:38.130,0.0766,0.0768,22.0,0.0763,42.0,20867.0,560.0
2021-01-05 09:40:38.651,0.0766,0.0768,10.0,0.0763,10.0,20867.0,560.0
2021-01-05 09:40:39.041,0.0766,0.0767,12.0,0.0763,10.0,20867.0,560.0
2021-01-05 09:40:39.681,0.0763,0.0767,12.0,0.0763,8.0,20867.0,562.0
2021-01-05 09:40:40.151,0.0767,0.077,30.0,0.0769,21.0,20877.0,572.0
2021-01-05 09:40:40.670,0.0769,0.0767,10.0,0.0766,20.0,20898.0,593.0
2021-01-05 09:40:41.191,0.0766,0.0766,5.0,0.0763,20.0,20898.0,598.0
2021-01-05 09:40:41.621,0.0766,0.0766,24.0,0.0761,32.0,20898.0,598.0
2021-01-05 09:40:42.180,0.0766,0.0766,10.0,0.0761,10.0,20898.0,598.0
2021-01-05 09:40:42.601,0.0766,0.0766,10.0,0.0762,12.0,20898.0,598.0
2021-01-05 09:40:43.191,0.0762,0.0766,10.0,0.0762,12.0,20898.0,599.0
2021-01-05 09:40:44.161,0.0768,0.0768,31.0,0.0762,12.0,20919.0,630.0
2021-01-05 09:40:44.610,0.0768,0.0766,12.0,0.0761,42.0,20919.0,630.0
2021-01-05 09:40:45.131,0.0768,0.0766,12.0,0.0761,22.0,20919.0,630.0
2021-01-05 09:40:45.621,0.0768,0.0766,26.0,0.0761,22.0,20919.0,630.0
2021-01-05 09:40:48.700,0.0768,0.0764,12.0,0.076,20.0,20919.0,630.0
2021-01-05 09:40:49.111,0.0768,0.0765,10.0,0.0761,10.0,20919.0,630.0
2021-01-05 09:40:49.640,0.0768,0.0765,12.0,0.0761,10.0,20919.0,630.0
2021-01-05 09:40:50.181,0.0768,0.0765,22.0,0.0761,10.0,20919.0,630.0
2021-01-05 09:40:50.671,0.0768,0.0765,12.0,0.0761,10.0,20919.0,630.0
2021-01-05 09:40:51.601,0.0768,0.0765,22.0,0.0761,10.0,20919.0,630.0
2021-01-05 09:40:52.181,0.0765,0.0766,10.0,0.0765,4.0,20965.0,676.0
2021-01-05 09:40:52.650,0.0765,0.0766,24.0,0.0765,2.0,20984.0,695.0
2021-01-05 09:40:53.180,0.0765,0.0766,24.0,0.0765,2.0,20984.0,695.0
2021-01-05 09:40:53.651,0.0765,0.0766,24.0,0.0765,2.0,20984.0,695.0
2021-01-05 09:40:54.521,0.0765,0.0765,8.0,0.0761,32.0,20986.0,697.0
2021-01-05 09:40:55.111,0.0765,0.0766,10.0,0.0763,12.0,20986.0,697.0
2021-01-05 09:40:55.111,0.0765,0.0767,10.0,0.0763,12.0,20986.0,697.0
2021-01-05 09:40:56.121,0.0765,0.0767,24.0,0.0763,12.0,20986.0,697.0
2021-01-05 09:40:56.600,0.0765,0.0769,20.0,0.0763,22.0,20986.0,697.0
2021-01-05 09:40:57.180,0.0765,0.0768,14.0,0.0765,12.0,20986.0,697.0
2021-01-05 09:40:57.560,0.0765,0.0768,24.0,0.0764,12.0,20986.0,697.0
2021-01-05 09:40:58.721,0.0765,0.0765,10.0,0.0764,12.0,20986.0,697.0
2021-01-05 09:40:58.980,0.0765,0.0766,10.0,0.0764,12.0,20986.0,697.0
2021-01-05 09:40:59.721,0.0765,0.0766,10.0,0.0763,12.0,20986.0,697.0
2021-01-05 09:41:00.980,0.0765,0.0766,10.0,0.0764,12.0,20986.0,697.0
2021-01-05 09:41:01.650,0.0765,0.0766,10.0,0.0763,22.0,20986.0,697.0
2021-01-05 09:41:02.190,0.0765,0.0766,10.0,0.0763,22.0,20986.0,697.0
2021-01-05 09:41:02.661,0.0765,0.0766,10.0,0.0764,12.0,20986.0,697.0
2021-01-05 09:41:03.110,0.0765,0.0766,10.0,0.0764,12.0,20986.0,697.0
2021-01-05 09:41:03.721,0.0765,0.0766,10.0,0.0763,20.0,20986.0,697.0
2021-01-05 09:41:04.180,0.0765,0.0766,10.0,0.0765,10.0,20986.0,697.0
2021-01-05 09:41:04.680,0.0766,0.0768,20.0,0.0766,2.0,20986.0,707.0
2021-01-05 09:41:05.220,0.0768,0.0768,12.0,0.0763,40.0,20996.0,717.0
2021-01-05 09:41:05.660,0.0768,0.0768,6.0,0.0763,20.0,21017.0,738.0
2021-01-05 09:41:06.221,0.0768,0.0768,6.0,0.0765,12.0,21017.0,738.0
2021-01-05 09:41:06.620,0.0768,0.0769,30.0,0.0765,12.0,21017.0,738.0
2021-01-05 09:41:07.100,0.0768,0.0769,14.0,0.0766,10.0,21017.0,738.0
2021-01-05 09:41:07.611,0.0768,0.0771,20.0,0.0766,22.0,21017.0,738.0
2021-01-05 09:41:08.130,0.0768,0.077,14.0,0.0767,12.0,21017.0,738.0
2021-01-05 09:41:08.701,0.0768,0.077,26.0,0.0765,10.0,21017.0,738.0
2021-01-05 09:41:09.210,0.0768,0.077,26.0,0.0765,10.0,21017.0,738.0
2021-01-05 09:41:09.661,0.0768,0.077,14.0,0.0767,10.0,21017.0,738.0
2021-01-05 09:41:10.220,0.0767,0.0769,10.0,0.0767,9.0,21017.0,739.0
2021-01-05 09:41:10.710,0.0767,0.077,10.0,0.0766,22.0,21017.0,739.0
2021-01-05 09:41:11.210,0.0767,0.077,10.0,0.0768,10.0,21017.0,739.0
2021-01-05 09:41:11.711,0.0768,0.077,10.0,0.0766,10.0,21017.0,740.0
2021-01-05 09:41:12.151,0.0768,0.077,10.0,0.0766,10.0,21017.0,740.0
2021-01-05 09:41:12.710,0.0768,0.077,10.0,0.0767,10.0,21017.0,740.0
2021-01-05 09:41:13.161,0.0768,0.077,22.0,0.0765,10.0,21017.0,740.0
2021-01-05 09:41:13.701,0.077,0.0768,12.0,0.0765,10.0,21017.0,743.0
2021-01-05 09:41:14.160,0.0768,0.077,30.0,0.0763,20.0,21017.0,753.0
2021-01-05 09:41:14.671,0.0768,0.077,54.0,0.0765,22.0,21017.0,753.0
2021-01-05 09:41:15.180,0.0768,0.077,20.0,0.0765,10.0,21017.0,753.0
2021-01-05 09:41:15.601,0.0768,0.0768,10.0,0.0764,12.0,21017.0,753.0
2021-01-05 09:41:16.210,0.0768,0.0768,10.0,0.0763,32.0,21017.0,753.0
2021-01-05 09:41:16.500,0.0768,0.0769,20.0,0.0765,22.0,21017.0,753.0
2021-01-05 09:41:17.211,0.0768,0.077,40.0,0.0766,12.0,21017.0,753.0
2021-01-05 09:41:17.670,0.0768,0.077,34.0,0.0766,12.0,21017.0,753.0
2021-01-05 09:41:18.141,0.0768,0.077,34.0,0.0766,12.0,21017.0,753.0
2021-01-05 09:41:18.600,0.0768,0.077,34.0,0.0766,12.0,21017.0,753.0
2021-01-05 09:41:19.161,0.0768,0.077,24.0,0.0767,12.0,21017.0,753.0
2021-01-05 09:41:20.070,0.0768,0.077,34.0,0.0766,12.0,21017.0,753.0
2021-01-05 09:41:20.721,0.0768,0.077,20.0,0.0766,12.0,21017.0,753.0
2021-01-05 09:41:21.190,0.0768,0.0769,14.0,0.0766,12.0,21017.0,753.0
2021-01-05 09:41:21.551,0.0768,0.077,20.0,0.0766,12.0,21017.0,753.0
2021-01-05 09:41:22.190,0.0768,0.077,24.0,0.0766,22.0,21017.0,753.0
2021-01-05 09:41:22.600,0.0768,0.0771,10.0,0.0768,12.0,21017.0,763.0
2021-01-05 09:41:23.061,0.0768,0.0771,14.0,0.0767,10.0,21017.0,763.0
2021-01-05 09:41:24.171,0.0768,0.0771,12.0,0.0765,42.0,21017.0,763.0
2021-01-05 09:41:24.651,0.0768,0.077,14.0,0.0765,22.0,21017.0,763.0
2021-01-05 09:41:25.120,0.0768,0.0771,32.0,0.0767,10.0,21017.0,763.0
2021-01-05 09:41:25.641,0.0768,0.0771,14.0,0.0767,22.0,21017.0,763.0
2021-01-05 09:41:26.190,0.0768,0.0772,20.0,0.0767,32.0,21017.0,763.0
2021-01-05 09:41:26.651,0.0768,0.0772,34.0,0.0768,10.0,21017.0,763.0
2021-01-05 09:41:27.131,0.0768,0.0773,42.0,0.0768,10.0,21017.0,763.0
2021-01-05 09:41:27.210,0.0768,0.0773,24.0,0.077,10.0,21017.0,763.0
2021-01-05 09:41:28.171,0.077,0.0772,22.0,0.0768,10.0,21017.0,764.0
2021-01-05 09:41:28.540,0.077,0.0772,36.0,0.0768,10.0,21017.0,764.0
2021-01-05 09:41:29.070,0.077,0.0772,24.0,0.0768,10.0,21017.0,764.0
2021-01-05 09:41:30.180,0.077,0.0772,10.0,0.0768,10.0,21017.0,764.0
2021-01-05 09:41:30.670,0.077,0.0772,10.0,0.0768,10.0,21017.0,764.0
2021-01-05 09:41:31.181,0.077,0.0772,10.0,0.0768,10.0,21017.0,764.0
2021-01-05 09:41:31.700,0.077,0.0772,10.0,0.0768,10.0,21017.0,764.0
2021-01-05 09:41:32.220,0.077,0.0772,30.0,0.0768,10.0,21017.0,764.0
2021-01-05 09:41:32.670,0.077,0.0772,22.0,0.0768,10.0,21017.0,764.0
2021-01-05 09:41:33.000,0.077,0.0772,10.0,0.0769,10.0,21017.0,764.0
2021-01-05 09:41:33.231,0.077,0.0772,24.0,0.0769,10.0,21017.0,764.0
2021-01-05 09:41:33.990,0.077,0.0772,34.0,0.0767,12.0,21017.0,764.0
2021-01-05 09:41:34.720,0.077,0.0772,54.0,0.0767,12.0,21017.0,764.0
2021-01-05 09:41:35.221,0.077,0.0772,30.0,0.0769,10.0,21017.0,764.0
2021-01-05 09:41:35.721,0.077,0.0772,10.0,0.0769,10.0,21017.0,764.0
2021-01-05 09:41:36.070,0.077,0.0773,40.0,0.0769,10.0,21017.0,764.0
2021-01-05 09:41:36.720,0.077,0.0774,30.0,0.0772,10.0,21017.0,764.0
2021-01-05 09:41:37.210,0.077,0.0775,30.0,0.077,12.0,21017.0,764.0
2021-01-05 09:41:37.711,0.077,0.0776,50.0,0.0771,20.0,21017.0,764.0
2021-01-05 09:41:38.220,0.077,0.0775,10.0,0.0771,20.0,21017.0,764.0
2021-01-05 09:41:38.650,0.077,0.0775,10.0,0.0772,12.0,21017.0,764.0
2021-01-05 09:41:39.221,0.077,0.0775,24.0,0.0771,10.0,21017.0,764.0
2021-01-05 09:41:39.521,0.077,0.0775,24.0,0.0771,10.0,21017.0,764.0
2021-01-05 09:41:40.231,0.077,0.0774,12.0,0.0771,10.0,21017.0,764.0
2021-01-05 09:41:40.721,0.077,0.0774,12.0,0.0771,10.0,21017.0,764.0
2021-01-05 09:41:41.130,0.077,0.0773,10.0,0.077,10.0,21017.0,764.0
2021-01-05 09:41:41.730,0.077,0.0773,12.0,0.0768,20.0,21017.0,764.0
2021-01-05 09:41:42.201,0.077,0.0773,12.0,0.0768,20.0,21017.0,764.0
2021-01-05 09:41:42.700,0.077,0.0772,10.0,0.0768,20.0,21017.0,764.0
2021-01-05 09:41:43.080,0.077,0.0772,10.0,0.0768,20.0,21017.0,764.0
2021-01-05 09:41:43.720,0.077,0.0772,10.0,0.0768,20.0,21017.0,764.0
2021-01-05 09:41:44.220,0.077,0.0772,10.0,0.0768,20.0,21017.0,764.0
2021-01-05 09:41:44.671,0.077,0.0772,10.0,0.077,10.0,21017.0,764.0
2021-01-05 09:41:45.190,0.077,0.0773,10.0,0.077,10.0,21017.0,764.0
2021-01-05 09:41:45.701,0.077,0.0772,10.0,0.077,10.0,21017.0,764.0
2021-01-05 09:41:46.241,0.077,0.0773,10.0,0.077,10.0,21017.0,764.0
2021-01-05 09:41:46.661,0.077,0.0772,10.0,0.077,10.0,21017.0,764.0
2021-01-05 09:41:47.201,0.0772,0.0775,20.0,0.077,12.0,21017.0,774.0
2021-01-05 09:41:47.741,0.0772,0.0775,14.0,0.0771,10.0,21017.0,774.0
2021-01-05 09:41:48.181,0.0772,0.0776,30.0,0.0773,10.0,21017.0,774.0
2021-01-05 09:41:48.740,0.0772,0.0776,30.0,0.0773,10.0,21017.0,774.0
2021-01-05 09:41:49.191,0.0772,0.0775,12.0,0.077,30.0,21017.0,774.0
2021-01-05 09:41:49.750,0.0772,0.0776,30.0,0.0773,10.0,21017.0,774.0
2021-01-05 09:41:50.231,0.0772,0.0776,30.0,0.0774,12.0,21017.0,774.0
2021-01-05 09:41:50.751,0.0772,0.0776,30.0,0.0775,10.0,21017.0,774.0
2021-01-05 09:41:51.251,0.0772,0.0776,30.0,0.0773,10.0,21017.0,774.0
2021-01-05 09:41:51.760,0.0772,0.0776,30.0,0.0773,10.0,21017.0,774.0
2021-01-05 09:41:52.261,0.0772,0.0776,30.0,0.0773,10.0,21017.0,774.0
2021-01-05 09:41:52.690,0.0772,0.0776,30.0,0.0775,10.0,21017.0,774.0
2021-01-05 09:41:53.201,0.0772,0.0776,30.0,0.0775,10.0,21017.0,774.0
2021-01-05 09:41:54.161,0.0772,0.0776,20.0,0.0775,10.0,21017.0,774.0
2021-01-05 09:41:54.161,0.0772,0.0776,20.0,0.0775,10.0,21017.0,774.0
2021-01-05 09:41:55.101,0.0776,0.0777,1.0,0.0776,2.0,21017.0,794.0
2021-01-05 09:41:55.671,0.0776,0.0777,1.0,0.0775,10.0,21017.0,794.0
2021-01-05 09:41:56.680,0.0776,0.0777,11.0,0.0774,10.0,21017.0,794.0
2021-01-05 09:41:57.110,0.0777,0.078,41.0,0.0775,12.0,21017.0,804.0
2021-01-05 09:41:57.640,0.0777,0.0779,12.0,0.0775,10.0,21017.0,804.0
2021-01-05 09:41:58.140,0.0777,0.0779,12.0,0.0775,10.0,21017.0,804.0
2021-01-05 09:41:58.660,0.0777,0.0779,26.0,0.0775,10.0,21017.0,804.0
2021-01-05 09:41:59.131,0.0777,0.0778,10.0,0.0775,10.0,21017.0,804.0
2021-01-05 09:42:00.151,0.0777,0.0778,22.0,0.0774,10.0,21017.0,804.0
2021-01-05 09:42:00.701,0.0777,0.0778,12.0,0.0775,10.0,21017.0,804.0
2021-01-05 09:42:01.190,0.0777,0.0779,22.0,0.0775,10.0,21017.0,804.0
2021-01-05 09:42:01.651,0.0777,0.0779,12.0,0.0775,10.0,21017.0,804.0
2021-01-05 09:42:02.201,0.0777,0.0779,22.0,0.0775,10.0,21017.0,804.0
2021-01-05 09:42:02.710,0.0777,0.078,42.0,0.0775,10.0,21017.0,804.0
2021-01-05 09:42:03.161,0.0777,0.0779,22.0,0.0775,10.0,21017.0,804.0
2021-01-05 09:42:03.690,0.0777,0.0779,22.0,0.0775,10.0,21017.0,804.0
2021-01-05 09:42:04.641,0.0777,0.0778,12.0,0.0775,10.0,21017.0,804.0
2021-01-05 09:42:05.150,0.0777,0.0778,12.0,0.0775,10.0,21017.0,804.0
2021-01-05 09:42:05.711,0.0777,0.0778,12.0,0.0775,10.0,21017.0,804.0
2021-01-05 09:42:06.181,0.0777,0.0778,12.0,0.0775,10.0,21017.0,804.0
2021-01-05 09:42:06.671,0.0777,0.0778,12.0,0.0775,10.0,21017.0,804.0
2021-01-05 09:42:07.230,0.0777,0.0779,22.0,0.0775,10.0,21017.0,804.0
2021-01-05 09:42:08.220,0.0777,0.0779,22.0,0.0775,10.0,21017.0,804.0
2021-01-05 09:42:09.230,0.0777,0.0779,12.0,0.0775,10.0,21017.0,804.0
2021-01-05 09:42:10.200,0.0777,0.0779,12.0,0.0775,10.0,21017.0,804.0
2021-01-05 09:42:10.681,0.0777,0.0779,12.0,0.0775,24.0,21017.0,804.0
2021-01-05 09:42:11.211,0.0777,0.078,22.0,0.0778,10.0,21017.0,804.0
2021-01-05 09:42:11.651,0.0777,0.0781,22.0,0.0778,10.0,21017.0,804.0
2021-01-05 09:42:12.210,0.0777,0.0781,12.0,0.0778,10.0,21017.0,804.0
2021-01-05 09:42:12.721,0.0777,0.0781,12.0,0.078,10.0,21017.0,804.0
2021-01-05 09:42:13.211,0.0777,0.0781,22.0,0.078,10.0,21017.0,804.0
2021-01-05 09:42:13.731,0.078,0.078,12.0,0.0775,30.0,21027.0,814.0
2021-01-05 09:42:14.150,0.078,0.0781,32.0,0.0776,14.0,21027.0,814.0
2021-01-05 09:42:14.671,0.078,0.0781,52.0,0.0776,14.0,21027.0,814.0
2021-01-05 09:42:15.151,0.078,0.078,12.0,0.0776,14.0,21027.0,814.0
2021-01-05 09:42:16.181,0.078,0.0781,32.0,0.0776,14.0,21027.0,814.0
2021-01-05 09:42:16.701,0.078,0.0781,22.0,0.0777,10.0,21027.0,814.0
2021-01-05 09:42:17.241,0.078,0.0781,32.0,0.0777,10.0,21027.0,814.0
2021-01-05 09:42:17.681,0.078,0.0781,10.0,0.0777,10.0,21027.0,814.0
2021-01-05 09:42:18.100,0.078,0.0781,32.0,0.0777,10.0,21027.0,814.0
2021-01-05 09:42:18.651,0.078,0.0781,32.0,0.0775,22.0,21027.0,814.0
2021-01-05 09:42:19.210,0.078,0.078,12.0,0.0775,24.0,21027.0,814.0
2021-01-05 09:42:19.721,0.078,0.078,12.0,0.0775,24.0,21027.0,814.0
2021-01-05 09:42:21.231,0.078,0.0781,20.0,0.0775,24.0,21027.0,814.0
2021-01-05 09:42:21.621,0.078,0.0781,32.0,0.0775,36.0,21027.0,814.0
2021-01-05 09:42:22.221,0.078,0.0781,20.0,0.0777,10.0,21027.0,814.0
2021-01-05 09:42:22.570,0.078,0.0782,42.0,0.0777,10.0,21027.0,814.0
2021-01-05 09:42:23.191,0.078,0.0782,22.0,0.0777,10.0,21027.0,814.0
2021-01-05 09:42:24.151,0.078,0.0782,12.0,0.0777,10.0,21027.0,814.0
2021-01-05 09:42:24.670,0.078,0.0782,12.0,0.0777,10.0,21027.0,814.0
2021-01-05 09:42:25.621,0.078,0.0783,52.0,0.0777,32.0,21027.0,814.0
2021-01-05 09:42:26.130,0.078,0.0783,56.0,0.0778,10.0,21027.0,814.0
2021-01-05 09:42:26.701,0.078,0.0783,56.0,0.078,10.0,21027.0,814.0
2021-01-05 09:42:27.171,0.078,0.0783,56.0,0.078,10.0,21027.0,814.0
2021-01-05 09:42:29.720,0.078,0.0783,46.0,0.078,10.0,21027.0,814.0
2021-01-05 09:42:30.710,0.078,0.0782,22.0,0.078,10.0,21027.0,814.0
2021-01-05 09:42:31.200,0.078,0.0783,10.0,0.078,10.0,21027.0,814.0
2021-01-05 09:42:31.711,0.078,0.0784,22.0,0.078,10.0,21027.0,814.0
2021-01-05 09:42:31.970,0.078,0.0784,32.0,0.078,10.0,21027.0,814.0
2021-01-05 09:42:32.721,0.078,0.0784,20.0,0.078,10.0,21027.0,814.0
2021-01-05 09:42:33.121,0.078,0.0784,20.0,0.078,10.0,21027.0,814.0
2021-01-05 09:42:33.720,0.078,0.0784,20.0,0.078,10.0,21027.0,814.0
2021-01-05 09:42:34.210,0.078,0.0783,12.0,0.078,10.0,21027.0,814.0
2021-01-05 09:42:34.731,0.078,0.0783,12.0,0.078,10.0,21027.0,814.0
2021-01-05 09:42:35.701,0.078,0.0783,12.0,0.078,10.0,21027.0,814.0
2021-01-05 09:42:36.650,0.078,0.0783,22.0,0.078,10.0,21027.0,814.0
2021-01-05 09:42:37.251,0.078,0.0784,42.0,0.078,10.0,21027.0,814.0
2021-01-05 09:42:37.751,0.078,0.0784,32.0,0.078,10.0,21027.0,814.0
2021-01-05 09:42:38.661,0.078,0.0784,32.0,0.078,10.0,21027.0,814.0
2021-01-05 09:42:40.221,0.078,0.0784,22.0,0.078,10.0,21027.0,814.0
2021-01-05 09:42:40.721,0.078,0.0784,10.0,0.078,10.0,21027.0,814.0
2021-01-05 09:42:41.161,0.078,0.0785,52.0,0.078,10.0,21027.0,814.0
2021-01-05 09:42:41.731,0.078,0.0785,20.0,0.0784,4.0,21027.0,814.0
2021-01-05 09:42:42.250,0.078,0.0785,22.0,0.0784,4.0,21027.0,814.0
2021-01-05 09:42:42.311,0.0784,0.0784,18.0,0.0781,20.0,21031.0,818.0
2021-01-05 09:42:43.251,0.0784,0.0784,12.0,0.078,34.0,21031.0,818.0
2021-01-05 09:42:43.741,0.0784,0.0783,22.0,0.078,10.0,21031.0,818.0
2021-01-05 09:42:44.211,0.0784,0.0781,12.0,0.078,24.0,21031.0,818.0
2021-01-05 09:42:44.751,0.0781,0.0785,30.0,0.0782,8.0,21033.0,830.0
2021-01-05 09:42:45.191,0.0781,0.0784,10.0,0.0781,20.0,21033.0,830.0
2021-01-05 09:42:45.650,0.0781,0.0784,10.0,0.078,26.0,21033.0,830.0
2021-01-05 09:42:46.240,0.0781,0.0785,10.0,0.078,26.0,21033.0,830.0
2021-01-05 09:42:46.741,0.0781,0.0786,52.0,0.0781,10.0,21033.0,830.0
2021-01-05 09:42:47.231,0.0781,0.0786,42.0,0.0781,10.0,21033.0,830.0
2021-01-05 09:42:47.690,0.0781,0.0786,30.0,0.0781,22.0,21033.0,830.0
2021-01-05 09:42:48.630,0.0781,0.0785,20.0,0.078,26.0,21033.0,830.0
2021-01-05 09:42:49.750,0.0781,0.0785,10.0,0.078,46.0,21033.0,830.0
2021-01-05 09:42:50.670,0.0781,0.0785,10.0,0.0783,10.0,21033.0,830.0
2021-01-05 09:42:51.060,0.0781,0.0785,10.0,0.0783,10.0,21033.0,830.0
2021-01-05 09:42:52.251,0.0781,0.0785,10.0,0.0783,10.0,21033.0,830.0
2021-01-05 09:42:52.601,0.0781,0.0785,10.0,0.0783,10.0,21033.0,830.0
2021-01-05 09:42:53.640,0.0781,0.0786,10.0,0.0783,10.0,21033.0,830.0
2021-01-05 09:42:54.191,0.0781,0.0787,20.0,0.0783,10.0,21033.0,830.0
2021-01-05 09:42:54.710,0.0781,0.0787,44.0,0.0783,10.0,21033.0,830.0
2021-01-05 09:42:55.161,0.0781,0.0785,10.0,0.0783,10.0,21033.0,830.0
2021-01-05 09:42:55.701,0.0781,0.0787,42.0,0.0783,10.0,21033.0,830.0
2021-01-05 09:42:56.191,0.0781,0.0784,1.0,0.0783,10.0,21033.0,830.0
2021-01-05 09:42:56.631,0.0784,0.0787,30.0,0.0783,10.0,21033.0,831.0
2021-01-05 09:42:57.140,0.0784,0.0787,30.0,0.0783,10.0,21033.0,831.0
2021-01-05 09:42:57.591,0.0784,0.0787,30.0,0.0783,10.0,21033.0,831.0
2021-01-05 09:42:58.220,0.0784,0.0787,20.0,0.0783,22.0,21033.0,831.0
2021-01-05 09:42:58.731,0.0784,0.0787,42.0,0.0783,10.0,21033.0,831.0
2021-01-05 09:42:59.230,0.0784,0.0786,10.0,0.0783,10.0,21033.0,831.0
2021-01-05 09:42:59.730,0.0783,0.0787,20.0,0.0783,19.0,21034.0,832.0
2021-01-05 09:42:59.951,0.0783,0.0786,10.0,0.0783,19.0,21034.0,832.0
2021-01-05 09:43:00.721,0.0783,0.0787,20.0,0.0783,19.0,21034.0,832.0
2021-01-05 09:43:01.211,0.0783,0.0786,10.0,0.0783,9.0,21034.0,832.0
2021-01-05 09:43:01.701,0.0783,0.0787,20.0,0.0783,9.0,21034.0,832.0
2021-01-05 09:43:02.100,0.0783,0.0787,10.0,0.0783,9.0,21033.0,842.0
2021-01-05 09:43:02.681,0.0783,0.0789,30.0,0.0784,32.0,21033.0,842.0
2021-01-05 09:43:03.241,0.0783,0.0789,44.0,0.0784,32.0,21033.0,842.0
2021-01-05 09:43:04.740,0.0783,0.0789,42.0,0.0784,10.0,21033.0,842.0
2021-01-05 09:43:04.970,0.0783,0.0786,10.0,0.0782,20.0,21033.0,842.0
2021-01-05 09:43:05.681,0.0783,0.0786,22.0,0.0781,20.0,21033.0,842.0
2021-01-05 09:43:06.171,0.0783,0.0785,12.0,0.0781,10.0,21033.0,842.0
2021-01-05 09:43:06.680,0.0783,0.0786,30.0,0.0781,22.0,21033.0,842.0
2021-01-05 09:43:07.231,0.0783,0.0786,44.0,0.0781,22.0,21033.0,842.0
2021-01-05 09:43:07.710,0.0783,0.0786,44.0,0.0781,22.0,21033.0,842.0
2021-01-05 09:43:08.200,0.0783,0.0786,56.0,0.0781,10.0,21033.0,842.0
2021-01-05 09:43:09.231,0.0783,0.0786,56.0,0.0781,10.0,21033.0,842.0
2021-01-05 09:43:09.740,0.0783,0.0786,56.0,0.0781,10.0,21033.0,842.0
2021-01-05 09:43:10.150,0.0783,0.0786,10.0,0.0783,12.0,21033.0,842.0
2021-01-05 09:43:10.720,0.0783,0.0787,10.0,0.0783,12.0,21033.0,842.0
2021-01-05 09:43:11.250,0.0783,0.0787,10.0,0.0783,12.0,21033.0,842.0
2021-01-05 09:43:11.750,0.0783,0.0788,30.0,0.0783,22.0,21033.0,842.0
2021-01-05 09:43:12.171,0.0783,0.0787,10.0,0.0783,22.0,21033.0,842.0
2021-01-05 09:43:12.730,0.0783,0.0787,10.0,0.0783,20.0,21033.0,844.0
2021-01-05 09:43:13.210,0.0783,0.0786,12.0,0.0781,54.0,21033.0,844.0
2021-01-05 09:43:13.740,0.0783,0.0783,25.0,0.0781,34.0,21033.0,844.0
2021-01-05 09:43:14.270,0.0783,0.0783,25.0,0.078,12.0,21033.0,844.0
2021-01-05 09:43:14.680,0.0783,0.0783,25.0,0.078,14.0,21033.0,844.0
2021-01-05 09:43:15.460,0.0783,0.0783,25.0,0.0779,22.0,21033.0,844.0
2021-01-05 09:43:16.270,0.0783,0.0783,25.0,0.0779,36.0,21033.0,844.0
2021-01-05 09:43:16.501,0.0783,0.0783,25.0,0.0781,10.0,21033.0,844.0
2021-01-05 09:43:17.271,0.0783,0.0783,25.0,0.0781,10.0,21033.0,844.0
2021-01-05 09:43:17.771,0.0783,0.0783,25.0,0.0782,12.0,21033.0,844.0
2021-01-05 09:43:18.270,0.0783,0.0783,25.0,0.0781,12.0,21033.0,844.0
2021-01-05 09:43:18.741,0.0783,0.0783,25.0,0.078,12.0,21033.0,844.0
2021-01-05 09:43:19.261,0.0783,0.0783,25.0,0.078,26.0,21033.0,844.0
2021-01-05 09:43:19.751,0.0783,0.0783,25.0,0.078,26.0,21033.0,844.0
2021-01-05 09:43:21.271,0.0783,0.0783,25.0,0.0782,10.0,21033.0,844.0
2021-01-05 09:43:21.701,0.0783,0.0783,25.0,0.0782,10.0,21033.0,844.0
2021-01-05 09:43:22.281,0.0783,0.0783,25.0,0.0782,22.0,21033.0,844.0
2021-01-05 09:43:22.641,0.0783,0.0783,24.0,0.0782,10.0,21032.0,845.0
2021-01-05 09:43:23.190,0.0783,0.0783,24.0,0.0782,24.0,21032.0,845.0
2021-01-05 09:43:24.120,0.0783,0.0783,24.0,0.0782,10.0,21032.0,845.0
2021-01-05 09:43:24.631,0.0783,0.0783,24.0,0.0782,24.0,21032.0,845.0
2021-01-05 09:43:25.201,0.0783,0.0784,2.0,0.0782,24.0,21008.0,869.0
2021-01-05 09:43:25.651,0.0783,0.0784,2.0,0.0782,24.0,21008.0,869.0
2021-01-05 09:43:26.181,0.0783,0.0784,2.0,0.0783,10.0,21008.0,869.0
2021-01-05 09:43:26.621,0.0783,0.0783,12.0,0.0781,20.0,21008.0,869.0
2021-01-05 09:43:27.190,0.0783,0.0784,2.0,0.0783,10.0,21008.0,869.0
2021-01-05 09:43:27.620,0.0783,0.0784,2.0,0.0781,10.0,21008.0,869.0
2021-01-05 09:43:28.091,0.0783,0.0784,14.0,0.0781,24.0,21008.0,869.0
2021-01-05 09:43:29.080,0.0783,0.0784,14.0,0.0781,24.0,21008.0,869.0
2021-01-05 09:43:30.050,0.0783,0.0784,2.0,0.0781,24.0,21008.0,869.0
2021-01-05 09:43:31.111,0.0783,0.0784,2.0,0.0781,34.0,21008.0,869.0
2021-01-05 09:43:31.720,0.0783,0.0784,2.0,0.0781,34.0,21008.0,869.0
2021-01-05 09:43:32.181,0.0783,0.0784,2.0,0.0782,12.0,21008.0,869.0
2021-01-05 09:43:32.701,0.0783,0.0784,2.0,0.0783,12.0,21008.0,869.0
2021-01-05 09:43:33.141,0.0783,0.0784,2.0,0.0781,46.0,21008.0,869.0
2021-01-05 09:43:33.670,0.0783,0.0784,2.0,0.0781,22.0,21008.0,869.0
2021-01-05 09:43:34.221,0.0783,0.0784,2.0,0.0781,22.0,21008.0,869.0
2021-01-05 09:43:34.230,0.0783,0.0784,2.0,0.0783,12.0,21008.0,869.0
2021-01-05 09:43:35.160,0.0783,0.0784,2.0,0.0781,22.0,21008.0,869.0
2021-01-05 09:43:35.681,0.0783,0.0784,2.0,0.0781,22.0,21008.0,869.0
2021-01-05 09:43:36.221,0.0783,0.0784,2.0,0.0781,12.0,21008.0,869.0
2021-01-05 09:43:36.661,0.0783,0.0784,12.0,0.0781,12.0,21008.0,869.0
2021-01-05 09:43:37.631,0.0783,0.0784,2.0,0.0781,22.0,21008.0,869.0
2021-01-05 09:43:38.221,0.0783,0.0784,2.0,0.0781,22.0,21008.0,869.0
2021-01-05 09:43:38.680,0.0783,0.0784,2.0,0.0781,36.0,21008.0,869.0
2021-01-05 09:43:39.241,0.0783,0.0784,2.0,0.0782,12.0,21008.0,869.0
2021-01-05 09:43:39.711,0.0783,0.0784,2.0,0.0782,26.0,21008.0,869.0
2021-01-05 09:43:40.230,0.0783,0.0784,2.0,0.0782,12.0,21008.0,869.0
2021-01-05 09:43:40.731,0.0783,0.0784,2.0,0.0782,12.0,21008.0,869.0
2021-01-05 09:43:41.730,0.0783,0.0784,2.0,0.0783,12.0,21008.0,869.0
2021-01-05 09:43:42.191,0.0783,0.0784,2.0,0.0783,12.0,21008.0,869.0
2021-01-05 09:43:43.231,0.0783,0.0783,10.0,0.0781,12.0,21008.0,869.0
2021-01-05 09:43:43.711,0.0783,0.0784,2.0,0.0781,32.0,21008.0,869.0
2021-01-05 09:43:43.990,0.0783,0.0784,2.0,0.078,42.0,21008.0,869.0
2021-01-05 09:43:44.670,0.0783,0.0784,12.0,0.078,36.0,21008.0,869.0
2021-01-05 09:43:45.221,0.0783,0.0784,2.0,0.0782,12.0,21008.0,869.0
2021-01-05 09:43:45.720,0.0783,0.0784,2.0,0.0782,22.0,21008.0,869.0
2021-01-05 09:43:46.051,0.0783,0.0784,2.0,0.0782,22.0,21008.0,869.0
2021-01-05 09:43:46.750,0.0783,0.0784,2.0,0.0782,22.0,21008.0,869.0
2021-01-05 09:43:47.250,0.0783,0.0784,2.0,0.0783,12.0,21008.0,869.0
2021-01-05 09:43:47.661,0.0783,0.0784,2.0,0.0783,12.0,21008.0,869.0
2021-01-05 09:43:48.220,0.0783,0.0784,12.0,0.0781,32.0,21008.0,869.0
2021-01-05 09:43:48.560,0.0783,0.0784,22.0,0.078,20.0,21008.0,869.0
2021-01-05 09:43:49.061,0.0783,0.0784,22.0,0.0779,32.0,21008.0,869.0
2021-01-05 09:43:49.601,0.0783,0.0784,22.0,0.0779,26.0,21008.0,869.0
2021-01-05 09:43:50.170,0.0783,0.0784,22.0,0.0779,12.0,21008.0,869.0
2021-01-05 09:43:50.721,0.0783,0.0783,12.0,0.0778,10.0,21008.0,869.0
2021-01-05 09:43:51.221,0.0783,0.0783,12.0,0.0778,24.0,21008.0,869.0
2021-01-05 09:43:51.660,0.0783,0.0782,10.0,0.0778,24.0,21008.0,869.0
2021-01-05 09:43:52.200,0.0783,0.0783,32.0,0.0778,10.0,21008.0,869.0
2021-01-05 09:43:52.681,0.0783,0.0783,32.0,0.0778,10.0,21008.0,869.0
2021-01-05 09:43:53.201,0.0783,0.0783,32.0,0.0778,10.0,21008.0,869.0
2021-01-05 09:43:53.610,0.0783,0.0783,32.0,0.0778,10.0,21008.0,869.0
2021-01-05 09:43:54.191,0.0783,0.0783,46.0,0.0777,52.0,21008.0,869.0
2021-01-05 09:43:54.680,0.0783,0.0783,46.0,0.0777,52.0,21008.0,869.0
2021-01-05 09:43:54.980,0.0783,0.0783,46.0,0.0777,32.0,21008.0,869.0
2021-01-05 09:43:55.651,0.0783,0.0783,46.0,0.0777,46.0,21008.0,869.0
2021-01-05 09:43:56.721,0.0783,0.0783,46.0,0.0777,32.0,21008.0,869.0
2021-01-05 09:43:57.650,0.0783,0.0783,34.0,0.0778,12.0,21008.0,869.0
2021-01-05 09:43:58.190,0.0783,0.0783,20.0,0.0778,12.0,21008.0,869.0
2021-01-05 09:43:58.711,0.0783,0.0783,34.0,0.0778,12.0,21008.0,869.0
2021-01-05 09:43:59.170,0.0783,0.0783,34.0,0.0778,12.0,21008.0,869.0
2021-01-05 09:43:59.691,0.0778,0.0783,46.0,0.0778,12.0,21008.0,870.0
2021-01-05 09:44:00.131,0.0778,0.0783,32.0,0.0778,12.0,21008.0,870.0
2021-01-05 09:44:00.131,0.0778,0.078,10.0,0.0777,42.0,21008.0,870.0
2021-01-05 09:44:01.160,0.0778,0.078,10.0,0.0777,10.0,21008.0,870.0
2021-01-05 09:44:01.621,0.0778,0.0781,10.0,0.0777,10.0,21008.0,870.0
2021-01-05 09:44:02.031,0.0778,0.0782,30.0,0.0777,10.0,21008.0,870.0
2021-01-05 09:44:02.680,0.0778,0.078,10.0,0.0777,22.0,21008.0,870.0
2021-01-05 09:44:03.241,0.0778,0.078,10.0,0.0777,10.0,21008.0,870.0
2021-01-05 09:44:03.241,0.0778,0.0777,1.0,0.0775,20.0,21008.0,870.0
2021-01-05 09:44:04.230,0.0778,0.0777,1.0,0.0774,10.0,21008.0,870.0
2021-01-05 09:44:04.751,0.0778,0.0776,10.0,0.0774,10.0,21008.0,870.0
2021-01-05 09:44:05.260,0.0778,0.0776,10.0,0.0774,20.0,21008.0,870.0
2021-01-05 09:44:05.761,0.0778,0.0777,10.0,0.0774,22.0,21008.0,870.0
2021-01-05 09:44:06.261,0.0778,0.0777,10.0,0.0773,10.0,21008.0,870.0
2021-01-05 09:44:06.770,0.0778,0.0777,10.0,0.0773,36.0,21008.0,870.0
2021-01-05 09:44:07.281,0.0778,0.0777,20.0,0.0773,22.0,21008.0,870.0
2021-01-05 09:44:07.750,0.0778,0.0777,20.0,0.0773,22.0,21008.0,870.0
2021-01-05 09:44:08.760,0.0778,0.0777,20.0,0.0773,10.0,21008.0,870.0
2021-01-05 09:44:09.150,0.0778,0.0777,20.0,0.0773,10.0,21008.0,870.0
2021-01-05 09:44:09.780,0.0778,0.0777,20.0,0.0772,12.0,21008.0,870.0
2021-01-05 09:44:10.280,0.0778,0.0777,10.0,0.0772,12.0,21008.0,870.0
2021-01-05 09:44:10.781,0.0778,0.0777,10.0,0.0773,10.0,21008.0,870.0
2021-01-05 09:44:11.261,0.0778,0.0777,10.0,0.0773,10.0,21008.0,870.0
2021-01-05 09:44:11.770,0.0778,0.0777,10.0,0.0773,22.0,21008.0,870.0
2021-01-05 09:44:12.270,0.0773,0.0777,10.0,0.0773,12.0,21005.0,873.0
2021-01-05 09:44:12.781,0.0773,0.0777,10.0,0.0773,10.0,21005.0,873.0
2021-01-05 09:44:13.230,0.0773,0.0777,10.0,0.0773,10.0,21005.0,873.0
2021-01-05 09:44:14.260,0.0773,0.0777,10.0,0.0773,10.0,21005.0,873.0
2021-01-05 09:44:15.280,0.0773,0.0777,10.0,0.0773,22.0,21005.0,873.0
2021-01-05 09:44:16.281,0.0773,0.0777,10.0,0.0773,22.0,21005.0,873.0
2021-01-05 09:44:17.280,0.0773,0.0777,10.0,0.0774,10.0,21005.0,873.0
2021-01-05 09:44:17.770,0.0773,0.0777,10.0,0.0774,22.0,21005.0,873.0
2021-01-05 09:44:18.231,0.0773,0.0777,10.0,0.0775,10.0,21005.0,873.0
2021-01-05 09:44:18.780,0.0773,0.0777,10.0,0.0775,10.0,21005.0,873.0
2021-01-05 09:44:18.780,0.0773,0.0777,10.0,0.0773,20.0,21005.0,873.0
2021-01-05 09:44:19.261,0.0773,0.0777,10.0,0.0775,10.0,21005.0,873.0
2021-01-05 09:44:20.240,0.0773,0.0777,10.0,0.0775,22.0,21005.0,873.0
