,last,ask1,asize1,bid1,bsize1,oi,volume
2021-01-05 09:25:00.080,,0.5054,1.0,0.4535,1.0,6613.0,
2021-01-05 09:30:00.451,,0.5063,1.0,0.4521,1.0,6613.0,
2021-01-05 09:30:00.991,,0.4828,20.0,0.4375,1.0,6613.0,
2021-01-05 09:30:01.481,,0.4828,20.0,0.4375,1.0,6613.0,
2021-01-05 09:30:01.990,,0.4798,20.0,0.4697,20.0,6613.0,
2021-01-05 09:30:02.440,,0.4789,20.0,0.4688,20.0,6613.0,
2021-01-05 09:30:03.471,,0.4807,20.0,0.4705,20.0,6613.0,
2021-01-05 09:30:04.430,,0.4798,20.0,0.4697,20.0,6613.0,
2021-01-05 09:30:05.010,,0.4784,20.0,0.4682,20.0,6613.0,
2021-01-05 09:30:05.990,,0.4784,20.0,0.1944,3.0,6613.0,
2021-01-05 09:30:11.980,,0.4784,20.0,0.4555,1.0,6613.0,
2021-01-05 09:30:12.521,,0.4746,20.0,0.4645,20.0,6613.0,
2021-01-05 09:30:13.000,,0.4784,20.0,0.4645,20.0,6613.0,
2021-01-05 09:30:13.501,,0.4759,20.0,0.4658,20.0,6613.0,
2021-01-05 09:30:15.040,,0.4765,20.0,0.4664,20.0,6613.0,
2021-01-05 09:30:15.991,,0.4765,20.0,0.4664,20.0,6613.0,
2021-01-05 09:30:17.021,,0.4774,20.0,0.4673,20.0,6613.0,
2021-01-05 09:30:17.641,,0.4774,20.0,0.4673,20.0,6613.0,
2021-01-05 09:30:18.231,,0.4774,20.0,0.4685,20.0,6613.0,
2021-01-05 09:30:19.251,,0.479,20.0,0.4685,20.0,6613.0,
2021-01-05 09:30:19.751,,0.479,20.0,0.4693,20.0,6613.0,
2021-01-05 09:30:20.240,,0.479,20.0,0.4693,20.0,6613.0,
2021-01-05 09:30:20.740,,0.479,20.0,0.4685,20.0,6613.0,
2021-01-05 09:30:22.240,,0.4779,20.0,0.4677,20.0,6613.0,
2021-01-05 09:30:22.671,,0.4779,20.0,0.4677,20.0,6613.0,
2021-01-05 09:30:23.170,,0.4779,20.0,0.4677,20.0,6613.0,
2021-01-05 09:30:24.161,,0.477,20.0,0.4669,20.0,6613.0,
2021-01-05 09:30:24.661,,0.477,20.0,0.4669,20.0,6613.0,
2021-01-05 09:30:25.160,,0.477,20.0,0.4669,20.0,6613.0,
2021-01-05 09:30:25.671,,0.4762,20.0,0.4661,20.0,6613.0,
2021-01-05 09:30:30.171,,0.4762,20.0,0.4661,20.0,6613.0,
2021-01-05 09:30:30.620,,0.477,20.0,0.4669,20.0,6613.0,
2021-01-05 09:30:31.661,,0.4776,20.0,0.4669,20.0,6613.0,
2021-01-05 09:30:32.140,,0.4776,20.0,0.4675,20.0,6613.0,
2021-01-05 09:30:32.631,,0.4758,10.0,0.4681,20.0,6613.0,
2021-01-05 09:30:33.171,,0.4758,10.0,0.4681,20.0,6613.0,
2021-01-05 09:30:33.671,,0.4758,30.0,0.4681,20.0,6613.0,
2021-01-05 09:30:36.170,,0.4758,30.0,0.4675,20.0,6613.0,
2021-01-05 09:30:42.671,,0.4758,30.0,0.4682,20.0,6613.0,
2021-01-05 09:30:43.480,,0.4758,30.0,0.4682,20.0,6613.0,
2021-01-05 09:30:44.181,,0.4758,30.0,0.4689,20.0,6613.0,
2021-01-05 09:30:47.691,,0.4758,10.0,0.47,20.0,6613.0,
2021-01-05 09:30:48.711,,0.4758,10.0,0.47,30.0,6613.0,
2021-01-05 09:30:50.171,,0.4764,20.0,0.47,20.0,6613.0,
2021-01-05 09:30:51.181,,0.477,30.0,0.47,20.0,6613.0,
2021-01-05 09:30:52.221,,0.477,30.0,0.47,20.0,6613.0,
2021-01-05 09:30:53.120,,0.477,30.0,0.47,20.0,6613.0,
2021-01-05 09:30:55.081,,0.477,30.0,0.4709,20.0,6613.0,
2021-01-05 09:30:56.660,,0.477,30.0,0.4709,20.0,6613.0,
2021-01-05 09:30:58.140,,0.477,30.0,0.47,20.0,6613.0,
2021-01-05 09:30:59.640,,0.477,30.0,0.4694,30.0,6613.0,
2021-01-05 09:31:00.161,,0.477,30.0,0.4694,30.0,6613.0,
2021-01-05 09:31:00.660,,0.477,30.0,0.4702,20.0,6613.0,
2021-01-05 09:31:01.140,,0.477,30.0,0.4694,20.0,6613.0,
2021-01-05 09:31:02.170,,0.4756,40.0,0.4688,10.0,6613.0,
2021-01-05 09:31:02.681,,0.4756,20.0,0.4688,10.0,6613.0,
2021-01-05 09:31:03.131,,0.4756,20.0,0.4684,20.0,6613.0,
2021-01-05 09:31:03.680,,0.4756,40.0,0.4684,20.0,6613.0,
2021-01-05 09:31:06.681,,0.4756,20.0,0.4684,20.0,6613.0,
2021-01-05 09:31:08.650,,0.4756,20.0,0.4698,20.0,6613.0,
2021-01-05 09:31:09.101,,0.4756,10.0,0.4691,20.0,6613.0,
2021-01-05 09:31:09.701,,0.4756,10.0,0.4691,20.0,6613.0,
2021-01-05 09:31:11.701,,0.4756,30.0,0.4691,20.0,6613.0,
2021-01-05 09:31:12.711,,0.4756,40.0,0.4684,20.0,6613.0,
2021-01-05 09:31:13.170,,0.4756,40.0,0.4693,20.0,6613.0,
2021-01-05 09:31:13.710,,0.4756,40.0,0.4693,20.0,6613.0,
2021-01-05 09:31:14.200,,0.4756,40.0,0.4693,20.0,6613.0,
2021-01-05 09:31:15.110,,0.4756,40.0,0.4684,20.0,6613.0,
2021-01-05 09:31:17.201,,0.4756,40.0,0.469,20.0,6613.0,
2021-01-05 09:31:19.150,,0.4756,10.0,0.469,20.0,6613.0,
2021-01-05 09:31:19.721,,0.4759,20.0,0.469,20.0,6613.0,
2021-01-05 09:31:20.171,,0.4758,14.0,0.4691,14.0,6613.0,
2021-01-05 09:31:20.630,,0.4758,14.0,0.4703,20.0,6613.0,
2021-01-05 09:31:21.221,,0.4758,14.0,0.469,30.0,6613.0,
2021-01-05 09:31:21.671,,0.4758,14.0,0.4691,14.0,6613.0,
2021-01-05 09:31:23.171,,0.4728,10.0,0.4691,14.0,6613.0,
2021-01-05 09:31:23.640,,0.473,10.0,0.4691,14.0,6613.0,
2021-01-05 09:31:24.660,,0.4734,10.0,0.4691,14.0,6613.0,
2021-01-05 09:31:25.150,,0.4745,10.0,0.4691,14.0,6613.0,
2021-01-05 09:31:25.640,,0.4744,14.0,0.4691,14.0,6613.0,
2021-01-05 09:31:26.101,,0.4734,10.0,0.4691,14.0,6613.0,
2021-01-05 09:31:26.681,,0.4734,10.0,0.4691,14.0,6613.0,
2021-01-05 09:31:27.171,,0.4738,10.0,0.4691,14.0,6613.0,
2021-01-05 09:31:27.601,,0.4733,10.0,0.4691,14.0,6613.0,
2021-01-05 09:31:28.610,,0.473,10.0,0.4691,14.0,6613.0,
2021-01-05 09:31:29.171,,0.4735,10.0,0.4691,14.0,6613.0,
2021-01-05 09:31:30.170,,0.4733,10.0,0.4691,14.0,6613.0,
2021-01-05 09:31:30.671,,0.4738,10.0,0.4691,14.0,6613.0,
2021-01-05 09:31:31.150,,0.4733,10.0,0.4691,14.0,6613.0,
2021-01-05 09:31:31.661,,0.4735,10.0,0.4691,14.0,6613.0,
2021-01-05 09:31:32.191,,0.4732,10.0,0.469,20.0,6613.0,
2021-01-05 09:31:32.671,,0.4735,10.0,0.4684,30.0,6613.0,
2021-01-05 09:31:33.190,,0.4735,10.0,0.4685,14.0,6613.0,
2021-01-05 09:31:34.181,,0.4735,10.0,0.4685,14.0,6613.0,
2021-01-05 09:31:34.681,,0.4732,10.0,0.4685,14.0,6613.0,
2021-01-05 09:31:35.190,,0.4733,10.0,0.4685,14.0,6613.0,
2021-01-05 09:31:35.670,,0.4736,10.0,0.4685,14.0,6613.0,
2021-01-05 09:31:36.181,,0.4734,10.0,0.4685,14.0,6613.0,
2021-01-05 09:31:36.690,,0.473,10.0,0.4685,14.0,6613.0,
2021-01-05 09:31:37.191,,0.4736,10.0,0.4685,14.0,6613.0,
2021-01-05 09:31:38.190,,0.4742,10.0,0.4698,10.0,6613.0,
2021-01-05 09:31:39.210,,0.4744,10.0,0.4698,10.0,6613.0,
2021-01-05 09:31:39.710,,0.4742,10.0,0.4698,30.0,6613.0,
2021-01-05 09:31:40.200,,0.4747,10.0,0.4698,30.0,6613.0,
2021-01-05 09:31:40.711,,0.4749,10.0,0.4699,14.0,6613.0,
2021-01-05 09:31:41.191,,0.4752,10.0,0.4699,24.0,6613.0,
2021-01-05 09:31:41.691,,0.4755,10.0,0.4747,1.0,6613.0,
2021-01-05 09:31:42.211,0.4747,0.4747,9.0,0.4725,10.0,6614.0,1.0
2021-01-05 09:31:42.711,0.4747,0.4747,9.0,0.4725,30.0,6614.0,1.0
2021-01-05 09:31:43.191,0.4747,0.4744,10.0,0.4725,30.0,6614.0,1.0
2021-01-05 09:31:43.710,0.4747,0.4742,10.0,0.4725,20.0,6614.0,1.0
2021-01-05 09:31:44.691,0.4747,0.4737,10.0,0.4719,20.0,6614.0,1.0
2021-01-05 09:31:45.170,0.4747,0.4748,10.0,0.4719,30.0,6614.0,1.0
2021-01-05 09:31:45.700,0.4747,0.4743,10.0,0.4719,30.0,6614.0,1.0
2021-01-05 09:31:46.171,0.4747,0.4752,10.0,0.4719,30.0,6614.0,1.0
2021-01-05 09:31:47.191,0.4747,0.4749,10.0,0.4719,30.0,6614.0,1.0
2021-01-05 09:31:47.711,0.4747,0.4755,10.0,0.4719,30.0,6614.0,1.0
2021-01-05 09:31:48.211,0.4747,0.4754,14.0,0.4719,30.0,6614.0,1.0
2021-01-05 09:31:49.711,0.4747,0.4762,10.0,0.4719,30.0,6614.0,1.0
2021-01-05 09:31:50.191,0.4747,0.4761,14.0,0.4719,30.0,6614.0,1.0
2021-01-05 09:31:50.710,0.4747,0.4765,10.0,0.4732,10.0,6614.0,1.0
2021-01-05 09:31:51.210,0.4747,0.4764,24.0,0.4732,30.0,6614.0,1.0
2021-01-05 09:31:52.220,0.4747,0.4764,10.0,0.4732,30.0,6614.0,1.0
2021-01-05 09:31:52.621,0.4747,0.4774,20.0,0.4732,30.0,6614.0,1.0
2021-01-05 09:31:53.171,0.4747,0.4773,14.0,0.4732,30.0,6614.0,1.0
2021-01-05 09:31:53.630,0.4747,0.4773,14.0,0.4744,10.0,6614.0,1.0
2021-01-05 09:31:54.151,0.4747,0.4776,10.0,0.4744,30.0,6614.0,1.0
2021-01-05 09:31:54.520,0.4747,0.4775,14.0,0.4744,30.0,6614.0,1.0
2021-01-05 09:31:55.150,0.4747,0.478,20.0,0.4744,30.0,6614.0,1.0
2021-01-05 09:31:55.670,0.4747,0.4779,14.0,0.4744,30.0,6614.0,1.0
2021-01-05 09:31:56.110,0.4747,0.478,20.0,0.4744,30.0,6614.0,1.0
2021-01-05 09:31:56.681,0.4747,0.4784,10.0,0.4744,30.0,6614.0,1.0
2021-01-05 09:31:57.171,0.4747,0.4783,14.0,0.4744,30.0,6614.0,1.0
2021-01-05 09:31:58.171,0.4747,0.4782,10.0,0.4744,30.0,6614.0,1.0
2021-01-05 09:31:59.180,0.4747,0.4782,14.0,0.4744,30.0,6614.0,1.0
2021-01-05 09:31:59.660,0.4747,0.4784,10.0,0.4744,30.0,6614.0,1.0
2021-01-05 09:32:00.150,0.4747,0.4782,10.0,0.4744,30.0,6614.0,1.0
2021-01-05 09:32:00.650,0.4747,0.4786,20.0,0.4744,30.0,6614.0,1.0
2021-01-05 09:32:01.170,0.4747,0.4785,14.0,0.4744,30.0,6614.0,1.0
2021-01-05 09:32:01.670,0.4747,0.4785,14.0,0.4744,30.0,6614.0,1.0
2021-01-05 09:32:02.171,0.4747,0.4782,10.0,0.4744,30.0,6614.0,1.0
2021-01-05 09:32:02.671,0.4747,0.4778,10.0,0.4744,30.0,6614.0,1.0
2021-01-05 09:32:03.180,0.4747,0.4777,14.0,0.4744,30.0,6614.0,1.0
2021-01-05 09:32:04.150,0.4747,0.4776,10.0,0.4737,10.0,6614.0,1.0
2021-01-05 09:32:04.661,0.4747,0.4778,20.0,0.4735,10.0,6614.0,1.0
2021-01-05 09:32:05.141,0.4747,0.4777,14.0,0.4735,10.0,6614.0,1.0
2021-01-05 09:32:05.660,0.4747,0.4777,34.0,0.4735,10.0,6614.0,1.0
2021-01-05 09:32:06.161,0.4747,0.4777,20.0,0.4736,2.0,6614.0,1.0
2021-01-05 09:32:06.680,0.4747,0.4786,20.0,0.4735,10.0,6614.0,1.0
2021-01-05 09:32:07.070,0.4747,0.4784,10.0,0.4735,10.0,6614.0,1.0
2021-01-05 09:32:07.570,0.4747,0.4784,10.0,0.4735,10.0,6614.0,1.0
2021-01-05 09:32:08.171,0.4747,0.4783,14.0,0.4735,10.0,6614.0,1.0
2021-01-05 09:32:08.670,0.4747,0.4783,14.0,0.4735,12.0,6614.0,1.0
2021-01-05 09:32:09.141,0.4747,0.4786,20.0,0.4744,10.0,6614.0,1.0
2021-01-05 09:32:09.681,0.4747,0.4785,14.0,0.4744,10.0,6614.0,1.0
2021-01-05 09:32:10.140,0.4747,0.4785,14.0,0.4744,30.0,6614.0,1.0
2021-01-05 09:32:10.630,0.4747,0.4785,14.0,0.4744,30.0,6614.0,1.0
2021-01-05 09:32:11.170,0.4747,0.4785,14.0,0.4744,30.0,6614.0,1.0
2021-01-05 09:32:11.650,0.4747,0.4785,14.0,0.4744,30.0,6614.0,1.0
2021-01-05 09:32:12.161,0.4747,0.4785,24.0,0.4744,20.0,6614.0,1.0
2021-01-05 09:32:12.670,0.4747,0.4783,10.0,0.474,10.0,6614.0,1.0
2021-01-05 09:32:13.171,0.4747,0.4783,10.0,0.474,10.0,6614.0,1.0
2021-01-05 09:32:13.671,0.4747,0.4782,14.0,0.474,10.0,6614.0,1.0
2021-01-05 09:32:14.180,0.4747,0.4782,24.0,0.474,10.0,6614.0,1.0
2021-01-05 09:32:14.660,0.4747,0.4782,24.0,0.4738,10.0,6614.0,1.0
2021-01-05 09:32:15.171,0.4747,0.4782,24.0,0.4738,30.0,6614.0,1.0
2021-01-05 09:32:15.671,0.4747,0.4782,10.0,0.4738,30.0,6614.0,1.0
2021-01-05 09:32:16.151,0.4747,0.4782,24.0,0.4738,30.0,6614.0,1.0
2021-01-05 09:32:16.551,0.4747,0.4782,10.0,0.4738,30.0,6614.0,1.0
2021-01-05 09:32:17.161,0.4747,0.4781,14.0,0.4738,30.0,6614.0,1.0
2021-01-05 09:32:17.651,0.4747,0.4782,10.0,0.4738,30.0,6614.0,1.0
2021-01-05 09:32:18.670,0.4747,0.4786,20.0,0.4738,30.0,6614.0,1.0
2021-01-05 09:32:19.150,0.4747,0.4786,14.0,0.4739,14.0,6614.0,1.0
2021-01-05 09:32:19.640,0.4747,0.4786,34.0,0.4752,10.0,6614.0,1.0
2021-01-05 09:32:20.151,0.4747,0.4786,34.0,0.4752,30.0,6614.0,1.0
2021-01-05 09:32:20.600,0.4747,0.4786,20.0,0.4752,30.0,6614.0,1.0
2021-01-05 09:32:21.130,0.4747,0.4785,14.0,0.4752,30.0,6614.0,1.0
2021-01-05 09:32:21.680,0.4747,0.4784,10.0,0.4745,20.0,6614.0,1.0
2021-01-05 09:32:22.181,0.4747,0.4785,20.0,0.4739,10.0,6614.0,1.0
2021-01-05 09:32:22.650,0.4747,0.4784,14.0,0.4739,10.0,6614.0,1.0
2021-01-05 09:32:23.180,0.4747,0.4784,14.0,0.4739,10.0,6614.0,1.0
2021-01-05 09:32:24.091,0.4747,0.4784,14.0,0.4739,10.0,6614.0,1.0
2021-01-05 09:32:24.640,0.4747,0.4784,14.0,0.4739,10.0,6614.0,1.0
2021-01-05 09:32:25.170,0.4747,0.4785,20.0,0.4739,10.0,6614.0,1.0
2021-01-05 09:32:25.670,0.4747,0.4791,10.0,0.474,14.0,6614.0,1.0
2021-01-05 09:32:26.171,0.4747,0.479,14.0,0.475,10.0,6614.0,1.0
2021-01-05 09:32:26.650,0.4747,0.479,14.0,0.475,10.0,6614.0,1.0
2021-01-05 09:32:27.641,0.4747,0.4792,20.0,0.475,10.0,6614.0,1.0
2021-01-05 09:32:28.171,0.4747,0.4798,30.0,0.475,10.0,6614.0,1.0
2021-01-05 09:32:28.630,0.4747,0.4797,14.0,0.475,10.0,6614.0,1.0
2021-01-05 09:32:29.650,0.4747,0.4797,14.0,0.475,10.0,6614.0,1.0
2021-01-05 09:32:30.171,0.4747,0.4797,14.0,0.475,10.0,6614.0,1.0
2021-01-05 09:32:31.691,0.4747,0.4797,14.0,0.475,10.0,6614.0,1.0
2021-01-05 09:32:32.121,0.4747,0.4789,10.0,0.4746,10.0,6614.0,1.0
2021-01-05 09:32:32.690,0.4747,0.4789,30.0,0.4747,14.0,6614.0,1.0
2021-01-05 09:32:33.141,0.4747,0.4789,30.0,0.4747,14.0,6614.0,1.0
2021-01-05 09:32:33.531,0.4747,0.4789,30.0,0.4747,14.0,6614.0,1.0
2021-01-05 09:32:34.171,0.4747,0.4789,30.0,0.4746,10.0,6614.0,1.0
2021-01-05 09:32:34.691,0.4747,0.4789,30.0,0.4746,10.0,6614.0,1.0
2021-01-05 09:32:35.170,0.4747,0.4789,30.0,0.4745,30.0,6614.0,1.0
2021-01-05 09:32:35.671,0.4747,0.4788,14.0,0.4745,30.0,6614.0,1.0
2021-01-05 09:32:36.190,0.4747,0.4789,30.0,0.4745,30.0,6614.0,1.0
2021-01-05 09:32:38.190,0.4747,0.4789,30.0,0.4745,30.0,6614.0,1.0
2021-01-05 09:32:39.200,0.4747,0.4788,14.0,0.4745,30.0,6614.0,1.0
2021-01-05 09:32:39.630,0.4747,0.4789,30.0,0.4745,30.0,6614.0,1.0
2021-01-05 09:32:40.151,0.4747,0.4789,44.0,0.4745,30.0,6614.0,1.0
2021-01-05 09:32:41.200,0.4747,0.4789,30.0,0.4745,30.0,6614.0,1.0
2021-01-05 09:32:41.640,0.4747,0.4789,20.0,0.4754,10.0,6614.0,1.0
2021-01-05 09:32:42.161,0.4747,0.4789,20.0,0.4754,10.0,6614.0,1.0
2021-01-05 09:32:42.700,0.4747,0.4789,20.0,0.4754,30.0,6614.0,1.0
2021-01-05 09:32:43.190,0.4747,0.4789,20.0,0.4754,30.0,6614.0,1.0
2021-01-05 09:32:43.580,0.4747,0.4789,20.0,0.4754,30.0,6614.0,1.0
2021-01-05 09:32:44.151,0.4747,0.4789,20.0,0.4754,30.0,6614.0,1.0
2021-01-05 09:32:45.190,0.4747,0.4787,14.0,0.4745,20.0,6614.0,1.0
2021-01-05 09:32:45.580,0.4747,0.4788,10.0,0.4745,20.0,6614.0,1.0
2021-01-05 09:32:46.160,0.4747,0.4788,10.0,0.4745,20.0,6614.0,1.0
2021-01-05 09:32:46.610,0.4747,0.4788,10.0,0.4745,20.0,6614.0,1.0
2021-01-05 09:32:47.701,0.4747,0.4789,20.0,0.4754,10.0,6614.0,1.0
2021-01-05 09:32:48.181,0.4747,0.4789,20.0,0.4754,10.0,6614.0,1.0
2021-01-05 09:32:48.690,0.4747,0.4789,20.0,0.4754,30.0,6614.0,1.0
2021-01-05 09:32:49.030,0.4747,0.4789,20.0,0.4754,30.0,6614.0,1.0
2021-01-05 09:32:49.670,0.4747,0.48,10.0,0.4761,10.0,6614.0,1.0
2021-01-05 09:32:50.171,0.4747,0.481,10.0,0.4762,14.0,6614.0,1.0
2021-01-05 09:32:50.650,0.4747,0.4809,10.0,0.4762,24.0,6614.0,1.0
2021-01-05 09:32:51.170,0.4747,0.481,10.0,0.4762,14.0,6614.0,1.0
2021-01-05 09:32:51.701,0.4747,0.4814,10.0,0.4775,10.0,6614.0,1.0
2021-01-05 09:32:52.191,0.4747,0.4814,10.0,0.4775,10.0,6614.0,1.0
2021-01-05 09:32:52.671,0.4747,0.4813,10.0,0.4775,10.0,6614.0,1.0
2021-01-05 09:32:53.161,0.4747,0.481,10.0,0.4775,10.0,6614.0,1.0
2021-01-05 09:32:53.641,0.4747,0.481,10.0,0.4768,10.0,6614.0,1.0
2021-01-05 09:32:54.181,0.4747,0.4806,10.0,0.4768,10.0,6614.0,1.0
2021-01-05 09:32:54.671,0.4747,0.4805,10.0,0.4768,10.0,6614.0,1.0
2021-01-05 09:32:55.170,0.4747,0.4804,14.0,0.4768,10.0,6614.0,1.0
2021-01-05 09:32:55.670,0.4747,0.4804,14.0,0.4768,10.0,6614.0,1.0
2021-01-05 09:32:56.150,0.4747,0.4811,30.0,0.4768,10.0,6614.0,1.0
2021-01-05 09:32:56.611,0.4747,0.4811,30.0,0.4777,10.0,6614.0,1.0
2021-01-05 09:32:57.181,0.4747,0.4811,10.0,0.4777,10.0,6614.0,1.0
2021-01-05 09:32:57.600,0.4747,0.4811,10.0,0.4777,10.0,6614.0,1.0
2021-01-05 09:32:57.600,0.4747,0.481,14.0,0.4777,10.0,6614.0,1.0
2021-01-05 09:32:58.651,0.4747,0.4811,10.0,0.4777,10.0,6614.0,1.0
2021-01-05 09:32:59.170,0.4747,0.4811,10.0,0.4777,10.0,6614.0,1.0
2021-01-05 09:32:59.621,0.4747,0.4811,10.0,0.48,1.0,6614.0,1.0
2021-01-05 09:33:00.111,0.48,0.4812,10.0,0.478,10.0,6614.0,2.0
2021-01-05 09:33:00.651,0.48,0.4814,10.0,0.4777,10.0,6614.0,2.0
2021-01-05 09:33:01.141,0.48,0.4813,14.0,0.4777,10.0,6614.0,2.0
2021-01-05 09:33:01.661,0.48,0.4813,24.0,0.477,10.0,6614.0,2.0
2021-01-05 09:33:02.130,0.48,0.4813,34.0,0.4768,20.0,6614.0,2.0
2021-01-05 09:33:02.570,0.48,0.4811,10.0,0.4765,10.0,6614.0,2.0
2021-01-05 09:33:03.171,0.48,0.4799,10.0,0.4761,10.0,6614.0,2.0
2021-01-05 09:33:03.681,0.48,0.4798,14.0,0.4761,10.0,6614.0,2.0
2021-01-05 09:33:04.140,0.48,0.4798,14.0,0.4761,10.0,6614.0,2.0
2021-01-05 09:33:04.651,0.48,0.4798,14.0,0.4758,10.0,6614.0,2.0
2021-01-05 09:33:05.181,0.48,0.4798,14.0,0.475,20.0,6614.0,2.0
2021-01-05 09:33:05.690,0.48,0.4796,10.0,0.4743,20.0,6614.0,2.0
2021-01-05 09:33:06.170,0.48,0.4793,10.0,0.4738,10.0,6614.0,2.0
2021-01-05 09:33:06.651,0.48,0.4792,14.0,0.4738,10.0,6614.0,2.0
2021-01-05 09:33:07.171,0.48,0.479,10.0,0.4738,10.0,6614.0,2.0
2021-01-05 09:33:07.601,0.48,0.4793,20.0,0.4738,24.0,6614.0,2.0
2021-01-05 09:33:08.191,0.48,0.4792,14.0,0.4738,10.0,6614.0,2.0
2021-01-05 09:33:08.681,0.48,0.4792,14.0,0.4739,14.0,6614.0,2.0
2021-01-05 09:33:09.181,0.48,0.4791,10.0,0.4747,10.0,6614.0,2.0
2021-01-05 09:33:09.630,0.48,0.4791,10.0,0.4747,10.0,6614.0,2.0
2021-01-05 09:33:10.180,0.48,0.4791,10.0,0.4747,10.0,6614.0,2.0
2021-01-05 09:33:10.681,0.48,0.479,14.0,0.4747,10.0,6614.0,2.0
2021-01-05 09:33:11.670,0.48,0.479,14.0,0.4747,10.0,6614.0,2.0
2021-01-05 09:33:12.181,0.48,0.479,14.0,0.4747,10.0,6614.0,2.0
2021-01-05 09:33:12.650,0.48,0.4791,10.0,0.4747,30.0,6614.0,2.0
2021-01-05 09:33:12.990,0.48,0.4791,10.0,0.4748,14.0,6614.0,2.0
2021-01-05 09:33:13.691,0.48,0.4791,10.0,0.4748,20.0,6614.0,2.0
2021-01-05 09:33:14.070,0.48,0.4781,10.0,0.4748,20.0,6614.0,2.0
2021-01-05 09:33:14.650,0.48,0.4781,10.0,0.4748,20.0,6614.0,2.0
2021-01-05 09:33:15.140,0.48,0.4781,30.0,0.4748,20.0,6614.0,2.0
2021-01-05 09:33:15.651,0.48,0.4781,30.0,0.4746,10.0,6614.0,2.0
2021-01-05 09:33:16.181,0.48,0.4781,30.0,0.4746,10.0,6614.0,2.0
2021-01-05 09:33:16.671,0.48,0.4772,10.0,0.4742,10.0,6614.0,2.0
2021-01-05 09:33:17.190,0.48,0.4772,10.0,0.4742,10.0,6614.0,2.0
2021-01-05 09:33:17.691,0.48,0.4772,30.0,0.4741,10.0,6614.0,2.0
2021-01-05 09:33:18.160,0.48,0.4766,10.0,0.4731,20.0,6614.0,2.0
2021-01-05 09:33:18.680,0.48,0.4766,10.0,0.4731,20.0,6614.0,2.0
2021-01-05 09:33:19.191,0.48,0.4766,30.0,0.4731,20.0,6614.0,2.0
2021-01-05 09:33:19.591,0.48,0.4766,10.0,0.473,10.0,6614.0,2.0
2021-01-05 09:33:20.171,0.48,0.4766,30.0,0.4731,14.0,6614.0,2.0
2021-01-05 09:33:20.680,0.48,0.4766,30.0,0.4731,14.0,6614.0,2.0
2021-01-05 09:33:21.160,0.48,0.4766,44.0,0.473,10.0,6614.0,2.0
2021-01-05 09:33:21.681,0.48,0.4766,30.0,0.473,10.0,6614.0,2.0
2021-01-05 09:33:22.150,0.48,0.4765,14.0,0.473,10.0,6614.0,2.0
2021-01-05 09:33:22.670,0.48,0.4765,14.0,0.473,10.0,6614.0,2.0
2021-01-05 09:33:23.151,0.48,0.4757,10.0,0.4729,10.0,6614.0,2.0
2021-01-05 09:33:23.660,0.48,0.4757,10.0,0.4729,10.0,6614.0,2.0
2021-01-05 09:33:24.171,0.48,0.4757,30.0,0.4725,20.0,6614.0,2.0
2021-01-05 09:33:24.651,0.48,0.4764,10.0,0.4728,10.0,6614.0,2.0
2021-01-05 09:33:25.151,0.48,0.4764,24.0,0.4728,10.0,6614.0,2.0
2021-01-05 09:33:25.541,0.48,0.4764,10.0,0.4728,10.0,6614.0,2.0
2021-01-05 09:33:26.161,0.48,0.4766,20.0,0.4736,10.0,6614.0,2.0
2021-01-05 09:33:26.651,0.48,0.4765,14.0,0.4736,10.0,6614.0,2.0
2021-01-05 09:33:27.171,0.48,0.4765,14.0,0.4736,10.0,6614.0,2.0
2021-01-05 09:33:27.681,0.48,0.4765,14.0,0.4736,10.0,6614.0,2.0
2021-01-05 09:33:28.180,0.48,0.4765,14.0,0.4736,10.0,6614.0,2.0
2021-01-05 09:33:28.670,0.48,0.4765,14.0,0.4736,10.0,6614.0,2.0
2021-01-05 09:33:29.171,0.48,0.4765,14.0,0.4736,10.0,6614.0,2.0
2021-01-05 09:33:29.681,0.4736,0.4765,14.0,0.4736,1.0,6614.0,11.0
2021-01-05 09:33:31.680,0.4736,0.4765,14.0,0.4736,1.0,6614.0,11.0
2021-01-05 09:33:32.170,0.4736,0.4765,14.0,0.4736,1.0,6614.0,11.0
2021-01-05 09:33:32.620,0.4736,0.4765,14.0,0.4736,1.0,6614.0,11.0
2021-01-05 09:33:35.690,0.4736,0.4765,24.0,0.4736,1.0,6614.0,11.0
2021-01-05 09:33:36.101,0.4736,0.4765,14.0,0.4736,1.0,6614.0,11.0
2021-01-05 09:33:36.681,0.4736,0.4765,14.0,0.4736,1.0,6614.0,11.0
2021-01-05 09:33:37.190,0.4736,0.4763,10.0,0.4727,10.0,6614.0,11.0
2021-01-05 09:33:37.640,0.4736,0.4736,1.0,0.4728,14.0,6614.0,11.0
2021-01-05 09:33:38.120,0.4736,0.4756,10.0,0.4727,10.0,6615.0,12.0
2021-01-05 09:33:38.621,0.4736,0.4755,14.0,0.4727,24.0,6615.0,12.0
2021-01-05 09:33:39.201,0.4736,0.4755,14.0,0.4727,30.0,6615.0,12.0
2021-01-05 09:33:39.641,0.4736,0.4755,14.0,0.4728,14.0,6615.0,12.0
2021-01-05 09:33:39.820,0.4736,0.4755,14.0,0.4728,14.0,6615.0,12.0
2021-01-05 09:33:40.690,0.4736,0.4755,14.0,0.4728,14.0,6615.0,12.0
2021-01-05 09:33:41.161,0.4736,0.4755,14.0,0.4728,14.0,6615.0,12.0
2021-01-05 09:33:42.160,0.4736,0.476,10.0,0.4728,14.0,6615.0,12.0
2021-01-05 09:33:42.640,0.4736,0.4759,14.0,0.4728,14.0,6615.0,12.0
2021-01-05 09:33:43.180,0.4736,0.4766,20.0,0.4735,10.0,6615.0,12.0
2021-01-05 09:33:43.180,0.4736,0.4765,14.0,0.4735,30.0,6615.0,12.0
2021-01-05 09:33:44.110,0.4736,0.4765,14.0,0.4755,1.0,6615.0,12.0
2021-01-05 09:33:44.671,0.4755,0.4755,1.0,0.4735,30.0,6615.0,13.0
2021-01-05 09:33:45.180,0.4755,0.4755,1.0,0.4735,30.0,6615.0,13.0
2021-01-05 09:33:45.660,0.4755,0.4755,1.0,0.4735,30.0,6615.0,13.0
2021-01-05 09:33:46.161,0.4755,0.4755,1.0,0.4735,30.0,6615.0,13.0
2021-01-05 09:33:46.680,0.4755,0.4755,1.0,0.4736,14.0,6615.0,13.0
2021-01-05 09:33:47.191,0.4755,0.4769,10.0,0.4736,14.0,6615.0,13.0
2021-01-05 09:33:47.681,0.4755,0.4768,14.0,0.4736,14.0,6615.0,13.0
2021-01-05 09:33:48.680,0.4755,0.4768,14.0,0.4736,14.0,6615.0,13.0
2021-01-05 09:33:49.051,0.4755,0.4768,14.0,0.474,10.0,6615.0,13.0
2021-01-05 09:33:49.681,0.4755,0.4768,14.0,0.474,10.0,6615.0,13.0
2021-01-05 09:33:50.130,0.4755,0.4768,14.0,0.4741,14.0,6615.0,13.0
2021-01-05 09:33:50.670,0.4755,0.4768,14.0,0.4741,34.0,6615.0,13.0
2021-01-05 09:33:51.141,0.4755,0.4768,14.0,0.4741,34.0,6615.0,13.0
2021-01-05 09:33:51.581,0.4755,0.4768,14.0,0.4741,20.0,6615.0,13.0
2021-01-05 09:33:52.190,0.4755,0.4768,14.0,0.4741,20.0,6615.0,13.0
2021-01-05 09:33:52.661,0.4755,0.4768,14.0,0.4736,10.0,6615.0,13.0
2021-01-05 09:33:53.171,0.4755,0.4768,14.0,0.4737,14.0,6615.0,13.0
2021-01-05 09:33:53.650,0.4755,0.4768,34.0,0.4736,10.0,6615.0,13.0
2021-01-05 09:33:54.180,0.4755,0.4768,14.0,0.4736,10.0,6615.0,13.0
2021-01-05 09:33:54.610,0.4755,0.4768,34.0,0.4736,10.0,6615.0,13.0
2021-01-05 09:33:55.181,0.4755,0.4768,34.0,0.4747,10.0,6615.0,13.0
2021-01-05 09:33:55.650,0.4755,0.4768,34.0,0.4747,10.0,6615.0,13.0
2021-01-05 09:33:57.171,0.4755,0.4768,14.0,0.4743,20.0,6615.0,13.0
2021-01-05 09:33:57.671,0.4755,0.4768,14.0,0.4743,20.0,6615.0,13.0
2021-01-05 09:33:58.170,0.4755,0.4768,14.0,0.4736,10.0,6615.0,13.0
2021-01-05 09:33:58.670,0.4755,0.4773,10.0,0.4737,14.0,6615.0,13.0
2021-01-05 09:33:59.140,0.4755,0.4772,14.0,0.4737,14.0,6615.0,13.0
2021-01-05 09:33:59.590,0.4755,0.4782,10.0,0.4737,14.0,6615.0,13.0
2021-01-05 09:34:00.191,0.4755,0.4781,14.0,0.4737,14.0,6615.0,13.0
2021-01-05 09:34:00.671,0.4755,0.4781,14.0,0.4748,10.0,6615.0,13.0
2021-01-05 09:34:01.081,0.4755,0.4781,14.0,0.4748,30.0,6615.0,13.0
2021-01-05 09:34:01.661,0.4755,0.4781,14.0,0.4749,14.0,6615.0,13.0
2021-01-05 09:34:02.170,0.4755,0.4781,14.0,0.4748,30.0,6615.0,13.0
2021-01-05 09:34:02.671,0.4755,0.4781,14.0,0.4748,30.0,6615.0,13.0
2021-01-05 09:34:03.171,0.4755,0.4781,14.0,0.4748,30.0,6615.0,13.0
2021-01-05 09:34:03.670,0.4755,0.4781,14.0,0.4748,30.0,6615.0,13.0
2021-01-05 09:34:05.121,0.4755,0.4781,14.0,0.4748,30.0,6615.0,13.0
2021-01-05 09:34:05.630,0.4755,0.4781,14.0,0.4749,14.0,6615.0,13.0
2021-01-05 09:34:06.671,0.4755,0.4781,14.0,0.4767,10.0,6615.0,13.0
2021-01-05 09:34:07.130,0.4755,0.4781,14.0,0.4767,10.0,6615.0,13.0
2021-01-05 09:34:07.311,0.4755,0.4789,16.0,0.4767,10.0,6615.0,13.0
2021-01-05 09:34:08.171,0.4755,0.4792,20.0,0.4775,10.0,6615.0,13.0
2021-01-05 09:34:08.630,0.4755,0.4791,14.0,0.4775,30.0,6615.0,13.0
2021-01-05 09:34:09.170,0.4755,0.4791,14.0,0.4775,20.0,6615.0,13.0
2021-01-05 09:34:09.670,0.4755,0.4791,14.0,0.4766,10.0,6615.0,13.0
2021-01-05 09:34:10.140,0.4755,0.4791,14.0,0.4766,10.0,6615.0,13.0
2021-01-05 09:34:10.690,0.4755,0.4791,34.0,0.4765,20.0,6615.0,13.0
2021-01-05 09:34:11.151,0.4755,0.4791,34.0,0.4758,30.0,6615.0,13.0
2021-01-05 09:34:11.681,0.4755,0.4789,10.0,0.4758,30.0,6615.0,13.0
2021-01-05 09:34:12.121,0.4755,0.4789,10.0,0.4758,20.0,6615.0,13.0
2021-01-05 09:34:12.640,0.4755,0.4788,14.0,0.476,10.0,6615.0,13.0
2021-01-05 09:34:13.191,0.4755,0.4788,14.0,0.476,30.0,6615.0,13.0
2021-01-05 09:34:13.500,0.4755,0.4788,14.0,0.476,10.0,6615.0,13.0
2021-01-05 09:34:14.181,0.4755,0.4785,10.0,0.4752,30.0,6615.0,13.0
2021-01-05 09:34:14.691,0.4755,0.4785,30.0,0.4752,20.0,6615.0,13.0
2021-01-05 09:34:15.181,0.4755,0.4773,10.0,0.4743,30.0,6615.0,13.0
2021-01-05 09:34:15.681,0.4755,0.4773,10.0,0.4744,14.0,6615.0,13.0
2021-01-05 09:34:16.190,0.4755,0.4772,14.0,0.4746,10.0,6615.0,13.0
2021-01-05 09:34:16.630,0.4755,0.4774,20.0,0.4754,10.0,6615.0,13.0
2021-01-05 09:34:17.181,0.4755,0.4781,10.0,0.4754,30.0,6615.0,13.0
2021-01-05 09:34:17.690,0.4755,0.4785,20.0,0.4755,14.0,6615.0,13.0
2021-01-05 09:34:18.201,0.4755,0.4785,20.0,0.4762,10.0,6615.0,13.0
2021-01-05 09:34:18.620,0.4755,0.4785,20.0,0.4762,30.0,6615.0,13.0
2021-01-05 09:34:19.041,0.4755,0.4785,20.0,0.4762,30.0,6615.0,13.0
2021-01-05 09:34:19.700,0.4755,0.4785,20.0,0.4762,20.0,6615.0,13.0
2021-01-05 09:34:19.961,0.4755,0.4785,20.0,0.4761,10.0,6615.0,13.0
2021-01-05 09:34:20.651,0.4755,0.4787,1.0,0.4761,30.0,6615.0,13.0
2021-01-05 09:34:21.200,0.4755,0.4787,1.0,0.4762,14.0,6615.0,13.0
2021-01-05 09:34:21.690,0.4755,0.4791,20.0,0.4762,14.0,6615.0,13.0
2021-01-05 09:34:22.151,0.4755,0.479,14.0,0.4762,14.0,6615.0,13.0
2021-01-05 09:34:24.600,0.4755,0.479,14.0,0.4761,20.0,6615.0,13.0
2021-01-05 09:34:25.150,0.4755,0.479,14.0,0.4761,20.0,6615.0,13.0
2021-01-05 09:34:25.671,0.4755,0.479,14.0,0.4761,34.0,6615.0,13.0
2021-01-05 09:34:26.170,0.4755,0.479,14.0,0.4761,20.0,6615.0,13.0
2021-01-05 09:34:29.601,0.4755,0.479,14.0,0.4761,20.0,6615.0,13.0
2021-01-05 09:34:30.170,0.4755,0.479,14.0,0.4761,20.0,6615.0,13.0
2021-01-05 09:34:30.671,0.4755,0.479,24.0,0.4762,10.0,6615.0,13.0
2021-01-05 09:34:31.190,0.4755,0.479,24.0,0.4762,10.0,6615.0,13.0
2021-01-05 09:34:33.691,0.4755,0.479,10.0,0.4773,10.0,6615.0,13.0
2021-01-05 09:34:34.171,0.4755,0.4795,10.0,0.4773,10.0,6615.0,13.0
2021-01-05 09:34:34.540,0.4755,0.4794,14.0,0.4773,10.0,6615.0,13.0
2021-01-05 09:34:35.130,0.4755,0.4794,14.0,0.4773,10.0,6615.0,13.0
2021-01-05 09:34:35.670,0.4755,0.4799,20.0,0.4794,5.0,6615.0,13.0
2021-01-05 09:34:36.171,0.4794,0.4798,14.0,0.4794,3.0,6617.0,15.0
2021-01-05 09:34:36.680,0.4794,0.4798,14.0,0.4794,3.0,6617.0,15.0
2021-01-05 09:34:37.161,0.4794,0.4799,20.0,0.4794,3.0,6617.0,15.0
2021-01-05 09:34:37.700,0.4794,0.4808,30.0,0.4794,3.0,6617.0,15.0
2021-01-05 09:34:38.171,0.4794,0.4807,14.0,0.4794,3.0,6617.0,15.0
2021-01-05 09:34:38.690,0.4794,0.4807,14.0,0.4794,3.0,6617.0,15.0
2021-01-05 09:34:39.091,0.4794,0.4807,14.0,0.4794,3.0,6617.0,15.0
2021-01-05 09:34:40.171,0.4794,0.4807,14.0,0.4794,3.0,6617.0,15.0
2021-01-05 09:34:40.651,0.4794,0.4807,14.0,0.4794,3.0,6617.0,15.0
2021-01-05 09:34:41.201,0.4794,0.4808,20.0,0.4794,3.0,6617.0,15.0
2021-01-05 09:34:41.700,0.4794,0.4814,20.0,0.4794,3.0,6617.0,15.0
2021-01-05 09:34:42.171,0.4794,0.4813,14.0,0.4794,3.0,6617.0,15.0
2021-01-05 09:34:42.680,0.4794,0.4813,14.0,0.4794,3.0,6617.0,15.0
2021-01-05 09:34:45.200,0.4794,0.4813,14.0,0.4794,3.0,6617.0,15.0
2021-01-05 09:34:46.140,0.4794,0.4813,14.0,0.4794,3.0,6617.0,15.0
2021-01-05 09:34:46.660,0.4813,0.4813,12.0,0.4794,3.0,6619.0,17.0
2021-01-05 09:34:47.701,0.4813,0.4814,20.0,0.4794,3.0,6619.0,17.0
2021-01-05 09:34:48.141,0.4813,0.4814,14.0,0.4794,3.0,6619.0,17.0
2021-01-05 09:34:48.700,0.4813,0.4815,20.0,0.4794,3.0,6619.0,17.0
2021-01-05 09:34:49.210,0.4813,0.4824,30.0,0.4794,3.0,6619.0,17.0
2021-01-05 09:34:49.701,0.4813,0.4823,14.0,0.4794,3.0,6619.0,17.0
2021-01-05 09:34:50.161,0.4813,0.4823,14.0,0.4794,3.0,6619.0,17.0
2021-01-05 09:34:50.700,0.4813,0.4823,15.0,0.4794,3.0,6619.0,17.0
2021-01-05 09:34:51.200,0.4813,0.4823,15.0,0.4794,3.0,6619.0,17.0
2021-01-05 09:34:51.651,0.4813,0.4823,15.0,0.4794,3.0,6619.0,17.0
2021-01-05 09:34:52.220,0.4813,0.4823,15.0,0.4794,3.0,6619.0,17.0
2021-01-05 09:34:52.650,0.4823,0.4823,13.0,0.4794,3.0,6621.0,19.0
2021-01-05 09:34:53.180,0.4823,0.4823,13.0,0.4794,3.0,6621.0,19.0
2021-01-05 09:34:53.651,0.4823,0.4823,13.0,0.4794,3.0,6621.0,19.0
2021-01-05 09:34:54.170,0.4823,0.4823,11.0,0.4794,3.0,6621.0,20.0
2021-01-05 09:34:54.631,0.4823,0.4823,11.0,0.4797,10.0,6621.0,20.0
2021-01-05 09:34:55.161,0.4823,0.4824,20.0,0.481,10.0,6621.0,20.0
2021-01-05 09:34:55.680,0.4823,0.4834,10.0,0.481,10.0,6621.0,20.0
2021-01-05 09:34:56.131,0.4823,0.4833,14.0,0.481,10.0,6621.0,20.0
2021-01-05 09:34:56.681,0.4823,0.4841,10.0,0.4818,10.0,6621.0,20.0
2021-01-05 09:34:57.130,0.4823,0.484,14.0,0.4818,10.0,6621.0,20.0
2021-01-05 09:34:57.670,0.4823,0.484,14.0,0.4818,10.0,6621.0,20.0
2021-01-05 09:34:58.640,0.4823,0.484,14.0,0.4818,10.0,6621.0,20.0
2021-01-05 09:34:59.151,0.4823,0.484,14.0,0.4818,10.0,6621.0,20.0
2021-01-05 09:35:00.160,0.4823,0.484,14.0,0.4818,10.0,6621.0,20.0
2021-01-05 09:35:00.640,0.4823,0.4845,30.0,0.4818,10.0,6621.0,20.0
2021-01-05 09:35:01.170,0.4823,0.4844,14.0,0.4818,10.0,6621.0,20.0
2021-01-05 09:35:01.610,0.4823,0.4844,14.0,0.4818,10.0,6621.0,20.0
2021-01-05 09:35:02.181,0.4823,0.4842,16.0,0.4818,10.0,6621.0,20.0
2021-01-05 09:35:02.680,0.4823,0.4842,16.0,0.4809,10.0,6621.0,20.0
2021-01-05 09:35:03.180,0.4823,0.4842,17.0,0.4809,10.0,6621.0,20.0
2021-01-05 09:35:03.510,0.4823,0.4834,10.0,0.4805,10.0,6621.0,20.0
2021-01-05 09:35:04.181,0.4823,0.4833,14.0,0.4797,10.0,6621.0,20.0
2021-01-05 09:35:05.180,0.4823,0.4833,24.0,0.4798,14.0,6621.0,20.0
2021-01-05 09:35:05.671,0.4823,0.4833,14.0,0.4798,24.0,6621.0,20.0
2021-01-05 09:35:06.180,0.4823,0.4833,14.0,0.4798,24.0,6621.0,20.0
2021-01-05 09:35:06.680,0.4823,0.4833,14.0,0.4798,14.0,6621.0,20.0
2021-01-05 09:35:07.131,0.4823,0.4834,20.0,0.4797,20.0,6621.0,20.0
2021-01-05 09:35:07.650,0.4823,0.484,16.0,0.481,10.0,6621.0,20.0
2021-01-05 09:35:08.171,0.4823,0.4842,1.0,0.4811,14.0,6621.0,20.0
2021-01-05 09:35:09.191,0.4823,0.4851,10.0,0.4824,10.0,6621.0,20.0
2021-01-05 09:35:09.700,0.4823,0.485,14.0,0.4825,14.0,6621.0,20.0
2021-01-05 09:35:10.180,0.4823,0.485,14.0,0.4825,44.0,6621.0,20.0
2021-01-05 09:35:10.691,0.4823,0.485,14.0,0.4825,44.0,6621.0,20.0
2021-01-05 09:35:11.160,0.4823,0.485,14.0,0.4835,10.0,6621.0,20.0
2021-01-05 09:35:11.671,0.4823,0.485,14.0,0.4835,10.0,6621.0,20.0
2021-01-05 09:35:12.101,0.4823,0.485,14.0,0.4836,10.0,6621.0,20.0
2021-01-05 09:35:12.691,0.4823,0.485,14.0,0.4836,10.0,6621.0,20.0
2021-01-05 09:35:13.181,0.4823,0.485,14.0,0.4835,10.0,6621.0,20.0
2021-01-05 09:35:13.640,0.4823,0.4835,4.0,0.4833,1.0,6621.0,20.0
2021-01-05 09:35:14.191,0.4833,0.4835,4.0,0.4822,10.0,6621.0,21.0
2021-01-05 09:35:14.691,0.4833,0.4834,14.0,0.4815,10.0,6621.0,21.0
2021-01-05 09:35:15.200,0.4833,0.4834,14.0,0.4818,10.0,6621.0,21.0
2021-01-05 09:35:15.451,0.4833,0.4834,14.0,0.4823,10.0,6621.0,21.0
2021-01-05 09:35:16.201,0.4833,0.4843,20.0,0.4822,10.0,6621.0,21.0
2021-01-05 09:35:16.681,0.4833,0.4842,14.0,0.4822,10.0,6621.0,21.0
2021-01-05 09:35:18.170,0.4833,0.4837,16.0,0.4822,10.0,6621.0,21.0
2021-01-05 09:35:18.681,0.4833,0.4837,36.0,0.4818,10.0,6621.0,21.0
2021-01-05 09:35:19.470,0.4833,0.4836,1.0,0.4818,10.0,6621.0,21.0
2021-01-05 09:35:20.120,0.4833,0.4835,14.0,0.4819,10.0,6621.0,21.0
2021-01-05 09:35:21.180,0.4833,0.4835,14.0,0.4819,10.0,6621.0,21.0
2021-01-05 09:35:21.601,0.4835,0.4848,20.0,0.4835,2.0,6621.0,22.0
2021-01-05 09:35:22.171,0.4835,0.4847,14.0,0.4835,2.0,6621.0,22.0
2021-01-05 09:35:22.521,0.4835,0.4847,14.0,0.4835,12.0,6621.0,22.0
2021-01-05 09:35:23.151,0.4835,0.4847,14.0,0.4835,12.0,6621.0,22.0
2021-01-05 09:35:23.680,0.4835,0.4847,14.0,0.4835,12.0,6621.0,22.0
2021-01-05 09:35:24.171,0.4835,0.4847,14.0,0.4835,2.0,6621.0,22.0
2021-01-05 09:35:24.671,0.4835,0.4847,14.0,0.4835,2.0,6621.0,22.0
2021-01-05 09:35:25.170,0.4835,0.4847,14.0,0.4836,10.0,6621.0,22.0
2021-01-05 09:35:25.660,0.4835,0.4847,14.0,0.4835,10.0,6621.0,22.0
2021-01-05 09:35:26.171,0.4835,0.4847,14.0,0.4835,10.0,6621.0,22.0
2021-01-05 09:35:27.641,0.4835,0.4847,14.0,0.4833,10.0,6621.0,22.0
2021-01-05 09:35:28.171,0.4835,0.4847,14.0,0.4832,10.0,6621.0,22.0
2021-01-05 09:35:28.390,0.4835,0.4847,14.0,0.4832,10.0,6621.0,22.0
2021-01-05 09:35:29.641,0.4835,0.4847,14.0,0.483,10.0,6621.0,22.0
2021-01-05 09:35:30.121,0.4835,0.4847,14.0,0.4834,10.0,6621.0,22.0
2021-01-05 09:35:30.690,0.4834,0.4847,14.0,0.4834,1.0,6621.0,31.0
2021-01-05 09:35:31.170,0.4834,0.4847,14.0,0.4834,10.0,6621.0,31.0
2021-01-05 09:35:31.700,0.4834,0.4847,14.0,0.4832,10.0,6621.0,31.0
2021-01-05 09:35:32.161,0.4834,0.4847,14.0,0.4835,10.0,6621.0,31.0
2021-01-05 09:35:32.691,0.4834,0.4847,14.0,0.4832,10.0,6621.0,31.0
2021-01-05 09:35:33.650,0.4834,0.4851,20.0,0.4832,10.0,6621.0,31.0
2021-01-05 09:35:34.190,0.4834,0.4851,20.0,0.4833,14.0,6621.0,31.0
2021-01-05 09:35:34.691,0.4834,0.4851,20.0,0.4834,10.0,6621.0,31.0
2021-01-05 09:35:35.200,0.4834,0.4851,20.0,0.4833,10.0,6621.0,31.0
2021-01-05 09:35:35.600,0.4834,0.4851,20.0,0.4839,10.0,6621.0,31.0
2021-01-05 09:35:36.180,0.4834,0.4863,30.0,0.4839,10.0,6621.0,31.0
2021-01-05 09:35:36.601,0.4834,0.4862,14.0,0.484,24.0,6621.0,31.0
2021-01-05 09:35:37.640,0.4834,0.4862,14.0,0.484,14.0,6621.0,31.0
2021-01-05 09:35:39.140,0.4834,0.4862,14.0,0.484,14.0,6621.0,31.0
2021-01-05 09:35:39.690,0.4834,0.4862,14.0,0.484,14.0,6621.0,31.0
2021-01-05 09:35:40.191,0.4834,0.4862,14.0,0.4837,10.0,6621.0,31.0
2021-01-05 09:35:40.691,0.4834,0.4858,16.0,0.4837,10.0,6621.0,31.0
2021-01-05 09:35:41.190,0.4834,0.4858,16.0,0.4835,10.0,6621.0,31.0
2021-01-05 09:35:42.160,0.4834,0.4858,16.0,0.4838,10.0,6621.0,31.0
2021-01-05 09:35:42.670,0.4834,0.4858,16.0,0.4837,10.0,6621.0,31.0
2021-01-05 09:35:43.190,0.4834,0.4858,16.0,0.4838,14.0,6621.0,31.0
2021-01-05 09:35:43.661,0.4834,0.4858,16.0,0.4838,24.0,6621.0,31.0
2021-01-05 09:35:44.101,0.4834,0.4861,1.0,0.4838,24.0,6621.0,31.0
2021-01-05 09:35:45.071,0.4834,0.486,14.0,0.484,10.0,6621.0,31.0
2021-01-05 09:35:45.670,0.4834,0.4863,20.0,0.4841,16.0,6621.0,31.0
2021-01-05 09:35:46.170,0.4834,0.487,20.0,0.4849,10.0,6621.0,31.0
2021-01-05 09:35:46.441,0.4834,0.4869,14.0,0.485,24.0,6621.0,31.0
2021-01-05 09:35:47.691,0.4834,0.487,20.0,0.485,14.0,6621.0,31.0
2021-01-05 09:35:48.181,0.4834,0.487,20.0,0.4857,10.0,6621.0,31.0
2021-01-05 09:35:48.181,0.4834,0.488,36.0,0.4855,10.0,6621.0,31.0
2021-01-05 09:35:49.180,0.4834,0.488,36.0,0.4858,10.0,6621.0,31.0
2021-01-05 09:35:49.701,0.4834,0.488,36.0,0.4858,10.0,6621.0,31.0
2021-01-05 09:35:50.150,0.4834,0.488,36.0,0.4859,14.0,6621.0,31.0
2021-01-05 09:35:50.630,0.4834,0.488,36.0,0.4857,10.0,6621.0,31.0
2021-01-05 09:35:51.710,0.4834,0.488,36.0,0.4856,10.0,6621.0,31.0
2021-01-05 09:35:53.111,0.4834,0.488,36.0,0.4858,10.0,6621.0,31.0
2021-01-05 09:35:54.161,0.4834,0.488,36.0,0.4855,10.0,6621.0,31.0
2021-01-05 09:35:54.640,0.4834,0.4873,16.0,0.4853,10.0,6621.0,31.0
2021-01-05 09:35:55.141,0.4853,0.4873,36.0,0.4842,16.0,6621.0,41.0
2021-01-05 09:35:55.691,0.4853,0.4865,16.0,0.484,10.0,6621.0,41.0
2021-01-05 09:35:56.140,0.4853,0.4864,1.0,0.4841,14.0,6621.0,41.0
2021-01-05 09:35:56.690,0.4853,0.4863,14.0,0.4841,14.0,6621.0,41.0
2021-01-05 09:35:57.681,0.4853,0.4863,14.0,0.4841,14.0,6621.0,41.0
2021-01-05 09:35:58.150,0.4853,0.4863,14.0,0.4841,14.0,6621.0,41.0
2021-01-05 09:35:59.640,0.4853,0.4865,20.0,0.4842,26.0,6621.0,41.0
2021-01-05 09:36:00.201,0.4853,0.4873,20.0,0.4842,26.0,6621.0,41.0
2021-01-05 09:36:00.680,0.4853,0.4872,14.0,0.4842,66.0,6621.0,41.0
2021-01-05 09:36:01.671,0.4853,0.4872,14.0,0.4842,56.0,6621.0,41.0
2021-01-05 09:36:02.170,0.4853,0.4872,14.0,0.4843,10.0,6621.0,41.0
2021-01-05 09:36:02.701,0.4853,0.4872,14.0,0.4844,14.0,6621.0,41.0
2021-01-05 09:36:03.150,0.4853,0.4868,16.0,0.4844,14.0,6621.0,41.0
2021-01-05 09:36:03.700,0.4853,0.4867,1.0,0.4844,14.0,6621.0,41.0
2021-01-05 09:36:04.201,0.4853,0.4866,14.0,0.4838,10.0,6621.0,41.0
2021-01-05 09:36:04.670,0.4853,0.4866,14.0,0.4839,14.0,6621.0,41.0
2021-01-05 09:36:05.150,0.4853,0.4866,14.0,0.484,10.0,6621.0,41.0
2021-01-05 09:36:05.690,0.4853,0.4866,14.0,0.484,10.0,6621.0,41.0
2021-01-05 09:36:06.180,0.4853,0.4866,14.0,0.4841,14.0,6621.0,41.0
2021-01-05 09:36:09.161,0.4853,0.4866,14.0,0.4842,10.0,6621.0,41.0
2021-01-05 09:36:09.691,0.4866,0.4866,6.0,0.4841,10.0,6629.0,49.0
2021-01-05 09:36:10.101,0.4866,0.4866,7.0,0.4841,10.0,6629.0,49.0
2021-01-05 09:36:10.671,0.4866,0.4861,16.0,0.4839,10.0,6629.0,49.0
2021-01-05 09:36:11.180,0.4866,0.4861,36.0,0.4837,10.0,6629.0,49.0
2021-01-05 09:36:11.651,0.4866,0.4861,36.0,0.4838,14.0,6629.0,49.0
2021-01-05 09:36:13.190,0.4866,0.4861,20.0,0.4838,14.0,6629.0,49.0
2021-01-05 09:36:13.680,0.4866,0.486,14.0,0.4838,14.0,6629.0,49.0
2021-01-05 09:36:14.150,0.4866,0.486,14.0,0.4839,10.0,6629.0,49.0
2021-01-05 09:36:14.690,0.4866,0.486,34.0,0.4838,10.0,6629.0,49.0
2021-01-05 09:36:15.170,0.4866,0.486,14.0,0.484,10.0,6629.0,49.0
2021-01-05 09:36:15.660,0.486,0.486,33.0,0.484,10.0,6629.0,50.0
2021-01-05 09:36:16.150,0.486,0.486,13.0,0.4839,10.0,6629.0,50.0
2021-01-05 09:36:16.650,0.486,0.486,33.0,0.484,14.0,6629.0,50.0
2021-01-05 09:36:17.180,0.486,0.486,13.0,0.484,14.0,6629.0,50.0
2021-01-05 09:36:17.670,0.486,0.486,33.0,0.484,14.0,6629.0,50.0
2021-01-05 09:36:18.680,0.486,0.486,33.0,0.4837,10.0,6629.0,50.0
2021-01-05 09:36:19.151,0.486,0.486,33.0,0.484,10.0,6629.0,50.0
2021-01-05 09:36:19.691,0.486,0.486,33.0,0.4839,10.0,6629.0,50.0
2021-01-05 09:36:20.161,0.486,0.486,33.0,0.484,14.0,6629.0,50.0
2021-01-05 09:36:20.690,0.486,0.486,33.0,0.4838,10.0,6629.0,50.0
2021-01-05 09:36:21.120,0.486,0.486,33.0,0.4838,14.0,6629.0,50.0
2021-01-05 09:36:21.691,0.486,0.486,36.0,0.4834,10.0,6629.0,50.0
2021-01-05 09:36:22.171,0.486,0.486,36.0,0.4836,10.0,6629.0,50.0
2021-01-05 09:36:22.680,0.486,0.486,36.0,0.4835,14.0,6629.0,50.0
2021-01-05 09:36:23.191,0.486,0.486,36.0,0.4836,10.0,6629.0,50.0
2021-01-05 09:36:23.681,0.486,0.486,36.0,0.4837,14.0,6629.0,50.0
2021-01-05 09:36:24.171,0.486,0.486,20.0,0.4837,14.0,6629.0,50.0
2021-01-05 09:36:24.701,0.486,0.4859,14.0,0.4837,14.0,6629.0,50.0
2021-01-05 09:36:25.191,0.486,0.4859,14.0,0.4837,14.0,6629.0,50.0
2021-01-05 09:36:25.650,0.486,0.4859,34.0,0.4837,14.0,6629.0,50.0
2021-01-05 09:36:26.171,0.486,0.4859,14.0,0.4837,14.0,6629.0,50.0
2021-01-05 09:36:26.651,0.486,0.4866,17.0,0.4838,10.0,6629.0,50.0
2021-01-05 09:36:27.160,0.486,0.4866,16.0,0.4837,10.0,6629.0,50.0
2021-01-05 09:36:27.690,0.486,0.4867,20.0,0.4842,16.0,6629.0,50.0
2021-01-05 09:36:28.120,0.486,0.4867,20.0,0.4842,16.0,6629.0,50.0
2021-01-05 09:36:28.681,0.486,0.4867,20.0,0.4843,10.0,6629.0,50.0
2021-01-05 09:36:29.171,0.486,0.4876,20.0,0.4849,16.0,6629.0,50.0
2021-01-05 09:36:29.661,0.486,0.4876,20.0,0.4849,16.0,6629.0,50.0
2021-01-05 09:36:30.161,0.486,0.4875,14.0,0.4852,10.0,6629.0,50.0
2021-01-05 09:36:30.700,0.486,0.4875,14.0,0.4853,14.0,6629.0,50.0
2021-01-05 09:36:31.181,0.486,0.4875,14.0,0.4853,24.0,6629.0,50.0
2021-01-05 09:36:31.690,0.486,0.4875,14.0,0.4853,14.0,6629.0,50.0
2021-01-05 09:36:33.200,0.486,0.4875,14.0,0.4853,14.0,6629.0,50.0
2021-01-05 09:36:33.670,0.486,0.4875,14.0,0.4853,24.0,6629.0,50.0
2021-01-05 09:36:35.150,0.486,0.4875,14.0,0.4853,14.0,6629.0,50.0
2021-01-05 09:36:35.701,0.486,0.4875,14.0,0.4853,24.0,6629.0,50.0
2021-01-05 09:36:36.700,0.486,0.4875,14.0,0.4855,10.0,6629.0,50.0
2021-01-05 09:36:37.190,0.486,0.4875,14.0,0.4855,10.0,6629.0,50.0
2021-01-05 09:36:37.601,0.486,0.4875,14.0,0.4856,14.0,6629.0,50.0
2021-01-05 09:36:38.041,0.486,0.4875,14.0,0.4856,24.0,6629.0,50.0
2021-01-05 09:36:38.640,0.486,0.4875,14.0,0.4856,24.0,6629.0,50.0
2021-01-05 09:36:40.191,0.486,0.4875,14.0,0.4856,14.0,6629.0,50.0
2021-01-05 09:36:40.700,0.486,0.4875,14.0,0.4857,10.0,6629.0,50.0
2021-01-05 09:36:41.201,0.486,0.4875,14.0,0.4855,20.0,6629.0,50.0
2021-01-05 09:36:41.641,0.486,0.4875,14.0,0.4855,10.0,6629.0,50.0
2021-01-05 09:36:42.200,0.486,0.4875,14.0,0.4855,34.0,6629.0,50.0
2021-01-05 09:36:42.690,0.486,0.4875,14.0,0.4855,10.0,6629.0,50.0
2021-01-05 09:36:43.180,0.486,0.4875,14.0,0.4855,10.0,6629.0,50.0
2021-01-05 09:36:43.700,0.486,0.4875,14.0,0.4856,10.0,6629.0,50.0
2021-01-05 09:36:44.200,0.486,0.4875,14.0,0.4855,20.0,6629.0,50.0
2021-01-05 09:36:45.191,0.486,0.4875,14.0,0.4863,10.0,6629.0,50.0
2021-01-05 09:36:45.631,0.486,0.4875,14.0,0.4863,10.0,6629.0,50.0
2021-01-05 09:36:46.190,0.486,0.4876,20.0,0.4864,14.0,6629.0,50.0
2021-01-05 09:36:46.501,0.486,0.4883,20.0,0.4869,10.0,6629.0,50.0
2021-01-05 09:36:47.130,0.486,0.4882,14.0,0.4869,10.0,6629.0,50.0
2021-01-05 09:36:47.660,0.486,0.4883,20.0,0.487,14.0,6629.0,50.0
2021-01-05 09:36:48.630,0.486,0.4892,36.0,0.487,14.0,6629.0,50.0
2021-01-05 09:36:49.181,0.486,0.4892,46.0,0.487,14.0,6629.0,50.0
2021-01-05 09:36:49.700,0.486,0.4892,36.0,0.487,14.0,6629.0,50.0
2021-01-05 09:36:50.201,0.486,0.4892,36.0,0.487,14.0,6629.0,50.0
2021-01-05 09:36:50.670,0.486,0.4892,36.0,0.487,14.0,6629.0,50.0
2021-01-05 09:36:51.171,0.4892,0.4892,34.0,0.4869,10.0,6631.0,52.0
2021-01-05 09:36:51.671,0.4892,0.4892,34.0,0.4869,24.0,6631.0,52.0
2021-01-05 09:36:52.180,0.4892,0.4892,34.0,0.4869,10.0,6631.0,52.0
2021-01-05 09:36:52.691,0.4892,0.4892,34.0,0.487,14.0,6631.0,52.0
2021-01-05 09:36:53.191,0.4892,0.4892,34.0,0.487,14.0,6631.0,52.0
2021-01-05 09:36:53.680,0.4892,0.4892,34.0,0.4871,10.0,6631.0,52.0
2021-01-05 09:36:54.180,0.4892,0.4892,34.0,0.4869,10.0,6631.0,52.0
2021-01-05 09:36:54.631,0.4892,0.4892,34.0,0.4869,24.0,6631.0,52.0
2021-01-05 09:36:55.171,0.4869,0.4891,16.0,0.4864,10.0,6641.0,72.0
2021-01-05 09:36:55.651,0.4869,0.4891,16.0,0.4865,14.0,6641.0,72.0
2021-01-05 09:36:56.141,0.4869,0.4891,16.0,0.4865,14.0,6641.0,72.0
2021-01-05 09:36:56.691,0.4869,0.4891,16.0,0.4865,14.0,6641.0,72.0
2021-01-05 09:36:57.630,0.4869,0.4891,16.0,0.4865,14.0,6641.0,72.0
2021-01-05 09:36:58.610,0.4869,0.4891,16.0,0.486,16.0,6641.0,72.0
2021-01-05 09:36:59.181,0.4869,0.4891,16.0,0.4861,10.0,6641.0,72.0
2021-01-05 09:36:59.690,0.4869,0.4891,16.0,0.4862,14.0,6641.0,72.0
2021-01-05 09:37:00.151,0.4869,0.4891,16.0,0.4862,14.0,6641.0,72.0
2021-01-05 09:37:01.640,0.4869,0.4891,16.0,0.4863,10.0,6641.0,72.0
2021-01-05 09:37:02.191,0.4869,0.4891,16.0,0.4861,10.0,6641.0,72.0
2021-01-05 09:37:02.610,0.4869,0.4888,10.0,0.4862,14.0,6641.0,72.0
2021-01-05 09:37:03.151,0.4869,0.4888,10.0,0.4862,24.0,6641.0,72.0
2021-01-05 09:37:03.630,0.4869,0.4887,14.0,0.4862,14.0,6641.0,72.0
2021-01-05 09:37:04.200,0.4869,0.4881,16.0,0.4853,10.0,6641.0,72.0
2021-01-05 09:37:04.690,0.4869,0.4881,16.0,0.4854,14.0,6641.0,72.0
2021-01-05 09:37:05.140,0.4869,0.4881,36.0,0.4854,14.0,6641.0,72.0
2021-01-05 09:37:05.701,0.4869,0.4881,36.0,0.4854,14.0,6641.0,72.0
2021-01-05 09:37:06.700,0.4869,0.4881,36.0,0.485,16.0,6641.0,72.0
2021-01-05 09:37:07.180,0.4869,0.4881,36.0,0.485,16.0,6641.0,72.0
2021-01-05 09:37:07.681,0.4869,0.4881,36.0,0.485,16.0,6641.0,72.0
2021-01-05 09:37:08.200,0.4869,0.4881,36.0,0.485,26.0,6641.0,72.0
2021-01-05 09:37:08.630,0.4869,0.4881,36.0,0.4853,10.0,6641.0,72.0
2021-01-05 09:37:09.170,0.4869,0.4881,36.0,0.4855,10.0,6641.0,72.0
2021-01-05 09:37:09.660,0.4869,0.4881,36.0,0.4855,10.0,6641.0,72.0
2021-01-05 09:37:10.121,0.4869,0.4881,36.0,0.4856,14.0,6641.0,72.0
2021-01-05 09:37:10.701,0.4869,0.4881,36.0,0.4856,14.0,6641.0,72.0
2021-01-05 09:37:11.201,0.4869,0.4881,36.0,0.485,16.0,6641.0,72.0
2021-01-05 09:37:11.700,0.4869,0.4881,36.0,0.485,16.0,6641.0,72.0
2021-01-05 09:37:12.131,0.4869,0.4872,16.0,0.4848,10.0,6641.0,72.0
2021-01-05 09:37:12.620,0.4869,0.4872,16.0,0.4849,14.0,6641.0,72.0
2021-01-05 09:37:13.181,0.4869,0.4872,36.0,0.4849,14.0,6641.0,72.0
2021-01-05 09:37:13.681,0.4869,0.4872,16.0,0.4849,14.0,6641.0,72.0
2021-01-05 09:37:14.171,0.4869,0.4872,16.0,0.4849,14.0,6641.0,72.0
2021-01-05 09:37:15.160,0.4869,0.4881,36.0,0.4854,16.0,6641.0,72.0
2021-01-05 09:37:15.700,0.4869,0.4881,36.0,0.4854,16.0,6641.0,72.0
2021-01-05 09:37:16.461,0.4869,0.4875,16.0,0.4849,16.0,6641.0,72.0
2021-01-05 09:37:17.200,0.4869,0.4875,16.0,0.4849,26.0,6641.0,72.0
2021-01-05 09:37:17.671,0.4869,0.4875,36.0,0.4849,26.0,6641.0,72.0
2021-01-05 09:37:18.061,0.4869,0.4875,16.0,0.4849,26.0,6641.0,72.0
2021-01-05 09:37:18.710,0.4869,0.4875,36.0,0.4849,26.0,6641.0,72.0
2021-01-05 09:37:19.711,0.4869,0.4875,36.0,0.4849,26.0,6641.0,72.0
2021-01-05 09:37:21.200,0.4869,0.4875,36.0,0.4849,16.0,6641.0,72.0
2021-01-05 09:37:21.701,0.4869,0.4875,36.0,0.4849,16.0,6641.0,72.0
2021-01-05 09:37:22.030,0.4869,0.4875,36.0,0.4849,16.0,6641.0,72.0
2021-01-05 09:37:22.641,0.4869,0.4875,20.0,0.4845,10.0,6641.0,72.0
2021-01-05 09:37:23.150,0.4869,0.487,16.0,0.4846,14.0,6641.0,72.0
2021-01-05 09:37:23.701,0.4869,0.487,16.0,0.4846,14.0,6641.0,72.0
2021-01-05 09:37:24.080,0.4869,0.487,16.0,0.4846,14.0,6641.0,72.0
2021-01-05 09:37:24.631,0.4869,0.487,16.0,0.4846,14.0,6641.0,72.0
2021-01-05 09:37:25.200,0.4869,0.487,16.0,0.4847,10.0,6641.0,72.0
2021-01-05 09:37:25.670,0.4869,0.487,16.0,0.4845,10.0,6641.0,72.0
2021-01-05 09:37:26.170,0.4869,0.487,16.0,0.4847,10.0,6641.0,72.0
2021-01-05 09:37:26.650,0.4869,0.487,16.0,0.4843,16.0,6641.0,72.0
2021-01-05 09:37:27.130,0.4869,0.487,16.0,0.4845,10.0,6641.0,72.0
2021-01-05 09:37:27.551,0.4869,0.487,16.0,0.4846,14.0,6641.0,72.0
2021-01-05 09:37:28.151,0.4869,0.487,16.0,0.4846,14.0,6641.0,72.0
2021-01-05 09:37:29.130,0.4869,0.487,16.0,0.4847,10.0,6641.0,72.0
2021-01-05 09:37:29.611,0.4869,0.487,16.0,0.4847,10.0,6641.0,72.0
2021-01-05 09:37:30.191,0.4869,0.487,16.0,0.4848,14.0,6641.0,72.0
2021-01-05 09:37:30.650,0.4869,0.487,16.0,0.4848,14.0,6641.0,72.0
2021-01-05 09:37:31.190,0.4869,0.487,16.0,0.4848,14.0,6641.0,72.0
2021-01-05 09:37:32.181,0.4869,0.487,16.0,0.4848,14.0,6641.0,72.0
2021-01-05 09:37:32.651,0.4869,0.4875,36.0,0.4849,26.0,6641.0,72.0
2021-01-05 09:37:33.180,0.4869,0.4875,20.0,0.4854,16.0,6641.0,72.0
2021-01-05 09:37:33.581,0.4869,0.4874,14.0,0.4854,16.0,6641.0,72.0
2021-01-05 09:37:34.200,0.4869,0.4874,14.0,0.4854,16.0,6641.0,72.0
2021-01-05 09:37:35.170,0.4869,0.4875,20.0,0.4853,16.0,6641.0,72.0
2021-01-05 09:37:35.650,0.4869,0.4874,14.0,0.4853,16.0,6641.0,72.0
2021-01-05 09:37:36.200,0.4869,0.4874,14.0,0.4853,16.0,6641.0,72.0
2021-01-05 09:37:36.671,0.4869,0.4874,14.0,0.4853,16.0,6641.0,72.0
2021-01-05 09:37:37.691,0.4869,0.487,16.0,0.4852,10.0,6641.0,72.0
2021-01-05 09:37:38.161,0.4869,0.487,16.0,0.4853,14.0,6641.0,72.0
2021-01-05 09:37:38.651,0.4869,0.487,16.0,0.4847,16.0,6641.0,72.0
2021-01-05 09:37:39.170,0.4869,0.4864,16.0,0.4843,10.0,6641.0,72.0
2021-01-05 09:37:39.641,0.4869,0.4864,16.0,0.4844,14.0,6641.0,72.0
2021-01-05 09:37:40.161,0.4869,0.4864,36.0,0.4844,14.0,6641.0,72.0
2021-01-05 09:37:40.701,0.4869,0.4864,36.0,0.4844,14.0,6641.0,72.0
2021-01-05 09:37:41.131,0.4869,0.4864,36.0,0.4844,14.0,6641.0,72.0
2021-01-05 09:37:41.671,0.4869,0.4864,36.0,0.4844,14.0,6641.0,72.0
2021-01-05 09:37:42.130,0.4869,0.4864,36.0,0.4844,14.0,6641.0,72.0
2021-01-05 09:37:43.671,0.4869,0.4859,16.0,0.4837,16.0,6641.0,72.0
2021-01-05 09:37:44.190,0.4869,0.4859,16.0,0.4837,16.0,6641.0,72.0
2021-01-05 09:37:44.651,0.4869,0.4859,16.0,0.4837,16.0,6641.0,72.0
2021-01-05 09:37:45.650,0.4869,0.4859,16.0,0.4837,16.0,6641.0,72.0
2021-01-05 09:37:46.601,0.4869,0.4859,16.0,0.4837,16.0,6641.0,72.0
2021-01-05 09:37:47.210,0.4869,0.4859,16.0,0.4837,16.0,6641.0,72.0
2021-01-05 09:37:47.661,0.4869,0.4859,16.0,0.4837,16.0,6641.0,72.0
2021-01-05 09:37:48.201,0.4869,0.4859,16.0,0.4837,16.0,6641.0,72.0
2021-01-05 09:37:48.700,0.4869,0.4859,16.0,0.4837,16.0,6641.0,72.0
2021-01-05 09:37:49.190,0.4869,0.4859,16.0,0.4837,16.0,6641.0,72.0
2021-01-05 09:37:49.670,0.4869,0.4859,16.0,0.4837,16.0,6641.0,72.0
2021-01-05 09:37:50.220,0.4869,0.4859,16.0,0.4837,16.0,6641.0,72.0
2021-01-05 09:37:50.721,0.4869,0.4859,16.0,0.4837,16.0,6641.0,72.0
2021-01-05 09:37:51.691,0.4869,0.4864,20.0,0.4845,16.0,6641.0,72.0
2021-01-05 09:37:52.191,0.4869,0.4863,14.0,0.4845,16.0,6641.0,72.0
2021-01-05 09:37:52.300,0.4869,0.4863,14.0,0.4845,16.0,6641.0,72.0
2021-01-05 09:37:53.680,0.4869,0.4863,14.0,0.4845,16.0,6641.0,72.0
2021-01-05 09:37:54.170,0.4869,0.4863,14.0,0.4845,16.0,6641.0,72.0
2021-01-05 09:37:55.190,0.4869,0.4864,20.0,0.4845,16.0,6641.0,72.0
2021-01-05 09:37:55.691,0.4869,0.4863,14.0,0.4845,16.0,6641.0,72.0
2021-01-05 09:37:56.121,0.4869,0.4863,14.0,0.4845,16.0,6641.0,72.0
2021-01-05 09:37:56.611,0.4869,0.4862,16.0,0.4841,16.0,6641.0,72.0
2021-01-05 09:37:57.170,0.4869,0.4858,16.0,0.4836,16.0,6641.0,72.0
2021-01-05 09:37:57.601,0.4869,0.4858,46.0,0.4836,16.0,6641.0,72.0
2021-01-05 09:37:58.141,0.4869,0.4854,16.0,0.4832,16.0,6641.0,72.0
2021-01-05 09:37:58.640,0.4869,0.4854,16.0,0.4832,16.0,6641.0,72.0
2021-01-05 09:37:59.130,0.4869,0.4854,16.0,0.4832,16.0,6641.0,72.0
2021-01-05 09:38:00.100,0.4869,0.4857,14.0,0.4838,16.0,6641.0,72.0
2021-01-05 09:38:00.680,0.4869,0.4857,14.0,0.4838,16.0,6641.0,72.0
2021-01-05 09:38:02.190,0.4869,0.4857,14.0,0.4838,16.0,6641.0,72.0
2021-01-05 09:38:02.680,0.4869,0.4857,14.0,0.4838,16.0,6641.0,72.0
2021-01-05 09:38:03.191,0.4869,0.4857,14.0,0.4838,16.0,6641.0,72.0
2021-01-05 09:38:04.190,0.4869,0.4864,36.0,0.4843,16.0,6641.0,72.0
2021-01-05 09:38:04.680,0.4869,0.4864,36.0,0.4843,16.0,6641.0,72.0
2021-01-05 09:38:05.181,0.4869,0.4864,36.0,0.4843,16.0,6641.0,72.0
2021-01-05 09:38:05.621,0.4869,0.4864,36.0,0.4843,16.0,6641.0,72.0
2021-01-05 09:38:06.691,0.4869,0.4864,36.0,0.4843,16.0,6641.0,72.0
2021-01-05 09:38:07.200,0.4869,0.4864,20.0,0.4848,16.0,6641.0,72.0
2021-01-05 09:38:07.590,0.4869,0.487,16.0,0.4848,16.0,6641.0,72.0
2021-01-05 09:38:08.151,0.4869,0.487,16.0,0.4848,16.0,6641.0,72.0
2021-01-05 09:38:09.160,0.4869,0.4876,26.0,0.4854,16.0,6641.0,72.0
2021-01-05 09:38:09.611,0.4869,0.4876,16.0,0.4854,16.0,6641.0,72.0
2021-01-05 09:38:10.180,0.4869,0.4876,16.0,0.4854,36.0,6641.0,72.0
2021-01-05 09:38:10.670,0.4869,0.488,36.0,0.4858,16.0,6641.0,72.0
2021-01-05 09:38:11.141,0.4869,0.488,36.0,0.4858,16.0,6641.0,72.0
2021-01-05 09:38:12.191,0.4869,0.4871,16.0,0.485,16.0,6641.0,72.0
2021-01-05 09:38:12.691,0.4869,0.4871,16.0,0.485,16.0,6641.0,72.0
2021-01-05 09:38:13.110,0.4869,0.4876,16.0,0.4854,16.0,6641.0,72.0
2021-01-05 09:38:13.690,0.4869,0.4876,16.0,0.4854,16.0,6641.0,72.0
2021-01-05 09:38:14.141,0.4869,0.4876,16.0,0.4854,16.0,6641.0,72.0
2021-01-05 09:38:14.691,0.4869,0.4881,16.0,0.4859,16.0,6641.0,72.0
2021-01-05 09:38:15.150,0.4869,0.4885,16.0,0.4864,16.0,6641.0,72.0
2021-01-05 09:38:15.730,0.4869,0.4885,16.0,0.4864,16.0,6641.0,72.0
2021-01-05 09:38:16.210,0.4869,0.4885,16.0,0.4864,16.0,6641.0,72.0
2021-01-05 09:38:16.731,0.4869,0.4885,16.0,0.4864,16.0,6641.0,72.0
2021-01-05 09:38:17.190,0.4869,0.4885,16.0,0.4864,16.0,6641.0,72.0
2021-01-05 09:38:18.231,0.4869,0.4885,16.0,0.4864,16.0,6641.0,72.0
2021-01-05 09:38:18.660,0.4869,0.4885,16.0,0.4864,16.0,6641.0,72.0
2021-01-05 09:38:19.230,0.4869,0.4885,16.0,0.4864,16.0,6641.0,72.0
2021-01-05 09:38:19.670,0.4869,0.4885,16.0,0.4864,26.0,6641.0,72.0
2021-01-05 09:38:20.231,0.4869,0.4885,16.0,0.4864,16.0,6641.0,72.0
2021-01-05 09:38:20.690,0.4869,0.4885,16.0,0.4864,26.0,6641.0,72.0
2021-01-05 09:38:21.240,0.4869,0.489,16.0,0.4869,16.0,6641.0,72.0
2021-01-05 09:38:21.670,0.4869,0.489,16.0,0.4869,16.0,6641.0,72.0
2021-01-05 09:38:22.210,0.4869,0.4895,16.0,0.4873,16.0,6641.0,72.0
2021-01-05 09:38:22.531,0.4869,0.4895,16.0,0.4873,16.0,6641.0,72.0
2021-01-05 09:38:23.201,0.4869,0.4895,16.0,0.4873,26.0,6641.0,72.0
2021-01-05 09:38:23.681,0.4869,0.4895,16.0,0.4873,16.0,6641.0,72.0
2021-01-05 09:38:24.141,0.4869,0.49,16.0,0.4877,16.0,6641.0,72.0
2021-01-05 09:38:24.690,0.4869,0.49,16.0,0.4877,16.0,6641.0,72.0
2021-01-05 09:38:25.101,0.4869,0.49,16.0,0.4877,16.0,6641.0,72.0
2021-01-05 09:38:25.700,0.4869,0.49,16.0,0.4877,16.0,6641.0,72.0
2021-01-05 09:38:26.100,0.4869,0.49,16.0,0.4877,16.0,6641.0,72.0
2021-01-05 09:38:26.601,0.4869,0.49,16.0,0.4877,16.0,6641.0,72.0
2021-01-05 09:38:27.691,0.4869,0.49,16.0,0.4877,16.0,6641.0,72.0
2021-01-05 09:38:28.171,0.4869,0.49,16.0,0.4878,10.0,6641.0,72.0
2021-01-05 09:38:28.680,0.4869,0.49,16.0,0.4879,14.0,6641.0,72.0
2021-01-05 09:38:29.191,0.4869,0.49,16.0,0.4879,14.0,6641.0,72.0
2021-01-05 09:38:29.641,0.4869,0.49,16.0,0.4879,14.0,6641.0,72.0
2021-01-05 09:38:30.670,0.4869,0.49,16.0,0.4879,14.0,6641.0,72.0
2021-01-05 09:38:31.181,0.4869,0.49,16.0,0.488,10.0,6641.0,72.0
2021-01-05 09:38:31.700,0.4869,0.49,16.0,0.4879,10.0,6641.0,72.0
2021-01-05 09:38:32.171,0.4869,0.4903,20.0,0.4883,16.0,6641.0,72.0
2021-01-05 09:38:32.701,0.4869,0.4902,14.0,0.4883,16.0,6641.0,72.0
2021-01-05 09:38:33.191,0.4869,0.4907,16.0,0.4883,36.0,6641.0,72.0
2021-01-05 09:38:33.700,0.4869,0.4912,10.0,0.4892,16.0,6641.0,72.0
2021-01-05 09:38:34.201,0.4869,0.4917,16.0,0.4892,36.0,6641.0,72.0
2021-01-05 09:38:35.200,0.4869,0.4923,16.0,0.4898,36.0,6641.0,72.0
2021-01-05 09:38:35.621,0.4869,0.4923,16.0,0.4899,10.0,6641.0,72.0
2021-01-05 09:38:36.180,0.4869,0.4923,16.0,0.49,14.0,6641.0,72.0
2021-01-05 09:38:37.050,0.4869,0.4928,16.0,0.4903,16.0,6641.0,72.0
2021-01-05 09:38:37.680,0.4869,0.4928,16.0,0.4904,10.0,6641.0,72.0
2021-01-05 09:38:38.161,0.4869,0.4928,16.0,0.4905,14.0,6641.0,72.0
2021-01-05 09:38:38.660,0.4869,0.4928,16.0,0.4905,14.0,6641.0,72.0
2021-01-05 09:38:39.161,0.4869,0.4936,16.0,0.4911,16.0,6641.0,72.0
2021-01-05 09:38:39.661,0.4869,0.4936,16.0,0.4911,36.0,6641.0,72.0
2021-01-05 09:38:40.141,0.4869,0.4944,26.0,0.4919,16.0,6641.0,72.0
2021-01-05 09:38:40.591,0.4869,0.4944,16.0,0.4919,16.0,6641.0,72.0
2021-01-05 09:38:41.190,0.4869,0.4944,16.0,0.4919,16.0,6641.0,72.0
2021-01-05 09:38:41.670,0.4869,0.4944,16.0,0.492,10.0,6641.0,72.0
2021-01-05 09:38:42.191,0.4869,0.4944,16.0,0.4921,14.0,6641.0,72.0
2021-01-05 09:38:42.700,0.4869,0.4944,16.0,0.4921,14.0,6641.0,72.0
2021-01-05 09:38:43.190,0.4869,0.4944,16.0,0.4921,14.0,6641.0,72.0
2021-01-05 09:38:43.701,0.4869,0.4944,16.0,0.4922,10.0,6641.0,72.0
2021-01-05 09:38:44.200,0.4869,0.4944,16.0,0.4921,10.0,6641.0,72.0
2021-01-05 09:38:44.600,0.4869,0.4938,16.0,0.4914,10.0,6641.0,72.0
2021-01-05 09:38:45.201,0.4869,0.4938,16.0,0.4916,10.0,6641.0,72.0
2021-01-05 09:38:45.480,0.4869,0.4938,16.0,0.4913,16.0,6641.0,72.0
2021-01-05 09:38:46.200,0.4869,0.4938,16.0,0.4914,10.0,6641.0,72.0
2021-01-05 09:38:46.631,0.4869,0.4938,16.0,0.4915,24.0,6641.0,72.0
2021-01-05 09:38:47.140,0.4869,0.4933,16.0,0.4915,14.0,6641.0,72.0
2021-01-05 09:38:47.691,0.4869,0.4933,16.0,0.4914,10.0,6641.0,72.0
2021-01-05 09:38:48.200,0.4869,0.4927,16.0,0.4907,10.0,6641.0,72.0
2021-01-05 09:38:48.650,0.4869,0.4927,16.0,0.4907,10.0,6641.0,72.0
2021-01-05 09:38:49.130,0.4869,0.4927,16.0,0.4902,16.0,6641.0,72.0
2021-01-05 09:38:49.670,0.4869,0.492,16.0,0.4904,10.0,6641.0,72.0
2021-01-05 09:38:50.110,0.4869,0.492,16.0,0.4904,10.0,6641.0,72.0
2021-01-05 09:38:50.651,0.4869,0.4922,20.0,0.4904,10.0,6641.0,72.0
2021-01-05 09:38:51.170,0.4869,0.4921,14.0,0.4904,10.0,6641.0,72.0
2021-01-05 09:38:51.691,0.4869,0.4931,10.0,0.491,16.0,6641.0,72.0
2021-01-05 09:38:52.140,0.4869,0.4932,16.0,0.4911,10.0,6641.0,72.0
2021-01-05 09:38:52.630,0.4869,0.4938,26.0,0.4916,16.0,6641.0,72.0
2021-01-05 09:38:53.191,0.4869,0.4938,16.0,0.4916,16.0,6641.0,72.0
2021-01-05 09:38:53.620,0.4869,0.4938,16.0,0.4916,16.0,6641.0,72.0
2021-01-05 09:38:54.690,0.4869,0.4938,16.0,0.4916,16.0,6641.0,72.0
2021-01-05 09:38:55.191,0.4869,0.4938,16.0,0.4916,26.0,6641.0,72.0
2021-01-05 09:38:55.700,0.4869,0.4944,16.0,0.4922,16.0,6641.0,72.0
2021-01-05 09:38:56.661,0.4869,0.4944,16.0,0.4922,16.0,6641.0,72.0
2021-01-05 09:38:57.200,0.4869,0.4944,16.0,0.4922,16.0,6641.0,72.0
2021-01-05 09:38:57.640,0.4869,0.4944,16.0,0.4922,16.0,6641.0,72.0
2021-01-05 09:38:58.161,0.4869,0.4951,10.0,0.4913,10.0,6641.0,72.0
2021-01-05 09:38:58.670,0.4869,0.4934,16.0,0.4913,16.0,6641.0,72.0
2021-01-05 09:38:59.060,0.4869,0.4934,16.0,0.4913,16.0,6641.0,72.0
2021-01-05 09:38:59.611,0.4869,0.4934,16.0,0.4913,16.0,6641.0,72.0
2021-01-05 09:39:00.660,0.4869,0.4934,16.0,0.4913,16.0,6641.0,72.0
2021-01-05 09:39:01.160,0.4869,0.4934,16.0,0.4913,16.0,6641.0,72.0
2021-01-05 09:39:01.700,0.4869,0.4934,16.0,0.4913,16.0,6641.0,72.0
2021-01-05 09:39:02.170,0.4869,0.4934,16.0,0.4913,16.0,6641.0,72.0
2021-01-05 09:39:02.660,0.4869,0.4934,16.0,0.4913,16.0,6641.0,72.0
2021-01-05 09:39:03.150,0.4869,0.4934,16.0,0.4913,16.0,6641.0,72.0
2021-01-05 09:39:03.671,0.4869,0.4934,16.0,0.4913,16.0,6641.0,72.0
2021-01-05 09:39:04.161,0.4869,0.4934,16.0,0.4913,16.0,6641.0,72.0
2021-01-05 09:39:04.610,0.4869,0.4934,16.0,0.4913,16.0,6641.0,72.0
2021-01-05 09:39:05.211,0.4869,0.493,16.0,0.4908,16.0,6641.0,72.0
2021-01-05 09:39:06.650,0.4869,0.493,16.0,0.4908,16.0,6641.0,72.0
2021-01-05 09:39:07.200,0.4869,0.493,16.0,0.4908,16.0,6641.0,72.0
2021-01-05 09:39:07.680,0.4869,0.493,16.0,0.4908,16.0,6641.0,72.0
2021-01-05 09:39:08.131,0.4869,0.493,16.0,0.4908,16.0,6641.0,72.0
2021-01-05 09:39:08.690,0.4869,0.493,16.0,0.4908,16.0,6641.0,72.0
2021-01-05 09:39:09.161,0.4869,0.493,16.0,0.4909,10.0,6641.0,72.0
2021-01-05 09:39:09.601,0.4869,0.493,16.0,0.491,14.0,6641.0,72.0
2021-01-05 09:39:10.191,0.4869,0.493,16.0,0.491,14.0,6641.0,72.0
2021-01-05 09:39:10.721,0.4869,0.4936,16.0,0.4914,16.0,6641.0,72.0
2021-01-05 09:39:11.201,0.4869,0.494,16.0,0.4919,16.0,6641.0,72.0
2021-01-05 09:39:11.701,0.4869,0.494,16.0,0.4919,16.0,6641.0,72.0
2021-01-05 09:39:12.220,0.4869,0.494,16.0,0.4919,16.0,6641.0,72.0
2021-01-05 09:39:12.690,0.4869,0.494,16.0,0.4919,16.0,6641.0,72.0
2021-01-05 09:39:13.720,0.4869,0.494,16.0,0.4919,16.0,6641.0,72.0
2021-01-05 09:39:14.160,0.4869,0.494,16.0,0.4919,26.0,6641.0,72.0
2021-01-05 09:39:15.720,0.4869,0.494,16.0,0.4919,26.0,6641.0,72.0
2021-01-05 09:39:16.721,0.4869,0.494,16.0,0.4919,26.0,6641.0,72.0
2021-01-05 09:39:17.191,0.4869,0.4941,20.0,0.4923,16.0,6641.0,72.0
2021-01-05 09:39:17.650,0.4869,0.494,14.0,0.4923,16.0,6641.0,72.0
2021-01-05 09:39:18.221,0.4869,0.4939,16.0,0.4917,16.0,6641.0,72.0
2021-01-05 09:39:19.710,0.4869,0.4939,16.0,0.4917,26.0,6641.0,72.0
2021-01-05 09:39:20.221,0.4869,0.4939,16.0,0.4917,26.0,6641.0,72.0
2021-01-05 09:39:20.741,0.4869,0.4941,20.0,0.4922,16.0,6641.0,72.0
2021-01-05 09:39:21.231,0.4869,0.494,14.0,0.4922,16.0,6641.0,72.0
2021-01-05 09:39:22.651,0.4869,0.494,14.0,0.4928,10.0,6641.0,72.0
2021-01-05 09:39:23.200,0.4869,0.494,14.0,0.4928,10.0,6641.0,72.0
2021-01-05 09:39:24.151,0.4869,0.494,14.0,0.4922,16.0,6641.0,72.0
2021-01-05 09:39:25.700,0.4869,0.494,14.0,0.4923,10.0,6641.0,72.0
2021-01-05 09:39:26.130,0.4869,0.4944,16.0,0.4924,14.0,6641.0,72.0
2021-01-05 09:39:27.210,0.4869,0.4944,16.0,0.4924,14.0,6641.0,72.0
2021-01-05 09:39:27.711,0.4869,0.4944,16.0,0.4924,14.0,6641.0,72.0
2021-01-05 09:39:28.220,0.4869,0.4944,16.0,0.4924,14.0,6641.0,72.0
2021-01-05 09:39:28.710,0.4869,0.4944,16.0,0.4924,14.0,6641.0,72.0
2021-01-05 09:39:29.231,0.4869,0.4944,16.0,0.4925,10.0,6641.0,72.0
2021-01-05 09:39:29.721,0.4869,0.4944,16.0,0.4922,16.0,6641.0,72.0
2021-01-05 09:39:30.220,0.4869,0.4939,16.0,0.4917,16.0,6641.0,72.0
2021-01-05 09:39:30.721,0.4869,0.4939,16.0,0.4921,10.0,6641.0,72.0
2021-01-05 09:39:31.121,0.4869,0.4939,16.0,0.4917,16.0,6641.0,72.0
2021-01-05 09:39:31.701,0.4869,0.4939,16.0,0.4917,16.0,6641.0,72.0
2021-01-05 09:39:32.700,0.4869,0.4939,16.0,0.4917,26.0,6641.0,72.0
2021-01-05 09:39:33.180,0.4869,0.4939,16.0,0.4917,26.0,6641.0,72.0
2021-01-05 09:39:34.210,0.4869,0.4939,16.0,0.4917,16.0,6641.0,72.0
2021-01-05 09:39:34.681,0.4869,0.4939,16.0,0.4917,16.0,6641.0,72.0
2021-01-05 09:39:35.171,0.4869,0.4939,16.0,0.4917,16.0,6641.0,72.0
2021-01-05 09:39:36.231,0.4869,0.4939,16.0,0.4917,16.0,6641.0,72.0
2021-01-05 09:39:36.660,0.4869,0.4939,16.0,0.4917,16.0,6641.0,72.0
2021-01-05 09:39:37.221,0.4869,0.4939,16.0,0.4917,16.0,6641.0,72.0
2021-01-05 09:39:39.241,0.4869,0.4939,16.0,0.4917,16.0,6641.0,72.0
2021-01-05 09:39:40.721,0.4869,0.4939,16.0,0.4917,16.0,6641.0,72.0
2021-01-05 09:39:41.220,0.4917,0.4936,16.0,0.4914,16.0,6641.0,82.0
2021-01-05 09:39:41.750,0.4917,0.4941,16.0,0.4919,16.0,6641.0,82.0
2021-01-05 09:39:42.210,0.4917,0.4938,20.0,0.4919,16.0,6641.0,82.0
2021-01-05 09:39:42.740,0.4917,0.4935,16.0,0.4914,16.0,6641.0,82.0
2021-01-05 09:39:43.191,0.4917,0.4935,16.0,0.4914,16.0,6641.0,82.0
2021-01-05 09:39:43.660,0.4917,0.4935,16.0,0.4914,16.0,6641.0,82.0
2021-01-05 09:39:44.680,0.4917,0.4935,16.0,0.4914,16.0,6641.0,82.0
2021-01-05 09:39:45.251,0.4917,0.4935,16.0,0.4914,16.0,6641.0,82.0
2021-01-05 09:39:46.190,0.4917,0.494,16.0,0.4919,16.0,6641.0,82.0
2021-01-05 09:39:46.711,0.4917,0.494,16.0,0.4919,16.0,6641.0,82.0
2021-01-05 09:39:47.250,0.4917,0.4945,16.0,0.4923,16.0,6641.0,82.0
2021-01-05 09:39:48.720,0.4917,0.4945,16.0,0.4923,16.0,6641.0,82.0
2021-01-05 09:39:49.241,0.4917,0.4945,16.0,0.4923,16.0,6641.0,82.0
2021-01-05 09:39:49.711,0.4917,0.4945,16.0,0.4923,16.0,6641.0,82.0
2021-01-05 09:39:50.121,0.4917,0.4945,16.0,0.4923,16.0,6641.0,82.0
2021-01-05 09:39:50.710,0.4917,0.4948,20.0,0.4929,16.0,6641.0,82.0
2021-01-05 09:39:51.241,0.4917,0.4955,16.0,0.4933,16.0,6641.0,82.0
2021-01-05 09:39:51.730,0.4917,0.4959,16.0,0.4938,16.0,6641.0,82.0
2021-01-05 09:39:52.251,0.4917,0.4959,16.0,0.4938,16.0,6641.0,82.0
2021-01-05 09:39:52.670,0.4917,0.4955,16.0,0.4933,26.0,6641.0,82.0
2021-01-05 09:39:53.181,0.4917,0.4952,10.0,0.4933,16.0,6641.0,82.0
2021-01-05 09:39:53.600,0.4917,0.4948,16.0,0.4928,10.0,6641.0,82.0
2021-01-05 09:39:54.191,0.4917,0.4948,16.0,0.4929,14.0,6641.0,82.0
2021-01-05 09:39:55.181,0.4917,0.4952,30.0,0.4933,16.0,6641.0,82.0
2021-01-05 09:39:55.640,0.4917,0.4951,14.0,0.4933,16.0,6641.0,82.0
2021-01-05 09:39:56.120,0.4917,0.4952,20.0,0.4934,10.0,6641.0,82.0
2021-01-05 09:39:56.691,0.4917,0.4955,16.0,0.4935,14.0,6641.0,82.0
2021-01-05 09:39:56.841,0.4917,0.4955,16.0,0.4935,14.0,6641.0,82.0
2021-01-05 09:39:57.580,0.4917,0.4955,16.0,0.4935,14.0,6641.0,82.0
2021-01-05 09:39:58.201,0.4917,0.495,16.0,0.493,10.0,6641.0,82.0
2021-01-05 09:39:58.600,0.4917,0.495,16.0,0.4931,14.0,6641.0,82.0
2021-01-05 09:39:59.061,0.4917,0.495,16.0,0.4931,14.0,6641.0,82.0
2021-01-05 09:39:59.670,0.4917,0.495,16.0,0.4931,14.0,6641.0,82.0
2021-01-05 09:40:00.631,0.4917,0.495,16.0,0.4931,14.0,6641.0,82.0
2021-01-05 09:40:01.201,0.4917,0.495,16.0,0.4931,14.0,6641.0,82.0
2021-01-05 09:40:01.570,0.4917,0.495,46.0,0.4928,16.0,6641.0,82.0
2021-01-05 09:40:02.200,0.4917,0.4943,16.0,0.4923,10.0,6641.0,82.0
2021-01-05 09:40:02.671,0.4917,0.4935,10.0,0.4918,10.0,6641.0,82.0
2021-01-05 09:40:03.171,0.4917,0.4934,14.0,0.4919,14.0,6641.0,82.0
2021-01-05 09:40:03.691,0.4917,0.4934,14.0,0.4919,14.0,6641.0,82.0
2021-01-05 09:40:04.160,0.4917,0.4935,10.0,0.4919,14.0,6641.0,82.0
2021-01-05 09:40:04.700,0.4917,0.4935,10.0,0.4919,14.0,6641.0,82.0
2021-01-05 09:40:05.701,0.4917,0.4935,10.0,0.4919,14.0,6641.0,82.0
2021-01-05 09:40:06.200,0.4917,0.4934,14.0,0.4919,14.0,6641.0,82.0
2021-01-05 09:40:06.701,0.4917,0.4934,14.0,0.4919,14.0,6641.0,82.0
2021-01-05 09:40:07.700,0.4917,0.4934,14.0,0.4919,14.0,6641.0,82.0
2021-01-05 09:40:08.200,0.4917,0.4933,16.0,0.4912,36.0,6641.0,82.0
2021-01-05 09:40:08.690,0.4917,0.4933,16.0,0.4912,36.0,6641.0,82.0
2021-01-05 09:40:09.191,0.4917,0.4928,16.0,0.4907,26.0,6641.0,82.0
2021-01-05 09:40:09.691,0.4917,0.4928,16.0,0.4907,26.0,6641.0,82.0
2021-01-05 09:40:10.150,0.4917,0.4928,36.0,0.4908,10.0,6641.0,82.0
2021-01-05 09:40:10.680,0.4917,0.4928,16.0,0.4909,14.0,6641.0,82.0
2021-01-05 09:40:11.170,0.4917,0.4928,16.0,0.4909,14.0,6641.0,82.0
2021-01-05 09:40:11.671,0.4917,0.4928,16.0,0.4909,14.0,6641.0,82.0
2021-01-05 09:40:12.190,0.4917,0.4928,16.0,0.4909,14.0,6641.0,82.0
2021-01-05 09:40:12.680,0.4917,0.4928,16.0,0.4909,14.0,6641.0,82.0
2021-01-05 09:40:13.170,0.4917,0.4928,16.0,0.4909,14.0,6641.0,82.0
2021-01-05 09:40:13.700,0.4917,0.4921,16.0,0.4901,10.0,6641.0,82.0
2021-01-05 09:40:14.150,0.4917,0.4921,16.0,0.4902,14.0,6641.0,82.0
2021-01-05 09:40:14.701,0.4917,0.4921,16.0,0.4902,14.0,6641.0,82.0
2021-01-05 09:40:15.690,0.4917,0.4921,16.0,0.4902,14.0,6641.0,82.0
2021-01-05 09:40:16.610,0.4917,0.4921,16.0,0.4902,14.0,6641.0,82.0
2021-01-05 09:40:17.191,0.4917,0.4919,10.0,0.4899,16.0,6641.0,82.0
2021-01-05 09:40:17.661,0.4917,0.4916,16.0,0.4895,20.0,6641.0,82.0
2021-01-05 09:40:17.661,0.4917,0.4916,16.0,0.4896,14.0,6641.0,82.0
2021-01-05 09:40:18.161,0.4917,0.4916,16.0,0.4896,14.0,6641.0,82.0
2021-01-05 09:40:19.711,0.4917,0.4919,10.0,0.4899,16.0,6641.0,82.0
2021-01-05 09:40:20.191,0.4917,0.4918,14.0,0.4899,16.0,6641.0,82.0
2021-01-05 09:40:20.691,0.4917,0.4927,16.0,0.4905,16.0,6641.0,82.0
2021-01-05 09:40:21.200,0.4917,0.4927,16.0,0.4905,26.0,6641.0,82.0
2021-01-05 09:40:21.701,0.4917,0.4927,16.0,0.4905,56.0,6641.0,82.0
2021-01-05 09:40:22.591,0.4917,0.4927,16.0,0.4906,10.0,6641.0,82.0
2021-01-05 09:40:23.200,0.4917,0.4933,16.0,0.4911,16.0,6641.0,82.0
2021-01-05 09:40:24.160,0.4917,0.4933,16.0,0.4911,36.0,6641.0,82.0
2021-01-05 09:40:24.681,0.4917,0.4933,16.0,0.4911,36.0,6641.0,82.0
2021-01-05 09:40:25.121,0.4917,0.4933,16.0,0.4911,36.0,6641.0,82.0
2021-01-05 09:40:25.551,0.4917,0.4933,16.0,0.4911,36.0,6641.0,82.0
2021-01-05 09:40:26.181,0.4917,0.4933,16.0,0.4911,36.0,6641.0,82.0
2021-01-05 09:40:26.650,0.4917,0.4933,16.0,0.4912,10.0,6641.0,82.0
2021-01-05 09:40:27.140,0.4917,0.4933,16.0,0.4913,14.0,6641.0,82.0
2021-01-05 09:40:27.701,0.4917,0.4938,16.0,0.4916,16.0,6641.0,82.0
2021-01-05 09:40:28.200,0.4917,0.4938,16.0,0.4916,16.0,6641.0,82.0
2021-01-05 09:40:28.690,0.4917,0.4938,16.0,0.4916,16.0,6641.0,82.0
2021-01-05 09:40:29.170,0.4917,0.4938,16.0,0.4916,16.0,6641.0,82.0
2021-01-05 09:40:30.160,0.4917,0.4938,16.0,0.4916,16.0,6641.0,82.0
2021-01-05 09:40:32.611,0.4917,0.4938,16.0,0.4916,16.0,6641.0,82.0
2021-01-05 09:40:33.161,0.4917,0.4932,16.0,0.4911,36.0,6641.0,82.0
2021-01-05 09:40:33.681,0.4917,0.4932,16.0,0.4911,16.0,6641.0,82.0
2021-01-05 09:40:34.171,0.4917,0.4932,36.0,0.4911,16.0,6641.0,82.0
2021-01-05 09:40:34.601,0.4917,0.4932,16.0,0.4911,16.0,6641.0,82.0
2021-01-05 09:40:35.201,0.4917,0.4932,16.0,0.4911,16.0,6641.0,82.0
2021-01-05 09:40:35.681,0.4917,0.4932,16.0,0.4911,16.0,6641.0,82.0
2021-01-05 09:40:36.161,0.4917,0.4932,16.0,0.4911,36.0,6641.0,82.0
2021-01-05 09:40:36.620,0.4917,0.4932,16.0,0.4911,36.0,6641.0,82.0
2021-01-05 09:40:37.700,0.4917,0.4932,16.0,0.4912,10.0,6641.0,82.0
2021-01-05 09:40:38.130,0.4917,0.4932,16.0,0.4913,14.0,6641.0,82.0
2021-01-05 09:40:39.681,0.4917,0.4932,16.0,0.4913,14.0,6641.0,82.0
2021-01-05 09:40:40.151,0.4917,0.4932,16.0,0.4913,14.0,6641.0,82.0
2021-01-05 09:40:40.670,0.4917,0.4932,16.0,0.4913,14.0,6641.0,82.0
2021-01-05 09:40:41.191,0.4917,0.4927,16.0,0.491,10.0,6641.0,82.0
2021-01-05 09:40:41.640,0.4917,0.4927,16.0,0.4906,10.0,6641.0,82.0
2021-01-05 09:40:42.201,0.4917,0.4927,16.0,0.4907,14.0,6641.0,82.0
2021-01-05 09:40:42.510,0.4917,0.4927,16.0,0.4907,14.0,6641.0,82.0
2021-01-05 09:40:44.180,0.4917,0.4927,16.0,0.4907,14.0,6641.0,82.0
2021-01-05 09:40:44.610,0.4917,0.4927,16.0,0.4907,14.0,6641.0,82.0
2021-01-05 09:40:48.700,0.4917,0.4922,16.0,0.49,16.0,6641.0,82.0
2021-01-05 09:40:49.111,0.4917,0.4922,16.0,0.4902,10.0,6641.0,82.0
2021-01-05 09:40:49.620,0.4917,0.4922,16.0,0.4903,14.0,6641.0,82.0
2021-01-05 09:40:50.181,0.4917,0.4922,16.0,0.4903,14.0,6641.0,82.0
2021-01-05 09:40:50.671,0.4917,0.4922,16.0,0.4903,14.0,6641.0,82.0
2021-01-05 09:40:51.601,0.4917,0.4922,16.0,0.4903,14.0,6641.0,82.0
2021-01-05 09:40:52.661,0.4917,0.4922,16.0,0.4903,14.0,6641.0,82.0
2021-01-05 09:40:53.651,0.4917,0.4922,16.0,0.4903,14.0,6641.0,82.0
2021-01-05 09:40:54.141,0.4917,0.4922,16.0,0.4903,14.0,6641.0,82.0
2021-01-05 09:40:54.661,0.4917,0.4922,16.0,0.4903,14.0,6641.0,82.0
2021-01-05 09:40:55.111,0.4917,0.4922,16.0,0.4903,14.0,6641.0,82.0
2021-01-05 09:40:55.681,0.4917,0.4922,16.0,0.4903,14.0,6641.0,82.0
2021-01-05 09:40:56.121,0.4917,0.4927,16.0,0.4905,16.0,6641.0,82.0
2021-01-05 09:40:56.711,0.4917,0.4927,16.0,0.4905,16.0,6641.0,82.0
2021-01-05 09:40:57.180,0.4917,0.4927,16.0,0.4905,36.0,6641.0,82.0
2021-01-05 09:40:57.710,0.4917,0.4927,16.0,0.4905,36.0,6641.0,82.0
2021-01-05 09:40:58.721,0.4917,0.4927,16.0,0.4905,36.0,6641.0,82.0
2021-01-05 09:40:58.980,0.4917,0.4927,16.0,0.4905,36.0,6641.0,82.0
2021-01-05 09:40:59.721,0.4917,0.4927,16.0,0.4905,36.0,6641.0,82.0
2021-01-05 09:41:01.041,0.4917,0.4927,16.0,0.4905,36.0,6641.0,82.0
2021-01-05 09:41:01.650,0.4917,0.4927,16.0,0.4905,36.0,6641.0,82.0
2021-01-05 09:41:02.190,0.4917,0.4927,16.0,0.4905,36.0,6641.0,82.0
2021-01-05 09:41:02.661,0.4917,0.4927,16.0,0.4905,36.0,6641.0,82.0
2021-01-05 09:41:03.110,0.4917,0.4927,16.0,0.4905,36.0,6641.0,82.0
2021-01-05 09:41:03.721,0.4917,0.4927,16.0,0.4905,36.0,6641.0,82.0
2021-01-05 09:41:04.180,0.4917,0.4927,16.0,0.4905,36.0,6641.0,82.0
2021-01-05 09:41:04.680,0.4917,0.4927,16.0,0.4906,10.0,6641.0,82.0
2021-01-05 09:41:05.220,0.4917,0.4927,16.0,0.4907,14.0,6641.0,82.0
2021-01-05 09:41:05.660,0.4917,0.4927,16.0,0.4907,14.0,6641.0,82.0
2021-01-05 09:41:06.221,0.4917,0.4927,16.0,0.4907,14.0,6641.0,82.0
2021-01-05 09:41:06.620,0.4917,0.4927,16.0,0.4907,14.0,6641.0,82.0
2021-01-05 09:41:07.100,0.4917,0.4932,16.0,0.491,16.0,6641.0,82.0
2021-01-05 09:41:08.201,0.4917,0.4932,16.0,0.491,16.0,6641.0,82.0
2021-01-05 09:41:08.701,0.4917,0.4932,16.0,0.491,16.0,6641.0,82.0
2021-01-05 09:41:09.210,0.4917,0.4932,16.0,0.491,16.0,6641.0,82.0
2021-01-05 09:41:09.661,0.4917,0.4932,16.0,0.4911,10.0,6641.0,82.0
2021-01-05 09:41:10.220,0.4917,0.4932,16.0,0.4912,14.0,6641.0,82.0
2021-01-05 09:41:10.710,0.4917,0.4937,16.0,0.4916,16.0,6641.0,82.0
2021-01-05 09:41:11.210,0.4917,0.4937,16.0,0.4916,16.0,6641.0,82.0
2021-01-05 09:41:11.711,0.4917,0.4937,16.0,0.4916,16.0,6641.0,82.0
2021-01-05 09:41:12.151,0.4917,0.4937,16.0,0.4916,16.0,6641.0,82.0
2021-01-05 09:41:12.710,0.4917,0.4937,16.0,0.4916,16.0,6641.0,82.0
2021-01-05 09:41:13.161,0.4917,0.4937,16.0,0.4916,16.0,6641.0,82.0
2021-01-05 09:41:13.711,0.4917,0.4933,16.0,0.4911,36.0,6641.0,82.0
2021-01-05 09:41:14.160,0.4917,0.4933,16.0,0.4917,10.0,6641.0,82.0
2021-01-05 09:41:14.671,0.4917,0.4933,16.0,0.4917,14.0,6641.0,82.0
2021-01-05 09:41:15.180,0.4917,0.4933,16.0,0.4911,16.0,6641.0,82.0
2021-01-05 09:41:15.651,0.4917,0.4933,16.0,0.4911,16.0,6641.0,82.0
2021-01-05 09:41:17.211,0.4917,0.4933,16.0,0.4911,16.0,6641.0,82.0
2021-01-05 09:41:18.200,0.4917,0.4933,16.0,0.4911,16.0,6641.0,82.0
2021-01-05 09:41:18.600,0.4917,0.4933,16.0,0.4911,16.0,6641.0,82.0
2021-01-05 09:41:19.161,0.4917,0.4933,16.0,0.4911,26.0,6641.0,82.0
2021-01-05 09:41:19.601,0.4917,0.4933,16.0,0.4911,16.0,6641.0,82.0
2021-01-05 09:41:20.070,0.4917,0.4933,16.0,0.4911,16.0,6641.0,82.0
2021-01-05 09:41:22.700,0.4917,0.4933,16.0,0.4911,46.0,6641.0,82.0
2021-01-05 09:41:23.061,0.4917,0.4933,16.0,0.4911,46.0,6641.0,82.0
2021-01-05 09:41:24.171,0.4917,0.4933,16.0,0.4911,16.0,6641.0,82.0
2021-01-05 09:41:24.651,0.4917,0.4933,16.0,0.4911,36.0,6641.0,82.0
2021-01-05 09:41:25.120,0.4917,0.4933,16.0,0.4912,10.0,6641.0,82.0
2021-01-05 09:41:25.641,0.4917,0.4933,16.0,0.4913,14.0,6641.0,82.0
2021-01-05 09:41:26.190,0.4917,0.4939,16.0,0.4917,16.0,6641.0,82.0
2021-01-05 09:41:26.670,0.4917,0.4939,16.0,0.4917,36.0,6641.0,82.0
2021-01-05 09:41:27.131,0.4917,0.4939,16.0,0.4917,36.0,6641.0,82.0
2021-01-05 09:41:27.570,0.4917,0.4939,16.0,0.4921,10.0,6641.0,82.0
2021-01-05 09:41:28.171,0.4917,0.4939,16.0,0.4922,14.0,6641.0,82.0
2021-01-05 09:41:28.540,0.4917,0.4939,16.0,0.4922,14.0,6641.0,82.0
2021-01-05 09:41:29.690,0.4917,0.4939,16.0,0.4922,14.0,6641.0,82.0
2021-01-05 09:41:30.711,0.4917,0.4943,16.0,0.4922,16.0,6641.0,82.0
2021-01-05 09:41:31.181,0.4917,0.4943,16.0,0.4922,16.0,6641.0,82.0
2021-01-05 09:41:31.700,0.4917,0.4943,16.0,0.4922,16.0,6641.0,82.0
2021-01-05 09:41:32.670,0.4917,0.4943,16.0,0.4922,16.0,6641.0,82.0
2021-01-05 09:41:33.171,0.4917,0.4943,16.0,0.4922,16.0,6641.0,82.0
2021-01-05 09:41:33.680,0.4917,0.4943,16.0,0.4922,16.0,6641.0,82.0
2021-01-05 09:41:34.120,0.4917,0.4938,16.0,0.4917,36.0,6641.0,82.0
2021-01-05 09:41:35.221,0.4917,0.4938,16.0,0.4917,36.0,6641.0,82.0
2021-01-05 09:41:35.721,0.4917,0.4945,16.0,0.4923,16.0,6641.0,82.0
2021-01-05 09:41:36.070,0.4917,0.4945,16.0,0.4923,16.0,6641.0,82.0
2021-01-05 09:41:36.720,0.4917,0.495,16.0,0.4929,16.0,6641.0,82.0
2021-01-05 09:41:37.210,0.4917,0.495,16.0,0.4929,16.0,6641.0,82.0
2021-01-05 09:41:37.711,0.4917,0.495,16.0,0.4929,16.0,6641.0,82.0
2021-01-05 09:41:38.220,0.4917,0.4955,16.0,0.4933,16.0,6641.0,82.0
2021-01-05 09:41:38.710,0.4917,0.4955,16.0,0.4933,16.0,6641.0,82.0
2021-01-05 09:41:39.221,0.4917,0.4955,16.0,0.4933,16.0,6641.0,82.0
2021-01-05 09:41:39.521,0.4917,0.4949,16.0,0.4932,10.0,6641.0,82.0
2021-01-05 09:41:40.231,0.4917,0.4949,16.0,0.4932,14.0,6641.0,82.0
2021-01-05 09:41:41.130,0.4917,0.4949,16.0,0.4929,20.0,6641.0,82.0
2021-01-05 09:41:41.730,0.4917,0.4949,16.0,0.493,14.0,6641.0,82.0
2021-01-05 09:41:42.101,0.4917,0.4945,16.0,0.4923,46.0,6641.0,82.0
2021-01-05 09:41:42.690,0.4917,0.4945,16.0,0.4923,16.0,6641.0,82.0
2021-01-05 09:41:44.671,0.4917,0.4945,16.0,0.4923,16.0,6641.0,82.0
2021-01-05 09:41:45.190,0.4917,0.4945,16.0,0.4923,36.0,6641.0,82.0
2021-01-05 09:41:45.701,0.4917,0.4945,16.0,0.4923,16.0,6641.0,82.0
2021-01-05 09:41:46.241,0.4917,0.4945,16.0,0.4923,16.0,6641.0,82.0
2021-01-05 09:41:46.661,0.4917,0.4945,16.0,0.4923,16.0,6641.0,82.0
2021-01-05 09:41:47.201,0.4917,0.4945,16.0,0.4923,46.0,6641.0,82.0
2021-01-05 09:41:48.181,0.4917,0.4949,16.0,0.4928,16.0,6641.0,82.0
2021-01-05 09:41:49.191,0.4917,0.4949,16.0,0.4928,16.0,6641.0,82.0
2021-01-05 09:41:49.750,0.4917,0.4949,16.0,0.4928,16.0,6641.0,82.0
2021-01-05 09:41:50.231,0.4917,0.4955,16.0,0.4934,16.0,6641.0,82.0
2021-01-05 09:41:50.751,0.4917,0.4955,16.0,0.4934,16.0,6641.0,82.0
2021-01-05 09:41:51.251,0.4917,0.4955,16.0,0.4934,16.0,6641.0,82.0
2021-01-05 09:41:51.760,0.4917,0.4955,16.0,0.4934,16.0,6641.0,82.0
2021-01-05 09:41:52.261,0.4917,0.4955,16.0,0.4934,36.0,6641.0,82.0
2021-01-05 09:41:52.690,0.4917,0.4955,16.0,0.4935,10.0,6641.0,82.0
2021-01-05 09:41:53.151,0.4917,0.496,16.0,0.4938,16.0,6641.0,82.0
2021-01-05 09:41:53.681,0.4917,0.496,16.0,0.4938,16.0,6641.0,82.0
2021-01-05 09:41:55.160,0.4917,0.496,16.0,0.4938,16.0,6641.0,82.0
2021-01-05 09:41:55.671,0.4917,0.496,16.0,0.4939,10.0,6641.0,82.0
2021-01-05 09:41:56.151,0.4917,0.496,16.0,0.494,14.0,6641.0,82.0
2021-01-05 09:41:56.680,0.4917,0.496,16.0,0.494,14.0,6641.0,82.0
2021-01-05 09:41:57.110,0.4917,0.496,16.0,0.494,14.0,6641.0,82.0
2021-01-05 09:41:57.640,0.4917,0.496,16.0,0.494,14.0,6641.0,82.0
2021-01-05 09:41:58.140,0.4917,0.496,16.0,0.4941,10.0,6641.0,82.0
2021-01-05 09:41:58.660,0.4917,0.496,16.0,0.4938,36.0,6641.0,82.0
2021-01-05 09:41:59.700,0.4917,0.496,16.0,0.4938,36.0,6641.0,82.0
2021-01-05 09:42:00.151,0.4917,0.496,16.0,0.4938,36.0,6641.0,82.0
2021-01-05 09:42:00.701,0.4917,0.496,16.0,0.4938,36.0,6641.0,82.0
2021-01-05 09:42:01.181,0.4917,0.4964,16.0,0.4943,16.0,6641.0,82.0
2021-01-05 09:42:01.651,0.4917,0.4964,16.0,0.4944,10.0,6641.0,82.0
2021-01-05 09:42:02.201,0.4917,0.4964,16.0,0.4945,14.0,6641.0,82.0
2021-01-05 09:42:02.710,0.4917,0.4964,16.0,0.4945,14.0,6641.0,82.0
2021-01-05 09:42:03.161,0.4917,0.4964,16.0,0.4945,14.0,6641.0,82.0
2021-01-05 09:42:03.690,0.4917,0.4964,16.0,0.4945,14.0,6641.0,82.0
2021-01-05 09:42:04.120,0.4917,0.4964,16.0,0.4945,14.0,6641.0,82.0
2021-01-05 09:42:04.641,0.4917,0.4964,16.0,0.4945,14.0,6641.0,82.0
2021-01-05 09:42:05.211,0.4917,0.4964,16.0,0.4945,14.0,6641.0,82.0
2021-01-05 09:42:06.181,0.4917,0.4964,16.0,0.4945,14.0,6641.0,82.0
2021-01-05 09:42:06.690,0.4917,0.4964,16.0,0.4945,14.0,6641.0,82.0
2021-01-05 09:42:07.230,0.4917,0.4964,16.0,0.4945,14.0,6641.0,82.0
2021-01-05 09:42:08.721,0.4917,0.4964,16.0,0.4945,14.0,6641.0,82.0
2021-01-05 09:42:09.230,0.4917,0.4964,16.0,0.4946,10.0,6641.0,82.0
2021-01-05 09:42:09.570,0.4917,0.4964,16.0,0.4946,10.0,6641.0,82.0
2021-01-05 09:42:10.220,0.4917,0.4964,16.0,0.4947,14.0,6641.0,82.0
2021-01-05 09:42:10.681,0.4917,0.4969,16.0,0.4947,16.0,6641.0,82.0
2021-01-05 09:42:11.211,0.4917,0.4969,16.0,0.4949,10.0,6641.0,82.0
2021-01-05 09:42:11.651,0.4917,0.4974,16.0,0.4952,16.0,6641.0,82.0
2021-01-05 09:42:12.210,0.4917,0.4974,16.0,0.4952,36.0,6641.0,82.0
2021-01-05 09:42:13.211,0.4917,0.4974,16.0,0.4952,36.0,6641.0,82.0
2021-01-05 09:42:13.731,0.4917,0.4974,16.0,0.4952,16.0,6641.0,82.0
2021-01-05 09:42:15.151,0.4917,0.4974,36.0,0.4952,16.0,6641.0,82.0
2021-01-05 09:42:16.181,0.4917,0.4974,36.0,0.4952,16.0,6641.0,82.0
2021-01-05 09:42:16.701,0.4917,0.4974,36.0,0.4952,16.0,6641.0,82.0
2021-01-05 09:42:17.241,0.4917,0.4974,36.0,0.4952,16.0,6641.0,82.0
2021-01-05 09:42:17.681,0.4917,0.4974,36.0,0.4952,26.0,6641.0,82.0
2021-01-05 09:42:18.100,0.4917,0.4974,36.0,0.4952,16.0,6641.0,82.0
2021-01-05 09:42:18.701,0.4917,0.4968,16.0,0.4947,10.0,6641.0,82.0
2021-01-05 09:42:19.210,0.4917,0.4968,16.0,0.4948,14.0,6641.0,82.0
2021-01-05 09:42:20.150,0.4917,0.4968,16.0,0.4948,14.0,6641.0,82.0
2021-01-05 09:42:20.751,0.4917,0.4968,16.0,0.4948,14.0,6641.0,82.0
2021-01-05 09:42:21.621,0.4917,0.4968,16.0,0.4948,14.0,6641.0,82.0
2021-01-05 09:42:22.221,0.4917,0.4968,16.0,0.4948,24.0,6641.0,82.0
2021-01-05 09:42:22.570,0.4917,0.4972,16.0,0.4951,16.0,6641.0,82.0
2021-01-05 09:42:23.631,0.4917,0.4972,16.0,0.4951,16.0,6641.0,82.0
2021-01-05 09:42:24.151,0.4917,0.4972,16.0,0.4951,16.0,6641.0,82.0
2021-01-05 09:42:24.670,0.4917,0.4972,16.0,0.4951,16.0,6641.0,82.0
2021-01-05 09:42:25.511,0.4917,0.4972,16.0,0.4952,10.0,6641.0,82.0
2021-01-05 09:42:26.130,0.4917,0.4972,16.0,0.4953,14.0,6641.0,82.0
2021-01-05 09:42:27.171,0.4917,0.4972,16.0,0.4953,14.0,6641.0,82.0
2021-01-05 09:42:28.641,0.4917,0.4972,16.0,0.4953,14.0,6641.0,82.0
2021-01-05 09:42:29.720,0.4917,0.4972,16.0,0.4954,10.0,6641.0,82.0
2021-01-05 09:42:30.110,0.4917,0.4972,16.0,0.4954,10.0,6641.0,82.0
2021-01-05 09:42:30.710,0.4917,0.4972,16.0,0.4955,14.0,6641.0,82.0
2021-01-05 09:42:31.200,0.4917,0.4972,16.0,0.4956,10.0,6641.0,82.0
2021-01-05 09:42:31.720,0.4917,0.4977,16.0,0.4956,10.0,6641.0,82.0
2021-01-05 09:42:32.131,0.4917,0.4977,16.0,0.4957,14.0,6641.0,82.0
2021-01-05 09:42:33.230,0.4917,0.4977,16.0,0.4957,14.0,6641.0,82.0
2021-01-05 09:42:33.720,0.4917,0.4977,16.0,0.4957,14.0,6641.0,82.0
2021-01-05 09:42:34.210,0.4917,0.4977,16.0,0.4957,14.0,6641.0,82.0
2021-01-05 09:42:35.701,0.4917,0.4977,16.0,0.4957,14.0,6641.0,82.0
2021-01-05 09:42:36.141,0.4917,0.4977,16.0,0.4957,14.0,6641.0,82.0
2021-01-05 09:42:36.650,0.4917,0.4977,16.0,0.4957,14.0,6641.0,82.0
2021-01-05 09:42:37.251,0.4917,0.4977,16.0,0.4957,14.0,6641.0,82.0
2021-01-05 09:42:40.221,0.4917,0.4977,16.0,0.4957,24.0,6641.0,82.0
2021-01-05 09:42:41.731,0.4917,0.4982,16.0,0.496,16.0,6641.0,82.0
2021-01-05 09:42:42.250,0.4917,0.4982,16.0,0.496,16.0,6641.0,82.0
2021-01-05 09:42:42.711,0.4917,0.4982,16.0,0.496,16.0,6641.0,82.0
2021-01-05 09:42:43.251,0.4917,0.4982,16.0,0.496,16.0,6641.0,82.0
2021-01-05 09:42:43.741,0.4917,0.4982,16.0,0.496,16.0,6641.0,82.0
2021-01-05 09:42:44.211,0.4917,0.4982,16.0,0.496,16.0,6641.0,82.0
2021-01-05 09:42:44.751,0.4917,0.4982,16.0,0.4961,20.0,6641.0,82.0
2021-01-05 09:42:45.191,0.4917,0.4982,16.0,0.4962,14.0,6641.0,82.0
2021-01-05 09:42:45.650,0.4917,0.4982,16.0,0.4962,14.0,6641.0,82.0
2021-01-05 09:42:46.240,0.4917,0.4982,16.0,0.4962,14.0,6641.0,82.0
2021-01-05 09:42:46.741,0.4917,0.4982,16.0,0.4962,14.0,6641.0,82.0
2021-01-05 09:42:47.231,0.4917,0.4982,16.0,0.4962,14.0,6641.0,82.0
2021-01-05 09:42:48.720,0.4917,0.4982,16.0,0.4962,14.0,6641.0,82.0
2021-01-05 09:42:49.750,0.4917,0.4982,16.0,0.4962,14.0,6641.0,82.0
2021-01-05 09:42:50.261,0.4917,0.4982,16.0,0.4962,14.0,6641.0,82.0
2021-01-05 09:42:51.060,0.4917,0.4982,16.0,0.4962,14.0,6641.0,82.0
2021-01-05 09:42:52.251,0.4917,0.4982,16.0,0.4962,14.0,6641.0,82.0
2021-01-05 09:42:52.601,0.4917,0.4982,16.0,0.4962,14.0,6641.0,82.0
2021-01-05 09:42:53.640,0.4917,0.4982,16.0,0.4962,24.0,6641.0,82.0
2021-01-05 09:42:55.190,0.4917,0.4982,16.0,0.4962,14.0,6641.0,82.0
2021-01-05 09:42:55.701,0.4917,0.4982,16.0,0.4962,24.0,6641.0,82.0
2021-01-05 09:42:56.631,0.4917,0.4982,16.0,0.4962,14.0,6641.0,82.0
2021-01-05 09:42:57.171,0.4917,0.4982,16.0,0.4962,24.0,6641.0,82.0
2021-01-05 09:42:57.661,0.4917,0.4986,16.0,0.4965,16.0,6641.0,82.0
2021-01-05 09:42:58.220,0.4917,0.4986,16.0,0.4965,16.0,6641.0,82.0
2021-01-05 09:42:58.731,0.4917,0.4986,16.0,0.4965,36.0,6641.0,82.0
2021-01-05 09:42:59.230,0.4917,0.4982,16.0,0.4965,20.0,6641.0,82.0
2021-01-05 09:42:59.730,0.4917,0.4982,16.0,0.4966,14.0,6641.0,82.0
2021-01-05 09:43:00.200,0.4917,0.4982,16.0,0.4966,14.0,6641.0,82.0
2021-01-05 09:43:00.721,0.4917,0.4986,16.0,0.4966,14.0,6641.0,82.0
2021-01-05 09:43:01.211,0.4917,0.4986,16.0,0.4966,14.0,6641.0,82.0
2021-01-05 09:43:01.701,0.4917,0.4986,16.0,0.4966,14.0,6641.0,82.0
2021-01-05 09:43:02.150,0.4917,0.4986,16.0,0.4966,14.0,6641.0,82.0
2021-01-05 09:43:02.681,0.4917,0.4986,16.0,0.4966,24.0,6641.0,82.0
2021-01-05 09:43:03.241,0.4917,0.4986,16.0,0.4966,44.0,6641.0,82.0
2021-01-05 09:43:04.740,0.4917,0.4986,16.0,0.4966,34.0,6641.0,82.0
2021-01-05 09:43:05.251,0.4917,0.4986,16.0,0.4966,14.0,6641.0,82.0
2021-01-05 09:43:05.681,0.4917,0.4981,16.0,0.496,20.0,6641.0,82.0
2021-01-05 09:43:06.171,0.4917,0.4981,36.0,0.4961,14.0,6641.0,82.0
2021-01-05 09:43:06.471,0.4917,0.4981,36.0,0.4961,14.0,6641.0,82.0
2021-01-05 09:43:07.231,0.4917,0.4981,36.0,0.4961,14.0,6641.0,82.0
2021-01-05 09:43:07.710,0.4917,0.4981,36.0,0.4961,14.0,6641.0,82.0
2021-01-05 09:43:08.181,0.4917,0.4981,36.0,0.4961,14.0,6641.0,82.0
2021-01-05 09:43:09.231,0.4917,0.4981,36.0,0.4961,14.0,6641.0,82.0
2021-01-05 09:43:09.740,0.4917,0.4981,36.0,0.4961,14.0,6641.0,82.0
2021-01-05 09:43:10.150,0.4917,0.4981,16.0,0.4961,14.0,6641.0,82.0
2021-01-05 09:43:11.750,0.4917,0.4981,16.0,0.4962,10.0,6641.0,82.0
2021-01-05 09:43:12.171,0.4917,0.4981,16.0,0.496,10.0,6641.0,82.0
2021-01-05 09:43:12.730,0.4917,0.4981,16.0,0.4961,14.0,6641.0,82.0
2021-01-05 09:43:13.210,0.4917,0.4981,16.0,0.4961,14.0,6641.0,82.0
2021-01-05 09:43:13.740,0.4917,0.4981,16.0,0.4961,14.0,6641.0,82.0
2021-01-05 09:43:14.270,0.4917,0.4981,16.0,0.4961,14.0,6641.0,82.0
2021-01-05 09:43:15.241,0.4917,0.4976,16.0,0.4954,16.0,6641.0,82.0
2021-01-05 09:43:15.771,0.4917,0.4976,16.0,0.4954,16.0,6641.0,82.0
2021-01-05 09:43:16.270,0.4917,0.4976,16.0,0.4954,16.0,6641.0,82.0
2021-01-05 09:43:16.720,0.4917,0.4976,16.0,0.4954,26.0,6641.0,82.0
2021-01-05 09:43:17.271,0.4917,0.4976,16.0,0.4954,16.0,6641.0,82.0
2021-01-05 09:43:17.771,0.4917,0.4976,16.0,0.4955,10.0,6641.0,82.0
2021-01-05 09:43:18.270,0.4917,0.4976,16.0,0.4956,14.0,6641.0,82.0
2021-01-05 09:43:20.731,0.4917,0.4976,36.0,0.4956,14.0,6641.0,82.0
2021-01-05 09:43:21.271,0.4917,0.4976,20.0,0.4959,16.0,6641.0,82.0
2021-01-05 09:43:21.701,0.4917,0.4975,14.0,0.4959,16.0,6641.0,82.0
2021-01-05 09:43:22.281,0.4917,0.498,16.0,0.4959,16.0,6641.0,82.0
2021-01-05 09:43:22.671,0.4917,0.498,16.0,0.4959,16.0,6641.0,82.0
2021-01-05 09:43:23.190,0.4917,0.498,16.0,0.4959,16.0,6641.0,82.0
2021-01-05 09:43:23.611,0.4917,0.498,16.0,0.4959,16.0,6641.0,82.0
2021-01-05 09:43:24.120,0.4917,0.498,16.0,0.4959,16.0,6641.0,82.0
2021-01-05 09:43:25.201,0.4917,0.498,16.0,0.4959,26.0,6641.0,82.0
2021-01-05 09:43:25.701,0.4917,0.4985,16.0,0.4963,16.0,6641.0,82.0
2021-01-05 09:43:26.181,0.4917,0.4985,16.0,0.4963,16.0,6641.0,82.0
2021-01-05 09:43:26.621,0.4917,0.4985,16.0,0.4963,16.0,6641.0,82.0
2021-01-05 09:43:27.190,0.4917,0.4985,16.0,0.4963,16.0,6641.0,82.0
2021-01-05 09:43:27.620,0.4917,0.4985,16.0,0.4963,16.0,6641.0,82.0
2021-01-05 09:43:29.080,0.4917,0.4985,16.0,0.4963,16.0,6641.0,82.0
2021-01-05 09:43:30.050,0.4917,0.4985,16.0,0.4963,16.0,6641.0,82.0
2021-01-05 09:43:30.701,0.4917,0.4985,16.0,0.4963,16.0,6641.0,82.0
2021-01-05 09:43:31.111,0.4917,0.4985,16.0,0.4963,16.0,6641.0,82.0
2021-01-05 09:43:31.720,0.4917,0.4985,16.0,0.4963,16.0,6641.0,82.0
2021-01-05 09:43:32.701,0.4917,0.4985,16.0,0.4963,26.0,6641.0,82.0
2021-01-05 09:43:33.141,0.4917,0.4985,16.0,0.4963,16.0,6641.0,82.0
2021-01-05 09:43:34.221,0.4917,0.4985,16.0,0.4963,16.0,6641.0,82.0
2021-01-05 09:43:34.691,0.4917,0.4985,16.0,0.4963,26.0,6641.0,82.0
2021-01-05 09:43:35.160,0.4917,0.4985,16.0,0.4963,16.0,6641.0,82.0
2021-01-05 09:43:35.681,0.4917,0.4985,16.0,0.4963,16.0,6641.0,82.0
2021-01-05 09:43:36.661,0.4917,0.4985,16.0,0.4963,16.0,6641.0,82.0
2021-01-05 09:43:37.631,0.4917,0.4985,16.0,0.4963,16.0,6641.0,82.0
2021-01-05 09:43:38.221,0.4963,0.4987,20.0,0.4961,10.0,6641.0,92.0
2021-01-05 09:43:39.241,0.4963,0.4983,16.0,0.4963,10.0,6641.0,92.0
2021-01-05 09:43:39.711,0.4963,0.4983,16.0,0.4964,14.0,6641.0,92.0
2021-01-05 09:43:40.731,0.4963,0.4983,16.0,0.4964,14.0,6641.0,92.0
2021-01-05 09:43:41.730,0.4963,0.4983,16.0,0.4964,14.0,6641.0,92.0
2021-01-05 09:43:42.191,0.4963,0.4983,16.0,0.4964,14.0,6641.0,92.0
2021-01-05 09:43:43.231,0.4963,0.4983,16.0,0.4964,14.0,6641.0,92.0
2021-01-05 09:43:43.711,0.4963,0.4983,16.0,0.4964,14.0,6641.0,92.0
2021-01-05 09:43:44.251,0.4963,0.4983,16.0,0.4964,14.0,6641.0,92.0
2021-01-05 09:43:44.670,0.4963,0.4983,16.0,0.4964,14.0,6641.0,92.0
2021-01-05 09:43:45.221,0.4963,0.4983,16.0,0.4964,14.0,6641.0,92.0
2021-01-05 09:43:45.720,0.4963,0.4983,16.0,0.4964,14.0,6641.0,92.0
2021-01-05 09:43:46.151,0.4963,0.4983,16.0,0.4964,14.0,6641.0,92.0
2021-01-05 09:43:46.750,0.4963,0.4983,16.0,0.4964,14.0,6641.0,92.0
2021-01-05 09:43:47.250,0.4963,0.4983,16.0,0.4964,14.0,6641.0,92.0
2021-01-05 09:43:47.661,0.4963,0.4983,16.0,0.4964,14.0,6641.0,92.0
2021-01-05 09:43:48.220,0.4963,0.4983,16.0,0.4964,14.0,6641.0,92.0
2021-01-05 09:43:48.641,0.4963,0.4983,16.0,0.4961,16.0,6641.0,92.0
2021-01-05 09:43:49.221,0.4963,0.4978,16.0,0.4956,16.0,6641.0,92.0
2021-01-05 09:43:49.511,0.4963,0.4978,36.0,0.4956,16.0,6641.0,92.0
2021-01-05 09:43:50.170,0.4963,0.4978,36.0,0.4956,16.0,6641.0,92.0
2021-01-05 09:43:50.721,0.4963,0.4972,16.0,0.4951,16.0,6641.0,92.0
2021-01-05 09:43:51.660,0.4963,0.4972,16.0,0.4951,16.0,6641.0,92.0
2021-01-05 09:43:52.200,0.4963,0.4972,16.0,0.4951,16.0,6641.0,92.0
2021-01-05 09:43:52.681,0.4963,0.4972,36.0,0.4951,16.0,6641.0,92.0
2021-01-05 09:43:53.201,0.4963,0.4972,36.0,0.4951,16.0,6641.0,92.0
2021-01-05 09:43:53.610,0.4963,0.4972,36.0,0.4951,16.0,6641.0,92.0
2021-01-05 09:43:54.191,0.4963,0.4972,36.0,0.4951,16.0,6641.0,92.0
2021-01-05 09:43:55.660,0.4963,0.4972,36.0,0.4951,16.0,6641.0,92.0
2021-01-05 09:43:56.200,0.4963,0.4968,16.0,0.4947,20.0,6641.0,92.0
2021-01-05 09:43:56.721,0.4963,0.4968,16.0,0.4948,14.0,6641.0,92.0
2021-01-05 09:43:57.650,0.4963,0.4968,16.0,0.4948,24.0,6641.0,92.0
2021-01-05 09:43:58.190,0.4963,0.4968,16.0,0.4948,14.0,6641.0,92.0
2021-01-05 09:43:58.711,0.4963,0.4968,16.0,0.4948,14.0,6641.0,92.0
2021-01-05 09:43:59.170,0.4963,0.4968,16.0,0.4948,24.0,6641.0,92.0
2021-01-05 09:44:00.131,0.4963,0.4968,16.0,0.4948,14.0,6641.0,92.0
2021-01-05 09:44:00.701,0.4963,0.4968,16.0,0.4948,14.0,6641.0,92.0
2021-01-05 09:44:01.621,0.4963,0.4968,16.0,0.4948,14.0,6641.0,92.0
2021-01-05 09:44:02.711,0.4963,0.4968,16.0,0.4948,14.0,6641.0,92.0
2021-01-05 09:44:03.241,0.4963,0.4968,16.0,0.4948,14.0,6641.0,92.0
2021-01-05 09:44:03.731,0.4963,0.4962,16.0,0.4941,20.0,6641.0,92.0
2021-01-05 09:44:04.230,0.4963,0.4971,10.0,0.4938,10.0,6641.0,92.0
2021-01-05 09:44:04.751,0.4963,0.4956,16.0,0.4939,14.0,6641.0,92.0
2021-01-05 09:44:05.260,0.4963,0.4956,16.0,0.4939,14.0,6641.0,92.0
2021-01-05 09:44:05.750,0.4963,0.4956,16.0,0.4939,14.0,6641.0,92.0
2021-01-05 09:44:06.261,0.4963,0.4956,16.0,0.4939,14.0,6641.0,92.0
2021-01-05 09:44:06.770,0.4963,0.4956,16.0,0.4939,14.0,6641.0,92.0
2021-01-05 09:44:07.281,0.4963,0.4956,16.0,0.4939,14.0,6641.0,92.0
2021-01-05 09:44:07.750,0.4963,0.4956,16.0,0.4939,14.0,6641.0,92.0
2021-01-05 09:44:08.261,0.4963,0.4956,16.0,0.4939,14.0,6641.0,92.0
2021-01-05 09:44:09.780,0.4963,0.4956,16.0,0.4934,16.0,6641.0,92.0
2021-01-05 09:44:10.781,0.4963,0.4956,16.0,0.4934,16.0,6641.0,92.0
2021-01-05 09:44:11.271,0.4963,0.4956,16.0,0.4934,16.0,6641.0,92.0
2021-01-05 09:44:12.270,0.4963,0.4956,16.0,0.4934,16.0,6641.0,92.0
2021-01-05 09:44:13.230,0.4963,0.4956,16.0,0.4934,16.0,6641.0,92.0
2021-01-05 09:44:14.260,0.4963,0.4956,16.0,0.4934,16.0,6641.0,92.0
2021-01-05 09:44:15.280,0.4963,0.4956,16.0,0.4934,16.0,6641.0,92.0
2021-01-05 09:44:16.281,0.4963,0.4956,16.0,0.4934,16.0,6641.0,92.0
2021-01-05 09:44:17.280,0.4963,0.4956,16.0,0.4934,16.0,6641.0,92.0
2021-01-05 09:44:17.770,0.4963,0.4956,16.0,0.4934,16.0,6641.0,92.0
2021-01-05 09:44:18.231,0.4963,0.496,20.0,0.4937,10.0,6641.0,92.0
2021-01-05 09:44:18.780,0.4963,0.4961,16.0,0.494,16.0,6641.0,92.0
2021-01-05 09:44:19.261,0.4963,0.4961,16.0,0.494,16.0,6641.0,92.0
2021-01-05 09:44:19.801,0.4963,0.4961,16.0,0.494,16.0,6641.0,92.0
2021-01-05 09:44:20.300,0.4963,0.4961,16.0,0.494,16.0,6641.0,92.0
2021-01-05 09:44:20.801,0.4963,0.4961,16.0,0.494,16.0,6641.0,92.0
2021-01-05 09:44:21.270,0.4963,0.4961,16.0,0.494,16.0,6641.0,92.0
2021-01-05 09:44:21.760,0.4963,0.4961,16.0,0.494,16.0,6641.0,92.0
2021-01-05 09:44:22.131,0.4963,0.4961,16.0,0.494,16.0,6641.0,92.0
2021-01-05 09:44:22.580,0.4963,0.4961,16.0,0.494,16.0,6641.0,92.0
2021-01-05 09:44:24.171,0.4963,0.4957,16.0,0.4937,10.0,6641.0,92.0
2021-01-05 09:44:24.680,0.4963,0.4957,16.0,0.4938,14.0,6641.0,92.0
2021-01-05 09:44:25.660,0.4963,0.4957,16.0,0.4938,14.0,6641.0,92.0
2021-01-05 09:44:26.201,0.4963,0.4957,16.0,0.4938,14.0,6641.0,92.0
2021-01-05 09:44:26.701,0.4963,0.4957,16.0,0.4938,14.0,6641.0,92.0
2021-01-05 09:44:27.201,0.4963,0.4957,16.0,0.4938,14.0,6641.0,92.0
2021-01-05 09:44:28.680,0.4963,0.4957,16.0,0.4938,14.0,6641.0,92.0
2021-01-05 09:44:29.200,0.4963,0.4957,16.0,0.4938,14.0,6641.0,92.0
2021-01-05 09:44:29.631,0.4963,0.4957,16.0,0.4938,14.0,6641.0,92.0
2021-01-05 09:44:30.201,0.4963,0.4957,16.0,0.4938,14.0,6641.0,92.0
2021-01-05 09:44:30.720,0.4963,0.4957,16.0,0.4938,14.0,6641.0,92.0
2021-01-05 09:44:31.730,0.4963,0.4958,20.0,0.493,20.0,6641.0,92.0
2021-01-05 09:44:32.220,0.4963,0.4952,16.0,0.4931,16.0,6641.0,92.0
2021-01-05 09:44:32.680,0.4963,0.4952,16.0,0.4931,16.0,6641.0,92.0
2021-01-05 09:44:33.231,0.4963,0.4952,36.0,0.4931,16.0,6641.0,92.0
2021-01-05 09:44:33.730,0.4963,0.4952,16.0,0.4931,16.0,6641.0,92.0
2021-01-05 09:44:34.141,0.4963,0.4948,16.0,0.4927,30.0,6641.0,92.0
2021-01-05 09:44:34.520,0.4963,0.4948,16.0,0.4928,14.0,6641.0,92.0
2021-01-05 09:44:35.740,0.4963,0.4948,16.0,0.4928,14.0,6641.0,92.0
2021-01-05 09:44:36.220,0.4963,0.4948,16.0,0.4928,14.0,6641.0,92.0
2021-01-05 09:44:37.240,0.4963,0.4948,16.0,0.4928,14.0,6641.0,92.0
2021-01-05 09:44:37.751,0.4963,0.4948,16.0,0.4928,14.0,6641.0,92.0
2021-01-05 09:44:38.201,0.4963,0.4948,16.0,0.4928,14.0,6641.0,92.0
2021-01-05 09:44:38.731,0.4963,0.4948,16.0,0.4928,14.0,6641.0,92.0
2021-01-05 09:44:39.661,0.4963,0.4948,16.0,0.4928,14.0,6641.0,92.0
2021-01-05 09:44:40.250,0.4963,0.4948,16.0,0.4928,14.0,6641.0,92.0
2021-01-05 09:44:40.740,0.4963,0.4948,16.0,0.4928,14.0,6641.0,92.0
2021-01-05 09:44:41.251,0.4963,0.4943,16.0,0.4928,14.0,6641.0,92.0
2021-01-05 09:44:41.730,0.4963,0.4943,16.0,0.4922,16.0,6641.0,92.0
2021-01-05 09:44:42.250,0.4963,0.4943,16.0,0.4922,16.0,6641.0,92.0
2021-01-05 09:44:42.731,0.4963,0.4943,16.0,0.4922,16.0,6641.0,92.0
2021-01-05 09:44:43.251,0.4963,0.4943,16.0,0.4922,16.0,6641.0,92.0
2021-01-05 09:44:43.760,0.4963,0.4943,16.0,0.4922,16.0,6641.0,92.0
2021-01-05 09:44:44.260,0.4963,0.4943,16.0,0.4922,16.0,6641.0,92.0
2021-01-05 09:44:44.761,0.4963,0.4943,16.0,0.4922,16.0,6641.0,92.0
2021-01-05 09:44:45.261,0.4963,0.4952,30.0,0.4922,10.0,6641.0,92.0
2021-01-05 09:44:45.760,0.4963,0.4952,16.0,0.4931,16.0,6641.0,92.0
2021-01-05 09:44:46.271,0.4963,0.4952,16.0,0.4931,16.0,6641.0,92.0
2021-01-05 09:44:46.771,0.4963,0.4952,16.0,0.4931,16.0,6641.0,92.0
2021-01-05 09:44:47.251,0.4963,0.4952,16.0,0.4931,16.0,6641.0,92.0
2021-01-05 09:44:47.770,0.4963,0.4952,16.0,0.4931,16.0,6641.0,92.0
2021-01-05 09:44:48.271,0.4963,0.4952,16.0,0.4931,16.0,6641.0,92.0
2021-01-05 09:44:48.780,0.4963,0.4952,16.0,0.4931,16.0,6641.0,92.0
2021-01-05 09:44:49.800,0.4963,0.4952,16.0,0.4931,16.0,6641.0,92.0
2021-01-05 09:44:50.300,0.4963,0.4952,16.0,0.4931,16.0,6641.0,92.0
2021-01-05 09:44:50.811,0.4963,0.4952,16.0,0.4931,16.0,6641.0,92.0
2021-01-05 09:44:51.270,0.4963,0.4952,16.0,0.4931,16.0,6641.0,92.0
2021-01-05 09:44:51.810,0.4963,0.4952,16.0,0.4931,16.0,6641.0,92.0
2021-01-05 09:44:53.201,0.4963,0.4952,16.0,0.4931,16.0,6641.0,92.0
2021-01-05 09:44:53.710,0.4963,0.4952,16.0,0.4931,16.0,6641.0,92.0
2021-01-05 09:44:54.970,0.4963,0.4952,16.0,0.4931,16.0,6641.0,92.0
2021-01-05 09:44:55.700,0.4963,0.4952,16.0,0.4931,16.0,6641.0,92.0
2021-01-05 09:44:56.220,0.4963,0.4952,16.0,0.4931,16.0,6641.0,92.0
2021-01-05 09:44:56.720,0.4963,0.4952,16.0,0.4931,16.0,6641.0,92.0
2021-01-05 09:44:57.431,0.4963,0.4952,16.0,0.4931,16.0,6641.0,92.0
2021-01-05 09:44:58.120,0.4963,0.4946,16.0,0.4929,10.0,6641.0,92.0
2021-01-05 09:44:58.720,0.4963,0.4946,16.0,0.4924,16.0,6641.0,92.0
2021-01-05 09:44:59.190,0.4963,0.4946,16.0,0.4924,16.0,6641.0,92.0
2021-01-05 09:44:59.711,0.4963,0.4941,16.0,0.492,20.0,6641.0,92.0
2021-01-05 09:45:00.061,0.4963,0.4941,16.0,0.4921,14.0,6641.0,92.0
2021-01-05 09:45:00.061,0.4963,0.4941,16.0,0.4921,14.0,6641.0,92.0
2021-01-05 09:45:01.221,0.4963,0.4941,16.0,0.4921,14.0,6641.0,92.0
2021-01-05 09:45:01.680,0.4963,0.4936,16.0,0.4921,14.0,6641.0,92.0
2021-01-05 09:45:02.061,0.4963,0.4936,16.0,0.4915,16.0,6641.0,92.0
2021-01-05 09:45:02.710,0.4963,0.4936,16.0,0.4915,16.0,6641.0,92.0
2021-01-05 09:45:03.190,0.4963,0.4936,16.0,0.4915,16.0,6641.0,92.0
2021-01-05 09:45:03.680,0.4963,0.4936,16.0,0.4915,16.0,6641.0,92.0
2021-01-05 09:45:04.191,0.4963,0.4933,10.0,0.4915,16.0,6641.0,92.0
2021-01-05 09:45:04.700,0.4963,0.4932,16.0,0.4911,20.0,6641.0,92.0
2021-01-05 09:45:05.221,0.4963,0.4915,1.0,0.4912,14.0,6641.0,92.0
2021-01-05 09:45:05.720,0.4963,0.4925,16.0,0.4904,20.0,6641.0,92.0
2021-01-05 09:45:06.220,0.4963,0.4925,16.0,0.4905,14.0,6641.0,92.0
2021-01-05 09:45:06.721,0.4963,0.4925,36.0,0.4905,14.0,6641.0,92.0
2021-01-05 09:45:07.130,0.4963,0.4925,16.0,0.4905,14.0,6641.0,92.0
2021-01-05 09:45:07.720,0.4963,0.4925,16.0,0.4905,34.0,6641.0,92.0
2021-01-05 09:45:08.181,0.4963,0.4929,16.0,0.4908,16.0,6641.0,92.0
2021-01-05 09:45:08.700,0.4963,0.4929,16.0,0.4908,16.0,6641.0,92.0
2021-01-05 09:45:09.190,0.4963,0.4929,16.0,0.4908,16.0,6641.0,92.0
2021-01-05 09:45:09.710,0.4963,0.4923,16.0,0.4902,16.0,6641.0,92.0
2021-01-05 09:45:10.200,0.4963,0.4923,16.0,0.4902,16.0,6641.0,92.0
2021-01-05 09:45:10.700,0.4963,0.4923,16.0,0.4902,16.0,6641.0,92.0
2021-01-05 09:45:11.091,0.4963,0.4923,16.0,0.4903,10.0,6641.0,92.0
2021-01-05 09:45:11.720,0.4963,0.4923,16.0,0.4904,14.0,6641.0,92.0
2021-01-05 09:45:12.150,0.4963,0.4923,16.0,0.4904,14.0,6641.0,92.0
2021-01-05 09:45:12.701,0.4963,0.4923,16.0,0.4904,14.0,6641.0,92.0
2021-01-05 09:45:13.220,0.4963,0.4918,16.0,0.4897,26.0,6641.0,92.0
2021-01-05 09:45:13.681,0.4963,0.4918,16.0,0.4897,16.0,6641.0,92.0
2021-01-05 09:45:14.181,0.4963,0.4918,16.0,0.4897,16.0,6641.0,92.0
2021-01-05 09:45:14.701,0.4963,0.4918,16.0,0.4897,16.0,6641.0,92.0
2021-01-05 09:45:15.230,0.4963,0.4918,16.0,0.4897,16.0,6641.0,92.0
2021-01-05 09:45:15.721,0.4963,0.4913,16.0,0.4892,16.0,6641.0,92.0
2021-01-05 09:45:16.230,0.4963,0.4913,16.0,0.4892,16.0,6641.0,92.0
2021-01-05 09:45:16.630,0.4963,0.4909,16.0,0.4889,10.0,6641.0,92.0
2021-01-05 09:45:17.170,0.4963,0.4909,16.0,0.489,14.0,6641.0,92.0
2021-01-05 09:45:17.731,0.4963,0.4909,16.0,0.489,14.0,6641.0,92.0
2021-01-05 09:45:18.691,0.4963,0.4909,16.0,0.489,14.0,6641.0,92.0
2021-01-05 09:45:19.191,0.4963,0.4909,16.0,0.489,14.0,6641.0,92.0
2021-01-05 09:45:19.731,0.4963,0.4909,16.0,0.489,14.0,6641.0,92.0
2021-01-05 09:45:20.741,0.4963,0.4913,16.0,0.4892,16.0,6641.0,92.0
2021-01-05 09:45:21.191,0.4963,0.4913,16.0,0.4892,16.0,6641.0,92.0
2021-01-05 09:45:22.240,0.4963,0.4913,16.0,0.4892,16.0,6641.0,92.0
2021-01-05 09:45:22.710,0.4963,0.4913,16.0,0.4892,16.0,6641.0,92.0
2021-01-05 09:45:23.160,0.4963,0.4913,16.0,0.4892,16.0,6641.0,92.0
2021-01-05 09:45:23.671,0.4963,0.4913,16.0,0.4892,16.0,6641.0,92.0
2021-01-05 09:45:24.701,0.4963,0.4913,16.0,0.4892,16.0,6641.0,92.0
2021-01-05 09:45:25.690,0.4963,0.4913,16.0,0.4892,16.0,6641.0,92.0
2021-01-05 09:45:26.220,0.4963,0.4913,16.0,0.4892,16.0,6641.0,92.0
2021-01-05 09:45:26.681,0.4963,0.4913,16.0,0.4892,16.0,6641.0,92.0
2021-01-05 09:45:27.211,0.4963,0.4913,16.0,0.4892,16.0,6641.0,92.0
2021-01-05 09:45:27.711,0.4963,0.4913,16.0,0.4892,16.0,6641.0,92.0
2021-01-05 09:45:28.210,0.4963,0.4913,16.0,0.4892,16.0,6641.0,92.0
2021-01-05 09:45:28.700,0.4963,0.4913,16.0,0.4892,16.0,6641.0,92.0
2021-01-05 09:45:29.140,0.4963,0.4919,16.0,0.4898,16.0,6641.0,92.0
2021-01-05 09:45:30.210,0.4963,0.4919,16.0,0.4898,36.0,6641.0,92.0
2021-01-05 09:45:30.541,0.4963,0.4924,16.0,0.4902,16.0,6641.0,92.0
2021-01-05 09:45:31.211,0.4963,0.4924,16.0,0.4902,36.0,6641.0,92.0
2021-01-05 09:45:31.680,0.4963,0.4924,16.0,0.4902,36.0,6641.0,92.0
2021-01-05 09:45:32.160,0.4963,0.4924,16.0,0.4902,36.0,6641.0,92.0
2021-01-05 09:45:33.180,0.4963,0.4924,16.0,0.4902,36.0,6641.0,92.0
2021-01-05 09:45:34.220,0.4963,0.4924,16.0,0.4902,36.0,6641.0,92.0
2021-01-05 09:45:35.190,0.4963,0.4924,16.0,0.4902,36.0,6641.0,92.0
2021-01-05 09:45:35.731,0.4963,0.4924,16.0,0.4902,36.0,6641.0,92.0
2021-01-05 09:45:37.230,0.4963,0.4928,16.0,0.4907,16.0,6641.0,92.0
2021-01-05 09:45:39.210,0.4963,0.4928,36.0,0.4907,16.0,6641.0,92.0
2021-01-05 09:45:39.710,0.4963,0.4928,16.0,0.4907,16.0,6641.0,92.0
2021-01-05 09:45:40.240,0.4963,0.4928,16.0,0.4907,16.0,6641.0,92.0
2021-01-05 09:45:42.240,0.4963,0.4928,16.0,0.4907,16.0,6641.0,92.0
2021-01-05 09:45:42.711,0.4963,0.4928,16.0,0.4907,16.0,6641.0,92.0
2021-01-05 09:45:43.220,0.4963,0.4928,16.0,0.4907,16.0,6641.0,92.0
2021-01-05 09:45:43.710,0.4963,0.4928,16.0,0.4907,16.0,6641.0,92.0
2021-01-05 09:45:44.201,0.4963,0.4928,36.0,0.4907,16.0,6641.0,92.0
2021-01-05 09:45:44.691,0.4907,0.4924,16.0,0.4903,16.0,6630.0,103.0
2021-01-05 09:45:45.220,0.4907,0.4924,16.0,0.4903,16.0,6630.0,103.0
2021-01-05 09:45:45.681,0.4907,0.4924,16.0,0.4903,16.0,6630.0,103.0
2021-01-05 09:45:46.240,0.4907,0.4924,16.0,0.4903,16.0,6630.0,103.0
2021-01-05 09:45:46.751,0.4907,0.4924,16.0,0.4903,16.0,6630.0,103.0
2021-01-05 09:45:47.241,0.4907,0.4924,16.0,0.4903,16.0,6630.0,103.0
2021-01-05 09:45:48.201,0.4907,0.4924,16.0,0.4903,16.0,6630.0,103.0
2021-01-05 09:45:48.741,0.4907,0.4924,16.0,0.4903,16.0,6630.0,103.0
2021-01-05 09:45:49.221,0.4907,0.4924,16.0,0.4903,16.0,6630.0,103.0
2021-01-05 09:45:50.251,0.4907,0.4924,16.0,0.4903,16.0,6630.0,103.0
2021-01-05 09:45:50.750,0.4907,0.4924,16.0,0.4904,10.0,6630.0,103.0
2021-01-05 09:45:51.221,0.4907,0.4924,16.0,0.4905,14.0,6630.0,103.0
2021-01-05 09:45:52.641,0.4907,0.4924,16.0,0.4905,14.0,6630.0,103.0
2021-01-05 09:45:54.191,0.4907,0.4924,16.0,0.4905,14.0,6630.0,103.0
2021-01-05 09:45:54.710,0.4907,0.4924,16.0,0.4905,14.0,6630.0,103.0
2021-01-05 09:45:55.230,0.4907,0.4924,16.0,0.4905,14.0,6630.0,103.0
2021-01-05 09:45:55.711,0.4907,0.4924,16.0,0.4905,14.0,6630.0,103.0
2021-01-05 09:45:56.631,0.4907,0.4924,16.0,0.4905,14.0,6630.0,103.0
2021-01-05 09:45:58.231,0.4907,0.4924,16.0,0.4905,14.0,6630.0,103.0
2021-01-05 09:45:58.711,0.4907,0.4924,16.0,0.4905,14.0,6630.0,103.0
2021-01-05 09:45:59.230,0.4907,0.4924,16.0,0.4905,14.0,6630.0,103.0
2021-01-05 09:45:59.710,0.4907,0.4929,26.0,0.4907,16.0,6630.0,103.0
2021-01-05 09:46:00.210,0.4907,0.4929,26.0,0.4907,16.0,6630.0,103.0
2021-01-05 09:46:00.730,0.4907,0.4936,16.0,0.4915,16.0,6630.0,103.0
2021-01-05 09:46:01.230,0.4907,0.4936,16.0,0.4915,16.0,6630.0,103.0
