,last,ask1,asize1,bid1,bsize1,oi,volume
2021-01-05 09:25:00.080,,0.2405,1.0,0.23,1.0,11394.0,
2021-01-05 09:30:00.451,,0.24,8.0,0.2301,5.0,11394.0,
2021-01-05 09:30:00.991,,0.24,8.0,0.2301,5.0,11394.0,
2021-01-05 09:30:02.511,,0.2348,20.0,0.2301,5.0,11394.0,
2021-01-05 09:30:03.010,,0.2342,20.0,0.2301,5.0,11394.0,
2021-01-05 09:30:03.471,,0.2348,20.0,0.2301,5.0,11394.0,
2021-01-05 09:30:03.980,,0.2352,20.0,0.2301,5.0,11394.0,
2021-01-05 09:30:04.430,,0.2347,20.0,0.2301,5.0,11394.0,
2021-01-05 09:30:05.010,,0.2347,20.0,0.2301,5.0,11394.0,
2021-01-05 09:30:05.481,0.2301,0.2339,20.0,0.23,1.0,11389.0,5.0
2021-01-05 09:30:05.990,0.2301,0.2339,20.0,0.23,1.0,11389.0,5.0
2021-01-05 09:30:06.480,0.23,0.24,8.0,0.22,1.0,11389.0,6.0
2021-01-05 09:30:08.520,0.23,0.2321,20.0,0.2241,20.0,11389.0,6.0
2021-01-05 09:30:10.501,0.23,0.2316,20.0,0.2236,20.0,11389.0,6.0
2021-01-05 09:30:11.521,0.23,0.2312,20.0,0.2232,20.0,11389.0,6.0
2021-01-05 09:30:13.000,0.23,0.2316,20.0,0.2237,20.0,11389.0,6.0
2021-01-05 09:30:13.501,0.23,0.232,20.0,0.224,20.0,11389.0,6.0
2021-01-05 09:30:13.941,0.23,0.232,20.0,0.2237,20.0,11389.0,6.0
2021-01-05 09:30:15.520,0.23,0.232,20.0,0.224,20.0,11389.0,6.0
2021-01-05 09:30:17.021,0.23,0.2324,20.0,0.2244,20.0,11389.0,6.0
2021-01-05 09:30:18.231,0.23,0.24,8.0,0.2244,20.0,11389.0,6.0
2021-01-05 09:30:18.750,0.23,0.2331,20.0,0.2251,20.0,11389.0,6.0
2021-01-05 09:30:19.751,0.23,0.2334,20.0,0.2254,20.0,11389.0,6.0
2021-01-05 09:30:20.740,0.23,0.2331,20.0,0.2251,20.0,11389.0,6.0
2021-01-05 09:30:22.240,0.23,0.2325,20.0,0.2245,20.0,11389.0,6.0
2021-01-05 09:30:22.671,0.23,0.2328,20.0,0.2248,20.0,11389.0,6.0
2021-01-05 09:30:23.170,0.2248,0.2328,20.0,0.2248,18.0,11387.0,8.0
2021-01-05 09:30:23.670,0.2248,0.2323,20.0,0.2245,20.0,11387.0,8.0
2021-01-05 09:30:24.161,0.2248,0.2328,20.0,0.22,1.0,11387.0,8.0
2021-01-05 09:30:24.661,0.2248,0.232,20.0,0.224,20.0,11387.0,8.0
2021-01-05 09:30:25.160,0.2248,0.2316,20.0,0.2236,20.0,11387.0,8.0
2021-01-05 09:30:30.620,0.2248,0.232,20.0,0.2239,20.0,11387.0,8.0
2021-01-05 09:30:31.121,0.2248,0.232,20.0,0.2239,20.0,11387.0,8.0
2021-01-05 09:30:31.661,0.2248,0.232,20.0,0.2239,20.0,11387.0,8.0
2021-01-05 09:30:32.140,0.2248,0.232,20.0,0.2242,20.0,11387.0,8.0
2021-01-05 09:30:32.631,0.2248,0.2325,20.0,0.2245,20.0,11387.0,8.0
2021-01-05 09:30:33.671,0.2248,0.2325,20.0,0.2245,20.0,11387.0,8.0
2021-01-05 09:30:36.170,0.2248,0.2322,20.0,0.2242,20.0,11387.0,8.0
2021-01-05 09:30:37.171,0.2248,0.2325,20.0,0.2242,20.0,11387.0,8.0
2021-01-05 09:30:38.141,0.2248,0.2322,20.0,0.2242,20.0,11387.0,8.0
2021-01-05 09:30:38.700,0.2248,0.2325,20.0,0.2245,20.0,11387.0,8.0
2021-01-05 09:30:39.201,0.2248,0.2325,20.0,0.2242,20.0,11387.0,8.0
2021-01-05 09:30:40.170,0.2248,0.2322,20.0,0.2242,20.0,11387.0,8.0
2021-01-05 09:30:42.671,0.2248,0.2325,20.0,0.2242,20.0,11387.0,8.0
2021-01-05 09:30:43.180,0.2248,0.2325,20.0,0.2245,20.0,11387.0,8.0
2021-01-05 09:30:43.681,0.2248,0.2325,30.0,0.2245,20.0,11387.0,8.0
2021-01-05 09:30:44.181,0.2248,0.2325,10.0,0.2248,20.0,11387.0,8.0
2021-01-05 09:30:44.650,0.2248,0.2325,30.0,0.2248,20.0,11387.0,8.0
2021-01-05 09:30:46.671,0.2248,0.2325,30.0,0.2251,20.0,11387.0,8.0
2021-01-05 09:30:47.191,0.2248,0.2325,30.0,0.2251,30.0,11387.0,8.0
2021-01-05 09:30:47.691,0.2248,0.2325,30.0,0.2254,20.0,11387.0,8.0
2021-01-05 09:30:49.210,0.2248,0.2325,30.0,0.2251,30.0,11387.0,8.0
2021-01-05 09:30:49.700,0.2248,0.2325,30.0,0.2254,20.0,11387.0,8.0
2021-01-05 09:30:55.081,0.2248,0.2325,30.0,0.2258,20.0,11387.0,8.0
2021-01-05 09:30:55.671,0.2248,0.2325,30.0,0.2258,30.0,11387.0,8.0
2021-01-05 09:30:56.170,0.2248,0.2325,30.0,0.2258,30.0,11387.0,8.0
2021-01-05 09:31:01.680,0.2248,0.2322,20.0,0.2258,30.0,11387.0,8.0
2021-01-05 09:31:02.170,0.2248,0.2314,10.0,0.2264,10.0,11387.0,8.0
2021-01-05 09:31:02.681,0.2248,0.2314,30.0,0.2264,30.0,11387.0,8.0
2021-01-05 09:31:04.181,0.2248,0.2314,30.0,0.2264,10.0,11387.0,8.0
2021-01-05 09:31:05.190,0.2248,0.2314,30.0,0.2264,10.0,11387.0,8.0
2021-01-05 09:31:06.160,0.2248,0.2314,30.0,0.2264,30.0,11387.0,8.0
2021-01-05 09:31:06.681,0.2248,0.2314,30.0,0.2264,30.0,11387.0,8.0
2021-01-05 09:31:09.701,0.2248,0.2314,30.0,0.2264,30.0,11387.0,8.0
2021-01-05 09:31:11.170,0.2264,0.2314,30.0,0.2264,20.0,11397.0,18.0
2021-01-05 09:31:11.701,0.2264,0.2314,30.0,0.2264,10.0,11397.0,18.0
2021-01-05 09:31:12.171,0.2264,0.2314,30.0,0.2264,30.0,11397.0,18.0
2021-01-05 09:31:12.621,0.2264,0.2311,10.0,0.2264,20.0,11397.0,18.0
2021-01-05 09:31:13.170,0.2264,0.2311,30.0,0.2259,10.0,11397.0,18.0
2021-01-05 09:31:18.720,0.2264,0.2291,10.0,0.2259,10.0,11397.0,18.0
2021-01-05 09:31:19.150,0.2291,0.23,10.0,0.2258,20.0,11387.0,28.0
2021-01-05 09:31:19.540,0.2291,0.2291,10.0,0.2247,10.0,11387.0,28.0
2021-01-05 09:31:20.171,0.2291,0.2291,10.0,0.2248,13.0,11387.0,28.0
2021-01-05 09:31:21.671,0.2291,0.2291,10.0,0.2253,20.0,11387.0,28.0
2021-01-05 09:31:22.211,0.2253,0.2291,10.0,0.2253,20.0,11387.0,38.0
2021-01-05 09:31:22.620,0.2253,0.2291,20.0,0.2253,20.0,11387.0,38.0
2021-01-05 09:31:23.171,0.2253,0.2288,10.0,0.2253,20.0,11387.0,38.0
2021-01-05 09:31:23.640,0.2253,0.2288,10.0,0.225,20.0,11387.0,48.0
2021-01-05 09:31:24.660,0.2253,0.2291,30.0,0.225,20.0,11387.0,48.0
2021-01-05 09:31:25.150,0.2253,0.2289,10.0,0.225,20.0,11387.0,48.0
2021-01-05 09:31:25.640,0.2253,0.229,10.0,0.225,20.0,11387.0,48.0
2021-01-05 09:31:26.141,0.2253,0.2286,10.0,0.225,20.0,11387.0,48.0
2021-01-05 09:31:26.681,0.2253,0.2286,10.0,0.225,20.0,11387.0,48.0
2021-01-05 09:31:27.171,0.225,0.2286,10.0,0.225,10.0,11387.0,58.0
2021-01-05 09:31:27.590,0.225,0.2285,10.0,0.225,20.0,11387.0,58.0
2021-01-05 09:31:28.091,0.225,0.2285,10.0,0.2247,20.0,11387.0,58.0
2021-01-05 09:31:28.610,0.225,0.2283,10.0,0.2247,20.0,11387.0,58.0
2021-01-05 09:31:29.171,0.225,0.2286,20.0,0.2266,2.0,11387.0,58.0
2021-01-05 09:31:30.170,0.2266,0.2282,10.0,0.2266,20.0,11387.0,68.0
2021-01-05 09:31:30.671,0.2266,0.2285,10.0,0.2248,30.0,11387.0,68.0
2021-01-05 09:31:31.150,0.2266,0.2283,10.0,0.2248,20.0,11387.0,68.0
2021-01-05 09:31:31.630,0.2266,0.2284,10.0,0.2245,20.0,11387.0,68.0
2021-01-05 09:31:32.191,0.2266,0.2282,10.0,0.2241,30.0,11387.0,68.0
2021-01-05 09:31:32.671,0.2266,0.2242,10.0,0.2241,20.0,11387.0,68.0
2021-01-05 09:31:33.190,0.2273,0.2277,10.0,0.2244,20.0,11397.0,88.0
2021-01-05 09:31:33.610,0.2244,0.2282,10.0,0.2242,30.0,11397.0,98.0
2021-01-05 09:31:34.181,0.2244,0.2281,10.0,0.2242,30.0,11397.0,98.0
2021-01-05 09:31:34.681,0.2244,0.2278,10.0,0.2242,30.0,11397.0,98.0
2021-01-05 09:31:35.670,0.2252,0.2277,10.0,0.2242,30.0,11407.0,108.0
2021-01-05 09:31:36.181,0.2252,0.2276,10.0,0.2251,5.0,11407.0,108.0
2021-01-05 09:31:36.690,0.2252,0.2276,20.0,0.2251,25.0,11407.0,108.0
2021-01-05 09:31:37.191,0.2252,0.2276,10.0,0.2251,28.0,11407.0,108.0
2021-01-05 09:31:37.620,0.2252,0.2276,10.0,0.2255,2.0,11407.0,108.0
2021-01-05 09:31:38.190,0.2252,0.2276,10.0,0.2255,22.0,11407.0,108.0
2021-01-05 09:31:39.210,0.2252,0.2276,10.0,0.2255,22.0,11407.0,108.0
2021-01-05 09:31:39.710,0.2252,0.2276,10.0,0.2255,22.0,11407.0,108.0
2021-01-05 09:31:40.200,0.2252,0.2276,10.0,0.2255,22.0,11407.0,108.0
2021-01-05 09:31:40.711,0.2252,0.2276,10.0,0.2255,22.0,11407.0,108.0
2021-01-05 09:31:41.191,0.2255,0.2276,10.0,0.2255,15.0,11410.0,118.0
2021-01-05 09:31:41.691,0.2276,0.228,10.0,0.2255,20.0,11410.0,128.0
2021-01-05 09:31:42.211,0.2276,0.2277,10.0,0.2255,20.0,11410.0,128.0
2021-01-05 09:31:42.711,0.2276,0.2277,10.0,0.2251,25.0,11410.0,128.0
2021-01-05 09:31:43.191,0.2276,0.2277,10.0,0.2251,25.0,11410.0,128.0
2021-01-05 09:31:43.710,0.2276,0.2277,10.0,0.2266,2.0,11410.0,128.0
2021-01-05 09:31:44.190,0.2276,0.2277,10.0,0.2266,2.0,11410.0,128.0
2021-01-05 09:31:44.691,0.2276,0.2273,10.0,0.2266,2.0,11410.0,128.0
2021-01-05 09:31:45.170,0.2262,0.2277,10.0,0.2258,20.0,11410.0,138.0
2021-01-05 09:31:45.700,0.2262,0.2277,20.0,0.2258,20.0,11410.0,138.0
2021-01-05 09:31:46.011,0.2258,0.2277,10.0,0.2258,20.0,11410.0,148.0
2021-01-05 09:31:46.701,0.2258,0.2277,10.0,0.2258,20.0,11410.0,148.0
2021-01-05 09:31:47.191,0.2258,0.2277,10.0,0.2258,20.0,11410.0,148.0
2021-01-05 09:31:47.711,0.2258,0.2277,10.0,0.2258,20.0,11410.0,158.0
2021-01-05 09:31:48.211,0.2258,0.2277,10.0,0.2258,20.0,11410.0,158.0
2021-01-05 09:31:49.711,0.2277,0.2277,5.0,0.2258,20.0,11410.0,163.0
2021-01-05 09:31:50.191,0.2277,0.2287,10.0,0.2258,20.0,11410.0,168.0
2021-01-05 09:31:50.710,0.2277,0.2281,10.0,0.2277,5.0,11410.0,168.0
2021-01-05 09:31:51.210,0.2277,0.2281,10.0,0.2277,5.0,11410.0,168.0
2021-01-05 09:31:51.210,0.2277,0.2281,10.0,0.2277,5.0,11410.0,168.0
2021-01-05 09:31:52.191,0.2277,0.2281,10.0,0.2277,5.0,11410.0,168.0
2021-01-05 09:31:52.621,0.2277,0.2281,10.0,0.2277,5.0,11410.0,168.0
2021-01-05 09:31:53.171,0.2277,0.2281,10.0,0.2277,5.0,11410.0,168.0
2021-01-05 09:31:53.530,0.2277,0.229,10.0,0.2273,30.0,11410.0,168.0
2021-01-05 09:31:54.151,0.2277,0.229,10.0,0.2273,30.0,11410.0,168.0
2021-01-05 09:31:55.670,0.2277,0.229,10.0,0.2273,30.0,11410.0,168.0
2021-01-05 09:31:56.110,0.2277,0.229,10.0,0.2273,30.0,11410.0,168.0
2021-01-05 09:31:56.681,0.2277,0.2274,10.0,0.2273,30.0,11410.0,168.0
2021-01-05 09:31:57.171,0.2273,0.2287,10.0,0.2273,20.0,11420.0,188.0
2021-01-05 09:31:57.180,0.2273,0.229,10.0,0.2273,30.0,11420.0,188.0
2021-01-05 09:31:58.171,0.2273,0.229,10.0,0.2273,30.0,11420.0,188.0
2021-01-05 09:31:59.180,0.2273,0.229,10.0,0.2273,10.0,11420.0,188.0
2021-01-05 09:31:59.660,0.2273,0.229,10.0,0.227,30.0,11430.0,198.0
2021-01-05 09:32:00.150,0.2273,0.229,10.0,0.2273,10.0,11430.0,198.0
2021-01-05 09:32:00.650,0.2273,0.2292,10.0,0.227,30.0,11430.0,198.0
2021-01-05 09:32:01.170,0.2273,0.2292,10.0,0.227,30.0,11430.0,198.0
2021-01-05 09:32:01.670,0.227,0.2292,10.0,0.227,10.0,11430.0,218.0
2021-01-05 09:32:01.960,0.227,0.2279,10.0,0.2268,3.0,11430.0,218.0
2021-01-05 09:32:02.671,0.227,0.2279,10.0,0.2267,20.0,11430.0,218.0
2021-01-05 09:32:03.180,0.227,0.2279,10.0,0.2266,3.0,11430.0,218.0
2021-01-05 09:32:04.150,0.2266,0.2264,7.0,0.2261,10.0,11430.0,221.0
2021-01-05 09:32:04.661,0.2264,0.2263,10.0,0.2261,10.0,11437.0,228.0
2021-01-05 09:32:05.141,0.2263,0.2279,10.0,0.2264,7.0,11437.0,238.0
2021-01-05 09:32:05.660,0.2263,0.2279,10.0,0.2264,7.0,11437.0,238.0
2021-01-05 09:32:06.161,0.2263,0.2279,10.0,0.2265,3.0,11437.0,238.0
2021-01-05 09:32:06.680,0.2263,0.2279,10.0,0.2264,7.0,11437.0,238.0
2021-01-05 09:32:07.070,0.2263,0.2279,10.0,0.2264,7.0,11437.0,238.0
2021-01-05 09:32:08.670,0.2263,0.2288,10.0,0.2263,10.0,11437.0,238.0
2021-01-05 09:32:09.141,0.2263,0.2288,10.0,0.2266,10.0,11437.0,238.0
2021-01-05 09:32:09.681,0.2263,0.2291,10.0,0.2266,10.0,11437.0,238.0
2021-01-05 09:32:10.161,0.2263,0.2291,10.0,0.2266,10.0,11437.0,238.0
2021-01-05 09:32:10.630,0.2263,0.2291,20.0,0.2266,13.0,11437.0,238.0
2021-01-05 09:32:11.170,0.2263,0.2291,10.0,0.2266,13.0,11437.0,238.0
2021-01-05 09:32:11.650,0.2263,0.2291,30.0,0.2266,10.0,11437.0,238.0
2021-01-05 09:32:12.161,0.2263,0.2291,30.0,0.2266,10.0,11437.0,238.0
2021-01-05 09:32:12.670,0.2263,0.2281,10.0,0.2263,10.0,11437.0,238.0
2021-01-05 09:32:13.171,0.2263,0.2281,10.0,0.2263,10.0,11437.0,238.0
2021-01-05 09:32:14.660,0.2263,0.2284,10.0,0.2262,10.0,11437.0,238.0
2021-01-05 09:32:15.171,0.2263,0.2283,1.0,0.2262,10.0,11437.0,238.0
2021-01-05 09:32:16.151,0.2263,0.2283,1.0,0.2262,13.0,11437.0,238.0
2021-01-05 09:32:16.551,0.2263,0.2287,10.0,0.2262,13.0,11437.0,238.0
2021-01-05 09:32:17.161,0.2263,0.2287,30.0,0.2262,33.0,11437.0,238.0
2021-01-05 09:32:17.561,0.2263,0.2287,30.0,0.2262,33.0,11437.0,238.0
2021-01-05 09:32:18.130,0.2263,0.2286,1.0,0.2262,33.0,11437.0,238.0
2021-01-05 09:32:18.670,0.2263,0.2286,1.0,0.2262,33.0,11437.0,238.0
2021-01-05 09:32:20.151,0.2263,0.2286,1.0,0.227,10.0,11437.0,238.0
2021-01-05 09:32:20.671,0.2263,0.2286,1.0,0.227,10.0,11437.0,238.0
2021-01-05 09:32:21.171,0.2263,0.2286,1.0,0.227,10.0,11437.0,238.0
2021-01-05 09:32:21.680,0.227,0.228,10.0,0.2263,10.0,11447.0,248.0
2021-01-05 09:32:22.181,0.227,0.228,30.0,0.2263,10.0,11447.0,248.0
2021-01-05 09:32:22.481,0.227,0.228,30.0,0.2263,13.0,11447.0,248.0
2021-01-05 09:32:24.160,0.227,0.228,30.0,0.2263,13.0,11447.0,248.0
2021-01-05 09:32:25.170,0.227,0.228,10.0,0.2263,13.0,11447.0,248.0
2021-01-05 09:32:25.670,0.227,0.228,10.0,0.2263,10.0,11447.0,248.0
2021-01-05 09:32:26.171,0.227,0.228,10.0,0.2263,10.0,11447.0,248.0
2021-01-05 09:32:26.581,0.227,0.228,10.0,0.2263,10.0,11447.0,248.0
2021-01-05 09:32:28.171,0.227,0.228,10.0,0.2263,10.0,11447.0,248.0
2021-01-05 09:32:29.180,0.228,0.2282,10.0,0.2263,30.0,11447.0,258.0
2021-01-05 09:32:30.171,0.228,0.2283,10.0,0.2266,10.0,11447.0,258.0
2021-01-05 09:32:30.671,0.228,0.2283,10.0,0.2266,10.0,11447.0,258.0
2021-01-05 09:32:31.151,0.228,0.2283,10.0,0.2266,10.0,11447.0,258.0
2021-01-05 09:32:31.691,0.228,0.2283,10.0,0.2266,10.0,11447.0,258.0
2021-01-05 09:32:32.121,0.228,0.2283,10.0,0.2266,10.0,11447.0,258.0
2021-01-05 09:32:33.671,0.228,0.2283,10.0,0.2266,10.0,11447.0,258.0
2021-01-05 09:32:34.171,0.228,0.2283,10.0,0.2266,10.0,11447.0,258.0
2021-01-05 09:32:34.691,0.228,0.2283,10.0,0.2266,10.0,11447.0,258.0
2021-01-05 09:32:35.170,0.228,0.2283,10.0,0.2266,10.0,11447.0,258.0
2021-01-05 09:32:36.190,0.228,0.2283,10.0,0.2266,10.0,11447.0,258.0
2021-01-05 09:32:38.190,0.228,0.2283,10.0,0.2266,10.0,11447.0,258.0
2021-01-05 09:32:38.670,0.228,0.2283,10.0,0.2266,10.0,11447.0,258.0
2021-01-05 09:32:39.630,0.228,0.2283,10.0,0.2266,10.0,11447.0,258.0
2021-01-05 09:32:41.690,0.228,0.2283,10.0,0.2266,10.0,11447.0,258.0
2021-01-05 09:32:42.201,0.228,0.2283,10.0,0.2266,10.0,11447.0,258.0
2021-01-05 09:32:44.151,0.228,0.2283,10.0,0.2266,10.0,11447.0,258.0
2021-01-05 09:32:44.700,0.228,0.2283,10.0,0.2266,10.0,11447.0,258.0
2021-01-05 09:32:45.580,0.228,0.2283,30.0,0.2266,10.0,11447.0,258.0
2021-01-05 09:32:46.160,0.228,0.2283,10.0,0.2266,10.0,11447.0,258.0
2021-01-05 09:32:47.201,0.228,0.2283,10.0,0.2266,10.0,11447.0,258.0
2021-01-05 09:32:47.701,0.228,0.2283,10.0,0.2266,10.0,11447.0,258.0
2021-01-05 09:32:48.690,0.228,0.2283,10.0,0.2266,10.0,11447.0,258.0
2021-01-05 09:32:48.690,0.228,0.2287,10.0,0.2272,10.0,11447.0,258.0
2021-01-05 09:32:49.670,0.228,0.2287,10.0,0.2273,10.0,11447.0,258.0
2021-01-05 09:32:50.171,0.228,0.2294,10.0,0.2274,3.0,11447.0,258.0
2021-01-05 09:32:50.650,0.228,0.2297,10.0,0.2273,10.0,11447.0,258.0
2021-01-05 09:32:51.170,0.228,0.2298,10.0,0.2273,10.0,11447.0,258.0
2021-01-05 09:32:51.701,0.228,0.2299,10.0,0.228,10.0,11447.0,258.0
2021-01-05 09:32:52.191,0.228,0.23,10.0,0.228,10.0,11447.0,258.0
2021-01-05 09:32:53.161,0.228,0.23,10.0,0.228,10.0,11447.0,258.0
2021-01-05 09:32:53.641,0.228,0.23,10.0,0.2268,30.0,11457.0,268.0
2021-01-05 09:32:53.641,0.228,0.2296,10.0,0.227,10.0,11457.0,268.0
2021-01-05 09:32:54.671,0.228,0.2296,10.0,0.227,10.0,11457.0,268.0
2021-01-05 09:32:55.170,0.228,0.2296,10.0,0.227,10.0,11457.0,268.0
2021-01-05 09:32:55.670,0.228,0.2296,10.0,0.227,13.0,11457.0,268.0
2021-01-05 09:32:56.150,0.228,0.2296,10.0,0.2279,10.0,11457.0,268.0
2021-01-05 09:32:56.611,0.228,0.2296,10.0,0.2279,10.0,11457.0,268.0
2021-01-05 09:32:57.151,0.228,0.2296,10.0,0.2279,10.0,11457.0,268.0
2021-01-05 09:32:57.181,0.228,0.2296,10.0,0.2279,10.0,11457.0,268.0
2021-01-05 09:32:57.600,0.228,0.2296,10.0,0.2279,10.0,11457.0,268.0
2021-01-05 09:32:58.651,0.228,0.2296,10.0,0.2279,10.0,11457.0,268.0
2021-01-05 09:32:59.621,0.228,0.2296,10.0,0.2279,13.0,11457.0,268.0
2021-01-05 09:33:00.651,0.228,0.2296,10.0,0.2279,10.0,11457.0,268.0
2021-01-05 09:33:01.141,0.228,0.2296,10.0,0.2279,10.0,11457.0,268.0
2021-01-05 09:33:01.661,0.228,0.2296,30.0,0.2279,10.0,11457.0,268.0
2021-01-05 09:33:02.130,0.228,0.2296,30.0,0.2279,10.0,11457.0,268.0
2021-01-05 09:33:02.620,0.228,0.2291,10.0,0.2273,20.0,11457.0,268.0
2021-01-05 09:33:03.171,0.228,0.2291,30.0,0.2273,10.0,11457.0,268.0
2021-01-05 09:33:03.681,0.228,0.2291,30.0,0.2266,20.0,11457.0,268.0
2021-01-05 09:33:04.140,0.228,0.2291,10.0,0.2266,13.0,11457.0,268.0
2021-01-05 09:33:04.630,0.228,0.2291,30.0,0.2266,13.0,11457.0,268.0
2021-01-05 09:33:05.181,0.228,0.2276,10.0,0.2266,13.0,11457.0,268.0
2021-01-05 09:33:05.690,0.228,0.2267,10.0,0.2266,10.0,11457.0,268.0
2021-01-05 09:33:06.170,0.2267,0.2267,8.0,0.226,20.0,11459.0,270.0
2021-01-05 09:33:06.681,0.2267,0.2267,8.0,0.2263,3.0,11459.0,270.0
2021-01-05 09:33:07.171,0.2267,0.2267,8.0,0.226,3.0,11459.0,270.0
2021-01-05 09:33:07.601,0.2259,0.2279,10.0,0.2259,15.0,11467.0,278.0
2021-01-05 09:33:08.191,0.2259,0.2282,30.0,0.2259,20.0,11467.0,278.0
2021-01-05 09:33:08.671,0.2259,0.2282,30.0,0.2264,10.0,11467.0,278.0
2021-01-05 09:33:09.181,0.2259,0.2282,10.0,0.2264,10.0,11467.0,278.0
2021-01-05 09:33:09.630,0.2259,0.2282,10.0,0.2264,30.0,11467.0,278.0
2021-01-05 09:33:10.180,0.2259,0.2282,10.0,0.2264,10.0,11467.0,278.0
2021-01-05 09:33:10.681,0.2259,0.2282,30.0,0.2264,10.0,11467.0,278.0
2021-01-05 09:33:11.180,0.2259,0.2282,30.0,0.2264,10.0,11467.0,278.0
2021-01-05 09:33:12.181,0.2259,0.2282,30.0,0.2264,10.0,11467.0,278.0
2021-01-05 09:33:12.650,0.2259,0.2282,30.0,0.2264,10.0,11467.0,278.0
2021-01-05 09:33:13.100,0.2259,0.2282,10.0,0.2264,10.0,11467.0,278.0
2021-01-05 09:33:13.691,0.2259,0.2282,10.0,0.2264,10.0,11467.0,278.0
2021-01-05 09:33:14.070,0.2259,0.2282,10.0,0.2264,10.0,11467.0,278.0
2021-01-05 09:33:14.650,0.2259,0.2282,10.0,0.2264,10.0,11467.0,278.0
2021-01-05 09:33:15.140,0.2259,0.2282,20.0,0.2264,10.0,11467.0,278.0
2021-01-05 09:33:15.651,0.2259,0.2282,20.0,0.2264,10.0,11467.0,278.0
2021-01-05 09:33:16.181,0.2259,0.2282,20.0,0.2264,10.0,11467.0,278.0
2021-01-05 09:33:16.671,0.2259,0.2282,20.0,0.2264,10.0,11467.0,278.0
2021-01-05 09:33:17.190,0.2259,0.2275,10.0,0.2261,10.0,11467.0,278.0
2021-01-05 09:33:17.691,0.2259,0.2275,10.0,0.2258,10.0,11467.0,278.0
2021-01-05 09:33:18.160,0.2259,0.2275,30.0,0.2258,10.0,11467.0,278.0
2021-01-05 09:33:18.680,0.2259,0.2275,10.0,0.2258,10.0,11467.0,278.0
2021-01-05 09:33:18.921,0.2259,0.2275,30.0,0.2258,10.0,11467.0,278.0
2021-01-05 09:33:19.660,0.2259,0.2275,30.0,0.2258,10.0,11467.0,278.0
2021-01-05 09:33:19.950,0.2259,0.2275,30.0,0.2258,10.0,11467.0,278.0
2021-01-05 09:33:20.680,0.2259,0.2275,30.0,0.2258,10.0,11467.0,278.0
2021-01-05 09:33:21.160,0.2259,0.2275,30.0,0.2258,10.0,11467.0,278.0
2021-01-05 09:33:21.681,0.2259,0.2275,30.0,0.2258,10.0,11467.0,278.0
2021-01-05 09:33:22.150,0.2259,0.2275,30.0,0.2258,10.0,11467.0,278.0
2021-01-05 09:33:22.670,0.2259,0.2275,30.0,0.2258,10.0,11467.0,278.0
2021-01-05 09:33:23.051,0.2259,0.2269,10.0,0.2258,10.0,11467.0,278.0
2021-01-05 09:33:23.660,0.2259,0.2269,10.0,0.2255,10.0,11467.0,278.0
2021-01-05 09:33:24.171,0.2259,0.2269,10.0,0.2255,10.0,11467.0,278.0
2021-01-05 09:33:24.661,0.2259,0.2269,10.0,0.2255,10.0,11467.0,278.0
2021-01-05 09:33:25.671,0.2259,0.2269,10.0,0.2255,30.0,11467.0,278.0
2021-01-05 09:33:26.161,0.2259,0.2275,10.0,0.2259,10.0,11467.0,278.0
2021-01-05 09:33:26.651,0.2259,0.2276,10.0,0.2259,10.0,11467.0,278.0
2021-01-05 09:33:27.171,0.2259,0.2276,10.0,0.2259,20.0,11467.0,278.0
2021-01-05 09:33:27.681,0.2259,0.2276,10.0,0.2259,20.0,11467.0,278.0
2021-01-05 09:33:28.180,0.2259,0.2276,10.0,0.2259,20.0,11467.0,278.0
2021-01-05 09:33:28.670,0.2259,0.2276,10.0,0.2259,20.0,11467.0,278.0
2021-01-05 09:33:29.171,0.2259,0.2276,10.0,0.2259,20.0,11467.0,278.0
2021-01-05 09:33:29.681,0.2259,0.2276,10.0,0.2259,20.0,11467.0,278.0
2021-01-05 09:33:31.131,0.2259,0.2276,10.0,0.2259,20.0,11467.0,278.0
2021-01-05 09:33:31.680,0.2259,0.2276,10.0,0.2259,20.0,11467.0,278.0
2021-01-05 09:33:36.681,0.2259,0.2276,10.0,0.2259,20.0,11467.0,278.0
2021-01-05 09:33:37.190,0.2259,0.2276,10.0,0.2259,20.0,11467.0,278.0
2021-01-05 09:33:37.640,0.2259,0.2276,10.0,0.2259,10.0,11477.0,288.0
2021-01-05 09:33:38.120,0.2259,0.227,10.0,0.2253,10.0,11477.0,290.0
2021-01-05 09:33:38.621,0.2259,0.227,10.0,0.2254,13.0,11477.0,290.0
2021-01-05 09:33:39.201,0.2259,0.227,10.0,0.2254,13.0,11477.0,290.0
2021-01-05 09:33:39.641,0.227,0.227,9.0,0.2254,13.0,11477.0,291.0
2021-01-05 09:33:39.820,0.227,0.2276,30.0,0.2258,10.0,11477.0,291.0
2021-01-05 09:33:40.690,0.227,0.2276,30.0,0.2258,10.0,11477.0,291.0
2021-01-05 09:33:41.161,0.227,0.2276,20.0,0.2266,3.0,11477.0,291.0
2021-01-05 09:33:41.691,0.227,0.2276,20.0,0.2266,3.0,11477.0,291.0
2021-01-05 09:33:42.160,0.227,0.228,20.0,0.2266,3.0,11477.0,291.0
2021-01-05 09:33:42.640,0.2266,0.2263,7.0,0.2259,10.0,11477.0,294.0
2021-01-05 09:33:42.821,0.2263,0.2279,10.0,0.2257,20.0,11483.0,301.0
2021-01-05 09:33:43.180,0.2263,0.2282,10.0,0.2257,30.0,11483.0,301.0
2021-01-05 09:33:44.110,0.2263,0.2282,10.0,0.2258,13.0,11483.0,301.0
2021-01-05 09:33:44.671,0.2263,0.2282,10.0,0.2258,13.0,11483.0,301.0
2021-01-05 09:33:45.180,0.2263,0.2282,10.0,0.2258,13.0,11483.0,301.0
2021-01-05 09:33:46.161,0.2263,0.2282,10.0,0.2258,13.0,11483.0,301.0
2021-01-05 09:33:46.680,0.2263,0.2283,10.0,0.2264,10.0,11483.0,301.0
2021-01-05 09:33:47.191,0.2263,0.2289,30.0,0.2264,30.0,11483.0,301.0
2021-01-05 09:33:48.171,0.2263,0.2289,30.0,0.2264,30.0,11483.0,301.0
2021-01-05 09:33:48.680,0.2263,0.2289,30.0,0.2264,30.0,11483.0,301.0
2021-01-05 09:33:49.120,0.2263,0.2289,30.0,0.2264,30.0,11483.0,301.0
2021-01-05 09:33:50.130,0.2263,0.2289,10.0,0.2264,30.0,11483.0,301.0
2021-01-05 09:33:51.581,0.2263,0.2289,10.0,0.2264,30.0,11483.0,301.0
2021-01-05 09:33:52.190,0.2263,0.2289,30.0,0.2264,30.0,11483.0,301.0
2021-01-05 09:33:52.661,0.2263,0.2289,10.0,0.2264,30.0,11483.0,301.0
2021-01-05 09:33:53.650,0.2263,0.2282,10.0,0.2265,10.0,11483.0,301.0
2021-01-05 09:33:55.650,0.2263,0.2282,10.0,0.2265,10.0,11483.0,301.0
2021-01-05 09:33:57.171,0.2263,0.2288,10.0,0.2264,20.0,11483.0,301.0
2021-01-05 09:33:57.671,0.2263,0.2288,10.0,0.2264,20.0,11483.0,301.0
2021-01-05 09:33:58.170,0.2263,0.2288,10.0,0.2269,4.0,11483.0,301.0
2021-01-05 09:33:59.140,0.2263,0.2288,10.0,0.2269,24.0,11483.0,301.0
2021-01-05 09:33:59.690,0.2263,0.2288,10.0,0.2269,34.0,11483.0,301.0
2021-01-05 09:34:00.671,0.2263,0.2288,10.0,0.2269,34.0,11483.0,301.0
2021-01-05 09:34:01.081,0.2263,0.2288,10.0,0.227,13.0,11483.0,301.0
2021-01-05 09:34:01.661,0.2263,0.2288,10.0,0.227,13.0,11483.0,301.0
2021-01-05 09:34:02.170,0.2263,0.2288,10.0,0.2269,34.0,11483.0,301.0
2021-01-05 09:34:02.671,0.2263,0.2288,10.0,0.2269,34.0,11483.0,301.0
2021-01-05 09:34:03.171,0.2263,0.2288,10.0,0.2269,34.0,11483.0,301.0
2021-01-05 09:34:03.670,0.2263,0.2288,11.0,0.2269,34.0,11483.0,301.0
2021-01-05 09:34:04.120,0.2263,0.2288,11.0,0.2269,24.0,11483.0,301.0
2021-01-05 09:34:05.121,0.2263,0.2288,11.0,0.2269,24.0,11483.0,301.0
2021-01-05 09:34:05.630,0.2263,0.2288,11.0,0.2269,37.0,11483.0,301.0
2021-01-05 09:34:06.191,0.2263,0.2288,11.0,0.2269,24.0,11483.0,301.0
2021-01-05 09:34:06.671,0.2263,0.2288,1.0,0.227,10.0,11483.0,301.0
2021-01-05 09:34:07.130,0.2263,0.2288,1.0,0.227,33.0,11483.0,301.0
2021-01-05 09:34:07.630,0.2263,0.2288,1.0,0.227,20.0,11483.0,301.0
2021-01-05 09:34:08.171,0.2263,0.2289,2.0,0.2279,10.0,11483.0,301.0
2021-01-05 09:34:08.630,0.2263,0.2289,2.0,0.2279,30.0,11483.0,301.0
2021-01-05 09:34:09.170,0.2263,0.2289,2.0,0.2279,30.0,11483.0,301.0
2021-01-05 09:34:09.670,0.2263,0.2289,2.0,0.2279,30.0,11483.0,301.0
2021-01-05 09:34:10.140,0.2263,0.2289,2.0,0.2279,30.0,11483.0,301.0
2021-01-05 09:34:10.690,0.2263,0.2287,10.0,0.2279,20.0,11483.0,301.0
2021-01-05 09:34:11.151,0.2263,0.2287,10.0,0.2276,20.0,11483.0,301.0
2021-01-05 09:34:11.681,0.2263,0.2287,10.0,0.2276,20.0,11483.0,301.0
2021-01-05 09:34:12.121,0.2263,0.2287,10.0,0.2273,30.0,11483.0,301.0
2021-01-05 09:34:12.640,0.2263,0.2287,10.0,0.2273,30.0,11483.0,301.0
2021-01-05 09:34:13.191,0.2263,0.2287,10.0,0.2273,30.0,11483.0,301.0
2021-01-05 09:34:13.681,0.2263,0.2287,10.0,0.2273,30.0,11483.0,301.0
2021-01-05 09:34:14.181,0.2263,0.2281,10.0,0.2273,30.0,11483.0,301.0
2021-01-05 09:34:14.691,0.2263,0.2281,10.0,0.2273,20.0,11483.0,301.0
2021-01-05 09:34:15.181,0.2263,0.2274,10.0,0.2269,4.0,11483.0,301.0
2021-01-05 09:34:15.681,0.2263,0.2274,10.0,0.2269,24.0,11483.0,301.0
2021-01-05 09:34:16.190,0.2274,0.2287,10.0,0.2269,24.0,11483.0,311.0
2021-01-05 09:34:16.630,0.2274,0.2279,2.0,0.2269,24.0,11483.0,311.0
2021-01-05 09:34:16.970,0.2274,0.2279,2.0,0.2269,24.0,11483.0,311.0
2021-01-05 09:34:17.690,0.2274,0.2279,2.0,0.2269,24.0,11483.0,311.0
2021-01-05 09:34:18.201,0.2279,0.2286,10.0,0.2269,24.0,11483.0,313.0
2021-01-05 09:34:18.620,0.2279,0.2285,1.0,0.2269,24.0,11483.0,313.0
2021-01-05 09:34:19.041,0.2279,0.2285,1.0,0.2269,24.0,11483.0,313.0
2021-01-05 09:34:19.700,0.2279,0.2285,1.0,0.2269,24.0,11483.0,313.0
2021-01-05 09:34:19.961,0.2279,0.2285,1.0,0.2269,24.0,11483.0,313.0
2021-01-05 09:34:20.651,0.2279,0.2285,1.0,0.2269,24.0,11483.0,313.0
2021-01-05 09:34:21.690,0.2279,0.2285,1.0,0.2274,10.0,11483.0,313.0
2021-01-05 09:34:22.151,0.2279,0.2292,10.0,0.2274,30.0,11483.0,313.0
2021-01-05 09:34:23.181,0.2279,0.2292,10.0,0.2274,30.0,11483.0,313.0
2021-01-05 09:34:23.661,0.2279,0.2291,1.0,0.2274,30.0,11483.0,313.0
2021-01-05 09:34:24.600,0.2279,0.229,10.0,0.2275,10.0,11483.0,313.0
2021-01-05 09:34:25.171,0.2279,0.2291,11.0,0.2274,40.0,11483.0,313.0
2021-01-05 09:34:26.641,0.2279,0.2291,11.0,0.2276,12.0,11483.0,313.0
2021-01-05 09:34:28.621,0.2279,0.2291,11.0,0.2276,12.0,11483.0,313.0
2021-01-05 09:34:29.090,0.2279,0.2291,11.0,0.2277,12.0,11483.0,313.0
2021-01-05 09:34:29.601,0.2279,0.2291,11.0,0.2277,32.0,11483.0,313.0
2021-01-05 09:34:30.170,0.2279,0.2291,11.0,0.2279,12.0,11483.0,313.0
2021-01-05 09:34:30.681,0.2279,0.2291,11.0,0.2278,12.0,11483.0,313.0
2021-01-05 09:34:31.190,0.2279,0.2291,11.0,0.2278,12.0,11483.0,313.0
2021-01-05 09:34:31.280,0.2279,0.2291,11.0,0.2279,12.0,11483.0,313.0
2021-01-05 09:34:33.090,0.2279,0.2291,11.0,0.2279,12.0,11483.0,313.0
2021-01-05 09:34:33.691,0.2279,0.2291,11.0,0.2279,12.0,11483.0,313.0
2021-01-05 09:34:34.171,0.2279,0.2291,11.0,0.228,12.0,11483.0,313.0
2021-01-05 09:34:34.640,0.2279,0.2291,10.0,0.228,12.0,11483.0,313.0
2021-01-05 09:34:35.130,0.2279,0.2291,10.0,0.2281,12.0,11483.0,313.0
2021-01-05 09:34:35.570,0.2279,0.2292,20.0,0.2282,12.0,11483.0,313.0
2021-01-05 09:34:36.680,0.2279,0.229,10.0,0.2282,12.0,11483.0,313.0
2021-01-05 09:34:37.161,0.2279,0.229,10.0,0.2282,12.0,11483.0,313.0
2021-01-05 09:34:37.700,0.2279,0.2291,10.0,0.2282,12.0,11483.0,313.0
2021-01-05 09:34:38.171,0.2279,0.2292,10.0,0.2282,10.0,11483.0,313.0
2021-01-05 09:34:38.611,0.2279,0.2293,10.0,0.2284,12.0,11483.0,313.0
2021-01-05 09:34:39.091,0.2279,0.2295,10.0,0.2284,12.0,11483.0,313.0
2021-01-05 09:34:39.470,0.2279,0.2295,10.0,0.2284,32.0,11483.0,313.0
2021-01-05 09:34:40.171,0.2279,0.2298,10.0,0.2286,12.0,11483.0,313.0
2021-01-05 09:34:40.601,0.2279,0.2294,10.0,0.2287,12.0,11483.0,313.0
2021-01-05 09:34:41.201,0.2279,0.2303,20.0,0.2287,20.0,11483.0,313.0
2021-01-05 09:34:41.700,0.2279,0.2303,10.0,0.2289,12.0,11483.0,313.0
2021-01-05 09:34:42.171,0.2279,0.2303,10.0,0.2289,12.0,11483.0,313.0
2021-01-05 09:34:42.680,0.2279,0.2301,12.0,0.2287,52.0,11483.0,313.0
2021-01-05 09:34:43.191,0.2279,0.2301,12.0,0.2287,42.0,11483.0,313.0
2021-01-05 09:34:43.671,0.2279,0.2301,12.0,0.2287,42.0,11483.0,313.0
2021-01-05 09:34:44.151,0.2279,0.2301,10.0,0.2287,30.0,11483.0,313.0
2021-01-05 09:34:44.701,0.2279,0.2301,12.0,0.2287,42.0,11483.0,313.0
2021-01-05 09:34:45.200,0.2279,0.2301,12.0,0.2287,52.0,11483.0,313.0
2021-01-05 09:34:45.721,0.2279,0.2301,12.0,0.2287,42.0,11483.0,313.0
2021-01-05 09:34:46.140,0.2279,0.2303,12.0,0.229,10.0,11483.0,313.0
2021-01-05 09:34:46.660,0.2279,0.2303,10.0,0.2291,12.0,11483.0,313.0
2021-01-05 09:34:47.181,0.2279,0.2303,10.0,0.2291,22.0,11483.0,313.0
2021-01-05 09:34:47.701,0.2279,0.2305,10.0,0.2293,12.0,11483.0,313.0
2021-01-05 09:34:48.141,0.2279,0.2302,1.0,0.2292,12.0,11483.0,313.0
2021-01-05 09:34:48.700,0.2279,0.2302,1.0,0.2292,12.0,11483.0,313.0
2021-01-05 09:34:49.171,0.2279,0.2302,11.0,0.2292,12.0,11483.0,313.0
2021-01-05 09:34:49.701,0.2279,0.2302,11.0,0.2292,12.0,11483.0,313.0
2021-01-05 09:34:50.161,0.2279,0.2302,11.0,0.2292,12.0,11483.0,313.0
2021-01-05 09:34:50.700,0.2279,0.2302,13.0,0.229,20.0,11483.0,313.0
2021-01-05 09:34:51.200,0.2279,0.2302,13.0,0.229,20.0,11483.0,313.0
2021-01-05 09:34:51.651,0.2279,0.2301,10.0,0.229,20.0,11483.0,313.0
2021-01-05 09:34:52.220,0.2279,0.2302,23.0,0.229,20.0,11483.0,313.0
2021-01-05 09:34:53.180,0.2279,0.2302,13.0,0.229,20.0,11483.0,313.0
2021-01-05 09:34:53.651,0.2279,0.2302,1.0,0.2292,12.0,11483.0,313.0
2021-01-05 09:34:54.170,0.2279,0.2302,1.0,0.2292,12.0,11483.0,313.0
2021-01-05 09:34:54.631,0.2279,0.2302,1.0,0.2293,10.0,11483.0,313.0
2021-01-05 09:34:55.161,0.2279,0.2302,1.0,0.2296,10.0,11483.0,313.0
2021-01-05 09:34:55.680,0.2279,0.2309,10.0,0.2297,12.0,11483.0,313.0
2021-01-05 09:34:56.141,0.2279,0.2308,1.0,0.2298,12.0,11483.0,313.0
2021-01-05 09:34:56.681,0.2279,0.2312,10.0,0.2299,12.0,11483.0,313.0
2021-01-05 09:34:57.171,0.2279,0.231,1.0,0.23,12.0,11483.0,313.0
2021-01-05 09:34:57.461,0.2279,0.231,1.0,0.23,22.0,11483.0,313.0
2021-01-05 09:34:58.131,0.2279,0.2313,10.0,0.2301,22.0,11483.0,313.0
2021-01-05 09:34:58.640,0.2279,0.2311,1.0,0.2301,12.0,11483.0,313.0
2021-01-05 09:34:59.170,0.2279,0.2311,1.0,0.2302,10.0,11483.0,313.0
2021-01-05 09:35:00.160,0.2279,0.2312,1.0,0.2303,12.0,11483.0,313.0
2021-01-05 09:35:00.630,0.2279,0.2312,1.0,0.2303,12.0,11483.0,313.0
2021-01-05 09:35:00.640,0.2279,0.2313,10.0,0.2304,10.0,11483.0,313.0
2021-01-05 09:35:01.620,0.2279,0.2313,10.0,0.2303,10.0,11483.0,313.0
2021-01-05 09:35:02.680,0.2279,0.2312,12.0,0.2303,10.0,11483.0,313.0
2021-01-05 09:35:03.180,0.2303,0.2312,12.0,0.2303,10.0,11483.0,315.0
2021-01-05 09:35:03.660,0.2303,0.2312,12.0,0.2298,12.0,11483.0,316.0
2021-01-05 09:35:04.061,0.2303,0.2314,1.0,0.2299,12.0,11483.0,316.0
2021-01-05 09:35:05.180,0.2303,0.2314,23.0,0.2301,10.0,11483.0,316.0
2021-01-05 09:35:05.671,0.2303,0.2314,13.0,0.23,22.0,11483.0,316.0
2021-01-05 09:35:06.680,0.2303,0.2314,1.0,0.2302,12.0,11483.0,316.0
2021-01-05 09:35:07.131,0.2303,0.2314,13.0,0.23,22.0,11483.0,316.0
2021-01-05 09:35:07.650,0.2303,0.2314,1.0,0.2305,10.0,11483.0,316.0
2021-01-05 09:35:08.171,0.2303,0.2314,1.0,0.2307,12.0,11483.0,316.0
2021-01-05 09:35:09.191,0.2303,0.232,1.0,0.2307,22.0,11483.0,316.0
2021-01-05 09:35:09.700,0.2303,0.232,1.0,0.2309,12.0,11483.0,316.0
2021-01-05 09:35:10.180,0.2303,0.2324,12.0,0.231,12.0,11483.0,316.0
2021-01-05 09:35:10.691,0.2303,0.2323,13.0,0.2317,10.0,11483.0,316.0
2021-01-05 09:35:11.131,0.2317,0.2323,13.0,0.2317,9.0,11484.0,317.0
2021-01-05 09:35:11.671,0.2317,0.2324,1.0,0.2317,9.0,11484.0,317.0
2021-01-05 09:35:12.101,0.2317,0.2324,1.0,0.2317,9.0,11484.0,317.0
2021-01-05 09:35:12.691,0.2317,0.2324,1.0,0.2317,9.0,11484.0,317.0
2021-01-05 09:35:13.181,0.2317,0.2323,12.0,0.2317,9.0,11484.0,317.0
2021-01-05 09:35:13.640,0.2317,0.2324,1.0,0.2311,10.0,11493.0,326.0
2021-01-05 09:35:14.191,0.2322,0.2322,2.0,0.2307,10.0,11501.0,336.0
2021-01-05 09:35:14.691,0.2324,0.2324,2.0,0.231,10.0,11527.0,362.0
2021-01-05 09:35:15.171,0.2324,0.2324,26.0,0.2311,10.0,11545.0,382.0
2021-01-05 09:35:15.701,0.2324,0.2323,13.0,0.2322,27.0,11545.0,382.0
2021-01-05 09:35:16.141,0.2323,0.2323,4.0,0.2322,15.0,11566.0,403.0
2021-01-05 09:35:16.681,0.2322,0.2323,4.0,0.2322,14.0,11567.0,404.0
2021-01-05 09:35:17.190,0.2322,0.2323,4.0,0.2314,10.0,11581.0,418.0
2021-01-05 09:35:17.680,0.2322,0.232,10.0,0.2315,10.0,11581.0,418.0
2021-01-05 09:35:18.170,0.2322,0.232,10.0,0.2314,10.0,11581.0,418.0
2021-01-05 09:35:18.641,0.2312,0.232,10.0,0.231,12.0,11581.0,428.0
2021-01-05 09:35:19.161,0.232,0.2322,10.0,0.232,10.0,11581.0,438.0
2021-01-05 09:35:19.271,0.232,0.2321,10.0,0.232,18.0,11593.0,450.0
2021-01-05 09:35:20.170,0.232,0.2321,10.0,0.232,18.0,11593.0,450.0
2021-01-05 09:35:20.681,0.2321,0.2321,4.0,0.2317,12.0,11587.0,456.0
2021-01-05 09:35:21.180,0.2321,0.2323,1.0,0.2319,32.0,11583.0,460.0
2021-01-05 09:35:21.591,0.2321,0.2324,1.0,0.2323,32.0,11583.0,471.0
2021-01-05 09:35:22.171,0.2324,0.2324,10.0,0.2323,44.0,11583.0,472.0
2021-01-05 09:35:22.171,0.2324,0.2324,10.0,0.2323,12.0,11583.0,472.0
2021-01-05 09:35:23.680,0.2324,0.2324,10.0,0.232,12.0,11583.0,472.0
2021-01-05 09:35:24.110,0.2324,0.2324,9.0,0.2322,10.0,11582.0,473.0
2021-01-05 09:35:24.671,0.2324,0.2325,1.0,0.2324,1.0,11573.0,482.0
2021-01-05 09:35:25.170,0.2324,0.2325,10.0,0.2319,32.0,11573.0,482.0
2021-01-05 09:35:25.660,0.2324,0.2325,10.0,0.2319,45.0,11573.0,482.0
2021-01-05 09:35:26.160,0.2325,0.2325,9.0,0.2319,45.0,11572.0,483.0
2021-01-05 09:35:26.600,0.2325,0.2325,8.0,0.2321,12.0,11571.0,484.0
2021-01-05 09:35:27.130,0.2325,0.233,1.0,0.2321,12.0,11571.0,484.0
2021-01-05 09:35:27.641,0.2325,0.233,1.0,0.2321,22.0,11571.0,484.0
2021-01-05 09:35:28.171,0.2325,0.233,1.0,0.2321,10.0,11571.0,484.0
2021-01-05 09:35:28.680,0.2325,0.233,1.0,0.2321,10.0,11571.0,484.0
2021-01-05 09:35:29.160,0.2325,0.233,1.0,0.2321,10.0,11571.0,484.0
2021-01-05 09:35:29.641,0.2325,0.233,1.0,0.2321,10.0,11571.0,484.0
2021-01-05 09:35:30.121,0.2325,0.233,1.0,0.2321,10.0,11571.0,484.0
2021-01-05 09:35:30.690,0.2325,0.233,1.0,0.2322,3.0,11571.0,484.0
2021-01-05 09:35:31.170,0.2325,0.233,1.0,0.2322,3.0,11571.0,484.0
2021-01-05 09:35:31.700,0.233,0.2332,12.0,0.233,4.0,11572.0,485.0
2021-01-05 09:35:32.150,0.233,0.2331,1.0,0.2322,3.0,11576.0,489.0
2021-01-05 09:35:32.630,0.233,0.2331,1.0,0.2322,3.0,11576.0,489.0
2021-01-05 09:35:33.160,0.233,0.2331,1.0,0.2322,3.0,11576.0,489.0
2021-01-05 09:35:33.650,0.233,0.2331,1.0,0.2322,3.0,11576.0,489.0
2021-01-05 09:35:34.190,0.233,0.2331,1.0,0.2324,12.0,11576.0,489.0
2021-01-05 09:35:34.691,0.233,0.2335,10.0,0.2331,1.0,11576.0,489.0
2021-01-05 09:35:35.200,0.233,0.2335,10.0,0.2331,1.0,11576.0,489.0
2021-01-05 09:35:35.590,0.233,0.2335,10.0,0.2331,1.0,11576.0,489.0
2021-01-05 09:35:36.620,0.233,0.2335,10.0,0.2331,1.0,11576.0,489.0
2021-01-05 09:35:37.171,0.233,0.2335,10.0,0.2331,1.0,11576.0,489.0
2021-01-05 09:35:37.640,0.233,0.2335,10.0,0.233,10.0,11576.0,489.0
2021-01-05 09:35:38.670,0.2327,0.2327,10.0,0.2324,3.0,11576.0,499.0
2021-01-05 09:35:39.140,0.2327,0.2327,5.0,0.2324,3.0,11576.0,504.0
2021-01-05 09:35:39.690,0.2327,0.2327,5.0,0.2324,3.0,11576.0,504.0
2021-01-05 09:35:40.191,0.2327,0.2327,5.0,0.2323,12.0,11576.0,504.0
2021-01-05 09:35:40.691,0.2327,0.2327,5.0,0.2321,3.0,11576.0,504.0
2021-01-05 09:35:41.190,0.2319,0.2333,12.0,0.2318,10.0,11579.0,509.0
2021-01-05 09:35:41.680,0.2319,0.2333,12.0,0.2332,2.0,11579.0,509.0
2021-01-05 09:35:41.870,0.2332,0.2332,1.0,0.2321,22.0,11581.0,511.0
2021-01-05 09:35:42.410,0.2332,0.2332,1.0,0.2321,12.0,11581.0,511.0
2021-01-05 09:35:43.190,0.2332,0.2332,1.0,0.2325,32.0,11581.0,511.0
2021-01-05 09:35:43.661,0.2332,0.2332,1.0,0.2328,32.0,11581.0,511.0
2021-01-05 09:35:44.101,0.2332,0.2335,10.0,0.2328,32.0,11581.0,511.0
2021-01-05 09:35:44.600,0.2332,0.2335,10.0,0.2328,32.0,11581.0,511.0
2021-01-05 09:35:45.071,0.2332,0.2337,1.0,0.2328,32.0,11581.0,511.0
2021-01-05 09:35:45.670,0.2332,0.2341,12.0,0.2329,10.0,11581.0,511.0
2021-01-05 09:35:46.170,0.2332,0.2342,10.0,0.2328,62.0,11581.0,511.0
2021-01-05 09:35:46.700,0.2332,0.2342,10.0,0.233,12.0,11581.0,511.0
2021-01-05 09:35:47.201,0.2332,0.2342,10.0,0.233,12.0,11581.0,511.0
2021-01-05 09:35:48.181,0.2332,0.2348,10.0,0.2334,44.0,11581.0,511.0
2021-01-05 09:35:48.650,0.2332,0.2346,12.0,0.2334,32.0,11581.0,511.0
2021-01-05 09:35:49.001,0.2332,0.2345,12.0,0.2335,10.0,11581.0,511.0
2021-01-05 09:35:49.701,0.2332,0.2347,13.0,0.234,32.0,11581.0,511.0
2021-01-05 09:35:50.121,0.2332,0.2347,13.0,0.2341,32.0,11581.0,511.0
2021-01-05 09:35:50.680,0.2332,0.2347,13.0,0.2341,32.0,11581.0,511.0
2021-01-05 09:35:51.180,0.2332,0.2347,26.0,0.2341,32.0,11581.0,511.0
2021-01-05 09:35:51.710,0.2346,0.2346,9.0,0.2345,1.0,11582.0,512.0
2021-01-05 09:35:52.190,0.2346,0.2346,20.0,0.2341,32.0,11585.0,515.0
2021-01-05 09:35:52.671,0.2346,0.2346,18.0,0.2345,32.0,11587.0,517.0
2021-01-05 09:35:53.111,0.2346,0.2349,20.0,0.2346,11.0,11639.0,579.0
2021-01-05 09:35:53.631,0.2346,0.235,10.0,0.2345,25.0,11650.0,590.0
2021-01-05 09:35:54.161,0.2346,0.2347,10.0,0.2343,32.0,11650.0,590.0
2021-01-05 09:35:54.640,0.2343,0.2344,10.0,0.2343,27.0,11655.0,595.0
2021-01-05 09:35:55.141,0.2343,0.2343,1.0,0.234,32.0,11682.0,622.0
2021-01-05 09:35:55.691,0.234,0.2342,10.0,0.234,22.0,11692.0,632.0
2021-01-05 09:35:56.121,0.234,0.2342,10.0,0.2338,32.0,11702.0,642.0
2021-01-05 09:35:56.661,0.234,0.234,1.0,0.2338,10.0,11702.0,642.0
2021-01-05 09:35:57.141,0.234,0.234,1.0,0.2338,10.0,11702.0,642.0
2021-01-05 09:35:57.681,0.234,0.2339,10.0,0.2337,10.0,11702.0,642.0
2021-01-05 09:35:58.150,0.2334,0.2339,10.0,0.2338,10.0,11712.0,652.0
2021-01-05 09:35:58.701,0.2339,0.2339,3.0,0.2338,10.0,11705.0,659.0
2021-01-05 09:35:58.970,0.2339,0.234,1.0,0.2338,10.0,11702.0,662.0
2021-01-05 09:35:59.640,0.234,0.2343,10.0,0.234,1.0,11702.0,663.0
2021-01-05 09:36:00.201,0.2343,0.2343,5.0,0.234,1.0,11697.0,668.0
2021-01-05 09:36:00.680,0.2343,0.2347,1.0,0.2341,10.0,11692.0,673.0
2021-01-05 09:36:01.181,0.2343,0.2352,12.0,0.2341,10.0,11692.0,673.0
2021-01-05 09:36:01.671,0.2343,0.2351,14.0,0.2341,10.0,11692.0,673.0
2021-01-05 09:36:02.170,0.2343,0.235,22.0,0.234,10.0,11692.0,673.0
2021-01-05 09:36:02.701,0.234,0.234,6.0,0.2338,4.0,11692.0,679.0
2021-01-05 09:36:03.150,0.2338,0.234,6.0,0.2339,8.0,11692.0,681.0
2021-01-05 09:36:03.240,0.2339,0.2344,12.0,0.2339,5.0,11692.0,684.0
2021-01-05 09:36:04.161,0.2339,0.2347,20.0,0.233,10.0,11692.0,684.0
2021-01-05 09:36:04.670,0.2339,0.2338,5.0,0.2331,12.0,11692.0,684.0
2021-01-05 09:36:05.150,0.2339,0.2338,5.0,0.233,10.0,11692.0,684.0
2021-01-05 09:36:05.590,0.2338,0.2346,12.0,0.2331,25.0,11687.0,689.0
2021-01-05 09:36:06.180,0.2338,0.2346,12.0,0.2331,25.0,11687.0,689.0
2021-01-05 09:36:06.691,0.2338,0.2345,1.0,0.2331,25.0,11687.0,689.0
2021-01-05 09:36:07.181,0.2338,0.2345,1.0,0.2332,10.0,11687.0,689.0
2021-01-05 09:36:07.640,0.2338,0.2345,1.0,0.2332,10.0,11687.0,689.0
2021-01-05 09:36:08.051,0.2338,0.2345,1.0,0.2332,23.0,11687.0,689.0
2021-01-05 09:36:09.161,0.2344,0.2344,7.0,0.2332,13.0,11702.0,707.0
2021-01-05 09:36:09.691,0.2344,0.2344,7.0,0.2334,12.0,11702.0,707.0
2021-01-05 09:36:10.160,0.2344,0.2344,7.0,0.2333,12.0,11702.0,707.0
2021-01-05 09:36:10.671,0.2344,0.2344,7.0,0.2333,12.0,11702.0,707.0
2021-01-05 09:36:11.180,0.2344,0.2344,7.0,0.2333,12.0,11702.0,707.0
2021-01-05 09:36:11.651,0.2344,0.2344,7.0,0.2333,12.0,11702.0,707.0
2021-01-05 09:36:12.690,0.2344,0.2344,7.0,0.2338,1.0,11702.0,707.0
2021-01-05 09:36:13.190,0.2344,0.2344,7.0,0.2338,1.0,11702.0,707.0
2021-01-05 09:36:13.920,0.2344,0.2344,7.0,0.2339,10.0,11702.0,707.0
2021-01-05 09:36:14.611,0.2344,0.2344,7.0,0.2339,10.0,11702.0,707.0
2021-01-05 09:36:15.170,0.2344,0.2344,7.0,0.2338,11.0,11702.0,707.0
2021-01-05 09:36:16.150,0.2344,0.2344,7.0,0.2338,11.0,11702.0,707.0
2021-01-05 09:36:17.180,0.2344,0.2344,7.0,0.2338,11.0,11702.0,707.0
2021-01-05 09:36:18.680,0.2344,0.2344,7.0,0.2338,11.0,11702.0,707.0
2021-01-05 09:36:18.680,0.2344,0.2346,1.0,0.2338,11.0,11702.0,707.0
2021-01-05 09:36:20.161,0.2344,0.2346,21.0,0.2338,11.0,11702.0,707.0
2021-01-05 09:36:21.091,0.2344,0.2343,10.0,0.2338,1.0,11702.0,707.0
2021-01-05 09:36:21.691,0.2335,0.2343,10.0,0.2336,1.0,11703.0,717.0
2021-01-05 09:36:22.171,0.2335,0.2343,10.0,0.2337,10.0,11703.0,717.0
2021-01-05 09:36:22.680,0.2335,0.2343,10.0,0.2336,10.0,11703.0,717.0
2021-01-05 09:36:23.191,0.2335,0.2343,10.0,0.2338,10.0,11703.0,717.0
2021-01-05 09:36:23.681,0.2335,0.2343,10.0,0.2338,10.0,11703.0,717.0
2021-01-05 09:36:24.150,0.2335,0.2346,1.0,0.2338,10.0,11703.0,717.0
2021-01-05 09:36:24.701,0.2335,0.2346,1.0,0.2338,10.0,11703.0,717.0
2021-01-05 09:36:25.191,0.2335,0.2346,1.0,0.2338,10.0,11703.0,717.0
2021-01-05 09:36:25.650,0.2335,0.2347,10.0,0.2337,22.0,11703.0,717.0
2021-01-05 09:36:26.651,0.2335,0.2343,1.0,0.2339,10.0,11703.0,717.0
2021-01-05 09:36:27.070,0.2335,0.235,10.0,0.2343,1.0,11703.0,717.0
2021-01-05 09:36:27.690,0.2335,0.2351,10.0,0.2343,1.0,11703.0,717.0
2021-01-05 09:36:28.190,0.2335,0.2357,30.0,0.2344,12.0,11703.0,717.0
2021-01-05 09:36:28.681,0.2335,0.2356,13.0,0.2344,12.0,11703.0,717.0
2021-01-05 09:36:29.171,0.2335,0.2356,1.0,0.2345,10.0,11703.0,717.0
2021-01-05 09:36:29.651,0.2335,0.2356,1.0,0.2347,12.0,11703.0,717.0
2021-01-05 09:36:30.161,0.2335,0.2357,10.0,0.2347,12.0,11703.0,717.0
2021-01-05 09:36:30.700,0.2335,0.2358,1.0,0.2348,10.0,11703.0,717.0
2021-01-05 09:36:33.200,0.2345,0.2357,10.0,0.2344,12.0,11703.0,727.0
2021-01-05 09:36:33.670,0.2345,0.2345,10.0,0.2344,12.0,11703.0,727.0
2021-01-05 09:36:34.091,0.2345,0.2357,10.0,0.2345,2.0,11703.0,737.0
2021-01-05 09:36:34.671,0.2345,0.2357,23.0,0.2345,2.0,11703.0,737.0
2021-01-05 09:36:34.971,0.2345,0.2356,10.0,0.2345,2.0,11703.0,737.0
2021-01-05 09:36:35.701,0.2345,0.2356,13.0,0.2345,2.0,11703.0,737.0
2021-01-05 09:36:36.131,0.2345,0.2356,13.0,0.2345,2.0,11703.0,737.0
2021-01-05 09:36:36.700,0.2345,0.2357,10.0,0.2346,12.0,11703.0,737.0
2021-01-05 09:36:37.190,0.2346,0.2357,23.0,0.2346,12.0,11693.0,747.0
2021-01-05 09:36:37.691,0.2346,0.2358,13.0,0.2344,10.0,11693.0,747.0
2021-01-05 09:36:38.041,0.2346,0.2358,26.0,0.2344,10.0,11693.0,747.0
2021-01-05 09:36:40.191,0.2346,0.2357,10.0,0.2345,10.0,11693.0,747.0
2021-01-05 09:36:40.700,0.2346,0.2358,13.0,0.2344,20.0,11693.0,747.0
2021-01-05 09:36:41.201,0.2346,0.2358,36.0,0.2344,20.0,11693.0,747.0
2021-01-05 09:36:41.641,0.2346,0.2358,23.0,0.2344,20.0,11693.0,747.0
2021-01-05 09:36:42.200,0.2346,0.2357,13.0,0.2344,20.0,11693.0,747.0
2021-01-05 09:36:42.690,0.2346,0.2356,1.0,0.2344,20.0,11693.0,747.0
2021-01-05 09:36:43.111,0.2346,0.2356,1.0,0.2344,20.0,11693.0,747.0
2021-01-05 09:36:43.700,0.2346,0.2358,12.0,0.2344,20.0,11693.0,747.0
2021-01-05 09:36:44.200,0.2346,0.2357,13.0,0.2344,20.0,11693.0,747.0
2021-01-05 09:36:44.680,0.2346,0.2358,12.0,0.2344,20.0,11693.0,747.0
2021-01-05 09:36:45.191,0.2346,0.2359,20.0,0.2346,12.0,11693.0,747.0
2021-01-05 09:36:45.631,0.2346,0.2361,20.0,0.2346,12.0,11693.0,747.0
2021-01-05 09:36:46.190,0.2346,0.236,1.0,0.235,10.0,11693.0,747.0
2021-01-05 09:36:46.190,0.2346,0.236,1.0,0.2351,12.0,11693.0,747.0
2021-01-05 09:36:47.130,0.2346,0.2363,10.0,0.2351,22.0,11693.0,747.0
2021-01-05 09:36:47.660,0.2346,0.2363,10.0,0.2351,12.0,11693.0,747.0
2021-01-05 09:36:48.130,0.2346,0.2363,10.0,0.2355,10.0,11693.0,747.0
2021-01-05 09:36:48.630,0.2346,0.2363,10.0,0.2355,10.0,11693.0,747.0
2021-01-05 09:36:49.181,0.2346,0.2366,32.0,0.2356,1.0,11693.0,747.0
2021-01-05 09:36:49.700,0.2346,0.2365,10.0,0.2356,1.0,11693.0,747.0
2021-01-05 09:36:50.190,0.2346,0.2365,11.0,0.2356,1.0,11693.0,747.0
2021-01-05 09:36:50.670,0.2346,0.2365,11.0,0.2356,1.0,11693.0,747.0
2021-01-05 09:36:51.671,0.2346,0.2365,1.0,0.2357,10.0,11693.0,747.0
2021-01-05 09:36:52.691,0.2346,0.2365,1.0,0.2357,10.0,11693.0,747.0
2021-01-05 09:36:53.191,0.2346,0.2368,30.0,0.2357,10.0,11693.0,747.0
2021-01-05 09:36:53.680,0.2346,0.2368,20.0,0.2357,10.0,11693.0,747.0
2021-01-05 09:36:54.180,0.2346,0.2367,24.0,0.2356,11.0,11693.0,747.0
2021-01-05 09:36:54.631,0.2346,0.2365,12.0,0.2356,1.0,11693.0,747.0
2021-01-05 09:36:55.141,0.2346,0.2365,12.0,0.2356,1.0,11693.0,747.0
2021-01-05 09:36:55.651,0.2356,0.2364,13.0,0.2354,10.0,11694.0,748.0
2021-01-05 09:36:56.141,0.2356,0.2364,23.0,0.2353,10.0,11694.0,748.0
2021-01-05 09:36:56.691,0.2356,0.2364,23.0,0.2355,10.0,11694.0,748.0
2021-01-05 09:36:57.630,0.2352,0.2363,10.0,0.2353,10.0,11694.0,758.0
2021-01-05 09:36:58.160,0.2352,0.2363,20.0,0.2353,10.0,11694.0,758.0
2021-01-05 09:36:58.610,0.2352,0.2362,12.0,0.2353,10.0,11694.0,758.0
2021-01-05 09:36:59.181,0.2352,0.2362,12.0,0.2353,10.0,11694.0,758.0
2021-01-05 09:36:59.690,0.2352,0.2363,10.0,0.2353,10.0,11694.0,758.0
2021-01-05 09:37:00.120,0.2352,0.2366,13.0,0.2353,10.0,11694.0,758.0
2021-01-05 09:37:01.081,0.2352,0.2366,12.0,0.2353,10.0,11694.0,758.0
2021-01-05 09:37:01.630,0.2352,0.2365,23.0,0.2353,10.0,11694.0,758.0
2021-01-05 09:37:02.191,0.2352,0.2365,13.0,0.2353,10.0,11694.0,758.0
2021-01-05 09:37:02.610,0.2352,0.236,10.0,0.2352,20.0,11694.0,758.0
2021-01-05 09:37:03.151,0.2352,0.236,10.0,0.2354,10.0,11694.0,758.0
2021-01-05 09:37:03.630,0.2352,0.236,10.0,0.2352,10.0,11694.0,758.0
2021-01-05 09:37:04.200,0.2352,0.2358,12.0,0.2351,10.0,11694.0,758.0
2021-01-05 09:37:04.690,0.2352,0.2361,20.0,0.2351,10.0,11694.0,758.0
2021-01-05 09:37:05.140,0.2352,0.2361,20.0,0.2351,10.0,11694.0,758.0
2021-01-05 09:37:05.660,0.2352,0.2361,20.0,0.2348,10.0,11694.0,758.0
2021-01-05 09:37:06.171,0.2352,0.2361,33.0,0.2348,10.0,11694.0,758.0
2021-01-05 09:37:06.700,0.2352,0.2361,33.0,0.2348,10.0,11694.0,758.0
2021-01-05 09:37:07.180,0.2352,0.2361,33.0,0.2348,10.0,11694.0,758.0
2021-01-05 09:37:07.681,0.2352,0.2361,20.0,0.2348,10.0,11694.0,758.0
2021-01-05 09:37:08.630,0.2352,0.2361,10.0,0.235,12.0,11694.0,758.0
2021-01-05 09:37:09.170,0.2352,0.2362,10.0,0.2351,13.0,11694.0,758.0
2021-01-05 09:37:09.660,0.2352,0.2362,10.0,0.2351,12.0,11694.0,758.0
2021-01-05 09:37:10.140,0.2351,0.2361,10.0,0.235,10.0,11694.0,768.0
2021-01-05 09:37:10.701,0.2351,0.2356,10.0,0.235,10.0,11694.0,768.0
2021-01-05 09:37:11.201,0.2351,0.2356,10.0,0.235,10.0,11694.0,768.0
2021-01-05 09:37:12.131,0.2351,0.2356,10.0,0.235,10.0,11694.0,768.0
2021-01-05 09:37:12.131,0.2351,0.2355,12.0,0.2346,10.0,11694.0,768.0
2021-01-05 09:37:13.181,0.2351,0.2355,12.0,0.2346,10.0,11694.0,768.0
2021-01-05 09:37:13.181,0.2351,0.2356,10.0,0.2348,10.0,11694.0,768.0
2021-01-05 09:37:14.171,0.2351,0.2356,10.0,0.2348,10.0,11694.0,768.0
2021-01-05 09:37:14.651,0.2351,0.2356,10.0,0.2349,13.0,11694.0,768.0
2021-01-05 09:37:15.160,0.2356,0.2361,2.0,0.2349,13.0,11684.0,778.0
2021-01-05 09:37:15.671,0.2356,0.2359,10.0,0.235,10.0,11684.0,778.0
2021-01-05 09:37:16.190,0.2356,0.2359,10.0,0.235,10.0,11684.0,778.0
2021-01-05 09:37:16.461,0.2356,0.2358,12.0,0.2349,10.0,11684.0,778.0
2021-01-05 09:37:17.200,0.2356,0.2358,12.0,0.235,10.0,11684.0,778.0
2021-01-05 09:37:17.671,0.2356,0.2358,12.0,0.2349,10.0,11684.0,778.0
2021-01-05 09:37:18.710,0.2356,0.2358,12.0,0.2351,10.0,11684.0,778.0
2021-01-05 09:37:19.021,0.2356,0.236,10.0,0.2352,10.0,11684.0,778.0
2021-01-05 09:37:19.711,0.2356,0.236,23.0,0.2352,10.0,11684.0,778.0
2021-01-05 09:37:20.211,0.2356,0.236,10.0,0.2352,10.0,11684.0,778.0
2021-01-05 09:37:20.691,0.2356,0.236,23.0,0.2352,10.0,11684.0,778.0
2021-01-05 09:37:21.200,0.2356,0.236,10.0,0.2351,10.0,11684.0,778.0
2021-01-05 09:37:21.701,0.2356,0.2359,25.0,0.235,10.0,11684.0,778.0
2021-01-05 09:37:22.030,0.2356,0.2359,25.0,0.235,10.0,11684.0,778.0
2021-01-05 09:37:22.641,0.2356,0.2359,26.0,0.235,10.0,11684.0,778.0
2021-01-05 09:37:23.150,0.2356,0.2359,36.0,0.2349,10.0,11684.0,778.0
2021-01-05 09:37:23.661,0.2356,0.2359,26.0,0.2349,10.0,11684.0,778.0
2021-01-05 09:37:24.080,0.2356,0.2359,26.0,0.2349,10.0,11684.0,778.0
2021-01-05 09:37:24.631,0.2356,0.2359,26.0,0.2349,10.0,11684.0,778.0
2021-01-05 09:37:25.200,0.2356,0.2359,26.0,0.2349,10.0,11684.0,778.0
2021-01-05 09:37:25.670,0.2356,0.2359,26.0,0.2349,10.0,11684.0,778.0
2021-01-05 09:37:26.170,0.2356,0.2359,25.0,0.2349,10.0,11684.0,778.0
2021-01-05 09:37:26.650,0.2356,0.2359,35.0,0.2349,10.0,11684.0,778.0
2021-01-05 09:37:27.130,0.2356,0.2359,25.0,0.2349,10.0,11684.0,778.0
2021-01-05 09:37:28.151,0.2356,0.2359,25.0,0.2349,10.0,11684.0,778.0
2021-01-05 09:37:29.130,0.2356,0.2359,25.0,0.2349,10.0,11684.0,778.0
2021-01-05 09:37:30.191,0.2356,0.2357,12.0,0.2348,10.0,11684.0,778.0
2021-01-05 09:37:30.650,0.2356,0.2359,12.0,0.235,10.0,11684.0,778.0
2021-01-05 09:37:31.190,0.2356,0.2359,25.0,0.2349,10.0,11684.0,778.0
2021-01-05 09:37:31.691,0.2349,0.2359,25.0,0.2346,10.0,11684.0,788.0
2021-01-05 09:37:32.141,0.2349,0.2359,25.0,0.2347,13.0,11684.0,788.0
2021-01-05 09:37:32.651,0.2349,0.2359,12.0,0.2347,13.0,11684.0,788.0
2021-01-05 09:37:33.180,0.2349,0.2361,10.0,0.2349,12.0,11684.0,788.0
2021-01-05 09:37:33.681,0.2349,0.2361,10.0,0.2349,12.0,11684.0,788.0
2021-01-05 09:37:34.200,0.2349,0.2362,10.0,0.235,13.0,11684.0,788.0
2021-01-05 09:37:34.500,0.2349,0.2362,23.0,0.235,25.0,11684.0,788.0
2021-01-05 09:37:35.170,0.2349,0.2361,10.0,0.235,12.0,11684.0,788.0
2021-01-05 09:37:35.650,0.2349,0.236,23.0,0.2347,12.0,11684.0,788.0
2021-01-05 09:37:36.140,0.2349,0.2361,22.0,0.2348,13.0,11684.0,788.0
2021-01-05 09:37:36.671,0.2349,0.236,10.0,0.2348,13.0,11684.0,788.0
2021-01-05 09:37:37.180,0.2349,0.2359,13.0,0.2348,13.0,11684.0,788.0
2021-01-05 09:37:37.691,0.2349,0.2359,13.0,0.2348,23.0,11684.0,788.0
2021-01-05 09:37:38.651,0.2349,0.2358,10.0,0.2347,10.0,11684.0,788.0
2021-01-05 09:37:39.170,0.2349,0.2359,22.0,0.2346,20.0,11684.0,788.0
2021-01-05 09:37:39.700,0.2349,0.2357,12.0,0.2346,20.0,11684.0,788.0
2021-01-05 09:37:40.161,0.2349,0.2356,12.0,0.2346,20.0,11684.0,788.0
2021-01-05 09:37:40.701,0.2349,0.2355,13.0,0.2346,20.0,11684.0,788.0
2021-01-05 09:37:41.131,0.2349,0.2358,33.0,0.2346,33.0,11684.0,788.0
2021-01-05 09:37:42.130,0.2349,0.2358,32.0,0.2346,20.0,11684.0,788.0
2021-01-05 09:37:42.691,0.2349,0.2357,13.0,0.2346,20.0,11684.0,788.0
2021-01-05 09:37:43.671,0.2349,0.2355,12.0,0.2346,10.0,11684.0,788.0
2021-01-05 09:37:44.190,0.2349,0.2355,12.0,0.2346,10.0,11684.0,788.0
2021-01-05 09:37:44.651,0.2349,0.2354,13.0,0.2345,10.0,11684.0,788.0
2021-01-05 09:37:45.191,0.2349,0.2354,13.0,0.2345,10.0,11684.0,788.0
2021-01-05 09:37:45.650,0.2349,0.2354,23.0,0.2344,10.0,11684.0,788.0
2021-01-05 09:37:46.601,0.2349,0.2354,23.0,0.2343,10.0,11684.0,788.0
2021-01-05 09:37:47.210,0.2349,0.2354,23.0,0.2344,13.0,11684.0,788.0
2021-01-05 09:37:47.661,0.2349,0.2355,30.0,0.2344,23.0,11684.0,788.0
2021-01-05 09:37:48.201,0.2349,0.2356,10.0,0.2345,10.0,11684.0,788.0
2021-01-05 09:37:48.700,0.2349,0.2355,10.0,0.2344,10.0,11684.0,788.0
2021-01-05 09:37:49.190,0.2349,0.2356,10.0,0.2345,13.0,11684.0,788.0
2021-01-05 09:37:49.670,0.2349,0.2354,10.0,0.2345,13.0,11684.0,788.0
2021-01-05 09:37:50.220,0.2349,0.2355,10.0,0.2345,23.0,11684.0,788.0
2021-01-05 09:37:51.691,0.2349,0.2358,20.0,0.2347,12.0,11684.0,788.0
2021-01-05 09:37:52.191,0.2349,0.2355,10.0,0.2347,12.0,11684.0,788.0
2021-01-05 09:37:52.300,0.2349,0.2358,20.0,0.2348,13.0,11684.0,788.0
2021-01-05 09:37:53.161,0.2349,0.2358,33.0,0.2348,13.0,11684.0,788.0
2021-01-05 09:37:53.680,0.2349,0.2358,20.0,0.2348,23.0,11684.0,788.0
2021-01-05 09:37:54.170,0.2349,0.2358,20.0,0.2348,13.0,11684.0,788.0
2021-01-05 09:37:54.640,0.2349,0.2358,20.0,0.2347,12.0,11684.0,788.0
2021-01-05 09:37:55.691,0.2349,0.2358,20.0,0.2346,10.0,11684.0,788.0
2021-01-05 09:37:56.121,0.2349,0.2357,13.0,0.2347,13.0,11684.0,788.0
2021-01-05 09:37:56.611,0.2349,0.2357,13.0,0.2345,12.0,11684.0,788.0
2021-01-05 09:37:57.170,0.2349,0.2357,25.0,0.2344,10.0,11684.0,788.0
2021-01-05 09:37:57.601,0.2349,0.2352,10.0,0.2342,22.0,11684.0,788.0
2021-01-05 09:37:58.100,0.2349,0.2351,13.0,0.2343,10.0,11684.0,788.0
2021-01-05 09:37:59.161,0.2349,0.2352,10.0,0.2345,10.0,11684.0,788.0
2021-01-05 09:38:00.100,0.2349,0.2352,10.0,0.2346,12.0,11684.0,788.0
2021-01-05 09:38:00.680,0.2349,0.2352,10.0,0.2347,13.0,11684.0,788.0
2021-01-05 09:38:01.180,0.2349,0.2352,10.0,0.2346,12.0,11684.0,788.0
2021-01-05 09:38:01.681,0.2349,0.2352,10.0,0.2346,25.0,11684.0,788.0
2021-01-05 09:38:02.181,0.2349,0.2352,10.0,0.2346,22.0,11684.0,788.0
2021-01-05 09:38:02.680,0.2349,0.2352,10.0,0.2347,13.0,11684.0,788.0
2021-01-05 09:38:04.190,0.2349,0.2352,10.0,0.2347,23.0,11684.0,788.0
2021-01-05 09:38:04.680,0.2349,0.2352,10.0,0.2348,12.0,11684.0,788.0
2021-01-05 09:38:05.181,0.2349,0.2358,10.0,0.2348,12.0,11684.0,788.0
2021-01-05 09:38:05.621,0.2349,0.2357,23.0,0.2348,12.0,11684.0,788.0
2021-01-05 09:38:06.151,0.2349,0.2357,23.0,0.2348,25.0,11684.0,788.0
2021-01-05 09:38:06.691,0.2349,0.2358,10.0,0.2348,12.0,11684.0,788.0
2021-01-05 09:38:07.200,0.2349,0.236,2.0,0.2349,35.0,11684.0,788.0
2021-01-05 09:38:07.590,0.2349,0.236,1.0,0.2351,12.0,11684.0,788.0
2021-01-05 09:38:08.021,0.2349,0.236,1.0,0.2351,12.0,11684.0,788.0
2021-01-05 09:38:09.160,0.2349,0.236,1.0,0.2354,12.0,11684.0,788.0
2021-01-05 09:38:09.611,0.2349,0.236,1.0,0.2354,12.0,11684.0,788.0
2021-01-05 09:38:10.180,0.2349,0.236,1.0,0.2355,25.0,11684.0,788.0
2021-01-05 09:38:10.670,0.2355,0.236,1.0,0.2357,12.0,11684.0,798.0
2021-01-05 09:38:11.141,0.236,0.2364,10.0,0.2357,12.0,11683.0,799.0
2021-01-05 09:38:11.701,0.236,0.2363,13.0,0.2354,12.0,11683.0,799.0
2021-01-05 09:38:11.701,0.236,0.2363,23.0,0.2352,22.0,11683.0,799.0
2021-01-05 09:38:12.531,0.236,0.2363,13.0,0.2355,10.0,11683.0,799.0
2021-01-05 09:38:13.110,0.236,0.2363,13.0,0.2355,12.0,11683.0,799.0
2021-01-05 09:38:13.690,0.2355,0.2368,10.0,0.2356,22.0,11693.0,809.0
2021-01-05 09:38:13.980,0.2355,0.2366,12.0,0.2356,13.0,11693.0,809.0
2021-01-05 09:38:14.691,0.2355,0.2369,24.0,0.2355,22.0,11693.0,809.0
2021-01-05 09:38:15.150,0.2355,0.237,12.0,0.2356,13.0,11693.0,809.0
2021-01-05 09:38:15.730,0.2356,0.2369,13.0,0.2356,3.0,11693.0,819.0
2021-01-05 09:38:16.210,0.2356,0.2368,12.0,0.2357,10.0,11693.0,819.0
2021-01-05 09:38:16.731,0.2356,0.2368,12.0,0.2356,10.0,11693.0,819.0
2021-01-05 09:38:17.190,0.2356,0.2368,13.0,0.2357,13.0,11693.0,819.0
2021-01-05 09:38:17.701,0.2356,0.2368,25.0,0.2357,13.0,11693.0,819.0
2021-01-05 09:38:18.231,0.2356,0.2368,25.0,0.2357,13.0,11693.0,819.0
2021-01-05 09:38:18.660,0.2356,0.2368,13.0,0.2358,10.0,11693.0,819.0
2021-01-05 09:38:19.230,0.2356,0.2371,12.0,0.236,10.0,11693.0,819.0
2021-01-05 09:38:19.670,0.2356,0.237,13.0,0.236,23.0,11693.0,819.0
2021-01-05 09:38:20.231,0.2356,0.237,13.0,0.236,23.0,11693.0,819.0
2021-01-05 09:38:20.690,0.2356,0.237,13.0,0.236,23.0,11693.0,819.0
2021-01-05 09:38:21.180,0.2356,0.237,13.0,0.236,10.0,11693.0,819.0
2021-01-05 09:38:21.670,0.2356,0.2373,14.0,0.2367,10.0,11693.0,819.0
2021-01-05 09:38:22.210,0.2356,0.2378,14.0,0.2367,10.0,11693.0,819.0
2021-01-05 09:38:22.531,0.2356,0.2377,10.0,0.2367,10.0,11693.0,819.0
2021-01-05 09:38:23.201,0.2356,0.2376,13.0,0.2367,10.0,11693.0,819.0
2021-01-05 09:38:23.620,0.2368,0.2376,13.0,0.2367,10.0,11693.0,829.0
2021-01-05 09:38:24.141,0.2368,0.2376,13.0,0.2367,10.0,11693.0,829.0
2021-01-05 09:38:24.671,0.2368,0.2382,10.0,0.2373,10.0,11693.0,829.0
2021-01-05 09:38:25.101,0.2368,0.2381,13.0,0.2373,10.0,11693.0,829.0
2021-01-05 09:38:25.101,0.2368,0.238,10.0,0.2373,10.0,11693.0,829.0
2021-01-05 09:38:26.100,0.2368,0.2383,12.0,0.2373,10.0,11693.0,829.0
2021-01-05 09:38:26.701,0.2368,0.2381,10.0,0.2368,10.0,11693.0,829.0
2021-01-05 09:38:27.151,0.2368,0.237,10.0,0.2368,13.0,11693.0,829.0
2021-01-05 09:38:27.550,0.2368,0.237,5.0,0.2367,10.0,11693.0,844.0
2021-01-05 09:38:28.171,0.237,0.2383,22.0,0.2369,12.0,11693.0,849.0
2021-01-05 09:38:28.680,0.237,0.2382,13.0,0.2369,12.0,11693.0,849.0
2021-01-05 09:38:29.191,0.237,0.2382,13.0,0.237,10.0,11693.0,849.0
2021-01-05 09:38:29.641,0.237,0.2382,13.0,0.2369,22.0,11693.0,849.0
2021-01-05 09:38:30.190,0.237,0.2382,13.0,0.2369,22.0,11693.0,849.0
2021-01-05 09:38:30.670,0.237,0.2382,23.0,0.2371,10.0,11693.0,849.0
2021-01-05 09:38:31.181,0.237,0.2382,13.0,0.2372,12.0,11693.0,849.0
2021-01-05 09:38:31.640,0.2382,0.2384,24.0,0.2372,12.0,11697.0,853.0
2021-01-05 09:38:32.171,0.2382,0.2384,14.0,0.2373,10.0,11697.0,853.0
2021-01-05 09:38:32.701,0.2382,0.2384,14.0,0.2373,12.0,11697.0,853.0
2021-01-05 09:38:33.070,0.2382,0.2387,22.0,0.2374,10.0,11697.0,853.0
2021-01-05 09:38:33.700,0.2382,0.2386,13.0,0.2382,8.0,11697.0,853.0
2021-01-05 09:38:34.201,0.2382,0.2387,10.0,0.2382,28.0,11697.0,853.0
2021-01-05 09:38:34.681,0.2382,0.2395,24.0,0.2382,38.0,11699.0,855.0
2021-01-05 09:38:35.200,0.2382,0.2394,10.0,0.2388,10.0,11699.0,855.0
2021-01-05 09:38:35.621,0.2388,0.2393,13.0,0.2388,7.0,11702.0,858.0
2021-01-05 09:38:36.130,0.2388,0.2394,10.0,0.2388,7.0,11702.0,858.0
2021-01-05 09:38:36.691,0.2388,0.2394,13.0,0.2389,10.0,11702.0,858.0
2021-01-05 09:38:37.160,0.2388,0.2395,12.0,0.2389,10.0,11702.0,858.0
2021-01-05 09:38:37.680,0.2388,0.2399,12.0,0.2389,10.0,11702.0,858.0
2021-01-05 09:38:38.161,0.2388,0.2398,13.0,0.2389,20.0,11702.0,858.0
2021-01-05 09:38:38.601,0.2388,0.2398,13.0,0.2389,10.0,11702.0,858.0
2021-01-05 09:38:39.161,0.2388,0.24,8.0,0.2389,30.0,11702.0,858.0
2021-01-05 09:38:39.661,0.2388,0.24,8.0,0.239,13.0,11702.0,858.0
2021-01-05 09:38:40.141,0.2388,0.24,8.0,0.2399,10.0,11702.0,858.0
2021-01-05 09:38:40.591,0.2388,0.24,8.0,0.2399,10.0,11702.0,858.0
2021-01-05 09:38:41.611,0.24,0.2401,1.0,0.24,2.0,11694.0,866.0
2021-01-05 09:38:42.191,0.2401,0.2405,1.0,0.2399,10.0,11694.0,867.0
2021-01-05 09:38:42.700,0.2401,0.2405,1.0,0.2399,20.0,11694.0,867.0
2021-01-05 09:38:43.701,0.2401,0.2405,1.0,0.2399,20.0,11694.0,867.0
2021-01-05 09:38:44.200,0.2401,0.2405,1.0,0.2399,20.0,11694.0,867.0
2021-01-05 09:38:44.621,0.2399,0.2405,13.0,0.2398,10.0,11695.0,868.0
2021-01-05 09:38:45.201,0.2399,0.2404,13.0,0.24,10.0,11695.0,868.0
2021-01-05 09:38:45.580,0.24,0.2404,13.0,0.2398,9.0,11695.0,869.0
2021-01-05 09:38:46.200,0.24,0.2405,13.0,0.2398,10.0,11695.0,869.0
2021-01-05 09:38:46.521,0.24,0.2405,1.0,0.2398,10.0,11695.0,869.0
2021-01-05 09:38:47.140,0.24,0.2405,1.0,0.2398,10.0,11695.0,869.0
2021-01-05 09:38:48.200,0.24,0.2403,12.0,0.2396,10.0,11695.0,869.0
2021-01-05 09:38:48.531,0.24,0.2403,12.0,0.2396,10.0,11695.0,869.0
2021-01-05 09:38:49.130,0.24,0.2403,12.0,0.2394,10.0,11695.0,869.0
2021-01-05 09:38:49.691,0.24,0.2403,12.0,0.2398,10.0,11695.0,869.0
2021-01-05 09:38:50.091,0.2398,0.2398,2.0,0.2394,10.0,11687.0,879.0
2021-01-05 09:38:50.651,0.2398,0.2398,2.0,0.2394,22.0,11687.0,879.0
2021-01-05 09:38:51.170,0.2398,0.2402,12.0,0.2395,23.0,11685.0,881.0
2021-01-05 09:38:51.691,0.2398,0.2405,1.0,0.2397,12.0,11685.0,881.0
2021-01-05 09:38:52.140,0.2398,0.2405,1.0,0.2397,12.0,11685.0,881.0
2021-01-05 09:38:52.630,0.2405,0.2406,12.0,0.2398,13.0,11685.0,882.0
2021-01-05 09:38:53.160,0.2406,0.241,12.0,0.2399,3.0,11685.0,887.0
2021-01-05 09:38:54.200,0.2406,0.2412,22.0,0.24,13.0,11685.0,887.0
2021-01-05 09:38:54.690,0.2406,0.2413,10.0,0.2409,10.0,11685.0,887.0
2021-01-05 09:38:55.191,0.2406,0.2412,10.0,0.2409,10.0,11685.0,887.0
2021-01-05 09:38:55.650,0.2406,0.2416,22.0,0.2409,10.0,11685.0,887.0
2021-01-05 09:38:56.190,0.2406,0.2417,10.0,0.2407,10.0,11685.0,887.0
2021-01-05 09:38:56.661,0.2406,0.2417,23.0,0.2408,13.0,11685.0,887.0
2021-01-05 09:38:57.181,0.2406,0.2415,22.0,0.2405,10.0,11685.0,887.0
2021-01-05 09:38:57.640,0.2406,0.2419,10.0,0.2409,10.0,11685.0,887.0
2021-01-05 09:38:58.161,0.2406,0.2416,10.0,0.2406,10.0,11685.0,887.0
2021-01-05 09:38:58.670,0.2406,0.2416,10.0,0.2405,20.0,11685.0,887.0
2021-01-05 09:38:59.060,0.2406,0.2414,12.0,0.2405,10.0,11685.0,887.0
2021-01-05 09:39:00.140,0.2406,0.2413,13.0,0.2404,10.0,11685.0,887.0
2021-01-05 09:39:00.660,0.2406,0.2413,13.0,0.2404,33.0,11685.0,887.0
2021-01-05 09:39:01.160,0.2406,0.2414,12.0,0.2404,10.0,11685.0,887.0
2021-01-05 09:39:01.700,0.2406,0.2415,12.0,0.2405,13.0,11685.0,887.0
2021-01-05 09:39:02.170,0.2406,0.2415,25.0,0.2405,13.0,11685.0,887.0
2021-01-05 09:39:02.660,0.2405,0.2418,26.0,0.2405,3.0,11695.0,897.0
2021-01-05 09:39:03.150,0.2405,0.2416,12.0,0.2405,3.0,11695.0,897.0
2021-01-05 09:39:03.671,0.2405,0.2415,25.0,0.2405,3.0,11695.0,897.0
2021-01-05 09:39:04.161,0.2405,0.2413,12.0,0.2405,3.0,11695.0,897.0
2021-01-05 09:39:04.610,0.2405,0.2413,12.0,0.2406,10.0,11695.0,897.0
2021-01-05 09:39:05.211,0.2405,0.2413,13.0,0.2405,10.0,11695.0,897.0
2021-01-05 09:39:05.701,0.2405,0.2415,12.0,0.2405,10.0,11695.0,897.0
2021-01-05 09:39:06.191,0.2405,0.2414,13.0,0.2405,23.0,11695.0,897.0
2021-01-05 09:39:06.650,0.2405,0.2414,13.0,0.2405,10.0,11695.0,897.0
2021-01-05 09:39:07.200,0.2405,0.2414,13.0,0.2404,10.0,11695.0,897.0
2021-01-05 09:39:07.680,0.2405,0.2415,12.0,0.2405,10.0,11695.0,897.0
2021-01-05 09:39:08.131,0.2405,0.2414,13.0,0.2405,10.0,11695.0,897.0
2021-01-05 09:39:08.690,0.2405,0.2414,13.0,0.2405,10.0,11695.0,897.0
2021-01-05 09:39:09.161,0.2405,0.2414,13.0,0.2405,10.0,11695.0,897.0
2021-01-05 09:39:09.601,0.2405,0.2415,12.0,0.2405,10.0,11695.0,897.0
2021-01-05 09:39:10.191,0.2405,0.2415,10.0,0.2404,20.0,11695.0,897.0
2021-01-05 09:39:10.721,0.2405,0.2415,12.0,0.2405,3.0,11705.0,907.0
2021-01-05 09:39:11.201,0.2415,0.242,20.0,0.2406,25.0,11705.0,912.0
2021-01-05 09:39:11.701,0.2415,0.2419,13.0,0.2406,12.0,11705.0,912.0
2021-01-05 09:39:12.150,0.2415,0.2417,10.0,0.2407,13.0,11705.0,912.0
2021-01-05 09:39:12.690,0.2415,0.242,10.0,0.2407,13.0,11705.0,912.0
2021-01-05 09:39:13.170,0.2415,0.2419,13.0,0.2407,13.0,11705.0,912.0
2021-01-05 09:39:13.720,0.2415,0.2418,12.0,0.2408,10.0,11705.0,912.0
2021-01-05 09:39:14.160,0.2415,0.2419,10.0,0.2407,10.0,11705.0,912.0
2021-01-05 09:39:15.220,0.2415,0.242,13.0,0.2408,13.0,11705.0,912.0
2021-01-05 09:39:15.220,0.2415,0.242,13.0,0.2409,10.0,11705.0,912.0
2021-01-05 09:39:16.121,0.2415,0.242,13.0,0.241,10.0,11705.0,912.0
2021-01-05 09:39:16.711,0.2415,0.2421,22.0,0.2411,13.0,11705.0,912.0
2021-01-05 09:39:17.191,0.242,0.242,12.0,0.2411,13.0,11706.0,913.0
2021-01-05 09:39:17.650,0.242,0.242,12.0,0.241,10.0,11706.0,913.0
2021-01-05 09:39:18.221,0.241,0.242,12.0,0.2408,10.0,11706.0,923.0
2021-01-05 09:39:18.671,0.241,0.242,12.0,0.2408,23.0,11706.0,923.0
2021-01-05 09:39:19.710,0.241,0.242,12.0,0.2409,3.0,11706.0,923.0
2021-01-05 09:39:20.221,0.241,0.2421,22.0,0.2409,3.0,11706.0,923.0
2021-01-05 09:39:20.741,0.241,0.2421,10.0,0.241,25.0,11706.0,923.0
2021-01-05 09:39:21.231,0.241,0.2421,13.0,0.241,13.0,11706.0,923.0
2021-01-05 09:39:21.631,0.241,0.2422,10.0,0.2411,3.0,11706.0,933.0
2021-01-05 09:39:21.671,0.241,0.2422,13.0,0.2411,3.0,11706.0,933.0
2021-01-05 09:39:22.551,0.241,0.2422,23.0,0.2415,10.0,11706.0,933.0
2021-01-05 09:39:23.200,0.241,0.2422,10.0,0.2415,10.0,11706.0,933.0
2021-01-05 09:39:23.610,0.241,0.2421,13.0,0.2412,20.0,11706.0,933.0
2021-01-05 09:39:24.151,0.241,0.2421,10.0,0.2416,10.0,11706.0,933.0
2021-01-05 09:39:24.670,0.2416,0.2427,20.0,0.2414,12.0,11706.0,943.0
2021-01-05 09:39:25.210,0.2416,0.2422,10.0,0.2414,25.0,11706.0,943.0
2021-01-05 09:39:25.561,0.2416,0.2426,10.0,0.2414,25.0,11706.0,943.0
2021-01-05 09:39:26.130,0.2414,0.2425,13.0,0.2415,12.0,11716.0,953.0
2021-01-05 09:39:26.681,0.2414,0.2425,13.0,0.2415,13.0,11716.0,953.0
2021-01-05 09:39:27.210,0.2414,0.2424,10.0,0.2415,13.0,11716.0,953.0
2021-01-05 09:39:27.711,0.2414,0.2425,10.0,0.2414,3.0,11716.0,953.0
2021-01-05 09:39:28.220,0.2414,0.2424,23.0,0.2414,16.0,11716.0,953.0
2021-01-05 09:39:28.710,0.2414,0.2424,23.0,0.2414,3.0,11716.0,953.0
2021-01-05 09:39:29.231,0.2414,0.2424,13.0,0.2414,3.0,11716.0,953.0
2021-01-05 09:39:29.721,0.2414,0.2423,22.0,0.2414,3.0,11716.0,953.0
2021-01-05 09:39:30.220,0.2414,0.2411,20.0,0.241,30.0,11716.0,953.0
2021-01-05 09:39:30.520,0.2411,0.2411,3.0,0.241,10.0,11716.0,970.0
2021-01-05 09:39:30.850,0.2411,0.2411,1.0,0.241,10.0,11716.0,972.0
2021-01-05 09:39:31.701,0.2411,0.2413,10.0,0.241,10.0,11716.0,973.0
2021-01-05 09:39:32.141,0.2411,0.242,22.0,0.241,23.0,11716.0,973.0
2021-01-05 09:39:32.700,0.2411,0.2418,10.0,0.241,23.0,11716.0,973.0
2021-01-05 09:39:33.180,0.2411,0.2422,10.0,0.2416,10.0,11716.0,973.0
2021-01-05 09:39:33.530,0.2411,0.2421,13.0,0.2416,10.0,11716.0,973.0
2021-01-05 09:39:34.210,0.2411,0.2421,13.0,0.2416,10.0,11716.0,973.0
2021-01-05 09:39:34.631,0.2411,0.242,10.0,0.2416,10.0,11716.0,973.0
2021-01-05 09:39:35.171,0.2416,0.2413,10.0,0.241,3.0,11726.0,983.0
2021-01-05 09:39:35.651,0.2416,0.2413,10.0,0.241,3.0,11726.0,983.0
2021-01-05 09:39:36.231,0.2413,0.2413,5.0,0.241,16.0,11726.0,988.0
2021-01-05 09:39:36.310,0.2413,0.2417,10.0,0.241,16.0,11726.0,993.0
2021-01-05 09:39:37.221,0.2413,0.2417,10.0,0.241,3.0,11726.0,993.0
2021-01-05 09:39:37.730,0.2413,0.2417,10.0,0.241,3.0,11726.0,993.0
2021-01-05 09:39:38.221,0.2417,0.2417,9.0,0.2407,3.0,11727.0,994.0
2021-01-05 09:39:38.650,0.2417,0.2417,9.0,0.2408,13.0,11727.0,994.0
2021-01-05 09:39:39.241,0.2417,0.2417,10.0,0.2409,3.0,11727.0,994.0
2021-01-05 09:39:39.751,0.2417,0.2417,10.0,0.2409,3.0,11727.0,994.0
2021-01-05 09:39:40.200,0.2417,0.2417,10.0,0.2409,16.0,11727.0,994.0
2021-01-05 09:39:40.721,0.2417,0.2417,10.0,0.2409,3.0,11727.0,994.0
2021-01-05 09:39:41.220,0.2407,0.2417,10.0,0.2406,20.0,11727.0,1004.0
2021-01-05 09:39:41.750,0.2407,0.2418,10.0,0.2407,12.0,11727.0,1004.0
2021-01-05 09:39:42.210,0.2407,0.2416,10.0,0.2404,3.0,11727.0,1014.0
2021-01-05 09:39:42.740,0.2407,0.2414,12.0,0.2405,13.0,11727.0,1014.0
2021-01-05 09:39:43.170,0.2407,0.2413,12.0,0.2404,3.0,11727.0,1014.0
2021-01-05 09:39:43.460,0.2407,0.2413,10.0,0.2404,3.0,11727.0,1014.0
2021-01-05 09:39:44.231,0.2407,0.2412,13.0,0.2404,3.0,11727.0,1014.0
2021-01-05 09:39:44.680,0.2407,0.2412,13.0,0.2404,3.0,11727.0,1014.0
2021-01-05 09:39:45.251,0.2404,0.2401,7.0,0.2398,12.0,11730.0,1017.0
2021-01-05 09:39:45.700,0.2402,0.2413,12.0,0.2401,21.0,11730.0,1034.0
2021-01-05 09:39:46.040,0.2402,0.2412,13.0,0.2401,20.0,11730.0,1034.0
2021-01-05 09:39:46.691,0.2402,0.2416,10.0,0.2406,10.0,11730.0,1034.0
2021-01-05 09:39:47.250,0.2402,0.2415,13.0,0.2406,10.0,11730.0,1034.0
2021-01-05 09:39:47.731,0.2402,0.2415,13.0,0.2405,20.0,11730.0,1034.0
2021-01-05 09:39:48.221,0.2402,0.2411,10.0,0.2401,32.0,11730.0,1034.0
2021-01-05 09:39:48.720,0.2402,0.2412,10.0,0.2404,20.0,11730.0,1034.0
2021-01-05 09:39:49.241,0.2402,0.2413,10.0,0.2403,10.0,11730.0,1034.0
2021-01-05 09:39:49.711,0.2402,0.2413,10.0,0.2403,10.0,11730.0,1034.0
2021-01-05 09:39:50.180,0.2402,0.2413,23.0,0.2403,11.0,11730.0,1034.0
2021-01-05 09:39:50.710,0.2402,0.2414,10.0,0.2405,12.0,11730.0,1034.0
2021-01-05 09:39:51.241,0.2402,0.2416,10.0,0.2406,13.0,11730.0,1034.0
2021-01-05 09:39:51.730,0.2402,0.2417,10.0,0.2407,22.0,11730.0,1034.0
2021-01-05 09:39:52.251,0.2402,0.2417,10.0,0.2406,20.0,11730.0,1034.0
2021-01-05 09:39:52.670,0.2402,0.2417,23.0,0.2407,13.0,11730.0,1034.0
2021-01-05 09:39:53.181,0.2402,0.2417,10.0,0.2406,20.0,11730.0,1034.0
2021-01-05 09:39:53.630,0.2402,0.2416,13.0,0.2406,20.0,11730.0,1034.0
2021-01-05 09:39:54.191,0.2402,0.2416,13.0,0.2403,10.0,11730.0,1034.0
2021-01-05 09:39:54.691,0.2402,0.2414,12.0,0.2404,13.0,11730.0,1034.0
2021-01-05 09:39:55.181,0.2402,0.2416,10.0,0.2404,33.0,11730.0,1034.0
2021-01-05 09:39:55.361,0.2402,0.2416,10.0,0.2404,33.0,11730.0,1034.0
2021-01-05 09:39:56.120,0.2402,0.242,10.0,0.2406,12.0,11730.0,1034.0
2021-01-05 09:39:56.691,0.2402,0.2416,10.0,0.2404,12.0,11730.0,1034.0
2021-01-05 09:39:57.181,0.2402,0.2416,10.0,0.2405,33.0,11730.0,1034.0
2021-01-05 09:39:57.580,0.2402,0.2416,10.0,0.2405,33.0,11730.0,1034.0
2021-01-05 09:39:58.170,0.2402,0.2416,10.0,0.2405,20.0,11730.0,1034.0
2021-01-05 09:39:58.600,0.2402,0.2414,12.0,0.2401,30.0,11730.0,1034.0
2021-01-05 09:39:59.061,0.2402,0.2413,10.0,0.2402,13.0,11730.0,1034.0
2021-01-05 09:40:00.610,0.2402,0.2413,10.0,0.2402,35.0,11730.0,1034.0
2021-01-05 09:40:01.201,0.2402,0.2412,10.0,0.2402,25.0,11730.0,1034.0
2021-01-05 09:40:01.201,0.2402,0.241,10.0,0.2401,20.0,11730.0,1034.0
2021-01-05 09:40:02.200,0.241,0.2413,10.0,0.2399,22.0,11730.0,1044.0
2021-01-05 09:40:02.671,0.2412,0.2407,10.0,0.2399,12.0,11740.0,1054.0
2021-01-05 09:40:03.171,0.2407,0.2411,22.0,0.2397,3.0,11740.0,1064.0
2021-01-05 09:40:03.691,0.241,0.241,3.0,0.2399,12.0,11750.0,1074.0
2021-01-05 09:40:04.160,0.2412,0.2412,3.0,0.2399,12.0,11760.0,1084.0
2021-01-05 09:40:04.700,0.2411,0.2411,3.0,0.2399,25.0,11770.0,1094.0
2021-01-05 09:40:05.170,0.2412,0.2412,3.0,0.2399,22.0,11780.0,1104.0
2021-01-05 09:40:05.701,0.2411,0.2411,3.0,0.2399,22.0,11790.0,1114.0
2021-01-05 09:40:06.200,0.2412,0.2412,3.0,0.2399,12.0,11800.0,1124.0
2021-01-05 09:40:06.701,0.2414,0.2412,10.0,0.2399,20.0,11810.0,1134.0
2021-01-05 09:40:07.191,0.2414,0.2412,10.0,0.2401,12.0,11810.0,1134.0
2021-01-05 09:40:07.700,0.2414,0.2412,10.0,0.2401,12.0,11810.0,1134.0
2021-01-05 09:40:08.200,0.2401,0.2412,10.0,0.24,12.0,11810.0,1144.0
2021-01-05 09:40:08.690,0.2401,0.2411,12.0,0.2399,20.0,11810.0,1144.0
2021-01-05 09:40:09.191,0.2401,0.2412,10.0,0.2395,30.0,11810.0,1144.0
2021-01-05 09:40:09.441,0.2401,0.241,12.0,0.2396,13.0,11810.0,1144.0
2021-01-05 09:40:09.841,0.2401,0.2412,10.0,0.2396,13.0,11810.0,1144.0
2021-01-05 09:40:10.680,0.2401,0.2412,10.0,0.2398,12.0,11810.0,1144.0
2021-01-05 09:40:11.170,0.2401,0.2412,10.0,0.2398,32.0,11810.0,1144.0
2021-01-05 09:40:11.671,0.2401,0.2412,10.0,0.2398,12.0,11810.0,1144.0
2021-01-05 09:40:12.680,0.2412,0.2412,4.0,0.2395,20.0,11816.0,1150.0
2021-01-05 09:40:13.131,0.2412,0.241,12.0,0.2396,13.0,11816.0,1150.0
2021-01-05 09:40:13.431,0.2412,0.2411,12.0,0.2395,20.0,11816.0,1150.0
2021-01-05 09:40:14.150,0.2412,0.241,22.0,0.2393,10.0,11816.0,1150.0
2021-01-05 09:40:14.701,0.2394,0.2408,12.0,0.2394,3.0,11816.0,1160.0
2021-01-05 09:40:15.120,0.2394,0.2409,12.0,0.2394,3.0,11816.0,1160.0
2021-01-05 09:40:15.690,0.2394,0.2402,10.0,0.2394,13.0,11816.0,1160.0
2021-01-05 09:40:16.140,0.2394,0.2402,10.0,0.2394,13.0,11816.0,1160.0
2021-01-05 09:40:16.610,0.2394,0.2402,10.0,0.2394,13.0,11816.0,1160.0
2021-01-05 09:40:17.191,0.2394,0.2402,10.0,0.2394,3.0,11816.0,1160.0
2021-01-05 09:40:17.661,0.2394,0.2401,10.0,0.2392,12.0,11816.0,1160.0
2021-01-05 09:40:18.120,0.2394,0.2402,20.0,0.2393,13.0,11816.0,1160.0
2021-01-05 09:40:18.161,0.2394,0.2402,20.0,0.2392,12.0,11816.0,1160.0
2021-01-05 09:40:19.190,0.2394,0.2402,20.0,0.2392,25.0,11816.0,1160.0
2021-01-05 09:40:19.711,0.2394,0.2402,20.0,0.2392,22.0,11816.0,1160.0
2021-01-05 09:40:20.191,0.2394,0.2402,10.0,0.2394,12.0,11816.0,1160.0
2021-01-05 09:40:20.691,0.2394,0.2406,10.0,0.2396,12.0,11817.0,1161.0
2021-01-05 09:40:21.200,0.2396,0.2406,10.0,0.2398,12.0,11819.0,1163.0
2021-01-05 09:40:21.701,0.2396,0.2406,10.0,0.2397,20.0,11819.0,1163.0
2021-01-05 09:40:22.210,0.2396,0.2405,10.0,0.2397,20.0,11819.0,1163.0
2021-01-05 09:40:22.210,0.2396,0.2406,10.0,0.2397,13.0,11819.0,1163.0
2021-01-05 09:40:23.200,0.2396,0.2406,10.0,0.2397,20.0,11819.0,1163.0
2021-01-05 09:40:23.701,0.2396,0.2406,10.0,0.2398,13.0,11819.0,1163.0
2021-01-05 09:40:24.681,0.2396,0.2406,10.0,0.2398,13.0,11819.0,1163.0
2021-01-05 09:40:25.121,0.2396,0.2406,10.0,0.2397,20.0,11819.0,1163.0
2021-01-05 09:40:25.570,0.2396,0.2406,10.0,0.2398,13.0,11819.0,1163.0
2021-01-05 09:40:26.181,0.2396,0.2406,10.0,0.2397,20.0,11819.0,1163.0
2021-01-05 09:40:26.650,0.2396,0.2406,10.0,0.2397,39.0,11819.0,1163.0
2021-01-05 09:40:27.140,0.2396,0.2407,10.0,0.2397,36.0,11819.0,1163.0
2021-01-05 09:40:27.701,0.2396,0.2409,10.0,0.2399,12.0,11819.0,1163.0
2021-01-05 09:40:28.110,0.2396,0.2407,10.0,0.2399,18.0,11819.0,1163.0
2021-01-05 09:40:28.690,0.2399,0.2408,10.0,0.2399,19.0,11829.0,1173.0
2021-01-05 09:40:29.170,0.2399,0.2407,10.0,0.2399,6.0,11829.0,1173.0
2021-01-05 09:40:30.160,0.2399,0.2408,10.0,0.2399,19.0,11829.0,1173.0
2021-01-05 09:40:30.700,0.2399,0.2405,1.0,0.2399,19.0,11829.0,1173.0
2021-01-05 09:40:32.611,0.2397,0.2405,1.0,0.2399,16.0,11835.0,1183.0
2021-01-05 09:40:33.161,0.2397,0.2405,1.0,0.2399,6.0,11835.0,1183.0
2021-01-05 09:40:33.531,0.2397,0.2405,1.0,0.2399,6.0,11835.0,1183.0
2021-01-05 09:40:34.171,0.2397,0.2405,1.0,0.2399,6.0,11835.0,1183.0
2021-01-05 09:40:35.201,0.2397,0.2405,1.0,0.24,10.0,11835.0,1183.0
2021-01-05 09:40:35.681,0.2397,0.2405,1.0,0.24,16.0,11835.0,1183.0
2021-01-05 09:40:36.161,0.2397,0.2405,1.0,0.24,29.0,11835.0,1183.0
2021-01-05 09:40:36.620,0.2397,0.2405,1.0,0.24,39.0,11835.0,1183.0
2021-01-05 09:40:37.201,0.2397,0.2405,1.0,0.24,26.0,11835.0,1183.0
2021-01-05 09:40:37.700,0.2397,0.2405,1.0,0.2401,23.0,11835.0,1183.0
2021-01-05 09:40:38.130,0.2397,0.2405,1.0,0.2401,19.0,11835.0,1183.0
2021-01-05 09:40:39.041,0.2397,0.2405,1.0,0.2404,10.0,11835.0,1183.0
2021-01-05 09:40:39.681,0.2397,0.2405,1.0,0.2404,10.0,11835.0,1183.0
2021-01-05 09:40:40.061,0.2397,0.2405,1.0,0.2403,10.0,11835.0,1183.0
2021-01-05 09:40:41.191,0.2397,0.2405,1.0,0.2403,16.0,11835.0,1183.0
2021-01-05 09:40:41.640,0.2397,0.2405,1.0,0.2403,16.0,11835.0,1183.0
2021-01-05 09:40:42.201,0.2397,0.2405,1.0,0.2403,16.0,11835.0,1183.0
2021-01-05 09:40:44.180,0.2403,0.2405,13.0,0.2403,15.0,11836.0,1184.0
2021-01-05 09:40:44.620,0.2403,0.2405,1.0,0.2403,15.0,11836.0,1184.0
2021-01-05 09:40:45.131,0.2403,0.2405,1.0,0.2403,15.0,11836.0,1184.0
2021-01-05 09:40:45.621,0.2405,0.2409,12.0,0.2406,9.0,11835.0,1185.0
2021-01-05 09:40:46.161,0.2406,0.2408,13.0,0.2406,12.0,11835.0,1188.0
2021-01-05 09:40:46.581,0.2406,0.2409,12.0,0.2406,12.0,11835.0,1188.0
2021-01-05 09:40:47.211,0.2406,0.2409,25.0,0.2406,12.0,11835.0,1188.0
2021-01-05 09:40:48.160,0.2406,0.2409,12.0,0.2406,12.0,11835.0,1188.0
2021-01-05 09:40:48.700,0.2406,0.2408,13.0,0.2406,2.0,11839.0,1198.0
2021-01-05 09:40:49.111,0.2406,0.2408,13.0,0.2406,6.0,11841.0,1200.0
2021-01-05 09:40:49.640,0.2406,0.2409,12.0,0.2406,6.0,11841.0,1200.0
2021-01-05 09:40:50.181,0.2406,0.2408,13.0,0.2402,10.0,11847.0,1206.0
2021-01-05 09:40:50.671,0.2406,0.2408,13.0,0.2403,10.0,11847.0,1206.0
2021-01-05 09:40:51.021,0.2406,0.2408,13.0,0.2403,10.0,11847.0,1206.0
2021-01-05 09:40:51.601,0.2406,0.2408,13.0,0.2402,10.0,11847.0,1206.0
2021-01-05 09:40:53.180,0.2408,0.2408,3.0,0.2402,10.0,11857.0,1216.0
2021-01-05 09:40:53.651,0.2409,0.2409,5.0,0.24,10.0,11867.0,1226.0
2021-01-05 09:40:54.141,0.2408,0.2408,2.0,0.2401,10.0,11877.0,1236.0
2021-01-05 09:40:54.661,0.2408,0.2408,3.0,0.2398,10.0,11887.0,1246.0
2021-01-05 09:40:55.111,0.2408,0.2411,12.0,0.2402,10.0,11887.0,1246.0
2021-01-05 09:40:55.251,0.2408,0.2411,12.0,0.2402,10.0,11887.0,1246.0
2021-01-05 09:40:56.121,0.2408,0.2411,22.0,0.2402,13.0,11887.0,1246.0
2021-01-05 09:40:56.600,0.2408,0.2414,10.0,0.2403,10.0,11887.0,1246.0
2021-01-05 09:40:57.180,0.2408,0.2415,10.0,0.2404,13.0,11887.0,1246.0
2021-01-05 09:40:57.560,0.2408,0.2413,12.0,0.2404,23.0,11887.0,1246.0
2021-01-05 09:40:58.200,0.2408,0.2413,12.0,0.2404,10.0,11887.0,1246.0
2021-01-05 09:40:58.721,0.2408,0.2412,13.0,0.2403,10.0,11887.0,1246.0
2021-01-05 09:40:58.980,0.2408,0.2412,13.0,0.2403,23.0,11887.0,1246.0
2021-01-05 09:40:59.721,0.2408,0.2412,13.0,0.2403,10.0,11887.0,1246.0
2021-01-05 09:41:01.041,0.2408,0.2415,10.0,0.2403,10.0,11887.0,1246.0
2021-01-05 09:41:01.650,0.2408,0.2413,10.0,0.2403,13.0,11887.0,1246.0
2021-01-05 09:41:02.190,0.2408,0.2414,22.0,0.2404,10.0,11887.0,1246.0
2021-01-05 09:41:02.661,0.2408,0.2413,13.0,0.2403,23.0,11887.0,1246.0
2021-01-05 09:41:03.110,0.2408,0.2413,13.0,0.2403,10.0,11887.0,1246.0
2021-01-05 09:41:03.721,0.2408,0.2413,13.0,0.2404,13.0,11887.0,1246.0
2021-01-05 09:41:04.180,0.2408,0.2416,10.0,0.2404,13.0,11887.0,1246.0
2021-01-05 09:41:04.680,0.2408,0.2415,13.0,0.2404,13.0,11887.0,1246.0
2021-01-05 09:41:05.220,0.2408,0.2415,13.0,0.2405,10.0,11887.0,1246.0
2021-01-05 09:41:05.660,0.2408,0.2415,13.0,0.2404,10.0,11887.0,1246.0
2021-01-05 09:41:06.221,0.2408,0.2415,13.0,0.2406,10.0,11887.0,1246.0
2021-01-05 09:41:06.620,0.2408,0.2415,13.0,0.2406,10.0,11887.0,1246.0
2021-01-05 09:41:06.710,0.2408,0.2413,10.0,0.2406,13.0,11887.0,1246.0
2021-01-05 09:41:07.611,0.2408,0.2413,10.0,0.2405,10.0,11887.0,1246.0
2021-01-05 09:41:08.201,0.2408,0.2413,10.0,0.2406,13.0,11887.0,1246.0
2021-01-05 09:41:08.701,0.2408,0.2413,10.0,0.2406,13.0,11887.0,1246.0
2021-01-05 09:41:09.210,0.2408,0.2413,10.0,0.2406,13.0,11887.0,1246.0
2021-01-05 09:41:09.650,0.2408,0.2416,10.0,0.2406,25.0,11887.0,1246.0
2021-01-05 09:41:10.220,0.2408,0.2415,13.0,0.2406,13.0,11887.0,1246.0
2021-01-05 09:41:10.710,0.2408,0.2417,10.0,0.2406,13.0,11887.0,1246.0
2021-01-05 09:41:11.210,0.2408,0.2417,23.0,0.2407,10.0,11887.0,1246.0
2021-01-05 09:41:11.711,0.2408,0.2417,45.0,0.2406,23.0,11887.0,1246.0
2021-01-05 09:41:12.151,0.2408,0.2417,22.0,0.2408,10.0,11887.0,1246.0
2021-01-05 09:41:12.710,0.2408,0.2417,23.0,0.2408,13.0,11887.0,1246.0
2021-01-05 09:41:13.161,0.2408,0.2417,20.0,0.2407,10.0,11887.0,1246.0
2021-01-05 09:41:13.711,0.2408,0.2416,13.0,0.2406,10.0,11887.0,1246.0
2021-01-05 09:41:14.160,0.2408,0.2416,13.0,0.2408,22.0,11887.0,1246.0
2021-01-05 09:41:14.671,0.2408,0.2416,23.0,0.2406,10.0,11887.0,1246.0
2021-01-05 09:41:15.180,0.2408,0.2416,13.0,0.2402,12.0,11887.0,1246.0
2021-01-05 09:41:15.651,0.2408,0.2415,12.0,0.2403,13.0,11887.0,1246.0
2021-01-05 09:41:16.210,0.2408,0.2415,22.0,0.2403,13.0,11887.0,1246.0
2021-01-05 09:41:16.500,0.2408,0.2414,13.0,0.2403,13.0,11887.0,1246.0
2021-01-05 09:41:17.211,0.2408,0.2414,13.0,0.2403,25.0,11887.0,1246.0
2021-01-05 09:41:17.670,0.2408,0.2414,13.0,0.2403,25.0,11887.0,1246.0
2021-01-05 09:41:18.200,0.2408,0.2414,13.0,0.2405,10.0,11887.0,1246.0
2021-01-05 09:41:18.600,0.2408,0.2414,13.0,0.2403,22.0,11887.0,1246.0
2021-01-05 09:41:19.161,0.2408,0.2414,13.0,0.2406,10.0,11887.0,1246.0
2021-01-05 09:41:19.570,0.2408,0.2414,13.0,0.2405,22.0,11887.0,1246.0
2021-01-05 09:41:20.070,0.2408,0.2414,13.0,0.2405,22.0,11887.0,1246.0
2021-01-05 09:41:20.721,0.2408,0.2414,13.0,0.2405,22.0,11887.0,1246.0
2021-01-05 09:41:21.190,0.2408,0.2414,13.0,0.2405,22.0,11887.0,1246.0
2021-01-05 09:41:22.600,0.2408,0.2415,10.0,0.2405,22.0,11887.0,1246.0
2021-01-05 09:41:23.061,0.2408,0.2415,23.0,0.2406,13.0,11887.0,1246.0
2021-01-05 09:41:24.171,0.2408,0.2417,20.0,0.2405,22.0,11887.0,1246.0
2021-01-05 09:41:24.651,0.2408,0.2416,13.0,0.2405,22.0,11887.0,1246.0
2021-01-05 09:41:25.120,0.2408,0.2416,13.0,0.2405,35.0,11887.0,1246.0
2021-01-05 09:41:25.641,0.2408,0.2416,13.0,0.2405,22.0,11887.0,1246.0
2021-01-05 09:41:26.190,0.2408,0.2417,20.0,0.2406,13.0,11887.0,1246.0
2021-01-05 09:41:26.670,0.2408,0.2417,33.0,0.2406,13.0,11887.0,1246.0
2021-01-05 09:41:27.131,0.2408,0.2417,20.0,0.2407,10.0,11887.0,1246.0
2021-01-05 09:41:27.710,0.2408,0.2417,20.0,0.2409,12.0,11887.0,1246.0
2021-01-05 09:41:28.171,0.2408,0.2419,10.0,0.2409,20.0,11887.0,1246.0
2021-01-05 09:41:28.540,0.2408,0.2418,13.0,0.241,10.0,11887.0,1246.0
2021-01-05 09:41:29.001,0.2408,0.2418,23.0,0.241,10.0,11887.0,1246.0
2021-01-05 09:41:29.690,0.2408,0.2418,13.0,0.2409,10.0,11887.0,1246.0
2021-01-05 09:41:30.180,0.2408,0.2418,13.0,0.2411,10.0,11887.0,1246.0
2021-01-05 09:41:30.711,0.2408,0.2418,13.0,0.241,10.0,11887.0,1246.0
2021-01-05 09:41:31.181,0.2408,0.2418,13.0,0.2411,10.0,11887.0,1246.0
2021-01-05 09:41:31.700,0.2408,0.2418,13.0,0.2411,10.0,11887.0,1246.0
2021-01-05 09:41:32.670,0.2408,0.2418,13.0,0.241,10.0,11887.0,1246.0
2021-01-05 09:41:33.171,0.2408,0.2418,13.0,0.2412,10.0,11887.0,1246.0
2021-01-05 09:41:33.680,0.2408,0.2418,13.0,0.2411,10.0,11887.0,1246.0
2021-01-05 09:41:34.120,0.2408,0.2418,13.0,0.241,10.0,11887.0,1246.0
2021-01-05 09:41:35.221,0.2408,0.2418,13.0,0.241,10.0,11887.0,1246.0
2021-01-05 09:41:35.721,0.2408,0.2421,14.0,0.241,23.0,11887.0,1246.0
2021-01-05 09:41:36.070,0.2408,0.2423,32.0,0.241,10.0,11887.0,1246.0
2021-01-05 09:41:36.720,0.2408,0.2422,13.0,0.2411,13.0,11887.0,1246.0
2021-01-05 09:41:37.210,0.2408,0.2422,23.0,0.2411,13.0,11887.0,1246.0
2021-01-05 09:41:37.711,0.2408,0.2422,23.0,0.2411,33.0,11887.0,1246.0
2021-01-05 09:41:38.220,0.2408,0.2422,23.0,0.2412,10.0,11887.0,1246.0
2021-01-05 09:41:38.650,0.2408,0.2422,23.0,0.2411,42.0,11887.0,1246.0
2021-01-05 09:41:39.221,0.2408,0.2422,13.0,0.2411,42.0,11887.0,1246.0
2021-01-05 09:41:40.231,0.2408,0.2422,13.0,0.2411,30.0,11887.0,1246.0
2021-01-05 09:41:41.130,0.2408,0.2422,13.0,0.2411,10.0,11887.0,1246.0
2021-01-05 09:41:41.730,0.2408,0.242,10.0,0.2411,10.0,11887.0,1246.0
2021-01-05 09:41:42.201,0.2408,0.242,10.0,0.2411,10.0,11887.0,1246.0
2021-01-05 09:41:42.690,0.2408,0.2419,13.0,0.2411,10.0,11887.0,1246.0
2021-01-05 09:41:43.080,0.2408,0.2419,13.0,0.2411,10.0,11887.0,1246.0
2021-01-05 09:41:44.671,0.2408,0.2419,13.0,0.2411,10.0,11887.0,1246.0
2021-01-05 09:41:45.190,0.2408,0.2419,13.0,0.2411,10.0,11887.0,1246.0
2021-01-05 09:41:45.701,0.2408,0.2419,13.0,0.2411,10.0,11887.0,1246.0
2021-01-05 09:41:46.241,0.2408,0.2419,23.0,0.2411,10.0,11887.0,1246.0
2021-01-05 09:41:46.661,0.2408,0.2419,13.0,0.2411,10.0,11887.0,1246.0
2021-01-05 09:41:47.201,0.2408,0.2419,23.0,0.2411,10.0,11887.0,1246.0
2021-01-05 09:41:47.741,0.2408,0.242,10.0,0.2411,10.0,11887.0,1246.0
2021-01-05 09:41:48.181,0.2408,0.2423,10.0,0.2412,13.0,11887.0,1246.0
2021-01-05 09:41:48.740,0.2408,0.2422,13.0,0.2412,13.0,11887.0,1246.0
2021-01-05 09:41:49.191,0.2408,0.2422,13.0,0.2411,10.0,11887.0,1246.0
2021-01-05 09:41:49.750,0.2408,0.2427,46.0,0.2413,10.0,11887.0,1246.0
2021-01-05 09:41:50.231,0.2408,0.2427,20.0,0.2415,12.0,11887.0,1246.0
2021-01-05 09:41:50.751,0.2408,0.2426,13.0,0.2416,13.0,11887.0,1246.0
2021-01-05 09:41:51.251,0.2408,0.2426,13.0,0.2412,30.0,11887.0,1246.0
2021-01-05 09:41:51.760,0.2416,0.2426,13.0,0.2415,12.0,11887.0,1256.0
2021-01-05 09:41:52.261,0.2416,0.2426,13.0,0.2415,12.0,11887.0,1256.0
2021-01-05 09:41:52.690,0.2416,0.2427,10.0,0.2416,13.0,11887.0,1256.0
2021-01-05 09:41:53.151,0.2416,0.2427,10.0,0.2418,12.0,11887.0,1256.0
2021-01-05 09:41:54.161,0.2416,0.2427,10.0,0.2422,1.0,11887.0,1256.0
2021-01-05 09:41:55.101,0.2416,0.2436,24.0,0.2423,12.0,11887.0,1256.0
2021-01-05 09:41:55.671,0.2416,0.2434,12.0,0.2422,1.0,11887.0,1256.0
2021-01-05 09:41:56.151,0.2416,0.2433,13.0,0.2422,1.0,11887.0,1256.0
2021-01-05 09:41:56.680,0.2416,0.2427,10.0,0.2422,1.0,11887.0,1256.0
2021-01-05 09:41:57.110,0.2416,0.2427,10.0,0.2424,10.0,11887.0,1256.0
2021-01-05 09:41:57.640,0.2416,0.2427,10.0,0.2425,10.0,11887.0,1256.0
2021-01-05 09:41:58.140,0.2416,0.2427,10.0,0.2424,10.0,11887.0,1256.0
2021-01-05 09:41:58.660,0.2416,0.2427,10.0,0.2423,10.0,11887.0,1256.0
2021-01-05 09:41:59.131,0.2416,0.2427,10.0,0.2424,10.0,11887.0,1256.0
2021-01-05 09:41:59.700,0.2416,0.2427,10.0,0.2424,10.0,11887.0,1256.0
2021-01-05 09:42:00.151,0.2416,0.2427,10.0,0.2423,10.0,11887.0,1256.0
2021-01-05 09:42:00.701,0.2427,0.2427,8.0,0.2423,10.0,11885.0,1258.0
2021-01-05 09:42:01.651,0.2427,0.2434,10.0,0.2423,10.0,11885.0,1258.0
2021-01-05 09:42:02.201,0.2427,0.2433,13.0,0.2423,10.0,11885.0,1258.0
2021-01-05 09:42:02.710,0.2427,0.2433,13.0,0.2423,10.0,11885.0,1258.0
2021-01-05 09:42:03.161,0.2427,0.2433,13.0,0.2423,10.0,11885.0,1258.0
2021-01-05 09:42:03.690,0.2427,0.2433,13.0,0.2423,10.0,11885.0,1258.0
2021-01-05 09:42:04.120,0.2427,0.2433,13.0,0.2423,10.0,11885.0,1258.0
2021-01-05 09:42:04.641,0.2427,0.2433,25.0,0.2423,10.0,11885.0,1258.0
2021-01-05 09:42:05.211,0.2427,0.2433,25.0,0.2423,10.0,11885.0,1258.0
2021-01-05 09:42:05.711,0.2427,0.2433,35.0,0.2423,10.0,11885.0,1258.0
2021-01-05 09:42:06.181,0.2427,0.2433,25.0,0.2423,10.0,11885.0,1258.0
2021-01-05 09:42:06.690,0.2427,0.2433,25.0,0.2423,10.0,11885.0,1258.0
2021-01-05 09:42:07.230,0.2427,0.2433,25.0,0.2423,10.0,11885.0,1258.0
2021-01-05 09:42:08.660,0.2427,0.2433,25.0,0.2423,10.0,11885.0,1258.0
2021-01-05 09:42:09.230,0.2427,0.2433,25.0,0.2423,10.0,11885.0,1258.0
2021-01-05 09:42:09.570,0.2427,0.2433,13.0,0.2423,10.0,11885.0,1258.0
2021-01-05 09:42:10.220,0.2427,0.2433,13.0,0.2423,10.0,11885.0,1258.0
2021-01-05 09:42:11.211,0.2427,0.2433,13.0,0.2423,30.0,11885.0,1258.0
2021-01-05 09:42:11.651,0.2427,0.2434,10.0,0.2424,25.0,11885.0,1258.0
2021-01-05 09:42:12.210,0.2427,0.2439,22.0,0.2424,25.0,11885.0,1258.0
2021-01-05 09:42:12.721,0.2427,0.2438,13.0,0.2424,25.0,11885.0,1258.0
2021-01-05 09:42:13.211,0.2427,0.2438,13.0,0.2425,10.0,11885.0,1258.0
2021-01-05 09:42:13.731,0.2427,0.2438,13.0,0.2425,10.0,11885.0,1258.0
2021-01-05 09:42:14.150,0.2427,0.2438,23.0,0.2425,10.0,11885.0,1258.0
2021-01-05 09:42:14.671,0.2427,0.2436,12.0,0.2425,10.0,11885.0,1258.0
2021-01-05 09:42:15.111,0.2427,0.2436,12.0,0.2435,1.0,11885.0,1258.0
2021-01-05 09:42:15.650,0.2435,0.2435,2.0,0.2424,20.0,11886.0,1259.0
2021-01-05 09:42:16.181,0.2435,0.2435,2.0,0.2424,10.0,11886.0,1259.0
2021-01-05 09:42:16.651,0.2435,0.2434,13.0,0.2424,22.0,11886.0,1259.0
2021-01-05 09:42:17.241,0.2435,0.2434,13.0,0.2424,35.0,11886.0,1259.0
2021-01-05 09:42:17.681,0.2435,0.2434,13.0,0.2424,22.0,11886.0,1259.0
2021-01-05 09:42:18.100,0.2435,0.2434,13.0,0.2424,35.0,11886.0,1259.0
2021-01-05 09:42:18.701,0.2435,0.2432,10.0,0.2424,10.0,11886.0,1259.0
2021-01-05 09:42:19.210,0.2435,0.2432,10.0,0.2424,10.0,11886.0,1259.0
2021-01-05 09:42:19.721,0.2435,0.2431,13.0,0.2424,10.0,11886.0,1259.0
2021-01-05 09:42:20.150,0.2435,0.2431,13.0,0.2424,10.0,11886.0,1259.0
2021-01-05 09:42:20.720,0.2435,0.2432,10.0,0.2424,10.0,11886.0,1259.0
2021-01-05 09:42:21.231,0.2435,0.2432,23.0,0.2424,10.0,11886.0,1259.0
2021-01-05 09:42:21.621,0.2435,0.2432,10.0,0.2424,10.0,11886.0,1259.0
2021-01-05 09:42:22.221,0.2435,0.2432,10.0,0.2425,13.0,11886.0,1259.0
2021-01-05 09:42:22.221,0.2435,0.2432,10.0,0.2425,13.0,11886.0,1259.0
2021-01-05 09:42:23.191,0.2435,0.2432,10.0,0.2425,13.0,11886.0,1259.0
2021-01-05 09:42:23.631,0.2435,0.2432,10.0,0.2426,10.0,11886.0,1259.0
2021-01-05 09:42:24.151,0.2435,0.2432,10.0,0.2425,10.0,11886.0,1259.0
2021-01-05 09:42:24.670,0.2435,0.2437,12.0,0.2425,10.0,11886.0,1259.0
2021-01-05 09:42:25.621,0.2435,0.2439,10.0,0.2426,12.0,11886.0,1259.0
2021-01-05 09:42:26.130,0.2435,0.2438,13.0,0.2426,25.0,11886.0,1259.0
2021-01-05 09:42:27.171,0.2435,0.2438,13.0,0.2427,10.0,11886.0,1259.0
2021-01-05 09:42:27.651,0.2435,0.2438,13.0,0.2427,10.0,11886.0,1259.0
2021-01-05 09:42:28.130,0.2435,0.2438,13.0,0.2427,23.0,11886.0,1259.0
2021-01-05 09:42:28.641,0.2435,0.2438,13.0,0.2427,10.0,11886.0,1259.0
2021-01-05 09:42:29.100,0.2435,0.2438,13.0,0.2427,23.0,11886.0,1259.0
2021-01-05 09:42:29.720,0.2435,0.2438,13.0,0.2427,13.0,11886.0,1259.0
2021-01-05 09:42:30.710,0.2435,0.2438,13.0,0.2428,10.0,11886.0,1259.0
2021-01-05 09:42:31.200,0.2435,0.2438,13.0,0.2429,12.0,11886.0,1259.0
2021-01-05 09:42:31.720,0.2435,0.2438,13.0,0.2429,12.0,11886.0,1259.0
2021-01-05 09:42:34.210,0.2435,0.2438,13.0,0.2428,10.0,11886.0,1259.0
2021-01-05 09:42:35.701,0.2435,0.2438,13.0,0.2428,10.0,11886.0,1259.0
2021-01-05 09:42:36.141,0.2435,0.2438,13.0,0.2428,23.0,11886.0,1259.0
2021-01-05 09:42:36.650,0.2435,0.2438,13.0,0.2428,10.0,11886.0,1259.0
2021-01-05 09:42:37.251,0.2435,0.2438,13.0,0.2428,23.0,11886.0,1259.0
2021-01-05 09:42:38.200,0.2435,0.2441,26.0,0.2428,10.0,11886.0,1259.0
2021-01-05 09:42:40.221,0.2435,0.2441,14.0,0.2428,22.0,11886.0,1259.0
2021-01-05 09:42:40.721,0.2435,0.2441,14.0,0.2428,35.0,11886.0,1259.0
2021-01-05 09:42:41.161,0.2435,0.2441,14.0,0.2428,22.0,11886.0,1259.0
2021-01-05 09:42:41.731,0.2435,0.2441,14.0,0.2429,13.0,11886.0,1259.0
2021-01-05 09:42:42.250,0.2435,0.2442,10.0,0.2429,33.0,11886.0,1259.0
2021-01-05 09:42:42.711,0.2435,0.2441,13.0,0.2429,13.0,11886.0,1259.0
2021-01-05 09:42:43.251,0.2435,0.2441,13.0,0.243,10.0,11886.0,1259.0
2021-01-05 09:42:43.741,0.2435,0.244,12.0,0.2429,10.0,11886.0,1259.0
2021-01-05 09:42:44.211,0.2435,0.244,12.0,0.2429,10.0,11886.0,1259.0
2021-01-05 09:42:44.751,0.2435,0.2439,13.0,0.2431,12.0,11886.0,1259.0
2021-01-05 09:42:45.191,0.2435,0.2439,13.0,0.2429,10.0,11886.0,1259.0
2021-01-05 09:42:45.650,0.2435,0.2442,22.0,0.243,13.0,11886.0,1259.0
2021-01-05 09:42:46.240,0.2435,0.2441,13.0,0.243,25.0,11886.0,1259.0
2021-01-05 09:42:46.741,0.2435,0.2441,13.0,0.243,45.0,11886.0,1259.0
2021-01-05 09:42:48.171,0.2435,0.2441,13.0,0.2432,12.0,11886.0,1259.0
2021-01-05 09:42:48.720,0.2435,0.2441,13.0,0.2433,10.0,11886.0,1259.0
2021-01-05 09:42:49.110,0.2435,0.2441,13.0,0.2433,10.0,11886.0,1259.0
2021-01-05 09:42:49.750,0.2435,0.2441,13.0,0.2433,10.0,11886.0,1259.0
2021-01-05 09:42:50.720,0.2435,0.2445,14.0,0.2433,10.0,11886.0,1259.0
2021-01-05 09:42:51.060,0.2435,0.2445,14.0,0.2433,23.0,11886.0,1259.0
2021-01-05 09:42:52.251,0.2435,0.2445,14.0,0.2433,10.0,11886.0,1259.0
2021-01-05 09:42:52.601,0.2435,0.2445,14.0,0.2433,23.0,11886.0,1259.0
2021-01-05 09:42:53.640,0.2435,0.2445,14.0,0.2433,23.0,11886.0,1259.0
2021-01-05 09:42:54.191,0.2435,0.2447,12.0,0.2433,10.0,11886.0,1259.0
2021-01-05 09:42:54.191,0.2435,0.2446,13.0,0.2434,13.0,11886.0,1259.0
2021-01-05 09:42:55.190,0.2435,0.2446,13.0,0.2435,10.0,11886.0,1259.0
2021-01-05 09:42:55.701,0.2435,0.2446,13.0,0.2434,10.0,11886.0,1259.0
2021-01-05 09:42:56.191,0.2435,0.2446,13.0,0.2435,25.0,11886.0,1259.0
2021-01-05 09:42:56.650,0.2435,0.2446,13.0,0.2435,25.0,11886.0,1259.0
2021-01-05 09:42:57.171,0.2435,0.2446,13.0,0.2435,25.0,11886.0,1259.0
2021-01-05 09:42:58.220,0.2435,0.2446,13.0,0.2435,25.0,11886.0,1259.0
2021-01-05 09:42:58.731,0.2435,0.2446,13.0,0.2435,25.0,11886.0,1259.0
2021-01-05 09:42:59.230,0.2435,0.2446,13.0,0.2436,10.0,11886.0,1259.0
2021-01-05 09:42:59.730,0.2435,0.2446,13.0,0.2435,22.0,11886.0,1259.0
2021-01-05 09:43:00.131,0.2435,0.2446,13.0,0.2436,13.0,11886.0,1259.0
2021-01-05 09:43:00.721,0.2435,0.2446,13.0,0.2436,13.0,11886.0,1259.0
2021-01-05 09:43:01.211,0.2435,0.2446,13.0,0.2436,13.0,11886.0,1259.0
2021-01-05 09:43:02.681,0.2435,0.2448,25.0,0.2438,12.0,11886.0,1259.0
2021-01-05 09:43:03.241,0.2435,0.2447,13.0,0.2438,12.0,11886.0,1259.0
2021-01-05 09:43:03.701,0.2435,0.2448,15.0,0.2438,12.0,11886.0,1259.0
2021-01-05 09:43:04.740,0.2435,0.2448,25.0,0.2438,12.0,11886.0,1259.0
2021-01-05 09:43:05.251,0.2435,0.2447,13.0,0.2436,10.0,11886.0,1259.0
2021-01-05 09:43:05.681,0.2435,0.2446,10.0,0.2435,10.0,11886.0,1259.0
2021-01-05 09:43:06.171,0.2435,0.2438,1.0,0.2434,10.0,11886.0,1259.0
2021-01-05 09:43:06.730,0.2435,0.2438,1.0,0.2435,10.0,11886.0,1259.0
2021-01-05 09:43:07.231,0.2435,0.2438,1.0,0.2434,10.0,11886.0,1259.0
2021-01-05 09:43:07.710,0.2435,0.2438,1.0,0.2435,10.0,11886.0,1259.0
2021-01-05 09:43:08.181,0.2435,0.2438,1.0,0.2435,10.0,11886.0,1259.0
2021-01-05 09:43:09.231,0.2435,0.2438,1.0,0.2435,10.0,11886.0,1259.0
2021-01-05 09:43:09.740,0.2438,0.2445,10.0,0.2434,10.0,11886.0,1260.0
2021-01-05 09:43:10.150,0.2438,0.2444,13.0,0.2436,22.0,11886.0,1260.0
2021-01-05 09:43:11.750,0.2438,0.2447,10.0,0.2436,12.0,11886.0,1260.0
2021-01-05 09:43:12.171,0.2438,0.2446,13.0,0.2436,25.0,11886.0,1260.0
2021-01-05 09:43:12.730,0.2438,0.2446,13.0,0.2436,12.0,11886.0,1260.0
2021-01-05 09:43:13.210,0.2438,0.2446,23.0,0.2435,10.0,11886.0,1260.0
2021-01-05 09:43:14.270,0.2438,0.2446,35.0,0.2434,10.0,11886.0,1260.0
2021-01-05 09:43:14.770,0.2438,0.2446,35.0,0.2434,10.0,11886.0,1260.0
2021-01-05 09:43:15.771,0.2438,0.2446,35.0,0.2433,10.0,11886.0,1260.0
2021-01-05 09:43:16.270,0.2438,0.2446,35.0,0.2431,12.0,11886.0,1260.0
2021-01-05 09:43:16.720,0.2438,0.2446,35.0,0.2435,10.0,11886.0,1260.0
2021-01-05 09:43:17.271,0.2438,0.2446,35.0,0.2434,10.0,11886.0,1260.0
2021-01-05 09:43:17.771,0.2438,0.2446,23.0,0.2436,10.0,11886.0,1260.0
2021-01-05 09:43:18.270,0.2438,0.2446,35.0,0.2433,10.0,11886.0,1260.0
2021-01-05 09:43:20.731,0.2438,0.2446,55.0,0.2433,10.0,11886.0,1260.0
2021-01-05 09:43:21.271,0.2438,0.2446,25.0,0.2435,10.0,11886.0,1260.0
2021-01-05 09:43:21.701,0.2438,0.2446,13.0,0.2435,12.0,11886.0,1260.0
2021-01-05 09:43:22.281,0.2438,0.2446,13.0,0.2436,10.0,11886.0,1260.0
2021-01-05 09:43:22.671,0.2438,0.2446,13.0,0.2435,12.0,11886.0,1260.0
2021-01-05 09:43:23.190,0.2438,0.2446,13.0,0.2435,23.0,11886.0,1260.0
2021-01-05 09:43:23.651,0.2438,0.2446,23.0,0.2435,35.0,11886.0,1260.0
2021-01-05 09:43:24.120,0.2438,0.2446,13.0,0.2435,35.0,11886.0,1260.0
2021-01-05 09:43:24.631,0.2438,0.2446,13.0,0.2435,22.0,11886.0,1260.0
2021-01-05 09:43:25.201,0.2438,0.2446,13.0,0.2436,13.0,11886.0,1260.0
2021-01-05 09:43:25.701,0.2438,0.2446,13.0,0.2437,10.0,11886.0,1260.0
2021-01-05 09:43:26.181,0.2438,0.2448,5.0,0.2436,10.0,11886.0,1260.0
2021-01-05 09:43:26.611,0.2438,0.2447,13.0,0.2438,12.0,11886.0,1260.0
2021-01-05 09:43:27.190,0.2438,0.2447,13.0,0.2438,12.0,11886.0,1260.0
2021-01-05 09:43:27.591,0.2438,0.2447,23.0,0.2438,12.0,11886.0,1260.0
2021-01-05 09:43:28.091,0.2438,0.2447,23.0,0.2438,12.0,11886.0,1260.0
2021-01-05 09:43:29.660,0.2438,0.2447,13.0,0.2438,22.0,11886.0,1260.0
2021-01-05 09:43:30.050,0.2438,0.2447,13.0,0.2438,12.0,11886.0,1260.0
2021-01-05 09:43:30.701,0.2438,0.2447,23.0,0.2437,10.0,11886.0,1260.0
2021-01-05 09:43:31.111,0.2438,0.2447,13.0,0.2438,10.0,11886.0,1260.0
2021-01-05 09:43:31.720,0.2438,0.2447,13.0,0.2438,22.0,11886.0,1260.0
2021-01-05 09:43:33.141,0.2438,0.2447,23.0,0.2437,10.0,11886.0,1260.0
2021-01-05 09:43:34.221,0.2438,0.2447,13.0,0.2438,10.0,11886.0,1260.0
2021-01-05 09:43:34.691,0.2438,0.2447,13.0,0.2438,10.0,11886.0,1260.0
2021-01-05 09:43:35.160,0.2438,0.2447,13.0,0.2437,10.0,11886.0,1260.0
2021-01-05 09:43:35.681,0.2438,0.2447,13.0,0.2437,10.0,11886.0,1260.0
2021-01-05 09:43:36.661,0.2438,0.2446,10.0,0.2435,22.0,11886.0,1260.0
2021-01-05 09:43:37.181,0.2438,0.2446,10.0,0.2435,22.0,11886.0,1260.0
2021-01-05 09:43:37.631,0.2438,0.2445,13.0,0.2435,22.0,11886.0,1260.0
2021-01-05 09:43:38.221,0.2438,0.2445,13.0,0.2436,13.0,11886.0,1260.0
2021-01-05 09:43:39.241,0.2438,0.2448,15.0,0.2436,13.0,11886.0,1260.0
2021-01-05 09:43:39.711,0.2438,0.2447,13.0,0.2436,13.0,11886.0,1260.0
2021-01-05 09:43:40.361,0.2438,0.2446,10.0,0.2436,13.0,11886.0,1260.0
2021-01-05 09:43:41.231,0.2438,0.2446,10.0,0.2435,22.0,11886.0,1260.0
2021-01-05 09:43:41.671,0.2438,0.2445,13.0,0.2435,22.0,11886.0,1260.0
2021-01-05 09:43:42.191,0.2438,0.2445,13.0,0.2435,22.0,11886.0,1260.0
2021-01-05 09:43:43.231,0.2438,0.2444,22.0,0.2431,10.0,11886.0,1260.0
2021-01-05 09:43:43.711,0.2438,0.2444,12.0,0.2435,10.0,11886.0,1260.0
2021-01-05 09:43:44.251,0.2438,0.2443,13.0,0.2435,10.0,11886.0,1260.0
2021-01-05 09:43:45.221,0.2438,0.2443,13.0,0.2434,10.0,11886.0,1260.0
2021-01-05 09:43:45.720,0.2438,0.2444,12.0,0.2435,10.0,11886.0,1260.0
2021-01-05 09:43:46.151,0.2438,0.2446,20.0,0.2435,13.0,11886.0,1260.0
2021-01-05 09:43:46.710,0.2438,0.2444,10.0,0.2435,13.0,11886.0,1260.0
2021-01-05 09:43:47.250,0.2438,0.2446,10.0,0.2435,10.0,11886.0,1260.0
2021-01-05 09:43:47.661,0.2438,0.2445,13.0,0.2435,10.0,11886.0,1260.0
2021-01-05 09:43:48.220,0.2438,0.2445,13.0,0.2433,12.0,11886.0,1260.0
2021-01-05 09:43:48.641,0.2438,0.2444,22.0,0.243,10.0,11886.0,1260.0
2021-01-05 09:43:49.061,0.2438,0.2444,42.0,0.2431,13.0,11886.0,1260.0
2021-01-05 09:43:49.601,0.2438,0.2443,13.0,0.2431,23.0,11886.0,1260.0
2021-01-05 09:43:50.170,0.2438,0.2443,23.0,0.2429,12.0,11886.0,1260.0
2021-01-05 09:43:50.721,0.2438,0.2441,12.0,0.2425,10.0,11886.0,1260.0
2021-01-05 09:43:51.221,0.2438,0.244,12.0,0.2426,13.0,11886.0,1260.0
2021-01-05 09:43:51.660,0.2438,0.2439,13.0,0.2426,13.0,11886.0,1260.0
2021-01-05 09:43:52.200,0.2438,0.2438,10.0,0.2426,13.0,11886.0,1260.0
2021-01-05 09:43:52.681,0.2438,0.2437,12.0,0.2426,13.0,11886.0,1260.0
2021-01-05 09:43:53.201,0.2438,0.2436,13.0,0.2426,13.0,11886.0,1260.0
2021-01-05 09:43:53.610,0.2438,0.2435,10.0,0.2425,10.0,11886.0,1260.0
2021-01-05 09:43:53.931,0.2438,0.2434,10.0,0.2425,25.0,11886.0,1260.0
2021-01-05 09:43:54.680,0.2438,0.2434,23.0,0.2425,25.0,11886.0,1260.0
2021-01-05 09:43:54.980,0.2438,0.2434,10.0,0.2425,12.0,11886.0,1260.0
2021-01-05 09:43:55.660,0.2438,0.2433,13.0,0.2425,12.0,11886.0,1260.0
2021-01-05 09:43:57.650,0.2438,0.2435,10.0,0.2425,22.0,11886.0,1260.0
2021-01-05 09:43:58.181,0.2438,0.2434,13.0,0.2425,12.0,11886.0,1260.0
2021-01-05 09:43:58.711,0.2438,0.2432,10.0,0.2425,12.0,11886.0,1260.0
2021-01-05 09:43:59.170,0.2438,0.2435,10.0,0.2424,22.0,11886.0,1260.0
2021-01-05 09:44:00.131,0.2438,0.2433,10.0,0.2422,10.0,11886.0,1260.0
2021-01-05 09:44:00.701,0.2438,0.2432,13.0,0.2422,10.0,11886.0,1260.0
2021-01-05 09:44:01.160,0.2438,0.2432,13.0,0.2422,10.0,11886.0,1260.0
2021-01-05 09:44:01.621,0.2438,0.2432,13.0,0.2423,10.0,11886.0,1260.0
2021-01-05 09:44:02.711,0.2438,0.2431,10.0,0.2422,10.0,11886.0,1260.0
2021-01-05 09:44:03.241,0.2438,0.2431,42.0,0.2419,10.0,11886.0,1260.0
2021-01-05 09:44:03.750,0.2438,0.243,13.0,0.2419,10.0,11886.0,1260.0
2021-01-05 09:44:04.230,0.2438,0.2428,12.0,0.2413,22.0,11886.0,1260.0
2021-01-05 09:44:04.230,0.2438,0.2428,22.0,0.2414,13.0,11886.0,1260.0
2021-01-05 09:44:05.260,0.2438,0.2426,12.0,0.2416,10.0,11886.0,1260.0
2021-01-05 09:44:05.681,0.2438,0.2424,10.0,0.2414,10.0,11886.0,1260.0
2021-01-05 09:44:06.261,0.2438,0.2424,30.0,0.2414,10.0,11886.0,1260.0
2021-01-05 09:44:06.770,0.2438,0.2424,30.0,0.2414,10.0,11886.0,1260.0
2021-01-05 09:44:07.281,0.2438,0.2423,23.0,0.2413,10.0,11886.0,1260.0
2021-01-05 09:44:07.750,0.2438,0.2421,22.0,0.2409,14.0,11886.0,1260.0
2021-01-05 09:44:08.230,0.2438,0.242,12.0,0.2406,12.0,11886.0,1260.0
2021-01-05 09:44:08.760,0.2438,0.2419,13.0,0.2407,13.0,11886.0,1260.0
2021-01-05 09:44:09.050,0.2438,0.2419,13.0,0.2407,13.0,11886.0,1260.0
2021-01-05 09:44:09.751,0.2438,0.2419,13.0,0.2407,23.0,11886.0,1260.0
2021-01-05 09:44:09.901,0.2438,0.2419,13.0,0.2407,23.0,11886.0,1260.0
2021-01-05 09:44:10.781,0.2438,0.2419,13.0,0.2407,13.0,11886.0,1260.0
2021-01-05 09:44:11.271,0.2438,0.2418,10.0,0.2407,13.0,11886.0,1260.0
2021-01-05 09:44:11.770,0.2438,0.242,12.0,0.2406,22.0,11886.0,1260.0
2021-01-05 09:44:12.270,0.2438,0.2419,13.0,0.2406,12.0,11886.0,1260.0
2021-01-05 09:44:12.781,0.2438,0.2419,13.0,0.2405,12.0,11886.0,1260.0
2021-01-05 09:44:13.230,0.2438,0.2418,10.0,0.2406,23.0,11886.0,1260.0
2021-01-05 09:44:13.770,0.2438,0.2418,10.0,0.2406,35.0,11886.0,1260.0
2021-01-05 09:44:14.260,0.2438,0.2417,13.0,0.2406,35.0,11886.0,1260.0
2021-01-05 09:44:15.280,0.2438,0.2417,13.0,0.2403,14.0,11886.0,1260.0
2021-01-05 09:44:15.780,0.2438,0.2417,13.0,0.2406,12.0,11886.0,1260.0
2021-01-05 09:44:16.281,0.2438,0.2417,13.0,0.2405,12.0,11886.0,1260.0
2021-01-05 09:44:16.781,0.2438,0.2417,13.0,0.2406,12.0,11886.0,1260.0
2021-01-05 09:44:17.280,0.2438,0.2417,13.0,0.2406,12.0,11886.0,1260.0
2021-01-05 09:44:17.770,0.2438,0.2417,13.0,0.2405,22.0,11886.0,1260.0
2021-01-05 09:44:18.231,0.2438,0.2419,10.0,0.2406,35.0,11886.0,1260.0
2021-01-05 09:44:18.231,0.2438,0.2418,13.0,0.2406,35.0,11886.0,1260.0
2021-01-05 09:44:19.261,0.2438,0.2418,23.0,0.2408,12.0,11886.0,1260.0
2021-01-05 09:44:19.801,0.2438,0.2418,23.0,0.2405,12.0,11886.0,1260.0
2021-01-05 09:44:20.271,0.2438,0.2417,10.0,0.2406,13.0,11886.0,1260.0
2021-01-05 09:44:20.780,0.2438,0.2417,10.0,0.2408,12.0,11886.0,1260.0
2021-01-05 09:44:21.270,0.2438,0.2417,23.0,0.2408,12.0,11886.0,1260.0
2021-01-05 09:44:21.760,0.2438,0.2417,10.0,0.2405,22.0,11886.0,1260.0
2021-01-05 09:44:22.131,0.2438,0.2416,13.0,0.2407,12.0,11886.0,1260.0
2021-01-05 09:44:22.661,0.2438,0.2416,13.0,0.2408,12.0,11886.0,1260.0
2021-01-05 09:44:23.130,0.2438,0.2416,13.0,0.2406,12.0,11886.0,1260.0
2021-01-05 09:44:23.620,0.2438,0.2416,13.0,0.2407,12.0,11886.0,1260.0
2021-01-05 09:44:24.680,0.2438,0.2416,13.0,0.2407,12.0,11886.0,1260.0
2021-01-05 09:44:25.041,0.2438,0.2416,13.0,0.2407,12.0,11886.0,1260.0
2021-01-05 09:44:25.660,0.2438,0.2416,13.0,0.2407,12.0,11886.0,1260.0
2021-01-05 09:44:26.201,0.2438,0.2416,13.0,0.2408,22.0,11886.0,1260.0
2021-01-05 09:44:26.701,0.2438,0.2416,23.0,0.2405,22.0,11886.0,1260.0
2021-01-05 09:44:27.201,0.2438,0.2416,13.0,0.2407,10.0,11886.0,1260.0
2021-01-05 09:44:28.680,0.2438,0.2416,13.0,0.2407,10.0,11886.0,1260.0
2021-01-05 09:44:29.200,0.2438,0.2416,23.0,0.2406,10.0,11886.0,1260.0
2021-01-05 09:44:29.640,0.2438,0.2416,10.0,0.2405,12.0,11886.0,1260.0
2021-01-05 09:44:30.201,0.2438,0.2414,10.0,0.2405,12.0,11886.0,1260.0
2021-01-05 09:44:30.720,0.2438,0.2414,10.0,0.2406,10.0,11886.0,1260.0
2021-01-05 09:44:31.231,0.2438,0.2413,13.0,0.2406,10.0,11886.0,1260.0
2021-01-05 09:44:32.220,0.2438,0.2413,13.0,0.2404,10.0,11886.0,1260.0
2021-01-05 09:44:32.691,0.2438,0.2413,23.0,0.2403,10.0,11886.0,1260.0
2021-01-05 09:44:33.240,0.2438,0.2413,23.0,0.2403,10.0,11886.0,1260.0
