,last,ask1,asize1,bid1,bsize1,oi,volume
2021-01-05 09:24:35.221,0.0057,0.0057,1.0,0.0057,1.0,49491.0,
2021-01-05 09:25:00.080,0.0057,0.0067,2.0,0.0055,1.0,49492.0,1.0
2021-01-05 09:30:00.451,0.0057,0.0068,2.0,0.0055,1.0,49492.0,1.0
2021-01-05 09:30:00.991,0.0057,0.0062,1.0,0.0051,6.0,49492.0,1.0
2021-01-05 09:30:01.481,0.0057,0.0062,1.0,0.0055,5.0,49492.0,1.0
2021-01-05 09:30:01.990,0.0057,0.0062,1.0,0.0055,25.0,49492.0,1.0
2021-01-05 09:30:02.501,0.0057,0.0066,1.0,0.0055,25.0,49492.0,1.0
2021-01-05 09:30:03.471,0.0057,0.0066,21.0,0.0055,25.0,49492.0,1.0
2021-01-05 09:30:04.430,0.0057,0.0066,1.0,0.0055,25.0,49492.0,1.0
2021-01-05 09:30:05.010,0.0057,0.0066,1.0,0.0055,5.0,49492.0,1.0
2021-01-05 09:30:05.481,0.0057,0.0066,1.0,0.0055,25.0,49492.0,1.0
2021-01-05 09:30:05.990,0.0057,0.0066,1.0,0.0055,25.0,49492.0,1.0
2021-01-05 09:30:07.471,0.0057,0.0066,1.0,0.0056,20.0,49492.0,1.0
2021-01-05 09:30:15.991,0.0057,0.0066,1.0,0.0056,20.0,49492.0,1.0
2021-01-05 09:30:17.641,0.0057,0.0066,1.0,0.0055,25.0,49492.0,1.0
2021-01-05 09:30:21.241,0.0057,0.0066,1.0,0.0055,25.0,49492.0,1.0
2021-01-05 09:30:22.240,0.0057,0.0066,1.0,0.0056,20.0,49492.0,1.0
2021-01-05 09:30:22.671,0.0057,0.0066,1.0,0.0055,25.0,49492.0,1.0
2021-01-05 09:30:23.670,0.0057,0.0066,1.0,0.0056,20.0,49492.0,1.0
2021-01-05 09:30:25.160,0.0057,0.0066,1.0,0.0055,25.0,49492.0,1.0
2021-01-05 09:30:25.671,0.0057,0.0066,1.0,0.0056,20.0,49492.0,1.0
2021-01-05 09:30:30.620,0.0057,0.0066,1.0,0.0055,25.0,49492.0,1.0
2021-01-05 09:30:31.661,0.0057,0.0066,1.0,0.0055,25.0,49492.0,1.0
2021-01-05 09:30:32.140,0.0057,0.0066,21.0,0.0055,25.0,49492.0,1.0
2021-01-05 09:30:43.180,0.0057,0.0066,51.0,0.0055,55.0,49492.0,1.0
2021-01-05 09:30:44.181,0.0057,0.0066,51.0,0.0056,14.0,49492.0,1.0
2021-01-05 09:30:44.650,0.0057,0.0066,51.0,0.0056,64.0,49492.0,1.0
2021-01-05 09:30:58.140,0.0057,0.0066,51.0,0.0056,64.0,49492.0,1.0
2021-01-05 09:30:59.640,0.0057,0.0066,31.0,0.0056,64.0,49492.0,1.0
2021-01-05 09:31:00.161,0.0057,0.0066,51.0,0.0056,64.0,49492.0,1.0
2021-01-05 09:31:00.681,0.0057,0.0066,51.0,0.0056,64.0,49492.0,1.0
2021-01-05 09:31:01.140,0.0057,0.0066,31.0,0.0056,64.0,49492.0,1.0
2021-01-05 09:31:01.680,0.0057,0.0066,31.0,0.0056,64.0,49492.0,1.0
2021-01-05 09:31:02.170,0.0057,0.0066,31.0,0.0056,44.0,49492.0,1.0
2021-01-05 09:31:02.681,0.0057,0.0066,31.0,0.0056,64.0,49492.0,1.0
2021-01-05 09:31:05.670,0.0057,0.0066,31.0,0.0057,16.0,49492.0,1.0
2021-01-05 09:31:06.160,0.0057,0.0066,31.0,0.0057,66.0,49492.0,1.0
2021-01-05 09:31:06.681,0.0057,0.0066,31.0,0.0057,66.0,49492.0,1.0
2021-01-05 09:31:08.650,0.0057,0.0066,51.0,0.0057,66.0,49492.0,1.0
2021-01-05 09:31:09.101,0.0057,0.0066,31.0,0.0057,66.0,49492.0,1.0
2021-01-05 09:31:11.701,0.0057,0.0066,51.0,0.0057,66.0,49492.0,1.0
2021-01-05 09:31:19.150,0.0057,0.0066,31.0,0.0057,46.0,49492.0,1.0
2021-01-05 09:31:19.721,0.0057,0.0066,51.0,0.0057,66.0,49492.0,1.0
2021-01-05 09:31:23.171,0.0057,0.0066,51.0,0.0057,66.0,49492.0,1.0
2021-01-05 09:31:23.640,0.0057,0.0065,14.0,0.0057,66.0,49492.0,1.0
2021-01-05 09:31:24.161,0.0057,0.0065,64.0,0.0057,66.0,49492.0,1.0
2021-01-05 09:31:24.620,0.0057,0.0065,64.0,0.0057,66.0,49492.0,1.0
2021-01-05 09:31:32.671,0.0057,0.0065,64.0,0.0057,66.0,49492.0,1.0
2021-01-05 09:31:33.190,0.0057,0.0065,64.0,0.0057,66.0,49492.0,1.0
2021-01-05 09:31:35.190,0.0057,0.0065,64.0,0.0057,50.0,49492.0,1.0
2021-01-05 09:31:35.651,0.0057,0.0065,64.0,0.0057,64.0,49492.0,1.0
2021-01-05 09:31:36.181,0.0057,0.0064,3.0,0.0057,64.0,49492.0,1.0
2021-01-05 09:31:36.690,0.0057,0.0064,53.0,0.0057,64.0,49492.0,1.0
2021-01-05 09:31:37.191,0.0057,0.0063,14.0,0.0057,64.0,49492.0,1.0
2021-01-05 09:31:37.620,0.0057,0.0063,64.0,0.0057,64.0,49492.0,1.0
2021-01-05 09:31:38.190,0.0057,0.0063,64.0,0.0057,64.0,49492.0,1.0
2021-01-05 09:31:39.210,0.0057,0.0063,44.0,0.0057,64.0,49492.0,1.0
2021-01-05 09:31:39.710,0.0057,0.0063,44.0,0.0059,12.0,49492.0,1.0
2021-01-05 09:31:40.200,0.0057,0.0063,44.0,0.0059,42.0,49492.0,1.0
2021-01-05 09:31:40.711,0.0057,0.0063,44.0,0.006,12.0,49492.0,1.0
2021-01-05 09:31:41.191,0.0057,0.0063,44.0,0.006,30.0,49492.0,1.0
2021-01-05 09:31:41.691,0.0057,0.0063,64.0,0.006,30.0,49492.0,1.0
2021-01-05 09:31:42.211,0.0057,0.0063,44.0,0.006,30.0,49492.0,1.0
2021-01-05 09:31:43.191,0.0057,0.0063,44.0,0.006,30.0,49492.0,1.0
2021-01-05 09:31:43.191,0.0057,0.0063,44.0,0.006,30.0,49492.0,1.0
2021-01-05 09:31:44.190,0.0057,0.0063,44.0,0.006,30.0,49492.0,1.0
2021-01-05 09:31:44.691,0.0057,0.0063,44.0,0.006,30.0,49492.0,1.0
2021-01-05 09:31:45.170,0.0057,0.0063,44.0,0.006,30.0,49492.0,1.0
2021-01-05 09:31:45.621,0.0057,0.0063,44.0,0.006,30.0,49492.0,1.0
2021-01-05 09:31:46.101,0.0057,0.0063,44.0,0.006,30.0,49492.0,1.0
2021-01-05 09:31:46.701,0.0057,0.0063,44.0,0.006,30.0,49492.0,1.0
2021-01-05 09:31:49.221,0.0057,0.0063,64.0,0.006,30.0,49492.0,1.0
2021-01-05 09:31:51.701,0.0057,0.0063,64.0,0.006,30.0,49492.0,1.0
2021-01-05 09:31:56.681,0.0057,0.0063,64.0,0.006,30.0,49492.0,1.0
2021-01-05 09:31:58.150,0.0057,0.0063,67.0,0.006,30.0,49492.0,1.0
2021-01-05 09:31:58.640,0.0057,0.0063,67.0,0.006,30.0,49492.0,1.0
2021-01-05 09:32:03.180,0.0057,0.0063,47.0,0.006,30.0,49492.0,1.0
2021-01-05 09:32:03.641,0.0057,0.0063,67.0,0.006,30.0,49492.0,1.0
2021-01-05 09:32:04.161,0.006,0.0063,67.0,0.006,30.0,49462.0,31.0
2021-01-05 09:32:05.141,0.006,0.0063,67.0,0.006,30.0,49462.0,31.0
2021-01-05 09:32:06.161,0.006,0.0063,67.0,0.006,30.0,49462.0,31.0
2021-01-05 09:32:07.070,0.006,0.0063,67.0,0.006,30.0,49462.0,31.0
2021-01-05 09:32:07.671,0.006,0.0063,67.0,0.006,30.0,49462.0,31.0
2021-01-05 09:32:08.670,0.006,0.0063,67.0,0.006,30.0,49462.0,31.0
2021-01-05 09:32:09.681,0.006,0.0063,67.0,0.006,30.0,49462.0,31.0
2021-01-05 09:32:10.161,0.006,0.0063,67.0,0.006,30.0,49462.0,31.0
2021-01-05 09:32:10.630,0.006,0.0063,67.0,0.006,30.0,49462.0,31.0
2021-01-05 09:32:14.660,0.006,0.0063,67.0,0.006,30.0,49462.0,31.0
2021-01-05 09:32:16.551,0.006,0.0063,67.0,0.006,30.0,49462.0,31.0
2021-01-05 09:32:26.171,0.006,0.0063,67.0,0.006,30.0,49462.0,31.0
2021-01-05 09:32:28.630,0.006,0.0063,67.0,0.006,30.0,49462.0,31.0
2021-01-05 09:32:36.190,0.006,0.0062,3.0,0.006,30.0,49462.0,31.0
2021-01-05 09:32:36.691,0.006,0.0062,53.0,0.006,30.0,49462.0,31.0
2021-01-05 09:32:42.700,0.006,0.0062,53.0,0.006,30.0,49462.0,31.0
2021-01-05 09:32:49.670,0.006,0.0062,53.0,0.006,30.0,49462.0,31.0
2021-01-05 09:32:50.171,0.006,0.0062,53.0,0.006,30.0,49462.0,31.0
2021-01-05 09:32:50.700,0.006,0.0062,44.0,0.006,30.0,49462.0,31.0
2021-01-05 09:32:51.170,0.006,0.0062,14.0,0.006,30.0,49462.0,31.0
2021-01-05 09:32:51.701,0.006,0.0062,44.0,0.006,30.0,49462.0,31.0
2021-01-05 09:32:52.191,0.006,0.0062,44.0,0.006,30.0,49462.0,31.0
2021-01-05 09:32:54.181,0.006,0.0062,30.0,0.006,30.0,49462.0,31.0
2021-01-05 09:32:54.671,0.006,0.0062,30.0,0.006,30.0,49462.0,31.0
2021-01-05 09:32:55.170,0.006,0.0062,30.0,0.006,30.0,49462.0,31.0
2021-01-05 09:32:55.670,0.006,0.0062,30.0,0.006,30.0,49462.0,31.0
2021-01-05 09:32:56.150,0.006,0.0062,30.0,0.006,30.0,49462.0,31.0
2021-01-05 09:32:57.600,0.006,0.0062,30.0,0.006,30.0,49462.0,31.0
2021-01-05 09:32:58.651,0.006,0.0062,30.0,0.006,30.0,49462.0,31.0
2021-01-05 09:32:59.621,0.006,0.0062,30.0,0.006,30.0,49462.0,31.0
2021-01-05 09:33:00.180,0.006,0.0062,30.0,0.006,30.0,49462.0,31.0
2021-01-05 09:33:01.141,0.006,0.0062,50.0,0.006,30.0,49462.0,31.0
2021-01-05 09:33:02.130,0.006,0.0062,20.0,0.006,30.0,49462.0,31.0
2021-01-05 09:33:02.651,0.006,0.0063,53.0,0.006,30.0,49462.0,31.0
2021-01-05 09:33:03.171,0.006,0.0063,67.0,0.006,30.0,49462.0,31.0
2021-01-05 09:33:03.681,0.006,0.0063,67.0,0.006,30.0,49462.0,31.0
2021-01-05 09:33:04.170,0.006,0.0063,67.0,0.0058,12.0,49432.0,61.0
2021-01-05 09:33:04.651,0.006,0.0063,67.0,0.0058,12.0,49432.0,61.0
2021-01-05 09:33:05.181,0.006,0.0063,67.0,0.0058,12.0,49432.0,61.0
2021-01-05 09:33:06.681,0.006,0.0063,67.0,0.0058,32.0,49432.0,61.0
2021-01-05 09:33:07.171,0.006,0.0063,67.0,0.0059,12.0,49432.0,61.0
2021-01-05 09:33:08.191,0.006,0.0063,67.0,0.0059,42.0,49432.0,61.0
2021-01-05 09:33:09.630,0.006,0.0063,64.0,0.0059,42.0,49432.0,61.0
2021-01-05 09:33:10.180,0.006,0.0063,50.0,0.0059,42.0,49432.0,61.0
2021-01-05 09:33:11.670,0.006,0.0063,50.0,0.0059,42.0,49432.0,61.0
2021-01-05 09:33:12.181,0.006,0.0063,64.0,0.0059,42.0,49432.0,61.0
2021-01-05 09:33:15.651,0.006,0.0063,64.0,0.0059,52.0,49432.0,61.0
2021-01-05 09:33:16.181,0.006,0.0063,64.0,0.0059,52.0,49432.0,61.0
2021-01-05 09:33:19.660,0.006,0.0063,50.0,0.0059,52.0,49432.0,61.0
2021-01-05 09:33:20.680,0.006,0.0063,50.0,0.006,12.0,49432.0,61.0
2021-01-05 09:33:21.160,0.006,0.0062,14.0,0.006,42.0,49432.0,61.0
2021-01-05 09:33:21.681,0.006,0.0062,44.0,0.006,42.0,49432.0,61.0
2021-01-05 09:33:23.660,0.006,0.0062,30.0,0.006,30.0,49432.0,61.0
2021-01-05 09:33:24.171,0.006,0.0062,44.0,0.006,30.0,49432.0,61.0
2021-01-05 09:33:26.161,0.006,0.0062,30.0,0.006,30.0,49432.0,61.0
2021-01-05 09:33:26.651,0.006,0.0061,14.0,0.006,30.0,49432.0,61.0
2021-01-05 09:33:27.171,0.006,0.0061,14.0,0.006,30.0,49432.0,61.0
2021-01-05 09:33:28.180,0.006,0.0061,14.0,0.006,30.0,49432.0,61.0
2021-01-05 09:33:37.190,0.006,0.0061,14.0,0.006,30.0,49432.0,61.0
2021-01-05 09:33:37.640,0.006,0.0061,14.0,0.006,30.0,49432.0,61.0
2021-01-05 09:33:42.160,0.006,0.0061,14.0,0.006,30.0,49432.0,61.0
2021-01-05 09:33:43.681,0.006,0.0061,14.0,0.006,29.0,49432.0,62.0
2021-01-05 09:33:44.680,0.006,0.0061,14.0,0.006,29.0,49402.0,92.0
2021-01-05 09:33:46.680,0.006,0.0062,53.0,0.006,29.0,49402.0,92.0
2021-01-05 09:33:47.191,0.006,0.0062,67.0,0.006,30.0,49402.0,92.0
2021-01-05 09:33:47.681,0.006,0.0062,53.0,0.006,30.0,49402.0,92.0
2021-01-05 09:33:48.171,0.006,0.0061,14.0,0.006,30.0,49402.0,92.0
2021-01-05 09:33:48.680,0.006,0.0061,14.0,0.0059,40.0,49402.0,92.0
2021-01-05 09:33:49.120,0.006,0.0061,34.0,0.0059,30.0,49402.0,92.0
2021-01-05 09:33:49.681,0.006,0.0061,34.0,0.0059,30.0,49402.0,92.0
2021-01-05 09:33:50.570,0.006,0.0061,34.0,0.0059,30.0,49402.0,92.0
2021-01-05 09:33:51.581,0.006,0.0061,34.0,0.0059,30.0,49402.0,92.0
2021-01-05 09:33:52.190,0.006,0.0061,37.0,0.0059,30.0,49402.0,92.0
2021-01-05 09:33:54.180,0.006,0.006,1.0,0.0059,30.0,49402.0,92.0
2021-01-05 09:33:54.610,0.006,0.006,1.0,0.0059,30.0,49402.0,92.0
2021-01-05 09:33:55.650,0.006,0.006,31.0,0.0059,30.0,49402.0,92.0
2021-01-05 09:33:56.120,0.006,0.006,1.0,0.0059,30.0,49402.0,92.0
2021-01-05 09:33:56.681,0.006,0.006,1.0,0.0059,30.0,49402.0,92.0
2021-01-05 09:33:58.170,0.006,0.006,21.0,0.0059,30.0,49402.0,92.0
2021-01-05 09:33:59.690,0.006,0.006,21.0,0.0058,40.0,49402.0,92.0
2021-01-05 09:34:00.191,0.006,0.006,51.0,0.0057,30.0,49402.0,92.0
2021-01-05 09:34:00.671,0.006,0.006,51.0,0.0057,40.0,49402.0,92.0
2021-01-05 09:34:01.081,0.006,0.006,65.0,0.0057,40.0,49402.0,92.0
2021-01-05 09:34:01.661,0.006,0.006,65.0,0.0057,52.0,49402.0,92.0
2021-01-05 09:34:02.671,0.006,0.006,65.0,0.0057,40.0,49402.0,92.0
2021-01-05 09:34:03.171,0.006,0.006,65.0,0.0057,40.0,49402.0,92.0
2021-01-05 09:34:03.670,0.006,0.0059,1.0,0.0057,52.0,49402.0,92.0
2021-01-05 09:34:04.070,0.006,0.0059,1.0,0.0057,30.0,49402.0,92.0
2021-01-05 09:34:04.671,0.006,0.0059,1.0,0.0057,42.0,49402.0,92.0
2021-01-05 09:34:05.121,0.006,0.0059,31.0,0.0057,42.0,49402.0,92.0
2021-01-05 09:34:05.630,0.006,0.0059,1.0,0.0057,42.0,49402.0,92.0
2021-01-05 09:34:06.671,0.006,0.0059,1.0,0.0057,42.0,49402.0,92.0
2021-01-05 09:34:07.130,0.006,0.0059,31.0,0.0057,42.0,49402.0,92.0
2021-01-05 09:34:08.171,0.006,0.0059,51.0,0.0057,42.0,49402.0,92.0
2021-01-05 09:34:08.690,0.006,0.0059,21.0,0.0057,30.0,49402.0,92.0
2021-01-05 09:34:09.170,0.006,0.0059,21.0,0.0057,30.0,49402.0,92.0
2021-01-05 09:34:09.670,0.006,0.0059,51.0,0.0057,30.0,49402.0,92.0
2021-01-05 09:34:10.140,0.006,0.0059,1.0,0.0057,30.0,49402.0,92.0
2021-01-05 09:34:10.690,0.006,0.0059,1.0,0.0057,44.0,49402.0,92.0
2021-01-05 09:34:12.640,0.006,0.0059,1.0,0.0057,30.0,49402.0,92.0
2021-01-05 09:34:13.191,0.006,0.0059,1.0,0.0057,30.0,49402.0,92.0
2021-01-05 09:34:14.691,0.006,0.0059,1.0,0.0057,30.0,49402.0,92.0
2021-01-05 09:34:15.681,0.006,0.0059,1.0,0.0057,30.0,49402.0,92.0
2021-01-05 09:34:16.190,0.006,0.0059,31.0,0.0057,30.0,49402.0,92.0
2021-01-05 09:34:17.181,0.006,0.0059,1.0,0.0057,30.0,49402.0,92.0
2021-01-05 09:34:18.201,0.006,0.0059,1.0,0.0057,42.0,49402.0,92.0
2021-01-05 09:34:18.620,0.006,0.0059,1.0,0.0057,42.0,49402.0,92.0
2021-01-05 09:34:19.041,0.006,0.0059,1.0,0.0057,30.0,49402.0,92.0
2021-01-05 09:34:19.700,0.006,0.0059,1.0,0.0057,42.0,49402.0,92.0
2021-01-05 09:34:20.180,0.006,0.0059,1.0,0.0057,30.0,49402.0,92.0
2021-01-05 09:34:21.690,0.006,0.0059,21.0,0.0057,30.0,49402.0,92.0
2021-01-05 09:34:22.651,0.006,0.0059,1.0,0.0057,30.0,49402.0,92.0
2021-01-05 09:34:23.181,0.006,0.0059,1.0,0.0057,30.0,49402.0,92.0
2021-01-05 09:34:23.661,0.006,0.0059,1.0,0.0057,30.0,49402.0,92.0
2021-01-05 09:34:24.441,0.006,0.0059,31.0,0.0057,30.0,49402.0,92.0
2021-01-05 09:34:25.150,0.006,0.0059,45.0,0.0057,30.0,49402.0,92.0
2021-01-05 09:34:25.671,0.006,0.0059,65.0,0.0057,30.0,49402.0,92.0
2021-01-05 09:34:26.641,0.006,0.0059,65.0,0.0057,42.0,49402.0,92.0
2021-01-05 09:34:27.690,0.006,0.0059,45.0,0.0057,42.0,49402.0,92.0
2021-01-05 09:34:28.621,0.006,0.0059,65.0,0.0057,42.0,49402.0,92.0
2021-01-05 09:34:29.601,0.006,0.0059,45.0,0.0057,42.0,49402.0,92.0
2021-01-05 09:34:30.141,0.006,0.0059,65.0,0.0057,42.0,49402.0,92.0
2021-01-05 09:34:31.190,0.006,0.0059,65.0,0.0057,30.0,49402.0,92.0
2021-01-05 09:34:31.691,0.006,0.0059,65.0,0.0057,42.0,49402.0,92.0
2021-01-05 09:34:37.700,0.006,0.0059,51.0,0.0057,30.0,49402.0,92.0
2021-01-05 09:34:38.171,0.006,0.0059,51.0,0.0057,42.0,49402.0,92.0
2021-01-05 09:34:39.091,0.006,0.0059,51.0,0.0057,42.0,49402.0,92.0
2021-01-05 09:34:40.171,0.006,0.0059,51.0,0.0057,30.0,49402.0,92.0
2021-01-05 09:34:40.651,0.006,0.0059,51.0,0.0057,42.0,49402.0,92.0
2021-01-05 09:34:41.201,0.006,0.0059,51.0,0.0057,30.0,49402.0,92.0
2021-01-05 09:34:42.171,0.006,0.0059,51.0,0.0057,42.0,49402.0,92.0
2021-01-05 09:34:51.701,0.006,0.0059,51.0,0.0057,42.0,49402.0,92.0
2021-01-05 09:34:52.650,0.006,0.0059,51.0,0.0057,30.0,49402.0,92.0
2021-01-05 09:34:53.180,0.006,0.0059,65.0,0.0057,30.0,49402.0,92.0
2021-01-05 09:34:53.651,0.006,0.0059,65.0,0.0057,30.0,49402.0,92.0
2021-01-05 09:34:54.631,0.006,0.0059,57.0,0.0057,30.0,49402.0,92.0
2021-01-05 09:34:55.161,0.006,0.0059,65.0,0.0057,30.0,49402.0,92.0
2021-01-05 09:34:55.680,0.006,0.0059,65.0,0.0057,30.0,49402.0,92.0
2021-01-05 09:34:56.681,0.006,0.0059,51.0,0.0057,30.0,49402.0,92.0
2021-01-05 09:34:57.130,0.006,0.0058,14.0,0.0057,30.0,49402.0,92.0
2021-01-05 09:34:57.670,0.006,0.0058,14.0,0.0057,30.0,49402.0,92.0
2021-01-05 09:34:58.640,0.006,0.0058,14.0,0.0057,30.0,49402.0,92.0
2021-01-05 09:35:00.640,0.006,0.0058,20.0,0.0057,30.0,49402.0,92.0
2021-01-05 09:35:00.640,0.006,0.0058,14.0,0.0057,30.0,49402.0,92.0
2021-01-05 09:35:01.620,0.006,0.0058,14.0,0.0057,42.0,49402.0,92.0
2021-01-05 09:35:03.180,0.006,0.0058,14.0,0.0057,30.0,49402.0,92.0
2021-01-05 09:35:03.660,0.006,0.0058,14.0,0.0057,42.0,49402.0,92.0
2021-01-05 09:35:05.671,0.0057,0.0058,34.0,0.0057,30.0,49402.0,112.0
2021-01-05 09:35:06.180,0.0057,0.0058,34.0,0.0057,42.0,49402.0,112.0
2021-01-05 09:35:07.650,0.0057,0.0058,20.0,0.0057,30.0,49402.0,112.0
2021-01-05 09:35:08.171,0.0057,0.0059,63.0,0.0057,10.0,49402.0,132.0
2021-01-05 09:35:09.191,0.0057,0.0059,77.0,0.0057,10.0,49402.0,132.0
2021-01-05 09:35:09.700,0.0057,0.0059,77.0,0.0057,10.0,49402.0,132.0
2021-01-05 09:35:10.180,0.0057,0.0059,77.0,0.0057,30.0,49402.0,142.0
2021-01-05 09:35:11.680,0.0057,0.0059,63.0,0.0057,30.0,49402.0,142.0
2021-01-05 09:35:12.101,0.0057,0.0058,14.0,0.0057,30.0,49402.0,142.0
2021-01-05 09:35:12.691,0.0057,0.0058,34.0,0.0057,30.0,49402.0,142.0
2021-01-05 09:35:13.160,0.0057,0.0058,34.0,0.0057,30.0,49402.0,142.0
2021-01-05 09:35:13.640,0.0057,0.0058,14.0,0.0057,30.0,49402.0,142.0
2021-01-05 09:35:14.191,0.0057,0.0058,14.0,0.0057,30.0,49402.0,142.0
2021-01-05 09:35:14.700,0.0057,0.0058,14.0,0.0057,30.0,49402.0,142.0
2021-01-05 09:35:15.200,0.0057,0.0058,14.0,0.0057,30.0,49402.0,142.0
2021-01-05 09:35:15.701,0.0057,0.0058,14.0,0.0057,30.0,49402.0,142.0
2021-01-05 09:35:16.201,0.0057,0.0058,14.0,0.0057,30.0,49402.0,142.0
2021-01-05 09:35:16.681,0.0057,0.0058,14.0,0.0057,30.0,49402.0,142.0
2021-01-05 09:35:17.190,0.0057,0.0058,14.0,0.0057,30.0,49402.0,142.0
2021-01-05 09:35:17.680,0.0057,0.0058,14.0,0.0057,30.0,49402.0,142.0
2021-01-05 09:35:20.681,0.0057,0.0058,26.0,0.0057,30.0,49402.0,142.0
2021-01-05 09:35:21.180,0.0057,0.0058,14.0,0.0057,30.0,49402.0,142.0
2021-01-05 09:35:22.171,0.0057,0.0058,14.0,0.0057,30.0,49402.0,142.0
2021-01-05 09:35:22.650,0.0057,0.0058,14.0,0.0057,30.0,49402.0,142.0
2021-01-05 09:35:23.151,0.0057,0.0058,14.0,0.0057,30.0,49402.0,142.0
2021-01-05 09:35:23.680,0.0057,0.0058,44.0,0.0057,30.0,49402.0,142.0
2021-01-05 09:35:27.641,0.0057,0.0058,44.0,0.0057,30.0,49402.0,142.0
2021-01-05 09:35:30.121,0.0057,0.0058,44.0,0.0057,30.0,49402.0,142.0
2021-01-05 09:35:31.170,0.0057,0.0058,44.0,0.0057,30.0,49402.0,142.0
2021-01-05 09:35:31.600,0.0057,0.0058,34.0,0.0057,30.0,49402.0,142.0
2021-01-05 09:35:32.161,0.0057,0.0058,34.0,0.0057,30.0,49402.0,142.0
2021-01-05 09:35:34.190,0.0057,0.0058,46.0,0.0057,30.0,49402.0,142.0
2021-01-05 09:35:34.691,0.0057,0.0058,34.0,0.0057,30.0,49402.0,142.0
2021-01-05 09:35:35.200,0.0057,0.0058,34.0,0.0057,30.0,49402.0,142.0
2021-01-05 09:35:38.190,0.0057,0.0058,34.0,0.0057,10.0,49402.0,162.0
2021-01-05 09:35:40.191,0.0057,0.0058,34.0,0.0057,10.0,49402.0,162.0
2021-01-05 09:35:40.691,0.0057,0.0058,14.0,0.0057,10.0,49402.0,162.0
2021-01-05 09:35:41.680,0.0057,0.0058,14.0,0.0057,10.0,49402.0,162.0
2021-01-05 09:35:42.670,0.0057,0.0058,34.0,0.0057,10.0,49402.0,162.0
2021-01-05 09:35:43.661,0.0057,0.0058,34.0,0.0057,10.0,49402.0,162.0
2021-01-05 09:35:44.101,0.0057,0.0058,34.0,0.0057,10.0,49402.0,162.0
2021-01-05 09:35:44.600,0.0057,0.0058,34.0,0.0057,10.0,49402.0,162.0
2021-01-05 09:35:46.170,0.0057,0.0058,14.0,0.0057,10.0,49402.0,162.0
2021-01-05 09:35:46.700,0.0057,0.0058,34.0,0.0057,30.0,49402.0,172.0
2021-01-05 09:35:49.190,0.0057,0.0058,34.0,0.0057,10.0,49402.0,192.0
2021-01-05 09:35:50.150,0.0057,0.0058,34.0,0.0057,10.0,49402.0,192.0
2021-01-05 09:35:51.710,0.0057,0.0058,34.0,0.0057,10.0,49402.0,192.0
2021-01-05 09:35:52.100,0.0057,0.0058,34.0,0.0057,10.0,49402.0,192.0
2021-01-05 09:35:52.671,0.0057,0.0058,14.0,0.0057,10.0,49402.0,192.0
2021-01-05 09:35:53.111,0.0057,0.0058,34.0,0.0057,10.0,49402.0,192.0
2021-01-05 09:35:54.161,0.0057,0.0058,14.0,0.0057,10.0,49402.0,192.0
2021-01-05 09:35:54.640,0.0057,0.0058,14.0,0.0057,10.0,49402.0,192.0
2021-01-05 09:35:57.141,0.0057,0.0058,14.0,0.0057,30.0,49402.0,192.0
2021-01-05 09:36:10.160,0.0057,0.0058,14.0,0.0057,42.0,49402.0,192.0
2021-01-05 09:36:10.671,0.0057,0.0058,14.0,0.0057,30.0,49402.0,192.0
2021-01-05 09:36:11.651,0.0057,0.0058,14.0,0.0057,30.0,49402.0,192.0
2021-01-05 09:36:12.181,0.0057,0.0058,14.0,0.0057,30.0,49402.0,192.0
2021-01-05 09:36:14.690,0.0057,0.0058,14.0,0.0057,30.0,49402.0,192.0
2021-01-05 09:36:16.150,0.0057,0.0058,14.0,0.0057,30.0,49402.0,192.0
2021-01-05 09:36:16.650,0.0057,0.0058,14.0,0.0057,30.0,49402.0,192.0
2021-01-05 09:36:18.680,0.0057,0.0058,14.0,0.0057,30.0,49402.0,192.0
2021-01-05 09:36:19.151,0.0057,0.0058,14.0,0.0057,30.0,49402.0,192.0
2021-01-05 09:36:19.691,0.0057,0.0058,14.0,0.0057,30.0,49402.0,192.0
2021-01-05 09:36:21.691,0.0057,0.0058,14.0,0.0057,30.0,49402.0,192.0
2021-01-05 09:36:24.701,0.0057,0.0058,14.0,0.0057,30.0,49402.0,192.0
2021-01-05 09:36:24.851,0.0057,0.0058,14.0,0.0057,30.0,49372.0,222.0
2021-01-05 09:36:25.650,0.0057,0.0058,14.0,0.0057,30.0,49372.0,222.0
2021-01-05 09:36:26.171,0.0057,0.0058,14.0,0.0057,30.0,49372.0,222.0
2021-01-05 09:36:26.651,0.0057,0.0058,14.0,0.0057,30.0,49372.0,222.0
2021-01-05 09:36:27.070,0.0057,0.0058,14.0,0.0057,30.0,49372.0,222.0
2021-01-05 09:36:29.171,0.0057,0.0058,14.0,0.0057,30.0,49372.0,222.0
2021-01-05 09:36:29.661,0.0057,0.0058,14.0,0.0057,30.0,49372.0,222.0
2021-01-05 09:36:31.181,0.0057,0.0058,14.0,0.0057,30.0,49372.0,222.0
2021-01-05 09:36:32.660,0.0057,0.0058,14.0,0.0057,30.0,49372.0,222.0
2021-01-05 09:36:33.200,0.0057,0.0058,14.0,0.0057,30.0,49372.0,222.0
2021-01-05 09:36:34.091,0.0057,0.0058,14.0,0.0057,30.0,49372.0,222.0
2021-01-05 09:36:35.150,0.0057,0.0058,14.0,0.0057,30.0,49372.0,222.0
2021-01-05 09:36:35.701,0.0057,0.0058,14.0,0.0057,30.0,49372.0,222.0
2021-01-05 09:36:36.191,0.0057,0.0058,14.0,0.0057,30.0,49372.0,222.0
2021-01-05 09:36:41.641,0.0057,0.0058,14.0,0.0057,30.0,49372.0,222.0
2021-01-05 09:36:42.200,0.0057,0.0058,14.0,0.0057,30.0,49372.0,222.0
2021-01-05 09:36:42.690,0.0057,0.0058,14.0,0.0057,30.0,49372.0,222.0
2021-01-05 09:36:43.700,0.0057,0.0058,14.0,0.0057,30.0,49372.0,222.0
2021-01-05 09:36:44.680,0.0057,0.0058,14.0,0.0057,30.0,49372.0,222.0
2021-01-05 09:36:47.130,0.0057,0.0058,14.0,0.0057,30.0,49372.0,222.0
2021-01-05 09:36:48.130,0.0057,0.0058,26.0,0.0057,30.0,49372.0,222.0
2021-01-05 09:36:48.630,0.0057,0.0058,14.0,0.0057,30.0,49372.0,222.0
2021-01-05 09:36:55.141,0.0057,0.0058,14.0,0.0057,30.0,49372.0,222.0
2021-01-05 09:37:00.160,0.0057,0.0058,14.0,0.0057,30.0,49372.0,222.0
2021-01-05 09:37:04.200,0.0057,0.0058,14.0,0.0057,30.0,49372.0,222.0
2021-01-05 09:37:04.690,0.0057,0.0058,14.0,0.0057,30.0,49372.0,222.0
2021-01-05 09:37:10.701,0.0057,0.0058,14.0,0.0057,30.0,49372.0,222.0
2021-01-05 09:37:11.201,0.0057,0.0058,14.0,0.0056,11.0,49342.0,252.0
2021-01-05 09:37:11.641,0.0057,0.0058,44.0,0.0056,41.0,49342.0,252.0
2021-01-05 09:37:12.040,0.0057,0.0058,30.0,0.0056,31.0,49342.0,252.0
2021-01-05 09:37:12.620,0.0057,0.0057,14.0,0.0056,31.0,49342.0,252.0
2021-01-05 09:37:13.181,0.0057,0.0057,14.0,0.0056,31.0,49342.0,252.0
2021-01-05 09:37:14.171,0.0057,0.0057,14.0,0.0056,31.0,49342.0,252.0
2021-01-05 09:37:15.200,0.0057,0.0057,14.0,0.0056,31.0,49342.0,252.0
2021-01-05 09:37:15.671,0.0057,0.0057,14.0,0.0056,43.0,49342.0,252.0
2021-01-05 09:37:17.200,0.0057,0.0057,14.0,0.0056,31.0,49342.0,252.0
2021-01-05 09:37:30.191,0.0057,0.0057,14.0,0.0056,43.0,49342.0,252.0
2021-01-05 09:37:30.650,0.0057,0.0057,14.0,0.0056,31.0,49342.0,252.0
2021-01-05 09:37:31.190,0.0057,0.0057,14.0,0.0056,43.0,49342.0,252.0
2021-01-05 09:37:33.701,0.0057,0.0057,14.0,0.0056,31.0,49342.0,252.0
2021-01-05 09:37:36.200,0.0057,0.0057,14.0,0.0056,43.0,49342.0,252.0
2021-01-05 09:37:40.701,0.0057,0.0057,14.0,0.0056,31.0,49342.0,252.0
2021-01-05 09:37:42.130,0.0057,0.0058,30.0,0.0056,31.0,49342.0,252.0
2021-01-05 09:37:42.691,0.0057,0.0058,44.0,0.0056,43.0,49342.0,252.0
2021-01-05 09:37:43.671,0.0057,0.0058,44.0,0.0056,43.0,49342.0,252.0
2021-01-05 09:37:46.601,0.0057,0.0058,44.0,0.0057,12.0,49342.0,252.0
2021-01-05 09:37:47.210,0.0057,0.0058,14.0,0.0057,42.0,49342.0,252.0
2021-01-05 09:37:47.661,0.0057,0.0058,14.0,0.0057,42.0,49342.0,252.0
2021-01-05 09:37:49.190,0.0057,0.0058,14.0,0.0057,30.0,49342.0,252.0
2021-01-05 09:37:49.670,0.0057,0.0058,14.0,0.0057,42.0,49342.0,252.0
2021-01-05 09:37:50.220,0.0057,0.0058,14.0,0.0057,30.0,49342.0,252.0
2021-01-05 09:37:55.190,0.0057,0.0059,51.0,0.0057,30.0,49342.0,252.0
2021-01-05 09:37:55.691,0.0057,0.0058,14.0,0.0057,30.0,49342.0,252.0
2021-01-05 09:37:56.611,0.0057,0.0058,14.0,0.0057,30.0,49342.0,252.0
2021-01-05 09:38:04.190,0.0057,0.0058,14.0,0.0057,30.0,49342.0,252.0
2021-01-05 09:38:04.680,0.0057,0.0058,14.0,0.0057,30.0,49342.0,252.0
2021-01-05 09:38:07.200,0.0057,0.0058,14.0,0.0057,30.0,49342.0,252.0
2021-01-05 09:38:07.690,0.0057,0.0058,14.0,0.0057,30.0,49342.0,252.0
2021-01-05 09:38:09.160,0.0057,0.0058,14.0,0.0057,30.0,49342.0,252.0
2021-01-05 09:38:09.611,0.0057,0.0058,34.0,0.0057,30.0,49342.0,252.0
2021-01-05 09:38:10.670,0.0057,0.0058,34.0,0.0057,30.0,49342.0,252.0
2021-01-05 09:38:11.701,0.0057,0.0058,34.0,0.0057,30.0,49342.0,252.0
2021-01-05 09:38:12.191,0.0057,0.0058,14.0,0.0057,30.0,49342.0,252.0
2021-01-05 09:38:12.691,0.0057,0.0058,14.0,0.0057,30.0,49342.0,252.0
2021-01-05 09:38:13.690,0.0057,0.0058,14.0,0.0057,30.0,49342.0,252.0
2021-01-05 09:38:14.141,0.0057,0.0058,14.0,0.0057,30.0,49342.0,252.0
2021-01-05 09:38:20.231,0.0057,0.0058,14.0,0.0057,30.0,49312.0,282.0
2021-01-05 09:38:21.240,0.0057,0.0058,44.0,0.0057,30.0,49312.0,282.0
2021-01-05 09:38:22.661,0.0057,0.0058,64.0,0.0057,30.0,49312.0,282.0
2021-01-05 09:38:23.201,0.0057,0.0058,64.0,0.0057,10.0,49312.0,302.0
2021-01-05 09:38:23.681,0.0057,0.0058,34.0,0.0057,30.0,49312.0,302.0
2021-01-05 09:38:24.141,0.0057,0.0058,64.0,0.0057,30.0,49312.0,302.0
2021-01-05 09:38:25.700,0.0057,0.0058,64.0,0.0057,30.0,49312.0,302.0
2021-01-05 09:38:26.100,0.0057,0.0058,64.0,0.0057,30.0,49312.0,302.0
2021-01-05 09:38:27.151,0.0057,0.0058,34.0,0.0057,30.0,49312.0,302.0
2021-01-05 09:38:27.691,0.0057,0.0058,34.0,0.0057,30.0,49312.0,302.0
2021-01-05 09:38:28.680,0.0057,0.0058,64.0,0.0057,30.0,49312.0,302.0
2021-01-05 09:38:29.191,0.0057,0.0058,34.0,0.0057,30.0,49312.0,302.0
2021-01-05 09:38:31.181,0.0057,0.0058,64.0,0.0057,30.0,49312.0,302.0
2021-01-05 09:38:32.171,0.0057,0.0058,34.0,0.0057,30.0,49312.0,322.0
2021-01-05 09:38:32.701,0.0057,0.0058,64.0,0.0057,30.0,49312.0,322.0
2021-01-05 09:38:33.700,0.0057,0.0058,76.0,0.0057,30.0,49312.0,322.0
2021-01-05 09:38:34.201,0.0057,0.0058,64.0,0.0057,10.0,49312.0,342.0
2021-01-05 09:38:34.701,0.0057,0.0058,64.0,0.0057,30.0,49312.0,342.0
2021-01-05 09:38:39.661,0.0057,0.0058,76.0,0.0057,30.0,49312.0,342.0
2021-01-05 09:38:40.201,0.0057,0.0058,76.0,0.0057,30.0,49312.0,342.0
2021-01-05 09:38:40.591,0.0057,0.0058,56.0,0.0057,30.0,49312.0,342.0
2021-01-05 09:38:41.190,0.0057,0.0058,44.0,0.0056,41.0,49312.0,342.0
2021-01-05 09:38:41.670,0.0057,0.0058,56.0,0.0056,41.0,49312.0,342.0
2021-01-05 09:38:42.191,0.0057,0.0058,56.0,0.0056,31.0,49312.0,342.0
2021-01-05 09:38:42.700,0.0057,0.0058,56.0,0.0056,31.0,49312.0,342.0
2021-01-05 09:38:43.190,0.0057,0.0058,44.0,0.0056,31.0,49312.0,342.0
2021-01-05 09:38:43.701,0.0057,0.0058,56.0,0.0056,31.0,49312.0,342.0
2021-01-05 09:38:44.200,0.0057,0.0058,44.0,0.0056,31.0,49312.0,342.0
2021-01-05 09:38:47.691,0.0057,0.0058,56.0,0.0056,31.0,49312.0,342.0
2021-01-05 09:38:48.200,0.0057,0.0058,56.0,0.0056,31.0,49312.0,342.0
2021-01-05 09:38:48.650,0.0057,0.0058,56.0,0.0056,31.0,49312.0,342.0
2021-01-05 09:38:49.691,0.0057,0.0058,44.0,0.0056,31.0,49312.0,342.0
2021-01-05 09:38:50.110,0.0057,0.0058,64.0,0.0056,31.0,49312.0,342.0
2021-01-05 09:38:51.691,0.0057,0.0058,44.0,0.0056,31.0,49312.0,342.0
2021-01-05 09:38:55.700,0.0057,0.0058,44.0,0.0056,31.0,49312.0,342.0
2021-01-05 09:38:56.190,0.0057,0.0058,56.0,0.0056,31.0,49312.0,342.0
2021-01-05 09:38:58.190,0.0057,0.0058,56.0,0.0056,31.0,49312.0,342.0
2021-01-05 09:38:58.670,0.0057,0.0058,56.0,0.0056,31.0,49312.0,342.0
2021-01-05 09:38:59.060,0.0057,0.0058,56.0,0.0056,31.0,49312.0,342.0
2021-01-05 09:39:00.140,0.0057,0.0058,56.0,0.0056,31.0,49312.0,342.0
2021-01-05 09:39:07.200,0.0057,0.0058,64.0,0.0056,31.0,49312.0,342.0
2021-01-05 09:39:07.680,0.0057,0.0058,76.0,0.0056,31.0,49312.0,342.0
2021-01-05 09:39:10.191,0.0057,0.0058,64.0,0.0056,31.0,49312.0,342.0
2021-01-05 09:39:10.721,0.0057,0.0058,76.0,0.0056,31.0,49312.0,342.0
2021-01-05 09:39:13.720,0.0057,0.0058,64.0,0.0056,31.0,49312.0,342.0
2021-01-05 09:39:14.160,0.0057,0.0058,64.0,0.0056,31.0,49312.0,342.0
2021-01-05 09:39:14.650,0.0057,0.0058,76.0,0.0056,31.0,49312.0,342.0
2021-01-05 09:39:33.180,0.0057,0.0057,50.0,0.0056,31.0,49312.0,342.0
2021-01-05 09:39:33.530,0.0057,0.0057,50.0,0.0056,31.0,49312.0,342.0
2021-01-05 09:39:34.191,0.0057,0.0057,64.0,0.0056,31.0,49312.0,342.0
2021-01-05 09:39:35.701,0.0057,0.0057,64.0,0.0056,31.0,49312.0,342.0
2021-01-05 09:39:36.231,0.0057,0.0057,64.0,0.0056,31.0,49312.0,342.0
2021-01-05 09:39:36.660,0.0057,0.0057,64.0,0.0056,31.0,49312.0,342.0
2021-01-05 09:39:41.750,0.0057,0.0057,64.0,0.0056,31.0,49312.0,342.0
2021-01-05 09:39:51.241,0.0057,0.0057,64.0,0.0056,31.0,49312.0,342.0
2021-01-05 09:39:51.730,0.0057,0.0057,64.0,0.0056,31.0,49312.0,342.0
2021-01-05 09:39:52.251,0.0057,0.0057,64.0,0.0056,31.0,49312.0,342.0
2021-01-05 09:39:55.640,0.0057,0.0057,64.0,0.0056,31.0,49312.0,342.0
2021-01-05 09:39:56.120,0.0057,0.0057,64.0,0.0056,43.0,49312.0,342.0
2021-01-05 09:39:56.691,0.0057,0.0057,64.0,0.0056,31.0,49312.0,342.0
2021-01-05 09:39:57.181,0.0057,0.0057,64.0,0.0056,31.0,49312.0,342.0
2021-01-05 09:40:02.200,0.0057,0.0057,64.0,0.0056,31.0,49312.0,342.0
2021-01-05 09:40:04.160,0.0057,0.0057,64.0,0.0056,31.0,49312.0,342.0
2021-01-05 09:40:04.700,0.0057,0.0057,64.0,0.0056,31.0,49312.0,342.0
2021-01-05 09:40:05.170,0.0057,0.0057,64.0,0.0056,31.0,49312.0,342.0
2021-01-05 09:40:05.701,0.0056,0.0057,64.0,0.0056,30.0,49283.0,372.0
2021-01-05 09:40:06.701,0.0056,0.0057,64.0,0.0056,30.0,49283.0,372.0
2021-01-05 09:40:08.200,0.0056,0.0057,64.0,0.0056,30.0,49283.0,372.0
2021-01-05 09:40:12.190,0.0056,0.0057,64.0,0.0056,42.0,49283.0,372.0
2021-01-05 09:40:13.170,0.0056,0.0057,64.0,0.0056,30.0,49283.0,372.0
2021-01-05 09:40:13.700,0.0056,0.0057,64.0,0.0056,42.0,49283.0,372.0
2021-01-05 09:40:14.150,0.0056,0.0057,64.0,0.0056,30.0,49283.0,372.0
2021-01-05 09:40:17.191,0.0056,0.0057,64.0,0.0056,42.0,49283.0,372.0
2021-01-05 09:40:20.191,0.0056,0.0057,64.0,0.0056,30.0,49283.0,372.0
2021-01-05 09:40:20.691,0.0056,0.0057,64.0,0.0056,42.0,49283.0,372.0
2021-01-05 09:40:22.591,0.0056,0.0057,64.0,0.0056,30.0,49283.0,372.0
2021-01-05 09:40:23.200,0.0056,0.0057,64.0,0.0056,30.0,49283.0,372.0
2021-01-05 09:40:25.121,0.0056,0.0057,64.0,0.0056,30.0,49283.0,372.0
2021-01-05 09:40:25.570,0.0056,0.0057,64.0,0.0056,30.0,49283.0,372.0
2021-01-05 09:40:26.181,0.0056,0.0057,64.0,0.0056,42.0,49283.0,372.0
2021-01-05 09:40:26.650,0.0056,0.0057,64.0,0.0056,30.0,49283.0,372.0
2021-01-05 09:40:27.701,0.0056,0.0057,64.0,0.0056,30.0,49283.0,372.0
2021-01-05 09:40:28.690,0.0056,0.0057,64.0,0.0056,30.0,49283.0,372.0
2021-01-05 09:40:36.620,0.0056,0.0057,64.0,0.0056,30.0,49253.0,402.0
2021-01-05 09:40:38.130,0.0056,0.0057,64.0,0.0056,42.0,49253.0,402.0
2021-01-05 09:40:38.651,0.0056,0.0057,64.0,0.0056,30.0,49253.0,402.0
2021-01-05 09:40:43.621,0.0056,0.0057,64.0,0.0056,42.0,49253.0,402.0
2021-01-05 09:40:46.161,0.0056,0.0057,64.0,0.0056,30.0,49253.0,402.0
2021-01-05 09:40:46.581,0.0056,0.0057,64.0,0.0056,30.0,49253.0,402.0
2021-01-05 09:40:52.661,0.0056,0.0057,64.0,0.0056,42.0,49253.0,402.0
2021-01-05 09:40:54.661,0.0056,0.0057,64.0,0.0056,30.0,49253.0,402.0
2021-01-05 09:40:55.111,0.0056,0.0057,64.0,0.0056,42.0,49253.0,402.0
2021-01-05 09:40:55.681,0.0056,0.0057,64.0,0.0056,30.0,49253.0,402.0
2021-01-05 09:40:56.711,0.0056,0.0057,64.0,0.0056,42.0,49253.0,402.0
2021-01-05 09:40:57.180,0.0056,0.0057,64.0,0.0056,30.0,49253.0,402.0
2021-01-05 09:40:57.710,0.0056,0.0057,64.0,0.0056,42.0,49253.0,402.0
2021-01-05 09:40:58.200,0.0056,0.0057,64.0,0.0056,30.0,49253.0,402.0
2021-01-05 09:40:59.070,0.0056,0.0057,64.0,0.0056,42.0,49253.0,402.0
2021-01-05 09:41:06.620,0.0056,0.0057,64.0,0.0056,42.0,49253.0,402.0
2021-01-05 09:41:07.100,0.0056,0.0057,64.0,0.0056,42.0,49253.0,402.0
2021-01-05 09:41:07.631,0.0056,0.0057,64.0,0.0055,55.0,49211.0,444.0
2021-01-05 09:41:08.130,0.0056,0.0057,64.0,0.0055,99.0,49211.0,444.0
2021-01-05 09:41:08.701,0.0056,0.0057,64.0,0.0055,111.0,49211.0,444.0
2021-01-05 09:41:09.661,0.0056,0.0057,64.0,0.0055,111.0,49211.0,444.0
2021-01-05 09:41:11.210,0.0056,0.0057,64.0,0.0055,97.0,49211.0,444.0
2021-01-05 09:41:13.161,0.0056,0.0057,64.0,0.0055,97.0,49211.0,444.0
2021-01-05 09:41:14.160,0.0056,0.0057,64.0,0.0055,97.0,49211.0,444.0
2021-01-05 09:41:14.671,0.0056,0.0057,64.0,0.0056,12.0,49211.0,444.0
2021-01-05 09:41:15.180,0.0056,0.0057,64.0,0.0056,30.0,49211.0,444.0
2021-01-05 09:41:15.651,0.0056,0.0057,64.0,0.0056,40.0,49211.0,444.0
2021-01-05 09:41:17.670,0.0056,0.0057,64.0,0.0056,52.0,49211.0,444.0
2021-01-05 09:41:18.600,0.0056,0.0057,64.0,0.0056,52.0,49211.0,444.0
2021-01-05 09:41:19.161,0.0056,0.0057,64.0,0.0056,52.0,49211.0,444.0
2021-01-05 09:41:20.070,0.0056,0.0057,64.0,0.0056,52.0,49211.0,444.0
2021-01-05 09:41:21.551,0.0056,0.0057,64.0,0.0056,40.0,49211.0,444.0
2021-01-05 09:41:22.190,0.0056,0.0057,64.0,0.0056,40.0,49211.0,444.0
2021-01-05 09:41:24.171,0.0056,0.0057,64.0,0.0056,40.0,49211.0,444.0
2021-01-05 09:41:24.651,0.0056,0.0057,64.0,0.0056,40.0,49211.0,444.0
2021-01-05 09:41:28.171,0.0056,0.0057,64.0,0.0056,40.0,49211.0,444.0
2021-01-05 09:41:29.010,0.0056,0.0057,64.0,0.0056,40.0,49211.0,444.0
2021-01-05 09:41:29.690,0.0056,0.0057,64.0,0.0056,40.0,49211.0,444.0
2021-01-05 09:41:30.180,0.0056,0.0057,64.0,0.0056,40.0,49211.0,444.0
2021-01-05 09:41:30.711,0.0056,0.0057,64.0,0.0056,40.0,49211.0,444.0
2021-01-05 09:41:31.181,0.0056,0.0057,64.0,0.0056,40.0,49211.0,444.0
2021-01-05 09:41:32.220,0.0056,0.0057,64.0,0.0056,40.0,49211.0,444.0
2021-01-05 09:41:32.670,0.0056,0.0057,64.0,0.0056,40.0,49211.0,444.0
2021-01-05 09:41:33.171,0.0056,0.0057,64.0,0.0056,40.0,49211.0,444.0
2021-01-05 09:41:33.680,0.0056,0.0057,64.0,0.0056,40.0,49211.0,444.0
2021-01-05 09:41:34.720,0.0056,0.0057,64.0,0.0056,40.0,49211.0,444.0
2021-01-05 09:41:35.221,0.0056,0.0057,64.0,0.0056,40.0,49211.0,444.0
2021-01-05 09:41:35.721,0.0056,0.0057,74.0,0.0056,30.0,49171.0,484.0
2021-01-05 09:41:36.111,0.0056,0.0057,74.0,0.0056,30.0,49171.0,484.0
2021-01-05 09:41:36.620,0.0056,0.0057,84.0,0.0056,30.0,49171.0,484.0
2021-01-05 09:41:37.210,0.0056,0.0057,84.0,0.0056,42.0,49171.0,484.0
2021-01-05 09:41:37.711,0.0056,0.0057,84.0,0.0056,30.0,49171.0,484.0
2021-01-05 09:41:38.220,0.0056,0.0057,84.0,0.0056,30.0,49171.0,484.0
2021-01-05 09:41:41.730,0.0056,0.0057,84.0,0.0056,30.0,49171.0,484.0
2021-01-05 09:41:42.700,0.0056,0.0057,84.0,0.0056,30.0,49171.0,484.0
2021-01-05 09:41:43.080,0.0056,0.0057,74.0,0.0056,30.0,49171.0,484.0
2021-01-05 09:41:43.720,0.0056,0.0057,74.0,0.0056,30.0,49171.0,484.0
2021-01-05 09:41:45.190,0.0056,0.0057,74.0,0.0056,30.0,49171.0,484.0
2021-01-05 09:41:45.701,0.0056,0.0057,84.0,0.0056,30.0,49171.0,484.0
2021-01-05 09:41:46.241,0.0056,0.0057,84.0,0.0056,30.0,49171.0,484.0
2021-01-05 09:41:46.661,0.0056,0.0057,84.0,0.0056,42.0,49171.0,484.0
2021-01-05 09:41:47.201,0.0056,0.0057,84.0,0.0056,30.0,49171.0,484.0
2021-01-05 09:41:47.741,0.0056,0.0057,84.0,0.0056,30.0,49171.0,484.0
2021-01-05 09:41:48.740,0.0056,0.0057,84.0,0.0056,30.0,49171.0,484.0
2021-01-05 09:41:48.740,0.0056,0.0057,84.0,0.0056,42.0,49171.0,484.0
2021-01-05 09:41:49.750,0.0056,0.0057,84.0,0.0056,42.0,49171.0,484.0
2021-01-05 09:41:50.751,0.0056,0.0057,84.0,0.0056,30.0,49171.0,484.0
2021-01-05 09:41:53.681,0.0056,0.0057,84.0,0.0056,30.0,49171.0,484.0
2021-01-05 09:41:54.161,0.0056,0.0057,84.0,0.0056,30.0,49171.0,484.0
2021-01-05 09:41:57.110,0.0056,0.0057,84.0,0.0056,30.0,49171.0,484.0
2021-01-05 09:41:57.640,0.0056,0.0057,84.0,0.0056,30.0,49171.0,484.0
2021-01-05 09:42:00.701,0.0056,0.0057,84.0,0.0056,30.0,49171.0,484.0
2021-01-05 09:42:07.230,0.0056,0.0057,84.0,0.0056,30.0,49171.0,484.0
2021-01-05 09:42:10.220,0.0056,0.0057,84.0,0.0055,67.0,49141.0,514.0
2021-01-05 09:42:10.681,0.0056,0.0057,114.0,0.0055,97.0,49141.0,514.0
2021-01-05 09:42:13.211,0.0056,0.0057,114.0,0.0055,97.0,49141.0,514.0
2021-01-05 09:42:43.251,0.0056,0.0057,114.0,0.0055,85.0,49141.0,514.0
2021-01-05 09:42:43.741,0.0056,0.0057,114.0,0.0055,97.0,49141.0,514.0
2021-01-05 09:42:44.211,0.0056,0.0057,114.0,0.0055,85.0,49141.0,514.0
2021-01-05 09:42:44.751,0.0056,0.0057,114.0,0.0055,85.0,49141.0,514.0
2021-01-05 09:42:45.191,0.0056,0.0057,114.0,0.0055,97.0,49141.0,514.0
2021-01-05 09:42:48.720,0.0056,0.0057,114.0,0.0055,97.0,49141.0,514.0
2021-01-05 09:42:49.750,0.0056,0.0057,114.0,0.0055,97.0,49141.0,514.0
2021-01-05 09:42:52.251,0.0056,0.0057,114.0,0.0055,97.0,49141.0,514.0
2021-01-05 09:42:52.601,0.0056,0.0057,114.0,0.0055,97.0,49141.0,514.0
2021-01-05 09:42:59.230,0.0056,0.0057,114.0,0.0055,97.0,49141.0,514.0
2021-01-05 09:43:00.200,0.0056,0.0057,114.0,0.0055,97.0,49141.0,514.0
2021-01-05 09:43:05.251,0.0056,0.0057,114.0,0.0055,97.0,49141.0,514.0
2021-01-05 09:43:05.750,0.0056,0.0057,114.0,0.0055,97.0,49141.0,514.0
2021-01-05 09:43:06.171,0.0056,0.0057,114.0,0.0055,97.0,49141.0,514.0
2021-01-05 09:43:06.751,0.0056,0.0057,114.0,0.0055,97.0,49141.0,514.0
2021-01-05 09:43:10.150,0.0056,0.0057,114.0,0.0055,97.0,49141.0,514.0
2021-01-05 09:43:13.740,0.0056,0.0057,114.0,0.0055,97.0,49141.0,514.0
2021-01-05 09:43:14.270,0.0056,0.0057,114.0,0.0055,111.0,49141.0,514.0
2021-01-05 09:43:18.270,0.0056,0.0057,114.0,0.0056,12.0,49141.0,514.0
2021-01-05 09:43:18.741,0.0056,0.0057,84.0,0.0056,42.0,49141.0,514.0
2021-01-05 09:43:19.261,0.0056,0.0057,84.0,0.0056,30.0,49141.0,514.0
2021-01-05 09:43:20.731,0.0056,0.0057,84.0,0.0056,30.0,49141.0,514.0
2021-01-05 09:43:21.271,0.0056,0.0057,84.0,0.0056,30.0,49141.0,514.0
2021-01-05 09:43:23.201,0.0056,0.0057,84.0,0.0056,30.0,49141.0,514.0
2021-01-05 09:43:23.651,0.0056,0.0057,84.0,0.0056,30.0,49141.0,514.0
2021-01-05 09:43:24.120,0.0056,0.0057,84.0,0.0056,30.0,49141.0,514.0
2021-01-05 09:43:24.661,0.0056,0.0057,84.0,0.0056,30.0,49141.0,514.0
2021-01-05 09:43:25.701,0.0056,0.0057,84.0,0.0056,30.0,49141.0,514.0
2021-01-05 09:43:27.620,0.0056,0.0057,84.0,0.0056,30.0,49141.0,514.0
2021-01-05 09:43:34.230,0.0056,0.0057,84.0,0.0056,30.0,49111.0,544.0
2021-01-05 09:43:38.680,0.0056,0.0057,84.0,0.0056,42.0,49111.0,544.0
2021-01-05 09:43:39.241,0.0056,0.0057,84.0,0.0056,30.0,49111.0,544.0
2021-01-05 09:43:39.700,0.0056,0.0057,84.0,0.0056,42.0,49111.0,544.0
2021-01-05 09:43:41.730,0.0056,0.0057,84.0,0.0056,30.0,49111.0,544.0
2021-01-05 09:43:44.251,0.0056,0.0057,84.0,0.0056,30.0,49111.0,544.0
2021-01-05 09:43:44.670,0.0056,0.0057,84.0,0.0056,30.0,49111.0,544.0
2021-01-05 09:43:54.980,0.0056,0.0057,84.0,0.0056,30.0,49111.0,544.0
2021-01-05 09:44:00.131,0.0056,0.0057,84.0,0.0055,67.0,49081.0,574.0
2021-01-05 09:44:00.561,0.0056,0.0057,114.0,0.0055,97.0,49081.0,574.0
2021-01-05 09:44:03.750,0.0056,0.0057,114.0,0.0055,97.0,49081.0,574.0
2021-01-05 09:44:04.230,0.0056,0.0057,114.0,0.0055,117.0,49081.0,574.0
2021-01-05 09:44:04.751,0.0056,0.0057,114.0,0.0055,117.0,49081.0,574.0
2021-01-05 09:44:05.260,0.0056,0.0057,114.0,0.0055,117.0,49081.0,574.0
2021-01-05 09:44:05.681,0.0056,0.0057,114.0,0.0055,117.0,49081.0,574.0
2021-01-05 09:44:05.761,0.0056,0.0057,114.0,0.0055,117.0,49081.0,574.0
2021-01-05 09:44:06.770,0.0056,0.0057,114.0,0.0055,117.0,49081.0,574.0
2021-01-05 09:44:07.281,0.0056,0.0057,114.0,0.0055,117.0,49081.0,574.0
2021-01-05 09:44:07.750,0.0056,0.0057,114.0,0.0055,117.0,49081.0,574.0
2021-01-05 09:44:08.230,0.0056,0.0057,114.0,0.0055,117.0,49081.0,574.0
2021-01-05 09:44:08.760,0.0056,0.0057,114.0,0.0055,117.0,49081.0,574.0
2021-01-05 09:44:09.150,0.0056,0.0057,114.0,0.0055,117.0,49081.0,574.0
2021-01-05 09:44:10.781,0.0056,0.0057,114.0,0.0055,117.0,49081.0,574.0
2021-01-05 09:44:11.271,0.0056,0.0057,114.0,0.0055,97.0,49081.0,574.0
2021-01-05 09:44:11.780,0.0056,0.0057,104.0,0.0055,97.0,49081.0,574.0
2021-01-05 09:44:12.270,0.0056,0.0057,104.0,0.0055,97.0,49081.0,574.0
2021-01-05 09:44:12.781,0.0056,0.0057,104.0,0.0055,97.0,49081.0,574.0
2021-01-05 09:44:13.230,0.0056,0.0057,104.0,0.0055,97.0,49081.0,574.0
2021-01-05 09:44:33.730,0.0056,0.0057,104.0,0.0055,117.0,49081.0,574.0
2021-01-05 09:44:34.520,0.0056,0.0057,104.0,0.0055,117.0,49081.0,574.0
2021-01-05 09:44:35.740,0.0056,0.0057,104.0,0.0055,117.0,49081.0,574.0
2021-01-05 09:44:36.220,0.0056,0.0057,104.0,0.0055,105.0,49081.0,574.0
2021-01-05 09:44:36.741,0.0056,0.0057,104.0,0.0056,12.0,49081.0,574.0
2021-01-05 09:44:37.240,0.0056,0.0057,74.0,0.0056,30.0,49081.0,574.0
2021-01-05 09:44:37.751,0.0056,0.0057,74.0,0.0056,42.0,49081.0,574.0
2021-01-05 09:44:38.700,0.0056,0.0057,74.0,0.0056,30.0,49081.0,574.0
2021-01-05 09:44:39.661,0.0056,0.0057,74.0,0.0056,30.0,49081.0,574.0
2021-01-05 09:44:43.760,0.0056,0.0057,74.0,0.0056,30.0,49081.0,574.0
2021-01-05 09:44:44.260,0.0056,0.0057,74.0,0.0056,42.0,49081.0,574.0
2021-01-05 09:44:44.761,0.0056,0.0057,74.0,0.0056,30.0,49081.0,574.0
2021-01-05 09:44:45.261,0.0056,0.0057,74.0,0.0056,30.0,49081.0,574.0
2021-01-05 09:44:45.760,0.0056,0.0057,74.0,0.0056,42.0,49081.0,574.0
2021-01-05 09:44:46.271,0.0056,0.0057,74.0,0.0056,30.0,49081.0,574.0
2021-01-05 09:44:46.771,0.0056,0.0057,74.0,0.0056,42.0,49081.0,574.0
2021-01-05 09:44:47.251,0.0056,0.0057,74.0,0.0056,30.0,49081.0,574.0
2021-01-05 09:44:53.710,0.0056,0.0057,74.0,0.0056,30.0,49081.0,574.0
2021-01-05 09:44:54.201,0.0056,0.0057,74.0,0.0056,30.0,49081.0,574.0
2021-01-05 09:44:56.220,0.0056,0.0057,74.0,0.0056,30.0,49081.0,574.0
2021-01-05 09:44:56.720,0.0056,0.0057,74.0,0.0056,30.0,49081.0,574.0
2021-01-05 09:44:58.120,0.0056,0.0057,74.0,0.0056,30.0,49081.0,574.0
2021-01-05 09:44:58.720,0.0056,0.0057,74.0,0.0056,30.0,49081.0,574.0
2021-01-05 09:45:01.680,0.0056,0.0057,74.0,0.0056,50.0,49081.0,574.0
2021-01-05 09:45:02.061,0.0056,0.0057,74.0,0.0056,20.0,49081.0,604.0
2021-01-05 09:45:02.621,0.0056,0.0057,74.0,0.0056,50.0,49081.0,604.0
2021-01-05 09:45:04.191,0.0056,0.0057,74.0,0.0056,62.0,49081.0,604.0
2021-01-05 09:45:04.700,0.0056,0.0057,74.0,0.0056,50.0,49081.0,604.0
2021-01-05 09:45:05.221,0.0056,0.0057,74.0,0.0056,62.0,49081.0,604.0
2021-01-05 09:45:05.720,0.0056,0.0057,74.0,0.0056,50.0,49081.0,604.0
2021-01-05 09:45:06.220,0.0056,0.0057,74.0,0.0056,30.0,49081.0,604.0
2021-01-05 09:45:06.721,0.0056,0.0057,74.0,0.0056,30.0,49081.0,604.0
2021-01-05 09:45:07.130,0.0056,0.0057,74.0,0.0056,42.0,49081.0,604.0
2021-01-05 09:45:08.181,0.0056,0.0057,74.0,0.0056,42.0,49081.0,604.0
2021-01-05 09:45:08.700,0.0056,0.0057,74.0,0.0056,42.0,49081.0,604.0
2021-01-05 09:45:09.190,0.0056,0.0057,74.0,0.0056,30.0,49081.0,604.0
2021-01-05 09:45:10.200,0.0056,0.0057,74.0,0.0056,42.0,49081.0,604.0
2021-01-05 09:45:10.700,0.0056,0.0057,74.0,0.0056,42.0,49081.0,604.0
2021-01-05 09:45:16.741,0.0056,0.0057,74.0,0.0056,30.0,49081.0,604.0
2021-01-05 09:45:17.220,0.0056,0.0057,74.0,0.0056,42.0,49081.0,604.0
2021-01-05 09:45:17.731,0.0056,0.0057,74.0,0.0056,30.0,49081.0,604.0
2021-01-05 09:45:18.691,0.0056,0.0057,74.0,0.0056,30.0,49081.0,604.0
2021-01-05 09:45:19.191,0.0056,0.0057,74.0,0.0056,30.0,49081.0,604.0
2021-01-05 09:45:19.731,0.0056,0.0057,74.0,0.0056,42.0,49081.0,604.0
2021-01-05 09:45:21.191,0.0056,0.0057,74.0,0.0056,30.0,49081.0,604.0
2021-01-05 09:45:22.710,0.0056,0.0057,74.0,0.0056,30.0,49081.0,604.0
2021-01-05 09:45:23.160,0.0056,0.0057,74.0,0.0056,30.0,49081.0,604.0
2021-01-05 09:45:23.671,0.0056,0.0057,74.0,0.0056,30.0,49081.0,604.0
2021-01-05 09:45:24.201,0.0056,0.0057,74.0,0.0056,30.0,49081.0,604.0
2021-01-05 09:45:24.701,0.0056,0.0057,74.0,0.0056,42.0,49081.0,604.0
2021-01-05 09:45:25.690,0.0056,0.0057,74.0,0.0056,30.0,49069.0,646.0
2021-01-05 09:45:26.220,0.0056,0.0057,74.0,0.0056,30.0,49069.0,646.0
2021-01-05 09:45:29.140,0.0056,0.0057,74.0,0.0056,30.0,49069.0,646.0
2021-01-05 09:45:29.701,0.0056,0.0057,74.0,0.0056,30.0,49069.0,646.0
2021-01-05 09:45:33.180,0.0056,0.0057,74.0,0.0056,30.0,49069.0,646.0
2021-01-05 09:45:33.670,0.0056,0.0057,74.0,0.0056,30.0,49069.0,646.0
2021-01-05 09:45:38.711,0.0056,0.0057,74.0,0.0056,42.0,49069.0,646.0
2021-01-05 09:45:39.710,0.0056,0.0057,74.0,0.0056,30.0,49069.0,646.0
2021-01-05 09:45:40.730,0.0056,0.0057,74.0,0.0056,42.0,49069.0,646.0
2021-01-05 09:45:41.220,0.0056,0.0057,74.0,0.0056,30.0,49069.0,646.0
2021-01-05 09:45:41.660,0.0056,0.0057,74.0,0.0056,42.0,49069.0,646.0
2021-01-05 09:45:42.240,0.0056,0.0057,74.0,0.0056,30.0,49069.0,646.0
2021-01-05 09:45:43.220,0.0056,0.0057,74.0,0.0056,42.0,49069.0,646.0
2021-01-05 09:45:43.731,0.0056,0.0057,74.0,0.0056,30.0,49069.0,646.0
2021-01-05 09:45:44.201,0.0056,0.0057,74.0,0.0056,42.0,49069.0,646.0
2021-01-05 09:45:44.691,0.0056,0.0057,74.0,0.0056,30.0,49069.0,646.0
2021-01-05 09:45:45.220,0.0056,0.0057,74.0,0.0056,30.0,49069.0,646.0
2021-01-05 09:45:45.681,0.0056,0.0057,74.0,0.0056,30.0,49069.0,646.0
2021-01-05 09:45:46.230,0.0056,0.0057,74.0,0.0056,30.0,49069.0,646.0
2021-01-05 09:45:46.680,0.0056,0.0057,74.0,0.0056,30.0,49069.0,646.0
2021-01-05 09:45:47.241,0.0056,0.0057,74.0,0.0056,30.0,49069.0,646.0
2021-01-05 09:45:48.201,0.0056,0.0057,74.0,0.0056,30.0,49069.0,646.0
2021-01-05 09:45:48.741,0.0056,0.0057,74.0,0.0056,30.0,49069.0,646.0
2021-01-05 09:45:49.221,0.0056,0.0057,74.0,0.0056,30.0,49069.0,646.0
2021-01-05 09:45:50.750,0.0056,0.0057,74.0,0.0056,30.0,49069.0,646.0
2021-01-05 09:45:51.250,0.0056,0.0057,74.0,0.0056,30.0,49069.0,676.0
2021-01-05 09:45:52.641,0.0056,0.0057,74.0,0.0056,30.0,49069.0,676.0
2021-01-05 09:45:54.191,0.0056,0.0057,74.0,0.0056,30.0,49069.0,676.0
2021-01-05 09:45:54.710,0.0056,0.0057,74.0,0.0056,30.0,49069.0,676.0
2021-01-05 09:45:56.120,0.0056,0.0057,74.0,0.0056,30.0,49069.0,676.0
2021-01-05 09:45:57.201,0.0056,0.0057,74.0,0.0056,30.0,49069.0,676.0
2021-01-05 09:45:57.651,0.0056,0.0057,74.0,0.0056,30.0,49069.0,676.0
2021-01-05 09:45:58.711,0.0056,0.0057,74.0,0.0056,30.0,49069.0,676.0
2021-01-05 09:45:59.230,0.0056,0.0057,74.0,0.0056,30.0,49069.0,676.0
2021-01-05 09:46:00.210,0.0056,0.0057,74.0,0.0056,30.0,49069.0,676.0
2021-01-05 09:46:00.730,0.0056,0.0057,74.0,0.0056,30.0,49069.0,676.0
2021-01-05 09:46:01.230,0.0056,0.0057,74.0,0.0056,30.0,49069.0,676.0
2021-01-05 09:46:02.711,0.0056,0.0057,74.0,0.0056,30.0,49069.0,676.0
2021-01-05 09:46:03.120,0.0056,0.0057,74.0,0.0056,30.0,49069.0,676.0
2021-01-05 09:46:04.171,0.0056,0.0057,74.0,0.0056,30.0,49069.0,676.0
2021-01-05 09:46:05.691,0.0056,0.0057,104.0,0.0056,30.0,49069.0,676.0
2021-01-05 09:46:06.690,0.0056,0.0057,74.0,0.0056,30.0,49069.0,676.0
2021-01-05 09:46:07.741,0.0056,0.0057,74.0,0.0056,30.0,49069.0,676.0
2021-01-05 09:46:08.121,0.0056,0.0057,84.0,0.0056,30.0,49069.0,676.0
2021-01-05 09:46:10.230,0.0056,0.0057,84.0,0.0055,55.0,49069.0,706.0
2021-01-05 09:46:10.720,0.0056,0.0057,114.0,0.0055,85.0,49069.0,706.0
2021-01-05 09:46:11.181,0.0056,0.0057,114.0,0.0055,85.0,49069.0,706.0
2021-01-05 09:46:11.721,0.0056,0.0057,114.0,0.0055,85.0,49069.0,706.0
2021-01-05 09:46:18.731,0.0056,0.0057,114.0,0.0055,85.0,49069.0,706.0
2021-01-05 09:46:19.171,0.0056,0.0057,114.0,0.0055,85.0,49069.0,706.0
2021-01-05 09:46:19.661,0.0056,0.0057,114.0,0.0055,85.0,49069.0,706.0
2021-01-05 09:46:20.210,0.0056,0.0057,114.0,0.0055,85.0,49069.0,706.0
2021-01-05 09:46:20.691,0.0056,0.0057,114.0,0.0055,85.0,49069.0,706.0
2021-01-05 09:46:21.240,0.0056,0.0057,100.0,0.0055,85.0,49069.0,706.0
2021-01-05 09:46:21.611,0.0056,0.0056,14.0,0.0055,85.0,49069.0,706.0
2021-01-05 09:46:22.220,0.0056,0.0056,14.0,0.0055,85.0,49069.0,706.0
2021-01-05 09:46:22.690,0.0056,0.0056,14.0,0.0055,85.0,49069.0,706.0
2021-01-05 09:46:23.201,0.0056,0.0056,14.0,0.0055,85.0,49069.0,706.0
2021-01-05 09:46:25.211,0.0056,0.0056,14.0,0.0055,85.0,49069.0,706.0
2021-01-05 09:46:25.651,0.0056,0.0056,14.0,0.0055,85.0,49069.0,706.0
2021-01-05 09:46:26.191,0.0056,0.0056,14.0,0.0055,97.0,49069.0,706.0
2021-01-05 09:46:26.711,0.0056,0.0056,14.0,0.0055,85.0,49069.0,706.0
2021-01-05 09:46:27.201,0.0056,0.0056,14.0,0.0055,85.0,49069.0,706.0
2021-01-05 09:46:27.720,0.0056,0.0056,14.0,0.0055,85.0,49069.0,706.0
2021-01-05 09:46:28.200,0.0056,0.0056,14.0,0.0055,85.0,49069.0,706.0
2021-01-05 09:46:28.650,0.0056,0.0056,14.0,0.0055,85.0,49069.0,706.0
2021-01-05 09:46:29.710,0.0056,0.0056,14.0,0.0055,97.0,49069.0,706.0
2021-01-05 09:46:29.750,0.0056,0.0056,14.0,0.0055,85.0,49069.0,706.0
2021-01-05 09:46:33.210,0.0056,0.0056,14.0,0.0055,85.0,49069.0,706.0
2021-01-05 09:46:33.331,0.0056,0.0057,100.0,0.0055,97.0,49069.0,706.0
2021-01-05 09:46:34.140,0.0056,0.0057,114.0,0.0055,97.0,49069.0,706.0
2021-01-05 09:46:34.691,0.0056,0.0057,114.0,0.0055,85.0,49069.0,706.0
2021-01-05 09:46:35.231,0.0056,0.0057,114.0,0.0055,85.0,49069.0,706.0
2021-01-05 09:46:35.721,0.0056,0.0057,114.0,0.0055,97.0,49069.0,706.0
2021-01-05 09:46:36.221,0.0056,0.0057,114.0,0.0055,97.0,49069.0,706.0
2021-01-05 09:46:36.730,0.0056,0.0057,114.0,0.0055,97.0,49069.0,706.0
2021-01-05 09:46:37.241,0.0056,0.0057,114.0,0.0055,97.0,49069.0,706.0
2021-01-05 09:46:37.750,0.0056,0.0057,114.0,0.0055,97.0,49069.0,706.0
2021-01-05 09:46:38.201,0.0056,0.0057,114.0,0.0055,97.0,49069.0,706.0
2021-01-05 09:46:38.741,0.0056,0.0057,114.0,0.0055,97.0,49069.0,706.0
2021-01-05 09:46:39.730,0.0056,0.0057,114.0,0.0055,85.0,49069.0,706.0
2021-01-05 09:46:40.120,0.0056,0.0057,114.0,0.0055,97.0,49069.0,706.0
2021-01-05 09:46:40.670,0.0056,0.0057,114.0,0.0055,97.0,49069.0,706.0
2021-01-05 09:46:50.170,0.0056,0.0057,114.0,0.0055,97.0,49069.0,706.0
2021-01-05 09:46:51.261,0.0056,0.0057,114.0,0.0055,97.0,49069.0,706.0
2021-01-05 09:46:57.641,0.0056,0.0057,114.0,0.0055,97.0,49069.0,706.0
2021-01-05 09:46:59.191,0.0056,0.0057,114.0,0.0055,85.0,49069.0,706.0
2021-01-05 09:47:02.230,0.0056,0.0057,104.0,0.0055,85.0,49069.0,706.0
2021-01-05 09:47:02.741,0.0056,0.0057,104.0,0.0055,85.0,49069.0,706.0
2021-01-05 09:47:03.220,0.0056,0.0057,104.0,0.0055,85.0,49069.0,706.0
2021-01-05 09:47:03.220,0.0056,0.0057,104.0,0.0055,97.0,49069.0,706.0
2021-01-05 09:47:07.221,0.0056,0.0057,104.0,0.0055,97.0,49069.0,706.0
2021-01-05 09:47:07.740,0.0056,0.0057,104.0,0.0055,111.0,49069.0,706.0
2021-01-05 09:47:08.700,0.0056,0.0057,104.0,0.0056,12.0,49069.0,706.0
2021-01-05 09:47:09.221,0.0056,0.0057,104.0,0.0056,42.0,49069.0,706.0
2021-01-05 09:47:09.751,0.0056,0.0057,104.0,0.0056,30.0,49069.0,706.0
2021-01-05 09:47:10.260,0.0056,0.0057,104.0,0.0056,30.0,49069.0,706.0
2021-01-05 09:47:10.721,0.0056,0.0057,104.0,0.0056,30.0,49069.0,706.0
2021-01-05 09:47:12.731,0.0056,0.0057,104.0,0.0056,30.0,49069.0,706.0
2021-01-05 09:47:13.751,0.0056,0.0057,104.0,0.0056,30.0,49069.0,706.0
2021-01-05 09:47:14.220,0.0056,0.0057,104.0,0.0056,42.0,49069.0,706.0
2021-01-05 09:47:15.071,0.0056,0.0057,74.0,0.0056,30.0,49069.0,706.0
2021-01-05 09:47:16.731,0.0056,0.0057,104.0,0.0056,30.0,49069.0,706.0
2021-01-05 09:47:17.251,0.0056,0.0057,74.0,0.0056,30.0,49069.0,706.0
2021-01-05 09:47:17.760,0.0056,0.0057,104.0,0.0056,30.0,49069.0,706.0
2021-01-05 09:47:18.221,0.0056,0.0057,104.0,0.0056,30.0,49069.0,706.0
2021-01-05 09:47:18.621,0.0056,0.0057,104.0,0.0056,42.0,49069.0,706.0
2021-01-05 09:47:19.111,0.0056,0.0057,74.0,0.0056,30.0,49069.0,706.0
2021-01-05 09:47:19.731,0.0056,0.0057,74.0,0.0056,42.0,49069.0,706.0
2021-01-05 09:47:20.160,0.0056,0.0057,74.0,0.0056,42.0,49069.0,706.0
2021-01-05 09:47:21.260,0.0056,0.0057,74.0,0.0056,30.0,49069.0,706.0
2021-01-05 09:47:23.151,0.0056,0.0057,60.0,0.0056,30.0,49069.0,706.0
2021-01-05 09:47:25.241,0.0056,0.0057,90.0,0.0056,30.0,49069.0,706.0
2021-01-05 09:47:25.710,0.0056,0.0057,104.0,0.0056,30.0,49069.0,706.0
2021-01-05 09:47:26.180,0.0056,0.0057,74.0,0.0056,30.0,49069.0,706.0
2021-01-05 09:47:26.680,0.0056,0.0057,104.0,0.0056,30.0,49069.0,706.0
2021-01-05 09:47:27.721,0.0056,0.0057,90.0,0.0056,30.0,49069.0,706.0
2021-01-05 09:47:33.651,0.0056,0.0057,90.0,0.0056,42.0,49069.0,706.0
2021-01-05 09:47:34.231,0.0056,0.0057,104.0,0.0056,42.0,49069.0,706.0
2021-01-05 09:47:34.750,0.0056,0.0057,74.0,0.0056,30.0,49069.0,706.0
2021-01-05 09:47:35.740,0.0056,0.0057,60.0,0.0056,42.0,49069.0,706.0
2021-01-05 09:47:36.241,0.0056,0.0057,60.0,0.0056,30.0,49069.0,736.0
2021-01-05 09:47:36.721,0.0056,0.0057,90.0,0.0056,30.0,49069.0,736.0
2021-01-05 09:47:37.251,0.0056,0.0057,60.0,0.0055,111.0,49069.0,736.0
2021-01-05 09:47:37.761,0.0056,0.0057,90.0,0.0056,12.0,49069.0,736.0
2021-01-05 09:47:38.260,0.0056,0.0057,60.0,0.0056,42.0,49069.0,736.0
2021-01-05 09:47:39.751,0.0056,0.0057,60.0,0.0056,30.0,49069.0,736.0
2021-01-05 09:47:40.260,0.0056,0.0057,90.0,0.0056,42.0,49069.0,736.0
2021-01-05 09:47:40.260,0.0056,0.0057,60.0,0.0056,42.0,49069.0,736.0
2021-01-05 09:47:42.250,0.0056,0.0057,60.0,0.0056,12.0,49069.0,736.0
2021-01-05 09:47:42.761,0.0056,0.0057,60.0,0.0056,42.0,49069.0,736.0
2021-01-05 09:47:44.761,0.0056,0.0057,90.0,0.0056,42.0,49069.0,736.0
2021-01-05 09:47:45.251,0.0056,0.0057,60.0,0.0056,42.0,49069.0,736.0
2021-01-05 09:47:45.760,0.0056,0.0057,60.0,0.0056,30.0,49069.0,736.0
2021-01-05 09:47:46.761,0.0056,0.0057,60.0,0.0056,30.0,49069.0,736.0
2021-01-05 09:47:47.270,0.0056,0.0057,90.0,0.0056,42.0,49069.0,736.0
2021-01-05 09:47:47.741,0.0056,0.0057,90.0,0.0056,30.0,49069.0,736.0
2021-01-05 09:47:49.771,0.0056,0.0057,60.0,0.0056,30.0,49069.0,736.0
2021-01-05 09:47:50.271,0.0056,0.0057,90.0,0.0056,30.0,49069.0,736.0
2021-01-05 09:47:50.751,0.0056,0.0057,60.0,0.0056,30.0,49069.0,736.0
2021-01-05 09:47:53.231,0.0056,0.0057,60.0,0.0056,30.0,49069.0,736.0
2021-01-05 09:47:54.230,0.0056,0.0057,60.0,0.0056,30.0,49069.0,736.0
2021-01-05 09:47:54.741,0.0056,0.0057,60.0,0.0056,30.0,49069.0,736.0
2021-01-05 09:47:55.241,0.0056,0.0057,60.0,0.0056,30.0,49069.0,736.0
2021-01-05 09:47:55.740,0.0056,0.0057,74.0,0.0056,30.0,49069.0,736.0
2021-01-05 09:47:56.251,0.0056,0.0057,74.0,0.0056,30.0,49069.0,736.0
2021-01-05 09:47:56.751,0.0056,0.0057,74.0,0.0056,30.0,49069.0,736.0
2021-01-05 09:47:57.250,0.0056,0.0057,60.0,0.0056,30.0,49069.0,736.0
2021-01-05 09:47:57.750,0.0056,0.0057,60.0,0.0056,30.0,49069.0,736.0
2021-01-05 09:47:58.261,0.0056,0.0057,60.0,0.0056,30.0,49069.0,736.0
2021-01-05 09:47:58.781,0.0056,0.0057,60.0,0.0056,30.0,49069.0,736.0
2021-01-05 09:48:01.791,0.0056,0.0057,60.0,0.0055,79.0,49069.0,736.0
2021-01-05 09:48:02.260,0.0056,0.0057,90.0,0.0055,109.0,49069.0,736.0
2021-01-05 09:48:04.250,0.0056,0.0057,90.0,0.0055,121.0,49069.0,736.0
2021-01-05 09:48:04.790,0.0056,0.0057,90.0,0.0055,121.0,49069.0,736.0
2021-01-05 09:48:05.290,0.0056,0.0057,90.0,0.0055,109.0,49069.0,736.0
2021-01-05 09:48:05.741,0.0056,0.0057,90.0,0.0055,121.0,49069.0,736.0
2021-01-05 09:48:07.760,0.0056,0.0057,60.0,0.0055,79.0,49069.0,736.0
2021-01-05 09:48:08.250,0.0056,0.0057,90.0,0.0055,121.0,49069.0,736.0
2021-01-05 09:48:09.291,0.0056,0.0057,60.0,0.0055,79.0,49069.0,736.0
2021-01-05 09:48:09.751,0.0056,0.0057,60.0,0.0055,91.0,49069.0,736.0
2021-01-05 09:48:10.171,0.0056,0.0057,90.0,0.0055,121.0,49069.0,736.0
2021-01-05 09:48:10.801,0.0056,0.0057,60.0,0.0055,91.0,49069.0,736.0
2021-01-05 09:48:11.791,0.0056,0.0057,90.0,0.0055,121.0,49069.0,736.0
2021-01-05 09:48:12.751,0.0056,0.0057,90.0,0.0055,141.0,49069.0,736.0
2021-01-05 09:48:13.281,0.0056,0.0057,90.0,0.0055,141.0,49069.0,736.0
2021-01-05 09:48:13.760,0.0056,0.0057,90.0,0.0055,141.0,49069.0,736.0
2021-01-05 09:48:15.831,0.0056,0.0057,90.0,0.0055,121.0,49069.0,736.0
2021-01-05 09:48:16.321,0.0056,0.0057,90.0,0.0055,109.0,49069.0,736.0
2021-01-05 09:48:16.801,0.0056,0.0057,90.0,0.0056,12.0,49069.0,736.0
2021-01-05 09:48:17.300,0.0056,0.0057,60.0,0.0056,42.0,49069.0,736.0
2021-01-05 09:48:17.811,0.0056,0.0057,60.0,0.0056,30.0,49069.0,736.0
2021-01-05 09:48:18.330,0.0056,0.0057,60.0,0.0056,30.0,49069.0,736.0
2021-01-05 09:48:19.331,0.0056,0.0057,60.0,0.0056,30.0,49069.0,736.0
2021-01-05 09:48:19.800,0.0056,0.0057,60.0,0.0056,30.0,49069.0,736.0
2021-01-05 09:48:22.301,0.0056,0.0057,60.0,0.0056,30.0,49069.0,736.0
2021-01-05 09:48:22.731,0.0056,0.0057,60.0,0.0056,30.0,49069.0,736.0
2021-01-05 09:48:23.021,0.0056,0.0057,90.0,0.0056,30.0,49069.0,736.0
2021-01-05 09:48:23.730,0.0056,0.0057,60.0,0.0056,30.0,49069.0,736.0
2021-01-05 09:48:23.730,0.0056,0.0057,90.0,0.0056,30.0,49069.0,736.0
2021-01-05 09:48:25.730,0.0056,0.0057,60.0,0.0056,30.0,49069.0,736.0
2021-01-05 09:48:26.101,0.0056,0.0057,60.0,0.0056,30.0,49069.0,736.0
2021-01-05 09:48:27.221,0.0056,0.0057,90.0,0.0056,30.0,49069.0,736.0
2021-01-05 09:48:27.701,0.0056,0.0057,60.0,0.0056,30.0,49069.0,736.0
2021-01-05 09:48:28.181,0.0056,0.0057,60.0,0.0056,30.0,49069.0,736.0
2021-01-05 09:48:28.731,0.0056,0.0057,90.0,0.0056,30.0,49069.0,736.0
2021-01-05 09:48:29.121,0.0056,0.0057,90.0,0.0056,30.0,49069.0,736.0
2021-01-05 09:48:29.691,0.0056,0.0057,90.0,0.0056,30.0,49069.0,736.0
2021-01-05 09:48:38.211,0.0056,0.0057,90.0,0.0056,30.0,49069.0,736.0
2021-01-05 09:48:54.091,0.0056,0.0057,90.0,0.0056,30.0,49069.0,736.0
2021-01-05 09:48:54.681,0.0056,0.0057,114.0,0.0056,30.0,49069.0,736.0
2021-01-05 09:48:58.160,0.0056,0.0057,114.0,0.0056,30.0,49069.0,736.0
2021-01-05 09:48:59.161,0.0056,0.0057,114.0,0.0056,30.0,49069.0,736.0
2021-01-05 09:48:59.691,0.0056,0.0057,114.0,0.0056,30.0,49069.0,766.0
2021-01-05 09:49:01.261,0.0056,0.0057,114.0,0.0056,30.0,49069.0,766.0
2021-01-05 09:49:02.790,0.0056,0.0057,114.0,0.0056,30.0,49069.0,766.0
2021-01-05 09:49:03.291,0.0056,0.0057,126.0,0.0056,30.0,49069.0,766.0
2021-01-05 09:49:03.760,0.0056,0.0057,114.0,0.0056,30.0,49069.0,766.0
2021-01-05 09:49:03.791,0.0056,0.0057,126.0,0.0056,30.0,49069.0,766.0
2021-01-05 09:49:04.780,0.0056,0.0057,114.0,0.0056,30.0,49069.0,766.0
2021-01-05 09:49:05.660,0.0056,0.0057,114.0,0.0056,30.0,49069.0,766.0
2021-01-05 09:49:09.821,0.0056,0.0057,74.0,0.0055,69.0,49069.0,766.0
2021-01-05 09:49:09.821,0.0056,0.0057,104.0,0.0055,99.0,49069.0,766.0
2021-01-05 09:49:11.341,0.0056,0.0057,104.0,0.0055,99.0,49069.0,766.0
2021-01-05 09:49:12.270,0.0056,0.0057,104.0,0.0055,99.0,49069.0,766.0
2021-01-05 09:49:12.850,0.0056,0.0057,104.0,0.0055,111.0,49069.0,766.0
2021-01-05 09:49:14.860,0.0056,0.0057,104.0,0.0055,99.0,49069.0,766.0
2021-01-05 09:49:15.340,0.0056,0.0057,104.0,0.0055,99.0,49069.0,766.0
2021-01-05 09:49:20.291,0.0056,0.0057,104.0,0.0055,111.0,49069.0,766.0
2021-01-05 09:49:21.330,0.0056,0.0057,104.0,0.0055,99.0,49069.0,766.0
2021-01-05 09:49:21.831,0.0056,0.0057,104.0,0.0055,99.0,49069.0,766.0
2021-01-05 09:49:22.300,0.0056,0.0057,114.0,0.0055,119.0,49069.0,766.0
2021-01-05 09:49:22.721,0.0056,0.0057,114.0,0.0055,119.0,49069.0,766.0
2021-01-05 09:49:23.201,0.0056,0.0057,114.0,0.0055,131.0,49069.0,766.0
2021-01-05 09:49:23.651,0.0056,0.0057,114.0,0.0055,119.0,49069.0,766.0
2021-01-05 09:49:24.241,0.0056,0.0057,114.0,0.0055,119.0,49069.0,766.0
2021-01-05 09:49:30.140,0.0056,0.0057,114.0,0.0055,105.0,49069.0,766.0
2021-01-05 09:49:37.680,0.0055,0.0057,114.0,0.0055,67.0,49064.0,816.0
2021-01-05 09:49:38.180,0.0055,0.0057,114.0,0.0055,67.0,49064.0,816.0
2021-01-05 09:49:38.760,0.0055,0.0057,114.0,0.0055,67.0,49064.0,816.0
2021-01-05 09:49:40.581,0.0055,0.0057,114.0,0.0055,67.0,49064.0,816.0
2021-01-05 09:49:41.211,0.0055,0.0057,114.0,0.0055,67.0,49064.0,816.0
2021-01-05 09:49:44.220,0.0055,0.0057,114.0,0.0055,67.0,49064.0,816.0
2021-01-05 09:49:44.760,0.0055,0.0057,114.0,0.0055,55.0,49064.0,816.0
2021-01-05 09:49:45.171,0.0055,0.0057,114.0,0.0055,67.0,49064.0,816.0
2021-01-05 09:49:45.741,0.0055,0.0057,114.0,0.0055,67.0,49064.0,816.0
2021-01-05 09:49:45.841,0.0055,0.0057,114.0,0.0055,67.0,49064.0,816.0
2021-01-05 09:49:46.610,0.0055,0.0057,114.0,0.0055,67.0,49064.0,816.0
2021-01-05 09:49:48.260,0.0055,0.0057,114.0,0.0055,67.0,49064.0,816.0
2021-01-05 09:49:48.761,0.0055,0.0057,114.0,0.0055,67.0,49064.0,816.0
2021-01-05 09:49:51.760,0.0055,0.0057,114.0,0.0055,67.0,49064.0,816.0
2021-01-05 09:49:52.260,0.0055,0.0057,114.0,0.0055,67.0,49064.0,816.0
2021-01-05 09:49:52.711,0.0055,0.0057,114.0,0.0055,67.0,49064.0,816.0
2021-01-05 09:49:53.220,0.0055,0.0057,84.0,0.0055,26.0,49049.0,866.0
2021-01-05 09:49:53.700,0.0055,0.0057,114.0,0.0055,56.0,49049.0,866.0
2021-01-05 09:49:54.231,0.0055,0.0057,114.0,0.0055,44.0,49049.0,866.0
2021-01-05 09:49:55.550,0.0055,0.0057,114.0,0.0055,64.0,49049.0,866.0
2021-01-05 09:49:57.141,0.0055,0.0057,104.0,0.0055,64.0,49049.0,866.0
2021-01-05 09:49:57.491,0.0055,0.0057,104.0,0.0055,64.0,49049.0,866.0
2021-01-05 09:50:04.241,0.0055,0.0057,104.0,0.0055,64.0,49049.0,866.0
2021-01-05 09:50:04.710,0.0055,0.0057,104.0,0.0055,64.0,49049.0,866.0
2021-01-05 09:50:05.231,0.0055,0.0057,104.0,0.0055,64.0,49049.0,866.0
2021-01-05 09:50:05.690,0.0055,0.0057,104.0,0.0055,86.0,49049.0,866.0
2021-01-05 09:50:07.740,0.0055,0.0057,104.0,0.0055,76.0,49049.0,866.0
2021-01-05 09:50:08.251,0.0055,0.0057,104.0,0.0055,76.0,49049.0,866.0
2021-01-05 09:50:10.210,0.0055,0.0057,104.0,0.0055,76.0,49049.0,866.0
2021-01-05 09:50:10.641,0.0055,0.0057,104.0,0.0055,86.0,49049.0,866.0
2021-01-05 09:50:11.761,0.0055,0.0057,104.0,0.0055,76.0,49049.0,866.0
2021-01-05 09:50:12.170,0.0055,0.0057,104.0,0.0055,76.0,49049.0,866.0
2021-01-05 09:50:12.650,0.0055,0.0057,104.0,0.0055,76.0,49049.0,866.0
2021-01-05 09:50:14.241,0.0055,0.0057,104.0,0.0055,76.0,49049.0,866.0
2021-01-05 09:50:14.700,0.0055,0.0057,104.0,0.0055,86.0,49049.0,866.0
2021-01-05 09:50:15.211,0.0055,0.0057,104.0,0.0055,86.0,49049.0,866.0
2021-01-05 09:50:18.271,0.0055,0.0057,104.0,0.0055,86.0,49049.0,866.0
2021-01-05 09:50:20.680,0.0055,0.0057,104.0,0.0055,76.0,49049.0,866.0
2021-01-05 09:50:21.251,0.0055,0.0057,104.0,0.0055,76.0,49049.0,866.0
2021-01-05 09:50:21.681,0.0055,0.0057,104.0,0.0055,76.0,49049.0,866.0
2021-01-05 09:50:22.661,0.0055,0.0057,104.0,0.0055,76.0,49049.0,866.0
2021-01-05 09:50:23.220,0.0055,0.0057,104.0,0.0055,76.0,49049.0,866.0
2021-01-05 09:50:23.710,0.0055,0.0057,104.0,0.0055,56.0,49049.0,866.0
2021-01-05 09:50:24.720,0.0055,0.0057,104.0,0.0055,76.0,49049.0,866.0
2021-01-05 09:50:25.740,0.0055,0.0057,104.0,0.0055,64.0,49049.0,866.0
2021-01-05 09:50:26.230,0.0055,0.0057,104.0,0.0055,76.0,49049.0,866.0
2021-01-05 09:50:27.661,0.0055,0.0057,104.0,0.0055,56.0,49049.0,866.0
2021-01-05 09:50:28.251,0.0055,0.0057,104.0,0.0055,76.0,49049.0,866.0
2021-01-05 09:50:30.170,0.0055,0.0057,104.0,0.0055,64.0,49049.0,866.0
2021-01-05 09:50:30.741,0.0055,0.0057,104.0,0.0055,64.0,49049.0,866.0
2021-01-05 09:50:34.241,0.0055,0.0057,104.0,0.0055,76.0,49049.0,866.0
2021-01-05 09:50:34.741,0.0055,0.0057,104.0,0.0055,64.0,49049.0,866.0
2021-01-05 09:50:35.040,0.0055,0.0057,104.0,0.0055,76.0,49049.0,866.0
2021-01-05 09:50:35.711,0.0055,0.0057,104.0,0.0055,64.0,49049.0,866.0
2021-01-05 09:50:36.681,0.0055,0.0057,104.0,0.0055,64.0,49049.0,866.0
2021-01-05 09:50:37.221,0.0055,0.0057,104.0,0.0055,76.0,49049.0,866.0
2021-01-05 09:50:37.701,0.0055,0.0057,104.0,0.0054,62.0,49029.0,916.0
2021-01-05 09:50:38.260,0.0055,0.0057,104.0,0.0054,106.0,49029.0,916.0
2021-01-05 09:50:38.750,0.0055,0.0057,104.0,0.0054,106.0,49029.0,916.0
2021-01-05 09:50:39.591,0.0055,0.0057,104.0,0.0054,106.0,49029.0,916.0
2021-01-05 09:50:40.511,0.0055,0.0057,104.0,0.0055,12.0,49029.0,916.0
2021-01-05 09:50:41.180,0.0055,0.0057,104.0,0.0055,30.0,49029.0,916.0
2021-01-05 09:50:41.731,0.0055,0.0057,104.0,0.0055,50.0,49029.0,916.0
2021-01-05 09:50:42.260,0.0055,0.0057,104.0,0.0055,40.0,49029.0,916.0
2021-01-05 09:50:42.730,0.0055,0.0057,104.0,0.0055,62.0,49029.0,916.0
2021-01-05 09:50:43.111,0.0055,0.0057,104.0,0.0055,62.0,49029.0,916.0
2021-01-05 09:50:43.760,0.0055,0.0057,104.0,0.0055,42.0,49029.0,916.0
2021-01-05 09:50:44.250,0.0055,0.0057,104.0,0.0055,30.0,49029.0,916.0
2021-01-05 09:50:44.751,0.0055,0.0057,104.0,0.0055,52.0,49029.0,916.0
2021-01-05 09:50:45.191,0.0055,0.0057,104.0,0.0055,30.0,49029.0,916.0
2021-01-05 09:50:45.681,0.0055,0.0057,104.0,0.0055,30.0,49029.0,916.0
2021-01-05 09:50:46.250,0.0055,0.0057,104.0,0.0055,40.0,49029.0,916.0
2021-01-05 09:50:46.740,0.0055,0.0057,104.0,0.0055,30.0,49029.0,916.0
2021-01-05 09:50:47.241,0.0055,0.0057,104.0,0.0055,30.0,49029.0,916.0
2021-01-05 09:50:47.700,0.0055,0.0057,104.0,0.0055,40.0,49029.0,916.0
2021-01-05 09:50:48.261,0.0055,0.0057,104.0,0.0055,30.0,49029.0,916.0
2021-01-05 09:50:48.770,0.0055,0.0057,104.0,0.0055,42.0,49029.0,916.0
2021-01-05 09:50:52.730,0.0055,0.0057,104.0,0.0055,62.0,49029.0,916.0
2021-01-05 09:50:54.230,0.0055,0.0057,104.0,0.0055,62.0,49029.0,916.0
2021-01-05 09:50:54.680,0.0055,0.0057,104.0,0.0055,72.0,49029.0,916.0
2021-01-05 09:50:55.221,0.0055,0.0057,104.0,0.0055,72.0,49029.0,916.0
2021-01-05 09:50:58.130,0.0055,0.0057,104.0,0.0055,72.0,49029.0,916.0
2021-01-05 09:50:58.731,0.0055,0.0057,90.0,0.0055,86.0,49029.0,916.0
2021-01-05 09:50:59.090,0.0055,0.0057,90.0,0.0055,86.0,49019.0,956.0
2021-01-05 09:50:59.711,0.0055,0.0057,104.0,0.0055,74.0,49019.0,956.0
2021-01-05 09:51:00.710,0.0055,0.0057,104.0,0.0055,64.0,49019.0,956.0
2021-01-05 09:51:01.190,0.0055,0.0057,104.0,0.0055,64.0,49019.0,956.0
2021-01-05 09:51:01.670,0.0055,0.0057,104.0,0.0055,64.0,49019.0,956.0
2021-01-05 09:51:05.751,0.0055,0.0057,104.0,0.0055,76.0,49019.0,956.0
2021-01-05 09:51:06.260,0.0055,0.0057,104.0,0.0055,76.0,49019.0,956.0
2021-01-05 09:51:06.740,0.0055,0.0057,104.0,0.0055,86.0,49019.0,956.0
2021-01-05 09:51:09.750,0.0055,0.0057,104.0,0.0055,76.0,49019.0,956.0
2021-01-05 09:51:10.260,0.0055,0.0057,104.0,0.0055,76.0,49019.0,956.0
2021-01-05 09:51:13.291,0.0055,0.0057,104.0,0.0055,56.0,49019.0,956.0
2021-01-05 09:51:14.791,0.0055,0.0057,104.0,0.0055,56.0,49019.0,956.0
2021-01-05 09:51:15.250,0.0055,0.0057,114.0,0.0055,44.0,49019.0,956.0
2021-01-05 09:51:15.761,0.0055,0.0057,114.0,0.0055,44.0,49019.0,956.0
2021-01-05 09:51:18.311,0.0055,0.0057,104.0,0.0055,44.0,49019.0,956.0
2021-01-05 09:51:18.791,0.0055,0.0057,104.0,0.0055,44.0,49019.0,956.0
2021-01-05 09:51:19.300,0.0055,0.0057,104.0,0.0055,44.0,49019.0,956.0
2021-01-05 09:51:24.251,0.0055,0.0057,104.0,0.0055,44.0,49019.0,956.0
2021-01-05 09:51:24.760,0.0055,0.0057,104.0,0.0055,44.0,49019.0,956.0
2021-01-05 09:51:25.221,0.0055,0.0057,104.0,0.0055,56.0,49019.0,956.0
2021-01-05 09:51:27.770,0.0055,0.0057,104.0,0.0055,56.0,49019.0,956.0
2021-01-05 09:51:28.250,0.0055,0.0057,104.0,0.0055,56.0,49019.0,956.0
2021-01-05 09:51:29.271,0.0055,0.0057,114.0,0.0055,56.0,49019.0,956.0
2021-01-05 09:51:29.770,0.0055,0.0057,64.0,0.0055,56.0,49019.0,956.0
2021-01-05 09:51:31.270,0.0055,0.0057,64.0,0.0055,44.0,49019.0,956.0
2021-01-05 09:51:31.560,0.0055,0.0057,64.0,0.0055,44.0,49019.0,956.0
2021-01-05 09:51:32.250,0.0055,0.0057,64.0,0.0055,44.0,49019.0,956.0
2021-01-05 09:51:32.780,0.0055,0.0057,64.0,0.0056,10.0,49019.0,956.0
2021-01-05 09:51:33.291,0.0055,0.0057,64.0,0.0056,40.0,49019.0,956.0
2021-01-05 09:51:33.510,0.0055,0.0057,64.0,0.0056,40.0,49019.0,956.0
2021-01-05 09:51:34.091,0.0055,0.0057,64.0,0.0056,40.0,49019.0,956.0
2021-01-05 09:51:36.240,0.0055,0.0057,64.0,0.0056,40.0,49019.0,956.0
2021-01-05 09:51:36.761,0.0055,0.0057,64.0,0.0056,40.0,49019.0,956.0
2021-01-05 09:51:42.271,0.0055,0.0057,64.0,0.0056,40.0,49019.0,956.0
2021-01-05 09:51:42.741,0.0055,0.0057,64.0,0.0056,40.0,49019.0,956.0
2021-01-05 09:51:43.761,0.0055,0.0057,64.0,0.0056,40.0,49019.0,956.0
2021-01-05 09:51:44.280,0.0055,0.0057,64.0,0.0056,50.0,49019.0,956.0
2021-01-05 09:51:44.781,0.0055,0.0057,64.0,0.0056,50.0,49019.0,956.0
2021-01-05 09:51:45.811,0.0055,0.0057,64.0,0.0056,50.0,49019.0,956.0
2021-01-05 09:51:45.811,0.0055,0.0057,64.0,0.0056,50.0,49019.0,956.0
2021-01-05 09:51:47.331,0.0055,0.0057,64.0,0.0056,50.0,49019.0,956.0
2021-01-05 09:51:47.811,0.0055,0.0057,64.0,0.0056,50.0,49019.0,956.0
2021-01-05 09:51:51.301,0.0055,0.0057,64.0,0.0056,50.0,49019.0,956.0
2021-01-05 09:51:51.830,0.0055,0.0057,54.0,0.0056,50.0,49019.0,956.0
2021-01-05 09:51:52.731,0.0055,0.0057,54.0,0.0056,50.0,49019.0,956.0
2021-01-05 09:51:53.221,0.0055,0.0057,54.0,0.0056,50.0,49019.0,956.0
2021-01-05 09:51:54.231,0.0055,0.0057,64.0,0.0056,50.0,49019.0,956.0
2021-01-05 09:51:55.230,0.0055,0.0057,54.0,0.0056,50.0,49019.0,956.0
2021-01-05 09:51:55.751,0.0055,0.0057,54.0,0.0056,50.0,49019.0,956.0
2021-01-05 09:51:57.551,0.0055,0.0057,40.0,0.0056,50.0,49019.0,956.0
2021-01-05 09:52:00.751,0.0055,0.0057,40.0,0.0056,50.0,49019.0,956.0
2021-01-05 09:52:01.041,0.0055,0.0057,50.0,0.0056,50.0,49019.0,956.0
2021-01-05 09:52:01.731,0.0055,0.0057,64.0,0.0056,50.0,49019.0,956.0
2021-01-05 09:52:02.250,0.0055,0.0057,50.0,0.0056,50.0,49019.0,956.0
2021-01-05 09:52:02.751,0.0055,0.0057,50.0,0.0056,50.0,49019.0,956.0
2021-01-05 09:52:03.251,0.0055,0.0057,50.0,0.0056,50.0,49019.0,956.0
2021-01-05 09:52:05.740,0.0055,0.0057,40.0,0.0056,50.0,49019.0,956.0
2021-01-05 09:52:06.261,0.0055,0.0057,40.0,0.0056,50.0,49019.0,956.0
2021-01-05 09:52:06.751,0.0056,0.0057,40.0,0.0056,30.0,49019.0,1006.0
2021-01-05 09:52:11.761,0.0056,0.0057,40.0,0.0056,30.0,49019.0,1006.0
2021-01-05 09:52:12.670,0.0056,0.0057,50.0,0.0056,30.0,49019.0,1006.0
2021-01-05 09:52:15.751,0.0056,0.0057,20.0,0.0056,30.0,49019.0,1006.0
2021-01-05 09:52:15.961,0.0056,0.0057,50.0,0.0056,30.0,49019.0,1036.0
2021-01-05 09:52:23.241,0.0056,0.0057,50.0,0.0056,30.0,49019.0,1036.0
2021-01-05 09:52:25.741,0.0056,0.0057,62.0,0.0056,30.0,49019.0,1036.0
2021-01-05 09:52:26.231,0.0056,0.0057,50.0,0.0056,30.0,49019.0,1036.0
2021-01-05 09:52:26.751,0.0056,0.0057,62.0,0.0056,30.0,49019.0,1036.0
2021-01-05 09:52:28.271,0.0056,0.0057,50.0,0.0056,30.0,49019.0,1036.0
2021-01-05 09:52:28.761,0.0056,0.0057,40.0,0.0056,30.0,49019.0,1036.0
2021-01-05 09:52:29.251,0.0056,0.0057,40.0,0.0056,30.0,49019.0,1036.0
2021-01-05 09:52:29.771,0.0056,0.0057,40.0,0.0056,30.0,49019.0,1036.0
2021-01-05 09:52:30.271,0.0056,0.0057,50.0,0.0056,30.0,49019.0,1036.0
2021-01-05 09:52:33.231,0.0056,0.0057,50.0,0.0056,30.0,49019.0,1036.0
2021-01-05 09:52:33.781,0.0056,0.0057,50.0,0.0056,30.0,49019.0,1036.0
2021-01-05 09:52:37.300,0.0056,0.0057,20.0,0.0055,14.0,49019.0,1066.0
2021-01-05 09:52:37.761,0.0056,0.0057,50.0,0.0055,44.0,49019.0,1066.0
2021-01-05 09:52:38.251,0.0056,0.0057,50.0,0.0055,44.0,49019.0,1066.0
2021-01-05 09:52:38.791,0.0056,0.0057,50.0,0.0055,44.0,49019.0,1066.0
2021-01-05 09:52:40.800,0.0056,0.0057,50.0,0.0055,44.0,49019.0,1066.0
2021-01-05 09:52:41.300,0.0056,0.0057,50.0,0.0055,44.0,49019.0,1066.0
2021-01-05 09:52:42.790,0.0056,0.0057,62.0,0.0055,44.0,49019.0,1066.0
2021-01-05 09:52:43.290,0.0056,0.0057,50.0,0.0055,44.0,49019.0,1066.0
2021-01-05 09:52:43.791,0.0056,0.0057,50.0,0.0055,44.0,49019.0,1066.0
2021-01-05 09:52:44.291,0.0056,0.0057,50.0,0.0056,10.0,49019.0,1066.0
2021-01-05 09:52:44.781,0.0056,0.0057,64.0,0.0056,40.0,49019.0,1066.0
2021-01-05 09:52:45.311,0.0056,0.0057,64.0,0.0056,40.0,49019.0,1066.0
2021-01-05 09:52:46.291,0.0056,0.0057,64.0,0.0056,40.0,49019.0,1066.0
2021-01-05 09:52:47.301,0.0056,0.0057,64.0,0.0056,40.0,49019.0,1066.0
2021-01-05 09:52:50.801,0.0056,0.0057,64.0,0.0056,40.0,49019.0,1066.0
2021-01-05 09:52:52.701,0.0056,0.0057,64.0,0.0056,40.0,49019.0,1066.0
2021-01-05 09:52:53.231,0.0056,0.0057,76.0,0.0056,40.0,49019.0,1066.0
2021-01-05 09:52:53.760,0.0056,0.0057,76.0,0.0056,40.0,49019.0,1066.0
2021-01-05 09:52:55.260,0.0056,0.0057,64.0,0.0056,40.0,49019.0,1066.0
2021-01-05 09:52:56.261,0.0056,0.0057,64.0,0.0056,40.0,49019.0,1066.0
2021-01-05 09:52:56.761,0.0056,0.0057,64.0,0.0056,40.0,49019.0,1066.0
2021-01-05 09:52:57.260,0.0056,0.0057,64.0,0.0056,40.0,49019.0,1066.0
2021-01-05 09:52:58.261,0.0056,0.0057,64.0,0.0056,40.0,49019.0,1066.0
2021-01-05 09:52:58.770,0.0056,0.0057,64.0,0.0056,40.0,49019.0,1066.0
2021-01-05 09:52:59.761,0.0056,0.0057,64.0,0.0056,50.0,49019.0,1066.0
2021-01-05 09:53:00.241,0.0056,0.0057,64.0,0.0056,50.0,49019.0,1066.0
2021-01-05 09:53:01.100,0.0056,0.0057,34.0,0.0056,10.0,49019.0,1106.0
2021-01-05 09:53:01.761,0.0056,0.0057,64.0,0.0056,40.0,49019.0,1106.0
2021-01-05 09:53:02.011,0.0056,0.0057,64.0,0.0056,40.0,49019.0,1106.0
2021-01-05 09:53:02.760,0.0056,0.0057,64.0,0.0056,40.0,49019.0,1106.0
2021-01-05 09:53:03.200,0.0056,0.0057,64.0,0.0056,40.0,49019.0,1106.0
2021-01-05 09:53:03.761,0.0056,0.0057,64.0,0.0056,40.0,49019.0,1106.0
2021-01-05 09:53:03.830,0.0056,0.0057,64.0,0.0056,40.0,49019.0,1106.0
2021-01-05 09:53:04.770,0.0056,0.0057,64.0,0.0056,40.0,49019.0,1106.0
2021-01-05 09:53:05.281,0.0056,0.0057,64.0,0.0056,40.0,49019.0,1106.0
2021-01-05 09:53:05.761,0.0056,0.0057,64.0,0.0056,40.0,49019.0,1106.0
2021-01-05 09:53:06.220,0.0056,0.0057,64.0,0.0056,40.0,49019.0,1106.0
2021-01-05 09:53:06.760,0.0056,0.0057,64.0,0.0056,40.0,49019.0,1106.0
2021-01-05 09:53:08.790,0.0056,0.0057,64.0,0.0056,40.0,49019.0,1106.0
2021-01-05 09:53:09.741,0.0056,0.0057,34.0,0.0055,14.0,49019.0,1146.0
2021-01-05 09:53:10.300,0.0056,0.0057,64.0,0.0055,44.0,49019.0,1146.0
2021-01-05 09:53:11.290,0.0056,0.0057,64.0,0.0055,44.0,49019.0,1146.0
2021-01-05 09:53:13.801,0.0056,0.0057,64.0,0.0056,10.0,49019.0,1146.0
2021-01-05 09:53:14.321,0.0056,0.0057,64.0,0.0056,40.0,49019.0,1146.0
2021-01-05 09:53:14.821,0.0056,0.0057,64.0,0.0056,40.0,49019.0,1146.0
2021-01-05 09:53:15.320,0.0056,0.0057,64.0,0.0056,40.0,49019.0,1146.0
2021-01-05 09:53:16.321,0.0056,0.0057,64.0,0.0056,40.0,49019.0,1146.0
2021-01-05 09:53:18.300,0.0056,0.0057,64.0,0.0056,40.0,49019.0,1146.0
2021-01-05 09:53:19.291,0.0056,0.0057,64.0,0.0056,40.0,49019.0,1146.0
2021-01-05 09:53:19.810,0.0056,0.0057,64.0,0.0056,40.0,49019.0,1146.0
2021-01-05 09:53:20.311,0.0056,0.0057,64.0,0.0056,40.0,49019.0,1146.0
2021-01-05 09:53:23.191,0.0056,0.0057,64.0,0.0056,40.0,49019.0,1146.0
2021-01-05 09:53:23.740,0.0056,0.0057,64.0,0.0056,40.0,49019.0,1146.0
2021-01-05 09:53:24.140,0.0056,0.0057,64.0,0.0056,40.0,49019.0,1146.0
2021-01-05 09:53:24.751,0.0056,0.0057,64.0,0.0056,40.0,49019.0,1146.0
2021-01-05 09:53:25.191,0.0056,0.0057,64.0,0.0056,40.0,49019.0,1146.0
2021-01-05 09:53:27.730,0.0056,0.0057,64.0,0.0056,40.0,49019.0,1146.0
2021-01-05 09:53:28.230,0.0056,0.0057,64.0,0.0056,40.0,49019.0,1146.0
2021-01-05 09:53:28.750,0.0056,0.0057,64.0,0.0056,40.0,49019.0,1146.0
2021-01-05 09:53:29.711,0.0056,0.0057,64.0,0.0056,40.0,49019.0,1146.0
2021-01-05 09:53:31.021,0.0056,0.0057,64.0,0.0056,40.0,49019.0,1146.0
2021-01-05 09:53:32.681,0.0056,0.0057,64.0,0.0056,40.0,49019.0,1146.0
2021-01-05 09:53:33.240,0.0056,0.0057,64.0,0.0056,40.0,49019.0,1146.0
2021-01-05 09:53:33.640,0.0056,0.0057,64.0,0.0056,40.0,49019.0,1146.0
2021-01-05 09:53:38.761,0.0056,0.0057,64.0,0.0056,40.0,49019.0,1146.0
2021-01-05 09:53:39.261,0.0056,0.0057,34.0,0.0056,40.0,49019.0,1146.0
2021-01-05 09:53:39.770,0.0056,0.0057,34.0,0.0056,40.0,49019.0,1146.0
2021-01-05 09:53:40.271,0.0056,0.0057,34.0,0.0056,40.0,49019.0,1146.0
2021-01-05 09:53:41.211,0.0056,0.0057,34.0,0.0056,40.0,49019.0,1146.0
2021-01-05 09:53:44.140,0.0056,0.0057,34.0,0.0056,24.0,49019.0,1162.0
2021-01-05 09:53:46.791,0.0056,0.0057,34.0,0.0056,24.0,49019.0,1162.0
2021-01-05 09:53:48.261,0.0056,0.0057,34.0,0.0056,24.0,49019.0,1162.0
2021-01-05 09:53:48.801,0.0056,0.0057,46.0,0.0056,24.0,49019.0,1162.0
2021-01-05 09:53:49.281,0.0056,0.0057,34.0,0.0056,24.0,49019.0,1162.0
2021-01-05 09:53:49.811,0.0056,0.0057,64.0,0.0056,30.0,49019.0,1162.0
2021-01-05 09:53:51.811,0.0056,0.0057,64.0,0.0056,30.0,49019.0,1162.0
2021-01-05 09:53:52.311,0.0056,0.0057,64.0,0.0056,30.0,49019.0,1162.0
2021-01-05 09:53:55.730,0.0056,0.0057,64.0,0.0056,30.0,49019.0,1162.0
2021-01-05 09:53:56.220,0.0056,0.0057,64.0,0.0056,30.0,49019.0,1162.0
2021-01-05 09:53:56.691,0.0056,0.0057,76.0,0.0056,30.0,49019.0,1162.0
2021-01-05 09:53:57.200,0.0056,0.0057,64.0,0.0056,30.0,49019.0,1162.0
2021-01-05 09:53:57.770,0.0056,0.0057,76.0,0.0056,30.0,49019.0,1162.0
2021-01-05 09:53:58.270,0.0056,0.0057,64.0,0.0056,30.0,49019.0,1162.0
2021-01-05 09:53:59.071,0.0056,0.0057,64.0,0.0056,30.0,49019.0,1162.0
2021-01-05 09:53:59.701,0.0056,0.0057,64.0,0.0056,30.0,49019.0,1162.0
2021-01-05 09:54:00.771,0.0056,0.0057,64.0,0.0056,30.0,49019.0,1162.0
2021-01-05 09:54:08.701,0.0056,0.0057,64.0,0.0056,30.0,49019.0,1162.0
2021-01-05 09:54:09.201,0.0056,0.0057,64.0,0.0056,30.0,49019.0,1162.0
2021-01-05 09:54:13.761,0.0056,0.0057,64.0,0.0056,30.0,49019.0,1162.0
2021-01-05 09:54:14.100,0.0056,0.0057,64.0,0.0056,30.0,49019.0,1162.0
2021-01-05 09:54:15.740,0.0056,0.0057,64.0,0.0056,30.0,49019.0,1162.0
2021-01-05 09:54:16.151,0.0056,0.0057,64.0,0.0056,30.0,49019.0,1162.0
2021-01-05 09:54:20.241,0.0056,0.0057,64.0,0.0056,30.0,49019.0,1162.0
2021-01-05 09:54:20.700,0.0056,0.0057,64.0,0.0056,30.0,49019.0,1162.0
2021-01-05 09:54:22.141,0.0056,0.0057,34.0,0.0056,30.0,49019.0,1162.0
2021-01-05 09:54:22.681,0.0056,0.0057,76.0,0.0056,30.0,49019.0,1162.0
2021-01-05 09:54:23.701,0.0056,0.0057,76.0,0.0056,30.0,49019.0,1162.0
2021-01-05 09:54:23.701,0.0056,0.0057,34.0,0.0056,30.0,49019.0,1162.0
2021-01-05 09:54:24.631,0.0056,0.0057,64.0,0.0056,30.0,49019.0,1162.0
2021-01-05 09:54:25.251,0.0056,0.0057,64.0,0.0056,30.0,49019.0,1162.0
2021-01-05 09:54:26.131,0.0056,0.0057,64.0,0.0056,30.0,49019.0,1162.0
2021-01-05 09:54:52.761,0.0056,0.0057,76.0,0.0056,30.0,49019.0,1162.0
2021-01-05 09:54:53.701,0.0056,0.0057,64.0,0.0056,30.0,49019.0,1162.0
2021-01-05 09:54:57.120,0.0056,0.0057,64.0,0.0056,30.0,49019.0,1162.0
2021-01-05 09:54:59.681,0.0056,0.0057,64.0,0.0056,30.0,49019.0,1162.0
2021-01-05 09:55:00.240,0.0056,0.0057,54.0,0.0056,30.0,49019.0,1162.0
2021-01-05 09:55:00.780,0.0056,0.0057,54.0,0.0056,30.0,49019.0,1162.0
2021-01-05 09:55:02.040,0.0056,0.0057,54.0,0.0056,30.0,49019.0,1162.0
2021-01-05 09:55:03.281,0.0056,0.0057,54.0,0.0056,30.0,49019.0,1162.0
2021-01-05 09:55:04.720,0.0056,0.0057,54.0,0.0056,30.0,49019.0,1162.0
2021-01-05 09:55:05.690,0.0056,0.0057,54.0,0.0056,30.0,49019.0,1162.0
2021-01-05 09:55:06.280,0.0056,0.0057,54.0,0.0056,30.0,49019.0,1162.0
2021-01-05 09:55:06.741,0.0056,0.0057,54.0,0.0056,30.0,49019.0,1162.0
2021-01-05 09:55:07.281,0.0056,0.0057,54.0,0.0056,30.0,49019.0,1162.0
2021-01-05 09:55:07.650,0.0056,0.0057,54.0,0.0056,30.0,49019.0,1162.0
2021-01-05 09:55:09.281,0.0056,0.0057,54.0,0.0056,30.0,49019.0,1162.0
2021-01-05 09:55:09.521,0.0056,0.0057,54.0,0.0055,42.0,49019.0,1162.0
2021-01-05 09:55:10.760,0.0056,0.0057,54.0,0.0055,30.0,49019.0,1162.0
2021-01-05 09:55:11.050,0.0056,0.0057,54.0,0.0055,30.0,49019.0,1162.0
2021-01-05 09:55:11.721,0.0056,0.0057,54.0,0.0055,50.0,49019.0,1162.0
2021-01-05 09:55:12.641,0.0056,0.0057,54.0,0.0055,50.0,49019.0,1162.0
2021-01-05 09:55:15.200,0.0056,0.0057,54.0,0.0055,50.0,49019.0,1162.0
2021-01-05 09:55:15.751,0.0056,0.0057,54.0,0.0055,64.0,49019.0,1162.0
2021-01-05 09:55:16.281,0.0056,0.0057,54.0,0.0055,76.0,49019.0,1162.0
2021-01-05 09:55:16.761,0.0056,0.0057,54.0,0.0055,72.0,49019.0,1162.0
2021-01-05 09:55:17.761,0.0056,0.0057,54.0,0.0055,62.0,49019.0,1162.0
2021-01-05 09:55:18.241,0.0056,0.0057,54.0,0.0055,62.0,49019.0,1162.0
2021-01-05 09:55:19.791,0.0056,0.0057,54.0,0.0055,62.0,49019.0,1162.0
2021-01-05 09:55:20.241,0.0056,0.0057,54.0,0.0055,72.0,49019.0,1162.0
2021-01-05 09:55:20.771,0.0056,0.0057,54.0,0.0055,76.0,49019.0,1162.0
2021-01-05 09:55:21.770,0.0056,0.0057,54.0,0.0055,76.0,49019.0,1162.0
2021-01-05 09:55:22.750,0.0056,0.0057,54.0,0.0055,56.0,49019.0,1162.0
2021-01-05 09:55:25.231,0.0056,0.0057,54.0,0.0055,44.0,49019.0,1162.0
2021-01-05 09:55:25.731,0.0056,0.0057,54.0,0.0055,44.0,49019.0,1162.0
2021-01-05 09:55:27.191,0.0056,0.0057,54.0,0.0055,30.0,49019.0,1162.0
2021-01-05 09:55:29.721,0.0056,0.0057,66.0,0.0055,30.0,49019.0,1162.0
2021-01-05 09:55:30.271,0.0056,0.0057,54.0,0.0055,30.0,49019.0,1162.0
2021-01-05 09:55:34.251,0.0056,0.0057,54.0,0.0055,30.0,49019.0,1162.0
2021-01-05 09:55:35.721,0.0056,0.0057,54.0,0.0055,30.0,49019.0,1162.0
2021-01-05 09:55:36.270,0.0056,0.0057,66.0,0.0055,30.0,49019.0,1162.0
2021-01-05 09:55:36.791,0.0056,0.0057,54.0,0.0055,30.0,49019.0,1162.0
2021-01-05 09:55:39.250,0.0056,0.0057,54.0,0.0055,30.0,49019.0,1162.0
2021-01-05 09:55:39.290,0.0056,0.0057,54.0,0.0055,30.0,49019.0,1162.0
2021-01-05 09:55:40.231,0.0056,0.0057,54.0,0.0055,30.0,49019.0,1162.0
2021-01-05 09:55:41.261,0.0056,0.0057,54.0,0.0055,30.0,49019.0,1162.0
2021-01-05 09:55:41.791,0.0056,0.0057,66.0,0.0055,30.0,49019.0,1162.0
2021-01-05 09:55:43.810,0.0056,0.0057,54.0,0.0055,30.0,49019.0,1162.0
2021-01-05 09:55:44.740,0.0056,0.0057,54.0,0.0055,42.0,49019.0,1162.0
2021-01-05 09:55:46.300,0.0056,0.0057,54.0,0.0055,30.0,49019.0,1162.0
2021-01-05 09:55:46.300,0.0056,0.0057,54.0,0.0055,30.0,49019.0,1162.0
2021-01-05 09:55:49.301,0.0056,0.0057,54.0,0.0055,30.0,49019.0,1162.0
2021-01-05 09:55:49.791,0.0056,0.0057,64.0,0.0055,30.0,49019.0,1162.0
2021-01-05 09:55:50.801,0.0056,0.0057,76.0,0.0055,30.0,49019.0,1162.0
2021-01-05 09:55:51.800,0.0056,0.0057,64.0,0.0055,30.0,49019.0,1162.0
2021-01-05 09:55:52.301,0.0056,0.0057,64.0,0.0055,30.0,49019.0,1162.0
2021-01-05 09:55:52.651,0.0056,0.0057,76.0,0.0055,30.0,49019.0,1162.0
2021-01-05 09:55:55.740,0.0056,0.0057,64.0,0.0055,30.0,49019.0,1162.0
2021-01-05 09:55:56.271,0.0056,0.0057,76.0,0.0055,30.0,49019.0,1162.0
2021-01-05 09:55:58.270,0.0056,0.0057,64.0,0.0055,30.0,49019.0,1162.0
2021-01-05 09:55:58.760,0.0056,0.0057,64.0,0.0055,30.0,49019.0,1162.0
2021-01-05 09:56:00.270,0.0056,0.0057,76.0,0.0055,30.0,49019.0,1162.0
2021-01-05 09:56:02.291,0.0056,0.0057,64.0,0.0055,30.0,49019.0,1162.0
2021-01-05 09:56:02.770,0.0056,0.0057,64.0,0.0055,30.0,49019.0,1162.0
2021-01-05 09:56:02.770,0.0056,0.0057,66.0,0.0055,30.0,49019.0,1162.0
2021-01-05 09:56:03.790,0.0056,0.0057,66.0,0.0055,30.0,49019.0,1162.0
2021-01-05 09:56:06.310,0.0056,0.0057,54.0,0.0055,30.0,49019.0,1162.0
2021-01-05 09:56:10.321,0.0056,0.0057,54.0,0.0055,30.0,49019.0,1162.0
2021-01-05 09:56:10.800,0.0056,0.0057,54.0,0.0055,30.0,49019.0,1162.0
2021-01-05 09:56:14.851,0.0056,0.0057,66.0,0.0055,30.0,49019.0,1162.0
2021-01-05 09:56:16.290,0.0056,0.0057,54.0,0.0055,30.0,49019.0,1162.0
2021-01-05 09:56:16.780,0.0056,0.0057,54.0,0.0055,30.0,49019.0,1162.0
2021-01-05 09:56:24.241,0.0056,0.0057,54.0,0.0055,30.0,49019.0,1162.0
2021-01-05 09:56:27.801,0.0056,0.0057,54.0,0.0055,30.0,49019.0,1162.0
2021-01-05 09:56:27.801,0.0056,0.0057,54.0,0.0055,42.0,49019.0,1162.0
2021-01-05 09:56:29.281,0.0056,0.0057,40.0,0.0055,42.0,49019.0,1162.0
2021-01-05 09:56:29.701,0.0056,0.0057,40.0,0.0055,56.0,49019.0,1162.0
2021-01-05 09:56:32.241,0.0056,0.0057,40.0,0.0055,44.0,49019.0,1162.0
2021-01-05 09:56:35.760,0.0056,0.0057,40.0,0.0055,44.0,49019.0,1162.0
2021-01-05 09:56:36.281,0.0056,0.0057,40.0,0.0055,56.0,49019.0,1162.0
2021-01-05 09:56:37.291,0.0056,0.0057,40.0,0.0055,44.0,49019.0,1162.0
2021-01-05 09:56:37.801,0.0056,0.0057,40.0,0.0055,44.0,49019.0,1162.0
2021-01-05 09:56:38.690,0.0056,0.0057,40.0,0.0055,44.0,49019.0,1162.0
2021-01-05 09:56:40.790,0.0056,0.0057,40.0,0.0055,44.0,49019.0,1162.0
2021-01-05 09:56:41.310,0.0056,0.0057,40.0,0.0055,56.0,49019.0,1162.0
2021-01-05 09:56:42.300,0.0056,0.0057,40.0,0.0055,44.0,49019.0,1162.0
2021-01-05 09:56:45.810,0.0056,0.0057,40.0,0.0055,56.0,49019.0,1162.0
2021-01-05 09:56:46.330,0.0056,0.0057,40.0,0.0055,56.0,49019.0,1162.0
2021-01-05 09:56:46.830,0.0056,0.0057,50.0,0.0055,56.0,49019.0,1162.0
2021-01-05 09:56:49.300,0.0056,0.0057,50.0,0.0055,56.0,49019.0,1162.0
2021-01-05 09:56:50.870,0.0056,0.0057,50.0,0.0055,44.0,49019.0,1162.0
2021-01-05 09:56:51.801,0.0056,0.0057,50.0,0.0055,56.0,49019.0,1162.0
2021-01-05 09:56:53.271,0.0056,0.0057,50.0,0.0055,44.0,49019.0,1162.0
2021-01-05 09:56:53.761,0.0056,0.0057,50.0,0.0055,44.0,49019.0,1162.0
2021-01-05 09:56:54.270,0.0056,0.0057,50.0,0.0055,56.0,49019.0,1162.0
2021-01-05 09:56:59.761,0.0056,0.0057,50.0,0.0055,42.0,49019.0,1162.0
2021-01-05 09:57:00.281,0.0056,0.0057,50.0,0.0056,14.0,49019.0,1162.0
2021-01-05 09:57:00.771,0.0056,0.0057,50.0,0.0056,44.0,49019.0,1162.0
2021-01-05 09:57:03.301,0.0056,0.0057,50.0,0.0056,44.0,49019.0,1162.0
2021-01-05 09:57:03.820,0.0056,0.0057,50.0,0.0056,44.0,49019.0,1162.0
2021-01-05 09:57:04.821,0.0056,0.0057,50.0,0.0056,44.0,49019.0,1162.0
2021-01-05 09:57:05.820,0.0056,0.0057,50.0,0.0056,44.0,49019.0,1162.0
2021-01-05 09:57:07.351,0.0056,0.0057,50.0,0.0056,44.0,49019.0,1162.0
2021-01-05 09:57:07.841,0.0056,0.0057,50.0,0.0056,44.0,49019.0,1162.0
2021-01-05 09:57:08.271,0.0056,0.0057,50.0,0.0056,64.0,49019.0,1162.0
2021-01-05 09:57:10.351,0.0056,0.0057,50.0,0.0056,64.0,49019.0,1162.0
2021-01-05 09:57:10.811,0.0056,0.0057,50.0,0.0056,64.0,49019.0,1162.0
2021-01-05 09:57:16.301,0.0056,0.0057,50.0,0.0056,64.0,49019.0,1162.0
2021-01-05 09:57:16.820,0.0056,0.0057,50.0,0.0056,64.0,49019.0,1162.0
2021-01-05 09:57:18.310,0.0056,0.0057,50.0,0.0056,64.0,49019.0,1162.0
2021-01-05 09:57:18.800,0.0056,0.0057,50.0,0.0056,64.0,49019.0,1162.0
2021-01-05 09:57:33.310,0.0057,0.0059,13.0,0.0056,64.0,49069.0,1212.0
2021-01-05 09:57:33.810,0.0057,0.0058,14.0,0.0056,74.0,49069.0,1212.0
2021-01-05 09:57:34.040,0.0057,0.0058,44.0,0.0056,74.0,49069.0,1212.0
2021-01-05 09:57:34.770,0.0057,0.0058,44.0,0.0056,84.0,49069.0,1212.0
2021-01-05 09:57:35.320,0.0057,0.0058,30.0,0.0056,84.0,49069.0,1212.0
2021-01-05 09:57:39.790,0.0057,0.0058,30.0,0.0056,84.0,49069.0,1212.0
2021-01-05 09:57:48.840,0.0057,0.0058,42.0,0.0056,84.0,49069.0,1212.0
2021-01-05 09:57:51.311,0.0057,0.0058,30.0,0.0056,84.0,49069.0,1212.0
2021-01-05 09:57:52.310,0.0057,0.0058,30.0,0.0056,84.0,49069.0,1212.0
2021-01-05 09:57:52.761,0.0057,0.0058,30.0,0.0056,96.0,49069.0,1212.0
2021-01-05 09:57:53.710,0.0057,0.0058,30.0,0.0056,84.0,49069.0,1212.0
2021-01-05 09:57:54.200,0.0057,0.0058,30.0,0.0056,96.0,49069.0,1212.0
2021-01-05 09:57:55.741,0.0057,0.0058,30.0,0.0056,84.0,49069.0,1212.0
2021-01-05 09:57:56.790,0.0057,0.0058,42.0,0.0056,84.0,49069.0,1212.0
2021-01-05 09:57:58.770,0.0057,0.0058,42.0,0.0056,70.0,49069.0,1212.0
2021-01-05 09:57:59.270,0.0057,0.0058,56.0,0.0056,70.0,49069.0,1212.0
2021-01-05 09:58:01.301,0.0057,0.0058,44.0,0.0056,70.0,49069.0,1212.0
2021-01-05 09:58:01.781,0.0057,0.0058,44.0,0.0056,70.0,49069.0,1212.0
2021-01-05 09:58:03.790,0.0057,0.0058,44.0,0.0056,70.0,49069.0,1212.0
2021-01-05 09:58:04.261,0.0057,0.0058,56.0,0.0056,70.0,49069.0,1212.0
2021-01-05 09:58:04.751,0.0057,0.0058,44.0,0.0056,70.0,49069.0,1212.0
2021-01-05 09:58:05.210,0.0057,0.0058,56.0,0.0056,70.0,49069.0,1212.0
2021-01-05 09:58:06.810,0.0057,0.0058,44.0,0.0056,70.0,49069.0,1212.0
2021-01-05 09:58:07.300,0.0057,0.0058,56.0,0.0056,70.0,49069.0,1212.0
2021-01-05 09:58:07.800,0.0057,0.0058,44.0,0.0056,70.0,49069.0,1212.0
2021-01-05 09:58:15.321,0.0057,0.0058,44.0,0.0056,70.0,49069.0,1212.0
2021-01-05 09:58:15.810,0.0057,0.0058,44.0,0.0056,70.0,49069.0,1212.0
2021-01-05 09:58:23.770,0.0057,0.0058,44.0,0.0056,70.0,49069.0,1212.0
2021-01-05 09:58:39.330,0.0057,0.0058,44.0,0.0056,70.0,49069.0,1212.0
2021-01-05 09:58:39.830,0.0057,0.0058,56.0,0.0056,70.0,49069.0,1212.0
2021-01-05 09:58:41.271,0.0057,0.0058,44.0,0.0056,70.0,49069.0,1212.0
2021-01-05 09:58:42.300,0.0057,0.0058,44.0,0.0056,70.0,49069.0,1212.0
2021-01-05 09:58:42.781,0.0057,0.0058,44.0,0.0056,82.0,49069.0,1212.0
2021-01-05 09:58:44.341,0.0057,0.0058,44.0,0.0056,70.0,49069.0,1212.0
2021-01-05 09:58:53.231,0.0057,0.0058,44.0,0.0056,70.0,49069.0,1212.0
2021-01-05 09:58:53.740,0.0057,0.0058,44.0,0.0056,82.0,49069.0,1212.0
2021-01-05 09:58:56.770,0.0057,0.0058,44.0,0.0056,82.0,49069.0,1212.0
2021-01-05 09:58:57.260,0.0057,0.0058,44.0,0.0056,82.0,49069.0,1212.0
2021-01-05 09:58:57.771,0.0057,0.0058,44.0,0.0056,70.0,49069.0,1212.0
2021-01-05 09:59:05.711,0.0057,0.0058,56.0,0.0056,70.0,49069.0,1212.0
2021-01-05 09:59:06.690,0.0057,0.0058,44.0,0.0056,70.0,49069.0,1212.0
2021-01-05 09:59:09.781,0.0057,0.0058,44.0,0.0056,60.0,49069.0,1212.0
2021-01-05 09:59:10.271,0.0057,0.0058,44.0,0.0056,40.0,49069.0,1212.0
2021-01-05 09:59:10.671,0.0057,0.0058,56.0,0.0056,60.0,49069.0,1212.0
2021-01-05 09:59:12.250,0.0057,0.0058,44.0,0.0056,60.0,49069.0,1212.0
2021-01-05 09:59:15.210,0.0057,0.0058,44.0,0.0056,60.0,49069.0,1212.0
2021-01-05 09:59:15.791,0.0057,0.0058,44.0,0.0056,70.0,49069.0,1212.0
2021-01-05 09:59:21.700,0.0057,0.0058,44.0,0.0056,70.0,49069.0,1212.0
2021-01-05 09:59:22.240,0.0057,0.0058,44.0,0.0056,70.0,49069.0,1212.0
2021-01-05 09:59:25.281,0.0057,0.0058,44.0,0.0056,70.0,49069.0,1212.0
2021-01-05 09:59:25.771,0.0057,0.0058,44.0,0.0056,82.0,49069.0,1212.0
2021-01-05 09:59:26.760,0.0057,0.0058,44.0,0.0056,70.0,49069.0,1212.0
2021-01-05 09:59:27.651,0.0057,0.0058,44.0,0.0056,84.0,49069.0,1212.0
2021-01-05 09:59:33.791,0.0057,0.0058,44.0,0.0056,70.0,49069.0,1212.0
2021-01-05 09:59:35.751,0.0057,0.0058,44.0,0.0056,60.0,49069.0,1212.0
2021-01-05 09:59:36.290,0.0057,0.0058,44.0,0.0056,60.0,49069.0,1212.0
2021-01-05 09:59:36.750,0.0057,0.0058,44.0,0.0056,60.0,49069.0,1212.0
2021-01-05 09:59:37.090,0.0057,0.0058,44.0,0.0056,60.0,49069.0,1212.0
2021-01-05 09:59:38.801,0.0057,0.0058,44.0,0.0056,60.0,49069.0,1212.0
2021-01-05 09:59:39.251,0.0057,0.0058,44.0,0.0056,70.0,49069.0,1212.0
2021-01-05 09:59:39.731,0.0057,0.0058,56.0,0.0056,70.0,49069.0,1212.0
2021-01-05 09:59:43.281,0.0057,0.0058,44.0,0.0056,60.0,49069.0,1212.0
2021-01-05 09:59:43.750,0.0057,0.0058,44.0,0.0056,60.0,49069.0,1212.0
2021-01-05 09:59:44.240,0.0057,0.0058,44.0,0.0056,60.0,49069.0,1212.0
2021-01-05 09:59:44.761,0.0057,0.0058,44.0,0.0056,60.0,49069.0,1212.0
2021-01-05 09:59:48.290,0.0057,0.0058,44.0,0.0056,60.0,49069.0,1212.0
2021-01-05 09:59:48.801,0.0057,0.0058,44.0,0.0056,70.0,49069.0,1212.0
2021-01-05 09:59:53.711,0.0057,0.0058,44.0,0.0056,60.0,49069.0,1212.0
2021-01-05 09:59:54.260,0.0057,0.0058,44.0,0.0056,60.0,49069.0,1212.0
2021-01-05 09:59:56.771,0.0057,0.0058,44.0,0.0056,60.0,49069.0,1212.0
2021-01-05 10:00:00.790,0.0057,0.0058,56.0,0.0056,60.0,49069.0,1212.0
2021-01-05 10:00:01.831,0.0057,0.0058,44.0,0.0056,60.0,49069.0,1212.0
2021-01-05 10:00:02.340,0.0057,0.0058,56.0,0.0056,60.0,49069.0,1212.0
2021-01-05 10:00:03.330,0.0057,0.0058,44.0,0.0056,60.0,49069.0,1212.0
2021-01-05 10:00:04.861,0.0057,0.0058,44.0,0.0056,60.0,49069.0,1212.0
2021-01-05 10:00:05.341,0.0057,0.0058,44.0,0.0056,60.0,49069.0,1212.0
2021-01-05 10:00:05.820,0.0057,0.0058,44.0,0.0056,60.0,49069.0,1212.0
2021-01-05 10:00:06.321,0.0057,0.0058,44.0,0.0056,70.0,49069.0,1212.0
2021-01-05 10:00:06.801,0.0057,0.0058,56.0,0.0056,60.0,49069.0,1212.0
2021-01-05 10:00:07.341,0.0057,0.0058,56.0,0.0056,60.0,49069.0,1212.0
2021-01-05 10:00:10.851,0.0057,0.0058,56.0,0.0056,60.0,49069.0,1212.0
2021-01-05 10:00:11.250,0.0057,0.0058,56.0,0.0056,60.0,49069.0,1212.0
2021-01-05 10:00:11.861,0.0057,0.0058,56.0,0.0056,70.0,49069.0,1212.0
2021-01-05 10:00:13.321,0.0057,0.0058,56.0,0.0056,70.0,49069.0,1212.0
2021-01-05 10:00:14.320,0.0057,0.0058,44.0,0.0056,70.0,49069.0,1212.0
2021-01-05 10:00:14.810,0.0057,0.0058,44.0,0.0056,70.0,49069.0,1212.0
2021-01-05 10:00:18.841,0.0057,0.0058,56.0,0.0056,70.0,49069.0,1212.0
2021-01-05 10:00:18.960,0.0057,0.0058,44.0,0.0056,70.0,49069.0,1212.0
2021-01-05 10:00:22.360,0.0057,0.0058,44.0,0.0056,50.0,49069.0,1212.0
2021-01-05 10:00:23.280,0.0057,0.0058,44.0,0.0056,50.0,49069.0,1212.0
2021-01-05 10:00:23.770,0.0057,0.0058,44.0,0.0056,62.0,49069.0,1212.0
2021-01-05 10:00:23.770,0.0057,0.0058,44.0,0.0056,82.0,49069.0,1212.0
2021-01-05 10:00:24.761,0.0057,0.0058,44.0,0.0056,50.0,49069.0,1212.0
2021-01-05 10:00:26.271,0.0057,0.0058,56.0,0.0056,50.0,49069.0,1212.0
2021-01-05 10:00:26.780,0.0057,0.0058,56.0,0.0056,50.0,49069.0,1212.0
2021-01-05 10:00:27.261,0.0057,0.0058,56.0,0.0056,50.0,49069.0,1212.0
2021-01-05 10:00:27.770,0.0057,0.0058,56.0,0.0056,50.0,49069.0,1212.0
2021-01-05 10:00:28.240,0.0057,0.0058,56.0,0.0056,50.0,49069.0,1212.0
2021-01-05 10:00:28.780,0.0057,0.0058,56.0,0.0056,50.0,49069.0,1212.0
2021-01-05 10:00:29.241,0.0057,0.0058,56.0,0.0056,50.0,49069.0,1212.0
2021-01-05 10:00:29.791,0.0057,0.0058,56.0,0.0056,50.0,49069.0,1212.0
2021-01-05 10:00:30.281,0.0057,0.0058,56.0,0.0056,70.0,49069.0,1212.0
2021-01-05 10:00:32.801,0.0057,0.0058,56.0,0.0056,70.0,49069.0,1212.0
2021-01-05 10:00:33.291,0.0057,0.0058,56.0,0.0056,50.0,49069.0,1212.0
2021-01-05 10:00:33.800,0.0057,0.0058,56.0,0.0056,50.0,49069.0,1212.0
2021-01-05 10:00:34.321,0.0057,0.0058,44.0,0.0056,50.0,49069.0,1212.0
2021-01-05 10:00:35.320,0.0057,0.0058,44.0,0.0056,50.0,49069.0,1212.0
2021-01-05 10:00:37.831,0.0057,0.0058,30.0,0.0056,50.0,49069.0,1212.0
2021-01-05 10:00:39.331,0.0057,0.0058,30.0,0.0056,50.0,49069.0,1212.0
2021-01-05 10:00:39.331,0.0057,0.0057,14.0,0.0056,50.0,49069.0,1212.0
2021-01-05 10:00:40.330,0.0057,0.0057,14.0,0.0056,20.0,49069.0,1212.0
2021-01-05 10:00:40.820,0.0057,0.0057,44.0,0.0056,50.0,49069.0,1212.0
2021-01-05 10:00:41.840,0.0057,0.0057,44.0,0.0056,50.0,49069.0,1212.0
2021-01-05 10:00:44.291,0.0057,0.0057,44.0,0.0056,50.0,49069.0,1212.0
2021-01-05 10:00:45.271,0.0057,0.0057,44.0,0.0056,70.0,49069.0,1212.0
2021-01-05 10:00:46.341,0.0057,0.0057,44.0,0.0056,50.0,49069.0,1212.0
2021-01-05 10:00:49.801,0.0057,0.0057,44.0,0.0056,50.0,49069.0,1212.0
2021-01-05 10:00:50.331,0.0057,0.0057,14.0,0.0056,20.0,49069.0,1212.0
2021-01-05 10:00:51.240,0.0057,0.0057,44.0,0.0056,50.0,49069.0,1212.0
2021-01-05 10:00:53.781,0.0057,0.0057,44.0,0.0056,50.0,49069.0,1212.0
2021-01-05 10:00:54.240,0.0057,0.0057,44.0,0.0056,50.0,49069.0,1212.0
2021-01-05 10:00:55.270,0.0057,0.0057,56.0,0.0056,50.0,49069.0,1212.0
2021-01-05 10:00:57.810,0.0057,0.0057,44.0,0.0056,50.0,49069.0,1212.0
2021-01-05 10:00:58.300,0.0057,0.0057,44.0,0.0056,50.0,49069.0,1212.0
2021-01-05 10:00:58.820,0.0057,0.0057,44.0,0.0056,50.0,49069.0,1212.0
2021-01-05 10:00:59.260,0.0057,0.0057,44.0,0.0056,40.0,49069.0,1212.0
2021-01-05 10:00:59.810,0.0057,0.0057,56.0,0.0056,50.0,49069.0,1212.0
2021-01-05 10:01:00.330,0.0057,0.0057,56.0,0.0056,50.0,49069.0,1212.0
2021-01-05 10:01:01.320,0.0057,0.0057,44.0,0.0056,50.0,49069.0,1212.0
2021-01-05 10:01:01.831,0.0057,0.0057,44.0,0.0056,50.0,49069.0,1212.0
2021-01-05 10:01:03.350,0.0057,0.0057,44.0,0.0056,50.0,49069.0,1212.0
2021-01-05 10:01:04.781,0.0057,0.0057,44.0,0.0056,50.0,49069.0,1212.0
2021-01-05 10:01:05.300,0.0057,0.0057,44.0,0.0056,50.0,49069.0,1212.0
2021-01-05 10:01:05.711,0.0057,0.0057,44.0,0.0056,50.0,49069.0,1212.0
2021-01-05 10:01:06.341,0.0057,0.0057,44.0,0.0056,50.0,49069.0,1212.0
2021-01-05 10:01:07.861,0.0057,0.0057,44.0,0.0056,50.0,49069.0,1212.0
2021-01-05 10:01:08.291,0.0057,0.0057,56.0,0.0056,50.0,49069.0,1212.0
2021-01-05 10:01:09.321,0.0057,0.0057,56.0,0.0056,50.0,49069.0,1212.0
2021-01-05 10:01:09.830,0.0057,0.0057,56.0,0.0056,50.0,49069.0,1212.0
2021-01-05 10:01:10.310,0.0057,0.0057,56.0,0.0056,50.0,49069.0,1212.0
2021-01-05 10:01:11.841,0.0057,0.0057,44.0,0.0056,50.0,49069.0,1212.0
2021-01-05 10:01:12.301,0.0057,0.0057,44.0,0.0056,50.0,49069.0,1212.0
2021-01-05 10:01:12.840,0.0057,0.0057,44.0,0.0056,50.0,49069.0,1212.0
2021-01-05 10:01:13.351,0.0057,0.0057,56.0,0.0056,50.0,49069.0,1212.0
2021-01-05 10:01:13.830,0.0057,0.0057,56.0,0.0056,50.0,49069.0,1212.0
2021-01-05 10:01:16.360,0.0057,0.0057,56.0,0.0056,50.0,49069.0,1212.0
2021-01-05 10:01:18.350,0.0057,0.0057,56.0,0.0056,50.0,49069.0,1212.0
2021-01-05 10:01:19.871,0.0057,0.0057,56.0,0.0056,40.0,49069.0,1212.0
2021-01-05 10:01:20.381,0.0057,0.0057,56.0,0.0056,40.0,49069.0,1212.0
2021-01-05 10:01:21.881,0.0057,0.0057,56.0,0.0056,40.0,49069.0,1212.0
2021-01-05 10:01:23.270,0.0057,0.0057,56.0,0.0056,40.0,49069.0,1212.0
2021-01-05 10:01:25.760,0.0056,0.0057,56.0,0.0056,39.0,49069.0,1213.0
2021-01-05 10:01:27.291,0.0056,0.0057,56.0,0.0056,39.0,49069.0,1213.0
2021-01-05 10:01:28.311,0.0056,0.0057,56.0,0.0056,38.0,49069.0,1214.0
2021-01-05 10:01:30.301,0.0056,0.0057,56.0,0.0056,38.0,49069.0,1214.0
2021-01-05 10:01:30.801,0.0056,0.0057,44.0,0.0056,48.0,49069.0,1214.0
2021-01-05 10:01:31.300,0.0056,0.0057,44.0,0.0056,38.0,49069.0,1214.0
2021-01-05 10:01:31.740,0.0056,0.0057,44.0,0.0056,38.0,49069.0,1214.0
2021-01-05 10:01:32.190,0.0056,0.0057,56.0,0.0056,38.0,49069.0,1214.0
2021-01-05 10:01:32.791,0.0056,0.0057,56.0,0.0056,38.0,49069.0,1214.0
2021-01-05 10:01:35.770,0.0056,0.0057,56.0,0.0056,38.0,49069.0,1214.0
2021-01-05 10:01:36.291,0.0056,0.0057,56.0,0.0056,38.0,49069.0,1214.0
2021-01-05 10:01:41.820,0.0056,0.0057,44.0,0.0056,38.0,49069.0,1214.0
2021-01-05 10:01:44.331,0.0056,0.0057,56.0,0.0056,38.0,49069.0,1214.0
2021-01-05 10:01:47.301,0.0056,0.0057,56.0,0.0056,38.0,49069.0,1214.0
2021-01-05 10:01:47.831,0.0056,0.0057,56.0,0.0056,38.0,49069.0,1214.0
2021-01-05 10:01:57.300,0.0056,0.0057,44.0,0.0056,38.0,49069.0,1214.0
2021-01-05 10:01:59.300,0.0056,0.0057,56.0,0.0056,38.0,49069.0,1214.0
2021-01-05 10:01:59.801,0.0056,0.0057,26.0,0.0056,8.0,49069.0,1214.0
2021-01-05 10:02:00.401,0.0056,0.0057,56.0,0.0056,38.0,49069.0,1214.0
2021-01-05 10:02:00.931,0.0056,0.0057,56.0,0.0056,37.0,49069.0,1215.0
2021-01-05 10:02:01.801,0.0056,0.0057,44.0,0.0056,37.0,49069.0,1215.0
2021-01-05 10:02:02.281,0.0056,0.0057,44.0,0.0056,37.0,49069.0,1215.0
2021-01-05 10:02:02.810,0.0056,0.0057,44.0,0.0056,37.0,49069.0,1215.0
2021-01-05 10:02:05.351,0.0056,0.0057,44.0,0.0056,37.0,49069.0,1215.0
2021-01-05 10:02:05.851,0.0056,0.0057,56.0,0.0056,37.0,49069.0,1215.0
2021-01-05 10:02:10.811,0.0056,0.0057,56.0,0.0056,36.0,49069.0,1216.0
2021-01-05 10:02:12.870,0.0056,0.0057,56.0,0.0056,35.0,49069.0,1217.0
2021-01-05 10:02:13.850,0.0056,0.0057,56.0,0.0056,34.0,49069.0,1218.0
2021-01-05 10:02:17.360,0.0056,0.0057,56.0,0.0056,32.0,49069.0,1220.0
2021-01-05 10:02:18.361,0.0056,0.0057,56.0,0.0056,31.0,49069.0,1221.0
2021-01-05 10:02:19.220,0.0056,0.0057,56.0,0.0056,30.0,49069.0,1222.0
2021-01-05 10:02:20.311,0.0056,0.0057,56.0,0.0056,29.0,49069.0,1223.0
2021-01-05 10:02:23.771,0.0056,0.0057,56.0,0.0056,28.0,49069.0,1224.0
2021-01-05 10:02:24.791,0.0056,0.0057,56.0,0.0056,28.0,49069.0,1224.0
2021-01-05 10:02:29.301,0.0056,0.0057,56.0,0.0056,27.0,49069.0,1225.0
2021-01-05 10:02:30.291,0.0056,0.0057,26.0,0.0055,10.0,49069.0,1226.0
2021-01-05 10:02:30.781,0.0056,0.0057,56.0,0.0055,40.0,49069.0,1226.0
2021-01-05 10:02:31.301,0.0056,0.0057,56.0,0.0055,40.0,49069.0,1226.0
2021-01-05 10:02:31.801,0.0056,0.0057,56.0,0.0055,40.0,49069.0,1226.0
2021-01-05 10:02:32.310,0.0056,0.0057,56.0,0.0055,40.0,49069.0,1226.0
2021-01-05 10:02:32.750,0.0056,0.0057,56.0,0.0055,40.0,49069.0,1226.0
2021-01-05 10:02:42.651,0.0056,0.0057,56.0,0.0055,40.0,49069.0,1226.0
2021-01-05 10:02:42.651,0.0056,0.0057,56.0,0.0055,40.0,49069.0,1226.0
2021-01-05 10:02:44.320,0.0056,0.0057,56.0,0.0055,40.0,49069.0,1226.0
2021-01-05 10:02:44.710,0.0056,0.0057,56.0,0.0055,40.0,49069.0,1226.0
2021-01-05 10:02:45.300,0.0056,0.0057,56.0,0.0055,40.0,49069.0,1226.0
2021-01-05 10:02:45.800,0.0056,0.0057,56.0,0.0055,40.0,49069.0,1226.0
2021-01-05 10:02:46.591,0.0056,0.0057,56.0,0.0055,40.0,49069.0,1226.0
2021-01-05 10:02:47.290,0.0056,0.0057,56.0,0.0055,40.0,49069.0,1226.0
2021-01-05 10:02:47.811,0.0056,0.0057,56.0,0.0055,40.0,49069.0,1226.0
2021-01-05 10:02:48.320,0.0056,0.0057,56.0,0.0055,40.0,49069.0,1226.0
2021-01-05 10:02:48.320,0.0056,0.0057,56.0,0.0055,40.0,49069.0,1226.0
2021-01-05 10:02:49.811,0.0056,0.0057,56.0,0.0055,40.0,49069.0,1226.0
2021-01-05 10:02:50.721,0.0056,0.0057,56.0,0.0055,40.0,49069.0,1226.0
2021-01-05 10:02:52.760,0.0056,0.0057,56.0,0.0055,40.0,49069.0,1226.0
2021-01-05 10:02:53.761,0.0056,0.0056,12.0,0.0055,40.0,49069.0,1226.0
2021-01-05 10:02:54.291,0.0056,0.0056,12.0,0.0055,10.0,49069.0,1226.0
2021-01-05 10:02:54.691,0.0056,0.0056,44.0,0.0055,30.0,49069.0,1226.0
2021-01-05 10:02:55.271,0.0056,0.0056,44.0,0.0055,30.0,49069.0,1226.0
2021-01-05 10:02:55.791,0.0056,0.0056,44.0,0.0055,30.0,49069.0,1226.0
2021-01-05 10:02:56.260,0.0056,0.0056,44.0,0.0055,40.0,49069.0,1226.0
2021-01-05 10:02:56.721,0.0056,0.0056,44.0,0.0055,40.0,49069.0,1226.0
2021-01-05 10:02:57.290,0.0056,0.0056,44.0,0.0055,40.0,49069.0,1226.0
2021-01-05 10:02:57.801,0.0056,0.0056,44.0,0.0055,40.0,49069.0,1226.0
2021-01-05 10:02:58.300,0.0056,0.0056,44.0,0.0055,40.0,49069.0,1226.0
2021-01-05 10:02:59.291,0.0056,0.0056,44.0,0.0055,40.0,49069.0,1226.0
2021-01-05 10:02:59.791,0.0056,0.0056,44.0,0.0055,40.0,49069.0,1226.0
2021-01-05 10:03:01.301,0.0056,0.0056,44.0,0.0055,40.0,49069.0,1226.0
2021-01-05 10:03:02.801,0.0056,0.0056,44.0,0.0055,40.0,49069.0,1226.0
