,last,ask1,asize1,bid1,bsize1,oi,volume
2021-01-05 09:25:00.080,,0.0385,1.0,0.036,1.0,8497.0,
2021-01-05 09:30:00.451,,0.0376,10.0,0.036,1.0,8497.0,
2021-01-05 09:30:00.991,,0.0376,10.0,0.0355,10.0,8497.0,
2021-01-05 09:30:01.310,0.0376,0.0377,10.0,0.0355,10.0,8497.0,10.0
2021-01-05 09:30:03.980,0.0376,0.0377,10.0,0.0365,20.0,8497.0,10.0
2021-01-05 09:30:05.010,0.0377,0.0378,10.0,0.0355,10.0,8497.0,20.0
2021-01-05 09:30:06.971,0.0378,0.0379,10.0,0.037,20.0,8497.0,30.0
2021-01-05 09:30:08.960,0.0379,0.0381,20.0,0.037,20.0,8497.0,40.0
2021-01-05 09:30:11.000,0.0381,0.0382,10.0,0.037,20.0,8497.0,60.0
2021-01-05 09:30:13.000,0.0381,0.0382,10.0,0.0368,20.0,8497.0,60.0
2021-01-05 09:30:17.641,0.0381,0.0382,10.0,0.0365,20.0,8497.0,60.0
2021-01-05 09:30:22.240,0.0381,0.0382,10.0,0.0366,20.0,8497.0,60.0
2021-01-05 09:30:24.161,0.0381,0.0382,10.0,0.0355,10.0,8497.0,60.0
2021-01-05 09:30:24.661,0.0381,0.0382,10.0,0.0367,20.0,8497.0,60.0
2021-01-05 09:30:32.631,0.0381,0.0382,10.0,0.0365,20.0,8497.0,60.0
2021-01-05 09:30:38.141,0.0381,0.0382,10.0,0.0365,20.0,8497.0,60.0
2021-01-05 09:30:38.700,0.0381,0.0382,10.0,0.0366,13.0,8497.0,60.0
2021-01-05 09:30:43.681,0.0381,0.0382,10.0,0.0366,23.0,8497.0,60.0
2021-01-05 09:30:44.181,0.0381,0.0382,10.0,0.0366,10.0,8497.0,60.0
2021-01-05 09:30:47.691,0.0381,0.0382,10.0,0.0366,10.0,8497.0,60.0
2021-01-05 09:30:52.221,0.0381,0.0381,20.0,0.0366,10.0,8497.0,60.0
2021-01-05 09:30:52.651,0.0381,0.0381,30.0,0.0366,10.0,8497.0,60.0
2021-01-05 09:30:53.120,0.0381,0.0381,30.0,0.0366,10.0,8497.0,60.0
2021-01-05 09:30:53.660,0.0381,0.0381,30.0,0.0366,23.0,8497.0,60.0
2021-01-05 09:30:55.671,0.0381,0.0381,30.0,0.0366,10.0,8497.0,60.0
2021-01-05 09:30:58.660,0.0381,0.038,20.0,0.0366,10.0,8497.0,60.0
2021-01-05 09:30:59.171,0.0381,0.038,20.0,0.0366,23.0,8497.0,60.0
2021-01-05 09:30:59.640,0.0381,0.038,20.0,0.0366,10.0,8497.0,60.0
2021-01-05 09:31:02.170,0.0381,0.038,20.0,0.0366,10.0,8497.0,60.0
2021-01-05 09:31:02.681,0.0381,0.038,20.0,0.0367,13.0,8497.0,60.0
2021-01-05 09:31:03.680,0.0381,0.038,20.0,0.0369,20.0,8497.0,60.0
2021-01-05 09:31:04.181,0.0381,0.038,20.0,0.0369,50.0,8497.0,60.0
2021-01-05 09:31:04.671,0.0381,0.0379,20.0,0.0369,50.0,8497.0,60.0
2021-01-05 09:31:05.670,0.0381,0.0379,20.0,0.0369,50.0,8497.0,60.0
2021-01-05 09:31:06.681,0.0381,0.0379,20.0,0.0369,50.0,8497.0,60.0
2021-01-05 09:31:09.101,0.0381,0.0379,20.0,0.0369,50.0,8497.0,60.0
2021-01-05 09:31:13.170,0.0381,0.0378,20.0,0.0369,50.0,8497.0,60.0
2021-01-05 09:31:13.710,0.0381,0.0378,20.0,0.0369,63.0,8497.0,60.0
2021-01-05 09:31:15.110,0.0381,0.0378,20.0,0.0369,50.0,8497.0,60.0
2021-01-05 09:31:18.720,0.0381,0.0378,20.0,0.0369,30.0,8497.0,60.0
2021-01-05 09:31:19.150,0.0381,0.0378,30.0,0.0368,10.0,8497.0,60.0
2021-01-05 09:31:19.721,0.0381,0.0378,30.0,0.0368,20.0,8497.0,60.0
2021-01-05 09:31:20.171,0.0381,0.0378,30.0,0.0366,30.0,8497.0,60.0
2021-01-05 09:31:21.671,0.0381,0.0378,30.0,0.0366,30.0,8497.0,60.0
2021-01-05 09:31:22.620,0.0381,0.0378,30.0,0.0366,30.0,8497.0,60.0
2021-01-05 09:31:29.171,0.0381,0.0377,20.0,0.0366,30.0,8497.0,60.0
2021-01-05 09:31:30.170,0.0381,0.0377,20.0,0.0366,30.0,8497.0,60.0
2021-01-05 09:31:34.681,0.0381,0.0377,20.0,0.0366,30.0,8497.0,60.0
2021-01-05 09:31:35.670,0.0381,0.0377,20.0,0.0366,30.0,8497.0,60.0
2021-01-05 09:31:36.181,0.0381,0.0377,20.0,0.0366,30.0,8497.0,60.0
2021-01-05 09:31:38.190,0.0381,0.0377,20.0,0.0366,30.0,8497.0,60.0
2021-01-05 09:31:39.210,0.0381,0.0377,20.0,0.0366,30.0,8497.0,60.0
2021-01-05 09:31:39.710,0.0381,0.0375,12.0,0.0366,30.0,8497.0,60.0
2021-01-05 09:31:40.200,0.0381,0.0375,22.0,0.0366,20.0,8497.0,60.0
2021-01-05 09:31:40.711,0.0381,0.0373,12.0,0.0366,20.0,8497.0,60.0
2021-01-05 09:31:41.191,0.0381,0.0373,22.0,0.0366,20.0,8497.0,60.0
2021-01-05 09:31:41.691,0.0381,0.0371,12.0,0.0364,30.0,8497.0,60.0
2021-01-05 09:31:42.211,0.0381,0.0371,22.0,0.0364,20.0,8497.0,60.0
2021-01-05 09:31:42.211,0.0381,0.0369,12.0,0.0364,20.0,8497.0,60.0
2021-01-05 09:31:43.191,0.0381,0.0369,12.0,0.0364,20.0,8497.0,60.0
2021-01-05 09:31:43.621,0.0381,0.037,22.0,0.0362,20.0,8497.0,60.0
2021-01-05 09:31:44.190,0.0381,0.037,10.0,0.0362,30.0,8497.0,60.0
2021-01-05 09:31:44.641,0.0381,0.037,10.0,0.0362,30.0,8497.0,60.0
2021-01-05 09:31:45.170,0.0381,0.037,10.0,0.0362,30.0,8497.0,60.0
2021-01-05 09:31:45.621,0.0381,0.037,10.0,0.0362,30.0,8497.0,60.0
2021-01-05 09:31:46.701,0.0381,0.037,10.0,0.0362,20.0,8497.0,60.0
2021-01-05 09:31:47.191,0.0381,0.037,10.0,0.0362,20.0,8497.0,60.0
2021-01-05 09:31:47.711,0.0381,0.037,10.0,0.0362,20.0,8497.0,60.0
2021-01-05 09:31:49.711,0.0381,0.037,10.0,0.0362,20.0,8497.0,60.0
2021-01-05 09:31:50.191,0.0381,0.037,10.0,0.0362,20.0,8497.0,60.0
2021-01-05 09:31:50.710,0.0381,0.037,22.0,0.0361,20.0,8497.0,60.0
2021-01-05 09:31:51.210,0.0381,0.037,22.0,0.0361,30.0,8497.0,60.0
2021-01-05 09:31:52.621,0.0381,0.037,10.0,0.0361,30.0,8497.0,60.0
2021-01-05 09:31:53.640,0.0381,0.037,10.0,0.0361,30.0,8497.0,60.0
2021-01-05 09:31:53.640,0.0381,0.037,22.0,0.0361,30.0,8497.0,60.0
2021-01-05 09:31:54.681,0.0381,0.037,22.0,0.0361,30.0,8497.0,60.0
2021-01-05 09:31:56.681,0.0381,0.037,10.0,0.0361,30.0,8497.0,60.0
2021-01-05 09:31:57.171,0.0381,0.037,22.0,0.0361,30.0,8497.0,60.0
2021-01-05 09:31:57.641,0.0381,0.037,22.0,0.0361,10.0,8497.0,60.0
2021-01-05 09:31:58.171,0.0381,0.037,10.0,0.0361,10.0,8497.0,60.0
2021-01-05 09:32:01.170,0.0381,0.037,22.0,0.0361,10.0,8497.0,60.0
2021-01-05 09:32:01.670,0.0381,0.037,22.0,0.036,10.0,8497.0,60.0
2021-01-05 09:32:02.671,0.0381,0.0369,12.0,0.0359,20.0,8497.0,60.0
2021-01-05 09:32:03.180,0.0381,0.0369,10.0,0.0359,10.0,8497.0,60.0
2021-01-05 09:32:03.641,0.0381,0.0369,10.0,0.0359,30.0,8497.0,60.0
2021-01-05 09:32:04.161,0.0381,0.0369,10.0,0.0359,30.0,8497.0,60.0
2021-01-05 09:32:04.661,0.0381,0.0369,22.0,0.0359,30.0,8497.0,60.0
2021-01-05 09:32:06.161,0.0381,0.0369,10.0,0.0359,10.0,8497.0,60.0
2021-01-05 09:32:06.680,0.0381,0.0367,12.0,0.0359,10.0,8497.0,60.0
2021-01-05 09:32:07.070,0.0381,0.0368,22.0,0.0357,10.0,8497.0,60.0
2021-01-05 09:32:08.171,0.0381,0.0368,10.0,0.0357,10.0,8497.0,60.0
2021-01-05 09:32:08.651,0.0381,0.0367,12.0,0.0357,10.0,8497.0,60.0
2021-01-05 09:32:09.141,0.0381,0.0368,10.0,0.0357,10.0,8497.0,60.0
2021-01-05 09:32:09.681,0.0381,0.0368,22.0,0.0357,10.0,8497.0,60.0
2021-01-05 09:32:10.161,0.0381,0.0368,22.0,0.0357,10.0,8497.0,60.0
2021-01-05 09:32:10.630,0.0381,0.0368,22.0,0.0357,10.0,8497.0,60.0
2021-01-05 09:32:11.650,0.0381,0.0368,10.0,0.0357,10.0,8497.0,60.0
2021-01-05 09:32:12.670,0.0381,0.0368,10.0,0.0358,20.0,8497.0,60.0
2021-01-05 09:32:14.660,0.0381,0.0368,22.0,0.0357,10.0,8497.0,60.0
2021-01-05 09:32:15.171,0.0381,0.0367,12.0,0.0357,10.0,8497.0,60.0
2021-01-05 09:32:16.151,0.0381,0.0368,22.0,0.0357,10.0,8497.0,60.0
2021-01-05 09:32:17.161,0.0381,0.0368,42.0,0.0357,30.0,8497.0,60.0
2021-01-05 09:32:18.670,0.0381,0.0367,12.0,0.0357,30.0,8497.0,60.0
2021-01-05 09:32:19.640,0.0381,0.0367,12.0,0.0357,10.0,8497.0,60.0
2021-01-05 09:32:20.151,0.0381,0.0368,42.0,0.0357,10.0,8497.0,60.0
2021-01-05 09:32:20.671,0.0381,0.0368,30.0,0.0357,10.0,8497.0,60.0
2021-01-05 09:32:21.680,0.0381,0.0368,30.0,0.0357,30.0,8497.0,60.0
2021-01-05 09:32:22.181,0.0381,0.0368,42.0,0.0357,30.0,8497.0,60.0
2021-01-05 09:32:23.180,0.0381,0.0368,30.0,0.0357,30.0,8497.0,60.0
2021-01-05 09:32:26.171,0.0381,0.0368,30.0,0.0357,10.0,8497.0,60.0
2021-01-05 09:32:26.581,0.0381,0.0367,12.0,0.0357,10.0,8497.0,60.0
2021-01-05 09:32:28.171,0.0381,0.0368,30.0,0.0357,10.0,8497.0,60.0
2021-01-05 09:32:28.171,0.0381,0.0366,12.0,0.0357,10.0,8497.0,60.0
2021-01-05 09:32:29.180,0.0381,0.0366,22.0,0.0357,10.0,8497.0,60.0
2021-01-05 09:32:30.171,0.0381,0.0366,10.0,0.0356,10.0,8497.0,60.0
2021-01-05 09:32:31.691,0.0381,0.0366,22.0,0.0356,10.0,8497.0,60.0
2021-01-05 09:32:32.121,0.0381,0.0366,10.0,0.0356,10.0,8497.0,60.0
2021-01-05 09:32:33.671,0.0381,0.0366,22.0,0.0356,10.0,8497.0,60.0
2021-01-05 09:32:34.691,0.0381,0.0366,10.0,0.0356,10.0,8497.0,60.0
2021-01-05 09:32:35.170,0.0381,0.0366,22.0,0.0356,10.0,8497.0,60.0
2021-01-05 09:32:36.190,0.0381,0.0366,42.0,0.0356,10.0,8497.0,60.0
2021-01-05 09:32:38.670,0.0381,0.0366,30.0,0.0356,10.0,8497.0,60.0
2021-01-05 09:32:39.630,0.0381,0.0366,42.0,0.0356,10.0,8497.0,60.0
2021-01-05 09:32:40.151,0.0381,0.0366,30.0,0.0356,10.0,8497.0,60.0
2021-01-05 09:32:41.690,0.0381,0.0366,42.0,0.0356,10.0,8497.0,60.0
2021-01-05 09:32:44.700,0.0381,0.0366,30.0,0.0356,10.0,8497.0,60.0
2021-01-05 09:32:45.580,0.0381,0.0366,42.0,0.0356,10.0,8497.0,60.0
2021-01-05 09:32:48.690,0.0381,0.0366,42.0,0.0356,10.0,8497.0,60.0
2021-01-05 09:32:49.190,0.0381,0.0366,42.0,0.0356,10.0,8497.0,60.0
2021-01-05 09:32:49.670,0.0381,0.0366,10.0,0.0356,10.0,8497.0,60.0
2021-01-05 09:32:50.171,0.0381,0.0364,12.0,0.0356,10.0,8497.0,60.0
2021-01-05 09:32:50.700,0.0381,0.0364,10.0,0.0355,20.0,8497.0,60.0
2021-01-05 09:32:51.170,0.0381,0.0364,10.0,0.0355,20.0,8497.0,60.0
2021-01-05 09:32:51.170,0.0381,0.0364,22.0,0.0355,20.0,8497.0,60.0
2021-01-05 09:32:52.191,0.0381,0.0364,10.0,0.0355,20.0,8497.0,60.0
2021-01-05 09:32:52.191,0.0381,0.0364,10.0,0.0355,20.0,8497.0,60.0
2021-01-05 09:32:53.161,0.0381,0.0364,10.0,0.0355,20.0,8497.0,60.0
2021-01-05 09:32:53.641,0.0381,0.0364,10.0,0.0355,20.0,8497.0,60.0
2021-01-05 09:32:53.641,0.0381,0.0364,10.0,0.0355,20.0,8497.0,60.0
2021-01-05 09:32:55.170,0.0381,0.0364,10.0,0.0355,20.0,8497.0,60.0
2021-01-05 09:32:56.150,0.0381,0.0364,10.0,0.0355,20.0,8497.0,60.0
2021-01-05 09:32:57.181,0.0381,0.0364,10.0,0.0355,20.0,8497.0,60.0
2021-01-05 09:32:57.181,0.0381,0.0364,10.0,0.0355,20.0,8497.0,60.0
2021-01-05 09:32:58.171,0.0381,0.0364,10.0,0.0355,20.0,8497.0,60.0
2021-01-05 09:32:58.651,0.0381,0.0364,10.0,0.0355,20.0,8497.0,60.0
2021-01-05 09:32:59.170,0.0381,0.0364,10.0,0.0355,20.0,8497.0,60.0
2021-01-05 09:32:59.621,0.0381,0.0364,10.0,0.0355,20.0,8497.0,60.0
2021-01-05 09:33:00.651,0.0381,0.0364,10.0,0.0355,20.0,8497.0,60.0
2021-01-05 09:33:01.661,0.0381,0.0364,30.0,0.0355,20.0,8497.0,60.0
2021-01-05 09:33:02.651,0.0381,0.0364,30.0,0.0355,20.0,8497.0,60.0
2021-01-05 09:33:03.121,0.0381,0.0364,10.0,0.0356,20.0,8497.0,60.0
2021-01-05 09:33:03.681,0.0381,0.0364,10.0,0.0356,30.0,8497.0,60.0
2021-01-05 09:33:04.140,0.0381,0.0364,10.0,0.0356,30.0,8497.0,60.0
2021-01-05 09:33:04.170,0.0381,0.0364,10.0,0.0356,50.0,8497.0,60.0
2021-01-05 09:33:05.181,0.0381,0.0364,10.0,0.0356,30.0,8497.0,60.0
2021-01-05 09:33:05.690,0.0381,0.0364,10.0,0.0356,30.0,8497.0,60.0
2021-01-05 09:33:06.170,0.0381,0.0364,10.0,0.0356,30.0,8497.0,60.0
2021-01-05 09:33:06.681,0.0381,0.0364,10.0,0.0356,30.0,8497.0,60.0
2021-01-05 09:33:07.171,0.0381,0.0364,10.0,0.0356,30.0,8497.0,60.0
2021-01-05 09:33:07.601,0.0381,0.0364,10.0,0.0356,30.0,8497.0,60.0
2021-01-05 09:33:08.681,0.0381,0.0364,10.0,0.0356,30.0,8497.0,60.0
2021-01-05 09:33:09.181,0.0381,0.0364,10.0,0.0356,30.0,8497.0,60.0
2021-01-05 09:33:10.681,0.0381,0.0364,10.0,0.0356,30.0,8497.0,60.0
2021-01-05 09:33:11.670,0.0381,0.0364,10.0,0.0356,30.0,8497.0,60.0
2021-01-05 09:33:12.181,0.0381,0.0364,10.0,0.0356,30.0,8497.0,60.0
2021-01-05 09:33:12.650,0.0381,0.0364,10.0,0.0356,30.0,8497.0,60.0
2021-01-05 09:33:15.140,0.0381,0.0364,10.0,0.0356,30.0,8497.0,60.0
2021-01-05 09:33:15.651,0.0381,0.0364,10.0,0.0356,30.0,8497.0,60.0
2021-01-05 09:33:16.671,0.0381,0.0364,10.0,0.0356,30.0,8497.0,60.0
2021-01-05 09:33:17.190,0.0381,0.0364,10.0,0.0356,30.0,8497.0,60.0
2021-01-05 09:33:19.660,0.0381,0.0364,10.0,0.0356,30.0,8497.0,60.0
2021-01-05 09:33:22.670,0.0381,0.0364,10.0,0.0356,30.0,8497.0,60.0
2021-01-05 09:33:24.661,0.0381,0.0364,10.0,0.0356,30.0,8497.0,60.0
2021-01-05 09:33:27.171,0.0381,0.0364,10.0,0.0356,10.0,8497.0,60.0
2021-01-05 09:33:27.681,0.0381,0.0364,10.0,0.0356,43.0,8497.0,60.0
2021-01-05 09:33:28.180,0.0381,0.0364,10.0,0.0356,23.0,8497.0,60.0
2021-01-05 09:33:28.670,0.0381,0.0364,10.0,0.0356,30.0,8497.0,60.0
2021-01-05 09:33:29.171,0.0381,0.0364,10.0,0.0357,13.0,8497.0,60.0
2021-01-05 09:33:30.180,0.0381,0.0364,10.0,0.0357,23.0,8497.0,60.0
2021-01-05 09:33:35.690,0.0381,0.0364,10.0,0.0357,10.0,8497.0,60.0
2021-01-05 09:33:36.681,0.0381,0.0364,10.0,0.0357,30.0,8497.0,60.0
2021-01-05 09:33:38.621,0.0381,0.0364,10.0,0.0357,30.0,8497.0,60.0
2021-01-05 09:33:42.160,0.0381,0.0364,10.0,0.0357,30.0,8497.0,60.0
2021-01-05 09:33:42.640,0.0381,0.0364,10.0,0.0357,30.0,8497.0,60.0
2021-01-05 09:33:43.180,0.0381,0.0364,10.0,0.0357,30.0,8497.0,60.0
2021-01-05 09:33:47.191,0.0381,0.0365,10.0,0.0357,30.0,8497.0,60.0
2021-01-05 09:33:47.681,0.0381,0.0365,10.0,0.0357,30.0,8497.0,60.0
2021-01-05 09:33:48.171,0.0381,0.0365,10.0,0.0357,30.0,8497.0,60.0
2021-01-05 09:33:52.190,0.0381,0.0365,10.0,0.0357,30.0,8497.0,60.0
2021-01-05 09:33:55.650,0.0381,0.0365,10.0,0.0357,30.0,8497.0,60.0
2021-01-05 09:33:56.120,0.0381,0.0365,10.0,0.0357,30.0,8497.0,60.0
2021-01-05 09:33:57.671,0.0381,0.0365,10.0,0.0357,10.0,8497.0,60.0
2021-01-05 09:33:59.140,0.0381,0.0365,30.0,0.0357,10.0,8497.0,60.0
2021-01-05 09:33:59.690,0.0381,0.0365,42.0,0.0357,10.0,8497.0,60.0
2021-01-05 09:34:00.671,0.0381,0.0364,12.0,0.0357,10.0,8497.0,60.0
2021-01-05 09:34:01.140,0.0381,0.0364,30.0,0.0357,10.0,8497.0,60.0
2021-01-05 09:34:01.661,0.0381,0.0364,10.0,0.0357,10.0,8497.0,60.0
2021-01-05 09:34:01.951,0.0381,0.0364,10.0,0.0357,10.0,8497.0,60.0
2021-01-05 09:34:02.671,0.0381,0.0364,10.0,0.0357,10.0,8497.0,60.0
2021-01-05 09:34:03.171,0.0381,0.0364,10.0,0.0357,10.0,8497.0,60.0
2021-01-05 09:34:05.121,0.0381,0.0364,10.0,0.0357,10.0,8497.0,60.0
2021-01-05 09:34:06.671,0.0381,0.0364,30.0,0.0357,10.0,8497.0,60.0
2021-01-05 09:34:08.171,0.0381,0.0364,30.0,0.0357,10.0,8497.0,60.0
2021-01-05 09:34:08.690,0.0381,0.0364,42.0,0.0357,10.0,8497.0,60.0
2021-01-05 09:34:10.690,0.0381,0.0364,10.0,0.0357,10.0,8497.0,60.0
2021-01-05 09:34:11.151,0.0381,0.0364,22.0,0.0357,10.0,8497.0,60.0
2021-01-05 09:34:11.681,0.0381,0.0364,10.0,0.0357,10.0,8497.0,60.0
2021-01-05 09:34:12.640,0.0381,0.0364,30.0,0.0357,10.0,8497.0,60.0
2021-01-05 09:34:13.191,0.0381,0.0364,30.0,0.0357,10.0,8497.0,60.0
2021-01-05 09:34:13.521,0.0381,0.0364,10.0,0.0357,10.0,8497.0,60.0
2021-01-05 09:34:14.181,0.0381,0.0364,10.0,0.0357,10.0,8497.0,60.0
2021-01-05 09:34:14.691,0.0381,0.0364,10.0,0.0357,10.0,8497.0,60.0
2021-01-05 09:34:15.181,0.0381,0.0364,10.0,0.0357,10.0,8497.0,60.0
2021-01-05 09:34:15.681,0.0381,0.0364,10.0,0.0357,10.0,8497.0,60.0
2021-01-05 09:34:16.190,0.0381,0.0364,10.0,0.0357,10.0,8497.0,60.0
2021-01-05 09:34:17.181,0.0381,0.0364,30.0,0.0357,10.0,8497.0,60.0
2021-01-05 09:34:17.690,0.0381,0.0364,42.0,0.0357,10.0,8497.0,60.0
2021-01-05 09:34:18.620,0.0381,0.0364,30.0,0.0357,10.0,8497.0,60.0
2021-01-05 09:34:19.041,0.0381,0.0364,42.0,0.0357,10.0,8497.0,60.0
2021-01-05 09:34:19.700,0.0381,0.0364,30.0,0.0357,10.0,8497.0,60.0
2021-01-05 09:34:21.690,0.0381,0.0364,30.0,0.0357,10.0,8497.0,60.0
2021-01-05 09:34:26.641,0.0381,0.0362,12.0,0.0357,10.0,8497.0,60.0
2021-01-05 09:34:27.150,0.0381,0.0362,12.0,0.0356,10.0,8497.0,60.0
2021-01-05 09:34:27.580,0.0381,0.0361,12.0,0.0356,10.0,8497.0,60.0
2021-01-05 09:34:28.120,0.0381,0.0361,22.0,0.0356,10.0,8497.0,60.0
2021-01-05 09:34:28.621,0.0381,0.0359,12.0,0.0356,10.0,8497.0,60.0
2021-01-05 09:34:29.090,0.0381,0.0359,12.0,0.0355,20.0,8497.0,60.0
2021-01-05 09:34:29.601,0.0381,0.0358,12.0,0.0355,10.0,8497.0,60.0
2021-01-05 09:34:30.141,0.0381,0.0358,12.0,0.0355,10.0,8497.0,60.0
2021-01-05 09:34:30.681,0.0381,0.0357,12.0,0.0355,10.0,8497.0,60.0
2021-01-05 09:34:31.280,0.0381,0.0357,12.0,0.0355,10.0,8497.0,60.0
2021-01-05 09:34:32.150,0.0381,0.0357,12.0,0.0355,10.0,8497.0,60.0
2021-01-05 09:34:33.691,0.0381,0.0357,12.0,0.0355,10.0,8497.0,60.0
2021-01-05 09:34:35.130,0.0381,0.0357,12.0,0.0355,10.0,8497.0,60.0
2021-01-05 09:34:35.670,0.0381,0.0357,12.0,0.0355,10.0,8497.0,60.0
2021-01-05 09:34:36.171,0.0381,0.0356,12.0,0.0355,10.0,8497.0,60.0
2021-01-05 09:34:36.680,0.0381,0.0356,12.0,0.0355,10.0,8497.0,60.0
2021-01-05 09:34:37.161,0.0355,0.0355,12.0,0.0354,10.0,8507.0,70.0
2021-01-05 09:34:37.700,0.0355,0.0357,22.0,0.0354,10.0,8507.0,70.0
2021-01-05 09:34:37.990,0.0355,0.0357,12.0,0.0354,10.0,8507.0,70.0
2021-01-05 09:34:38.690,0.0355,0.0358,22.0,0.0354,32.0,8507.0,70.0
2021-01-05 09:34:39.091,0.0355,0.0358,22.0,0.0354,32.0,8507.0,70.0
2021-01-05 09:34:39.470,0.0355,0.0358,22.0,0.0354,32.0,8507.0,70.0
2021-01-05 09:34:40.171,0.0355,0.0358,22.0,0.0354,32.0,8507.0,70.0
2021-01-05 09:34:40.601,0.0355,0.0358,10.0,0.0355,12.0,8507.0,70.0
2021-01-05 09:34:41.201,0.0355,0.0356,12.0,0.0354,20.0,8507.0,70.0
2021-01-05 09:34:41.700,0.0355,0.0356,12.0,0.0354,10.0,8507.0,70.0
2021-01-05 09:34:42.100,0.0355,0.0356,12.0,0.0354,10.0,8507.0,70.0
2021-01-05 09:34:42.680,0.0355,0.0355,12.0,0.0354,10.0,8507.0,70.0
2021-01-05 09:34:43.191,0.0355,0.0355,12.0,0.0354,10.0,8507.0,70.0
2021-01-05 09:34:43.671,0.0355,0.0355,12.0,0.0354,33.0,8507.0,70.0
2021-01-05 09:34:44.651,0.0355,0.0355,12.0,0.0354,33.0,8507.0,70.0
2021-01-05 09:34:45.721,0.0355,0.0355,12.0,0.0354,33.0,8507.0,70.0
2021-01-05 09:34:46.140,0.0355,0.0355,12.0,0.0354,33.0,8507.0,70.0
2021-01-05 09:34:46.660,0.0355,0.0355,12.0,0.0354,33.0,8507.0,70.0
2021-01-05 09:34:47.181,0.0355,0.0355,12.0,0.0354,33.0,8507.0,70.0
2021-01-05 09:34:48.141,0.0355,0.0355,12.0,0.0354,33.0,8507.0,70.0
2021-01-05 09:34:48.700,0.0355,0.0355,12.0,0.0354,33.0,8507.0,70.0
2021-01-05 09:34:49.171,0.0355,0.0356,10.0,0.0354,33.0,8507.0,70.0
2021-01-05 09:34:49.701,0.0355,0.0357,22.0,0.0354,43.0,8507.0,70.0
2021-01-05 09:34:50.161,0.0355,0.0357,10.0,0.0354,55.0,8507.0,70.0
2021-01-05 09:34:50.700,0.0355,0.0356,12.0,0.0354,43.0,8507.0,70.0
2021-01-05 09:34:51.200,0.0355,0.0356,12.0,0.0354,43.0,8507.0,70.0
2021-01-05 09:34:51.701,0.0355,0.0356,12.0,0.0354,43.0,8507.0,70.0
2021-01-05 09:34:52.220,0.0355,0.0356,12.0,0.0354,43.0,8507.0,70.0
2021-01-05 09:34:52.650,0.0355,0.0356,12.0,0.0354,43.0,8507.0,70.0
2021-01-05 09:34:53.180,0.0355,0.0356,12.0,0.0354,43.0,8507.0,70.0
2021-01-05 09:34:53.651,0.0355,0.0356,12.0,0.0354,43.0,8507.0,70.0
2021-01-05 09:34:54.170,0.0355,0.0356,12.0,0.0354,43.0,8507.0,70.0
2021-01-05 09:34:54.631,0.0355,0.0355,12.0,0.0354,43.0,8507.0,70.0
2021-01-05 09:34:55.161,0.0355,0.0356,12.0,0.0354,33.0,8507.0,70.0
2021-01-05 09:34:55.680,0.0355,0.0355,12.0,0.0354,43.0,8507.0,70.0
2021-01-05 09:34:56.141,0.0354,0.0356,10.0,0.0354,19.0,8517.0,84.0
2021-01-05 09:34:56.681,0.0354,0.0356,10.0,0.0354,19.0,8517.0,84.0
2021-01-05 09:34:57.171,0.0354,0.0356,10.0,0.0354,31.0,8517.0,84.0
2021-01-05 09:34:57.670,0.0354,0.0357,22.0,0.0354,19.0,8517.0,84.0
2021-01-05 09:34:58.160,0.0354,0.0357,22.0,0.0354,19.0,8517.0,84.0
2021-01-05 09:34:58.640,0.0354,0.0357,10.0,0.0354,31.0,8517.0,84.0
2021-01-05 09:34:59.170,0.0354,0.0357,22.0,0.0354,19.0,8517.0,84.0
2021-01-05 09:35:00.640,0.0354,0.0357,22.0,0.0354,19.0,8517.0,84.0
2021-01-05 09:35:01.620,0.0354,0.0356,13.0,0.0354,31.0,8517.0,84.0
2021-01-05 09:35:02.181,0.0354,0.0356,10.0,0.0354,31.0,8517.0,84.0
2021-01-05 09:35:02.680,0.0354,0.0356,12.0,0.0354,19.0,8517.0,84.0
2021-01-05 09:35:03.180,0.0354,0.0357,10.0,0.0354,31.0,8517.0,84.0
2021-01-05 09:35:03.660,0.0354,0.0357,13.0,0.0356,12.0,8517.0,84.0
2021-01-05 09:35:04.181,0.0354,0.0357,13.0,0.0354,31.0,8517.0,84.0
2021-01-05 09:35:04.621,0.0354,0.0357,13.0,0.0354,31.0,8517.0,84.0
2021-01-05 09:35:05.671,0.0354,0.0357,33.0,0.0354,31.0,8517.0,84.0
2021-01-05 09:35:06.680,0.0354,0.0357,20.0,0.0354,31.0,8517.0,84.0
2021-01-05 09:35:07.131,0.0354,0.0355,12.0,0.0354,19.0,8517.0,84.0
2021-01-05 09:35:07.650,0.0354,0.0356,32.0,0.0354,19.0,8517.0,84.0
2021-01-05 09:35:08.171,0.0354,0.0354,12.0,0.0353,21.0,8517.0,103.0
2021-01-05 09:35:08.680,0.0353,0.0356,20.0,0.0353,9.0,8528.0,115.0
2021-01-05 09:35:09.191,0.0353,0.0354,12.0,0.0352,40.0,8537.0,124.0
2021-01-05 09:35:09.700,0.0353,0.0356,10.0,0.0352,30.0,8537.0,124.0
2021-01-05 09:35:10.180,0.0353,0.0355,13.0,0.0352,40.0,8537.0,124.0
2021-01-05 09:35:10.691,0.0353,0.0354,12.0,0.0352,40.0,8537.0,124.0
2021-01-05 09:35:11.131,0.0353,0.0354,32.0,0.0352,30.0,8537.0,124.0
2021-01-05 09:35:11.671,0.0353,0.0354,20.0,0.0352,42.0,8537.0,124.0
2021-01-05 09:35:12.101,0.0353,0.0355,30.0,0.0352,52.0,8537.0,124.0
2021-01-05 09:35:12.691,0.0353,0.0355,43.0,0.0352,42.0,8537.0,124.0
2021-01-05 09:35:13.181,0.0353,0.0355,20.0,0.0352,52.0,8537.0,124.0
2021-01-05 09:35:13.640,0.0353,0.0356,10.0,0.0352,30.0,8537.0,124.0
2021-01-05 09:35:14.191,0.0353,0.0357,10.0,0.0352,40.0,8537.0,124.0
2021-01-05 09:35:14.691,0.0353,0.0357,10.0,0.0354,12.0,8537.0,124.0
2021-01-05 09:35:15.200,0.0353,0.0357,13.0,0.0354,12.0,8537.0,124.0
2021-01-05 09:35:15.451,0.0353,0.0357,13.0,0.0355,12.0,8537.0,124.0
2021-01-05 09:35:16.151,0.0353,0.0358,10.0,0.0355,12.0,8537.0,124.0
2021-01-05 09:35:16.681,0.0353,0.0357,13.0,0.0355,12.0,8537.0,124.0
2021-01-05 09:35:17.190,0.0353,0.0358,12.0,0.0354,22.0,8537.0,124.0
2021-01-05 09:35:17.680,0.0353,0.0358,25.0,0.0354,12.0,8537.0,124.0
2021-01-05 09:35:18.170,0.0353,0.0358,25.0,0.0354,12.0,8537.0,124.0
2021-01-05 09:35:18.681,0.0353,0.0359,10.0,0.0355,12.0,8537.0,124.0
2021-01-05 09:35:19.180,0.0353,0.036,30.0,0.0355,12.0,8537.0,124.0
2021-01-05 09:35:19.271,0.0353,0.036,30.0,0.0356,12.0,8537.0,124.0
2021-01-05 09:35:20.110,0.0353,0.036,23.0,0.0356,22.0,8537.0,124.0
2021-01-05 09:35:20.681,0.0353,0.036,10.0,0.0357,12.0,8537.0,124.0
2021-01-05 09:35:21.180,0.0353,0.0359,13.0,0.0357,12.0,8537.0,124.0
2021-01-05 09:35:21.620,0.0353,0.0359,33.0,0.0356,22.0,8537.0,124.0
2021-01-05 09:35:22.171,0.0353,0.0359,43.0,0.0355,10.0,8537.0,124.0
2021-01-05 09:35:22.650,0.0353,0.0357,12.0,0.0354,10.0,8537.0,124.0
2021-01-05 09:35:23.130,0.0353,0.0357,12.0,0.0353,10.0,8537.0,124.0
2021-01-05 09:35:23.680,0.0353,0.0356,12.0,0.0353,10.0,8537.0,124.0
2021-01-05 09:35:24.171,0.0353,0.0356,12.0,0.0353,10.0,8537.0,124.0
2021-01-05 09:35:24.671,0.0353,0.0355,12.0,0.0353,10.0,8537.0,124.0
2021-01-05 09:35:25.170,0.0353,0.0355,12.0,0.0353,10.0,8537.0,124.0
2021-01-05 09:35:26.651,0.0353,0.0356,12.0,0.0353,10.0,8537.0,124.0
2021-01-05 09:35:27.641,0.0353,0.0357,12.0,0.0353,22.0,8537.0,124.0
2021-01-05 09:35:28.171,0.0353,0.0358,10.0,0.0353,10.0,8537.0,124.0
2021-01-05 09:35:28.171,0.0353,0.0356,12.0,0.0353,10.0,8537.0,124.0
2021-01-05 09:35:29.160,0.0353,0.0356,12.0,0.0353,10.0,8537.0,124.0
2021-01-05 09:35:29.641,0.0353,0.0356,12.0,0.0353,10.0,8537.0,124.0
2021-01-05 09:35:30.121,0.0353,0.0356,12.0,0.0353,10.0,8537.0,124.0
2021-01-05 09:35:30.690,0.0353,0.0356,12.0,0.0353,10.0,8537.0,124.0
2021-01-05 09:35:31.170,0.0353,0.0356,12.0,0.0353,10.0,8537.0,124.0
2021-01-05 09:35:31.700,0.0353,0.0356,12.0,0.0353,10.0,8537.0,124.0
2021-01-05 09:35:33.191,0.0353,0.0356,12.0,0.0353,10.0,8537.0,124.0
2021-01-05 09:35:33.650,0.0353,0.0356,12.0,0.0353,10.0,8537.0,124.0
2021-01-05 09:35:34.190,0.0353,0.0355,12.0,0.0353,10.0,8537.0,124.0
2021-01-05 09:35:34.691,0.0353,0.0356,12.0,0.0352,52.0,8537.0,124.0
2021-01-05 09:35:35.200,0.0353,0.0356,12.0,0.0352,52.0,8537.0,124.0
2021-01-05 09:35:35.690,0.0353,0.0355,12.0,0.0352,40.0,8537.0,124.0
2021-01-05 09:35:36.180,0.0353,0.0355,12.0,0.0352,40.0,8537.0,124.0
2021-01-05 09:35:37.171,0.0353,0.0355,12.0,0.0352,40.0,8537.0,124.0
2021-01-05 09:35:40.191,0.0353,0.0356,22.0,0.0352,52.0,8537.0,124.0
2021-01-05 09:35:40.691,0.0353,0.0355,12.0,0.0352,40.0,8537.0,124.0
2021-01-05 09:35:41.190,0.0353,0.0355,12.0,0.0352,30.0,8537.0,124.0
2021-01-05 09:35:42.160,0.0353,0.0355,12.0,0.0352,40.0,8537.0,124.0
2021-01-05 09:35:42.670,0.0353,0.0355,12.0,0.0352,30.0,8537.0,124.0
2021-01-05 09:35:43.190,0.0353,0.0354,12.0,0.0352,40.0,8537.0,124.0
2021-01-05 09:35:43.261,0.0353,0.0356,10.0,0.0352,30.0,8537.0,124.0
2021-01-05 09:35:44.101,0.0353,0.0357,10.0,0.0352,40.0,8537.0,124.0
2021-01-05 09:35:44.681,0.0353,0.0355,12.0,0.0352,40.0,8537.0,124.0
2021-01-05 09:35:45.071,0.0353,0.0355,12.0,0.0352,40.0,8537.0,124.0
2021-01-05 09:35:45.670,0.0353,0.0355,12.0,0.0352,40.0,8537.0,124.0
2021-01-05 09:35:46.700,0.0353,0.0355,12.0,0.0352,40.0,8537.0,124.0
2021-01-05 09:35:47.201,0.0353,0.0354,12.0,0.0352,30.0,8537.0,124.0
2021-01-05 09:35:48.181,0.0353,0.0354,12.0,0.0352,30.0,8537.0,124.0
2021-01-05 09:35:49.190,0.0353,0.0354,12.0,0.0352,30.0,8537.0,124.0
2021-01-05 09:35:49.701,0.0353,0.0354,12.0,0.0352,30.0,8537.0,124.0
2021-01-05 09:35:50.680,0.0353,0.0354,12.0,0.0352,40.0,8537.0,124.0
2021-01-05 09:35:51.180,0.0353,0.0354,12.0,0.0352,30.0,8537.0,124.0
2021-01-05 09:35:52.190,0.0353,0.0354,12.0,0.0352,40.0,8537.0,124.0
2021-01-05 09:35:52.671,0.0353,0.0354,12.0,0.0352,40.0,8537.0,124.0
2021-01-05 09:35:53.631,0.0353,0.0355,12.0,0.0352,40.0,8537.0,124.0
2021-01-05 09:35:54.640,0.0353,0.0355,12.0,0.0352,40.0,8537.0,124.0
2021-01-05 09:35:55.141,0.0353,0.0355,12.0,0.0352,40.0,8537.0,124.0
2021-01-05 09:35:55.691,0.0353,0.0356,12.0,0.0352,52.0,8537.0,124.0
2021-01-05 09:35:56.140,0.0353,0.0357,22.0,0.0353,12.0,8537.0,124.0
2021-01-05 09:35:56.690,0.0353,0.0357,12.0,0.0353,22.0,8537.0,124.0
2021-01-05 09:35:57.160,0.0353,0.0355,1.0,0.0353,22.0,8537.0,124.0
2021-01-05 09:35:57.681,0.0353,0.0355,1.0,0.0353,12.0,8537.0,124.0
2021-01-05 09:35:58.150,0.0353,0.0355,1.0,0.0352,52.0,8537.0,124.0
2021-01-05 09:36:00.201,0.0353,0.0355,1.0,0.0352,40.0,8537.0,124.0
2021-01-05 09:36:00.680,0.0353,0.0355,13.0,0.0352,40.0,8537.0,124.0
2021-01-05 09:36:01.671,0.0353,0.0355,1.0,0.0352,52.0,8537.0,124.0
2021-01-05 09:36:02.170,0.0353,0.0355,1.0,0.0352,40.0,8537.0,124.0
2021-01-05 09:36:02.630,0.0353,0.0355,1.0,0.0353,12.0,8537.0,124.0
2021-01-05 09:36:03.200,0.0353,0.0355,1.0,0.0353,12.0,8537.0,124.0
2021-01-05 09:36:03.700,0.0353,0.0355,1.0,0.0353,12.0,8537.0,124.0
2021-01-05 09:36:04.201,0.0353,0.0355,1.0,0.0354,12.0,8537.0,124.0
2021-01-05 09:36:04.670,0.0353,0.0355,1.0,0.0354,12.0,8537.0,124.0
2021-01-05 09:36:05.150,0.0353,0.0355,1.0,0.0353,12.0,8537.0,124.0
2021-01-05 09:36:05.690,0.0353,0.0355,1.0,0.0352,52.0,8537.0,124.0
2021-01-05 09:36:06.180,0.0353,0.0355,1.0,0.0353,12.0,8537.0,124.0
2021-01-05 09:36:06.700,0.0353,0.0355,1.0,0.0353,12.0,8537.0,124.0
2021-01-05 09:36:08.170,0.0353,0.0355,1.0,0.0353,22.0,8537.0,124.0
2021-01-05 09:36:09.161,0.0353,0.0355,1.0,0.0354,12.0,8537.0,124.0
2021-01-05 09:36:10.160,0.0355,0.0358,10.0,0.0355,11.0,8537.0,125.0
2021-01-05 09:36:10.671,0.0355,0.0359,22.0,0.0355,12.0,8537.0,125.0
2021-01-05 09:36:10.971,0.0355,0.0357,12.0,0.0354,10.0,8537.0,125.0
2021-01-05 09:36:11.651,0.0355,0.0356,12.0,0.0354,10.0,8537.0,125.0
2021-01-05 09:36:12.181,0.0355,0.0357,12.0,0.0354,10.0,8537.0,125.0
2021-01-05 09:36:12.690,0.0355,0.0357,12.0,0.0354,10.0,8537.0,125.0
2021-01-05 09:36:13.190,0.0355,0.0357,12.0,0.0354,10.0,8537.0,125.0
2021-01-05 09:36:13.680,0.0355,0.0358,12.0,0.0354,10.0,8537.0,125.0
2021-01-05 09:36:14.150,0.0355,0.0357,12.0,0.0354,10.0,8537.0,125.0
2021-01-05 09:36:14.611,0.0355,0.0356,12.0,0.0354,10.0,8537.0,125.0
2021-01-05 09:36:15.170,0.0355,0.0357,12.0,0.0354,10.0,8537.0,125.0
2021-01-05 09:36:18.181,0.0355,0.0357,12.0,0.0354,10.0,8537.0,125.0
2021-01-05 09:36:18.680,0.0355,0.0357,12.0,0.0354,10.0,8537.0,125.0
2021-01-05 09:36:19.151,0.0355,0.0357,12.0,0.0354,10.0,8537.0,125.0
2021-01-05 09:36:19.691,0.0355,0.0358,12.0,0.0354,10.0,8537.0,125.0
2021-01-05 09:36:20.161,0.0355,0.0357,12.0,0.0354,10.0,8537.0,125.0
2021-01-05 09:36:20.690,0.0355,0.0356,12.0,0.0354,10.0,8537.0,125.0
2021-01-05 09:36:21.191,0.0355,0.0358,12.0,0.0354,10.0,8537.0,125.0
2021-01-05 09:36:21.691,0.0355,0.0357,12.0,0.0354,10.0,8537.0,125.0
2021-01-05 09:36:22.171,0.0355,0.0358,12.0,0.0354,10.0,8537.0,125.0
2021-01-05 09:36:22.680,0.0355,0.0357,12.0,0.0354,10.0,8537.0,125.0
2021-01-05 09:36:23.191,0.0355,0.0358,12.0,0.0354,10.0,8537.0,125.0
2021-01-05 09:36:23.681,0.0355,0.0357,12.0,0.0354,10.0,8537.0,125.0
2021-01-05 09:36:24.171,0.0355,0.0356,12.0,0.0354,10.0,8537.0,125.0
2021-01-05 09:36:24.701,0.0355,0.0358,12.0,0.0354,10.0,8537.0,125.0
2021-01-05 09:36:25.191,0.0355,0.0357,12.0,0.0354,10.0,8537.0,125.0
2021-01-05 09:36:25.650,0.0355,0.0358,12.0,0.0354,10.0,8537.0,125.0
2021-01-05 09:36:26.651,0.0355,0.0358,12.0,0.0354,10.0,8537.0,125.0
2021-01-05 09:36:27.070,0.0355,0.0358,25.0,0.0354,10.0,8537.0,125.0
2021-01-05 09:36:27.690,0.0355,0.0356,12.0,0.0354,10.0,8537.0,125.0
2021-01-05 09:36:28.190,0.0355,0.0356,12.0,0.0354,10.0,8537.0,125.0
2021-01-05 09:36:28.681,0.0355,0.0358,12.0,0.0354,10.0,8537.0,125.0
2021-01-05 09:36:29.171,0.0355,0.0358,25.0,0.0354,10.0,8537.0,125.0
2021-01-05 09:36:29.661,0.0355,0.0356,12.0,0.0354,10.0,8537.0,125.0
2021-01-05 09:36:30.161,0.0355,0.0356,12.0,0.0354,10.0,8537.0,125.0
2021-01-05 09:36:30.700,0.0355,0.0357,12.0,0.0354,10.0,8537.0,125.0
2021-01-05 09:36:31.181,0.0355,0.0357,12.0,0.0354,10.0,8537.0,125.0
2021-01-05 09:36:31.690,0.0355,0.0357,12.0,0.0354,10.0,8537.0,125.0
2021-01-05 09:36:32.660,0.0355,0.0357,12.0,0.0354,10.0,8537.0,125.0
2021-01-05 09:36:33.200,0.0355,0.0357,12.0,0.0354,10.0,8537.0,125.0
2021-01-05 09:36:34.091,0.0355,0.0357,12.0,0.0354,10.0,8537.0,125.0
2021-01-05 09:36:35.150,0.0355,0.0357,12.0,0.0354,10.0,8537.0,125.0
2021-01-05 09:36:35.701,0.0355,0.0357,12.0,0.0354,10.0,8537.0,125.0
2021-01-05 09:36:36.191,0.0355,0.0357,12.0,0.0354,10.0,8537.0,125.0
2021-01-05 09:36:36.700,0.0355,0.0357,12.0,0.0354,10.0,8537.0,125.0
2021-01-05 09:36:38.120,0.0355,0.0357,12.0,0.0354,10.0,8537.0,125.0
2021-01-05 09:36:40.191,0.0355,0.0358,12.0,0.0354,22.0,8537.0,125.0
2021-01-05 09:36:40.700,0.0355,0.0357,12.0,0.0354,10.0,8537.0,125.0
2021-01-05 09:36:41.201,0.0355,0.0357,12.0,0.0354,10.0,8537.0,125.0
2021-01-05 09:36:41.641,0.0355,0.0358,12.0,0.0354,22.0,8537.0,125.0
2021-01-05 09:36:42.200,0.0355,0.0358,25.0,0.0354,10.0,8537.0,125.0
2021-01-05 09:36:42.690,0.0355,0.0358,25.0,0.0354,22.0,8537.0,125.0
2021-01-05 09:36:43.180,0.0355,0.0358,25.0,0.0354,22.0,8537.0,125.0
2021-01-05 09:36:44.200,0.0355,0.0358,12.0,0.0354,22.0,8537.0,125.0
2021-01-05 09:36:45.191,0.0355,0.0358,12.0,0.0354,10.0,8537.0,125.0
2021-01-05 09:36:45.631,0.0355,0.0358,12.0,0.0354,10.0,8537.0,125.0
2021-01-05 09:36:46.190,0.0355,0.0357,12.0,0.0354,10.0,8537.0,125.0
2021-01-05 09:36:47.130,0.0355,0.0357,12.0,0.0354,10.0,8537.0,125.0
2021-01-05 09:36:47.660,0.0355,0.0357,12.0,0.0354,10.0,8537.0,125.0
2021-01-05 09:36:48.130,0.0355,0.0356,12.0,0.0354,10.0,8537.0,125.0
2021-01-05 09:36:48.630,0.0355,0.0357,12.0,0.0354,10.0,8537.0,125.0
2021-01-05 09:36:49.181,0.0355,0.0357,12.0,0.0354,10.0,8537.0,125.0
2021-01-05 09:36:49.700,0.0355,0.0357,12.0,0.0354,10.0,8537.0,125.0
2021-01-05 09:36:52.691,0.0355,0.0357,12.0,0.0354,10.0,8537.0,125.0
2021-01-05 09:36:54.180,0.0355,0.0357,12.0,0.0354,10.0,8537.0,125.0
2021-01-05 09:36:55.171,0.0355,0.0359,10.0,0.0354,10.0,8537.0,125.0
2021-01-05 09:36:55.651,0.0355,0.0359,35.0,0.0355,12.0,8537.0,125.0
2021-01-05 09:36:56.141,0.0355,0.0359,13.0,0.0356,12.0,8537.0,125.0
2021-01-05 09:36:56.691,0.0355,0.0359,13.0,0.0356,22.0,8537.0,125.0
2021-01-05 09:36:57.171,0.0355,0.0359,23.0,0.0357,12.0,8537.0,125.0
2021-01-05 09:36:57.601,0.0357,0.0359,13.0,0.0357,10.0,8537.0,130.0
2021-01-05 09:36:58.160,0.0357,0.0359,13.0,0.0357,10.0,8537.0,130.0
2021-01-05 09:36:58.610,0.0357,0.0359,25.0,0.0357,10.0,8537.0,130.0
2021-01-05 09:36:59.690,0.0357,0.0359,25.0,0.0357,10.0,8537.0,135.0
2021-01-05 09:37:00.160,0.0357,0.036,22.0,0.0356,22.0,8537.0,140.0
2021-01-05 09:37:00.700,0.0357,0.036,25.0,0.0356,22.0,8537.0,140.0
2021-01-05 09:37:02.191,0.0357,0.036,12.0,0.0356,22.0,8537.0,140.0
2021-01-05 09:37:02.640,0.0357,0.0361,30.0,0.0357,12.0,8537.0,140.0
2021-01-05 09:37:03.151,0.0357,0.036,12.0,0.0357,10.0,8537.0,140.0
2021-01-05 09:37:03.630,0.0357,0.0361,42.0,0.0357,22.0,8537.0,140.0
2021-01-05 09:37:04.200,0.0357,0.0361,35.0,0.0357,22.0,8537.0,140.0
2021-01-05 09:37:04.690,0.0357,0.0362,10.0,0.0359,12.0,8537.0,140.0
2021-01-05 09:37:05.140,0.0359,0.0362,13.0,0.0359,12.0,8537.0,145.0
2021-01-05 09:37:05.701,0.0359,0.0362,25.0,0.0358,22.0,8537.0,145.0
2021-01-05 09:37:06.171,0.0359,0.0361,12.0,0.0358,10.0,8537.0,145.0
2021-01-05 09:37:06.700,0.0359,0.0361,12.0,0.0357,22.0,8537.0,145.0
2021-01-05 09:37:07.180,0.0359,0.0361,12.0,0.0357,10.0,8537.0,145.0
2021-01-05 09:37:07.681,0.0359,0.0361,12.0,0.0357,10.0,8537.0,145.0
2021-01-05 09:37:08.200,0.0359,0.0361,12.0,0.0357,10.0,8537.0,145.0
2021-01-05 09:37:09.660,0.0359,0.0361,12.0,0.0357,10.0,8537.0,145.0
2021-01-05 09:37:10.121,0.0359,0.0361,13.0,0.0357,10.0,8537.0,145.0
2021-01-05 09:37:10.701,0.0359,0.036,12.0,0.0357,10.0,8537.0,145.0
2021-01-05 09:37:12.131,0.0359,0.036,12.0,0.0357,10.0,8537.0,145.0
2021-01-05 09:37:12.131,0.0359,0.036,12.0,0.0357,10.0,8537.0,145.0
2021-01-05 09:37:13.181,0.0359,0.0361,12.0,0.0357,12.0,8537.0,145.0
2021-01-05 09:37:13.681,0.0359,0.036,25.0,0.0357,10.0,8537.0,145.0
2021-01-05 09:37:14.171,0.0359,0.036,25.0,0.0357,10.0,8537.0,145.0
2021-01-05 09:37:15.200,0.0359,0.0359,12.0,0.0357,10.0,8537.0,145.0
2021-01-05 09:37:15.700,0.0359,0.036,12.0,0.0356,22.0,8537.0,145.0
2021-01-05 09:37:16.190,0.0359,0.036,25.0,0.0356,22.0,8537.0,145.0
2021-01-05 09:37:16.461,0.0359,0.036,22.0,0.0356,22.0,8537.0,145.0
2021-01-05 09:37:19.131,0.0359,0.036,22.0,0.0356,22.0,8537.0,145.0
2021-01-05 09:37:19.711,0.0359,0.036,35.0,0.0356,22.0,8537.0,145.0
2021-01-05 09:37:20.211,0.0359,0.036,22.0,0.0356,22.0,8537.0,145.0
2021-01-05 09:37:21.200,0.0359,0.036,10.0,0.0357,12.0,8537.0,145.0
2021-01-05 09:37:21.701,0.0359,0.0361,22.0,0.0357,22.0,8537.0,145.0
2021-01-05 09:37:23.150,0.0359,0.0361,22.0,0.0357,22.0,8537.0,145.0
2021-01-05 09:37:26.170,0.0359,0.0361,22.0,0.0357,22.0,8537.0,145.0
2021-01-05 09:37:26.650,0.0359,0.0361,22.0,0.0357,22.0,8537.0,145.0
2021-01-05 09:37:29.130,0.0359,0.0361,22.0,0.0357,22.0,8537.0,145.0
2021-01-05 09:37:29.691,0.0359,0.0361,22.0,0.0357,22.0,8537.0,145.0
2021-01-05 09:37:30.650,0.0359,0.036,12.0,0.0357,10.0,8537.0,145.0
2021-01-05 09:37:31.190,0.0359,0.0361,10.0,0.0357,10.0,8537.0,145.0
2021-01-05 09:37:31.691,0.0359,0.0362,10.0,0.0357,22.0,8537.0,145.0
2021-01-05 09:37:32.141,0.0359,0.0362,23.0,0.0359,12.0,8537.0,145.0
2021-01-05 09:37:32.651,0.0359,0.0362,23.0,0.0359,22.0,8537.0,145.0
2021-01-05 09:37:33.180,0.0359,0.0362,22.0,0.0358,22.0,8537.0,145.0
2021-01-05 09:37:33.701,0.0359,0.0361,13.0,0.0359,12.0,8537.0,145.0
2021-01-05 09:37:35.170,0.0359,0.0362,10.0,0.0359,12.0,8537.0,145.0
2021-01-05 09:37:35.650,0.0359,0.0362,13.0,0.0359,12.0,8537.0,145.0
2021-01-05 09:37:36.200,0.0359,0.0362,23.0,0.0359,12.0,8537.0,145.0
2021-01-05 09:37:37.691,0.0359,0.0362,23.0,0.0359,12.0,8537.0,145.0
2021-01-05 09:37:38.651,0.0359,0.0362,10.0,0.036,12.0,8537.0,145.0
2021-01-05 09:37:39.170,0.0359,0.0363,20.0,0.036,12.0,8537.0,145.0
2021-01-05 09:37:39.641,0.0359,0.0363,23.0,0.036,12.0,8537.0,145.0
2021-01-05 09:37:40.701,0.0359,0.0363,23.0,0.036,12.0,8537.0,145.0
2021-01-05 09:37:42.130,0.0359,0.0363,23.0,0.036,12.0,8537.0,145.0
2021-01-05 09:37:42.691,0.0359,0.0363,23.0,0.036,22.0,8537.0,145.0
2021-01-05 09:37:43.181,0.0359,0.0363,10.0,0.036,22.0,8537.0,145.0
2021-01-05 09:37:43.671,0.0359,0.0365,22.0,0.0361,12.0,8537.0,145.0
2021-01-05 09:37:44.190,0.0359,0.0364,23.0,0.0361,12.0,8537.0,145.0
2021-01-05 09:37:44.651,0.0359,0.0364,23.0,0.0361,12.0,8537.0,145.0
2021-01-05 09:37:45.191,0.0359,0.0364,23.0,0.0361,12.0,8537.0,145.0
2021-01-05 09:37:47.210,0.0359,0.0364,33.0,0.0361,22.0,8537.0,145.0
2021-01-05 09:37:47.661,0.0359,0.0364,35.0,0.036,22.0,8537.0,145.0
2021-01-05 09:37:48.201,0.0359,0.0364,35.0,0.036,22.0,8537.0,145.0
2021-01-05 09:37:48.700,0.0359,0.0364,35.0,0.036,22.0,8537.0,145.0
2021-01-05 09:37:49.670,0.0359,0.0364,23.0,0.0361,12.0,8537.0,145.0
2021-01-05 09:37:50.220,0.0359,0.0364,23.0,0.0361,22.0,8537.0,145.0
2021-01-05 09:37:50.721,0.0359,0.0364,23.0,0.0361,12.0,8537.0,145.0
2021-01-05 09:37:51.161,0.0359,0.0364,23.0,0.0361,12.0,8537.0,145.0
2021-01-05 09:37:51.691,0.0359,0.0364,35.0,0.0361,10.0,8537.0,145.0
2021-01-05 09:37:52.191,0.0359,0.0364,35.0,0.0361,10.0,8537.0,145.0
2021-01-05 09:37:52.660,0.0359,0.0364,35.0,0.036,22.0,8537.0,145.0
2021-01-05 09:37:53.161,0.0359,0.0364,35.0,0.036,22.0,8537.0,145.0
2021-01-05 09:37:54.170,0.0359,0.0364,23.0,0.0361,12.0,8537.0,145.0
2021-01-05 09:37:54.690,0.0359,0.0364,23.0,0.0361,22.0,8537.0,145.0
2021-01-05 09:37:55.190,0.0359,0.0364,10.0,0.0361,22.0,8537.0,145.0
2021-01-05 09:37:55.691,0.0359,0.0364,25.0,0.0361,10.0,8537.0,145.0
2021-01-05 09:37:56.121,0.0359,0.0364,35.0,0.0361,10.0,8537.0,145.0
2021-01-05 09:37:57.170,0.0359,0.0364,23.0,0.0361,22.0,8537.0,145.0
2021-01-05 09:37:57.601,0.0359,0.0364,10.0,0.0361,12.0,8537.0,145.0
2021-01-05 09:37:58.091,0.0359,0.0365,12.0,0.0361,22.0,8537.0,145.0
2021-01-05 09:37:58.640,0.0359,0.0365,35.0,0.0361,22.0,8537.0,145.0
2021-01-05 09:37:59.670,0.0359,0.0365,35.0,0.0361,22.0,8537.0,145.0
2021-01-05 09:38:00.131,0.0359,0.0365,22.0,0.0361,22.0,8537.0,145.0
2021-01-05 09:38:00.680,0.0359,0.0364,13.0,0.0361,22.0,8537.0,145.0
2021-01-05 09:38:01.180,0.0359,0.0365,42.0,0.0361,22.0,8537.0,145.0
2021-01-05 09:38:01.681,0.0359,0.0364,12.0,0.0361,10.0,8537.0,145.0
2021-01-05 09:38:02.150,0.0359,0.0364,12.0,0.0361,10.0,8537.0,145.0
2021-01-05 09:38:02.680,0.0359,0.0363,13.0,0.0361,10.0,8537.0,145.0
2021-01-05 09:38:02.841,0.0359,0.0363,23.0,0.0361,10.0,8537.0,145.0
2021-01-05 09:38:04.680,0.0359,0.0363,23.0,0.036,22.0,8537.0,145.0
2021-01-05 09:38:05.181,0.0359,0.0363,35.0,0.036,10.0,8537.0,145.0
2021-01-05 09:38:05.681,0.0359,0.0363,23.0,0.036,22.0,8537.0,145.0
2021-01-05 09:38:07.200,0.0359,0.0363,35.0,0.036,10.0,8537.0,145.0
2021-01-05 09:38:07.690,0.0359,0.0363,35.0,0.036,10.0,8537.0,145.0
2021-01-05 09:38:08.151,0.0359,0.0363,35.0,0.036,10.0,8537.0,145.0
2021-01-05 09:38:08.670,0.0359,0.0363,35.0,0.036,10.0,8537.0,145.0
2021-01-05 09:38:10.180,0.0359,0.0362,12.0,0.036,10.0,8537.0,145.0
2021-01-05 09:38:10.670,0.0359,0.0362,12.0,0.0359,10.0,8537.0,145.0
2021-01-05 09:38:11.141,0.0359,0.0362,13.0,0.0359,22.0,8537.0,145.0
2021-01-05 09:38:11.701,0.0359,0.0362,13.0,0.0359,22.0,8537.0,145.0
2021-01-05 09:38:12.191,0.0359,0.0363,20.0,0.036,12.0,8537.0,145.0
2021-01-05 09:38:12.531,0.0359,0.0361,12.0,0.036,10.0,8537.0,145.0
2021-01-05 09:38:13.110,0.0359,0.0364,10.0,0.0359,10.0,8537.0,145.0
2021-01-05 09:38:13.371,0.0359,0.0362,12.0,0.0359,10.0,8537.0,145.0
2021-01-05 09:38:14.141,0.0359,0.0361,12.0,0.0359,10.0,8537.0,145.0
2021-01-05 09:38:14.691,0.0359,0.0362,22.0,0.0359,10.0,8537.0,145.0
2021-01-05 09:38:15.150,0.0359,0.0361,12.0,0.0359,10.0,8537.0,145.0
2021-01-05 09:38:15.730,0.0359,0.036,12.0,0.0359,10.0,8537.0,145.0
2021-01-05 09:38:16.210,0.0359,0.0361,12.0,0.0358,10.0,8537.0,145.0
2021-01-05 09:38:16.721,0.0359,0.0362,10.0,0.036,12.0,8537.0,145.0
2021-01-05 09:38:17.190,0.0359,0.0362,13.0,0.036,12.0,8537.0,145.0
2021-01-05 09:38:17.701,0.0359,0.0362,23.0,0.036,12.0,8537.0,145.0
2021-01-05 09:38:18.231,0.0359,0.0362,23.0,0.036,12.0,8537.0,145.0
2021-01-05 09:38:21.670,0.0359,0.0362,10.0,0.036,12.0,8537.0,145.0
2021-01-05 09:38:22.210,0.0359,0.0361,13.0,0.036,12.0,8537.0,145.0
2021-01-05 09:38:22.661,0.0359,0.0361,13.0,0.036,12.0,8537.0,145.0
2021-01-05 09:38:23.201,0.0359,0.0361,13.0,0.036,12.0,8537.0,145.0
2021-01-05 09:38:23.681,0.0359,0.0363,30.0,0.036,12.0,8537.0,145.0
2021-01-05 09:38:24.141,0.0359,0.0362,13.0,0.036,12.0,8537.0,145.0
2021-01-05 09:38:24.671,0.0359,0.0361,10.0,0.036,12.0,8537.0,145.0
2021-01-05 09:38:25.101,0.0359,0.0362,20.0,0.0361,12.0,8537.0,145.0
2021-01-05 09:38:25.700,0.0359,0.0362,43.0,0.0361,12.0,8537.0,145.0
2021-01-05 09:38:26.100,0.0361,0.0362,43.0,0.036,12.0,8537.0,150.0
2021-01-05 09:38:26.701,0.0361,0.0361,12.0,0.0359,10.0,8537.0,150.0
2021-01-05 09:38:27.201,0.0361,0.0361,1.0,0.0358,10.0,8537.0,162.0
2021-01-05 09:38:27.691,0.0361,0.0361,1.0,0.0358,10.0,8537.0,162.0
2021-01-05 09:38:28.171,0.0361,0.0361,1.0,0.0358,10.0,8537.0,162.0
2021-01-05 09:38:28.680,0.0361,0.0361,1.0,0.0358,22.0,8537.0,162.0
2021-01-05 09:38:29.191,0.0361,0.0361,1.0,0.0358,22.0,8537.0,162.0
2021-01-05 09:38:29.641,0.0361,0.0361,1.0,0.0358,22.0,8537.0,162.0
2021-01-05 09:38:30.670,0.0361,0.0361,1.0,0.036,12.0,8537.0,162.0
2021-01-05 09:38:31.181,0.0361,0.0361,1.0,0.0359,22.0,8537.0,162.0
2021-01-05 09:38:31.700,0.0361,0.0362,10.0,0.0361,12.0,8537.0,163.0
2021-01-05 09:38:32.171,0.0361,0.0363,20.0,0.036,12.0,8537.0,163.0
2021-01-05 09:38:32.701,0.0361,0.0361,12.0,0.0359,10.0,8537.0,163.0
2021-01-05 09:38:33.070,0.0361,0.036,12.0,0.0358,10.0,8537.0,163.0
2021-01-05 09:38:33.700,0.0361,0.036,10.0,0.0358,10.0,8537.0,163.0
2021-01-05 09:38:34.201,0.0361,0.036,10.0,0.0357,10.0,8537.0,163.0
2021-01-05 09:38:35.200,0.0361,0.0361,10.0,0.0358,22.0,8537.0,163.0
2021-01-05 09:38:35.621,0.0361,0.0361,10.0,0.0358,10.0,8537.0,163.0
2021-01-05 09:38:36.061,0.0361,0.0363,42.0,0.0359,12.0,8537.0,163.0
2021-01-05 09:38:36.691,0.0361,0.0361,12.0,0.0358,10.0,8537.0,163.0
2021-01-05 09:38:37.160,0.0361,0.0361,12.0,0.0358,10.0,8537.0,163.0
2021-01-05 09:38:37.680,0.0361,0.0361,22.0,0.0357,22.0,8537.0,163.0
2021-01-05 09:38:38.161,0.0361,0.0361,30.0,0.0358,12.0,8537.0,163.0
2021-01-05 09:38:38.660,0.0361,0.0361,22.0,0.0357,22.0,8537.0,163.0
2021-01-05 09:38:39.161,0.0361,0.0361,42.0,0.0357,22.0,8537.0,163.0
2021-01-05 09:38:40.201,0.0361,0.036,12.0,0.0357,10.0,8537.0,163.0
2021-01-05 09:38:40.591,0.0361,0.0361,32.0,0.0357,22.0,8537.0,163.0
2021-01-05 09:38:41.190,0.0361,0.0361,10.0,0.0359,12.0,8537.0,163.0
2021-01-05 09:38:41.670,0.0361,0.0361,10.0,0.0359,12.0,8537.0,163.0
2021-01-05 09:38:42.191,0.0361,0.0362,32.0,0.0358,12.0,8537.0,163.0
2021-01-05 09:38:42.700,0.0361,0.0362,55.0,0.0358,12.0,8537.0,163.0
2021-01-05 09:38:43.150,0.0361,0.0362,35.0,0.0358,12.0,8537.0,163.0
2021-01-05 09:38:43.701,0.0361,0.0362,23.0,0.0358,10.0,8537.0,163.0
2021-01-05 09:38:44.191,0.0361,0.0362,10.0,0.036,12.0,8537.0,163.0
2021-01-05 09:38:44.690,0.0361,0.0364,30.0,0.036,12.0,8537.0,163.0
2021-01-05 09:38:45.201,0.0361,0.0363,10.0,0.0361,12.0,8537.0,163.0
2021-01-05 09:38:45.480,0.0361,0.0365,30.0,0.036,10.0,8537.0,168.0
2021-01-05 09:38:46.200,0.0361,0.0365,42.0,0.0361,12.0,8537.0,168.0
2021-01-05 09:38:46.521,0.0361,0.0363,12.0,0.0361,10.0,8537.0,168.0
2021-01-05 09:38:47.140,0.0361,0.0364,12.0,0.0361,10.0,8537.0,168.0
2021-01-05 09:38:47.691,0.0361,0.0364,22.0,0.0361,10.0,8537.0,168.0
2021-01-05 09:38:48.200,0.0361,0.0364,22.0,0.0361,10.0,8537.0,168.0
2021-01-05 09:38:48.650,0.0361,0.0364,22.0,0.0361,10.0,8537.0,168.0
2021-01-05 09:38:49.130,0.0361,0.0364,10.0,0.0361,22.0,8537.0,168.0
2021-01-05 09:38:49.691,0.0361,0.0365,12.0,0.0361,22.0,8537.0,168.0
2021-01-05 09:38:50.091,0.0361,0.0365,30.0,0.0361,10.0,8537.0,168.0
2021-01-05 09:38:51.170,0.0361,0.0363,12.0,0.0361,10.0,8537.0,168.0
2021-01-05 09:38:51.691,0.0361,0.0364,20.0,0.0363,12.0,8537.0,168.0
2021-01-05 09:38:52.140,0.0361,0.0364,10.0,0.0362,22.0,8537.0,168.0
2021-01-05 09:38:52.630,0.0361,0.0362,12.0,0.0361,10.0,8537.0,168.0
2021-01-05 09:38:53.191,0.0361,0.0364,12.0,0.036,10.0,8537.0,168.0
2021-01-05 09:38:54.200,0.0361,0.0363,12.0,0.036,23.0,8537.0,168.0
2021-01-05 09:38:54.690,0.0361,0.0364,10.0,0.0361,12.0,8537.0,168.0
2021-01-05 09:38:55.191,0.0361,0.0366,10.0,0.0362,12.0,8537.0,168.0
2021-01-05 09:38:55.700,0.0361,0.0365,10.0,0.0362,22.0,8537.0,168.0
2021-01-05 09:38:56.190,0.0361,0.0366,12.0,0.0362,22.0,8537.0,168.0
2021-01-05 09:38:56.661,0.0361,0.0366,35.0,0.0362,22.0,8537.0,168.0
2021-01-05 09:38:57.200,0.0361,0.0366,10.0,0.0363,12.0,8537.0,168.0
2021-01-05 09:38:57.640,0.0361,0.0368,30.0,0.0363,10.0,8537.0,168.0
2021-01-05 09:38:58.161,0.0361,0.0366,12.0,0.0363,10.0,8537.0,168.0
2021-01-05 09:38:58.670,0.0361,0.0367,22.0,0.0363,22.0,8537.0,168.0
2021-01-05 09:38:59.060,0.0361,0.0367,22.0,0.0363,22.0,8537.0,168.0
2021-01-05 09:39:00.660,0.0361,0.0365,12.0,0.0363,10.0,8537.0,168.0
2021-01-05 09:39:01.160,0.0361,0.0365,12.0,0.0363,10.0,8537.0,168.0
2021-01-05 09:39:01.700,0.0361,0.0365,10.0,0.0363,10.0,8537.0,168.0
2021-01-05 09:39:02.170,0.0361,0.0365,12.0,0.0363,10.0,8537.0,168.0
2021-01-05 09:39:02.660,0.0361,0.0365,12.0,0.0363,10.0,8537.0,168.0
2021-01-05 09:39:04.161,0.0361,0.0365,12.0,0.0363,10.0,8537.0,168.0
2021-01-05 09:39:04.610,0.0361,0.0365,12.0,0.0363,10.0,8537.0,168.0
2021-01-05 09:39:05.211,0.0361,0.0366,10.0,0.0364,12.0,8537.0,168.0
2021-01-05 09:39:05.701,0.0361,0.0368,12.0,0.0364,22.0,8537.0,168.0
2021-01-05 09:39:06.191,0.0361,0.0367,10.0,0.0364,22.0,8537.0,168.0
2021-01-05 09:39:06.650,0.0361,0.0368,12.0,0.0364,22.0,8537.0,168.0
2021-01-05 09:39:07.050,0.0361,0.0368,35.0,0.0364,22.0,8537.0,168.0
2021-01-05 09:39:07.680,0.0361,0.0367,12.0,0.0364,10.0,8537.0,168.0
2021-01-05 09:39:08.131,0.0361,0.0368,22.0,0.0364,22.0,8537.0,168.0
2021-01-05 09:39:08.690,0.0364,0.0367,12.0,0.0364,10.0,8532.0,173.0
2021-01-05 09:39:09.161,0.0364,0.0367,12.0,0.0364,10.0,8532.0,173.0
2021-01-05 09:39:10.191,0.0364,0.0368,32.0,0.0364,22.0,8532.0,173.0
2021-01-05 09:39:10.721,0.0364,0.0367,12.0,0.0364,10.0,8532.0,173.0
2021-01-05 09:39:11.701,0.0364,0.0367,12.0,0.0364,10.0,8532.0,173.0
2021-01-05 09:39:12.220,0.0364,0.0368,22.0,0.0364,22.0,8532.0,173.0
2021-01-05 09:39:12.690,0.0364,0.0367,12.0,0.0364,10.0,8532.0,173.0
2021-01-05 09:39:13.720,0.0364,0.0368,32.0,0.0364,22.0,8532.0,173.0
2021-01-05 09:39:14.160,0.0364,0.0366,12.0,0.0364,10.0,8532.0,173.0
2021-01-05 09:39:15.220,0.0364,0.0366,22.0,0.0363,10.0,8532.0,173.0
2021-01-05 09:39:15.720,0.0364,0.0365,12.0,0.0363,10.0,8532.0,173.0
2021-01-05 09:39:17.650,0.0364,0.0366,22.0,0.0363,10.0,8532.0,173.0
2021-01-05 09:39:18.221,0.0364,0.0366,22.0,0.0363,10.0,8532.0,173.0
2021-01-05 09:39:18.671,0.0364,0.0366,22.0,0.0363,10.0,8532.0,173.0
2021-01-05 09:39:19.710,0.0364,0.0366,22.0,0.0363,10.0,8532.0,173.0
2021-01-05 09:39:20.221,0.0364,0.0365,12.0,0.0363,10.0,8532.0,173.0
2021-01-05 09:39:21.231,0.0364,0.0365,12.0,0.0363,10.0,8532.0,173.0
2021-01-05 09:39:22.651,0.0364,0.0365,12.0,0.0363,10.0,8532.0,173.0
2021-01-05 09:39:23.200,0.0364,0.0364,12.0,0.0363,10.0,8532.0,173.0
2021-01-05 09:39:24.051,0.0364,0.0369,10.0,0.0364,12.0,8532.0,183.0
2021-01-05 09:39:25.210,0.0364,0.0367,22.0,0.0364,10.0,8532.0,183.0
2021-01-05 09:39:25.700,0.0364,0.0367,10.0,0.0363,20.0,8532.0,183.0
2021-01-05 09:39:26.130,0.0364,0.0366,12.0,0.0363,20.0,8532.0,183.0
2021-01-05 09:39:26.681,0.0364,0.0366,12.0,0.0363,20.0,8532.0,183.0
2021-01-05 09:39:27.210,0.0364,0.0366,22.0,0.0363,20.0,8532.0,183.0
2021-01-05 09:39:27.711,0.0364,0.0366,22.0,0.0363,20.0,8532.0,183.0
2021-01-05 09:39:29.231,0.0364,0.0365,12.0,0.0363,20.0,8532.0,183.0
2021-01-05 09:39:29.721,0.0364,0.0366,22.0,0.0363,20.0,8532.0,183.0
2021-01-05 09:39:30.220,0.0364,0.0366,10.0,0.0363,52.0,8532.0,183.0
2021-01-05 09:39:30.721,0.0364,0.0365,12.0,0.0363,20.0,8532.0,183.0
2021-01-05 09:39:31.121,0.0364,0.0366,22.0,0.0363,10.0,8532.0,183.0
2021-01-05 09:39:31.690,0.0364,0.0367,20.0,0.0365,12.0,8532.0,183.0
2021-01-05 09:39:32.141,0.0364,0.0367,23.0,0.0365,12.0,8532.0,183.0
2021-01-05 09:39:32.631,0.0364,0.0367,23.0,0.0365,12.0,8532.0,183.0
2021-01-05 09:39:33.180,0.0364,0.0367,23.0,0.0365,12.0,8532.0,183.0
2021-01-05 09:39:33.530,0.0364,0.0367,23.0,0.0365,12.0,8532.0,183.0
2021-01-05 09:39:33.530,0.0364,0.0367,23.0,0.0365,12.0,8532.0,183.0
2021-01-05 09:39:34.681,0.0364,0.0367,10.0,0.0365,12.0,8532.0,183.0
2021-01-05 09:39:35.171,0.0364,0.0368,10.0,0.0365,12.0,8532.0,183.0
2021-01-05 09:39:35.651,0.0364,0.0368,23.0,0.0365,12.0,8532.0,183.0
2021-01-05 09:39:36.231,0.0364,0.0368,13.0,0.0365,12.0,8532.0,183.0
2021-01-05 09:39:36.660,0.0364,0.0368,23.0,0.0366,12.0,8532.0,183.0
2021-01-05 09:39:37.221,0.0364,0.0367,12.0,0.0364,10.0,8532.0,183.0
2021-01-05 09:39:37.730,0.0364,0.0366,12.0,0.0363,40.0,8532.0,183.0
2021-01-05 09:39:38.221,0.0364,0.0366,12.0,0.0363,30.0,8532.0,183.0
2021-01-05 09:39:38.650,0.0364,0.0366,22.0,0.0363,30.0,8532.0,183.0
2021-01-05 09:39:39.241,0.0364,0.0366,32.0,0.0363,10.0,8532.0,183.0
2021-01-05 09:39:39.751,0.0364,0.0366,35.0,0.0363,10.0,8532.0,183.0
2021-01-05 09:39:40.200,0.0364,0.0366,35.0,0.0363,10.0,8532.0,183.0
2021-01-05 09:39:41.220,0.0364,0.0366,35.0,0.0363,30.0,8532.0,183.0
2021-01-05 09:39:41.750,0.0364,0.0365,12.0,0.0363,10.0,8532.0,183.0
2021-01-05 09:39:42.210,0.0364,0.0366,10.0,0.0363,10.0,8532.0,183.0
2021-01-05 09:39:42.740,0.0364,0.0366,23.0,0.0363,10.0,8532.0,183.0
2021-01-05 09:39:43.191,0.0364,0.0365,12.0,0.0363,10.0,8532.0,183.0
2021-01-05 09:39:43.570,0.0364,0.0365,12.0,0.0363,10.0,8532.0,183.0
2021-01-05 09:39:44.231,0.0364,0.0365,12.0,0.0363,10.0,8532.0,183.0
2021-01-05 09:39:44.680,0.0364,0.0365,12.0,0.0363,10.0,8532.0,183.0
2021-01-05 09:39:45.750,0.0364,0.0364,12.0,0.0363,10.0,8532.0,183.0
2021-01-05 09:39:46.190,0.0364,0.0366,20.0,0.0363,10.0,8532.0,183.0
2021-01-05 09:39:46.711,0.0364,0.0365,13.0,0.0364,12.0,8532.0,183.0
2021-01-05 09:39:47.250,0.0364,0.0365,13.0,0.0364,7.0,8532.0,193.0
2021-01-05 09:39:47.710,0.0364,0.0364,12.0,0.0363,10.0,8532.0,193.0
2021-01-05 09:39:48.221,0.0363,0.0363,2.0,0.0361,10.0,8532.0,203.0
2021-01-05 09:39:48.720,0.0363,0.0364,12.0,0.036,30.0,8532.0,203.0
2021-01-05 09:39:49.241,0.0363,0.0363,12.0,0.036,30.0,8532.0,203.0
2021-01-05 09:39:49.711,0.0363,0.0362,12.0,0.036,30.0,8532.0,203.0
2021-01-05 09:39:50.121,0.0363,0.0363,12.0,0.0359,30.0,8532.0,203.0
2021-01-05 09:39:50.710,0.0363,0.0363,12.0,0.0359,30.0,8532.0,203.0
2021-01-05 09:39:51.241,0.0363,0.0363,25.0,0.0359,10.0,8532.0,203.0
2021-01-05 09:39:51.730,0.0363,0.0361,12.0,0.0359,10.0,8532.0,203.0
2021-01-05 09:39:52.251,0.0363,0.0361,12.0,0.0358,40.0,8532.0,203.0
2021-01-05 09:39:52.670,0.0363,0.0361,12.0,0.0359,20.0,8532.0,203.0
2021-01-05 09:39:53.181,0.0361,0.0363,10.0,0.0358,40.0,8532.0,215.0
2021-01-05 09:39:53.630,0.0361,0.0364,10.0,0.036,12.0,8532.0,215.0
2021-01-05 09:39:54.191,0.0361,0.0362,12.0,0.036,30.0,8532.0,215.0
2021-01-05 09:39:54.691,0.0361,0.0362,12.0,0.036,20.0,8532.0,215.0
2021-01-05 09:39:55.181,0.0361,0.0362,12.0,0.0359,30.0,8532.0,215.0
2021-01-05 09:39:55.361,0.0361,0.0362,12.0,0.0359,30.0,8532.0,215.0
2021-01-05 09:39:56.120,0.0361,0.0361,12.0,0.0359,20.0,8532.0,215.0
2021-01-05 09:39:56.691,0.0361,0.0361,12.0,0.0358,20.0,8532.0,215.0
2021-01-05 09:39:57.181,0.0361,0.0361,12.0,0.0358,20.0,8532.0,215.0
2021-01-05 09:39:57.580,0.0361,0.0361,12.0,0.0358,40.0,8532.0,215.0
2021-01-05 09:39:58.170,0.0361,0.0361,12.0,0.0358,40.0,8532.0,220.0
2021-01-05 09:39:58.600,0.0361,0.0363,22.0,0.0359,12.0,8532.0,220.0
2021-01-05 09:39:59.061,0.0361,0.0362,12.0,0.0358,52.0,8532.0,220.0
2021-01-05 09:39:59.670,0.0361,0.0362,12.0,0.0358,52.0,8532.0,220.0
2021-01-05 09:40:01.201,0.0361,0.0363,22.0,0.0359,12.0,8532.0,220.0
2021-01-05 09:40:01.570,0.0361,0.0362,13.0,0.0359,22.0,8532.0,220.0
2021-01-05 09:40:02.671,0.0361,0.0362,13.0,0.036,12.0,8532.0,220.0
2021-01-05 09:40:04.160,0.0361,0.0362,13.0,0.036,22.0,8532.0,220.0
2021-01-05 09:40:04.700,0.0361,0.0362,13.0,0.036,12.0,8532.0,220.0
2021-01-05 09:40:05.170,0.0361,0.0362,13.0,0.036,12.0,8532.0,220.0
2021-01-05 09:40:05.701,0.0361,0.0362,13.0,0.036,12.0,8532.0,220.0
2021-01-05 09:40:06.701,0.0361,0.0362,13.0,0.036,32.0,8532.0,220.0
2021-01-05 09:40:07.191,0.0361,0.0362,13.0,0.0361,12.0,8532.0,220.0
2021-01-05 09:40:07.700,0.0361,0.0365,22.0,0.0361,12.0,8532.0,220.0
2021-01-05 09:40:08.200,0.0361,0.0364,13.0,0.0361,22.0,8532.0,220.0
2021-01-05 09:40:08.690,0.0361,0.0364,25.0,0.0361,10.0,8532.0,220.0
2021-01-05 09:40:09.191,0.0361,0.0364,13.0,0.0361,10.0,8532.0,220.0
2021-01-05 09:40:09.691,0.0361,0.0364,13.0,0.0361,42.0,8532.0,220.0
2021-01-05 09:40:10.680,0.0361,0.0364,13.0,0.0361,22.0,8532.0,220.0
2021-01-05 09:40:12.190,0.0361,0.0364,13.0,0.0361,42.0,8532.0,220.0
2021-01-05 09:40:13.170,0.0361,0.0364,13.0,0.0361,42.0,8532.0,220.0
2021-01-05 09:40:13.700,0.0361,0.0364,13.0,0.0362,12.0,8532.0,220.0
2021-01-05 09:40:14.150,0.0361,0.0364,13.0,0.0362,22.0,8532.0,220.0
2021-01-05 09:40:14.701,0.0361,0.0366,22.0,0.0362,32.0,8532.0,220.0
2021-01-05 09:40:15.120,0.0361,0.0365,13.0,0.0362,42.0,8532.0,220.0
2021-01-05 09:40:16.140,0.0361,0.0365,13.0,0.0362,42.0,8532.0,220.0
2021-01-05 09:40:16.610,0.0361,0.0365,25.0,0.0362,30.0,8532.0,220.0
2021-01-05 09:40:17.191,0.0361,0.0365,13.0,0.0362,22.0,8532.0,220.0
2021-01-05 09:40:17.661,0.0361,0.0365,13.0,0.0362,42.0,8532.0,220.0
2021-01-05 09:40:18.120,0.0361,0.0365,25.0,0.0362,10.0,8532.0,220.0
2021-01-05 09:40:20.191,0.0361,0.0364,12.0,0.0362,10.0,8532.0,220.0
2021-01-05 09:40:20.691,0.0361,0.0364,12.0,0.0361,10.0,8532.0,220.0
2021-01-05 09:40:21.200,0.0363,0.0366,10.0,0.0363,12.0,8532.0,232.0
2021-01-05 09:40:21.701,0.0363,0.0364,12.0,0.0362,10.0,8532.0,232.0
2021-01-05 09:40:22.210,0.0363,0.0363,12.0,0.0361,10.0,8532.0,232.0
2021-01-05 09:40:22.591,0.0363,0.0363,13.0,0.0361,10.0,8532.0,232.0
2021-01-05 09:40:23.200,0.0363,0.0363,12.0,0.036,30.0,8532.0,232.0
2021-01-05 09:40:23.701,0.0363,0.0363,12.0,0.036,30.0,8532.0,232.0
2021-01-05 09:40:24.160,0.0363,0.0363,25.0,0.036,30.0,8532.0,232.0
2021-01-05 09:40:24.681,0.0363,0.0362,12.0,0.036,30.0,8532.0,232.0
2021-01-05 09:40:25.121,0.0363,0.0363,12.0,0.036,30.0,8532.0,232.0
2021-01-05 09:40:25.570,0.0363,0.0362,12.0,0.036,30.0,8532.0,232.0
2021-01-05 09:40:26.181,0.0363,0.0362,12.0,0.036,30.0,8532.0,232.0
2021-01-05 09:40:27.701,0.0363,0.0362,12.0,0.036,10.0,8532.0,232.0
2021-01-05 09:40:28.200,0.0363,0.0363,12.0,0.036,10.0,8532.0,232.0
2021-01-05 09:40:28.690,0.0363,0.0363,25.0,0.036,10.0,8532.0,232.0
2021-01-05 09:40:29.170,0.0363,0.0363,25.0,0.036,30.0,8532.0,232.0
2021-01-05 09:40:30.160,0.0363,0.0362,12.0,0.036,10.0,8532.0,232.0
2021-01-05 09:40:30.700,0.0363,0.0362,12.0,0.036,10.0,8532.0,232.0
2021-01-05 09:40:31.101,0.0363,0.0363,12.0,0.036,10.0,8532.0,232.0
2021-01-05 09:40:31.631,0.0363,0.0363,25.0,0.036,10.0,8532.0,232.0
2021-01-05 09:40:32.140,0.0363,0.0362,12.0,0.036,10.0,8532.0,232.0
2021-01-05 09:40:32.611,0.0363,0.0364,10.0,0.036,10.0,8532.0,232.0
2021-01-05 09:40:33.180,0.0363,0.0363,13.0,0.0362,12.0,8532.0,232.0
2021-01-05 09:40:33.681,0.0363,0.0366,10.0,0.0362,22.0,8532.0,232.0
2021-01-05 09:40:34.171,0.0363,0.0365,13.0,0.0362,10.0,8532.0,232.0
2021-01-05 09:40:34.561,0.0363,0.0365,13.0,0.0363,12.0,8532.0,232.0
2021-01-05 09:40:35.201,0.0363,0.0365,13.0,0.0363,22.0,8532.0,232.0
2021-01-05 09:40:36.620,0.0363,0.0365,13.0,0.0363,22.0,8532.0,232.0
2021-01-05 09:40:37.201,0.0363,0.0365,13.0,0.0363,22.0,8532.0,232.0
2021-01-05 09:40:37.700,0.0363,0.0365,13.0,0.0363,22.0,8532.0,232.0
2021-01-05 09:40:38.130,0.0363,0.0365,13.0,0.0363,22.0,8532.0,232.0
2021-01-05 09:40:38.651,0.0363,0.0365,13.0,0.0363,22.0,8532.0,232.0
2021-01-05 09:40:39.041,0.0363,0.0365,13.0,0.0363,22.0,8532.0,232.0
2021-01-05 09:40:39.681,0.0363,0.0366,10.0,0.0363,22.0,8532.0,232.0
2021-01-05 09:40:40.151,0.0363,0.0366,23.0,0.0363,22.0,8532.0,232.0
2021-01-05 09:40:40.601,0.0363,0.0366,10.0,0.0363,22.0,8532.0,232.0
2021-01-05 09:40:41.191,0.0363,0.0366,23.0,0.0363,22.0,8532.0,232.0
2021-01-05 09:40:41.661,0.0363,0.0366,23.0,0.0364,12.0,8532.0,232.0
2021-01-05 09:40:42.180,0.0363,0.0366,10.0,0.0364,22.0,8532.0,232.0
2021-01-05 09:40:42.201,0.0363,0.0365,13.0,0.0364,22.0,8532.0,232.0
2021-01-05 09:40:43.191,0.0363,0.0365,13.0,0.0364,12.0,8532.0,232.0
2021-01-05 09:40:43.621,0.0363,0.0366,10.0,0.0363,10.0,8532.0,232.0
2021-01-05 09:40:44.161,0.0363,0.0365,12.0,0.0363,10.0,8532.0,232.0
2021-01-05 09:40:44.610,0.0363,0.0366,10.0,0.0363,10.0,8532.0,232.0
2021-01-05 09:40:45.131,0.0363,0.0366,35.0,0.0363,10.0,8532.0,232.0
2021-01-05 09:40:48.160,0.0363,0.0366,22.0,0.0363,10.0,8532.0,232.0
2021-01-05 09:40:48.700,0.0363,0.0366,23.0,0.0363,12.0,8532.0,232.0
2021-01-05 09:40:49.111,0.0363,0.0366,22.0,0.0362,22.0,8532.0,232.0
2021-01-05 09:40:49.640,0.0363,0.0365,13.0,0.0362,22.0,8532.0,232.0
2021-01-05 09:40:50.181,0.0363,0.0365,13.0,0.0362,22.0,8532.0,232.0
2021-01-05 09:40:50.671,0.0363,0.0365,13.0,0.0363,12.0,8532.0,232.0
2021-01-05 09:40:51.021,0.0363,0.0365,13.0,0.0362,22.0,8532.0,232.0
2021-01-05 09:40:51.601,0.0363,0.0366,22.0,0.0362,22.0,8532.0,232.0
2021-01-05 09:40:52.181,0.0363,0.0366,35.0,0.0362,22.0,8532.0,232.0
2021-01-05 09:40:52.650,0.0363,0.0366,23.0,0.0363,12.0,8532.0,232.0
2021-01-05 09:40:53.140,0.0363,0.0366,10.0,0.0363,22.0,8532.0,232.0
2021-01-05 09:40:53.651,0.0363,0.0366,23.0,0.0363,22.0,8532.0,232.0
2021-01-05 09:40:54.141,0.0363,0.0366,23.0,0.0363,22.0,8532.0,232.0
2021-01-05 09:40:54.661,0.0363,0.0366,23.0,0.0364,12.0,8532.0,232.0
2021-01-05 09:40:55.111,0.0363,0.0366,23.0,0.0363,10.0,8532.0,232.0
2021-01-05 09:40:55.240,0.0363,0.0364,12.0,0.0363,10.0,8532.0,232.0
2021-01-05 09:40:56.121,0.0363,0.0365,12.0,0.0362,10.0,8532.0,232.0
2021-01-05 09:40:56.711,0.0363,0.0364,13.0,0.0362,22.0,8532.0,232.0
2021-01-05 09:40:57.180,0.0363,0.0364,13.0,0.0362,22.0,8532.0,232.0
2021-01-05 09:40:57.710,0.0363,0.0364,13.0,0.0362,22.0,8532.0,232.0
2021-01-05 09:40:58.200,0.0363,0.0364,13.0,0.0362,22.0,8532.0,232.0
2021-01-05 09:40:58.721,0.0363,0.0364,13.0,0.0362,22.0,8532.0,232.0
2021-01-05 09:40:58.980,0.0363,0.0364,13.0,0.0363,12.0,8532.0,232.0
2021-01-05 09:40:59.721,0.0363,0.0366,10.0,0.0363,12.0,8532.0,232.0
2021-01-05 09:41:00.150,0.0363,0.0365,13.0,0.0363,22.0,8532.0,232.0
2021-01-05 09:41:00.611,0.0363,0.0365,13.0,0.0363,12.0,8532.0,232.0
2021-01-05 09:41:01.160,0.0363,0.0365,13.0,0.0362,22.0,8532.0,232.0
2021-01-05 09:41:01.650,0.0363,0.0365,13.0,0.0363,12.0,8532.0,232.0
2021-01-05 09:41:03.110,0.0363,0.0365,13.0,0.0362,22.0,8532.0,232.0
2021-01-05 09:41:03.721,0.0363,0.0365,13.0,0.0362,10.0,8532.0,232.0
2021-01-05 09:41:04.180,0.0363,0.0366,10.0,0.0363,12.0,8532.0,232.0
2021-01-05 09:41:04.680,0.0363,0.0366,22.0,0.0363,10.0,8532.0,232.0
2021-01-05 09:41:05.220,0.0363,0.0366,23.0,0.0363,22.0,8532.0,232.0
2021-01-05 09:41:06.221,0.0363,0.0366,23.0,0.0363,10.0,8532.0,232.0
2021-01-05 09:41:06.620,0.0363,0.0366,22.0,0.0363,10.0,8532.0,232.0
2021-01-05 09:41:06.710,0.0363,0.0365,25.0,0.0363,10.0,8532.0,232.0
2021-01-05 09:41:07.631,0.0363,0.0365,25.0,0.0363,10.0,8532.0,232.0
2021-01-05 09:41:08.701,0.0363,0.0365,13.0,0.0363,10.0,8532.0,232.0
2021-01-05 09:41:09.210,0.0363,0.0365,13.0,0.0363,10.0,8532.0,232.0
2021-01-05 09:41:09.650,0.0363,0.0365,13.0,0.0363,12.0,8532.0,232.0
2021-01-05 09:41:10.220,0.0363,0.0365,13.0,0.0363,12.0,8532.0,232.0
2021-01-05 09:41:11.210,0.0363,0.0365,13.0,0.0362,22.0,8532.0,232.0
2021-01-05 09:41:12.151,0.0363,0.0365,13.0,0.0362,22.0,8532.0,232.0
2021-01-05 09:41:13.161,0.0363,0.0365,13.0,0.0362,10.0,8532.0,232.0
2021-01-05 09:41:13.701,0.0363,0.0365,13.0,0.0364,12.0,8532.0,232.0
2021-01-05 09:41:14.160,0.0363,0.0365,13.0,0.0363,22.0,8532.0,232.0
2021-01-05 09:41:14.671,0.0363,0.0365,13.0,0.0363,10.0,8532.0,232.0
2021-01-05 09:41:15.180,0.0363,0.0365,13.0,0.0363,10.0,8532.0,232.0
2021-01-05 09:41:15.601,0.0363,0.0365,13.0,0.0362,22.0,8532.0,232.0
2021-01-05 09:41:16.210,0.0363,0.0365,23.0,0.0362,22.0,8532.0,232.0
2021-01-05 09:41:16.500,0.0363,0.0365,13.0,0.0362,22.0,8532.0,232.0
2021-01-05 09:41:17.211,0.0363,0.0365,25.0,0.0362,10.0,8532.0,232.0
2021-01-05 09:41:17.670,0.0363,0.0365,13.0,0.0362,22.0,8532.0,232.0
2021-01-05 09:41:18.600,0.0363,0.0365,13.0,0.0362,22.0,8532.0,232.0
2021-01-05 09:41:20.721,0.0363,0.0365,23.0,0.0362,22.0,8532.0,232.0
2021-01-05 09:41:21.190,0.0363,0.0365,23.0,0.0362,22.0,8532.0,232.0
2021-01-05 09:41:24.651,0.0363,0.0365,23.0,0.0362,22.0,8532.0,232.0
2021-01-05 09:41:25.120,0.0363,0.0365,35.0,0.0362,10.0,8532.0,232.0
2021-01-05 09:41:27.131,0.0363,0.0365,35.0,0.0362,10.0,8532.0,232.0
2021-01-05 09:41:28.171,0.0363,0.0364,12.0,0.0362,10.0,8532.0,232.0
2021-01-05 09:41:28.540,0.0363,0.0365,10.0,0.0362,22.0,8532.0,232.0
2021-01-05 09:41:29.001,0.0363,0.0365,13.0,0.0362,22.0,8532.0,232.0
2021-01-05 09:41:30.180,0.0363,0.0365,35.0,0.0362,10.0,8532.0,232.0
2021-01-05 09:41:30.670,0.0363,0.0365,23.0,0.0362,10.0,8532.0,232.0
2021-01-05 09:41:31.181,0.0363,0.0365,23.0,0.0363,12.0,8532.0,232.0
2021-01-05 09:41:31.700,0.0363,0.0365,23.0,0.0363,12.0,8532.0,232.0
2021-01-05 09:41:33.171,0.0363,0.0365,23.0,0.0362,10.0,8532.0,232.0
2021-01-05 09:41:33.621,0.0363,0.0365,23.0,0.0362,10.0,8532.0,232.0
2021-01-05 09:41:34.120,0.0363,0.0365,23.0,0.0363,12.0,8532.0,232.0
2021-01-05 09:41:34.720,0.0363,0.0365,23.0,0.0363,12.0,8532.0,232.0
2021-01-05 09:41:35.221,0.0363,0.0365,23.0,0.0362,22.0,8532.0,232.0
2021-01-05 09:41:35.721,0.0363,0.0365,10.0,0.0362,22.0,8532.0,232.0
2021-01-05 09:41:36.070,0.0363,0.0364,13.0,0.0362,12.0,8532.0,232.0
2021-01-05 09:41:36.720,0.0363,0.0364,13.0,0.0361,22.0,8532.0,232.0
2021-01-05 09:41:37.210,0.0363,0.0364,23.0,0.0361,22.0,8532.0,232.0
2021-01-05 09:41:37.711,0.0363,0.0364,33.0,0.036,10.0,8532.0,232.0
2021-01-05 09:41:38.220,0.0363,0.0364,33.0,0.036,22.0,8532.0,232.0
2021-01-05 09:41:38.650,0.0363,0.0364,33.0,0.0362,12.0,8532.0,232.0
2021-01-05 09:41:39.221,0.0363,0.0364,23.0,0.0362,12.0,8532.0,232.0
2021-01-05 09:41:39.521,0.0363,0.0364,23.0,0.0363,12.0,8532.0,232.0
2021-01-05 09:41:42.201,0.0363,0.0364,23.0,0.0363,12.0,8532.0,232.0
2021-01-05 09:41:43.080,0.0363,0.0364,23.0,0.0362,12.0,8532.0,232.0
2021-01-05 09:41:43.720,0.0363,0.0364,23.0,0.0362,12.0,8532.0,232.0
2021-01-05 09:41:45.190,0.0363,0.0364,10.0,0.0362,12.0,8532.0,232.0
2021-01-05 09:41:45.701,0.0363,0.0366,32.0,0.0362,12.0,8532.0,232.0
2021-01-05 09:41:46.241,0.0363,0.0365,23.0,0.0362,22.0,8532.0,232.0
2021-01-05 09:41:46.661,0.0363,0.0365,10.0,0.0362,22.0,8532.0,232.0
2021-01-05 09:41:47.201,0.0363,0.0365,13.0,0.0362,22.0,8532.0,232.0
2021-01-05 09:41:47.710,0.0363,0.0366,30.0,0.0362,10.0,8532.0,232.0
2021-01-05 09:41:48.181,0.0363,0.0365,13.0,0.0364,12.0,8532.0,232.0
2021-01-05 09:41:48.740,0.0364,0.0366,30.0,0.0364,12.0,8532.0,237.0
2021-01-05 09:41:49.191,0.0364,0.0366,20.0,0.0363,12.0,8532.0,237.0
2021-01-05 09:41:49.750,0.0364,0.0366,42.0,0.0362,22.0,8532.0,237.0
2021-01-05 09:41:50.231,0.0364,0.0366,42.0,0.0362,22.0,8532.0,237.0
2021-01-05 09:41:50.751,0.0364,0.0366,20.0,0.0363,12.0,8532.0,237.0
2021-01-05 09:41:51.251,0.0364,0.0366,20.0,0.0364,12.0,8532.0,237.0
2021-01-05 09:41:51.760,0.0364,0.0366,20.0,0.0364,12.0,8532.0,237.0
2021-01-05 09:41:52.261,0.0364,0.0366,20.0,0.0363,10.0,8532.0,237.0
2021-01-05 09:41:52.261,0.0364,0.0366,20.0,0.0363,10.0,8532.0,237.0
2021-01-05 09:41:53.151,0.0364,0.0366,20.0,0.0363,22.0,8532.0,237.0
2021-01-05 09:41:54.161,0.0364,0.0366,20.0,0.0363,12.0,8532.0,237.0
2021-01-05 09:41:54.591,0.0364,0.0366,20.0,0.0363,12.0,8532.0,237.0
2021-01-05 09:41:56.151,0.0364,0.0366,32.0,0.0362,22.0,8532.0,237.0
2021-01-05 09:41:56.680,0.0364,0.0366,30.0,0.0363,12.0,8532.0,237.0
2021-01-05 09:41:57.110,0.0364,0.0366,32.0,0.0363,10.0,8532.0,237.0
2021-01-05 09:41:57.640,0.0364,0.0366,20.0,0.0363,12.0,8532.0,237.0
2021-01-05 09:41:58.140,0.0364,0.0366,33.0,0.0363,12.0,8532.0,237.0
2021-01-05 09:41:59.700,0.0364,0.0366,20.0,0.0363,12.0,8532.0,237.0
2021-01-05 09:42:00.701,0.0364,0.0366,32.0,0.0362,22.0,8532.0,237.0
2021-01-05 09:42:01.181,0.0364,0.0365,13.0,0.0362,12.0,8532.0,237.0
2021-01-05 09:42:02.201,0.0364,0.0365,23.0,0.0362,12.0,8532.0,237.0
2021-01-05 09:42:04.641,0.0364,0.0365,23.0,0.0363,12.0,8532.0,237.0
2021-01-05 09:42:05.211,0.0364,0.0365,13.0,0.0363,12.0,8532.0,237.0
2021-01-05 09:42:05.711,0.0364,0.0365,23.0,0.0363,22.0,8532.0,237.0
2021-01-05 09:42:06.181,0.0364,0.0365,13.0,0.0363,12.0,8532.0,237.0
2021-01-05 09:42:07.230,0.0364,0.0365,13.0,0.0362,22.0,8532.0,237.0
2021-01-05 09:42:07.691,0.0364,0.0365,23.0,0.0362,12.0,8532.0,237.0
2021-01-05 09:42:11.211,0.0364,0.0365,23.0,0.0362,12.0,8532.0,237.0
2021-01-05 09:42:13.731,0.0364,0.0365,23.0,0.0363,12.0,8532.0,237.0
2021-01-05 09:42:14.150,0.0364,0.0365,13.0,0.0363,12.0,8532.0,237.0
2021-01-05 09:42:14.671,0.0364,0.0365,23.0,0.0362,12.0,8532.0,237.0
2021-01-05 09:42:15.151,0.0364,0.0365,13.0,0.0361,10.0,8532.0,237.0
2021-01-05 09:42:15.650,0.0364,0.0365,13.0,0.0363,12.0,8532.0,237.0
2021-01-05 09:42:16.181,0.0364,0.0365,13.0,0.0363,12.0,8532.0,237.0
2021-01-05 09:42:17.681,0.0364,0.0365,13.0,0.0363,12.0,8532.0,237.0
2021-01-05 09:42:18.100,0.0364,0.0365,13.0,0.0363,12.0,8532.0,237.0
2021-01-05 09:42:18.701,0.0364,0.0365,13.0,0.0363,12.0,8532.0,237.0
2021-01-05 09:42:19.210,0.0364,0.0365,13.0,0.0363,12.0,8532.0,237.0
2021-01-05 09:42:19.721,0.0364,0.0365,13.0,0.0363,12.0,8532.0,237.0
2021-01-05 09:42:21.621,0.0364,0.0366,30.0,0.0363,12.0,8532.0,237.0
2021-01-05 09:42:22.221,0.0364,0.0365,13.0,0.0362,10.0,8532.0,237.0
2021-01-05 09:42:22.370,0.0364,0.0365,13.0,0.0362,10.0,8532.0,237.0
2021-01-05 09:42:23.170,0.0364,0.0365,13.0,0.0363,12.0,8532.0,237.0
2021-01-05 09:42:23.650,0.0364,0.0365,13.0,0.0362,10.0,8532.0,237.0
2021-01-05 09:42:24.151,0.0364,0.0364,12.0,0.0362,10.0,8532.0,237.0
2021-01-05 09:42:24.670,0.0364,0.0364,12.0,0.0361,10.0,8532.0,237.0
2021-01-05 09:42:25.200,0.0364,0.0364,10.0,0.0362,12.0,8532.0,237.0
2021-01-05 09:42:25.511,0.0364,0.0365,10.0,0.0362,12.0,8532.0,237.0
2021-01-05 09:42:25.940,0.0364,0.0365,20.0,0.0362,12.0,8532.0,237.0
2021-01-05 09:42:27.171,0.0364,0.0365,10.0,0.0362,12.0,8532.0,237.0
2021-01-05 09:42:27.651,0.0364,0.0365,13.0,0.0362,12.0,8532.0,237.0
2021-01-05 09:42:28.130,0.0364,0.0365,13.0,0.0362,12.0,8532.0,237.0
2021-01-05 09:42:31.200,0.0364,0.0365,13.0,0.0362,22.0,8532.0,237.0
2021-01-05 09:42:32.721,0.0364,0.0365,13.0,0.0362,22.0,8532.0,237.0
2021-01-05 09:42:33.230,0.0364,0.0365,13.0,0.0362,22.0,8532.0,237.0
2021-01-05 09:42:34.210,0.0364,0.0366,42.0,0.0362,22.0,8532.0,237.0
2021-01-05 09:42:34.731,0.0364,0.0365,13.0,0.0362,22.0,8532.0,237.0
2021-01-05 09:42:35.701,0.0364,0.0365,23.0,0.0362,22.0,8532.0,237.0
2021-01-05 09:42:36.141,0.0364,0.0365,13.0,0.0362,22.0,8532.0,237.0
2021-01-05 09:42:37.251,0.0364,0.0365,23.0,0.0362,12.0,8532.0,237.0
2021-01-05 09:42:37.751,0.0364,0.0365,13.0,0.0362,22.0,8532.0,237.0
2021-01-05 09:42:38.200,0.0364,0.0365,23.0,0.0362,12.0,8532.0,237.0
2021-01-05 09:42:38.661,0.0364,0.0365,13.0,0.0362,22.0,8532.0,237.0
2021-01-05 09:42:39.220,0.0364,0.0365,23.0,0.0362,12.0,8532.0,237.0
2021-01-05 09:42:40.221,0.0364,0.0365,23.0,0.0362,12.0,8532.0,237.0
2021-01-05 09:42:40.721,0.0364,0.0365,13.0,0.0362,22.0,8532.0,237.0
2021-01-05 09:42:41.731,0.0364,0.0365,35.0,0.0362,10.0,8532.0,237.0
2021-01-05 09:42:42.250,0.0364,0.0365,35.0,0.0361,22.0,8532.0,237.0
2021-01-05 09:42:42.711,0.0364,0.0365,35.0,0.0361,12.0,8532.0,237.0
2021-01-05 09:42:43.741,0.0364,0.0365,23.0,0.0362,12.0,8532.0,237.0
2021-01-05 09:42:44.211,0.0364,0.0365,23.0,0.0361,10.0,8532.0,237.0
2021-01-05 09:42:44.751,0.0364,0.0365,23.0,0.036,22.0,8532.0,237.0
2021-01-05 09:42:45.191,0.0364,0.0365,23.0,0.036,10.0,8532.0,237.0
2021-01-05 09:42:45.650,0.0364,0.0365,35.0,0.0361,12.0,8532.0,237.0
2021-01-05 09:42:46.240,0.0364,0.0365,35.0,0.0361,22.0,8532.0,237.0
2021-01-05 09:42:47.231,0.0364,0.0365,25.0,0.0361,22.0,8532.0,237.0
2021-01-05 09:42:48.720,0.0364,0.0365,23.0,0.0362,12.0,8532.0,237.0
2021-01-05 09:42:49.110,0.0364,0.0365,13.0,0.0362,22.0,8532.0,237.0
2021-01-05 09:42:50.720,0.0364,0.0366,32.0,0.0362,22.0,8532.0,237.0
2021-01-05 09:42:51.060,0.0364,0.0366,45.0,0.0362,22.0,8532.0,237.0
2021-01-05 09:42:53.640,0.0364,0.0365,20.0,0.0362,22.0,8532.0,237.0
2021-01-05 09:42:54.191,0.0364,0.0365,20.0,0.0362,22.0,8532.0,237.0
2021-01-05 09:42:59.730,0.0364,0.0365,20.0,0.0362,22.0,8532.0,237.0
2021-01-05 09:43:00.131,0.0364,0.0365,20.0,0.0362,12.0,8532.0,237.0
2021-01-05 09:43:00.721,0.0364,0.0365,20.0,0.0362,22.0,8532.0,237.0
2021-01-05 09:43:02.681,0.0364,0.0365,32.0,0.0362,10.0,8532.0,237.0
2021-01-05 09:43:04.740,0.0364,0.0365,20.0,0.0363,12.0,8532.0,237.0
2021-01-05 09:43:05.731,0.0364,0.0365,20.0,0.0363,12.0,8532.0,237.0
2021-01-05 09:43:06.171,0.0364,0.0366,20.0,0.0363,22.0,8532.0,237.0
2021-01-05 09:43:06.680,0.0364,0.0366,23.0,0.0364,12.0,8532.0,237.0
2021-01-05 09:43:07.231,0.0364,0.0366,10.0,0.0364,12.0,8532.0,237.0
2021-01-05 09:43:07.231,0.0364,0.0365,12.0,0.0363,10.0,8532.0,237.0
2021-01-05 09:43:08.200,0.0364,0.0366,22.0,0.0362,22.0,8532.0,237.0
2021-01-05 09:43:09.740,0.0364,0.0366,22.0,0.0362,22.0,8532.0,237.0
2021-01-05 09:43:10.150,0.0364,0.0365,12.0,0.0362,10.0,8532.0,237.0
2021-01-05 09:43:10.761,0.0364,0.0366,22.0,0.0362,22.0,8532.0,237.0
2021-01-05 09:43:11.250,0.0364,0.0366,35.0,0.0362,22.0,8532.0,237.0
2021-01-05 09:43:14.270,0.0364,0.0366,35.0,0.0362,22.0,8532.0,237.0
2021-01-05 09:43:15.460,0.0364,0.0366,10.0,0.0363,12.0,8532.0,237.0
2021-01-05 09:43:16.270,0.0364,0.0365,12.0,0.0362,10.0,8532.0,237.0
2021-01-05 09:43:16.720,0.0364,0.0364,12.0,0.0362,10.0,8532.0,237.0
2021-01-05 09:43:17.271,0.0364,0.0365,12.0,0.0362,10.0,8532.0,242.0
2021-01-05 09:43:17.771,0.0364,0.0366,32.0,0.0362,22.0,8532.0,242.0
2021-01-05 09:43:18.270,0.0364,0.0366,35.0,0.0362,22.0,8532.0,242.0
2021-01-05 09:43:19.751,0.0364,0.0366,23.0,0.0362,10.0,8532.0,242.0
2021-01-05 09:43:20.281,0.0364,0.0364,12.0,0.0362,10.0,8532.0,242.0
2021-01-05 09:43:20.731,0.0364,0.0366,20.0,0.0362,30.0,8532.0,242.0
2021-01-05 09:43:21.271,0.0364,0.0366,23.0,0.0363,12.0,8532.0,242.0
2021-01-05 09:43:21.701,0.0364,0.0366,10.0,0.0363,12.0,8532.0,242.0
2021-01-05 09:43:23.651,0.0364,0.0366,10.0,0.0363,22.0,8532.0,242.0
2021-01-05 09:43:24.120,0.0364,0.0366,23.0,0.0363,12.0,8532.0,242.0
2021-01-05 09:43:24.661,0.0364,0.0366,23.0,0.0363,22.0,8532.0,242.0
2021-01-05 09:43:25.201,0.0364,0.0364,12.0,0.0363,10.0,8532.0,242.0
2021-01-05 09:43:25.701,0.0364,0.0364,12.0,0.0362,10.0,8532.0,242.0
2021-01-05 09:43:26.181,0.0364,0.0364,12.0,0.0361,30.0,8532.0,242.0
2021-01-05 09:43:26.621,0.0366,0.0368,10.0,0.0361,20.0,8572.0,292.0
2021-01-05 09:43:27.190,0.0366,0.0367,13.0,0.0361,30.0,8572.0,292.0
2021-01-05 09:43:27.591,0.0366,0.0367,13.0,0.0363,12.0,8572.0,292.0
2021-01-05 09:43:28.000,0.0366,0.0367,13.0,0.0363,10.0,8572.0,292.0
2021-01-05 09:43:28.700,0.0366,0.0365,12.0,0.0363,10.0,8572.0,292.0
2021-01-05 09:43:29.080,0.0366,0.0365,12.0,0.0362,10.0,8572.0,292.0
2021-01-05 09:43:29.660,0.0366,0.0364,13.0,0.0362,10.0,8572.0,292.0
2021-01-05 09:43:30.701,0.0366,0.0364,13.0,0.0362,30.0,8572.0,292.0
2021-01-05 09:43:31.720,0.0366,0.0364,13.0,0.0362,10.0,8572.0,292.0
2021-01-05 09:43:33.141,0.0366,0.0364,13.0,0.0362,30.0,8572.0,292.0
2021-01-05 09:43:33.670,0.0366,0.0364,13.0,0.0362,20.0,8572.0,292.0
2021-01-05 09:43:34.221,0.0366,0.0364,13.0,0.0361,42.0,8572.0,292.0
2021-01-05 09:43:35.160,0.0366,0.0364,13.0,0.0361,42.0,8572.0,292.0
2021-01-05 09:43:36.071,0.0366,0.0364,13.0,0.0361,42.0,8572.0,292.0
2021-01-05 09:43:37.631,0.0366,0.0364,13.0,0.0361,42.0,8572.0,292.0
2021-01-05 09:43:39.700,0.0366,0.0363,12.0,0.0361,30.0,8572.0,292.0
2021-01-05 09:43:40.230,0.0366,0.0363,12.0,0.0361,20.0,8572.0,292.0
2021-01-05 09:43:40.420,0.0366,0.0363,13.0,0.036,42.0,8572.0,292.0
2021-01-05 09:43:42.191,0.0366,0.0364,12.0,0.036,42.0,8572.0,292.0
2021-01-05 09:43:42.741,0.0366,0.0363,12.0,0.036,30.0,8572.0,292.0
2021-01-05 09:43:43.231,0.0366,0.0366,10.0,0.036,42.0,8572.0,292.0
2021-01-05 09:43:43.231,0.0366,0.0364,12.0,0.036,30.0,8572.0,292.0
2021-01-05 09:43:44.251,0.0366,0.0363,12.0,0.036,30.0,8572.0,292.0
2021-01-05 09:43:46.151,0.0366,0.0363,12.0,0.036,20.0,8572.0,292.0
2021-01-05 09:43:46.750,0.0366,0.0364,22.0,0.036,22.0,8572.0,292.0
2021-01-05 09:43:47.250,0.0366,0.0363,13.0,0.036,30.0,8572.0,292.0
2021-01-05 09:43:47.661,0.0366,0.0363,25.0,0.036,30.0,8572.0,292.0
2021-01-05 09:43:48.220,0.0366,0.0363,25.0,0.036,20.0,8572.0,292.0
2021-01-05 09:43:48.641,0.0366,0.0363,25.0,0.0359,42.0,8572.0,292.0
2021-01-05 09:43:50.170,0.0366,0.0363,13.0,0.0359,30.0,8572.0,292.0
2021-01-05 09:43:50.650,0.0366,0.0363,13.0,0.036,12.0,8572.0,292.0
2021-01-05 09:43:50.721,0.0366,0.0363,23.0,0.0361,12.0,8572.0,292.0
2021-01-05 09:43:51.660,0.0366,0.0363,25.0,0.0361,20.0,8572.0,292.0
2021-01-05 09:43:52.200,0.0366,0.0363,35.0,0.0359,42.0,8572.0,292.0
2021-01-05 09:43:52.681,0.0366,0.0363,35.0,0.0359,32.0,8572.0,292.0
2021-01-05 09:43:53.610,0.0366,0.0363,35.0,0.0359,32.0,8572.0,292.0
2021-01-05 09:43:53.931,0.0366,0.0363,23.0,0.0361,12.0,8572.0,292.0
2021-01-05 09:43:54.680,0.0366,0.0363,23.0,0.0361,32.0,8572.0,292.0
2021-01-05 09:43:54.980,0.0366,0.0363,23.0,0.0362,12.0,8572.0,292.0
2021-01-05 09:43:55.660,0.0366,0.0363,13.0,0.0362,32.0,8572.0,292.0
2021-01-05 09:43:56.200,0.0366,0.0363,23.0,0.0362,32.0,8572.0,292.0
2021-01-05 09:43:56.721,0.0366,0.0363,23.0,0.0362,20.0,8572.0,292.0
2021-01-05 09:43:57.230,0.0366,0.0363,23.0,0.0362,20.0,8572.0,292.0
2021-01-05 09:43:57.650,0.0366,0.0363,13.0,0.0361,32.0,8572.0,292.0
2021-01-05 09:43:59.691,0.0366,0.0363,13.0,0.0361,20.0,8572.0,292.0
2021-01-05 09:44:00.131,0.0361,0.0361,12.0,0.0359,10.0,8572.0,304.0
2021-01-05 09:44:00.131,0.0361,0.0362,10.0,0.0361,12.0,8572.0,304.0
2021-01-05 09:44:01.160,0.0361,0.0362,13.0,0.036,12.0,8572.0,304.0
2021-01-05 09:44:02.031,0.0361,0.0363,10.0,0.036,32.0,8572.0,304.0
2021-01-05 09:44:02.711,0.0361,0.0363,10.0,0.0362,12.0,8572.0,304.0
2021-01-05 09:44:03.750,0.0361,0.0363,10.0,0.0362,12.0,8572.0,304.0
2021-01-05 09:44:04.230,0.0363,0.0363,11.0,0.0361,20.0,8572.0,316.0
2021-01-05 09:44:04.710,0.0363,0.0364,10.0,0.0363,1.0,8572.0,327.0
2021-01-05 09:44:05.260,0.0363,0.0364,13.0,0.036,10.0,8572.0,327.0
2021-01-05 09:44:05.681,0.0363,0.0364,22.0,0.036,32.0,8572.0,327.0
2021-01-05 09:44:06.261,0.0363,0.0363,13.0,0.036,20.0,8572.0,327.0
2021-01-05 09:44:06.770,0.0363,0.0363,23.0,0.0362,12.0,8572.0,327.0
2021-01-05 09:44:07.281,0.0363,0.0362,12.0,0.036,20.0,8572.0,327.0
2021-01-05 09:44:07.750,0.0363,0.0361,12.0,0.0359,20.0,8572.0,327.0
2021-01-05 09:44:08.261,0.0361,0.0362,10.0,0.0358,40.0,8572.0,344.0
2021-01-05 09:44:08.760,0.0361,0.0362,13.0,0.036,12.0,8572.0,344.0
2021-01-05 09:44:09.150,0.0361,0.0362,13.0,0.036,12.0,8572.0,344.0
2021-01-05 09:44:09.780,0.0361,0.0362,13.0,0.0361,12.0,8572.0,344.0
2021-01-05 09:44:10.280,0.0361,0.0362,13.0,0.0361,12.0,8572.0,344.0
2021-01-05 09:44:10.781,0.0361,0.0362,13.0,0.0361,12.0,8572.0,344.0
2021-01-05 09:44:12.270,0.0361,0.0362,13.0,0.0361,12.0,8572.0,344.0
2021-01-05 09:44:16.281,0.0361,0.0362,13.0,0.0361,12.0,8572.0,344.0
2021-01-05 09:44:16.781,0.0361,0.0362,13.0,0.036,12.0,8572.0,344.0
2021-01-05 09:44:17.280,0.0361,0.0363,10.0,0.036,12.0,8572.0,344.0
2021-01-05 09:44:17.770,0.0361,0.0362,13.0,0.036,12.0,8572.0,344.0
2021-01-05 09:44:18.231,0.0361,0.0362,13.0,0.036,12.0,8572.0,344.0
2021-01-05 09:44:19.261,0.0361,0.0362,13.0,0.0358,20.0,8572.0,344.0
2021-01-05 09:44:19.801,0.0361,0.0362,13.0,0.036,12.0,8572.0,344.0
2021-01-05 09:44:20.300,0.0361,0.0362,13.0,0.0359,12.0,8572.0,344.0
2021-01-05 09:44:20.801,0.0361,0.0362,13.0,0.0359,12.0,8572.0,344.0
2021-01-05 09:44:21.270,0.0361,0.0362,13.0,0.0358,20.0,8572.0,344.0
2021-01-05 09:44:21.760,0.0361,0.0362,13.0,0.036,12.0,8572.0,344.0
2021-01-05 09:44:22.250,0.0361,0.0362,13.0,0.036,12.0,8572.0,344.0
2021-01-05 09:44:22.661,0.0361,0.0362,13.0,0.0361,12.0,8572.0,344.0
2021-01-05 09:44:23.130,0.0361,0.0362,13.0,0.0361,12.0,8572.0,344.0
2021-01-05 09:44:24.680,0.0361,0.0362,13.0,0.0361,12.0,8572.0,344.0
2021-01-05 09:44:25.660,0.0361,0.0362,13.0,0.0361,12.0,8572.0,344.0
2021-01-05 09:44:26.201,0.0361,0.0362,13.0,0.0361,12.0,8572.0,344.0
2021-01-05 09:44:28.221,0.0361,0.0362,13.0,0.0361,12.0,8572.0,344.0
2021-01-05 09:44:30.201,0.0361,0.0362,13.0,0.0361,12.0,8572.0,344.0
2021-01-05 09:44:30.720,0.0361,0.0362,13.0,0.0361,12.0,8572.0,344.0
2021-01-05 09:44:35.740,0.0361,0.0362,13.0,0.0361,12.0,8572.0,344.0
2021-01-05 09:44:36.220,0.0361,0.0362,13.0,0.0361,12.0,8572.0,344.0
2021-01-05 09:44:37.240,0.0361,0.0362,13.0,0.0361,12.0,8572.0,344.0
2021-01-05 09:44:37.751,0.0361,0.0362,13.0,0.0361,12.0,8572.0,344.0
2021-01-05 09:44:38.201,0.0361,0.0362,13.0,0.0361,12.0,8572.0,344.0
2021-01-05 09:44:38.731,0.0361,0.0362,13.0,0.0361,12.0,8572.0,344.0
2021-01-05 09:44:39.221,0.0361,0.0362,13.0,0.0361,12.0,8572.0,344.0
2021-01-05 09:44:40.250,0.0361,0.0363,10.0,0.0361,12.0,8572.0,344.0
2021-01-05 09:44:40.740,0.0361,0.0362,13.0,0.036,12.0,8572.0,344.0
2021-01-05 09:44:41.251,0.0361,0.0362,13.0,0.0361,12.0,8572.0,344.0
2021-01-05 09:44:42.250,0.0362,0.0363,10.0,0.0362,5.0,8585.0,357.0
2021-01-05 09:44:42.731,0.0362,0.0364,10.0,0.0362,5.0,8585.0,357.0
2021-01-05 09:44:43.251,0.0362,0.0363,13.0,0.0362,5.0,8585.0,357.0
2021-01-05 09:44:43.760,0.0362,0.0363,13.0,0.0362,5.0,8585.0,357.0
2021-01-05 09:44:44.761,0.0362,0.0363,13.0,0.0362,17.0,8585.0,357.0
2021-01-05 09:44:45.261,0.0362,0.0363,23.0,0.0362,5.0,8585.0,357.0
2021-01-05 09:44:46.271,0.0362,0.0363,23.0,0.0362,5.0,8585.0,357.0
2021-01-05 09:44:46.771,0.0362,0.0363,23.0,0.0362,5.0,8585.0,357.0
2021-01-05 09:44:47.251,0.0362,0.0363,23.0,0.0362,5.0,8585.0,357.0
2021-01-05 09:44:47.770,0.0362,0.0363,23.0,0.0362,5.0,8585.0,357.0
2021-01-05 09:44:47.770,0.0362,0.0363,23.0,0.0362,5.0,8585.0,357.0
2021-01-05 09:44:48.780,0.0362,0.0363,23.0,0.0362,5.0,8585.0,357.0
2021-01-05 09:44:49.270,0.0362,0.0363,23.0,0.0362,5.0,8585.0,357.0
2021-01-05 09:44:50.300,0.0362,0.0363,23.0,0.0362,5.0,8585.0,357.0
2021-01-05 09:44:50.811,0.0362,0.0362,12.0,0.0358,32.0,8590.0,362.0
2021-01-05 09:44:51.231,0.0362,0.0363,10.0,0.0358,10.0,8590.0,362.0
2021-01-05 09:44:51.650,0.0362,0.0362,13.0,0.036,12.0,8590.0,362.0
2021-01-05 09:44:52.311,0.0362,0.0362,13.0,0.0358,20.0,8590.0,362.0
2021-01-05 09:44:52.711,0.0362,0.0362,13.0,0.0359,12.0,8590.0,362.0
2021-01-05 09:44:53.621,0.0362,0.0362,13.0,0.0359,12.0,8590.0,362.0
2021-01-05 09:44:54.201,0.0362,0.0362,13.0,0.036,12.0,8590.0,362.0
2021-01-05 09:44:55.150,0.0362,0.0362,13.0,0.036,12.0,8590.0,362.0
2021-01-05 09:44:55.700,0.0362,0.0362,13.0,0.036,12.0,8590.0,362.0
2021-01-05 09:44:56.220,0.0362,0.0362,45.0,0.0358,22.0,8590.0,362.0
2021-01-05 09:44:56.720,0.0362,0.0362,25.0,0.0358,22.0,8590.0,362.0
2021-01-05 09:44:57.160,0.0362,0.0362,25.0,0.0358,22.0,8590.0,362.0
2021-01-05 09:44:57.431,0.0362,0.0361,12.0,0.0358,10.0,8590.0,362.0
2021-01-05 09:44:58.120,0.0362,0.0361,22.0,0.0358,10.0,8590.0,362.0
2021-01-05 09:44:58.720,0.0362,0.0361,23.0,0.0358,22.0,8590.0,362.0
2021-01-05 09:44:59.190,0.0362,0.0361,10.0,0.0359,12.0,8590.0,362.0
2021-01-05 09:44:59.711,0.036,0.036,1.0,0.0358,10.0,8590.0,374.0
2021-01-05 09:45:00.061,0.0361,0.0361,10.0,0.0358,10.0,8590.0,385.0
2021-01-05 09:45:00.591,0.0361,0.0359,12.0,0.0358,10.0,8590.0,385.0
2021-01-05 09:45:01.221,0.0358,0.0358,12.0,0.0356,10.0,8600.0,400.0
2021-01-05 09:45:01.680,0.0358,0.0359,10.0,0.0358,12.0,8600.0,410.0
2021-01-05 09:45:02.061,0.0359,0.0362,10.0,0.0356,10.0,8605.0,420.0
2021-01-05 09:45:02.710,0.0359,0.0361,13.0,0.0358,12.0,8605.0,420.0
2021-01-05 09:45:03.190,0.0359,0.0361,13.0,0.0358,12.0,8605.0,420.0
2021-01-05 09:45:03.680,0.0359,0.0361,13.0,0.0359,12.0,8605.0,420.0
2021-01-05 09:45:04.700,0.0359,0.0361,13.0,0.0359,12.0,8605.0,420.0
2021-01-05 09:45:05.720,0.0359,0.0361,23.0,0.0359,12.0,8605.0,420.0
2021-01-05 09:45:06.220,0.0359,0.0361,13.0,0.0359,12.0,8605.0,420.0
2021-01-05 09:45:07.130,0.0359,0.0361,13.0,0.0359,12.0,8605.0,420.0
2021-01-05 09:45:07.720,0.0359,0.0361,13.0,0.0359,12.0,8605.0,420.0
2021-01-05 09:45:08.700,0.0359,0.0361,13.0,0.0359,12.0,8605.0,420.0
2021-01-05 09:45:09.190,0.0359,0.0361,23.0,0.0359,12.0,8605.0,420.0
2021-01-05 09:45:09.720,0.0359,0.0361,23.0,0.0358,12.0,8605.0,420.0
2021-01-05 09:45:10.200,0.0359,0.0361,23.0,0.0357,12.0,8605.0,420.0
2021-01-05 09:45:11.720,0.0359,0.0361,23.0,0.0357,12.0,8605.0,420.0
2021-01-05 09:45:12.150,0.0359,0.0361,23.0,0.0357,12.0,8605.0,420.0
2021-01-05 09:45:12.701,0.0359,0.0361,23.0,0.0356,12.0,8605.0,420.0
2021-01-05 09:45:13.220,0.0359,0.0361,23.0,0.0356,12.0,8605.0,420.0
2021-01-05 09:45:14.181,0.0359,0.0361,23.0,0.0356,12.0,8605.0,420.0
2021-01-05 09:45:15.230,0.0359,0.0361,23.0,0.0356,12.0,8605.0,420.0
2021-01-05 09:45:15.721,0.0359,0.0361,23.0,0.0356,12.0,8605.0,420.0
2021-01-05 09:45:16.741,0.0359,0.0361,10.0,0.0356,12.0,8605.0,420.0
2021-01-05 09:45:17.170,0.0359,0.036,13.0,0.0357,12.0,8605.0,420.0
2021-01-05 09:45:17.731,0.0359,0.036,23.0,0.0357,12.0,8605.0,420.0
2021-01-05 09:45:18.691,0.0359,0.036,23.0,0.0357,12.0,8605.0,420.0
2021-01-05 09:45:19.191,0.0359,0.036,23.0,0.0357,12.0,8605.0,420.0
2021-01-05 09:45:19.731,0.0359,0.036,23.0,0.0357,12.0,8605.0,420.0
2021-01-05 09:45:21.191,0.0359,0.036,23.0,0.0357,12.0,8605.0,420.0
2021-01-05 09:45:22.240,0.0359,0.036,23.0,0.0357,12.0,8605.0,420.0
2021-01-05 09:45:22.710,0.0359,0.036,23.0,0.0357,12.0,8605.0,420.0
2021-01-05 09:45:23.160,0.0359,0.036,23.0,0.0358,12.0,8605.0,420.0
2021-01-05 09:45:24.201,0.0359,0.036,23.0,0.0358,12.0,8605.0,420.0
2021-01-05 09:45:24.701,0.0359,0.036,23.0,0.0357,12.0,8605.0,420.0
2021-01-05 09:45:25.131,0.0359,0.036,23.0,0.0356,15.0,8605.0,420.0
2021-01-05 09:45:25.690,0.0359,0.036,23.0,0.0358,12.0,8605.0,420.0
2021-01-05 09:45:26.220,0.0359,0.036,13.0,0.0358,12.0,8605.0,420.0
2021-01-05 09:45:26.681,0.0359,0.036,13.0,0.0358,12.0,8605.0,420.0
2021-01-05 09:45:27.211,0.0359,0.036,13.0,0.0358,12.0,8605.0,420.0
2021-01-05 09:45:27.711,0.0359,0.036,23.0,0.0358,12.0,8605.0,420.0
2021-01-05 09:45:29.140,0.0359,0.036,43.0,0.0358,12.0,8605.0,420.0
2021-01-05 09:45:30.210,0.0358,0.036,43.0,0.0358,12.0,8605.0,432.0
2021-01-05 09:45:30.710,0.0358,0.0358,12.0,0.0356,15.0,8605.0,432.0
2021-01-05 09:45:31.211,0.0358,0.0358,12.0,0.0356,15.0,8605.0,432.0
2021-01-05 09:45:31.701,0.0358,0.0358,13.0,0.0356,15.0,8605.0,432.0
2021-01-05 09:45:32.160,0.0358,0.0358,23.0,0.0356,15.0,8605.0,432.0
2021-01-05 09:45:32.690,0.0358,0.0358,1.0,0.0356,15.0,8605.0,444.0
2021-01-05 09:45:33.180,0.0358,0.0358,11.0,0.0356,15.0,8605.0,444.0
2021-01-05 09:45:33.670,0.0358,0.0358,11.0,0.0356,15.0,8605.0,444.0
2021-01-05 09:45:34.690,0.0358,0.0358,11.0,0.0356,15.0,8605.0,444.0
2021-01-05 09:45:35.051,0.0358,0.0358,10.0,0.0356,15.0,8605.0,444.0
2021-01-05 09:45:35.701,0.0358,0.0358,23.0,0.0356,15.0,8605.0,444.0
2021-01-05 09:45:36.240,0.0358,0.0358,13.0,0.0356,15.0,8605.0,444.0
2021-01-05 09:45:36.730,0.0358,0.0358,13.0,0.0357,12.0,8605.0,444.0
2021-01-05 09:45:37.241,0.0358,0.0358,1.0,0.0356,15.0,8605.0,456.0
2021-01-05 09:45:37.720,0.0358,0.0358,13.0,0.0356,15.0,8605.0,456.0
2021-01-05 09:45:38.240,0.0358,0.0358,1.0,0.0357,12.0,8605.0,456.0
2021-01-05 09:45:38.721,0.0358,0.0359,10.0,0.0358,11.0,8605.0,457.0
2021-01-05 09:45:39.210,0.0358,0.036,10.0,0.0358,12.0,8605.0,457.0
2021-01-05 09:45:39.700,0.0358,0.0359,13.0,0.0357,12.0,8605.0,457.0
2021-01-05 09:45:40.240,0.0358,0.0359,23.0,0.0357,12.0,8605.0,457.0
2021-01-05 09:45:40.730,0.0358,0.0359,23.0,0.0357,12.0,8605.0,457.0
2021-01-05 09:45:41.220,0.0358,0.0359,23.0,0.0358,12.0,8605.0,457.0
2021-01-05 09:45:42.240,0.0358,0.0359,23.0,0.0357,12.0,8605.0,457.0
2021-01-05 09:45:42.711,0.0358,0.0359,23.0,0.0358,12.0,8605.0,457.0
2021-01-05 09:45:43.220,0.0358,0.0359,13.0,0.0356,15.0,8605.0,457.0
2021-01-05 09:45:43.710,0.0358,0.0359,23.0,0.0357,12.0,8605.0,457.0
2021-01-05 09:45:44.201,0.0358,0.0359,23.0,0.0357,12.0,8605.0,457.0
2021-01-05 09:45:44.711,0.0358,0.0359,23.0,0.0357,12.0,8605.0,457.0
2021-01-05 09:45:45.220,0.0358,0.0359,23.0,0.0357,12.0,8605.0,457.0
2021-01-05 09:45:45.690,0.0358,0.0359,23.0,0.0357,12.0,8605.0,457.0
2021-01-05 09:45:46.240,0.0358,0.0359,13.0,0.0357,12.0,8605.0,457.0
2021-01-05 09:45:46.751,0.0358,0.0359,23.0,0.0357,12.0,8605.0,457.0
2021-01-05 09:45:47.241,0.0358,0.0359,13.0,0.0357,12.0,8605.0,457.0
2021-01-05 09:45:48.201,0.0358,0.0359,10.0,0.0357,12.0,8605.0,457.0
2021-01-05 09:45:50.251,0.0358,0.0359,10.0,0.0358,12.0,8605.0,457.0
2021-01-05 09:45:50.750,0.0358,0.036,30.0,0.0356,15.0,8605.0,469.0
2021-01-05 09:45:51.221,0.0358,0.036,43.0,0.0356,15.0,8605.0,469.0
2021-01-05 09:45:51.730,0.0358,0.036,43.0,0.0358,12.0,8605.0,469.0
2021-01-05 09:45:52.641,0.0358,0.036,43.0,0.0356,25.0,8605.0,481.0
2021-01-05 09:45:53.211,0.0358,0.0358,12.0,0.0356,15.0,8605.0,481.0
2021-01-05 09:45:53.711,0.0358,0.0358,12.0,0.0356,15.0,8605.0,481.0
2021-01-05 09:45:54.191,0.0358,0.0357,12.0,0.0356,15.0,8605.0,481.0
2021-01-05 09:45:54.710,0.0358,0.0357,12.0,0.0356,15.0,8605.0,481.0
2021-01-05 09:45:55.230,0.0358,0.0359,10.0,0.0358,12.0,8605.0,481.0
2021-01-05 09:45:55.711,0.0358,0.0359,20.0,0.0356,15.0,8605.0,493.0
2021-01-05 09:45:56.120,0.0358,0.0359,30.0,0.0356,15.0,8605.0,493.0
2021-01-05 09:45:56.631,0.0358,0.0357,12.0,0.0356,15.0,8605.0,493.0
2021-01-05 09:45:57.201,0.0358,0.0357,12.0,0.0356,15.0,8605.0,493.0
2021-01-05 09:45:57.651,0.0358,0.0357,22.0,0.0356,15.0,8605.0,493.0
2021-01-05 09:45:58.711,0.0356,0.0358,10.0,0.0356,3.0,8605.0,505.0
2021-01-05 09:45:59.230,0.0356,0.0358,10.0,0.0356,3.0,8605.0,505.0
2021-01-05 09:45:59.680,0.0358,0.036,20.0,0.0358,2.0,8605.0,515.0
2021-01-05 09:45:59.901,0.0358,0.0358,12.0,0.0356,3.0,8605.0,517.0
2021-01-05 09:46:00.730,0.0358,0.0357,12.0,0.0356,3.0,8605.0,517.0
2021-01-05 09:46:01.230,0.0358,0.0357,12.0,0.0356,3.0,8605.0,517.0
2021-01-05 09:46:02.200,0.0358,0.0358,10.0,0.0356,3.0,8605.0,517.0
2021-01-05 09:46:02.640,0.0358,0.0362,32.0,0.0358,12.0,8605.0,527.0
2021-01-05 09:46:02.730,0.0358,0.0361,13.0,0.0357,10.0,8605.0,537.0
2021-01-05 09:46:03.220,0.0358,0.0359,12.0,0.0356,13.0,8605.0,537.0
2021-01-05 09:46:03.841,0.0358,0.0359,22.0,0.0356,3.0,8605.0,537.0
2021-01-05 09:46:04.711,0.0358,0.0357,12.0,0.0356,3.0,8605.0,537.0
2021-01-05 09:46:05.161,0.0358,0.0357,22.0,0.0356,3.0,8605.0,537.0
2021-01-05 09:46:05.691,0.0356,0.0356,12.0,0.0355,10.0,8605.0,540.0
2021-01-05 09:46:06.221,0.0356,0.0356,22.0,0.0355,10.0,8605.0,540.0
2021-01-05 09:46:07.231,0.0356,0.0356,12.0,0.0355,10.0,8605.0,540.0
2021-01-05 09:46:08.121,0.0356,0.0356,12.0,0.0355,10.0,8605.0,540.0
2021-01-05 09:46:08.730,0.0356,0.0356,12.0,0.0355,10.0,8605.0,540.0
2021-01-05 09:46:08.741,0.0356,0.0356,12.0,0.0355,10.0,8605.0,540.0
2021-01-05 09:46:09.710,0.0356,0.0356,12.0,0.0355,10.0,8605.0,540.0
2021-01-05 09:46:10.221,0.0356,0.0357,10.0,0.0355,10.0,8605.0,540.0
2021-01-05 09:46:10.720,0.0355,0.0357,22.0,0.0354,10.0,8615.0,550.0
2021-01-05 09:46:11.181,0.0355,0.0357,10.0,0.0356,12.0,8615.0,550.0
2021-01-05 09:46:11.721,0.0355,0.0358,10.0,0.0356,12.0,8615.0,550.0
2021-01-05 09:46:12.190,0.0355,0.0358,10.0,0.0356,12.0,8615.0,550.0
2021-01-05 09:46:12.680,0.0355,0.0358,10.0,0.0357,12.0,8615.0,550.0
2021-01-05 09:46:13.200,0.0358,0.0363,14.0,0.0354,10.0,8615.0,565.0
2021-01-05 09:46:13.681,0.0358,0.0361,12.0,0.0357,12.0,8615.0,565.0
2021-01-05 09:46:14.230,0.0357,0.0361,10.0,0.0356,10.0,8615.0,570.0
2021-01-05 09:46:15.231,0.0357,0.0358,12.0,0.0355,10.0,8615.0,570.0
2021-01-05 09:46:15.730,0.0357,0.0357,12.0,0.0354,20.0,8615.0,570.0
2021-01-05 09:46:16.201,0.0357,0.0356,12.0,0.0354,20.0,8615.0,570.0
2021-01-05 09:46:16.201,0.0357,0.0357,10.0,0.0354,32.0,8615.0,570.0
2021-01-05 09:46:17.021,0.0357,0.0358,10.0,0.0356,12.0,8615.0,570.0
2021-01-05 09:46:17.751,0.0357,0.0358,10.0,0.0356,12.0,8615.0,570.0
2021-01-05 09:46:18.180,0.0357,0.0358,10.0,0.0356,12.0,8615.0,570.0
2021-01-05 09:46:18.180,0.0357,0.0358,10.0,0.0355,22.0,8615.0,570.0
2021-01-05 09:46:19.171,0.0357,0.0358,10.0,0.0355,12.0,8615.0,570.0
2021-01-05 09:46:19.661,0.0357,0.0358,10.0,0.0356,12.0,8615.0,570.0
2021-01-05 09:46:20.210,0.0357,0.0358,10.0,0.0356,12.0,8615.0,570.0
2021-01-05 09:46:22.220,0.0357,0.0359,22.0,0.0355,22.0,8615.0,570.0
2021-01-05 09:46:22.690,0.0357,0.0359,10.0,0.0356,12.0,8615.0,570.0
2021-01-05 09:46:23.201,0.0357,0.0359,10.0,0.0356,12.0,8615.0,570.0
2021-01-05 09:46:23.630,0.0357,0.0359,10.0,0.0356,22.0,8615.0,570.0
2021-01-05 09:46:24.221,0.0357,0.0359,10.0,0.0356,12.0,8615.0,570.0
2021-01-05 09:46:24.631,0.0357,0.0359,10.0,0.0356,22.0,8615.0,570.0
2021-01-05 09:46:25.151,0.0357,0.0359,22.0,0.0355,22.0,8615.0,570.0
2021-01-05 09:46:25.651,0.0357,0.0359,10.0,0.0356,12.0,8615.0,570.0
2021-01-05 09:46:26.191,0.0357,0.0359,10.0,0.0356,22.0,8615.0,570.0
2021-01-05 09:46:27.201,0.0357,0.0359,10.0,0.0356,12.0,8615.0,570.0
2021-01-05 09:46:27.720,0.0357,0.0359,10.0,0.0356,22.0,8615.0,570.0
2021-01-05 09:46:29.710,0.0357,0.036,12.0,0.0356,12.0,8615.0,570.0
2021-01-05 09:46:29.710,0.0357,0.036,35.0,0.0356,12.0,8615.0,570.0
2021-01-05 09:46:31.210,0.0357,0.036,55.0,0.0356,12.0,8615.0,570.0
2021-01-05 09:46:34.171,0.0357,0.036,42.0,0.0356,12.0,8615.0,570.0
2021-01-05 09:46:34.691,0.0357,0.036,55.0,0.0356,12.0,8615.0,570.0
2021-01-05 09:46:35.231,0.0357,0.036,55.0,0.0356,22.0,8615.0,570.0
2021-01-05 09:46:36.221,0.0357,0.036,42.0,0.0356,12.0,8615.0,570.0
2021-01-05 09:46:36.730,0.0357,0.0359,13.0,0.0356,12.0,8615.0,570.0
2021-01-05 09:46:37.241,0.0357,0.0359,23.0,0.0356,12.0,8615.0,570.0
2021-01-05 09:46:37.750,0.0357,0.0359,10.0,0.0356,12.0,8615.0,570.0
2021-01-05 09:46:38.741,0.0357,0.036,20.0,0.0357,12.0,8615.0,570.0
2021-01-05 09:46:39.210,0.0357,0.036,33.0,0.0357,10.0,8615.0,570.0
2021-01-05 09:46:40.120,0.0357,0.0358,22.0,0.0354,32.0,8615.0,570.0
2021-01-05 09:46:40.670,0.0357,0.0358,22.0,0.0354,32.0,8615.0,570.0
2021-01-05 09:46:41.250,0.0357,0.0357,12.0,0.0354,20.0,8615.0,570.0
2021-01-05 09:46:41.730,0.0357,0.0358,10.0,0.0356,12.0,8615.0,570.0
2021-01-05 09:46:42.681,0.0357,0.0358,10.0,0.0356,12.0,8615.0,570.0
2021-01-05 09:46:43.121,0.0357,0.0358,10.0,0.0355,10.0,8615.0,570.0
2021-01-05 09:46:43.630,0.0357,0.0357,12.0,0.0354,20.0,8615.0,570.0
2021-01-05 09:46:44.230,0.0357,0.0357,22.0,0.0354,20.0,8615.0,570.0
2021-01-05 09:46:46.671,0.0357,0.0357,10.0,0.0354,20.0,8615.0,570.0
2021-01-05 09:46:47.230,0.0357,0.0358,10.0,0.0355,12.0,8615.0,570.0
2021-01-05 09:46:47.701,0.0357,0.0358,10.0,0.0356,12.0,8615.0,570.0
2021-01-05 09:46:48.081,0.0357,0.0359,10.0,0.0356,22.0,8615.0,570.0
2021-01-05 09:46:49.251,0.0357,0.0359,10.0,0.0356,22.0,8615.0,570.0
2021-01-05 09:46:49.730,0.0357,0.0359,10.0,0.0356,10.0,8615.0,570.0
2021-01-05 09:46:50.170,0.0357,0.0359,10.0,0.0356,22.0,8615.0,570.0
2021-01-05 09:46:50.661,0.0357,0.0359,10.0,0.0357,12.0,8615.0,570.0
2021-01-05 09:46:51.261,0.0357,0.036,10.0,0.0357,12.0,8615.0,570.0
2021-01-05 09:46:51.731,0.0357,0.0359,20.0,0.0357,22.0,8615.0,570.0
2021-01-05 09:46:52.210,0.0357,0.0359,30.0,0.0356,12.0,8615.0,570.0
2021-01-05 09:46:52.711,0.0357,0.0359,30.0,0.0356,22.0,8615.0,570.0
2021-01-05 09:46:53.681,0.0357,0.0359,30.0,0.0356,12.0,8615.0,570.0
2021-01-05 09:46:54.221,0.0357,0.0359,10.0,0.0356,22.0,8615.0,570.0
2021-01-05 09:46:54.701,0.0357,0.0359,10.0,0.0357,12.0,8615.0,570.0
2021-01-05 09:46:55.610,0.0357,0.0359,10.0,0.0357,22.0,8615.0,570.0
2021-01-05 09:46:56.221,0.0357,0.036,10.0,0.0357,22.0,8615.0,570.0
2021-01-05 09:46:56.711,0.0357,0.036,35.0,0.0356,22.0,8615.0,570.0
2021-01-05 09:46:57.080,0.0357,0.036,23.0,0.0356,10.0,8615.0,570.0
2021-01-05 09:46:57.741,0.0357,0.036,23.0,0.0357,12.0,8615.0,570.0
2021-01-05 09:46:58.131,0.0357,0.036,23.0,0.0357,22.0,8615.0,570.0
2021-01-05 09:46:59.191,0.0357,0.036,13.0,0.0357,22.0,8615.0,570.0
2021-01-05 09:47:00.251,0.0357,0.036,13.0,0.0357,22.0,8615.0,570.0
2021-01-05 09:47:00.741,0.0357,0.0361,10.0,0.0358,12.0,8615.0,570.0
2021-01-05 09:47:01.210,0.0357,0.0361,23.0,0.0358,12.0,8615.0,570.0
2021-01-05 09:47:01.721,0.0357,0.0361,10.0,0.0358,12.0,8615.0,570.0
2021-01-05 09:47:02.741,0.0357,0.0361,10.0,0.0358,12.0,8615.0,570.0
2021-01-05 09:47:03.220,0.0357,0.0361,10.0,0.0357,10.0,8615.0,570.0
2021-01-05 09:47:03.740,0.0357,0.0362,12.0,0.0358,12.0,8615.0,570.0
2021-01-05 09:47:04.211,0.0357,0.0362,13.0,0.0358,12.0,8615.0,570.0
2021-01-05 09:47:05.250,0.0357,0.0362,13.0,0.0359,12.0,8615.0,570.0
2021-01-05 09:47:05.750,0.0357,0.0362,13.0,0.0359,12.0,8615.0,570.0
2021-01-05 09:47:06.251,0.0357,0.0362,13.0,0.0359,12.0,8615.0,570.0
2021-01-05 09:47:06.750,0.0357,0.0362,12.0,0.0359,10.0,8615.0,570.0
2021-01-05 09:47:07.081,0.0357,0.036,12.0,0.0359,10.0,8615.0,570.0
2021-01-05 09:47:07.740,0.0357,0.0361,22.0,0.0358,10.0,8615.0,570.0
2021-01-05 09:47:08.230,0.0357,0.0359,12.0,0.0358,10.0,8615.0,570.0
2021-01-05 09:47:08.700,0.0359,0.036,10.0,0.0358,22.0,8615.0,580.0
2021-01-05 09:47:08.700,0.0359,0.0361,10.0,0.036,12.0,8615.0,580.0
2021-01-05 09:47:09.751,0.0359,0.0363,10.0,0.036,12.0,8615.0,580.0
2021-01-05 09:47:10.260,0.0359,0.0363,10.0,0.036,22.0,8615.0,580.0
2021-01-05 09:47:11.250,0.0359,0.0363,10.0,0.036,22.0,8615.0,580.0
2021-01-05 09:47:12.241,0.0359,0.0363,10.0,0.0361,12.0,8615.0,580.0
2021-01-05 09:47:13.201,0.0359,0.0363,10.0,0.036,22.0,8615.0,580.0
2021-01-05 09:47:14.721,0.0359,0.0363,10.0,0.036,10.0,8615.0,580.0
2021-01-05 09:47:14.721,0.0359,0.0363,10.0,0.0361,12.0,8615.0,580.0
2021-01-05 09:47:15.701,0.0359,0.0363,10.0,0.0361,12.0,8615.0,580.0
2021-01-05 09:47:16.731,0.0359,0.0363,10.0,0.036,22.0,8615.0,580.0
2021-01-05 09:47:17.251,0.0359,0.0363,10.0,0.0361,12.0,8615.0,580.0
2021-01-05 09:47:17.731,0.0359,0.0363,10.0,0.0361,12.0,8615.0,580.0
2021-01-05 09:47:18.221,0.0359,0.0363,10.0,0.036,22.0,8615.0,580.0
2021-01-05 09:47:19.111,0.0359,0.0364,10.0,0.0361,12.0,8615.0,580.0
2021-01-05 09:47:19.731,0.0359,0.0364,23.0,0.0361,22.0,8615.0,580.0
2021-01-05 09:47:20.000,0.0359,0.0364,23.0,0.0361,22.0,8615.0,580.0
2021-01-05 09:47:21.260,0.0359,0.0364,23.0,0.0363,12.0,8615.0,580.0
2021-01-05 09:47:21.760,0.0359,0.0365,10.0,0.0362,12.0,8615.0,580.0
2021-01-05 09:47:22.240,0.0359,0.0365,10.0,0.0363,12.0,8615.0,580.0
2021-01-05 09:47:22.571,0.0359,0.0364,25.0,0.0363,10.0,8615.0,580.0
2021-01-05 09:47:23.141,0.0359,0.0365,12.0,0.0362,10.0,8615.0,580.0
2021-01-05 09:47:23.710,0.0359,0.0364,12.0,0.036,32.0,8615.0,580.0
2021-01-05 09:47:24.221,0.0359,0.0364,12.0,0.036,42.0,8615.0,580.0
2021-01-05 09:47:25.241,0.0359,0.0365,10.0,0.036,30.0,8615.0,580.0
2021-01-05 09:47:25.341,0.0359,0.0364,12.0,0.036,42.0,8615.0,580.0
2021-01-05 09:47:26.171,0.0359,0.0364,25.0,0.036,22.0,8615.0,580.0
2021-01-05 09:47:26.680,0.0359,0.0364,12.0,0.036,42.0,8615.0,580.0
2021-01-05 09:47:27.721,0.0359,0.0365,22.0,0.0361,12.0,8615.0,580.0
2021-01-05 09:47:28.230,0.0359,0.0365,25.0,0.0361,22.0,8615.0,580.0
2021-01-05 09:47:29.181,0.0359,0.0365,25.0,0.0361,12.0,8615.0,580.0
2021-01-05 09:47:30.230,0.0359,0.0365,35.0,0.0361,22.0,8615.0,580.0
2021-01-05 09:47:30.720,0.0359,0.0365,35.0,0.0361,22.0,8615.0,580.0
2021-01-05 09:47:31.181,0.0359,0.0365,22.0,0.0361,42.0,8615.0,580.0
2021-01-05 09:47:32.681,0.0359,0.0364,12.0,0.0361,30.0,8615.0,580.0
2021-01-05 09:47:33.181,0.0359,0.0364,22.0,0.0361,20.0,8615.0,580.0
2021-01-05 09:47:33.730,0.0359,0.0364,22.0,0.036,42.0,8615.0,580.0
2021-01-05 09:47:34.231,0.0359,0.0363,12.0,0.036,30.0,8615.0,580.0
2021-01-05 09:47:34.750,0.0359,0.0363,10.0,0.036,42.0,8615.0,580.0
2021-01-05 09:47:35.740,0.0359,0.0363,22.0,0.036,20.0,8615.0,580.0
2021-01-05 09:47:36.241,0.0359,0.0363,10.0,0.036,22.0,8615.0,580.0
2021-01-05 09:47:37.251,0.0359,0.0363,10.0,0.036,42.0,8615.0,580.0
2021-01-05 09:47:37.761,0.0359,0.0363,10.0,0.036,30.0,8615.0,580.0
2021-01-05 09:47:38.260,0.0359,0.0363,10.0,0.0361,12.0,8615.0,580.0
2021-01-05 09:47:38.760,0.0359,0.0364,12.0,0.036,32.0,8615.0,580.0
2021-01-05 09:47:39.261,0.0359,0.0364,10.0,0.036,30.0,8615.0,580.0
2021-01-05 09:47:39.351,0.0359,0.0364,10.0,0.0361,12.0,8615.0,580.0
2021-01-05 09:47:40.711,0.0359,0.0364,22.0,0.0361,20.0,8615.0,580.0
2021-01-05 09:47:41.251,0.0359,0.0364,10.0,0.0361,42.0,8615.0,580.0
2021-01-05 09:47:42.250,0.0359,0.0364,10.0,0.0361,30.0,8615.0,580.0
2021-01-05 09:47:43.251,0.0359,0.0364,10.0,0.0361,42.0,8615.0,580.0
2021-01-05 09:47:47.270,0.0359,0.0364,22.0,0.0361,30.0,8615.0,580.0
2021-01-05 09:47:48.261,0.0364,0.0364,22.0,0.0361,30.0,8615.0,581.0
2021-01-05 09:47:48.761,0.0364,0.0364,22.0,0.0361,20.0,8615.0,581.0
2021-01-05 09:47:49.260,0.0364,0.0364,12.0,0.036,32.0,8615.0,581.0
2021-01-05 09:47:50.271,0.0364,0.0364,10.0,0.036,30.0,8615.0,581.0
2021-01-05 09:47:50.751,0.0364,0.0364,22.0,0.036,42.0,8615.0,581.0
2021-01-05 09:47:51.270,0.0364,0.0364,10.0,0.036,30.0,8615.0,581.0
2021-01-05 09:47:51.781,0.0364,0.0363,12.0,0.036,30.0,8615.0,581.0
2021-01-05 09:47:51.781,0.0364,0.0362,12.0,0.0355,14.0,8615.0,581.0
2021-01-05 09:47:52.730,0.0364,0.0363,10.0,0.036,20.0,8615.0,581.0
2021-01-05 09:47:53.231,0.0364,0.0361,12.0,0.0359,10.0,8615.0,581.0
2021-01-05 09:47:54.230,0.0364,0.036,12.0,0.0358,43.0,8615.0,581.0
2021-01-05 09:47:54.741,0.0364,0.0361,22.0,0.0358,30.0,8615.0,581.0
2021-01-05 09:47:55.241,0.0364,0.0361,10.0,0.036,12.0,8615.0,581.0
2021-01-05 09:47:55.740,0.0364,0.0366,14.0,0.0359,12.0,8615.0,581.0
2021-01-05 09:47:56.251,0.0364,0.0366,36.0,0.0359,10.0,8615.0,581.0
2021-01-05 09:47:56.751,0.0364,0.0364,12.0,0.0359,10.0,8615.0,581.0
2021-01-05 09:47:57.250,0.0364,0.0363,13.0,0.0359,10.0,8615.0,581.0
2021-01-05 09:47:57.750,0.0364,0.0363,23.0,0.036,12.0,8615.0,581.0
2021-01-05 09:47:58.261,0.0364,0.0363,23.0,0.0359,10.0,8615.0,581.0
2021-01-05 09:47:58.781,0.0364,0.0363,35.0,0.0359,12.0,8615.0,581.0
2021-01-05 09:47:59.231,0.0364,0.0363,35.0,0.0359,12.0,8615.0,581.0
2021-01-05 09:48:00.791,0.0364,0.0363,35.0,0.0359,32.0,8615.0,581.0
2021-01-05 09:48:01.261,0.0364,0.0363,23.0,0.036,12.0,8615.0,581.0
2021-01-05 09:48:01.791,0.0364,0.0363,23.0,0.036,12.0,8615.0,581.0
2021-01-05 09:48:02.260,0.0364,0.0363,35.0,0.0359,32.0,8615.0,581.0
2021-01-05 09:48:02.781,0.0364,0.0363,23.0,0.0359,20.0,8615.0,581.0
2021-01-05 09:48:03.290,0.0364,0.0363,23.0,0.036,12.0,8615.0,581.0
2021-01-05 09:48:03.791,0.0364,0.0363,23.0,0.0361,12.0,8615.0,581.0
2021-01-05 09:48:04.250,0.0364,0.0363,23.0,0.036,12.0,8615.0,581.0
2021-01-05 09:48:04.790,0.0364,0.0363,35.0,0.0359,42.0,8615.0,581.0
2021-01-05 09:48:05.290,0.0364,0.0363,35.0,0.0359,32.0,8615.0,581.0
2021-01-05 09:48:05.760,0.0364,0.0363,25.0,0.0359,32.0,8615.0,581.0
2021-01-05 09:48:06.291,0.0364,0.0363,23.0,0.036,12.0,8615.0,581.0
2021-01-05 09:48:06.781,0.0364,0.0363,23.0,0.0361,12.0,8615.0,581.0
2021-01-05 09:48:07.280,0.0364,0.0363,23.0,0.036,12.0,8615.0,581.0
2021-01-05 09:48:07.760,0.0364,0.0363,23.0,0.036,32.0,8615.0,581.0
2021-01-05 09:48:09.751,0.0364,0.0363,23.0,0.036,32.0,8615.0,581.0
2021-01-05 09:48:11.301,0.0364,0.0363,23.0,0.0361,12.0,8615.0,581.0
2021-01-05 09:48:11.791,0.0364,0.0363,23.0,0.036,32.0,8615.0,581.0
2021-01-05 09:48:12.751,0.0364,0.0363,35.0,0.036,20.0,8615.0,581.0
2021-01-05 09:48:13.281,0.0364,0.0363,25.0,0.0359,32.0,8615.0,581.0
2021-01-05 09:48:13.760,0.0364,0.0363,35.0,0.0359,32.0,8615.0,581.0
2021-01-05 09:48:14.791,0.0364,0.0363,25.0,0.0359,32.0,8615.0,581.0
2021-01-05 09:48:15.310,0.0364,0.0363,35.0,0.0359,32.0,8615.0,581.0
2021-01-05 09:48:15.831,0.0364,0.0362,12.0,0.0358,12.0,8615.0,581.0
2021-01-05 09:48:16.321,0.0364,0.0366,14.0,0.0354,10.0,8615.0,581.0
2021-01-05 09:48:16.801,0.0364,0.0366,24.0,0.0355,13.0,8615.0,581.0
2021-01-05 09:48:17.300,0.0364,0.0364,12.0,0.0356,12.0,8615.0,581.0
2021-01-05 09:48:17.811,0.0364,0.0363,13.0,0.0356,42.0,8615.0,581.0
2021-01-05 09:48:18.330,0.0364,0.0363,23.0,0.0356,30.0,8615.0,581.0
2021-01-05 09:48:18.330,0.0364,0.0362,12.0,0.0358,12.0,8615.0,581.0
2021-01-05 09:48:19.271,0.0364,0.0362,12.0,0.0358,32.0,8615.0,581.0
2021-01-05 09:48:19.800,0.0364,0.0361,13.0,0.0358,20.0,8615.0,581.0
2021-01-05 09:48:20.311,0.0364,0.0361,23.0,0.0358,32.0,8615.0,581.0
2021-01-05 09:48:21.340,0.0364,0.0361,23.0,0.0359,12.0,8615.0,581.0
2021-01-05 09:48:21.800,0.0364,0.0361,10.0,0.0359,32.0,8615.0,581.0
