,last,ask1,asize1,bid1,bsize1,oi,volume
2021-01-05 09:25:00.080,,0.9535,1.0,0.9033,1.0,1125.0,
2021-01-05 09:30:00.451,,0.9339,20.0,0.9035,1.0,1125.0,
2021-01-05 09:30:00.991,,0.9713,1.0,0.9261,20.0,1125.0,
2021-01-05 09:30:01.481,,0.9379,10.0,0.9286,10.0,1125.0,
2021-01-05 09:30:01.990,,0.9376,30.0,0.9298,20.0,1125.0,
2021-01-05 09:30:02.511,,0.9376,20.0,0.931,20.0,1125.0,
2021-01-05 09:30:03.010,,0.9381,30.0,0.931,20.0,1125.0,
2021-01-05 09:30:03.471,,0.9363,10.0,0.9298,20.0,1125.0,
2021-01-05 09:30:03.980,,0.9366,20.0,0.929,30.0,1125.0,
2021-01-05 09:30:04.430,,0.9376,20.0,0.9306,10.0,1125.0,
2021-01-05 09:30:05.010,,0.9394,20.0,0.9315,20.0,1125.0,
2021-01-05 09:30:05.481,,0.9394,20.0,0.9315,20.0,1125.0,
2021-01-05 09:30:05.990,,0.9414,10.0,0.9325,20.0,1125.0,
2021-01-05 09:30:06.480,,0.9409,20.0,0.934,10.0,1125.0,
2021-01-05 09:30:06.971,,0.9431,20.0,0.9353,20.0,1125.0,
2021-01-05 09:30:07.471,,0.9431,20.0,0.9353,20.0,1125.0,
2021-01-05 09:30:08.001,,0.9436,20.0,0.9353,20.0,1125.0,
2021-01-05 09:30:08.520,,0.9435,10.0,0.9358,20.0,1125.0,
2021-01-05 09:30:08.960,,0.9436,20.0,0.9353,20.0,1125.0,
2021-01-05 09:30:09.490,,0.9436,20.0,0.9359,20.0,1125.0,
2021-01-05 09:30:09.970,,0.9436,20.0,0.9359,20.0,1125.0,
2021-01-05 09:30:11.000,,0.9445,20.0,0.9367,20.0,1125.0,
2021-01-05 09:30:11.521,,0.9445,20.0,0.9367,20.0,1125.0,
2021-01-05 09:30:11.980,,0.9445,20.0,0.9372,10.0,1125.0,
2021-01-05 09:30:12.521,,0.9445,20.0,0.9372,20.0,1125.0,
2021-01-05 09:30:12.900,,0.9443,10.0,0.9354,10.0,1125.0,
2021-01-05 09:30:13.501,,0.9428,20.0,0.9355,20.0,1125.0,
2021-01-05 09:30:13.941,,0.9434,20.0,0.9355,20.0,1125.0,
2021-01-05 09:30:14.521,,0.9434,20.0,0.9355,20.0,1125.0,
2021-01-05 09:30:15.040,,0.9429,20.0,0.9355,20.0,1125.0,
2021-01-05 09:30:15.520,,0.9429,20.0,0.9355,20.0,1125.0,
2021-01-05 09:30:15.991,,0.9429,20.0,0.9357,10.0,1125.0,
2021-01-05 09:30:16.531,,0.9434,20.0,0.9357,20.0,1125.0,
2021-01-05 09:30:17.021,,0.9425,20.0,0.9349,10.0,1125.0,
2021-01-05 09:30:17.641,,0.9419,20.0,0.9349,20.0,1125.0,
2021-01-05 09:30:18.231,,0.9404,20.0,0.9327,20.0,1125.0,
2021-01-05 09:30:18.750,,0.9404,20.0,0.9327,20.0,1125.0,
2021-01-05 09:30:19.251,,0.9404,20.0,0.9322,30.0,1125.0,
2021-01-05 09:30:19.741,,0.9398,20.0,0.9322,30.0,1125.0,
2021-01-05 09:30:20.740,,0.9404,20.0,0.9328,10.0,1125.0,
2021-01-05 09:30:21.241,,0.941,20.0,0.9335,10.0,1125.0,
2021-01-05 09:30:21.741,,0.9403,20.0,0.9327,20.0,1125.0,
2021-01-05 09:30:22.240,,0.9416,20.0,0.934,10.0,1125.0,
2021-01-05 09:30:22.671,,0.9411,20.0,0.9338,20.0,1125.0,
2021-01-05 09:30:23.170,,0.9411,20.0,0.9333,20.0,1125.0,
2021-01-05 09:30:23.670,,0.9423,20.0,0.9345,10.0,1125.0,
2021-01-05 09:30:24.661,,0.9434,20.0,0.9356,20.0,1125.0,
2021-01-05 09:30:27.170,,0.9439,20.0,0.9356,20.0,1125.0,
2021-01-05 09:30:29.650,,0.9439,20.0,0.9356,20.0,1125.0,
2021-01-05 09:30:30.171,,0.9434,20.0,0.9356,20.0,1125.0,
2021-01-05 09:30:30.620,,0.9429,20.0,0.9356,20.0,1125.0,
2021-01-05 09:30:31.121,,0.9429,20.0,0.935,20.0,1125.0,
2021-01-05 09:30:32.140,,0.9423,20.0,0.9346,10.0,1125.0,
2021-01-05 09:30:32.631,,0.9416,20.0,0.9344,20.0,1125.0,
2021-01-05 09:30:33.671,,0.9416,20.0,0.9337,20.0,1125.0,
2021-01-05 09:30:34.670,,0.9416,20.0,0.9337,20.0,1125.0,
2021-01-05 09:30:36.170,,0.9423,20.0,0.9346,10.0,1125.0,
2021-01-05 09:30:36.691,,0.9423,20.0,0.9345,20.0,1125.0,
2021-01-05 09:30:38.700,,0.9418,20.0,0.9337,20.0,1125.0,
2021-01-05 09:30:39.201,,0.9423,20.0,0.9343,20.0,1125.0,
2021-01-05 09:30:42.671,,0.9416,20.0,0.9337,20.0,1125.0,
2021-01-05 09:30:44.181,,0.9408,20.0,0.9331,30.0,1125.0,
2021-01-05 09:30:45.161,,0.9408,20.0,0.9331,30.0,1125.0,
2021-01-05 09:30:46.200,,0.9402,20.0,0.9331,30.0,1125.0,
2021-01-05 09:30:47.191,,0.9402,20.0,0.9331,20.0,1125.0,
2021-01-05 09:30:47.691,,0.9393,20.0,0.9314,20.0,1125.0,
2021-01-05 09:30:49.210,,0.9393,20.0,0.9319,20.0,1125.0,
2021-01-05 09:30:49.700,,0.9394,20.0,0.9314,20.0,1125.0,
2021-01-05 09:30:51.721,,0.9394,20.0,0.9314,20.0,1125.0,
2021-01-05 09:30:52.651,,0.9389,20.0,0.9314,20.0,1125.0,
2021-01-05 09:30:53.120,,0.9389,20.0,0.9314,20.0,1125.0,
2021-01-05 09:30:55.081,,0.9383,20.0,0.9314,20.0,1125.0,
2021-01-05 09:30:56.660,,0.9383,20.0,0.9314,20.0,1125.0,
2021-01-05 09:30:57.600,,0.9383,20.0,0.9307,20.0,1125.0,
2021-01-05 09:30:58.091,,0.9383,20.0,0.9307,20.0,1125.0,
2021-01-05 09:30:58.660,,0.9389,20.0,0.9312,20.0,1125.0,
2021-01-05 09:30:59.640,,0.9389,20.0,0.9326,20.0,1125.0,
2021-01-05 09:31:00.161,,0.9394,30.0,0.9326,20.0,1125.0,
2021-01-05 09:31:00.681,,0.9394,30.0,0.9316,10.0,1125.0,
2021-01-05 09:31:01.140,,0.9394,30.0,0.9326,20.0,1125.0,
2021-01-05 09:31:02.170,,0.9418,10.0,0.9343,20.0,1125.0,
2021-01-05 09:31:02.681,,0.941,20.0,0.9338,20.0,1125.0,
2021-01-05 09:31:03.131,,0.9416,20.0,0.9338,20.0,1125.0,
2021-01-05 09:31:03.680,,0.9416,20.0,0.9338,20.0,1125.0,
2021-01-05 09:31:04.181,,0.942,10.0,0.9338,20.0,1125.0,
2021-01-05 09:31:05.190,,0.942,10.0,0.9345,20.0,1125.0,
2021-01-05 09:31:06.160,,0.9413,30.0,0.9338,20.0,1125.0,
2021-01-05 09:31:06.681,,0.9413,30.0,0.9338,20.0,1125.0,
2021-01-05 09:31:07.190,,0.9404,20.0,0.9325,20.0,1125.0,
2021-01-05 09:31:07.670,,0.9404,20.0,0.9325,20.0,1125.0,
2021-01-05 09:31:08.200,,0.9404,30.0,0.9325,20.0,1125.0,
2021-01-05 09:31:08.650,,0.9388,10.0,0.9325,20.0,1125.0,
2021-01-05 09:31:09.101,,0.9404,20.0,0.9325,20.0,1125.0,
2021-01-05 09:31:09.701,,0.9399,20.0,0.9325,20.0,1125.0,
2021-01-05 09:31:11.170,,0.9398,10.0,0.9325,20.0,1125.0,
2021-01-05 09:31:11.701,,0.9398,10.0,0.9317,20.0,1125.0,
2021-01-05 09:31:12.711,,0.9399,20.0,0.9326,20.0,1125.0,
2021-01-05 09:31:13.170,,0.9396,20.0,0.9317,20.0,1125.0,
2021-01-05 09:31:14.690,,0.9396,20.0,0.9323,20.0,1125.0,
2021-01-05 09:31:15.710,,0.9402,10.0,0.9323,20.0,1125.0,
2021-01-05 09:31:16.711,,0.9403,10.0,0.9323,20.0,1125.0,
2021-01-05 09:31:17.710,,0.9397,20.0,0.9317,20.0,1125.0,
2021-01-05 09:31:18.720,,0.9389,20.0,0.9311,20.0,1125.0,
2021-01-05 09:31:19.150,,0.9381,20.0,0.9303,30.0,1125.0,
2021-01-05 09:31:19.721,,0.9389,20.0,0.931,20.0,1125.0,
2021-01-05 09:31:20.171,,0.9389,30.0,0.931,20.0,1125.0,
2021-01-05 09:31:20.701,,0.9378,20.0,0.9303,30.0,1125.0,
2021-01-05 09:31:21.221,,0.9389,20.0,0.9313,20.0,1125.0,
2021-01-05 09:31:21.671,,0.9395,20.0,0.9313,20.0,1125.0,
2021-01-05 09:31:22.211,,0.9395,20.0,0.9321,20.0,1125.0,
2021-01-05 09:31:23.171,,0.94,20.0,0.9321,20.0,1125.0,
2021-01-05 09:31:24.161,,0.94,20.0,0.9321,20.0,1125.0,
2021-01-05 09:31:24.660,,0.94,20.0,0.9321,20.0,1125.0,
2021-01-05 09:31:25.150,,0.9395,20.0,0.9321,20.0,1125.0,
2021-01-05 09:31:25.640,,0.9395,20.0,0.9314,10.0,1125.0,
2021-01-05 09:31:26.141,,0.9389,20.0,0.9314,10.0,1125.0,
2021-01-05 09:31:26.681,,0.9395,20.0,0.9313,20.0,1125.0,
2021-01-05 09:31:27.171,,0.9395,20.0,0.9313,20.0,1125.0,
2021-01-05 09:31:27.601,,0.9395,20.0,0.9313,20.0,1125.0,
2021-01-05 09:31:28.091,,0.9395,20.0,0.9319,20.0,1125.0,
2021-01-05 09:31:28.610,,0.9395,20.0,0.9319,20.0,1125.0,
2021-01-05 09:31:30.170,,0.9395,20.0,0.9319,20.0,1125.0,
2021-01-05 09:31:31.661,,0.9395,20.0,0.9313,20.0,1125.0,
2021-01-05 09:31:32.191,,0.9395,20.0,0.9321,20.0,1125.0,
2021-01-05 09:31:33.190,,0.9395,20.0,0.9313,20.0,1125.0,
2021-01-05 09:31:34.181,,0.9395,20.0,0.9313,20.0,1125.0,
2021-01-05 09:31:34.681,,0.9395,20.0,0.9322,20.0,1125.0,
2021-01-05 09:31:35.670,,0.9395,20.0,0.9313,20.0,1125.0,
2021-01-05 09:31:36.690,,0.9395,20.0,0.9323,20.0,1125.0,
2021-01-05 09:31:37.191,,0.94,30.0,0.9323,20.0,1125.0,
2021-01-05 09:31:37.620,,0.9394,20.0,0.9313,20.0,1125.0,
2021-01-05 09:31:38.190,,0.9387,10.0,0.9313,20.0,1125.0,
2021-01-05 09:31:39.210,,0.9387,30.0,0.9308,20.0,1125.0,
2021-01-05 09:31:39.710,,0.9387,30.0,0.9308,20.0,1125.0,
2021-01-05 09:31:40.200,,0.9387,30.0,0.9308,20.0,1125.0,
2021-01-05 09:31:40.711,,0.9379,10.0,0.9308,20.0,1125.0,
2021-01-05 09:31:41.191,,0.9379,10.0,0.9303,10.0,1125.0,
2021-01-05 09:31:41.700,,0.9371,20.0,0.9303,20.0,1125.0,
2021-01-05 09:31:42.211,,0.9371,20.0,0.9303,20.0,1125.0,
2021-01-05 09:31:42.711,,0.9377,20.0,0.9297,20.0,1125.0,
2021-01-05 09:31:43.191,,0.9377,20.0,0.9297,20.0,1125.0,
2021-01-05 09:31:43.690,,0.9362,10.0,0.9297,20.0,1125.0,
2021-01-05 09:31:44.190,,0.9362,30.0,0.9307,20.0,1125.0,
2021-01-05 09:31:44.641,,0.9362,30.0,0.9307,20.0,1125.0,
2021-01-05 09:31:45.170,,0.9362,30.0,0.9307,20.0,1125.0,
2021-01-05 09:31:45.700,,0.9362,20.0,0.9302,20.0,1125.0,
2021-01-05 09:31:46.171,,0.9377,20.0,0.9302,20.0,1125.0,
2021-01-05 09:31:46.701,,0.9377,20.0,0.9295,20.0,1125.0,
2021-01-05 09:31:47.191,,0.9377,20.0,0.9295,20.0,1125.0,
2021-01-05 09:31:47.690,,0.9377,20.0,0.9295,20.0,1125.0,
2021-01-05 09:31:49.711,,0.9369,10.0,0.9295,20.0,1125.0,
2021-01-05 09:31:50.191,,0.9361,10.0,0.9295,20.0,1125.0,
2021-01-05 09:31:50.710,,0.9346,10.0,0.929,20.0,1125.0,
2021-01-05 09:31:51.210,,0.9346,30.0,0.9283,30.0,1125.0,
2021-01-05 09:31:52.621,,0.9346,30.0,0.9283,20.0,1125.0,
2021-01-05 09:31:53.171,,0.9346,30.0,0.9274,20.0,1125.0,
2021-01-05 09:31:53.530,,0.9346,30.0,0.9274,20.0,1125.0,
2021-01-05 09:31:54.151,,0.9346,30.0,0.9269,20.0,1125.0,
2021-01-05 09:31:55.670,,0.9346,30.0,0.9269,20.0,1125.0,
2021-01-05 09:32:01.670,,0.9346,30.0,0.9274,20.0,1125.0,
2021-01-05 09:32:02.171,,0.9346,30.0,0.9274,20.0,1125.0,
2021-01-05 09:32:02.671,,0.9346,30.0,0.9274,30.0,1125.0,
2021-01-05 09:32:03.180,,0.9346,30.0,0.9284,20.0,1125.0,
2021-01-05 09:32:04.150,,0.9346,30.0,0.9291,20.0,1125.0,
2021-01-05 09:32:04.661,,0.9346,30.0,0.9291,20.0,1125.0,
2021-01-05 09:32:05.141,,0.9346,20.0,0.9284,20.0,1125.0,
2021-01-05 09:32:05.660,,0.9359,10.0,0.9284,20.0,1125.0,
2021-01-05 09:32:06.161,,0.9351,10.0,0.9284,20.0,1125.0,
2021-01-05 09:32:06.680,,0.9349,20.0,0.9275,10.0,1125.0,
2021-01-05 09:32:07.070,,0.9359,10.0,0.9283,20.0,1125.0,
2021-01-05 09:32:08.171,,0.9356,20.0,0.9278,20.0,1125.0,
2021-01-05 09:32:08.670,,0.9355,10.0,0.9278,20.0,1125.0,
2021-01-05 09:32:09.681,,0.9348,20.0,0.9278,20.0,1125.0,
2021-01-05 09:32:10.161,,0.9348,20.0,0.9272,20.0,1125.0,
2021-01-05 09:32:10.630,,0.9348,20.0,0.9272,20.0,1125.0,
2021-01-05 09:32:11.170,,0.9348,20.0,0.9272,20.0,1125.0,
2021-01-05 09:32:12.161,,0.9356,20.0,0.9282,20.0,1125.0,
2021-01-05 09:32:13.171,,0.9356,20.0,0.9282,20.0,1125.0,
2021-01-05 09:32:14.660,,0.9356,20.0,0.9273,10.0,1125.0,
2021-01-05 09:32:15.671,,0.9351,20.0,0.9272,20.0,1125.0,
2021-01-05 09:32:17.161,,0.9356,20.0,0.9277,20.0,1125.0,
2021-01-05 09:32:17.651,,0.935,20.0,0.9272,20.0,1125.0,
2021-01-05 09:32:18.670,,0.935,30.0,0.9272,20.0,1125.0,
2021-01-05 09:32:19.640,,0.9333,10.0,0.9272,20.0,1125.0,
2021-01-05 09:32:20.151,,0.9333,30.0,0.9272,20.0,1125.0,
2021-01-05 09:32:20.671,,0.9333,30.0,0.9272,20.0,1125.0,
2021-01-05 09:32:21.171,,0.9333,30.0,0.9272,20.0,1125.0,
2021-01-05 09:32:21.680,,0.9333,30.0,0.9278,10.0,1125.0,
2021-01-05 09:32:22.181,,0.9333,30.0,0.9282,20.0,1125.0,
2021-01-05 09:32:24.160,,0.9333,30.0,0.9278,10.0,1125.0,
2021-01-05 09:32:25.170,,0.9333,30.0,0.9277,20.0,1125.0,
2021-01-05 09:32:25.670,,0.9333,30.0,0.9277,20.0,1125.0,
2021-01-05 09:32:26.171,,0.9333,30.0,0.9277,20.0,1125.0,
2021-01-05 09:32:26.650,,0.9333,30.0,0.9277,20.0,1125.0,
2021-01-05 09:32:27.151,,0.9333,30.0,0.9269,20.0,1125.0,
2021-01-05 09:32:28.630,,0.9333,30.0,0.9269,20.0,1125.0,
2021-01-05 09:32:34.691,,0.9333,30.0,0.9269,20.0,1125.0,
2021-01-05 09:32:41.690,,0.9326,10.0,0.9269,20.0,1125.0,
2021-01-05 09:32:42.700,,0.9326,30.0,0.9269,20.0,1125.0,
2021-01-05 09:32:44.700,,0.9326,30.0,0.9269,20.0,1125.0,
2021-01-05 09:32:45.580,,0.9326,30.0,0.9269,20.0,1125.0,
2021-01-05 09:32:48.690,,0.9326,30.0,0.9269,20.0,1125.0,
2021-01-05 09:32:49.190,,0.9326,30.0,0.9257,20.0,1125.0,
2021-01-05 09:32:49.670,,0.9318,20.0,0.9252,20.0,1125.0,
2021-01-05 09:32:50.171,,0.9303,20.0,0.9252,20.0,1125.0,
2021-01-05 09:32:50.700,,0.9323,30.0,0.9252,20.0,1125.0,
2021-01-05 09:32:51.170,,0.9309,20.0,0.9252,20.0,1125.0,
2021-01-05 09:32:51.701,,0.9304,10.0,0.9243,20.0,1125.0,
2021-01-05 09:32:52.191,,0.9302,20.0,0.9243,20.0,1125.0,
2021-01-05 09:32:52.671,,0.9309,20.0,0.9234,30.0,1125.0,
2021-01-05 09:32:53.161,,0.9309,20.0,0.9234,20.0,1125.0,
2021-01-05 09:32:53.641,,0.9316,20.0,0.9239,10.0,1125.0,
2021-01-05 09:32:54.181,,0.9316,20.0,0.9247,10.0,1125.0,
2021-01-05 09:32:54.671,,0.9316,20.0,0.925,20.0,1125.0,
2021-01-05 09:32:55.650,,0.9316,20.0,0.9247,10.0,1125.0,
2021-01-05 09:32:56.150,,0.9316,20.0,0.9245,20.0,1125.0,
2021-01-05 09:32:56.611,,0.9304,10.0,0.9239,20.0,1125.0,
2021-01-05 09:32:57.151,,0.9304,30.0,0.9234,10.0,1125.0,
2021-01-05 09:32:57.600,,0.9304,30.0,0.9241,10.0,1125.0,
2021-01-05 09:32:58.171,,0.9304,30.0,0.9246,20.0,1125.0,
2021-01-05 09:32:58.651,,0.9304,30.0,0.924,20.0,1125.0,
2021-01-05 09:32:59.170,,0.9304,30.0,0.924,20.0,1125.0,
2021-01-05 09:32:59.621,,0.9304,30.0,0.924,20.0,1125.0,
2021-01-05 09:33:01.141,,0.9304,30.0,0.924,20.0,1125.0,
2021-01-05 09:33:01.661,,0.9304,30.0,0.925,20.0,1125.0,
2021-01-05 09:33:02.130,,0.9304,20.0,0.925,20.0,1125.0,
2021-01-05 09:33:02.620,,0.9316,20.0,0.9255,20.0,1125.0,
2021-01-05 09:33:03.171,,0.9316,20.0,0.9264,20.0,1125.0,
2021-01-05 09:33:03.681,,0.9316,20.0,0.9264,20.0,1125.0,
2021-01-05 09:33:04.140,,0.9322,20.0,0.9272,20.0,1125.0,
2021-01-05 09:33:05.181,,0.9323,10.0,0.9278,20.0,1125.0,
2021-01-05 09:33:05.690,,0.9328,20.0,0.9278,20.0,1125.0,
2021-01-05 09:33:06.170,,0.9343,30.0,0.9287,20.0,1125.0,
2021-01-05 09:33:07.171,,0.9343,20.0,0.9287,20.0,1125.0,
2021-01-05 09:33:07.601,,0.9343,20.0,0.9287,20.0,1125.0,
2021-01-05 09:33:08.191,,0.936,20.0,0.9278,20.0,1125.0,
2021-01-05 09:33:08.681,,0.9341,10.0,0.9278,20.0,1125.0,
2021-01-05 09:33:09.181,,0.9341,10.0,0.9272,30.0,1125.0,
2021-01-05 09:33:09.630,,0.9341,30.0,0.9278,20.0,1125.0,
2021-01-05 09:33:10.180,,0.9341,30.0,0.9278,20.0,1125.0,
2021-01-05 09:33:10.681,,0.9341,30.0,0.9283,20.0,1125.0,
2021-01-05 09:33:11.670,,0.9341,30.0,0.9283,20.0,1125.0,
2021-01-05 09:33:12.650,,0.9341,30.0,0.9278,20.0,1125.0,
2021-01-05 09:33:13.691,,0.9341,30.0,0.9278,20.0,1125.0,
2021-01-05 09:33:14.070,,0.9341,30.0,0.9278,20.0,1125.0,
2021-01-05 09:33:15.651,,0.9341,20.0,0.9286,20.0,1125.0,
2021-01-05 09:33:16.671,,0.9348,30.0,0.9292,20.0,1125.0,
2021-01-05 09:33:17.190,,0.9348,30.0,0.9292,20.0,1125.0,
2021-01-05 09:33:18.160,,0.9348,30.0,0.9297,20.0,1125.0,
2021-01-05 09:33:19.660,,0.9348,20.0,0.9297,30.0,1125.0,
2021-01-05 09:33:20.680,,0.9362,30.0,0.9297,30.0,1125.0,
2021-01-05 09:33:21.681,,0.9362,30.0,0.9297,30.0,1125.0,
2021-01-05 09:33:22.150,,0.9362,30.0,0.9297,30.0,1125.0,
2021-01-05 09:33:23.051,,0.9362,30.0,0.9305,20.0,1125.0,
2021-01-05 09:33:24.661,,0.9362,30.0,0.9305,20.0,1125.0,
2021-01-05 09:33:25.581,,0.9357,10.0,0.9297,20.0,1125.0,
2021-01-05 09:33:26.161,,0.9357,30.0,0.9297,20.0,1125.0,
2021-01-05 09:33:26.620,,0.9357,30.0,0.9297,10.0,1125.0,
2021-01-05 09:33:27.171,,0.9357,30.0,0.93,20.0,1125.0,
2021-01-05 09:33:27.681,,0.9357,30.0,0.93,20.0,1125.0,
2021-01-05 09:33:28.670,,0.9357,30.0,0.93,20.0,1125.0,
2021-01-05 09:33:37.190,,0.9357,20.0,0.93,20.0,1125.0,
2021-01-05 09:33:37.640,,0.9362,20.0,0.93,20.0,1125.0,
2021-01-05 09:33:40.690,,0.9362,20.0,0.93,20.0,1125.0,
2021-01-05 09:33:41.161,,0.9368,30.0,0.93,20.0,1125.0,
2021-01-05 09:33:41.691,,0.9368,30.0,0.93,20.0,1125.0,
2021-01-05 09:33:42.160,,0.9368,30.0,0.93,20.0,1125.0,
2021-01-05 09:33:42.640,,0.9368,30.0,0.93,20.0,1125.0,
2021-01-05 09:33:43.180,,0.9361,20.0,0.93,20.0,1125.0,
2021-01-05 09:33:44.110,,0.9361,20.0,0.93,20.0,1125.0,
2021-01-05 09:33:44.680,,0.9368,30.0,0.93,20.0,1125.0,
2021-01-05 09:33:46.100,,0.9359,20.0,0.93,20.0,1125.0,
2021-01-05 09:33:46.680,,0.9352,10.0,0.93,20.0,1125.0,
2021-01-05 09:33:47.191,,0.9352,30.0,0.9284,30.0,1125.0,
2021-01-05 09:33:49.681,,0.9347,20.0,0.9284,30.0,1125.0,
2021-01-05 09:33:50.130,,0.9332,10.0,0.9284,20.0,1125.0,
2021-01-05 09:33:50.670,,0.9332,30.0,0.9284,20.0,1125.0,
2021-01-05 09:33:51.581,,0.9332,30.0,0.9284,20.0,1125.0,
2021-01-05 09:33:57.171,,0.9332,20.0,0.9284,20.0,1125.0,
2021-01-05 09:33:57.671,,0.9347,20.0,0.9284,20.0,1125.0,
2021-01-05 09:33:58.170,,0.9339,10.0,0.9284,20.0,1125.0,
2021-01-05 09:33:58.670,,0.9339,10.0,0.9284,20.0,1125.0,
2021-01-05 09:33:59.140,,0.9329,20.0,0.9268,30.0,1125.0,
2021-01-05 09:34:00.191,,0.9325,10.0,0.9268,20.0,1125.0,
2021-01-05 09:34:00.671,,0.9325,20.0,0.9254,30.0,1125.0,
2021-01-05 09:34:01.081,,0.9321,20.0,0.9254,30.0,1125.0,
2021-01-05 09:34:01.661,,0.9321,20.0,0.9254,30.0,1125.0,
2021-01-05 09:34:02.170,,0.9321,20.0,0.9254,30.0,1125.0,
2021-01-05 09:34:02.671,,0.9321,20.0,0.9254,30.0,1125.0,
2021-01-05 09:34:03.171,,0.9321,20.0,0.9254,30.0,1125.0,
2021-01-05 09:34:05.121,,0.9321,20.0,0.9254,30.0,1125.0,
2021-01-05 09:34:07.630,,0.9304,10.0,0.9254,30.0,1125.0,
2021-01-05 09:34:08.171,,0.9304,30.0,0.9254,20.0,1125.0,
2021-01-05 09:34:08.690,,0.9304,30.0,0.9241,30.0,1125.0,
2021-01-05 09:34:09.670,,0.9304,30.0,0.9241,30.0,1125.0,
2021-01-05 09:34:10.690,,0.9304,30.0,0.9241,20.0,1125.0,
2021-01-05 09:34:11.681,,0.9304,20.0,0.9254,10.0,1125.0,
2021-01-05 09:34:12.640,,0.9311,10.0,0.9253,20.0,1125.0,
2021-01-05 09:34:13.191,,0.9311,30.0,0.9253,20.0,1125.0,
2021-01-05 09:34:13.671,,0.9311,30.0,0.9253,20.0,1125.0,
2021-01-05 09:34:14.181,,0.9311,30.0,0.9253,20.0,1125.0,
2021-01-05 09:34:14.691,,0.9316,20.0,0.9266,20.0,1125.0,
2021-01-05 09:34:15.181,,0.9321,20.0,0.9268,10.0,1125.0,
2021-01-05 09:34:15.681,,0.9328,10.0,0.9268,10.0,1125.0,
2021-01-05 09:34:16.190,,0.9334,30.0,0.9268,10.0,1125.0,
2021-01-05 09:34:16.630,,0.9317,10.0,0.9266,20.0,1125.0,
2021-01-05 09:34:16.970,,0.9317,30.0,0.9266,20.0,1125.0,
2021-01-05 09:34:17.690,,0.9317,30.0,0.9266,20.0,1125.0,
2021-01-05 09:34:18.201,,0.9317,30.0,0.9266,20.0,1125.0,
2021-01-05 09:34:18.620,,0.9317,30.0,0.9253,20.0,1125.0,
2021-01-05 09:34:19.041,,0.9317,30.0,0.9253,20.0,1125.0,
2021-01-05 09:34:19.700,,0.9317,30.0,0.9253,20.0,1125.0,
2021-01-05 09:34:20.180,,0.9317,30.0,0.9253,20.0,1125.0,
2021-01-05 09:34:21.690,,0.9303,10.0,0.9253,20.0,1125.0,
2021-01-05 09:34:22.151,,0.9303,30.0,0.9253,20.0,1125.0,
2021-01-05 09:34:23.661,,0.9303,30.0,0.9253,20.0,1125.0,
2021-01-05 09:34:31.691,,0.9303,30.0,0.9253,20.0,1125.0,
2021-01-05 09:34:33.691,,0.9303,30.0,0.9253,20.0,1125.0,
2021-01-05 09:34:34.171,,0.9303,30.0,0.9237,30.0,1125.0,
2021-01-05 09:34:34.640,,0.9303,30.0,0.9237,30.0,1125.0,
2021-01-05 09:34:37.700,,0.9286,10.0,0.9237,20.0,1125.0,
2021-01-05 09:34:38.171,,0.9286,30.0,0.9237,20.0,1125.0,
2021-01-05 09:34:38.690,,0.9286,30.0,0.9237,20.0,1125.0,
2021-01-05 09:34:39.091,,0.9286,20.0,0.9224,30.0,1125.0,
2021-01-05 09:34:39.470,,0.9291,30.0,0.9224,30.0,1125.0,
2021-01-05 09:34:40.171,,0.9291,30.0,0.9224,20.0,1125.0,
2021-01-05 09:34:42.680,,0.929,10.0,0.9224,20.0,1125.0,
2021-01-05 09:34:44.151,,0.929,10.0,0.9224,20.0,1125.0,
2021-01-05 09:34:45.200,,0.9277,10.0,0.9224,20.0,1125.0,
2021-01-05 09:34:46.140,,0.927,10.0,0.9224,20.0,1125.0,
2021-01-05 09:34:46.660,,0.927,30.0,0.9224,20.0,1125.0,
2021-01-05 09:34:47.701,,0.927,30.0,0.9224,20.0,1125.0,
2021-01-05 09:34:50.161,,0.927,20.0,0.9224,20.0,1125.0,
2021-01-05 09:34:50.700,,0.9277,20.0,0.9224,20.0,1125.0,
2021-01-05 09:34:53.180,,0.9277,20.0,0.9224,20.0,1125.0,
2021-01-05 09:34:53.651,,0.9277,20.0,0.9224,20.0,1125.0,
2021-01-05 09:34:54.631,,0.927,10.0,0.9224,20.0,1125.0,
2021-01-05 09:34:55.161,,0.927,30.0,0.9205,30.0,1125.0,
2021-01-05 09:34:56.141,,0.9262,10.0,0.9205,20.0,1125.0,
2021-01-05 09:34:56.681,,0.9243,10.0,0.9205,20.0,1125.0,
2021-01-05 09:34:58.160,,0.9243,30.0,0.9192,20.0,1125.0,
2021-01-05 09:34:58.640,,0.9243,30.0,0.9192,20.0,1125.0,
2021-01-05 09:35:02.680,,0.9243,20.0,0.9192,20.0,1125.0,
2021-01-05 09:35:03.180,,0.9258,20.0,0.9192,20.0,1125.0,
2021-01-05 09:35:03.660,,0.9258,20.0,0.9197,10.0,1125.0,
2021-01-05 09:35:04.181,,0.9258,20.0,0.9197,20.0,1125.0,
2021-01-05 09:35:05.180,,0.9258,20.0,0.9192,20.0,1125.0,
2021-01-05 09:35:06.680,,0.9258,20.0,0.9192,20.0,1125.0,
2021-01-05 09:35:07.131,,0.9258,20.0,0.9192,20.0,1125.0,
2021-01-05 09:35:07.650,,0.9246,10.0,0.9192,20.0,1125.0,
2021-01-05 09:35:08.190,,0.9246,30.0,0.9192,20.0,1125.0,
2021-01-05 09:35:09.191,,0.923,10.0,0.9192,20.0,1125.0,
2021-01-05 09:35:10.180,,0.923,30.0,0.9175,30.0,1125.0,
2021-01-05 09:35:10.691,,0.923,30.0,0.9175,30.0,1125.0,
2021-01-05 09:35:11.680,,0.9217,10.0,0.9175,30.0,1125.0,
2021-01-05 09:35:12.691,,0.9217,30.0,0.9175,30.0,1125.0,
2021-01-05 09:35:13.160,,0.9217,20.0,0.9175,30.0,1125.0,
2021-01-05 09:35:13.640,,0.923,30.0,0.9175,40.0,1125.0,
2021-01-05 09:35:14.191,,0.923,20.0,0.9191,10.0,1125.0,
2021-01-05 09:35:14.700,,0.9247,10.0,0.9194,20.0,1125.0,
2021-01-05 09:35:15.701,,0.9247,10.0,0.9194,20.0,1125.0,
2021-01-05 09:35:16.681,,0.9247,10.0,0.9194,20.0,1125.0,
2021-01-05 09:35:18.681,,0.9247,10.0,0.9194,20.0,1125.0,
2021-01-05 09:35:19.180,,0.9248,20.0,0.9194,20.0,1125.0,
2021-01-05 09:35:19.641,,0.9258,10.0,0.9202,10.0,1125.0,
2021-01-05 09:35:20.170,,0.9258,30.0,0.9202,30.0,1125.0,
2021-01-05 09:35:20.690,,0.9258,30.0,0.9202,30.0,1125.0,
2021-01-05 09:35:21.180,,0.9258,30.0,0.9202,30.0,1125.0,
2021-01-05 09:35:21.620,,0.9242,10.0,0.9194,20.0,1125.0,
2021-01-05 09:35:22.171,,0.9242,30.0,0.9194,20.0,1125.0,
2021-01-05 09:35:23.680,,0.9242,30.0,0.9194,20.0,1125.0,
2021-01-05 09:35:24.171,,0.9242,30.0,0.9194,20.0,1125.0,
2021-01-05 09:35:24.671,,0.9242,30.0,0.9194,20.0,1125.0,
2021-01-05 09:35:30.121,,0.9242,30.0,0.9194,20.0,1125.0,
2021-01-05 09:35:33.650,,0.9233,10.0,0.9194,20.0,1125.0,
2021-01-05 09:35:34.190,,0.9228,10.0,0.9178,30.0,1125.0,
2021-01-05 09:35:34.691,,0.9228,30.0,0.9178,30.0,1125.0,
2021-01-05 09:35:36.620,,0.9228,30.0,0.9178,30.0,1125.0,
2021-01-05 09:35:37.171,,0.9228,30.0,0.9178,30.0,1125.0,
2021-01-05 09:35:39.140,,0.9228,30.0,0.9178,30.0,1125.0,
2021-01-05 09:35:40.191,,0.9228,20.0,0.9178,30.0,1125.0,
2021-01-05 09:35:41.190,,0.9233,30.0,0.9178,30.0,1125.0,
2021-01-05 09:35:41.680,,0.9233,30.0,0.9178,30.0,1125.0,
2021-01-05 09:35:42.160,,0.9233,30.0,0.9178,30.0,1125.0,
2021-01-05 09:35:42.670,,0.9228,10.0,0.9178,30.0,1125.0,
2021-01-05 09:35:43.190,,0.9228,30.0,0.9178,30.0,1125.0,
2021-01-05 09:35:43.661,,0.9228,30.0,0.9178,30.0,1125.0,
2021-01-05 09:35:44.101,,0.9228,30.0,0.9178,30.0,1125.0,
2021-01-05 09:35:45.071,,0.9222,10.0,0.9178,20.0,1125.0,
2021-01-05 09:35:45.670,,0.9178,10.0,0.9167,30.0,1125.0,
2021-01-05 09:35:46.170,0.9178,0.92,20.0,0.9167,30.0,1135.0,10.0
2021-01-05 09:35:46.700,0.9178,0.9214,30.0,0.9167,30.0,1135.0,10.0
2021-01-05 09:35:47.691,0.9178,0.9208,10.0,0.9167,20.0,1135.0,10.0
2021-01-05 09:35:48.181,0.9178,0.9208,10.0,0.9167,20.0,1135.0,10.0
2021-01-05 09:35:48.700,0.9178,0.9208,30.0,0.9157,20.0,1135.0,10.0
2021-01-05 09:35:50.150,0.9178,0.9208,30.0,0.9157,20.0,1135.0,10.0
2021-01-05 09:35:54.161,0.9178,0.9208,30.0,0.9157,20.0,1135.0,10.0
2021-01-05 09:35:54.640,0.9178,0.9208,20.0,0.9164,10.0,1135.0,10.0
2021-01-05 09:35:55.151,0.9178,0.922,30.0,0.9164,30.0,1135.0,10.0
2021-01-05 09:35:56.140,0.9178,0.922,20.0,0.9175,10.0,1135.0,10.0
2021-01-05 09:35:57.160,0.9178,0.9228,30.0,0.9175,30.0,1135.0,10.0
2021-01-05 09:35:59.160,0.9178,0.9228,20.0,0.9175,30.0,1135.0,10.0
2021-01-05 09:36:00.201,0.9178,0.9217,10.0,0.9175,20.0,1135.0,10.0
2021-01-05 09:36:00.680,0.9178,0.9217,30.0,0.9164,20.0,1135.0,10.0
2021-01-05 09:36:01.671,0.9178,0.9217,30.0,0.9164,20.0,1135.0,10.0
2021-01-05 09:36:02.170,0.9178,0.9217,30.0,0.9164,20.0,1135.0,10.0
2021-01-05 09:36:03.200,0.9178,0.9217,20.0,0.9172,10.0,1135.0,10.0
2021-01-05 09:36:03.700,0.9178,0.9227,30.0,0.9172,30.0,1135.0,10.0
2021-01-05 09:36:05.690,0.9178,0.9227,30.0,0.9172,30.0,1135.0,10.0
2021-01-05 09:36:06.700,0.9178,0.9227,30.0,0.9172,30.0,1135.0,10.0
2021-01-05 09:36:07.640,0.9178,0.9227,30.0,0.9172,30.0,1135.0,10.0
2021-01-05 09:36:10.160,0.9178,0.9227,30.0,0.9172,30.0,1135.0,10.0
2021-01-05 09:36:10.671,0.9178,0.9227,20.0,0.9182,10.0,1135.0,10.0
2021-01-05 09:36:11.180,0.9178,0.9227,20.0,0.9182,30.0,1135.0,10.0
2021-01-05 09:36:21.691,0.9178,0.9227,20.0,0.9182,30.0,1135.0,10.0
2021-01-05 09:36:22.680,0.9178,0.9238,30.0,0.9182,30.0,1135.0,10.0
2021-01-05 09:36:24.171,0.9178,0.9238,30.0,0.9182,30.0,1135.0,10.0
2021-01-05 09:36:24.651,0.9178,0.9232,10.0,0.9182,30.0,1135.0,10.0
2021-01-05 09:36:25.191,0.9178,0.9232,10.0,0.9182,30.0,1135.0,10.0
2021-01-05 09:36:25.650,0.9178,0.9232,20.0,0.9182,30.0,1135.0,10.0
2021-01-05 09:36:26.171,0.9178,0.9238,30.0,0.9182,30.0,1135.0,10.0
2021-01-05 09:36:27.070,0.9178,0.9227,10.0,0.9182,20.0,1135.0,10.0
2021-01-05 09:36:28.190,0.9178,0.9227,30.0,0.9172,30.0,1135.0,10.0
2021-01-05 09:36:28.601,0.9178,0.9227,30.0,0.9172,30.0,1135.0,10.0
2021-01-05 09:36:29.171,0.9178,0.9215,10.0,0.9172,20.0,1135.0,10.0
2021-01-05 09:36:30.161,0.9178,0.9215,30.0,0.916,30.0,1135.0,10.0
2021-01-05 09:36:30.700,0.9178,0.9215,30.0,0.916,30.0,1135.0,10.0
2021-01-05 09:36:31.181,0.9178,0.9215,30.0,0.916,30.0,1135.0,10.0
2021-01-05 09:36:33.200,0.9178,0.9215,30.0,0.916,30.0,1135.0,10.0
2021-01-05 09:36:36.191,0.9178,0.9215,30.0,0.916,30.0,1135.0,10.0
2021-01-05 09:36:43.111,0.9178,0.9215,30.0,0.916,30.0,1135.0,10.0
2021-01-05 09:36:45.631,0.9178,0.9215,30.0,0.916,30.0,1135.0,10.0
2021-01-05 09:36:46.190,0.9178,0.9203,10.0,0.916,20.0,1135.0,10.0
2021-01-05 09:36:46.501,0.9178,0.9203,10.0,0.916,20.0,1135.0,10.0
2021-01-05 09:36:47.130,0.9178,0.9203,30.0,0.9151,20.0,1135.0,10.0
2021-01-05 09:36:48.630,0.9178,0.9203,30.0,0.9151,20.0,1135.0,10.0
2021-01-05 09:36:52.691,0.9178,0.9203,30.0,0.9151,20.0,1135.0,10.0
2021-01-05 09:36:53.680,0.9178,0.9191,10.0,0.9151,20.0,1135.0,10.0
2021-01-05 09:36:54.631,0.9178,0.9191,30.0,0.914,20.0,1135.0,10.0
2021-01-05 09:36:55.171,0.9178,0.9191,30.0,0.914,20.0,1135.0,10.0
2021-01-05 09:36:58.610,0.9178,0.9191,20.0,0.9147,10.0,1135.0,10.0
2021-01-05 09:36:59.690,0.9178,0.9199,10.0,0.9147,30.0,1135.0,10.0
2021-01-05 09:37:02.610,0.9178,0.9199,10.0,0.9147,30.0,1135.0,10.0
2021-01-05 09:37:03.630,0.9178,0.9199,10.0,0.9147,30.0,1135.0,10.0
2021-01-05 09:37:04.200,0.9178,0.9202,10.0,0.9147,30.0,1135.0,10.0
2021-01-05 09:37:05.701,0.9178,0.9202,10.0,0.9152,20.0,1135.0,10.0
2021-01-05 09:37:06.131,0.9178,0.9203,20.0,0.9158,10.0,1135.0,10.0
2021-01-05 09:37:06.700,0.9178,0.9213,30.0,0.9158,30.0,1135.0,10.0
2021-01-05 09:37:07.610,0.9178,0.9213,30.0,0.9158,30.0,1135.0,10.0
2021-01-05 09:37:08.630,0.9178,0.9213,30.0,0.9158,30.0,1135.0,10.0
2021-01-05 09:37:09.170,0.9178,0.9203,10.0,0.9158,20.0,1135.0,10.0
2021-01-05 09:37:09.660,0.9178,0.9203,30.0,0.9147,30.0,1135.0,10.0
2021-01-05 09:37:10.140,0.9178,0.9203,30.0,0.9147,30.0,1135.0,10.0
2021-01-05 09:37:10.701,0.9178,0.9203,30.0,0.9153,10.0,1135.0,10.0
2021-01-05 09:37:11.201,0.9178,0.9203,20.0,0.9158,10.0,1135.0,10.0
2021-01-05 09:37:11.700,0.9178,0.9203,20.0,0.9158,10.0,1135.0,10.0
2021-01-05 09:37:12.131,0.9178,0.9213,30.0,0.9158,30.0,1135.0,10.0
2021-01-05 09:37:12.620,0.9178,0.9213,30.0,0.9158,10.0,1135.0,10.0
2021-01-05 09:37:13.181,0.9178,0.9213,30.0,0.9158,30.0,1135.0,10.0
2021-01-05 09:37:13.681,0.9178,0.9213,30.0,0.9158,10.0,1135.0,10.0
2021-01-05 09:37:14.171,0.9178,0.9213,30.0,0.9158,30.0,1135.0,10.0
2021-01-05 09:37:14.651,0.9178,0.9213,30.0,0.9158,10.0,1135.0,10.0
2021-01-05 09:37:15.160,0.9178,0.9213,30.0,0.9158,30.0,1135.0,10.0
2021-01-05 09:37:15.671,0.9178,0.9213,30.0,0.9158,10.0,1135.0,10.0
2021-01-05 09:37:16.201,0.9178,0.9213,30.0,0.9158,30.0,1135.0,10.0
2021-01-05 09:37:16.461,0.9178,0.9213,30.0,0.9158,10.0,1135.0,10.0
2021-01-05 09:37:17.200,0.9178,0.9213,30.0,0.9158,30.0,1135.0,10.0
2021-01-05 09:37:17.671,0.9178,0.9213,30.0,0.9158,10.0,1135.0,10.0
2021-01-05 09:37:18.061,0.9178,0.9213,30.0,0.9158,30.0,1135.0,10.0
2021-01-05 09:37:18.710,0.9178,0.9213,30.0,0.9158,10.0,1135.0,10.0
2021-01-05 09:37:22.030,0.9178,0.9213,30.0,0.9158,10.0,1135.0,10.0
2021-01-05 09:37:22.641,0.9178,0.9213,30.0,0.9158,30.0,1135.0,10.0
2021-01-05 09:37:23.150,0.9178,0.9213,30.0,0.9159,10.0,1135.0,10.0
2021-01-05 09:37:23.701,0.9178,0.9213,30.0,0.9159,10.0,1135.0,10.0
2021-01-05 09:37:24.631,0.9178,0.9213,30.0,0.9159,10.0,1135.0,10.0
2021-01-05 09:37:29.130,0.9178,0.9213,30.0,0.9159,10.0,1135.0,10.0
2021-01-05 09:37:30.191,0.9178,0.9213,30.0,0.9159,10.0,1135.0,10.0
2021-01-05 09:37:30.650,0.9178,0.9213,30.0,0.9158,30.0,1135.0,10.0
2021-01-05 09:37:32.181,0.9178,0.9213,30.0,0.9158,30.0,1135.0,10.0
2021-01-05 09:37:33.180,0.9178,0.9213,30.0,0.9158,30.0,1135.0,10.0
2021-01-05 09:37:35.170,0.9178,0.9213,30.0,0.9158,30.0,1135.0,10.0
2021-01-05 09:37:38.161,0.9178,0.9213,30.0,0.9158,30.0,1135.0,10.0
2021-01-05 09:37:39.170,0.9178,0.9213,30.0,0.9158,40.0,1135.0,10.0
2021-01-05 09:37:40.701,0.9178,0.9213,20.0,0.9169,10.0,1135.0,10.0
2021-01-05 09:37:41.131,0.9178,0.9223,30.0,0.9169,30.0,1135.0,10.0
2021-01-05 09:37:43.671,0.9178,0.9223,30.0,0.9169,30.0,1135.0,10.0
2021-01-05 09:37:45.191,0.9178,0.9223,20.0,0.918,10.0,1135.0,10.0
2021-01-05 09:37:45.650,0.9178,0.9223,20.0,0.918,30.0,1135.0,10.0
2021-01-05 09:37:47.661,0.9178,0.9223,20.0,0.918,30.0,1135.0,10.0
2021-01-05 09:37:51.691,0.9178,0.922,10.0,0.918,20.0,1135.0,10.0
2021-01-05 09:37:52.660,0.9178,0.922,10.0,0.9169,20.0,1135.0,10.0
2021-01-05 09:37:56.121,0.9178,0.922,10.0,0.9169,20.0,1135.0,10.0
2021-01-05 09:37:56.611,0.9178,0.922,10.0,0.9169,20.0,1135.0,10.0
2021-01-05 09:37:57.170,0.9178,0.9223,20.0,0.9176,10.0,1135.0,10.0
2021-01-05 09:37:57.601,0.9178,0.9223,20.0,0.9176,30.0,1135.0,10.0
2021-01-05 09:37:58.141,0.9178,0.9223,20.0,0.9176,30.0,1135.0,10.0
2021-01-05 09:37:59.161,0.9178,0.9223,20.0,0.9176,30.0,1135.0,10.0
2021-01-05 09:38:04.190,0.9178,0.922,10.0,0.9176,20.0,1135.0,10.0
2021-01-05 09:38:04.680,0.9178,0.922,10.0,0.9169,20.0,1135.0,10.0
2021-01-05 09:38:05.671,0.9178,0.922,10.0,0.9169,20.0,1135.0,10.0
2021-01-05 09:38:07.200,0.9178,0.922,10.0,0.9169,20.0,1135.0,10.0
2021-01-05 09:38:07.690,0.9178,0.921,10.0,0.9156,10.0,1135.0,10.0
2021-01-05 09:38:08.151,0.9178,0.921,30.0,0.9156,30.0,1135.0,10.0
2021-01-05 09:38:09.160,0.9178,0.921,30.0,0.9156,30.0,1135.0,10.0
2021-01-05 09:38:09.681,0.9178,0.921,30.0,0.9156,30.0,1135.0,10.0
2021-01-05 09:38:12.191,0.9178,0.921,30.0,0.9156,30.0,1135.0,10.0
2021-01-05 09:38:12.691,0.9178,0.921,30.0,0.9156,30.0,1135.0,10.0
2021-01-05 09:38:13.110,0.9178,0.921,30.0,0.9156,30.0,1135.0,10.0
2021-01-05 09:38:14.141,0.9178,0.921,30.0,0.9156,30.0,1135.0,10.0
2021-01-05 09:38:14.691,0.9178,0.9198,10.0,0.9156,20.0,1135.0,10.0
2021-01-05 09:38:15.150,0.9178,0.9198,30.0,0.9151,20.0,1135.0,10.0
2021-01-05 09:38:15.290,0.9178,0.9198,30.0,0.9151,20.0,1135.0,10.0
2021-01-05 09:38:16.210,0.9178,0.9198,30.0,0.9144,30.0,1135.0,10.0
2021-01-05 09:38:16.731,0.9178,0.9198,30.0,0.9144,10.0,1135.0,10.0
2021-01-05 09:38:17.190,0.9178,0.9198,30.0,0.9144,30.0,1135.0,10.0
2021-01-05 09:38:17.701,0.9178,0.9198,30.0,0.9144,10.0,1135.0,10.0
2021-01-05 09:38:18.231,0.9178,0.9198,30.0,0.9144,30.0,1135.0,10.0
2021-01-05 09:38:18.660,0.9178,0.9198,30.0,0.9144,10.0,1135.0,10.0
2021-01-05 09:38:19.230,0.9178,0.9198,30.0,0.9144,30.0,1135.0,10.0
2021-01-05 09:38:19.670,0.9178,0.9188,10.0,0.9134,10.0,1135.0,10.0
2021-01-05 09:38:20.231,0.9178,0.9188,10.0,0.9144,20.0,1135.0,10.0
2021-01-05 09:38:20.671,0.9178,0.9188,30.0,0.9134,30.0,1135.0,10.0
2021-01-05 09:38:21.180,0.9178,0.9188,10.0,0.9134,10.0,1135.0,10.0
2021-01-05 09:38:21.670,0.9178,0.9181,10.0,0.9134,30.0,1135.0,10.0
2021-01-05 09:38:22.210,0.9178,0.9178,10.0,0.9124,10.0,1135.0,10.0
2021-01-05 09:38:22.661,0.9178,0.9178,10.0,0.9134,20.0,1135.0,10.0
2021-01-05 09:38:23.201,0.9178,0.9178,10.0,0.9124,10.0,1135.0,10.0
2021-01-05 09:38:24.690,0.9178,0.9178,10.0,0.9124,10.0,1135.0,10.0
2021-01-05 09:38:25.101,0.9178,0.9178,10.0,0.9124,10.0,1135.0,10.0
2021-01-05 09:38:26.100,0.9178,0.9178,10.0,0.9124,10.0,1135.0,10.0
2021-01-05 09:38:26.701,0.9178,0.9178,10.0,0.9124,10.0,1135.0,10.0
2021-01-05 09:38:28.171,0.9178,0.9178,10.0,0.9124,10.0,1135.0,10.0
2021-01-05 09:38:29.641,0.9178,0.9168,10.0,0.912,20.0,1135.0,10.0
2021-01-05 09:38:30.190,0.9178,0.9168,10.0,0.912,20.0,1135.0,10.0
2021-01-05 09:38:30.670,0.9178,0.9168,30.0,0.9114,30.0,1135.0,10.0
2021-01-05 09:38:32.171,0.9178,0.9168,30.0,0.9114,30.0,1135.0,10.0
2021-01-05 09:38:33.191,0.9178,0.9157,10.0,0.9114,20.0,1135.0,10.0
2021-01-05 09:38:33.700,0.9178,0.9157,30.0,0.9103,30.0,1135.0,10.0
2021-01-05 09:38:34.681,0.9178,0.9144,10.0,0.9103,20.0,1135.0,10.0
2021-01-05 09:38:35.200,0.9178,0.9144,30.0,0.9091,30.0,1135.0,10.0
2021-01-05 09:38:35.700,0.9178,0.9144,30.0,0.9091,30.0,1135.0,10.0
2021-01-05 09:38:37.160,0.9178,0.9144,30.0,0.9091,30.0,1135.0,10.0
2021-01-05 09:38:37.680,0.9178,0.9144,30.0,0.9091,30.0,1135.0,10.0
2021-01-05 09:38:38.660,0.9178,0.9133,10.0,0.9091,20.0,1135.0,10.0
2021-01-05 09:38:39.161,0.9178,0.9133,30.0,0.9079,30.0,1135.0,10.0
2021-01-05 09:38:40.201,0.9178,0.9119,10.0,0.9079,20.0,1135.0,10.0
2021-01-05 09:38:40.591,0.9178,0.9119,10.0,0.9079,20.0,1135.0,10.0
2021-01-05 09:38:41.190,0.9178,0.9119,30.0,0.9072,30.0,1135.0,10.0
2021-01-05 09:38:41.670,0.9178,0.9119,30.0,0.9072,20.0,1135.0,10.0
2021-01-05 09:38:42.191,0.9178,0.9119,30.0,0.9072,20.0,1135.0,10.0
2021-01-05 09:38:42.700,0.9178,0.9119,30.0,0.9065,30.0,1135.0,10.0
2021-01-05 09:38:44.110,0.9178,0.9119,30.0,0.9065,30.0,1135.0,10.0
2021-01-05 09:38:44.690,0.9178,0.9119,30.0,0.9065,30.0,1135.0,10.0
2021-01-05 09:38:46.200,0.9178,0.9119,20.0,0.9075,10.0,1135.0,10.0
2021-01-05 09:38:46.631,0.9178,0.9129,10.0,0.9075,30.0,1135.0,10.0
2021-01-05 09:38:48.200,0.9178,0.9133,20.0,0.9085,10.0,1135.0,10.0
2021-01-05 09:38:48.650,0.9178,0.9133,20.0,0.9085,30.0,1135.0,10.0
2021-01-05 09:38:49.130,0.9178,0.9133,20.0,0.9085,30.0,1135.0,10.0
2021-01-05 09:38:49.691,0.9178,0.9139,30.0,0.9085,30.0,1135.0,10.0
2021-01-05 09:38:50.110,0.9178,0.9139,30.0,0.9085,30.0,1135.0,10.0
2021-01-05 09:38:51.691,0.9178,0.9139,30.0,0.9085,30.0,1135.0,10.0
2021-01-05 09:38:52.150,0.9178,0.9129,10.0,0.9085,20.0,1135.0,10.0
2021-01-05 09:38:52.671,0.9178,0.9129,10.0,0.9085,20.0,1135.0,10.0
2021-01-05 09:38:53.191,0.9178,0.9129,30.0,0.9075,30.0,1135.0,10.0
2021-01-05 09:38:53.620,0.9178,0.9129,30.0,0.9075,30.0,1135.0,10.0
2021-01-05 09:38:54.690,0.9178,0.9124,10.0,0.9075,30.0,1135.0,10.0
2021-01-05 09:38:55.191,0.9178,0.9124,30.0,0.9075,30.0,1135.0,10.0
2021-01-05 09:38:55.650,0.9178,0.9118,10.0,0.9075,20.0,1135.0,10.0
2021-01-05 09:38:56.190,0.9178,0.9118,30.0,0.9064,30.0,1135.0,10.0
2021-01-05 09:38:57.200,0.9178,0.9118,30.0,0.9064,30.0,1135.0,10.0
2021-01-05 09:38:57.640,0.9178,0.9118,30.0,0.9064,30.0,1135.0,10.0
2021-01-05 09:38:58.670,0.9178,0.9124,20.0,0.9075,10.0,1135.0,10.0
2021-01-05 09:38:59.060,0.9178,0.9129,30.0,0.9075,30.0,1135.0,10.0
2021-01-05 09:39:01.160,0.9178,0.9129,30.0,0.9075,30.0,1135.0,10.0
2021-01-05 09:39:02.660,0.9178,0.9129,30.0,0.9075,30.0,1135.0,10.0
2021-01-05 09:39:03.150,0.9178,0.9129,30.0,0.9075,30.0,1135.0,10.0
2021-01-05 09:39:05.701,0.9178,0.9129,30.0,0.9075,30.0,1135.0,10.0
2021-01-05 09:39:08.131,0.9178,0.9129,30.0,0.9075,30.0,1135.0,10.0
2021-01-05 09:39:09.161,0.9178,0.9129,30.0,0.9075,30.0,1135.0,10.0
2021-01-05 09:39:10.721,0.9178,0.9129,30.0,0.9075,30.0,1135.0,10.0
2021-01-05 09:39:11.201,0.9178,0.9129,30.0,0.9075,30.0,1135.0,10.0
2021-01-05 09:39:13.720,0.9178,0.9129,30.0,0.9075,30.0,1135.0,10.0
2021-01-05 09:39:14.160,0.9178,0.9129,30.0,0.9075,30.0,1135.0,10.0
2021-01-05 09:39:15.220,0.9178,0.9119,10.0,0.9075,20.0,1135.0,10.0
2021-01-05 09:39:16.121,0.9178,0.9119,30.0,0.9065,10.0,1135.0,10.0
2021-01-05 09:39:19.710,0.9178,0.9119,30.0,0.9065,10.0,1135.0,10.0
2021-01-05 09:39:20.741,0.9178,0.9118,10.0,0.9065,10.0,1135.0,10.0
2021-01-05 09:39:21.671,0.9178,0.9118,10.0,0.9065,10.0,1135.0,10.0
2021-01-05 09:39:22.651,0.9178,0.9118,10.0,0.9065,10.0,1135.0,10.0
2021-01-05 09:39:23.200,0.9178,0.9118,10.0,0.9065,10.0,1135.0,10.0
2021-01-05 09:39:25.700,0.9178,0.9118,10.0,0.9065,10.0,1135.0,10.0
2021-01-05 09:39:29.721,0.9178,0.9118,10.0,0.9065,10.0,1135.0,10.0
2021-01-05 09:39:36.660,0.9178,0.9118,10.0,0.9075,10.0,1135.0,10.0
2021-01-05 09:39:37.221,0.9178,0.9118,10.0,0.9075,30.0,1135.0,10.0
2021-01-05 09:39:41.220,0.9178,0.9119,20.0,0.9075,30.0,1135.0,10.0
2021-01-05 09:39:41.750,0.9178,0.9128,10.0,0.9075,30.0,1135.0,10.0
2021-01-05 09:39:42.210,0.9178,0.9128,10.0,0.9075,30.0,1135.0,10.0
2021-01-05 09:39:45.251,0.9178,0.9128,10.0,0.9075,30.0,1135.0,10.0
2021-01-05 09:39:46.190,0.9178,0.9128,10.0,0.9075,30.0,1135.0,10.0
2021-01-05 09:39:46.711,0.9178,0.9128,10.0,0.9075,30.0,1135.0,10.0
2021-01-05 09:39:48.221,0.9178,0.9128,10.0,0.9075,30.0,1135.0,10.0
2021-01-05 09:39:49.241,0.9178,0.9128,10.0,0.9075,30.0,1135.0,10.0
2021-01-05 09:39:50.710,0.9178,0.9114,10.0,0.9075,20.0,1135.0,10.0
2021-01-05 09:39:51.241,0.9178,0.9114,10.0,0.9064,20.0,1135.0,10.0
2021-01-05 09:39:51.730,0.9178,0.9104,10.0,0.9064,20.0,1135.0,10.0
2021-01-05 09:39:52.251,0.9178,0.9104,10.0,0.9064,20.0,1135.0,10.0
2021-01-05 09:39:52.670,0.9178,0.9104,30.0,0.9056,20.0,1135.0,10.0
2021-01-05 09:39:53.181,0.9178,0.9104,30.0,0.905,30.0,1135.0,10.0
2021-01-05 09:39:53.600,0.9178,0.9109,20.0,0.9062,10.0,1135.0,10.0
2021-01-05 09:39:54.191,0.9178,0.9116,30.0,0.9062,10.0,1135.0,10.0
2021-01-05 09:39:55.181,0.9178,0.9108,10.0,0.9062,10.0,1135.0,10.0
2021-01-05 09:39:55.640,0.9178,0.9108,10.0,0.9062,10.0,1135.0,10.0
2021-01-05 09:39:56.120,0.9178,0.9104,10.0,0.906,20.0,1135.0,10.0
2021-01-05 09:39:56.691,0.9178,0.9104,10.0,0.905,30.0,1135.0,10.0
2021-01-05 09:39:57.181,0.9178,0.9104,10.0,0.906,20.0,1135.0,10.0
2021-01-05 09:39:57.580,0.9178,0.9104,10.0,0.905,30.0,1135.0,10.0
2021-01-05 09:39:58.201,0.9178,0.9108,20.0,0.906,10.0,1135.0,10.0
2021-01-05 09:39:59.061,0.9178,0.9113,10.0,0.906,30.0,1135.0,10.0
2021-01-05 09:40:00.631,0.9178,0.9113,10.0,0.906,30.0,1135.0,10.0
2021-01-05 09:40:01.570,0.9178,0.9113,10.0,0.906,30.0,1135.0,10.0
2021-01-05 09:40:02.671,0.9178,0.9116,20.0,0.9072,10.0,1135.0,10.0
2021-01-05 09:40:03.171,0.9178,0.9116,20.0,0.9072,10.0,1135.0,10.0
2021-01-05 09:40:03.691,0.9178,0.9116,20.0,0.9072,30.0,1135.0,10.0
2021-01-05 09:40:04.160,0.9178,0.9116,20.0,0.9072,30.0,1135.0,10.0
2021-01-05 09:40:07.191,0.9178,0.9116,20.0,0.9072,30.0,1135.0,10.0
2021-01-05 09:40:07.700,0.9178,0.9116,20.0,0.9072,30.0,1135.0,10.0
2021-01-05 09:40:08.200,0.9178,0.9126,30.0,0.9072,30.0,1135.0,10.0
2021-01-05 09:40:09.191,0.9178,0.9126,20.0,0.9083,10.0,1135.0,10.0
2021-01-05 09:40:10.150,0.9178,0.9137,30.0,0.9083,30.0,1135.0,10.0
2021-01-05 09:40:10.680,0.9178,0.9137,30.0,0.9083,30.0,1135.0,10.0
2021-01-05 09:40:11.170,0.9178,0.9137,30.0,0.9083,30.0,1135.0,10.0
2021-01-05 09:40:12.680,0.9178,0.9137,30.0,0.9083,30.0,1135.0,10.0
2021-01-05 09:40:13.700,0.9178,0.9137,30.0,0.9083,40.0,1135.0,10.0
2021-01-05 09:40:14.150,0.9178,0.9137,30.0,0.9083,40.0,1135.0,10.0
2021-01-05 09:40:14.701,0.9178,0.9137,20.0,0.9093,10.0,1135.0,10.0
2021-01-05 09:40:15.690,0.9178,0.9146,30.0,0.9093,30.0,1135.0,10.0
2021-01-05 09:40:18.161,0.9178,0.9146,30.0,0.9093,30.0,1135.0,10.0
2021-01-05 09:40:19.711,0.9178,0.9146,30.0,0.9093,30.0,1135.0,10.0
2021-01-05 09:40:20.191,0.9178,0.9146,30.0,0.9093,30.0,1135.0,10.0
2021-01-05 09:40:20.691,0.9178,0.9137,10.0,0.9093,20.0,1135.0,10.0
2021-01-05 09:40:21.200,0.9178,0.9131,10.0,0.9093,20.0,1135.0,10.0
2021-01-05 09:40:21.701,0.9178,0.9131,30.0,0.9083,30.0,1135.0,10.0
2021-01-05 09:40:22.591,0.9178,0.9131,30.0,0.9083,30.0,1135.0,10.0
2021-01-05 09:40:23.200,0.9178,0.9131,30.0,0.9083,30.0,1135.0,10.0
2021-01-05 09:40:23.701,0.9178,0.9127,10.0,0.9083,20.0,1135.0,10.0
2021-01-05 09:40:24.251,0.9178,0.9127,10.0,0.9073,30.0,1135.0,10.0
2021-01-05 09:40:25.121,0.9178,0.9127,10.0,0.9073,30.0,1135.0,10.0
2021-01-05 09:40:26.181,0.9178,0.9127,10.0,0.9073,30.0,1135.0,10.0
2021-01-05 09:40:27.701,0.9178,0.9127,10.0,0.9073,30.0,1135.0,10.0
2021-01-05 09:40:29.681,0.9178,0.9125,10.0,0.9073,30.0,1135.0,10.0
2021-01-05 09:40:30.700,0.9178,0.9125,30.0,0.9073,30.0,1135.0,10.0
2021-01-05 09:40:32.611,0.9178,0.9125,30.0,0.9073,30.0,1135.0,10.0
2021-01-05 09:40:33.551,0.9178,0.9125,20.0,0.9073,30.0,1135.0,10.0
2021-01-05 09:40:36.161,0.9178,0.9125,20.0,0.9073,30.0,1135.0,10.0
2021-01-05 09:40:37.700,0.9178,0.9119,10.0,0.9073,30.0,1135.0,10.0
2021-01-05 09:40:38.651,0.9178,0.9119,30.0,0.9073,30.0,1135.0,10.0
2021-01-05 09:40:40.061,0.9178,0.9119,20.0,0.9073,30.0,1135.0,10.0
2021-01-05 09:40:40.670,0.9178,0.9125,20.0,0.9073,30.0,1135.0,10.0
2021-01-05 09:40:41.640,0.9178,0.9125,20.0,0.9085,10.0,1135.0,10.0
2021-01-05 09:40:42.201,0.9178,0.9138,30.0,0.9085,30.0,1135.0,10.0
2021-01-05 09:40:44.201,0.9178,0.9138,30.0,0.9085,30.0,1135.0,10.0
2021-01-05 09:40:48.700,0.9178,0.9138,30.0,0.9085,30.0,1135.0,10.0
2021-01-05 09:40:49.111,0.9178,0.9138,30.0,0.9085,30.0,1135.0,10.0
2021-01-05 09:40:56.711,0.9178,0.9138,20.0,0.9085,30.0,1135.0,10.0
2021-01-05 09:40:57.710,0.9178,0.9138,20.0,0.9085,30.0,1135.0,10.0
2021-01-05 09:41:04.180,0.9178,0.9138,20.0,0.9085,30.0,1135.0,10.0
2021-01-05 09:41:05.220,0.9178,0.9138,20.0,0.9085,30.0,1135.0,10.0
2021-01-05 09:41:05.660,0.9178,0.9138,20.0,0.91,1.0,1135.0,10.0
2021-01-05 09:41:06.620,0.9178,0.9138,20.0,0.91,1.0,1135.0,10.0
2021-01-05 09:41:07.100,0.9178,0.9127,10.0,0.91,1.0,1135.0,10.0
2021-01-05 09:41:07.631,0.9178,0.9127,30.0,0.91,1.0,1135.0,10.0
2021-01-05 09:41:08.201,0.9178,0.9127,30.0,0.91,1.0,1135.0,10.0
2021-01-05 09:41:09.650,0.9178,0.9127,30.0,0.91,1.0,1135.0,10.0
2021-01-05 09:41:10.220,0.9178,0.9127,20.0,0.91,1.0,1135.0,10.0
2021-01-05 09:41:11.210,0.91,0.9127,20.0,0.9085,20.0,1136.0,11.0
2021-01-05 09:41:11.711,0.91,0.9127,20.0,0.9085,20.0,1136.0,11.0
2021-01-05 09:41:12.151,0.91,0.9117,10.0,0.9085,20.0,1136.0,11.0
2021-01-05 09:41:12.710,0.91,0.9117,30.0,0.9068,20.0,1136.0,11.0
2021-01-05 09:41:13.161,0.91,0.9117,30.0,0.9068,20.0,1136.0,11.0
2021-01-05 09:41:14.160,0.91,0.9117,30.0,0.9068,20.0,1136.0,11.0
2021-01-05 09:41:14.671,0.91,0.9117,30.0,0.9068,20.0,1136.0,11.0
2021-01-05 09:41:15.180,0.91,0.9117,20.0,0.9074,10.0,1136.0,11.0
2021-01-05 09:41:16.210,0.91,0.9127,20.0,0.9074,30.0,1136.0,11.0
2021-01-05 09:41:16.500,0.91,0.9127,20.0,0.9074,30.0,1136.0,11.0
2021-01-05 09:41:18.200,0.91,0.9127,20.0,0.9074,30.0,1136.0,11.0
2021-01-05 09:41:18.600,0.9074,0.9127,20.0,0.9074,20.0,1135.0,12.0
2021-01-05 09:41:19.161,0.9074,0.9121,10.0,0.9074,30.0,1135.0,12.0
2021-01-05 09:41:19.601,0.9074,0.9121,10.0,0.9074,10.0,1135.0,12.0
2021-01-05 09:41:20.070,0.9074,0.9121,30.0,0.9074,30.0,1135.0,12.0
2021-01-05 09:41:22.190,0.9074,0.9121,30.0,0.9074,30.0,1135.0,12.0
2021-01-05 09:41:26.670,0.9074,0.9121,30.0,0.9074,30.0,1135.0,12.0
2021-01-05 09:41:27.131,0.9074,0.9117,10.0,0.9074,20.0,1135.0,12.0
2021-01-05 09:41:27.710,0.9074,0.9117,10.0,0.9074,20.0,1135.0,12.0
2021-01-05 09:41:28.171,0.9074,0.9117,10.0,0.9063,30.0,1135.0,12.0
2021-01-05 09:41:30.711,0.9074,0.9117,10.0,0.9063,30.0,1135.0,12.0
2021-01-05 09:41:36.720,0.9074,0.9105,10.0,0.9063,20.0,1135.0,12.0
2021-01-05 09:41:37.711,0.9074,0.91,10.0,0.9051,30.0,1135.0,12.0
2021-01-05 09:41:38.220,0.9074,0.91,10.0,0.9051,30.0,1135.0,12.0
2021-01-05 09:41:38.650,0.9074,0.91,30.0,0.9051,30.0,1135.0,12.0
2021-01-05 09:41:41.730,0.9074,0.91,20.0,0.9051,30.0,1135.0,12.0
2021-01-05 09:41:42.700,0.9074,0.9105,30.0,0.9056,20.0,1135.0,12.0
2021-01-05 09:41:44.671,0.9074,0.9105,30.0,0.9056,20.0,1135.0,12.0
2021-01-05 09:41:47.201,0.9074,0.9105,30.0,0.9056,20.0,1135.0,12.0
2021-01-05 09:41:48.181,0.9074,0.9105,30.0,0.9051,30.0,1135.0,12.0
2021-01-05 09:41:49.191,0.9074,0.9105,30.0,0.9051,30.0,1135.0,12.0
2021-01-05 09:41:49.750,0.9074,0.9105,30.0,0.9051,30.0,1135.0,12.0
2021-01-05 09:41:50.231,0.9074,0.9105,30.0,0.9051,30.0,1135.0,12.0
2021-01-05 09:41:51.251,0.9074,0.9105,30.0,0.9051,30.0,1135.0,12.0
2021-01-05 09:41:52.261,0.9074,0.9105,30.0,0.9051,30.0,1135.0,12.0
2021-01-05 09:41:52.690,0.9074,0.9093,10.0,0.9051,20.0,1135.0,12.0
2021-01-05 09:41:53.201,0.9074,0.9093,30.0,0.9039,30.0,1135.0,12.0
2021-01-05 09:41:54.161,0.9074,0.9093,30.0,0.9039,30.0,1135.0,12.0
2021-01-05 09:41:55.160,0.9074,0.9093,30.0,0.9039,30.0,1135.0,12.0
2021-01-05 09:41:55.671,0.9074,0.9093,30.0,0.9039,30.0,1135.0,12.0
2021-01-05 09:41:55.911,0.9074,0.9093,30.0,0.9039,30.0,1135.0,12.0
2021-01-05 09:41:56.670,0.9074,0.9093,30.0,0.9039,30.0,1135.0,12.0
2021-01-05 09:41:57.110,0.9074,0.9088,10.0,0.9039,30.0,1135.0,12.0
2021-01-05 09:41:57.640,0.9074,0.9088,30.0,0.9039,30.0,1135.0,12.0
2021-01-05 09:41:58.660,0.9074,0.9088,30.0,0.9039,30.0,1135.0,12.0
2021-01-05 09:42:00.151,0.9074,0.9088,20.0,0.9039,30.0,1135.0,12.0
2021-01-05 09:42:00.701,0.9074,0.9093,40.0,0.9039,30.0,1135.0,12.0
2021-01-05 09:42:04.641,0.9074,0.9093,40.0,0.9039,30.0,1135.0,12.0
2021-01-05 09:42:10.681,0.9074,0.9083,10.0,0.9039,20.0,1135.0,12.0
2021-01-05 09:42:11.211,0.9074,0.9083,10.0,0.9039,20.0,1135.0,12.0
2021-01-05 09:42:11.651,0.9074,0.9077,10.0,0.9029,30.0,1135.0,12.0
2021-01-05 09:42:12.210,0.9074,0.9073,10.0,0.9029,20.0,1135.0,12.0
2021-01-05 09:42:12.721,0.9074,0.9073,30.0,0.9019,30.0,1135.0,12.0
2021-01-05 09:42:13.211,0.9074,0.9073,30.0,0.9019,30.0,1135.0,12.0
2021-01-05 09:42:13.731,0.9074,0.9073,30.0,0.9019,30.0,1135.0,12.0
2021-01-05 09:42:15.650,0.9074,0.9073,30.0,0.9019,30.0,1135.0,12.0
2021-01-05 09:42:16.701,0.9074,0.9073,30.0,0.9019,30.0,1135.0,12.0
2021-01-05 09:42:18.701,0.9074,0.9073,30.0,0.9019,30.0,1135.0,12.0
2021-01-05 09:42:19.210,0.9074,0.9073,20.0,0.9029,10.0,1135.0,12.0
2021-01-05 09:42:20.150,0.9074,0.9083,30.0,0.9029,30.0,1135.0,12.0
2021-01-05 09:42:20.720,0.9074,0.9083,30.0,0.9029,30.0,1135.0,12.0
2021-01-05 09:42:21.621,0.9074,0.9083,30.0,0.9029,30.0,1135.0,12.0
2021-01-05 09:42:22.221,0.9074,0.9083,40.0,0.9029,30.0,1135.0,12.0
2021-01-05 09:42:24.151,0.9074,0.9083,40.0,0.9029,30.0,1135.0,12.0
2021-01-05 09:42:24.670,0.9074,0.9083,30.0,0.9029,30.0,1135.0,12.0
2021-01-05 09:42:29.720,0.9074,0.9077,10.0,0.9029,30.0,1135.0,12.0
2021-01-05 09:42:30.220,0.9074,0.9077,30.0,0.9029,30.0,1135.0,12.0
2021-01-05 09:42:30.710,0.9074,0.9077,30.0,0.9029,30.0,1135.0,12.0
2021-01-05 09:42:31.200,0.9074,0.9073,10.0,0.9029,20.0,1135.0,12.0
2021-01-05 09:42:31.720,0.9074,0.9073,10.0,0.9019,30.0,1135.0,12.0
2021-01-05 09:42:32.721,0.9074,0.9073,10.0,0.9019,30.0,1135.0,12.0
2021-01-05 09:42:40.721,0.9074,0.9073,10.0,0.9019,30.0,1135.0,12.0
2021-01-05 09:42:43.741,0.9074,0.9073,10.0,0.9019,30.0,1135.0,12.0
2021-01-05 09:42:44.751,0.9074,0.9073,10.0,0.9019,30.0,1135.0,12.0
2021-01-05 09:42:45.191,0.9074,0.9073,10.0,0.9019,30.0,1135.0,12.0
2021-01-05 09:42:47.231,0.9074,0.9073,10.0,0.9019,30.0,1135.0,12.0
2021-01-05 09:42:50.261,0.9074,0.9073,10.0,0.9019,30.0,1135.0,12.0
2021-01-05 09:42:58.220,0.9074,0.9062,10.0,0.9019,20.0,1135.0,12.0
2021-01-05 09:42:58.731,0.9074,0.9062,30.0,0.9008,30.0,1135.0,12.0
2021-01-05 09:42:59.230,0.9074,0.9062,30.0,0.9008,30.0,1135.0,12.0
2021-01-05 09:43:00.721,0.9074,0.9062,30.0,0.9008,30.0,1135.0,12.0
2021-01-05 09:43:02.681,0.9074,0.906,10.0,0.9008,30.0,1135.0,12.0
2021-01-05 09:43:04.740,0.9074,0.906,10.0,0.9008,30.0,1135.0,12.0
2021-01-05 09:43:06.171,0.9074,0.9062,20.0,0.9018,10.0,1135.0,12.0
2021-01-05 09:43:06.680,0.9074,0.9072,30.0,0.9018,30.0,1135.0,12.0
2021-01-05 09:43:09.231,0.9074,0.9072,30.0,0.9018,30.0,1135.0,12.0
2021-01-05 09:43:10.150,0.9074,0.9072,30.0,0.9018,30.0,1135.0,12.0
2021-01-05 09:43:13.210,0.9074,0.9072,30.0,0.9018,30.0,1135.0,12.0
2021-01-05 09:43:14.270,0.9074,0.9072,30.0,0.9018,30.0,1135.0,12.0
2021-01-05 09:43:21.701,0.9074,0.9072,30.0,0.9018,30.0,1135.0,12.0
2021-01-05 09:43:26.181,0.9074,0.9072,30.0,0.9018,30.0,1135.0,12.0
2021-01-05 09:43:35.681,0.9074,0.9072,30.0,0.9018,30.0,1135.0,12.0
2021-01-05 09:43:43.711,0.9074,0.9072,30.0,0.9018,30.0,1135.0,12.0
2021-01-05 09:43:47.250,0.9074,0.9072,30.0,0.9018,30.0,1135.0,12.0
2021-01-05 09:43:48.220,0.9074,0.9072,30.0,0.9018,30.0,1135.0,12.0
2021-01-05 09:43:48.641,0.9074,0.9072,30.0,0.9018,30.0,1135.0,12.0
2021-01-05 09:43:49.061,0.9074,0.9072,30.0,0.9018,30.0,1135.0,12.0
2021-01-05 09:43:50.170,0.9074,0.9072,30.0,0.9018,30.0,1135.0,12.0
2021-01-05 09:43:50.721,0.9074,0.9072,20.0,0.9028,10.0,1135.0,12.0
2021-01-05 09:43:51.660,0.9074,0.9082,30.0,0.9028,30.0,1135.0,12.0
2021-01-05 09:43:52.681,0.9074,0.9082,30.0,0.9028,30.0,1135.0,12.0
2021-01-05 09:43:54.191,0.9074,0.9082,30.0,0.9028,30.0,1135.0,12.0
2021-01-05 09:43:56.200,0.9074,0.9082,30.0,0.9028,30.0,1135.0,12.0
2021-01-05 09:44:03.241,0.9074,0.9082,30.0,0.9028,30.0,1135.0,12.0
2021-01-05 09:44:03.731,0.9074,0.9082,20.0,0.904,10.0,1135.0,12.0
2021-01-05 09:44:04.230,0.9074,0.9082,20.0,0.904,10.0,1135.0,12.0
2021-01-05 09:44:04.751,0.9074,0.9093,30.0,0.904,30.0,1135.0,12.0
2021-01-05 09:44:05.761,0.9074,0.9093,30.0,0.904,30.0,1135.0,12.0
2021-01-05 09:44:06.770,0.9074,0.9093,30.0,0.904,30.0,1135.0,12.0
2021-01-05 09:44:07.750,0.9074,0.9093,30.0,0.904,30.0,1135.0,12.0
2021-01-05 09:44:08.261,0.9074,0.9093,20.0,0.904,20.0,1135.0,12.0
2021-01-05 09:44:08.760,0.9074,0.9099,30.0,0.905,10.0,1135.0,12.0
2021-01-05 09:44:09.150,0.9074,0.9099,30.0,0.905,30.0,1135.0,12.0
2021-01-05 09:44:12.270,0.9074,0.9099,30.0,0.905,30.0,1135.0,12.0
2021-01-05 09:44:12.781,0.9074,0.9099,30.0,0.905,30.0,1135.0,12.0
2021-01-05 09:44:15.780,0.9074,0.9099,20.0,0.905,30.0,1135.0,12.0
2021-01-05 09:44:17.770,0.9074,0.9099,20.0,0.905,30.0,1135.0,12.0
2021-01-05 09:44:18.231,0.9074,0.9099,20.0,0.905,30.0,1135.0,12.0
2021-01-05 09:44:30.201,0.9074,0.9099,20.0,0.905,30.0,1135.0,12.0
2021-01-05 09:44:34.510,0.9074,0.9099,20.0,0.905,30.0,1135.0,12.0
2021-01-05 09:44:37.231,0.9074,0.9099,20.0,0.905,30.0,1135.0,12.0
2021-01-05 09:44:39.661,0.9074,0.9099,20.0,0.905,30.0,1135.0,12.0
2021-01-05 09:44:40.220,0.9074,0.9099,20.0,0.906,10.0,1135.0,12.0
2021-01-05 09:44:40.740,0.9074,0.9099,20.0,0.906,30.0,1135.0,12.0
2021-01-05 09:44:41.211,0.9074,0.9099,20.0,0.906,30.0,1135.0,12.0
2021-01-05 09:44:42.731,0.9074,0.9099,20.0,0.906,30.0,1135.0,12.0
2021-01-05 09:44:43.760,0.9074,0.9099,20.0,0.906,30.0,1135.0,12.0
2021-01-05 09:44:44.260,0.9074,0.9099,20.0,0.906,30.0,1135.0,12.0
2021-01-05 09:44:44.761,0.9074,0.9099,20.0,0.906,30.0,1135.0,12.0
2021-01-05 09:44:45.261,0.9074,0.9099,20.0,0.906,20.0,1135.0,12.0
2021-01-05 09:44:45.760,0.9074,0.9099,20.0,0.906,20.0,1135.0,12.0
2021-01-05 09:44:46.271,0.9074,0.9099,20.0,0.9049,10.0,1135.0,12.0
2021-01-05 09:44:46.771,0.9074,0.9099,20.0,0.906,20.0,1135.0,12.0
2021-01-05 09:44:47.251,0.9074,0.9099,20.0,0.9049,30.0,1135.0,12.0
2021-01-05 09:44:48.780,0.9074,0.9099,20.0,0.9049,30.0,1135.0,12.0
2021-01-05 09:44:50.300,0.9074,0.9099,20.0,0.9049,30.0,1135.0,12.0
2021-01-05 09:44:50.811,0.9074,0.9099,20.0,0.9049,30.0,1135.0,12.0
2021-01-05 09:44:54.970,0.9074,0.9099,20.0,0.9049,30.0,1135.0,12.0
2021-01-05 09:44:56.171,0.9074,0.9099,20.0,0.9049,30.0,1135.0,12.0
2021-01-05 09:44:58.120,0.9074,0.9099,20.0,0.9049,30.0,1135.0,12.0
2021-01-05 09:44:59.091,0.9074,0.9099,20.0,0.9059,10.0,1135.0,12.0
2021-01-05 09:44:59.711,0.9074,0.9099,20.0,0.9059,10.0,1135.0,12.0
2021-01-05 09:45:00.061,0.9074,0.9113,30.0,0.9059,30.0,1135.0,12.0
2021-01-05 09:45:01.680,0.9074,0.9113,30.0,0.9059,30.0,1135.0,12.0
2021-01-05 09:45:02.061,0.9074,0.9113,20.0,0.907,10.0,1135.0,12.0
2021-01-05 09:45:03.680,0.9074,0.9118,30.0,0.907,30.0,1135.0,12.0
2021-01-05 09:45:04.191,0.9074,0.9118,20.0,0.907,30.0,1135.0,12.0
2021-01-05 09:45:04.700,0.9074,0.9123,30.0,0.907,30.0,1135.0,12.0
2021-01-05 09:45:05.221,0.9074,0.9123,30.0,0.907,30.0,1135.0,12.0
2021-01-05 09:45:05.720,0.9074,0.9123,30.0,0.907,30.0,1135.0,12.0
2021-01-05 09:45:06.220,0.9074,0.9123,20.0,0.908,10.0,1135.0,12.0
2021-01-05 09:45:06.721,0.9074,0.9123,20.0,0.908,10.0,1135.0,12.0
2021-01-05 09:45:07.130,0.9074,0.9134,30.0,0.908,30.0,1135.0,12.0
2021-01-05 09:45:07.720,0.9074,0.9134,30.0,0.908,30.0,1135.0,12.0
2021-01-05 09:45:08.181,0.9074,0.9134,30.0,0.908,30.0,1135.0,12.0
2021-01-05 09:45:08.700,0.9074,0.9134,30.0,0.908,30.0,1135.0,12.0
2021-01-05 09:45:11.091,0.9074,0.9134,30.0,0.908,30.0,1135.0,12.0
2021-01-05 09:45:11.720,0.9074,0.9134,30.0,0.908,30.0,1135.0,12.0
2021-01-05 09:45:12.150,0.9074,0.9134,30.0,0.908,30.0,1135.0,12.0
2021-01-05 09:45:14.701,0.9074,0.9134,30.0,0.908,30.0,1135.0,12.0
2021-01-05 09:45:15.721,0.9074,0.9134,20.0,0.9091,10.0,1135.0,12.0
2021-01-05 09:45:16.630,0.9074,0.9137,10.0,0.9091,30.0,1135.0,12.0
2021-01-05 09:45:18.230,0.9074,0.9137,10.0,0.9091,30.0,1135.0,12.0
2021-01-05 09:45:19.731,0.9074,0.9137,10.0,0.9091,30.0,1135.0,12.0
2021-01-05 09:45:21.191,0.9074,0.9141,20.0,0.9091,30.0,1135.0,12.0
2021-01-05 09:45:22.240,0.9074,0.9141,20.0,0.9091,30.0,1135.0,12.0
2021-01-05 09:45:22.710,0.9074,0.9141,20.0,0.9091,30.0,1135.0,12.0
2021-01-05 09:45:23.160,0.9074,0.9141,20.0,0.9091,30.0,1135.0,12.0
2021-01-05 09:45:28.210,0.9074,0.9141,20.0,0.9091,30.0,1135.0,12.0
2021-01-05 09:45:29.140,0.9074,0.9135,10.0,0.9091,20.0,1135.0,12.0
2021-01-05 09:45:30.210,0.9074,0.9135,30.0,0.9081,10.0,1135.0,12.0
2021-01-05 09:45:30.710,0.9074,0.9135,30.0,0.9081,10.0,1135.0,12.0
2021-01-05 09:45:31.701,0.9074,0.9135,30.0,0.9081,10.0,1135.0,12.0
2021-01-05 09:45:32.160,0.9074,0.9135,30.0,0.9081,10.0,1135.0,12.0
2021-01-05 09:45:32.690,0.9074,0.9135,30.0,0.9081,10.0,1135.0,12.0
2021-01-05 09:45:33.180,0.9074,0.9128,10.0,0.9081,10.0,1135.0,12.0
2021-01-05 09:45:33.670,0.9074,0.9128,30.0,0.9081,10.0,1135.0,12.0
2021-01-05 09:45:35.190,0.9074,0.9128,30.0,0.9081,10.0,1135.0,12.0
2021-01-05 09:45:35.701,0.9074,0.9123,10.0,0.9081,10.0,1135.0,12.0
2021-01-05 09:45:36.240,0.9074,0.9123,30.0,0.9081,10.0,1135.0,12.0
2021-01-05 09:45:36.730,0.9074,0.9123,30.0,0.908,20.0,1135.0,12.0
2021-01-05 09:45:37.241,0.9074,0.9123,30.0,0.908,20.0,1135.0,12.0
2021-01-05 09:45:37.731,0.9074,0.9123,30.0,0.9072,30.0,1135.0,12.0
2021-01-05 09:45:39.210,0.9074,0.9123,30.0,0.9072,30.0,1135.0,12.0
2021-01-05 09:45:39.710,0.9074,0.9123,30.0,0.9072,30.0,1135.0,12.0
2021-01-05 09:45:42.240,0.9074,0.9123,30.0,0.9072,30.0,1135.0,12.0
2021-01-05 09:45:42.711,0.9074,0.9123,30.0,0.9072,30.0,1135.0,12.0
2021-01-05 09:45:44.201,0.9074,0.9123,20.0,0.9072,30.0,1135.0,12.0
2021-01-05 09:45:45.220,0.9074,0.9123,20.0,0.9072,30.0,1135.0,12.0
2021-01-05 09:45:48.741,0.9074,0.9117,10.0,0.9072,30.0,1135.0,12.0
2021-01-05 09:45:49.700,0.9074,0.9117,20.0,0.9072,30.0,1135.0,12.0
2021-01-05 09:45:50.251,0.9074,0.9117,20.0,0.9072,30.0,1135.0,12.0
2021-01-05 09:45:50.750,0.9074,0.9123,20.0,0.9072,30.0,1135.0,12.0
2021-01-05 09:45:54.191,0.9074,0.9123,20.0,0.9072,30.0,1135.0,12.0
2021-01-05 09:45:54.710,0.9074,0.9118,10.0,0.9072,30.0,1135.0,12.0
2021-01-05 09:45:55.711,0.9074,0.9118,30.0,0.9072,30.0,1135.0,12.0
2021-01-05 09:45:58.711,0.9074,0.9118,30.0,0.9072,30.0,1135.0,12.0
2021-01-05 09:46:00.730,0.9074,0.9112,10.0,0.9072,20.0,1135.0,12.0
2021-01-05 09:46:01.230,0.9074,0.9112,30.0,0.9058,30.0,1135.0,12.0
2021-01-05 09:46:02.221,0.9074,0.9112,30.0,0.9058,30.0,1135.0,12.0
2021-01-05 09:46:03.731,0.9074,0.9112,30.0,0.9058,30.0,1135.0,12.0
2021-01-05 09:46:06.690,0.9074,0.9112,30.0,0.9058,30.0,1135.0,12.0
2021-01-05 09:46:07.231,0.9074,0.9102,10.0,0.9058,20.0,1135.0,12.0
2021-01-05 09:46:07.741,0.9074,0.9102,30.0,0.9048,30.0,1135.0,12.0
2021-01-05 09:46:08.730,0.9074,0.9102,30.0,0.9048,30.0,1135.0,12.0
2021-01-05 09:46:09.710,0.9074,0.9102,30.0,0.9048,30.0,1135.0,12.0
2021-01-05 09:46:10.230,0.9074,0.9102,30.0,0.9048,30.0,1135.0,12.0
2021-01-05 09:46:10.720,0.9074,0.9102,30.0,0.9048,30.0,1135.0,12.0
2021-01-05 09:46:11.131,0.9074,0.9098,10.0,0.9048,30.0,1135.0,12.0
2021-01-05 09:46:11.721,0.9074,0.9098,10.0,0.9048,30.0,1135.0,12.0
2021-01-05 09:46:12.190,0.9074,0.9092,10.0,0.9048,20.0,1135.0,12.0
2021-01-05 09:46:12.680,0.9074,0.9092,30.0,0.9038,30.0,1135.0,12.0
2021-01-05 09:46:13.681,0.9074,0.9092,30.0,0.9038,30.0,1135.0,12.0
2021-01-05 09:46:14.230,0.9074,0.9092,30.0,0.9038,30.0,1135.0,12.0
2021-01-05 09:46:14.731,0.9074,0.9092,30.0,0.9038,30.0,1135.0,12.0
2021-01-05 09:46:17.751,0.9074,0.9082,10.0,0.9038,30.0,1135.0,12.0
2021-01-05 09:46:18.721,0.9074,0.9082,30.0,0.9038,30.0,1135.0,12.0
2021-01-05 09:46:20.210,0.9074,0.9082,20.0,0.9038,30.0,1135.0,12.0
2021-01-05 09:46:21.240,0.9074,0.9092,30.0,0.9038,30.0,1135.0,12.0
2021-01-05 09:46:22.690,0.9074,0.9092,30.0,0.9038,30.0,1135.0,12.0
2021-01-05 09:46:23.201,0.9074,0.9092,30.0,0.9038,30.0,1135.0,12.0
2021-01-05 09:46:25.211,0.9074,0.908,10.0,0.9038,30.0,1135.0,12.0
2021-01-05 09:46:25.651,0.9074,0.908,30.0,0.9038,30.0,1135.0,12.0
2021-01-05 09:46:27.201,0.9074,0.908,30.0,0.9038,30.0,1135.0,12.0
2021-01-05 09:46:35.231,0.9074,0.908,30.0,0.9038,20.0,1135.0,12.0
2021-01-05 09:46:35.721,0.9074,0.908,30.0,0.9038,20.0,1135.0,12.0
2021-01-05 09:46:36.221,0.9074,0.908,30.0,0.9038,20.0,1135.0,12.0
2021-01-05 09:46:36.730,0.9074,0.908,30.0,0.9028,30.0,1135.0,12.0
2021-01-05 09:46:37.750,0.9074,0.908,30.0,0.9028,30.0,1135.0,12.0
2021-01-05 09:46:38.151,0.9074,0.908,20.0,0.9039,10.0,1135.0,12.0
2021-01-05 09:46:38.741,0.9074,0.9092,20.0,0.9039,30.0,1135.0,12.0
2021-01-05 09:46:39.730,0.9074,0.9092,20.0,0.9039,30.0,1135.0,12.0
2021-01-05 09:46:40.230,0.9074,0.9092,20.0,0.9039,30.0,1135.0,12.0
2021-01-05 09:46:41.250,0.9074,0.9092,20.0,0.9039,30.0,1135.0,12.0
2021-01-05 09:46:46.671,0.9074,0.9092,20.0,0.9039,30.0,1135.0,12.0
2021-01-05 09:46:51.731,0.9074,0.9088,10.0,0.9039,30.0,1135.0,12.0
2021-01-05 09:46:53.201,0.9074,0.9088,10.0,0.9039,30.0,1135.0,12.0
2021-01-05 09:47:00.741,0.9074,0.9088,10.0,0.9039,30.0,1135.0,12.0
2021-01-05 09:47:01.210,0.9074,0.9088,10.0,0.905,10.0,1135.0,12.0
2021-01-05 09:47:01.721,0.9074,0.9092,20.0,0.905,30.0,1135.0,12.0
2021-01-05 09:47:02.230,0.9074,0.9103,30.0,0.905,30.0,1135.0,12.0
2021-01-05 09:47:02.741,0.9074,0.9103,20.0,0.906,10.0,1135.0,12.0
2021-01-05 09:47:03.220,0.9074,0.9106,10.0,0.906,10.0,1135.0,12.0
2021-01-05 09:47:03.740,0.9074,0.9106,10.0,0.906,30.0,1135.0,12.0
2021-01-05 09:47:04.211,0.9074,0.9106,10.0,0.906,30.0,1135.0,12.0
2021-01-05 09:47:05.250,0.9074,0.9107,20.0,0.906,30.0,1135.0,12.0
2021-01-05 09:47:05.750,0.9074,0.9114,30.0,0.906,30.0,1135.0,12.0
2021-01-05 09:47:06.251,0.9074,0.9114,20.0,0.907,10.0,1135.0,12.0
2021-01-05 09:47:06.710,0.9074,0.9119,20.0,0.907,10.0,1135.0,12.0
2021-01-05 09:47:07.221,0.9074,0.9124,30.0,0.907,10.0,1135.0,12.0
2021-01-05 09:47:07.740,0.9074,0.9124,30.0,0.907,10.0,1135.0,12.0
2021-01-05 09:47:08.230,0.9074,0.9124,30.0,0.907,10.0,1135.0,12.0
2021-01-05 09:47:09.221,0.9074,0.9124,20.0,0.9081,10.0,1135.0,12.0
2021-01-05 09:47:09.751,0.9074,0.9129,20.0,0.9081,30.0,1135.0,12.0
2021-01-05 09:47:10.260,0.9074,0.9134,30.0,0.9081,30.0,1135.0,12.0
2021-01-05 09:47:11.250,0.9074,0.9134,30.0,0.9081,30.0,1135.0,12.0
2021-01-05 09:47:11.751,0.9074,0.9134,20.0,0.9091,10.0,1135.0,12.0
2021-01-05 09:47:12.241,0.9074,0.9145,30.0,0.9091,30.0,1135.0,12.0
2021-01-05 09:47:12.731,0.9074,0.9143,10.0,0.9091,30.0,1135.0,12.0
2021-01-05 09:47:14.220,0.9074,0.9143,10.0,0.9091,30.0,1135.0,12.0
2021-01-05 09:47:14.721,0.9074,0.9143,10.0,0.9091,30.0,1135.0,12.0
2021-01-05 09:47:16.731,0.9074,0.9143,10.0,0.9091,30.0,1135.0,12.0
2021-01-05 09:47:17.251,0.9074,0.9143,10.0,0.9091,30.0,1135.0,12.0
2021-01-05 09:47:19.111,0.9074,0.9143,10.0,0.9101,10.0,1135.0,12.0
2021-01-05 09:47:19.731,0.9074,0.9145,20.0,0.9101,30.0,1135.0,12.0
2021-01-05 09:47:20.231,0.9074,0.9155,30.0,0.9101,30.0,1135.0,12.0
2021-01-05 09:47:20.761,0.9074,0.9155,30.0,0.9101,30.0,1135.0,12.0
2021-01-05 09:47:21.260,0.9074,0.9155,30.0,0.9101,30.0,1135.0,12.0
2021-01-05 09:47:21.760,0.9074,0.9155,30.0,0.9101,30.0,1135.0,12.0
2021-01-05 09:47:23.151,0.9074,0.9155,20.0,0.9111,10.0,1135.0,12.0
2021-01-05 09:47:23.700,0.9074,0.9155,20.0,0.9111,30.0,1135.0,12.0
2021-01-05 09:47:24.221,0.9074,0.9155,20.0,0.9111,30.0,1135.0,12.0
2021-01-05 09:47:25.241,0.9074,0.9155,20.0,0.9111,30.0,1135.0,12.0
2021-01-05 09:47:30.230,0.9074,0.9155,20.0,0.9111,30.0,1135.0,12.0
2021-01-05 09:47:31.181,0.9074,0.9155,20.0,0.9111,30.0,1135.0,12.0
2021-01-05 09:47:31.711,0.9074,0.9165,30.0,0.9111,30.0,1135.0,12.0
2021-01-05 09:47:34.231,0.9074,0.9165,30.0,0.9111,30.0,1135.0,12.0
2021-01-05 09:47:35.740,0.9074,0.9162,10.0,0.9111,30.0,1135.0,12.0
2021-01-05 09:47:36.241,0.9074,0.9165,30.0,0.9111,30.0,1135.0,12.0
2021-01-05 09:47:36.721,0.9074,0.9165,30.0,0.9111,30.0,1135.0,12.0
2021-01-05 09:47:37.251,0.9074,0.9165,30.0,0.9111,30.0,1135.0,12.0
2021-01-05 09:47:37.761,0.9074,0.9165,30.0,0.9111,30.0,1135.0,12.0
2021-01-05 09:47:38.760,0.9074,0.9165,30.0,0.9111,30.0,1135.0,12.0
2021-01-05 09:47:39.751,0.9074,0.9165,30.0,0.9111,30.0,1135.0,12.0
2021-01-05 09:47:40.260,0.9074,0.9165,30.0,0.9111,30.0,1135.0,12.0
2021-01-05 09:47:40.761,0.9074,0.9165,30.0,0.9111,30.0,1135.0,12.0
2021-01-05 09:47:41.261,0.9074,0.9165,30.0,0.9111,30.0,1135.0,12.0
2021-01-05 09:47:43.470,0.9074,0.9165,20.0,0.9121,10.0,1135.0,12.0
2021-01-05 09:47:44.260,0.9074,0.9171,30.0,0.9121,30.0,1135.0,12.0
2021-01-05 09:47:46.740,0.9074,0.9171,30.0,0.9121,30.0,1135.0,12.0
2021-01-05 09:47:49.260,0.9074,0.9171,30.0,0.9121,30.0,1135.0,12.0
2021-01-05 09:47:49.771,0.9074,0.9171,20.0,0.9121,30.0,1135.0,12.0
2021-01-05 09:47:50.271,0.9074,0.9171,20.0,0.9121,20.0,1135.0,12.0
2021-01-05 09:47:50.751,0.9074,0.9164,10.0,0.911,10.0,1135.0,12.0
2021-01-05 09:47:51.250,0.9074,0.9164,30.0,0.911,30.0,1135.0,12.0
2021-01-05 09:47:51.781,0.9074,0.9164,20.0,0.911,20.0,1135.0,12.0
2021-01-05 09:47:52.271,0.9074,0.9151,10.0,0.911,20.0,1135.0,12.0
2021-01-05 09:47:52.730,0.9074,0.9151,10.0,0.91,20.0,1135.0,12.0
2021-01-05 09:47:53.221,0.9074,0.9151,30.0,0.911,20.0,1135.0,12.0
2021-01-05 09:47:54.230,0.9074,0.9151,10.0,0.91,20.0,1135.0,12.0
2021-01-05 09:47:55.231,0.9074,0.9151,10.0,0.91,20.0,1135.0,12.0
2021-01-05 09:47:55.740,0.9074,0.9151,10.0,0.91,20.0,1135.0,12.0
2021-01-05 09:47:56.251,0.9074,0.9151,10.0,0.91,20.0,1135.0,12.0
2021-01-05 09:47:56.751,0.9074,0.9139,10.0,0.91,20.0,1135.0,12.0
2021-01-05 09:47:57.250,0.9074,0.9139,30.0,0.9086,30.0,1135.0,12.0
2021-01-05 09:47:57.750,0.9074,0.9139,30.0,0.9086,40.0,1135.0,12.0
2021-01-05 09:47:58.261,0.9074,0.9154,10.0,0.91,10.0,1135.0,12.0
2021-01-05 09:47:58.781,0.9074,0.9154,10.0,0.91,10.0,1135.0,12.0
2021-01-05 09:48:01.221,0.9074,0.9155,20.0,0.9104,20.0,1135.0,12.0
2021-01-05 09:48:01.791,0.9074,0.9165,30.0,0.9112,10.0,1135.0,12.0
2021-01-05 09:48:02.260,0.9074,0.9165,20.0,0.9112,30.0,1135.0,12.0
2021-01-05 09:48:03.290,0.9074,0.9165,20.0,0.9112,30.0,1135.0,12.0
2021-01-05 09:48:06.300,0.9074,0.9165,20.0,0.9112,30.0,1135.0,12.0
2021-01-05 09:48:06.781,0.9074,0.9165,20.0,0.9112,40.0,1135.0,12.0
2021-01-05 09:48:07.760,0.9074,0.9165,20.0,0.9112,30.0,1135.0,12.0
2021-01-05 09:48:08.281,0.9074,0.9178,10.0,0.9124,10.0,1135.0,12.0
2021-01-05 09:48:08.761,0.9074,0.9178,10.0,0.9124,30.0,1135.0,12.0
2021-01-05 09:48:09.751,0.9074,0.9178,10.0,0.9124,30.0,1135.0,12.0
2021-01-05 09:48:10.801,0.9074,0.9178,10.0,0.9124,30.0,1135.0,12.0
2021-01-05 09:48:11.301,0.9074,0.9178,10.0,0.9124,30.0,1135.0,12.0
2021-01-05 09:48:12.300,0.9074,0.9178,10.0,0.9124,30.0,1135.0,12.0
2021-01-05 09:48:12.751,0.9074,0.9178,10.0,0.9124,30.0,1135.0,12.0
2021-01-05 09:48:13.281,0.9074,0.9178,10.0,0.9124,30.0,1135.0,12.0
2021-01-05 09:48:13.760,0.9074,0.9178,10.0,0.9124,30.0,1135.0,12.0
2021-01-05 09:48:15.310,0.9074,0.9174,20.0,0.9124,20.0,1135.0,12.0
2021-01-05 09:48:15.831,0.9074,0.9164,10.0,0.911,10.0,1135.0,12.0
2021-01-05 09:48:16.321,0.9074,0.9164,30.0,0.911,30.0,1135.0,12.0
2021-01-05 09:48:16.801,0.9074,0.9153,10.0,0.911,20.0,1135.0,12.0
2021-01-05 09:48:17.300,0.9074,0.9153,30.0,0.9105,30.0,1135.0,12.0
2021-01-05 09:48:17.840,0.9074,0.9153,30.0,0.9105,20.0,1135.0,12.0
2021-01-05 09:48:18.330,0.9074,0.9153,30.0,0.9099,30.0,1135.0,12.0
2021-01-05 09:48:18.841,0.9074,0.9153,30.0,0.9099,30.0,1135.0,12.0
2021-01-05 09:48:19.271,0.9074,0.9143,10.0,0.9099,30.0,1135.0,12.0
2021-01-05 09:48:19.800,0.9074,0.9143,30.0,0.9099,20.0,1135.0,12.0
2021-01-05 09:48:20.311,0.9074,0.9143,40.0,0.9099,20.0,1135.0,12.0
2021-01-05 09:48:20.791,0.9074,0.9143,40.0,0.909,30.0,1135.0,12.0
2021-01-05 09:48:21.340,0.9074,0.9143,40.0,0.909,30.0,1135.0,12.0
2021-01-05 09:48:24.731,0.9074,0.9143,40.0,0.909,30.0,1135.0,12.0
2021-01-05 09:48:26.101,0.9074,0.9143,40.0,0.909,30.0,1135.0,12.0
2021-01-05 09:48:27.181,0.9074,0.9128,10.0,0.909,30.0,1135.0,12.0
2021-01-05 09:48:28.160,0.9074,0.9127,10.0,0.9083,20.0,1135.0,12.0
2021-01-05 09:48:28.731,0.9074,0.9127,10.0,0.9083,20.0,1135.0,12.0
2021-01-05 09:48:29.121,0.9074,0.9127,10.0,0.9074,30.0,1135.0,12.0
2021-01-05 09:48:29.691,0.9074,0.9127,10.0,0.9074,30.0,1135.0,12.0
2021-01-05 09:48:32.200,0.9074,0.9112,10.0,0.9074,30.0,1135.0,12.0
2021-01-05 09:48:32.631,0.9074,0.9113,10.0,0.9068,20.0,1135.0,12.0
2021-01-05 09:48:33.190,0.9074,0.9112,20.0,0.9068,20.0,1135.0,12.0
2021-01-05 09:48:33.680,0.9074,0.9112,20.0,0.9059,30.0,1135.0,12.0
2021-01-05 09:48:34.141,0.9074,0.9112,20.0,0.9059,30.0,1135.0,12.0
2021-01-05 09:48:34.721,0.9074,0.9112,20.0,0.9059,30.0,1135.0,12.0
2021-01-05 09:48:37.211,0.9074,0.9112,20.0,0.907,10.0,1135.0,12.0
2021-01-05 09:48:37.681,0.9074,0.9112,20.0,0.907,10.0,1135.0,12.0
2021-01-05 09:48:38.211,0.9074,0.9119,10.0,0.907,30.0,1135.0,12.0
2021-01-05 09:48:38.690,0.9074,0.9119,10.0,0.907,30.0,1135.0,12.0
2021-01-05 09:48:39.600,0.9074,0.9119,10.0,0.907,30.0,1135.0,12.0
2021-01-05 09:48:41.681,0.9074,0.9122,20.0,0.907,30.0,1135.0,12.0
2021-01-05 09:48:42.321,0.9074,0.9122,20.0,0.907,30.0,1135.0,12.0
2021-01-05 09:48:45.020,0.9074,0.9122,20.0,0.907,30.0,1135.0,12.0
2021-01-05 09:48:46.510,0.9074,0.9122,20.0,0.907,30.0,1135.0,12.0
2021-01-05 09:48:50.030,0.9074,0.9113,10.0,0.907,30.0,1135.0,12.0
2021-01-05 09:48:50.541,0.9074,0.9113,30.0,0.907,30.0,1135.0,12.0
2021-01-05 09:48:51.540,0.9074,0.9113,30.0,0.907,30.0,1135.0,12.0
2021-01-05 09:48:51.951,0.9074,0.9113,40.0,0.907,20.0,1135.0,12.0
2021-01-05 09:48:52.510,0.9074,0.9113,40.0,0.906,10.0,1135.0,12.0
2021-01-05 09:48:53.150,0.9074,0.9113,40.0,0.906,10.0,1135.0,12.0
2021-01-05 09:48:53.711,0.9074,0.9096,10.0,0.9059,20.0,1135.0,12.0
2021-01-05 09:48:54.550,0.9074,0.9096,30.0,0.9048,30.0,1135.0,12.0
2021-01-05 09:48:55.201,0.9074,0.9096,30.0,0.9048,30.0,1135.0,12.0
2021-01-05 09:48:56.711,0.9074,0.9096,20.0,0.9048,30.0,1135.0,12.0
2021-01-05 09:48:57.171,0.9074,0.9096,20.0,0.9048,30.0,1135.0,12.0
2021-01-05 09:48:57.680,0.9074,0.9102,30.0,0.9048,30.0,1135.0,12.0
2021-01-05 09:48:58.160,0.9074,0.9102,30.0,0.9048,30.0,1135.0,12.0
2021-01-05 09:48:59.161,0.9074,0.9102,30.0,0.9048,30.0,1135.0,12.0
2021-01-05 09:49:00.761,0.9074,0.9102,30.0,0.9048,30.0,1135.0,12.0
2021-01-05 09:49:01.261,0.9074,0.9102,30.0,0.9048,30.0,1135.0,12.0
2021-01-05 09:49:01.681,0.9074,0.9091,10.0,0.9048,20.0,1135.0,12.0
2021-01-05 09:49:02.261,0.9074,0.9091,30.0,0.9048,20.0,1135.0,12.0
2021-01-05 09:49:02.790,0.9074,0.9091,30.0,0.9038,30.0,1135.0,12.0
2021-01-05 09:49:05.301,0.9074,0.9089,10.0,0.9038,30.0,1135.0,12.0
2021-01-05 09:49:05.790,0.9074,0.9091,30.0,0.9038,30.0,1135.0,12.0
2021-01-05 09:49:06.820,0.9074,0.9091,30.0,0.9038,30.0,1135.0,12.0
2021-01-05 09:49:08.301,0.9074,0.9091,20.0,0.9038,20.0,1135.0,12.0
2021-01-05 09:49:08.830,0.9074,0.9103,10.0,0.9049,10.0,1135.0,12.0
2021-01-05 09:49:09.320,0.9074,0.9103,30.0,0.9049,30.0,1135.0,12.0
2021-01-05 09:49:09.821,0.9074,0.9103,30.0,0.9049,30.0,1135.0,12.0
2021-01-05 09:49:10.330,0.9074,0.9103,20.0,0.9059,10.0,1135.0,12.0
2021-01-05 09:49:10.831,0.9074,0.9109,20.0,0.9059,30.0,1135.0,12.0
2021-01-05 09:49:11.341,0.9074,0.9109,20.0,0.9059,30.0,1135.0,12.0
2021-01-05 09:49:11.850,0.9074,0.9109,20.0,0.9059,30.0,1135.0,12.0
2021-01-05 09:49:12.270,0.9074,0.9109,20.0,0.9059,20.0,1135.0,12.0
2021-01-05 09:49:12.850,0.9074,0.9103,10.0,0.905,10.0,1135.0,12.0
2021-01-05 09:49:13.310,0.9074,0.9103,30.0,0.905,30.0,1135.0,12.0
2021-01-05 09:49:13.761,0.9074,0.9103,30.0,0.905,30.0,1135.0,12.0
2021-01-05 09:49:15.851,0.9074,0.9103,30.0,0.905,30.0,1135.0,12.0
2021-01-05 09:49:17.851,0.9074,0.9103,30.0,0.905,30.0,1135.0,12.0
2021-01-05 09:49:18.331,0.9074,0.9103,30.0,0.905,30.0,1135.0,12.0
2021-01-05 09:49:21.330,0.9074,0.9103,20.0,0.905,20.0,1135.0,12.0
2021-01-05 09:49:21.831,0.9074,0.9092,10.0,0.9039,10.0,1135.0,12.0
2021-01-05 09:49:22.300,0.9074,0.9092,30.0,0.9039,10.0,1135.0,12.0
2021-01-05 09:49:22.500,0.9074,0.9092,30.0,0.9039,10.0,1135.0,12.0
2021-01-05 09:49:23.201,0.9074,0.9092,30.0,0.9039,10.0,1135.0,12.0
2021-01-05 09:49:25.080,0.9074,0.9087,10.0,0.9039,10.0,1135.0,12.0
2021-01-05 09:49:25.710,0.9074,0.9087,10.0,0.9039,10.0,1135.0,12.0
2021-01-05 09:49:26.171,0.9074,0.9087,30.0,0.9039,10.0,1135.0,12.0
2021-01-05 09:49:29.691,0.9074,0.9087,20.0,0.9039,10.0,1135.0,12.0
2021-01-05 09:49:30.090,0.9074,0.9087,20.0,0.9039,10.0,1135.0,12.0
2021-01-05 09:49:30.640,0.9074,0.9092,30.0,0.9039,10.0,1135.0,12.0
2021-01-05 09:49:31.621,0.9074,0.9092,30.0,0.9039,10.0,1135.0,12.0
2021-01-05 09:49:32.701,0.9074,0.9082,10.0,0.9035,20.0,1135.0,12.0
2021-01-05 09:49:33.191,0.9074,0.9082,30.0,0.9028,30.0,1135.0,12.0
2021-01-05 09:49:34.710,0.9074,0.9082,30.0,0.9028,30.0,1135.0,12.0
2021-01-05 09:49:38.180,0.9074,0.9082,30.0,0.9028,30.0,1135.0,12.0
2021-01-05 09:49:39.761,0.9074,0.9068,10.0,0.9028,20.0,1135.0,12.0
2021-01-05 09:49:40.581,0.9074,0.9068,30.0,0.9018,30.0,1135.0,12.0
2021-01-05 09:49:42.210,0.9074,0.9068,30.0,0.9018,30.0,1135.0,12.0
2021-01-05 09:49:43.111,0.9074,0.9068,30.0,0.9018,30.0,1135.0,12.0
2021-01-05 09:49:47.161,0.9074,0.9068,30.0,0.9018,30.0,1135.0,12.0
2021-01-05 09:49:47.691,0.9074,0.9068,20.0,0.9018,30.0,1135.0,12.0
2021-01-05 09:49:51.760,0.9074,0.9068,20.0,0.9028,10.0,1135.0,12.0
2021-01-05 09:49:52.711,0.9074,0.9082,30.0,0.9028,30.0,1135.0,12.0
2021-01-05 09:49:53.220,0.9074,0.908,10.0,0.9028,30.0,1135.0,12.0
2021-01-05 09:49:53.731,0.9074,0.908,10.0,0.9028,30.0,1135.0,12.0
2021-01-05 09:49:54.231,0.9074,0.9082,20.0,0.9038,10.0,1135.0,12.0
2021-01-05 09:49:54.721,0.9074,0.9092,30.0,0.9038,30.0,1135.0,12.0
2021-01-05 09:49:57.141,0.9074,0.9092,30.0,0.9038,30.0,1135.0,12.0
2021-01-05 09:49:57.631,0.9074,0.9092,20.0,0.9048,10.0,1135.0,12.0
2021-01-05 09:49:58.680,0.9074,0.91,30.0,0.9048,30.0,1135.0,12.0
2021-01-05 09:49:59.700,0.9074,0.91,20.0,0.9048,30.0,1135.0,12.0
2021-01-05 09:50:00.230,0.9074,0.91,20.0,0.9058,10.0,1135.0,12.0
2021-01-05 09:50:01.231,0.9074,0.9106,30.0,0.9058,30.0,1135.0,12.0
2021-01-05 09:50:02.241,0.9074,0.9106,30.0,0.9058,30.0,1135.0,12.0
2021-01-05 09:50:02.680,0.9074,0.9106,30.0,0.9058,30.0,1135.0,12.0
2021-01-05 09:50:03.210,0.9074,0.9106,30.0,0.9058,30.0,1135.0,12.0
2021-01-05 09:50:04.241,0.9074,0.912,20.0,0.9073,10.0,1135.0,12.0
2021-01-05 09:50:05.231,0.9074,0.9125,10.0,0.9073,30.0,1135.0,12.0
2021-01-05 09:50:06.180,0.9074,0.9125,10.0,0.9073,30.0,1135.0,12.0
2021-01-05 09:50:06.310,0.9074,0.9125,10.0,0.9073,30.0,1135.0,12.0
2021-01-05 09:50:07.740,0.9074,0.9125,10.0,0.9073,30.0,1135.0,12.0
2021-01-05 09:50:08.251,0.9074,0.9125,10.0,0.9073,30.0,1135.0,12.0
2021-01-05 09:50:10.210,0.9074,0.9125,10.0,0.9073,30.0,1135.0,12.0
2021-01-05 09:50:11.240,0.9074,0.9125,10.0,0.9073,30.0,1135.0,12.0
2021-01-05 09:50:11.761,0.9074,0.9125,10.0,0.9073,30.0,1135.0,12.0
2021-01-05 09:50:12.170,0.9074,0.9125,10.0,0.9073,30.0,1135.0,12.0
2021-01-05 09:50:13.230,0.9074,0.9125,10.0,0.9073,30.0,1135.0,12.0
2021-01-05 09:50:13.670,0.9074,0.9125,10.0,0.9073,30.0,1135.0,12.0
2021-01-05 09:50:16.761,0.9074,0.9127,30.0,0.9073,30.0,1135.0,12.0
2021-01-05 09:50:17.770,0.9074,0.9127,30.0,0.9073,30.0,1135.0,12.0
2021-01-05 09:50:18.271,0.9074,0.9127,30.0,0.9073,30.0,1135.0,12.0
2021-01-05 09:50:18.740,0.9074,0.9127,30.0,0.9073,30.0,1135.0,12.0
2021-01-05 09:50:21.251,0.9074,0.9127,30.0,0.9073,30.0,1135.0,12.0
2021-01-05 09:50:22.250,0.9074,0.9113,10.0,0.9073,30.0,1135.0,12.0
2021-01-05 09:50:22.661,0.9074,0.9113,10.0,0.9073,30.0,1135.0,12.0
2021-01-05 09:50:23.220,0.9074,0.9113,10.0,0.9073,20.0,1135.0,12.0
2021-01-05 09:50:23.710,0.9074,0.9113,10.0,0.9061,30.0,1135.0,12.0
2021-01-05 09:50:24.240,0.9074,0.9115,10.0,0.9061,30.0,1135.0,12.0
2021-01-05 09:50:24.720,0.9074,0.9115,10.0,0.9061,30.0,1135.0,12.0
2021-01-05 09:50:25.740,0.9074,0.9115,10.0,0.9061,30.0,1135.0,12.0
2021-01-05 09:50:27.661,0.9074,0.9115,10.0,0.9061,30.0,1135.0,12.0
2021-01-05 09:50:28.731,0.9074,0.9104,10.0,0.9061,30.0,1135.0,12.0
2021-01-05 09:50:29.160,0.9074,0.9104,30.0,0.9061,30.0,1135.0,12.0
2021-01-05 09:50:30.741,0.9074,0.9104,30.0,0.9061,30.0,1135.0,12.0
2021-01-05 09:50:34.241,0.9074,0.9104,20.0,0.9061,30.0,1135.0,12.0
2021-01-05 09:50:34.741,0.9074,0.9115,10.0,0.9061,30.0,1135.0,12.0
2021-01-05 09:50:35.711,0.9074,0.9115,10.0,0.9061,30.0,1135.0,12.0
2021-01-05 09:50:40.150,0.9074,0.9115,10.0,0.9061,30.0,1135.0,12.0
2021-01-05 09:50:42.260,0.9074,0.9115,10.0,0.9061,30.0,1135.0,12.0
2021-01-05 09:50:42.730,0.9074,0.9115,10.0,0.9061,30.0,1135.0,12.0
2021-01-05 09:50:43.760,0.9074,0.9115,10.0,0.9063,10.0,1135.0,12.0
2021-01-05 09:50:44.250,0.9074,0.9115,10.0,0.9061,30.0,1135.0,12.0
2021-01-05 09:50:44.751,0.9074,0.9115,10.0,0.9061,30.0,1135.0,12.0
2021-01-05 09:50:45.681,0.9074,0.9115,10.0,0.9061,30.0,1135.0,12.0
2021-01-05 09:50:49.091,0.9074,0.9115,10.0,0.9061,30.0,1135.0,12.0
2021-01-05 09:50:49.771,0.9074,0.9115,10.0,0.9061,30.0,1135.0,12.0
2021-01-05 09:50:52.730,0.9074,0.9115,10.0,0.9061,30.0,1135.0,12.0
2021-01-05 09:50:54.230,0.9074,0.9115,10.0,0.9064,10.0,1135.0,12.0
2021-01-05 09:50:54.680,0.9074,0.9116,20.0,0.9072,10.0,1135.0,12.0
2021-01-05 09:50:55.221,0.9074,0.9124,20.0,0.9072,30.0,1135.0,12.0
2021-01-05 09:50:55.630,0.9074,0.9124,20.0,0.9072,30.0,1135.0,12.0
2021-01-05 09:50:56.691,0.9074,0.9124,20.0,0.9072,30.0,1135.0,12.0
2021-01-05 09:50:57.221,0.9074,0.9124,20.0,0.9072,30.0,1135.0,12.0
2021-01-05 09:51:00.260,0.9074,0.9106,10.0,0.9072,20.0,1135.0,12.0
2021-01-05 09:51:00.710,0.9074,0.9106,30.0,0.9061,20.0,1135.0,12.0
2021-01-05 09:51:01.670,0.9074,0.9106,30.0,0.9061,20.0,1135.0,12.0
2021-01-05 09:51:02.250,0.9074,0.9106,30.0,0.9061,20.0,1135.0,12.0
2021-01-05 09:51:02.681,0.9074,0.9106,30.0,0.9061,20.0,1135.0,12.0
2021-01-05 09:51:04.731,0.9074,0.9106,30.0,0.9061,20.0,1135.0,12.0
2021-01-05 09:51:05.230,0.9074,0.9106,20.0,0.9061,20.0,1135.0,12.0
2021-01-05 09:51:05.751,0.9074,0.9113,20.0,0.907,10.0,1135.0,12.0
2021-01-05 09:51:06.260,0.9074,0.912,10.0,0.907,30.0,1135.0,12.0
2021-01-05 09:51:08.250,0.9074,0.912,10.0,0.907,30.0,1135.0,12.0
2021-01-05 09:51:09.251,0.9074,0.9124,30.0,0.907,30.0,1135.0,12.0
2021-01-05 09:51:09.750,0.9074,0.9124,30.0,0.907,30.0,1135.0,12.0
2021-01-05 09:51:10.250,0.9074,0.9124,30.0,0.907,30.0,1135.0,12.0
2021-01-05 09:51:10.761,0.9074,0.9124,30.0,0.907,30.0,1135.0,12.0
2021-01-05 09:51:11.270,0.9074,0.9114,10.0,0.907,20.0,1135.0,12.0
2021-01-05 09:51:11.781,0.9074,0.9119,30.0,0.907,20.0,1135.0,12.0
2021-01-05 09:51:12.271,0.9074,0.9104,10.0,0.907,20.0,1135.0,12.0
2021-01-05 09:51:12.791,0.9074,0.9104,10.0,0.907,20.0,1135.0,12.0
2021-01-05 09:51:13.291,0.9074,0.9104,10.0,0.9061,20.0,1135.0,12.0
2021-01-05 09:51:14.280,0.9074,0.9092,30.0,0.9039,30.0,1135.0,12.0
2021-01-05 09:51:14.791,0.9074,0.909,10.0,0.9039,30.0,1135.0,12.0
2021-01-05 09:51:17.001,0.9074,0.909,10.0,0.9039,30.0,1135.0,12.0
2021-01-05 09:51:18.311,0.9074,0.909,10.0,0.9039,30.0,1135.0,12.0
2021-01-05 09:51:18.791,0.9074,0.9092,20.0,0.9039,20.0,1135.0,12.0
2021-01-05 09:51:19.281,0.9074,0.9103,10.0,0.905,10.0,1135.0,12.0
2021-01-05 09:51:19.800,0.9074,0.9103,10.0,0.905,30.0,1135.0,12.0
2021-01-05 09:51:20.261,0.9074,0.9103,10.0,0.905,30.0,1135.0,12.0
2021-01-05 09:51:20.810,0.9074,0.9103,10.0,0.905,30.0,1135.0,12.0
2021-01-05 09:51:21.780,0.9074,0.9103,10.0,0.905,30.0,1135.0,12.0
2021-01-05 09:51:22.301,0.9074,0.9104,20.0,0.905,20.0,1135.0,12.0
2021-01-05 09:51:22.691,0.9074,0.9091,10.0,0.9037,10.0,1135.0,12.0
2021-01-05 09:51:23.250,0.9074,0.9091,30.0,0.9037,10.0,1135.0,12.0
2021-01-05 09:51:24.251,0.9074,0.9091,30.0,0.9037,30.0,1135.0,12.0
2021-01-05 09:51:25.221,0.9074,0.9091,30.0,0.9037,30.0,1135.0,12.0
2021-01-05 09:51:26.771,0.9074,0.9091,30.0,0.9037,30.0,1135.0,12.0
2021-01-05 09:51:27.161,0.9074,0.9085,10.0,0.9037,30.0,1135.0,12.0
2021-01-05 09:51:27.770,0.9074,0.9085,30.0,0.9037,30.0,1135.0,12.0
2021-01-05 09:51:28.250,0.9074,0.9085,30.0,0.9037,30.0,1135.0,12.0
2021-01-05 09:51:29.770,0.9074,0.9085,30.0,0.9037,20.0,1135.0,12.0
2021-01-05 09:51:29.770,0.9074,0.9081,10.0,0.9031,20.0,1135.0,12.0
2021-01-05 09:51:32.271,0.9074,0.9081,10.0,0.9031,20.0,1135.0,12.0
2021-01-05 09:51:32.780,0.9074,0.9081,10.0,0.9031,20.0,1135.0,12.0
2021-01-05 09:51:39.281,0.9074,0.9072,10.0,0.9031,20.0,1135.0,12.0
2021-01-05 09:51:39.771,0.9074,0.9072,30.0,0.9031,20.0,1135.0,12.0
2021-01-05 09:51:41.690,0.9074,0.9072,30.0,0.9031,20.0,1135.0,12.0
2021-01-05 09:51:42.261,0.9074,0.907,10.0,0.9017,10.0,1135.0,12.0
2021-01-05 09:51:42.791,0.9074,0.907,10.0,0.9017,30.0,1135.0,12.0
2021-01-05 09:51:43.761,0.9074,0.907,10.0,0.9017,30.0,1135.0,12.0
2021-01-05 09:51:44.280,0.9074,0.907,10.0,0.9017,30.0,1135.0,12.0
2021-01-05 09:51:45.281,0.9074,0.907,10.0,0.9017,30.0,1135.0,12.0
2021-01-05 09:51:45.811,0.9074,0.9072,30.0,0.9017,20.0,1135.0,12.0
2021-01-05 09:51:46.311,0.9074,0.9072,30.0,0.9032,10.0,1135.0,12.0
2021-01-05 09:51:46.800,0.9074,0.9072,30.0,0.9032,30.0,1135.0,12.0
2021-01-05 09:51:47.331,0.9074,0.9072,30.0,0.9032,30.0,1135.0,12.0
2021-01-05 09:51:47.811,0.9074,0.9072,30.0,0.9032,30.0,1135.0,12.0
2021-01-05 09:51:48.260,0.9074,0.9072,30.0,0.9032,30.0,1135.0,12.0
2021-01-05 09:51:48.771,0.9074,0.9072,30.0,0.9032,30.0,1135.0,12.0
2021-01-05 09:51:49.221,0.9074,0.9072,30.0,0.9032,30.0,1135.0,12.0
2021-01-05 09:51:51.301,0.9074,0.9072,10.0,0.9032,30.0,1135.0,12.0
2021-01-05 09:51:51.830,0.9074,0.9092,20.0,0.9064,10.0,1135.0,12.0
2021-01-05 09:51:52.301,0.9074,0.9097,30.0,0.9062,20.0,1135.0,12.0
2021-01-05 09:51:53.161,0.9074,0.9097,30.0,0.9048,30.0,1135.0,12.0
2021-01-05 09:51:54.231,0.9074,0.9097,20.0,0.9048,30.0,1135.0,12.0
2021-01-05 09:51:54.711,0.9074,0.9097,20.0,0.9048,30.0,1135.0,12.0
2021-01-05 09:51:55.230,0.9074,0.9102,30.0,0.9048,30.0,1135.0,12.0
2021-01-05 09:51:56.740,0.9074,0.9102,30.0,0.9048,30.0,1135.0,12.0
2021-01-05 09:51:59.211,0.9074,0.9102,30.0,0.9048,30.0,1135.0,12.0
2021-01-05 09:52:00.250,0.9074,0.9102,30.0,0.9048,30.0,1135.0,12.0
2021-01-05 09:52:00.751,0.9074,0.9102,30.0,0.9048,30.0,1135.0,12.0
2021-01-05 09:52:00.811,0.9074,0.9092,10.0,0.9048,20.0,1135.0,12.0
2021-01-05 09:52:02.250,0.9074,0.9092,30.0,0.9038,10.0,1135.0,12.0
2021-01-05 09:52:03.360,0.9074,0.9092,30.0,0.9038,10.0,1135.0,12.0
2021-01-05 09:52:05.681,0.9074,0.9092,30.0,0.9038,10.0,1135.0,12.0
2021-01-05 09:52:08.180,0.9074,0.9091,10.0,0.9038,10.0,1135.0,12.0
2021-01-05 09:52:11.260,0.9074,0.9091,10.0,0.9038,10.0,1135.0,12.0
2021-01-05 09:52:11.761,0.9074,0.9091,10.0,0.9038,10.0,1135.0,12.0
2021-01-05 09:52:20.750,0.9074,0.9091,10.0,0.9038,10.0,1135.0,12.0
2021-01-05 09:52:21.140,0.9074,0.9074,10.0,0.9037,20.0,1135.0,12.0
2021-01-05 09:52:22.271,0.9074,0.9074,30.0,0.9028,30.0,1135.0,12.0
2021-01-05 09:52:23.241,0.9074,0.9074,30.0,0.9028,30.0,1135.0,12.0
2021-01-05 09:52:27.760,0.9074,0.9074,20.0,0.9028,30.0,1135.0,12.0
2021-01-05 09:52:28.250,0.9074,0.9079,20.0,0.9028,30.0,1135.0,12.0
2021-01-05 09:52:30.271,0.9074,0.9079,20.0,0.9028,30.0,1135.0,12.0
2021-01-05 09:52:34.301,0.9074,0.9074,10.0,0.9028,30.0,1135.0,12.0
2021-01-05 09:52:34.801,0.9074,0.9074,30.0,0.9028,30.0,1135.0,12.0
2021-01-05 09:52:36.301,0.9074,0.9074,30.0,0.9028,30.0,1135.0,12.0
2021-01-05 09:52:36.770,0.9074,0.9072,10.0,0.9028,20.0,1135.0,12.0
2021-01-05 09:52:37.300,0.9074,0.9072,10.0,0.9018,30.0,1135.0,12.0
2021-01-05 09:52:37.761,0.9074,0.9072,10.0,0.9018,30.0,1135.0,12.0
2021-01-05 09:52:38.170,0.9074,0.9072,10.0,0.9018,30.0,1135.0,12.0
2021-01-05 09:52:39.801,0.9074,0.9072,10.0,0.9018,30.0,1135.0,12.0
2021-01-05 09:52:40.291,0.9074,0.9072,10.0,0.9018,30.0,1135.0,12.0
2021-01-05 09:52:41.780,0.9074,0.9072,10.0,0.9018,30.0,1135.0,12.0
2021-01-05 09:52:42.291,0.9074,0.9056,10.0,0.9018,20.0,1135.0,12.0
2021-01-05 09:52:42.790,0.9074,0.9056,30.0,0.9007,10.0,1135.0,12.0
2021-01-05 09:52:43.290,0.9074,0.9056,30.0,0.9007,30.0,1135.0,12.0
2021-01-05 09:52:43.791,0.9074,0.9056,30.0,0.9007,30.0,1135.0,12.0
2021-01-05 09:52:45.311,0.9074,0.9056,20.0,0.9007,30.0,1135.0,12.0
2021-01-05 09:52:45.810,0.9074,0.9056,20.0,0.9007,30.0,1135.0,12.0
2021-01-05 09:52:46.291,0.9074,0.9056,20.0,0.9007,30.0,1135.0,12.0
2021-01-05 09:52:47.301,0.9074,0.9056,20.0,0.9007,30.0,1135.0,12.0
2021-01-05 09:52:47.810,0.9074,0.9056,20.0,0.9007,30.0,1135.0,12.0
2021-01-05 09:52:48.331,0.9074,0.9056,20.0,0.9007,20.0,1135.0,12.0
2021-01-05 09:52:48.800,0.9074,0.9048,10.0,0.8994,10.0,1135.0,12.0
2021-01-05 09:52:49.211,0.9074,0.9048,30.0,0.8994,30.0,1135.0,12.0
2021-01-05 09:52:50.801,0.9074,0.9043,10.0,0.8994,30.0,1135.0,12.0
2021-01-05 09:52:51.280,0.9074,0.9043,30.0,0.8994,30.0,1135.0,12.0
2021-01-05 09:52:51.820,0.9074,0.9043,30.0,0.8994,30.0,1135.0,12.0
2021-01-05 09:52:52.321,0.9074,0.9043,30.0,0.8994,30.0,1135.0,12.0
2021-01-05 09:52:53.231,0.9074,0.9064,10.0,0.9011,10.0,1135.0,12.0
2021-01-05 09:52:54.250,0.9074,0.9064,10.0,0.9011,30.0,1135.0,12.0
2021-01-05 09:52:54.751,0.9074,0.9065,10.0,0.9011,10.0,1135.0,12.0
2021-01-05 09:52:55.260,0.9074,0.9065,10.0,0.9011,30.0,1135.0,12.0
2021-01-05 09:52:55.760,0.9074,0.9065,10.0,0.9011,10.0,1135.0,12.0
2021-01-05 09:52:56.261,0.9074,0.9065,10.0,0.9011,30.0,1135.0,12.0
2021-01-05 09:52:57.260,0.9074,0.9065,10.0,0.9011,30.0,1135.0,12.0
2021-01-05 09:52:59.761,0.9074,0.9067,20.0,0.9021,10.0,1135.0,12.0
2021-01-05 09:53:00.261,0.9074,0.9075,30.0,0.9021,30.0,1135.0,12.0
2021-01-05 09:53:02.011,0.9074,0.9065,10.0,0.9021,20.0,1135.0,12.0
2021-01-05 09:53:02.760,0.9074,0.9065,30.0,0.9011,30.0,1135.0,12.0
2021-01-05 09:53:04.770,0.9074,0.9065,30.0,0.9011,30.0,1135.0,12.0
2021-01-05 09:53:05.281,0.9074,0.9065,30.0,0.9011,30.0,1135.0,12.0
2021-01-05 09:53:05.761,0.9074,0.9065,30.0,0.9011,30.0,1135.0,12.0
2021-01-05 09:53:06.220,0.9074,0.9065,30.0,0.9011,30.0,1135.0,12.0
2021-01-05 09:53:07.761,0.9074,0.9065,30.0,0.9011,30.0,1135.0,12.0
2021-01-05 09:53:08.281,0.9074,0.9054,10.0,0.9011,20.0,1135.0,12.0
2021-01-05 09:53:09.301,0.9074,0.9049,20.0,0.9,30.0,1135.0,12.0
2021-01-05 09:53:09.640,0.9074,0.9054,40.0,0.9,30.0,1135.0,12.0
2021-01-05 09:53:10.300,0.9074,0.9054,40.0,0.9,30.0,1135.0,12.0
2021-01-05 09:53:11.301,0.9074,0.9052,10.0,0.9,30.0,1135.0,12.0
2021-01-05 09:53:12.300,0.9074,0.9052,10.0,0.9,30.0,1135.0,12.0
2021-01-05 09:53:12.790,0.9074,0.9052,10.0,0.9,30.0,1135.0,12.0
2021-01-05 09:53:13.301,0.9074,0.9064,10.0,0.9011,10.0,1135.0,12.0
2021-01-05 09:53:13.801,0.9074,0.9064,10.0,0.9011,10.0,1135.0,12.0
2021-01-05 09:53:15.320,0.9074,0.907,20.0,0.9022,10.0,1135.0,12.0
2021-01-05 09:53:15.820,0.9074,0.9076,30.0,0.9022,30.0,1135.0,12.0
2021-01-05 09:53:16.321,0.9074,0.9076,30.0,0.9022,30.0,1135.0,12.0
2021-01-05 09:53:16.821,0.9074,0.9076,30.0,0.9022,30.0,1135.0,12.0
2021-01-05 09:53:17.291,0.9074,0.9076,30.0,0.9022,30.0,1135.0,12.0
2021-01-05 09:53:17.820,0.9074,0.9076,30.0,0.9022,30.0,1135.0,12.0
2021-01-05 09:53:18.300,0.9074,0.9066,10.0,0.9022,20.0,1135.0,12.0
2021-01-05 09:53:18.811,0.9074,0.9066,30.0,0.9015,20.0,1135.0,12.0
2021-01-05 09:53:19.291,0.9074,0.9057,10.0,0.9015,20.0,1135.0,12.0
2021-01-05 09:53:19.810,0.9074,0.9057,10.0,0.9015,20.0,1135.0,12.0
2021-01-05 09:53:20.311,0.9074,0.9057,10.0,0.9015,20.0,1135.0,12.0
2021-01-05 09:53:20.830,0.9074,0.9057,30.0,0.9015,20.0,1135.0,12.0
2021-01-05 09:53:21.281,0.9074,0.9057,30.0,0.9015,20.0,1135.0,12.0
2021-01-05 09:53:23.170,0.9074,0.9057,30.0,0.9015,20.0,1135.0,12.0
2021-01-05 09:53:24.140,0.9074,0.9057,30.0,0.9015,20.0,1135.0,12.0
2021-01-05 09:53:27.730,0.9074,0.9057,30.0,0.9015,20.0,1135.0,12.0
2021-01-05 09:53:28.230,0.9074,0.9057,10.0,0.9015,20.0,1135.0,12.0
2021-01-05 09:53:28.750,0.9074,0.9071,20.0,0.9022,10.0,1135.0,12.0
2021-01-05 09:53:29.711,0.9074,0.9071,20.0,0.9022,30.0,1135.0,12.0
2021-01-05 09:53:30.731,0.9074,0.9071,20.0,0.9022,30.0,1135.0,12.0
2021-01-05 09:53:32.660,0.9074,0.906,10.0,0.9022,30.0,1135.0,12.0
2021-01-05 09:53:33.640,0.9074,0.906,30.0,0.9022,30.0,1135.0,12.0
2021-01-05 09:53:36.761,0.9074,0.906,30.0,0.9022,20.0,1135.0,12.0
2021-01-05 09:53:38.100,0.9074,0.906,30.0,0.9015,20.0,1135.0,12.0
2021-01-05 09:53:39.770,0.9074,0.906,20.0,0.9015,20.0,1135.0,12.0
2021-01-05 09:53:40.771,0.9074,0.9065,30.0,0.9015,20.0,1135.0,12.0
2021-01-05 09:53:42.751,0.9074,0.9065,30.0,0.9015,20.0,1135.0,12.0
2021-01-05 09:53:45.800,0.9074,0.9065,30.0,0.9015,20.0,1135.0,12.0
2021-01-05 09:53:46.261,0.9074,0.9065,20.0,0.9021,10.0,1135.0,12.0
2021-01-05 09:53:46.791,0.9074,0.9065,20.0,0.9021,30.0,1135.0,12.0
2021-01-05 09:53:47.020,0.9074,0.9071,20.0,0.9021,30.0,1135.0,12.0
2021-01-05 09:53:48.801,0.9074,0.9071,20.0,0.9021,30.0,1135.0,12.0
2021-01-05 09:53:49.281,0.9074,0.9071,20.0,0.9021,30.0,1135.0,12.0
2021-01-05 09:53:50.820,0.9074,0.9071,20.0,0.9021,20.0,1135.0,12.0
2021-01-05 09:53:51.310,0.9074,0.9085,10.0,0.9031,10.0,1135.0,12.0
2021-01-05 09:53:51.811,0.9074,0.9085,30.0,0.9031,30.0,1135.0,12.0
2021-01-05 09:53:52.311,0.9074,0.9085,30.0,0.9031,30.0,1135.0,12.0
2021-01-05 09:53:53.171,0.9074,0.9085,30.0,0.9031,30.0,1135.0,12.0
2021-01-05 09:53:54.230,0.9074,0.9085,30.0,0.9031,30.0,1135.0,12.0
2021-01-05 09:53:55.730,0.9074,0.9085,30.0,0.9031,30.0,1135.0,12.0
2021-01-05 09:53:56.220,0.9074,0.9085,30.0,0.9031,30.0,1135.0,12.0
2021-01-05 09:53:58.270,0.9074,0.9085,30.0,0.9031,30.0,1135.0,12.0
2021-01-05 09:54:01.161,0.9074,0.9079,10.0,0.9031,30.0,1135.0,12.0
2021-01-05 09:54:02.020,0.9074,0.9079,30.0,0.9031,30.0,1135.0,12.0
2021-01-05 09:54:05.270,0.9074,0.9074,10.0,0.9031,20.0,1135.0,12.0
2021-01-05 09:54:06.260,0.9074,0.9074,30.0,0.9021,20.0,1135.0,12.0
2021-01-05 09:54:07.750,0.9074,0.9071,10.0,0.9021,20.0,1135.0,12.0
2021-01-05 09:54:08.231,0.9074,0.9071,10.0,0.9021,20.0,1135.0,12.0
2021-01-05 09:54:09.691,0.9074,0.9062,10.0,0.9021,20.0,1135.0,12.0
2021-01-05 09:54:10.240,0.9074,0.9062,30.0,0.9008,30.0,1135.0,12.0
2021-01-05 09:54:11.231,0.9074,0.9062,30.0,0.9008,30.0,1135.0,12.0
2021-01-05 09:54:12.250,0.9074,0.9062,30.0,0.9008,30.0,1135.0,12.0
2021-01-05 09:54:12.751,0.9074,0.9062,20.0,0.902,10.0,1135.0,12.0
2021-01-05 09:54:13.761,0.9074,0.9071,10.0,0.902,30.0,1135.0,12.0
2021-01-05 09:54:14.100,0.9074,0.9071,10.0,0.902,30.0,1135.0,12.0
2021-01-05 09:54:14.701,0.9074,0.9071,10.0,0.902,30.0,1135.0,12.0
2021-01-05 09:54:17.191,0.9074,0.9071,10.0,0.902,30.0,1135.0,12.0
2021-01-05 09:54:17.700,0.9074,0.9074,30.0,0.902,30.0,1135.0,12.0
2021-01-05 09:54:19.680,0.9074,0.9074,30.0,0.902,30.0,1135.0,12.0
2021-01-05 09:54:21.261,0.9074,0.9074,30.0,0.902,30.0,1135.0,12.0
2021-01-05 09:54:21.761,0.9074,0.9069,10.0,0.902,30.0,1135.0,12.0
2021-01-05 09:54:22.681,0.9074,0.9069,30.0,0.902,30.0,1135.0,12.0
2021-01-05 09:54:24.251,0.9074,0.9069,30.0,0.902,30.0,1135.0,12.0
2021-01-05 09:54:29.230,0.9074,0.9069,20.0,0.902,30.0,1135.0,12.0
2021-01-05 09:54:30.680,0.9074,0.9074,30.0,0.902,30.0,1135.0,12.0
2021-01-05 09:54:31.170,0.9074,0.9074,30.0,0.902,30.0,1135.0,12.0
2021-01-05 09:54:32.240,0.9074,0.9074,20.0,0.903,10.0,1135.0,12.0
2021-01-05 09:54:33.270,0.9074,0.9081,30.0,0.903,30.0,1135.0,12.0
2021-01-05 09:54:33.520,0.9074,0.9081,30.0,0.903,30.0,1135.0,12.0
2021-01-05 09:54:34.640,0.9074,0.9081,30.0,0.903,30.0,1135.0,12.0
2021-01-05 09:54:37.251,0.9074,0.9081,30.0,0.903,30.0,1135.0,12.0
2021-01-05 09:54:40.030,0.9074,0.9081,30.0,0.903,30.0,1135.0,12.0
2021-01-05 09:54:41.711,0.9074,0.9081,30.0,0.903,30.0,1135.0,12.0
2021-01-05 09:54:48.220,0.9074,0.9081,30.0,0.903,30.0,1135.0,12.0
2021-01-05 09:54:54.171,0.9074,0.9081,30.0,0.903,30.0,1135.0,12.0
2021-01-05 09:54:58.261,0.9074,0.9081,30.0,0.904,10.0,1135.0,12.0
2021-01-05 09:54:59.201,0.9074,0.9081,30.0,0.904,30.0,1135.0,12.0
2021-01-05 09:55:00.240,0.9074,0.9094,30.0,0.904,30.0,1135.0,12.0
2021-01-05 09:55:01.191,0.9074,0.9094,30.0,0.904,30.0,1135.0,12.0
2021-01-05 09:55:01.760,0.9074,0.9094,20.0,0.905,10.0,1135.0,12.0
2021-01-05 09:55:02.720,0.9074,0.9103,30.0,0.905,30.0,1135.0,12.0
2021-01-05 09:55:03.281,0.9074,0.9103,30.0,0.905,30.0,1135.0,12.0
2021-01-05 09:55:03.721,0.9074,0.9103,30.0,0.905,30.0,1135.0,12.0
2021-01-05 09:55:04.720,0.9074,0.9103,30.0,0.905,30.0,1135.0,12.0
2021-01-05 09:55:05.271,0.9074,0.9102,10.0,0.905,30.0,1135.0,12.0
2021-01-05 09:55:07.281,0.9074,0.9102,10.0,0.905,30.0,1135.0,12.0
2021-01-05 09:55:08.220,0.9074,0.9102,10.0,0.905,30.0,1135.0,12.0
2021-01-05 09:55:09.281,0.9074,0.9102,10.0,0.905,30.0,1135.0,12.0
2021-01-05 09:55:10.760,0.9074,0.9102,10.0,0.905,30.0,1135.0,12.0
2021-01-05 09:55:11.721,0.9074,0.9102,10.0,0.905,30.0,1135.0,12.0
2021-01-05 09:55:12.061,0.9074,0.9102,10.0,0.905,30.0,1135.0,12.0
2021-01-05 09:55:12.641,0.9074,0.9102,10.0,0.9061,10.0,1135.0,12.0
2021-01-05 09:55:13.221,0.9074,0.9102,10.0,0.9061,10.0,1135.0,12.0
2021-01-05 09:55:13.561,0.9074,0.9103,20.0,0.9061,30.0,1135.0,12.0
2021-01-05 09:55:14.260,0.9074,0.9103,20.0,0.9061,30.0,1135.0,12.0
2021-01-05 09:55:14.750,0.9074,0.9115,30.0,0.9061,30.0,1135.0,12.0
2021-01-05 09:55:15.161,0.9074,0.9115,30.0,0.9061,30.0,1135.0,12.0
2021-01-05 09:55:16.281,0.9074,0.9115,20.0,0.9072,10.0,1135.0,12.0
2021-01-05 09:55:16.750,0.9074,0.9125,30.0,0.9072,30.0,1135.0,12.0
2021-01-05 09:55:19.290,0.9074,0.9125,30.0,0.9072,30.0,1135.0,12.0
2021-01-05 09:55:19.791,0.9074,0.9125,30.0,0.9072,30.0,1135.0,12.0
2021-01-05 09:55:21.270,0.9074,0.9113,10.0,0.9072,30.0,1135.0,12.0
2021-01-05 09:55:21.770,0.9074,0.9113,30.0,0.9072,20.0,1135.0,12.0
2021-01-05 09:55:22.281,0.9074,0.9113,30.0,0.9061,10.0,1135.0,12.0
2021-01-05 09:55:22.750,0.9074,0.9113,30.0,0.9061,30.0,1135.0,12.0
2021-01-05 09:55:23.261,0.9074,0.9104,10.0,0.9061,20.0,1135.0,12.0
2021-01-05 09:55:23.750,0.9074,0.9104,30.0,0.9053,20.0,1135.0,12.0
2021-01-05 09:55:28.751,0.9074,0.9104,30.0,0.9053,20.0,1135.0,12.0
2021-01-05 09:55:29.721,0.9074,0.9104,30.0,0.9053,20.0,1135.0,12.0
2021-01-05 09:55:31.750,0.9074,0.9091,10.0,0.9053,20.0,1135.0,12.0
2021-01-05 09:55:32.261,0.9074,0.9091,30.0,0.9053,20.0,1135.0,12.0
2021-01-05 09:55:32.791,0.9074,0.9091,30.0,0.9039,30.0,1135.0,12.0
2021-01-05 09:55:33.260,0.9074,0.9091,30.0,0.9039,30.0,1135.0,12.0
2021-01-05 09:55:33.540,0.9074,0.9091,30.0,0.9039,30.0,1135.0,12.0
2021-01-05 09:55:34.710,0.9074,0.9091,30.0,0.9039,30.0,1135.0,12.0
2021-01-05 09:55:35.721,0.9074,0.9091,20.0,0.9039,30.0,1135.0,12.0
2021-01-05 09:55:39.250,0.9074,0.9091,20.0,0.9039,30.0,1135.0,12.0
2021-01-05 09:55:39.761,0.9074,0.9091,20.0,0.9039,30.0,1135.0,12.0
2021-01-05 09:55:41.261,0.9074,0.9091,20.0,0.9039,30.0,1135.0,12.0
2021-01-05 09:55:41.791,0.9074,0.9091,20.0,0.9039,30.0,1135.0,12.0
2021-01-05 09:55:46.790,0.9074,0.9088,10.0,0.9039,30.0,1135.0,12.0
2021-01-05 09:55:48.311,0.9074,0.9088,10.0,0.9039,30.0,1135.0,12.0
2021-01-05 09:55:48.780,0.9074,0.9088,10.0,0.9039,30.0,1135.0,12.0
2021-01-05 09:56:02.770,0.9074,0.9088,10.0,0.9039,30.0,1135.0,12.0
2021-01-05 09:56:03.790,0.9074,0.9088,10.0,0.9039,20.0,1135.0,12.0
2021-01-05 09:56:04.310,0.9074,0.9091,20.0,0.9049,10.0,1135.0,12.0
2021-01-05 09:56:04.741,0.9074,0.9103,10.0,0.9049,30.0,1135.0,12.0
2021-01-05 09:56:06.310,0.9074,0.9103,10.0,0.9049,30.0,1135.0,12.0
2021-01-05 09:56:06.771,0.9074,0.9103,10.0,0.9049,30.0,1135.0,12.0
2021-01-05 09:56:09.240,0.9074,0.9104,20.0,0.9049,20.0,1135.0,12.0
2021-01-05 09:56:09.240,0.9074,0.9104,20.0,0.906,10.0,1135.0,12.0
2021-01-05 09:56:10.321,0.9074,0.9104,20.0,0.906,30.0,1135.0,12.0
2021-01-05 09:56:10.800,0.9074,0.9104,20.0,0.906,20.0,1135.0,12.0
2021-01-05 09:56:11.030,0.9074,0.9103,10.0,0.9049,10.0,1135.0,12.0
2021-01-05 09:56:11.820,0.9074,0.9103,10.0,0.9049,30.0,1135.0,12.0
2021-01-05 09:56:12.081,0.9074,0.9104,20.0,0.9049,20.0,1135.0,12.0
2021-01-05 09:56:12.800,0.9074,0.9091,10.0,0.9037,30.0,1135.0,12.0
2021-01-05 09:56:13.311,0.9074,0.9091,30.0,0.9037,30.0,1135.0,12.0
2021-01-05 09:56:13.791,0.9074,0.9091,20.0,0.9043,10.0,1135.0,12.0
2021-01-05 09:56:14.350,0.9074,0.9103,10.0,0.9049,10.0,1135.0,12.0
2021-01-05 09:56:14.701,0.9074,0.9103,30.0,0.9049,30.0,1135.0,12.0
2021-01-05 09:56:15.251,0.9074,0.91,10.0,0.9049,30.0,1135.0,12.0
2021-01-05 09:56:15.820,0.9074,0.91,10.0,0.9049,30.0,1135.0,12.0
2021-01-05 09:56:16.290,0.9074,0.91,10.0,0.9049,30.0,1135.0,12.0
2021-01-05 09:56:16.780,0.9074,0.91,10.0,0.9049,30.0,1135.0,12.0
2021-01-05 09:56:28.750,0.9074,0.9103,30.0,0.9049,30.0,1135.0,12.0
2021-01-05 09:56:30.070,0.9074,0.9103,30.0,0.9049,30.0,1135.0,12.0
2021-01-05 09:56:31.280,0.9074,0.9103,30.0,0.9049,30.0,1135.0,12.0
2021-01-05 09:56:31.751,0.9074,0.9103,30.0,0.9049,30.0,1135.0,12.0
2021-01-05 09:56:34.281,0.9074,0.9103,40.0,0.9049,30.0,1135.0,12.0
2021-01-05 09:56:36.281,0.9074,0.9103,40.0,0.9049,30.0,1135.0,12.0
2021-01-05 09:56:38.290,0.9074,0.9103,40.0,0.9049,30.0,1135.0,12.0
2021-01-05 09:56:38.771,0.9074,0.9103,40.0,0.9049,30.0,1135.0,12.0
2021-01-05 09:56:39.291,0.9074,0.9103,20.0,0.9049,20.0,1135.0,12.0
2021-01-05 09:56:39.800,0.9074,0.9081,10.0,0.9049,20.0,1135.0,12.0
2021-01-05 09:56:40.321,0.9074,0.9081,30.0,0.9037,30.0,1135.0,12.0
2021-01-05 09:56:41.270,0.9074,0.9086,20.0,0.9037,30.0,1135.0,12.0
2021-01-05 09:56:41.810,0.9074,0.9086,20.0,0.9037,30.0,1135.0,12.0
2021-01-05 09:56:42.300,0.9074,0.9091,30.0,0.9037,30.0,1135.0,12.0
2021-01-05 09:56:42.770,0.9074,0.9091,30.0,0.9037,30.0,1135.0,12.0
2021-01-05 09:56:43.291,0.9074,0.9091,30.0,0.9037,30.0,1135.0,12.0
2021-01-05 09:56:44.301,0.9074,0.9091,30.0,0.9037,30.0,1135.0,12.0
2021-01-05 09:56:45.300,0.9074,0.9091,30.0,0.9037,30.0,1135.0,12.0
2021-01-05 09:56:45.810,0.9074,0.9091,30.0,0.9037,30.0,1135.0,12.0
2021-01-05 09:56:46.330,0.9074,0.9091,30.0,0.9037,30.0,1135.0,12.0
2021-01-05 09:56:47.821,0.9074,0.9091,20.0,0.9037,20.0,1135.0,12.0
2021-01-05 09:56:48.351,0.9074,0.9081,10.0,0.9027,10.0,1135.0,12.0
2021-01-05 09:56:48.820,0.9074,0.9081,30.0,0.9027,30.0,1135.0,12.0
2021-01-05 09:56:52.760,0.9074,0.9081,30.0,0.9027,30.0,1135.0,12.0
2021-01-05 09:56:57.280,0.9074,0.9081,20.0,0.9027,20.0,1135.0,12.0
2021-01-05 09:56:57.780,0.9074,0.9071,10.0,0.9017,10.0,1135.0,12.0
2021-01-05 09:56:58.291,0.9074,0.9071,30.0,0.9017,10.0,1135.0,12.0
2021-01-05 09:56:58.790,0.9074,0.9071,30.0,0.9017,10.0,1135.0,12.0
2021-01-05 09:56:59.290,0.9074,0.9071,30.0,0.9018,20.0,1135.0,12.0
2021-01-05 09:57:00.250,0.9074,0.9071,30.0,0.9018,20.0,1135.0,12.0
2021-01-05 09:57:00.771,0.9074,0.9071,30.0,0.9018,20.0,1135.0,12.0
2021-01-05 09:57:01.290,0.9074,0.9071,30.0,0.9018,20.0,1135.0,12.0
2021-01-05 09:57:02.300,0.9074,0.9071,30.0,0.9018,20.0,1135.0,12.0
2021-01-05 09:57:03.820,0.9074,0.9071,30.0,0.9018,20.0,1135.0,12.0
2021-01-05 09:57:04.300,0.9074,0.906,10.0,0.9018,20.0,1135.0,12.0
2021-01-05 09:57:04.821,0.9074,0.906,40.0,0.9006,10.0,1135.0,12.0
2021-01-05 09:57:05.341,0.9074,0.906,40.0,0.9006,10.0,1135.0,12.0
2021-01-05 09:57:05.820,0.9074,0.906,40.0,0.9006,10.0,1135.0,12.0
2021-01-05 09:57:06.321,0.9074,0.906,40.0,0.9006,10.0,1135.0,12.0
2021-01-05 09:57:06.811,0.9074,0.906,20.0,0.9004,20.0,1135.0,12.0
2021-01-05 09:57:07.351,0.9074,0.9073,10.0,0.9019,10.0,1135.0,12.0
2021-01-05 09:57:07.841,0.9074,0.9073,30.0,0.9019,30.0,1135.0,12.0
2021-01-05 09:57:08.031,0.9074,0.9073,30.0,0.9019,30.0,1135.0,12.0
2021-01-05 09:57:09.800,0.9074,0.9073,30.0,0.9019,30.0,1135.0,12.0
2021-01-05 09:57:12.330,0.9074,0.9073,30.0,0.9019,30.0,1135.0,12.0
2021-01-05 09:57:12.791,0.9074,0.9073,30.0,0.9019,30.0,1135.0,12.0
2021-01-05 09:57:13.360,0.9074,0.9073,30.0,0.9019,30.0,1135.0,12.0
2021-01-05 09:57:16.301,0.9074,0.9073,20.0,0.9019,20.0,1135.0,12.0
2021-01-05 09:57:16.820,0.9074,0.9083,40.0,0.9029,10.0,1135.0,12.0
2021-01-05 09:57:17.311,0.9074,0.9075,10.0,0.9029,30.0,1135.0,12.0
2021-01-05 09:57:17.811,0.9074,0.9075,30.0,0.9029,30.0,1135.0,12.0
2021-01-05 09:57:18.310,0.9074,0.9075,30.0,0.9029,30.0,1135.0,12.0
2021-01-05 09:57:18.800,0.9074,0.9075,30.0,0.9029,30.0,1135.0,12.0
2021-01-05 09:57:24.760,0.9074,0.9075,30.0,0.9029,20.0,1135.0,12.0
2021-01-05 09:57:25.211,0.9074,0.9073,10.0,0.902,10.0,1135.0,12.0
2021-01-05 09:57:25.791,0.9074,0.9062,10.0,0.902,30.0,1135.0,12.0
2021-01-05 09:57:26.291,0.9074,0.9062,10.0,0.902,30.0,1135.0,12.0
2021-01-05 09:57:26.800,0.9074,0.9062,30.0,0.902,30.0,1135.0,12.0
2021-01-05 09:57:28.750,0.9074,0.9062,30.0,0.902,30.0,1135.0,12.0
2021-01-05 09:57:32.290,0.9074,0.9062,20.0,0.902,30.0,1135.0,12.0
2021-01-05 09:57:32.801,0.9074,0.9073,10.0,0.902,30.0,1135.0,12.0
2021-01-05 09:57:35.821,0.9074,0.9073,10.0,0.902,30.0,1135.0,12.0
2021-01-05 09:57:36.780,0.9074,0.9073,10.0,0.902,30.0,1135.0,12.0
2021-01-05 09:57:37.320,0.9074,0.9073,10.0,0.902,30.0,1135.0,12.0
2021-01-05 09:57:41.331,0.9074,0.9061,10.0,0.902,30.0,1135.0,12.0
2021-01-05 09:57:41.800,0.9074,0.9061,10.0,0.902,30.0,1135.0,12.0
2021-01-05 09:57:42.291,0.9074,0.9061,30.0,0.902,30.0,1135.0,12.0
2021-01-05 09:57:45.200,0.9074,0.9061,30.0,0.902,30.0,1135.0,12.0
2021-01-05 09:57:46.301,0.9074,0.9061,20.0,0.902,30.0,1135.0,12.0
2021-01-05 09:57:46.831,0.9074,0.9073,10.0,0.902,30.0,1135.0,12.0
2021-01-05 09:57:47.280,0.9074,0.9073,10.0,0.902,30.0,1135.0,12.0
2021-01-05 09:57:47.820,0.9074,0.9073,10.0,0.902,30.0,1135.0,12.0
2021-01-05 09:57:48.341,0.9074,0.9061,10.0,0.902,20.0,1135.0,12.0
2021-01-05 09:57:48.840,0.9074,0.9054,10.0,0.9012,20.0,1135.0,12.0
2021-01-05 09:57:49.361,0.9074,0.9054,10.0,0.9012,20.0,1135.0,12.0
2021-01-05 09:57:49.860,0.9074,0.9054,30.0,0.9012,20.0,1135.0,12.0
2021-01-05 09:57:50.350,0.9074,0.9054,30.0,0.9012,20.0,1135.0,12.0
2021-01-05 09:57:50.821,0.9074,0.9054,30.0,0.9012,20.0,1135.0,12.0
2021-01-05 09:57:51.311,0.9074,0.9054,30.0,0.9012,20.0,1135.0,12.0
2021-01-05 09:57:51.760,0.9074,0.9051,10.0,0.8997,10.0,1135.0,12.0
2021-01-05 09:57:52.310,0.9074,0.9051,10.0,0.8997,30.0,1135.0,12.0
2021-01-05 09:57:53.781,0.9074,0.9051,10.0,0.8997,30.0,1135.0,12.0
2021-01-05 09:57:54.060,0.9074,0.9039,10.0,0.8997,30.0,1135.0,12.0
2021-01-05 09:57:54.761,0.9074,0.9039,30.0,0.8997,30.0,1135.0,12.0
2021-01-05 09:57:55.270,0.9074,0.9039,30.0,0.8997,30.0,1135.0,12.0
2021-01-05 09:57:55.741,0.9074,0.9039,30.0,0.8997,30.0,1135.0,12.0
2021-01-05 09:58:01.781,0.9074,0.9039,30.0,0.8997,30.0,1135.0,12.0
2021-01-05 09:58:03.790,0.9074,0.9039,30.0,0.8997,30.0,1135.0,12.0
2021-01-05 09:58:04.751,0.9074,0.9039,20.0,0.8997,30.0,1135.0,12.0
2021-01-05 09:58:05.210,0.9074,0.9051,10.0,0.8997,30.0,1135.0,12.0
2021-01-05 09:58:06.810,0.9074,0.9051,10.0,0.8997,30.0,1135.0,12.0
2021-01-05 09:58:08.791,0.9074,0.9051,10.0,0.8997,30.0,1135.0,12.0
2021-01-05 09:58:13.301,0.9074,0.9051,10.0,0.8997,30.0,1135.0,12.0
2021-01-05 09:58:13.801,0.9074,0.9047,10.0,0.8997,30.0,1135.0,12.0
2021-01-05 09:58:14.281,0.9074,0.9047,30.0,0.8997,30.0,1135.0,12.0
2021-01-05 09:58:15.321,0.9074,0.9047,30.0,0.8997,30.0,1135.0,12.0
2021-01-05 09:58:15.810,0.9074,0.9047,30.0,0.8997,40.0,1135.0,12.0
2021-01-05 09:58:16.310,0.9074,0.9047,30.0,0.9008,10.0,1135.0,12.0
2021-01-05 09:58:16.840,0.9074,0.9047,30.0,0.9008,30.0,1135.0,12.0
2021-01-05 09:58:17.330,0.9074,0.9047,10.0,0.9008,30.0,1135.0,12.0
