,last,ask1,asize1,bid1,bsize1,oi,volume
2021-01-05 09:15:11.600,0.0388,0.0388,1.0,0.0388,1.0,17009.0,
2021-01-05 09:19:29.471,0.0385,0.0385,1.0,0.0385,1.0,17009.0,
2021-01-05 09:21:35.321,0.0389,0.0389,1.0,0.0389,1.0,17009.0,
2021-01-05 09:23:23.150,0.0389,0.0389,2.0,0.0389,2.0,17009.0,
2021-01-05 09:24:33.711,0.0389,0.0389,11.0,0.0389,11.0,17009.0,
2021-01-05 09:24:57.181,0.0389,0.0389,14.0,0.0389,14.0,17009.0,
2021-01-05 09:24:58.680,0.0389,0.0389,14.0,0.0389,14.0,17009.0,
2021-01-05 09:24:59.681,0.0393,0.0393,17.0,0.0393,17.0,17009.0,
2021-01-05 09:25:00.080,0.0393,0.0393,7.0,0.0389,15.0,17004.0,17.0
2021-01-05 09:30:00.451,0.0403,0.041,1.0,0.0405,2.0,17003.0,31.0
2021-01-05 09:30:00.991,0.0396,0.04,26.0,0.0394,14.0,17001.0,33.0
2021-01-05 09:30:01.481,0.0394,0.04,26.0,0.0394,6.0,17001.0,43.0
2021-01-05 09:30:02.440,0.04,0.04,7.0,0.0394,6.0,16982.0,63.0
2021-01-05 09:30:04.430,0.04,0.041,1.0,0.0394,6.0,16975.0,70.0
2021-01-05 09:30:05.010,0.04,0.041,1.0,0.04,7.0,16975.0,70.0
2021-01-05 09:30:05.481,0.04,0.041,1.0,0.04,7.0,16975.0,70.0
2021-01-05 09:30:06.971,0.041,0.042,5.0,0.0407,20.0,16975.0,71.0
2021-01-05 09:30:07.471,0.041,0.042,5.0,0.0408,20.0,16975.0,71.0
2021-01-05 09:30:08.001,0.041,0.042,5.0,0.0409,20.0,16975.0,71.0
2021-01-05 09:30:08.520,0.041,0.042,5.0,0.0408,20.0,16975.0,71.0
2021-01-05 09:30:08.960,0.041,0.042,5.0,0.0407,20.0,16975.0,71.0
2021-01-05 09:30:09.490,0.041,0.042,5.0,0.0408,20.0,16975.0,71.0
2021-01-05 09:30:09.970,0.041,0.042,5.0,0.0408,20.0,16975.0,71.0
2021-01-05 09:30:11.000,0.041,0.0418,1.0,0.0409,20.0,16975.0,71.0
2021-01-05 09:30:11.521,0.0418,0.042,5.0,0.041,20.0,16975.0,72.0
2021-01-05 09:30:13.000,0.0418,0.042,5.0,0.0407,20.0,16975.0,72.0
2021-01-05 09:30:13.501,0.0418,0.042,5.0,0.0406,20.0,16975.0,72.0
2021-01-05 09:30:15.040,0.0418,0.042,5.0,0.0406,20.0,16975.0,72.0
2021-01-05 09:30:15.520,0.0418,0.042,5.0,0.0405,20.0,16975.0,72.0
2021-01-05 09:30:16.531,0.0418,0.042,5.0,0.0403,20.0,16975.0,72.0
2021-01-05 09:30:17.021,0.0418,0.042,5.0,0.0394,6.0,16975.0,72.0
2021-01-05 09:30:17.641,0.0418,0.042,5.0,0.0402,20.0,16975.0,72.0
2021-01-05 09:30:18.231,0.0418,0.042,5.0,0.0402,20.0,16975.0,72.0
2021-01-05 09:30:19.251,0.0418,0.042,5.0,0.0398,20.0,16975.0,72.0
2021-01-05 09:30:19.741,0.0418,0.042,5.0,0.0397,20.0,16975.0,72.0
2021-01-05 09:30:20.240,0.0418,0.042,5.0,0.0398,20.0,16975.0,72.0
2021-01-05 09:30:20.740,0.0418,0.042,5.0,0.0399,20.0,16975.0,72.0
2021-01-05 09:30:21.241,0.0418,0.042,5.0,0.04,20.0,16975.0,72.0
2021-01-05 09:30:21.741,0.0418,0.042,5.0,0.0398,20.0,16975.0,72.0
2021-01-05 09:30:22.240,0.0418,0.042,5.0,0.0401,20.0,16975.0,72.0
2021-01-05 09:30:22.671,0.0418,0.042,5.0,0.04,20.0,16975.0,72.0
2021-01-05 09:30:23.170,0.042,0.0425,1.0,0.04,20.0,16970.0,77.0
2021-01-05 09:30:23.670,0.0427,0.0427,10.0,0.0402,20.0,16970.0,88.0
2021-01-05 09:30:24.140,0.0428,0.0428,10.0,0.0403,20.0,16970.0,98.0
2021-01-05 09:30:24.661,0.0429,0.0429,20.0,0.0403,20.0,16960.0,108.0
2021-01-05 09:30:25.160,0.0429,0.043,25.0,0.0404,20.0,16960.0,108.0
2021-01-05 09:30:25.671,0.0429,0.043,25.0,0.0405,20.0,16960.0,108.0
2021-01-05 09:30:26.670,0.0429,0.043,25.0,0.0404,20.0,16960.0,108.0
2021-01-05 09:30:27.671,0.0429,0.043,25.0,0.0403,20.0,16960.0,108.0
2021-01-05 09:30:28.670,0.0429,0.043,25.0,0.0404,20.0,16960.0,108.0
2021-01-05 09:30:29.661,0.0429,0.043,25.0,0.0403,20.0,16960.0,108.0
2021-01-05 09:30:30.171,0.043,0.043,20.0,0.0403,20.0,16955.0,113.0
2021-01-05 09:30:30.620,0.043,0.0437,20.0,0.0402,20.0,16955.0,113.0
2021-01-05 09:30:31.121,0.043,0.0437,20.0,0.0425,5.0,16955.0,113.0
2021-01-05 09:30:31.661,0.0425,0.0425,10.0,0.0422,10.0,16960.0,118.0
2021-01-05 09:30:32.061,0.0422,0.0425,30.0,0.0412,20.0,16970.0,128.0
2021-01-05 09:30:32.551,0.0422,0.0425,40.0,0.0409,10.0,16970.0,128.0
2021-01-05 09:30:33.671,0.0422,0.0425,40.0,0.0409,30.0,16970.0,128.0
2021-01-05 09:30:35.680,0.0422,0.0425,40.0,0.0409,30.0,16970.0,128.0
2021-01-05 09:30:36.170,0.0422,0.0425,35.0,0.0409,30.0,16970.0,128.0
2021-01-05 09:30:36.741,0.0409,0.0425,20.0,0.0409,20.0,16970.0,129.0
2021-01-05 09:30:37.670,0.0409,0.0422,2.0,0.0408,10.0,16970.0,129.0
2021-01-05 09:30:38.141,0.0409,0.0422,22.0,0.0408,30.0,16970.0,129.0
2021-01-05 09:30:42.181,0.0409,0.0422,22.0,0.0408,30.0,16970.0,129.0
2021-01-05 09:30:43.180,0.0422,0.0422,12.0,0.0408,10.0,16970.0,139.0
2021-01-05 09:30:43.681,0.0422,0.0424,30.0,0.0422,4.0,16970.0,139.0
2021-01-05 09:30:44.181,0.0422,0.0422,12.0,0.0408,10.0,16970.0,143.0
2021-01-05 09:30:44.650,0.0422,0.0422,50.0,0.0406,10.0,16970.0,143.0
2021-01-05 09:30:45.161,0.0422,0.0422,50.0,0.0406,10.0,16970.0,143.0
2021-01-05 09:30:46.200,0.0422,0.0422,50.0,0.0406,10.0,16970.0,143.0
2021-01-05 09:30:47.691,0.0422,0.0422,48.0,0.0406,10.0,16972.0,145.0
2021-01-05 09:30:48.711,0.0422,0.0422,48.0,0.0406,10.0,16972.0,145.0
2021-01-05 09:30:49.210,0.0422,0.0422,44.0,0.0406,10.0,16972.0,145.0
2021-01-05 09:30:49.700,0.0422,0.0422,40.0,0.0406,10.0,16972.0,145.0
2021-01-05 09:30:50.171,0.0422,0.0422,36.0,0.0406,10.0,16972.0,145.0
2021-01-05 09:30:50.720,0.0422,0.0422,32.0,0.0406,10.0,16972.0,145.0
2021-01-05 09:30:51.181,0.0422,0.0422,32.0,0.0406,10.0,16972.0,145.0
2021-01-05 09:30:53.660,0.0422,0.0422,32.0,0.0406,10.0,16972.0,145.0
2021-01-05 09:30:54.130,0.0422,0.0422,32.0,0.0406,10.0,16972.0,145.0
2021-01-05 09:30:54.670,0.0406,0.0422,22.0,0.0402,12.0,16982.0,155.0
2021-01-05 09:30:55.081,0.0406,0.042,20.0,0.0402,12.0,16982.0,155.0
2021-01-05 09:30:55.081,0.0406,0.0419,20.0,0.0402,12.0,16982.0,155.0
2021-01-05 09:30:58.140,0.0406,0.042,20.0,0.0402,12.0,16982.0,155.0
2021-01-05 09:30:59.171,0.0406,0.0421,20.0,0.0402,12.0,16982.0,155.0
2021-01-05 09:31:00.161,0.0406,0.0421,20.0,0.0402,12.0,16982.0,155.0
2021-01-05 09:31:00.681,0.0406,0.0421,20.0,0.0403,1.0,16982.0,155.0
2021-01-05 09:31:01.140,0.0406,0.0422,21.0,0.0403,1.0,16982.0,155.0
2021-01-05 09:31:01.680,0.0406,0.0422,21.0,0.0407,10.0,16982.0,155.0
2021-01-05 09:31:03.680,0.0406,0.0422,21.0,0.0408,1.0,16982.0,155.0
2021-01-05 09:31:04.181,0.0406,0.0422,21.0,0.0408,1.0,16982.0,155.0
2021-01-05 09:31:04.671,0.0406,0.0422,21.0,0.0408,1.0,16982.0,155.0
2021-01-05 09:31:05.670,0.0406,0.0422,21.0,0.0408,1.0,16982.0,155.0
2021-01-05 09:31:06.681,0.0406,0.0422,31.0,0.0408,1.0,16982.0,155.0
2021-01-05 09:31:07.470,0.0406,0.0422,31.0,0.0418,1.0,16982.0,155.0
2021-01-05 09:31:07.951,0.0418,0.0418,2.0,0.0408,1.0,16983.0,156.0
2021-01-05 09:31:08.650,0.0418,0.0418,23.0,0.0408,1.0,16983.0,156.0
2021-01-05 09:31:11.701,0.0408,0.0418,23.0,0.0407,10.0,16984.0,157.0
2021-01-05 09:31:13.170,0.0408,0.0418,22.0,0.0407,10.0,16984.0,157.0
2021-01-05 09:31:13.710,0.0407,0.0418,21.0,0.0402,2.0,16984.0,167.0
2021-01-05 09:31:14.200,0.0407,0.0418,20.0,0.0402,2.0,16984.0,167.0
2021-01-05 09:31:15.110,0.0407,0.0422,21.0,0.0402,2.0,16984.0,167.0
2021-01-05 09:31:15.710,0.0407,0.0422,21.0,0.0402,2.0,16984.0,167.0
2021-01-05 09:31:16.180,0.0407,0.0422,21.0,0.0402,2.0,16984.0,167.0
2021-01-05 09:31:16.711,0.0407,0.0421,10.0,0.0402,2.0,16984.0,167.0
2021-01-05 09:31:17.201,0.0407,0.0421,30.0,0.0402,2.0,16984.0,167.0
2021-01-05 09:31:17.710,0.0407,0.0421,30.0,0.0402,2.0,16984.0,167.0
2021-01-05 09:31:18.201,0.0407,0.042,20.0,0.0402,2.0,16984.0,167.0
2021-01-05 09:31:19.150,0.0402,0.0418,20.0,0.0402,1.0,16984.0,168.0
2021-01-05 09:31:19.721,0.0402,0.0419,20.0,0.0402,1.0,16984.0,168.0
2021-01-05 09:31:20.171,0.0402,0.0419,30.0,0.0402,1.0,16984.0,168.0
2021-01-05 09:31:20.701,0.0402,0.0417,20.0,0.0402,1.0,16984.0,168.0
2021-01-05 09:31:21.221,0.0402,0.0419,30.0,0.0402,1.0,16984.0,168.0
2021-01-05 09:31:21.671,0.0402,0.0419,30.0,0.0402,1.0,16984.0,168.0
2021-01-05 09:31:23.171,0.0402,0.0419,30.0,0.0402,1.0,16984.0,168.0
2021-01-05 09:31:23.640,0.0402,0.0411,10.0,0.0402,1.0,16984.0,168.0
2021-01-05 09:31:24.151,0.0411,0.0411,9.0,0.0402,1.0,16984.0,169.0
2021-01-05 09:31:24.641,0.0411,0.041,10.0,0.0402,1.0,16984.0,169.0
2021-01-05 09:31:25.140,0.041,0.0407,10.0,0.0402,1.0,16984.0,170.0
2021-01-05 09:31:25.630,0.0407,0.0406,10.0,0.0402,1.0,16984.0,172.0
2021-01-05 09:31:26.101,0.0406,0.0407,9.0,0.0402,1.0,16984.0,174.0
2021-01-05 09:31:26.681,0.0406,0.0407,10.0,0.0402,1.0,16984.0,174.0
2021-01-05 09:31:27.171,0.0406,0.041,30.0,0.0402,1.0,16984.0,174.0
2021-01-05 09:31:28.610,0.0406,0.041,20.0,0.0402,1.0,16984.0,174.0
2021-01-05 09:31:29.171,0.0406,0.0411,10.0,0.0402,1.0,16984.0,174.0
2021-01-05 09:31:29.641,0.0406,0.0411,30.0,0.0402,1.0,16984.0,174.0
2021-01-05 09:31:32.191,0.0406,0.0411,30.0,0.0402,1.0,16984.0,174.0
2021-01-05 09:31:34.181,0.0406,0.0411,20.0,0.0402,1.0,16984.0,174.0
2021-01-05 09:31:34.681,0.0406,0.0413,20.0,0.0403,10.0,16984.0,174.0
2021-01-05 09:31:35.190,0.0406,0.0414,30.0,0.0403,10.0,16984.0,174.0
2021-01-05 09:31:35.670,0.0406,0.0411,10.0,0.0403,10.0,16984.0,174.0
2021-01-05 09:31:36.690,0.0406,0.0411,20.0,0.0403,10.0,16984.0,174.0
2021-01-05 09:31:37.191,0.0406,0.0411,10.0,0.0403,10.0,16984.0,174.0
2021-01-05 09:31:37.620,0.0406,0.0411,30.0,0.0403,10.0,16984.0,174.0
2021-01-05 09:31:38.190,0.0411,0.0408,9.0,0.0403,10.0,16985.0,175.0
2021-01-05 09:31:39.210,0.0411,0.0408,30.0,0.0403,10.0,16985.0,175.0
2021-01-05 09:31:39.710,0.0411,0.0407,13.0,0.0403,10.0,16985.0,175.0
2021-01-05 09:31:40.200,0.0411,0.0407,33.0,0.0403,10.0,16985.0,175.0
2021-01-05 09:31:40.711,0.0411,0.0406,13.0,0.0402,1.0,16985.0,175.0
2021-01-05 09:31:41.191,0.0411,0.0406,33.0,0.0402,1.0,16985.0,175.0
2021-01-05 09:31:41.700,0.0411,0.0405,13.0,0.0402,1.0,16985.0,175.0
2021-01-05 09:31:42.211,0.0411,0.0405,13.0,0.0402,1.0,16985.0,175.0
2021-01-05 09:31:42.711,0.0411,0.0405,33.0,0.0402,1.0,16985.0,175.0
2021-01-05 09:31:43.191,0.0411,0.0404,13.0,0.0402,1.0,16985.0,175.0
2021-01-05 09:31:43.710,0.0404,0.0404,8.0,0.0402,1.0,16990.0,180.0
2021-01-05 09:31:44.190,0.0404,0.0404,13.0,0.0402,1.0,16990.0,180.0
2021-01-05 09:31:44.691,0.0404,0.0403,13.0,0.0402,1.0,16990.0,181.0
2021-01-05 09:31:45.170,0.0403,0.0403,12.0,0.0402,1.0,16990.0,183.0
2021-01-05 09:31:45.700,0.0403,0.0407,13.0,0.0402,11.0,16990.0,183.0
2021-01-05 09:31:46.171,0.0403,0.0407,33.0,0.0402,11.0,16990.0,183.0
2021-01-05 09:31:46.701,0.0403,0.0406,13.0,0.0402,11.0,16990.0,183.0
2021-01-05 09:31:47.191,0.0403,0.0406,33.0,0.0402,11.0,16990.0,183.0
2021-01-05 09:31:47.690,0.0403,0.0405,13.0,0.0402,11.0,16990.0,183.0
2021-01-05 09:31:48.211,0.0403,0.0405,33.0,0.0402,11.0,16990.0,183.0
2021-01-05 09:31:48.691,0.0403,0.0404,13.0,0.0402,11.0,16990.0,183.0
2021-01-05 09:31:49.221,0.0404,0.0403,13.0,0.0396,10.0,16993.0,196.0
2021-01-05 09:31:49.711,0.0404,0.0404,33.0,0.0399,10.0,16993.0,196.0
2021-01-05 09:31:50.191,0.0404,0.0403,13.0,0.0399,10.0,16993.0,196.0
2021-01-05 09:31:50.710,0.0404,0.0403,33.0,0.0399,10.0,16993.0,196.0
2021-01-05 09:31:51.210,0.0399,0.0402,13.0,0.0394,2.0,16993.0,206.0
2021-01-05 09:31:51.701,0.0399,0.0402,33.0,0.0395,10.0,16993.0,206.0
2021-01-05 09:31:52.191,0.0399,0.0402,33.0,0.0395,10.0,16993.0,206.0
2021-01-05 09:31:52.621,0.0399,0.0401,13.0,0.0395,10.0,16993.0,206.0
2021-01-05 09:31:53.171,0.0399,0.0401,33.0,0.0395,10.0,16993.0,206.0
2021-01-05 09:31:53.640,0.0399,0.0401,33.0,0.0395,10.0,16993.0,206.0
2021-01-05 09:31:54.151,0.0395,0.04,13.0,0.0395,9.0,16992.0,207.0
2021-01-05 09:31:54.641,0.0395,0.0401,20.0,0.0395,9.0,16992.0,207.0
2021-01-05 09:31:54.800,0.0395,0.04,13.0,0.0395,9.0,16992.0,207.0
2021-01-05 09:31:55.670,0.0401,0.0401,12.0,0.0395,9.0,16992.0,208.0
2021-01-05 09:31:56.110,0.0401,0.0401,33.0,0.04,1.0,16992.0,209.0
2021-01-05 09:31:56.681,0.04,0.04,12.0,0.0395,9.0,16992.0,212.0
2021-01-05 09:31:57.171,0.04,0.04,13.0,0.0395,9.0,16992.0,213.0
2021-01-05 09:31:58.171,0.04,0.04,13.0,0.0395,9.0,16992.0,213.0
2021-01-05 09:31:59.180,0.04,0.04,13.0,0.0395,9.0,16992.0,213.0
2021-01-05 09:32:00.150,0.04,0.0401,13.0,0.0395,9.0,16992.0,213.0
2021-01-05 09:32:00.650,0.04,0.0401,13.0,0.0395,9.0,16992.0,213.0
2021-01-05 09:32:01.170,0.04,0.0401,33.0,0.0395,9.0,16992.0,213.0
2021-01-05 09:32:01.670,0.04,0.04,13.0,0.0395,9.0,16992.0,213.0
2021-01-05 09:32:02.171,0.04,0.0402,13.0,0.0395,9.0,16992.0,213.0
2021-01-05 09:32:02.671,0.04,0.0402,13.0,0.0395,9.0,16992.0,213.0
2021-01-05 09:32:03.180,0.04,0.0402,13.0,0.0395,29.0,16992.0,213.0
2021-01-05 09:32:03.641,0.04,0.0404,13.0,0.0395,9.0,16992.0,213.0
2021-01-05 09:32:04.150,0.04,0.0404,13.0,0.0395,29.0,16992.0,213.0
2021-01-05 09:32:04.661,0.04,0.0404,13.0,0.0395,29.0,16992.0,213.0
2021-01-05 09:32:05.141,0.04,0.0404,10.0,0.0395,29.0,16992.0,213.0
2021-01-05 09:32:05.660,0.04,0.0403,13.0,0.0395,20.0,16992.0,213.0
2021-01-05 09:32:06.161,0.04,0.0402,10.0,0.0394,32.0,16992.0,213.0
2021-01-05 09:32:06.680,0.04,0.0401,13.0,0.0394,12.0,16992.0,213.0
2021-01-05 09:32:07.070,0.04,0.0402,13.0,0.0394,12.0,16992.0,213.0
2021-01-05 09:32:07.671,0.04,0.0403,13.0,0.0394,12.0,16992.0,213.0
2021-01-05 09:32:08.670,0.04,0.0403,23.0,0.0394,12.0,16992.0,213.0
2021-01-05 09:32:09.141,0.04,0.0402,10.0,0.0394,12.0,16992.0,213.0
2021-01-05 09:32:09.681,0.04,0.0402,10.0,0.0394,12.0,16992.0,213.0
2021-01-05 09:32:10.161,0.04,0.0401,13.0,0.0394,12.0,16992.0,213.0
2021-01-05 09:32:10.551,0.04,0.0395,20.0,0.0394,12.0,16992.0,213.0
2021-01-05 09:32:11.170,0.0395,0.0395,14.0,0.0394,12.0,16986.0,219.0
2021-01-05 09:32:11.650,0.0395,0.0395,10.0,0.0394,12.0,16982.0,223.0
2021-01-05 09:32:12.121,0.0395,0.0395,3.0,0.0394,12.0,16975.0,230.0
2021-01-05 09:32:12.670,0.0395,0.0395,3.0,0.0394,12.0,16975.0,230.0
2021-01-05 09:32:13.680,0.0394,0.0395,3.0,0.0394,11.0,16975.0,231.0
2021-01-05 09:32:14.180,0.0394,0.0395,4.0,0.0394,11.0,16975.0,231.0
2021-01-05 09:32:14.560,0.0394,0.0395,4.0,0.0394,1.0,16976.0,241.0
2021-01-05 09:32:15.171,0.0394,0.0395,4.0,0.0394,1.0,16976.0,241.0
2021-01-05 09:32:15.671,0.0395,0.0395,3.0,0.0394,1.0,16975.0,242.0
2021-01-05 09:32:16.151,0.0395,0.0395,3.0,0.0394,1.0,16975.0,242.0
2021-01-05 09:32:17.161,0.0395,0.0395,3.0,0.0394,1.0,16975.0,242.0
2021-01-05 09:32:17.651,0.0395,0.0395,3.0,0.0394,1.0,16975.0,242.0
2021-01-05 09:32:18.130,0.0394,0.0394,12.0,0.0393,32.0,16975.0,243.0
2021-01-05 09:32:18.670,0.0394,0.0394,13.0,0.0393,42.0,16975.0,243.0
2021-01-05 09:32:19.150,0.0394,0.0394,13.0,0.0393,42.0,16975.0,243.0
2021-01-05 09:32:19.670,0.0394,0.0394,13.0,0.0393,42.0,16975.0,243.0
2021-01-05 09:32:20.151,0.0394,0.0395,3.0,0.0394,13.0,16975.0,243.0
2021-01-05 09:32:20.671,0.0394,0.0395,3.0,0.0394,13.0,16975.0,243.0
2021-01-05 09:32:21.171,0.0394,0.0395,4.0,0.0394,13.0,16975.0,243.0
2021-01-05 09:32:21.680,0.0394,0.0395,4.0,0.0394,13.0,16975.0,243.0
2021-01-05 09:32:22.181,0.0394,0.0395,4.0,0.0394,13.0,16975.0,243.0
2021-01-05 09:32:22.660,0.0394,0.0395,5.0,0.0394,33.0,16975.0,243.0
2021-01-05 09:32:23.180,0.0394,0.0395,5.0,0.0394,33.0,16975.0,243.0
2021-01-05 09:32:23.670,0.0394,0.0395,4.0,0.0394,33.0,16974.0,245.0
2021-01-05 09:32:24.160,0.0394,0.0395,4.0,0.0394,20.0,16974.0,245.0
2021-01-05 09:32:24.640,0.0394,0.0395,4.0,0.0393,75.0,16974.0,245.0
2021-01-05 09:32:25.170,0.0394,0.0395,4.0,0.0393,55.0,16974.0,245.0
2021-01-05 09:32:25.670,0.0395,0.0395,2.0,0.0394,1.0,16975.0,247.0
2021-01-05 09:32:26.171,0.0395,0.0395,15.0,0.0394,1.0,16975.0,247.0
2021-01-05 09:32:26.650,0.0395,0.0395,2.0,0.0394,1.0,16975.0,247.0
2021-01-05 09:32:27.151,0.0394,0.0394,13.0,0.0393,42.0,16976.0,248.0
2021-01-05 09:32:27.670,0.0394,0.0394,13.0,0.0393,32.0,16976.0,248.0
2021-01-05 09:32:28.630,0.0394,0.0394,15.0,0.0393,32.0,16976.0,248.0
2021-01-05 09:32:29.180,0.0394,0.0394,2.0,0.0393,45.0,16976.0,248.0
2021-01-05 09:32:30.171,0.0394,0.0394,2.0,0.0393,45.0,16976.0,248.0
2021-01-05 09:32:30.671,0.0394,0.0394,15.0,0.0393,32.0,16976.0,248.0
2021-01-05 09:32:31.691,0.0394,0.0394,13.0,0.0393,32.0,16984.0,258.0
2021-01-05 09:32:32.121,0.0394,0.0395,1.0,0.0393,32.0,16984.0,258.0
2021-01-05 09:32:32.690,0.0394,0.0395,13.0,0.0393,32.0,16984.0,258.0
2021-01-05 09:32:33.141,0.0393,0.0396,13.0,0.0393,42.0,16984.0,261.0
2021-01-05 09:32:34.171,0.0393,0.0397,10.0,0.0395,10.0,16984.0,261.0
2021-01-05 09:32:34.691,0.0393,0.0396,13.0,0.0395,10.0,16984.0,261.0
2021-01-05 09:32:35.170,0.0393,0.0396,13.0,0.0395,10.0,16984.0,261.0
2021-01-05 09:32:36.190,0.0393,0.0396,13.0,0.0395,10.0,16984.0,261.0
2021-01-05 09:32:36.691,0.0393,0.0396,13.0,0.0395,10.0,16984.0,261.0
2021-01-05 09:32:37.150,0.0393,0.0396,13.0,0.0395,10.0,16984.0,261.0
2021-01-05 09:32:37.661,0.0393,0.0396,13.0,0.0395,10.0,16984.0,261.0
2021-01-05 09:32:38.670,0.0393,0.0397,10.0,0.0395,23.0,16984.0,261.0
2021-01-05 09:32:39.200,0.0395,0.0396,33.0,0.0393,29.0,16984.0,272.0
2021-01-05 09:32:39.621,0.0395,0.0395,33.0,0.0393,29.0,16984.0,272.0
2021-01-05 09:32:40.111,0.0395,0.0394,13.0,0.0393,29.0,16984.0,272.0
2021-01-05 09:32:41.200,0.0393,0.0394,13.0,0.0393,14.0,16993.0,287.0
2021-01-05 09:32:41.690,0.0393,0.0394,13.0,0.0393,14.0,16993.0,287.0
2021-01-05 09:32:42.201,0.0393,0.0395,33.0,0.0393,14.0,16993.0,287.0
2021-01-05 09:32:42.700,0.0395,0.0394,13.0,0.0393,14.0,16993.0,288.0
2021-01-05 09:32:43.131,0.0395,0.0394,13.0,0.0393,14.0,16993.0,288.0
2021-01-05 09:32:44.151,0.0395,0.0394,13.0,0.0393,14.0,16993.0,288.0
2021-01-05 09:32:44.700,0.0395,0.0395,13.0,0.0393,14.0,16993.0,288.0
2021-01-05 09:32:45.580,0.0395,0.0395,20.0,0.0393,34.0,16993.0,288.0
2021-01-05 09:32:46.160,0.0395,0.0394,13.0,0.0393,14.0,16993.0,288.0
2021-01-05 09:32:46.610,0.0394,0.0394,13.0,0.0393,14.0,17003.0,298.0
2021-01-05 09:32:47.701,0.0394,0.0394,13.0,0.0393,14.0,17003.0,298.0
2021-01-05 09:32:48.181,0.0394,0.0394,13.0,0.0393,14.0,17003.0,298.0
2021-01-05 09:32:48.550,0.0394,0.0394,33.0,0.0393,14.0,17003.0,298.0
2021-01-05 09:32:49.030,0.0393,0.0393,13.0,0.0392,1.0,17013.0,312.0
2021-01-05 09:32:49.670,0.0392,0.0392,20.0,0.039,7.0,17013.0,313.0
2021-01-05 09:32:50.171,0.0392,0.0391,20.0,0.039,7.0,17013.0,313.0
2021-01-05 09:32:50.700,0.039,0.0392,10.0,0.039,19.0,17014.0,314.0
2021-01-05 09:32:51.170,0.039,0.0392,43.0,0.039,6.0,17014.0,314.0
2021-01-05 09:32:51.701,0.039,0.039,15.0,0.0387,13.0,17030.0,330.0
2021-01-05 09:32:52.191,0.039,0.0391,10.0,0.0387,20.0,17030.0,330.0
2021-01-05 09:32:52.671,0.039,0.0391,10.0,0.0388,13.0,17030.0,330.0
2021-01-05 09:32:53.161,0.039,0.0391,10.0,0.0388,33.0,17030.0,330.0
2021-01-05 09:32:53.641,0.0391,0.0392,20.0,0.0389,13.0,17040.0,340.0
2021-01-05 09:32:54.181,0.0391,0.0393,5.0,0.039,20.0,17040.0,340.0
2021-01-05 09:32:54.671,0.0391,0.0393,18.0,0.039,33.0,17040.0,340.0
2021-01-05 09:32:55.170,0.0391,0.0392,13.0,0.039,20.0,17040.0,340.0
2021-01-05 09:32:55.670,0.0391,0.0393,18.0,0.0392,10.0,17040.0,340.0
2021-01-05 09:32:56.150,0.0392,0.0392,3.0,0.0389,33.0,17050.0,350.0
2021-01-05 09:32:56.611,0.0392,0.0392,13.0,0.0389,13.0,17050.0,350.0
2021-01-05 09:32:57.130,0.0392,0.0393,25.0,0.0389,13.0,17050.0,350.0
2021-01-05 09:32:57.600,0.0392,0.0393,25.0,0.0389,33.0,17050.0,350.0
2021-01-05 09:32:58.171,0.0393,0.0393,15.0,0.039,13.0,17060.0,360.0
2021-01-05 09:32:58.651,0.0393,0.0393,15.0,0.039,13.0,17060.0,360.0
2021-01-05 09:32:59.170,0.0393,0.0393,15.0,0.039,13.0,17060.0,360.0
2021-01-05 09:33:00.651,0.039,0.0393,15.0,0.039,11.0,17058.0,362.0
2021-01-05 09:33:01.081,0.039,0.0393,15.0,0.039,53.0,17058.0,362.0
2021-01-05 09:33:01.661,0.039,0.0395,30.0,0.0393,30.0,17058.0,362.0
2021-01-05 09:33:02.130,0.039,0.0394,13.0,0.0393,32.0,17058.0,362.0
2021-01-05 09:33:02.570,0.039,0.0395,23.0,0.0393,32.0,17058.0,362.0
2021-01-05 09:33:03.121,0.039,0.0398,48.0,0.0394,13.0,17058.0,362.0
2021-01-05 09:33:03.681,0.039,0.0398,48.0,0.0394,13.0,17058.0,362.0
2021-01-05 09:33:04.140,0.039,0.0398,35.0,0.0394,33.0,17058.0,362.0
2021-01-05 09:33:04.651,0.039,0.0398,15.0,0.0395,13.0,17058.0,362.0
2021-01-05 09:33:05.181,0.039,0.0398,15.0,0.0395,13.0,17058.0,362.0
2021-01-05 09:33:05.690,0.0395,0.0398,15.0,0.0395,23.0,17058.0,372.0
2021-01-05 09:33:06.170,0.0395,0.0398,28.0,0.0395,53.0,17058.0,372.0
2021-01-05 09:33:06.681,0.0398,0.0398,18.0,0.0395,53.0,17068.0,382.0
2021-01-05 09:33:07.171,0.0398,0.0398,5.0,0.0396,33.0,17068.0,382.0
2021-01-05 09:33:07.601,0.0398,0.0398,5.0,0.0396,33.0,17068.0,382.0
2021-01-05 09:33:08.191,0.0398,0.0398,5.0,0.0396,53.0,17068.0,382.0
2021-01-05 09:33:08.681,0.0398,0.0399,13.0,0.0398,5.0,17073.0,387.0
2021-01-05 09:33:09.181,0.0398,0.0399,43.0,0.0398,3.0,17075.0,389.0
2021-01-05 09:33:09.611,0.0398,0.0399,43.0,0.0398,2.0,17076.0,390.0
2021-01-05 09:33:10.180,0.0398,0.0399,20.0,0.0398,2.0,17076.0,390.0
2021-01-05 09:33:10.681,0.0398,0.04,33.0,0.0398,2.0,17076.0,390.0
2021-01-05 09:33:11.180,0.0398,0.0399,13.0,0.0398,2.0,17076.0,390.0
2021-01-05 09:33:11.670,0.0398,0.04,33.0,0.0398,2.0,17076.0,390.0
2021-01-05 09:33:12.181,0.0398,0.0398,3.0,0.0396,53.0,17078.0,392.0
2021-01-05 09:33:12.650,0.0398,0.0398,3.0,0.0396,33.0,17078.0,392.0
2021-01-05 09:33:13.100,0.0398,0.0398,3.0,0.0396,33.0,17078.0,392.0
2021-01-05 09:33:13.691,0.0396,0.0398,5.0,0.0397,13.0,17075.0,395.0
2021-01-05 09:33:14.160,0.0398,0.0399,33.0,0.0398,5.0,17080.0,400.0
2021-01-05 09:33:14.650,0.0398,0.0398,13.0,0.0396,17.0,17085.0,405.0
2021-01-05 09:33:15.140,0.0398,0.0399,33.0,0.0396,30.0,17085.0,405.0
2021-01-05 09:33:15.651,0.0398,0.0399,13.0,0.0396,30.0,17085.0,405.0
2021-01-05 09:33:16.181,0.0399,0.04,20.0,0.0396,17.0,17090.0,410.0
2021-01-05 09:33:16.671,0.0399,0.04,20.0,0.0397,33.0,17090.0,410.0
2021-01-05 09:33:17.190,0.0399,0.04,10.0,0.0398,13.0,17090.0,410.0
2021-01-05 09:33:17.691,0.0399,0.04,10.0,0.0398,13.0,17090.0,410.0
2021-01-05 09:33:18.160,0.04,0.0402,33.0,0.0398,13.0,17100.0,420.0
2021-01-05 09:33:18.680,0.04,0.0402,33.0,0.0398,13.0,17100.0,420.0
2021-01-05 09:33:19.191,0.04,0.0402,20.0,0.0398,33.0,17100.0,420.0
2021-01-05 09:33:19.591,0.04,0.0403,13.0,0.0402,2.0,17100.0,420.0
2021-01-05 09:33:20.171,0.04,0.0403,13.0,0.0402,2.0,17100.0,420.0
2021-01-05 09:33:20.680,0.04,0.0403,13.0,0.0402,2.0,17100.0,420.0
2021-01-05 09:33:21.160,0.0403,0.0403,13.0,0.0402,2.0,17110.0,430.0
2021-01-05 09:33:21.681,0.0403,0.0404,53.0,0.0402,2.0,17110.0,430.0
2021-01-05 09:33:22.150,0.0403,0.0404,53.0,0.0403,10.0,17110.0,430.0
2021-01-05 09:33:22.670,0.0403,0.0404,40.0,0.0403,9.0,17111.0,431.0
2021-01-05 09:33:23.151,0.0403,0.0404,43.0,0.0403,9.0,17111.0,431.0
2021-01-05 09:33:23.660,0.0403,0.0404,30.0,0.0403,9.0,17111.0,431.0
2021-01-05 09:33:24.171,0.0404,0.0404,23.0,0.0403,9.0,17131.0,451.0
2021-01-05 09:33:24.651,0.0403,0.0404,33.0,0.0403,7.0,17133.0,453.0
2021-01-05 09:33:25.151,0.0404,0.0404,26.0,0.0401,13.0,17140.0,460.0
2021-01-05 09:33:25.671,0.0404,0.0403,20.0,0.0401,13.0,17140.0,460.0
2021-01-05 09:33:26.161,0.0404,0.0403,20.0,0.04,13.0,17140.0,460.0
2021-01-05 09:33:26.651,0.0404,0.0403,33.0,0.04,13.0,17140.0,460.0
2021-01-05 09:33:27.171,0.0404,0.0403,20.0,0.04,13.0,17140.0,460.0
2021-01-05 09:33:27.681,0.0403,0.0403,18.0,0.04,13.0,17140.0,462.0
2021-01-05 09:33:28.180,0.0403,0.0403,18.0,0.04,13.0,17140.0,462.0
2021-01-05 09:33:28.670,0.0403,0.0403,18.0,0.04,13.0,17140.0,462.0
2021-01-05 09:33:29.171,0.0403,0.0403,18.0,0.04,13.0,17140.0,462.0
2021-01-05 09:33:29.681,0.0403,0.0403,8.0,0.04,13.0,17150.0,472.0
2021-01-05 09:33:30.180,0.0403,0.0403,8.0,0.04,13.0,17150.0,472.0
2021-01-05 09:33:30.670,0.0403,0.0403,8.0,0.04,13.0,17150.0,472.0
2021-01-05 09:33:31.131,0.0403,0.0403,8.0,0.04,28.0,17150.0,472.0
2021-01-05 09:33:31.680,0.04,0.0403,8.0,0.0401,13.0,17140.0,482.0
2021-01-05 09:33:32.170,0.0403,0.0404,10.0,0.0403,2.0,17148.0,490.0
2021-01-05 09:33:32.591,0.0403,0.0403,33.0,0.04,18.0,17150.0,492.0
2021-01-05 09:33:33.171,0.0403,0.0403,20.0,0.0401,13.0,17150.0,492.0
2021-01-05 09:33:33.680,0.0403,0.0403,20.0,0.0401,13.0,17150.0,492.0
2021-01-05 09:33:34.170,0.0403,0.0403,20.0,0.0401,13.0,17150.0,492.0
2021-01-05 09:33:34.671,0.0403,0.0403,10.0,0.0401,13.0,17160.0,502.0
2021-01-05 09:33:35.150,0.0403,0.0403,3.0,0.0401,13.0,17170.0,519.0
2021-01-05 09:33:35.680,0.0403,0.0403,17.0,0.04,38.0,17170.0,519.0
2021-01-05 09:33:36.101,0.0403,0.0404,30.0,0.0403,6.0,17173.0,523.0
2021-01-05 09:33:36.681,0.0403,0.0404,20.0,0.0403,13.0,17179.0,529.0
2021-01-05 09:33:37.190,0.0403,0.0405,20.0,0.0403,10.0,17179.0,529.0
2021-01-05 09:33:37.640,0.0403,0.0405,10.0,0.0403,53.0,17179.0,529.0
2021-01-05 09:33:38.110,0.0403,0.0406,33.0,0.0403,63.0,17179.0,529.0
2021-01-05 09:33:38.621,0.0403,0.0406,33.0,0.0404,10.0,17179.0,529.0
2021-01-05 09:33:39.201,0.0403,0.0406,43.0,0.0405,10.0,17179.0,529.0
2021-01-05 09:33:39.641,0.0405,0.0405,3.0,0.0404,10.0,17189.0,539.0
2021-01-05 09:33:39.820,0.0404,0.0404,13.0,0.0403,40.0,17199.0,549.0
2021-01-05 09:33:41.171,0.0405,0.0405,26.0,0.0401,33.0,17219.0,569.0
2021-01-05 09:33:41.691,0.0404,0.0405,16.0,0.0401,20.0,17239.0,589.0
2021-01-05 09:33:42.160,0.0404,0.0404,10.0,0.0402,13.0,17239.0,589.0
2021-01-05 09:33:42.640,0.0404,0.0404,30.0,0.0402,13.0,17239.0,589.0
2021-01-05 09:33:43.180,0.0402,0.0404,30.0,0.0402,13.0,17239.0,590.0
2021-01-05 09:33:43.681,0.0402,0.0403,10.0,0.0402,13.0,17239.0,591.0
2021-01-05 09:33:44.110,0.0402,0.0404,20.0,0.04,25.0,17239.0,591.0
2021-01-05 09:33:44.671,0.0404,0.0404,10.0,0.0401,13.0,17249.0,601.0
2021-01-05 09:33:45.180,0.0404,0.0404,10.0,0.0401,13.0,17249.0,601.0
2021-01-05 09:33:45.660,0.0404,0.0404,10.0,0.0401,13.0,17249.0,601.0
2021-01-05 09:33:46.161,0.0404,0.0404,20.0,0.0401,13.0,17249.0,601.0
2021-01-05 09:33:46.680,0.0404,0.0403,30.0,0.0401,13.0,17249.0,601.0
2021-01-05 09:33:47.191,0.0401,0.0403,43.0,0.04,18.0,17249.0,602.0
2021-01-05 09:33:47.681,0.0401,0.0403,30.0,0.0401,13.0,17249.0,602.0
2021-01-05 09:33:48.171,0.0401,0.0403,20.0,0.0401,13.0,17249.0,603.0
2021-01-05 09:33:48.680,0.0401,0.0403,20.0,0.0401,11.0,17247.0,605.0
2021-01-05 09:33:49.120,0.0401,0.0403,33.0,0.04,18.0,17247.0,605.0
2021-01-05 09:33:50.130,0.0401,0.0401,10.0,0.04,18.0,17247.0,605.0
2021-01-05 09:33:50.670,0.0401,0.0401,8.0,0.04,18.0,17247.0,607.0
2021-01-05 09:33:51.141,0.0401,0.0401,8.0,0.04,18.0,17247.0,607.0
2021-01-05 09:33:51.581,0.0401,0.0403,20.0,0.0401,5.0,17247.0,615.0
2021-01-05 09:33:52.190,0.0401,0.0403,30.0,0.0401,13.0,17247.0,615.0
2021-01-05 09:33:52.570,0.0401,0.0402,13.0,0.04,5.0,17247.0,615.0
2021-01-05 09:33:52.960,0.0401,0.0403,43.0,0.04,18.0,17247.0,615.0
2021-01-05 09:33:53.650,0.0403,0.0403,20.0,0.0401,13.0,17257.0,625.0
2021-01-05 09:33:54.180,0.0403,0.0403,23.0,0.04,38.0,17257.0,625.0
2021-01-05 09:33:54.610,0.0403,0.0403,13.0,0.04,38.0,17267.0,635.0
2021-01-05 09:33:55.181,0.0403,0.0403,23.0,0.04,38.0,17267.0,635.0
2021-01-05 09:33:55.650,0.0403,0.0403,43.0,0.04,18.0,17267.0,635.0
2021-01-05 09:33:56.120,0.0403,0.0403,23.0,0.04,38.0,17267.0,635.0
2021-01-05 09:33:56.681,0.0403,0.0403,10.0,0.0401,13.0,17267.0,635.0
2021-01-05 09:33:57.171,0.0403,0.0404,43.0,0.0401,13.0,17267.0,635.0
2021-01-05 09:33:57.671,0.0403,0.0404,53.0,0.0401,13.0,17267.0,635.0
2021-01-05 09:33:58.170,0.0403,0.0401,13.0,0.04,18.0,17267.0,635.0
2021-01-05 09:33:58.670,0.04,0.04,8.0,0.0397,33.0,17267.0,640.0
2021-01-05 09:33:59.140,0.04,0.04,13.0,0.0397,20.0,17267.0,640.0
2021-01-05 09:33:59.590,0.04,0.04,13.0,0.0397,20.0,17267.0,640.0
2021-01-05 09:34:00.191,0.04,0.04,13.0,0.0395,33.0,17267.0,640.0
2021-01-05 09:34:00.671,0.04,0.04,43.0,0.0395,33.0,17267.0,640.0
2021-01-05 09:34:01.140,0.04,0.0399,13.0,0.0396,13.0,17267.0,640.0
2021-01-05 09:34:01.661,0.04,0.04,30.0,0.0396,33.0,17267.0,640.0
2021-01-05 09:34:02.080,0.04,0.0399,13.0,0.0397,20.0,17267.0,640.0
2021-01-05 09:34:02.671,0.04,0.0399,13.0,0.0397,20.0,17267.0,640.0
2021-01-05 09:34:03.171,0.04,0.0399,13.0,0.0396,20.0,17267.0,640.0
2021-01-05 09:34:03.670,0.0399,0.0398,13.0,0.0396,20.0,17277.0,650.0
2021-01-05 09:34:04.120,0.0399,0.0399,13.0,0.0396,20.0,17277.0,650.0
2021-01-05 09:34:04.671,0.0399,0.04,30.0,0.0396,20.0,17279.0,652.0
2021-01-05 09:34:05.121,0.0399,0.0399,13.0,0.0398,10.0,17279.0,652.0
2021-01-05 09:34:05.630,0.0399,0.0399,13.0,0.0398,10.0,17279.0,652.0
2021-01-05 09:34:06.081,0.0399,0.0399,13.0,0.0398,10.0,17281.0,654.0
2021-01-05 09:34:06.671,0.0399,0.0399,33.0,0.0398,10.0,17281.0,654.0
2021-01-05 09:34:07.130,0.0399,0.0399,10.0,0.0398,10.0,17291.0,664.0
2021-01-05 09:34:07.630,0.0399,0.0398,13.0,0.0395,26.0,17301.0,674.0
2021-01-05 09:34:08.171,0.0399,0.0396,10.0,0.0395,13.0,17301.0,674.0
2021-01-05 09:34:08.690,0.0399,0.0396,10.0,0.0395,26.0,17301.0,674.0
2021-01-05 09:34:09.170,0.0399,0.0396,10.0,0.0395,13.0,17301.0,674.0
2021-01-05 09:34:09.670,0.0399,0.0396,10.0,0.0395,13.0,17301.0,674.0
2021-01-05 09:34:10.690,0.0396,0.0397,13.0,0.0396,10.0,17301.0,684.0
2021-01-05 09:34:11.151,0.0396,0.0397,13.0,0.0396,10.0,17301.0,684.0
2021-01-05 09:34:11.681,0.0396,0.0399,13.0,0.0396,43.0,17301.0,684.0
2021-01-05 09:34:12.081,0.0396,0.0399,13.0,0.0396,23.0,17301.0,684.0
2021-01-05 09:34:12.640,0.0396,0.0396,10.0,0.0395,33.0,17301.0,720.0
2021-01-05 09:34:13.191,0.0396,0.04,20.0,0.0396,20.0,17301.0,730.0
2021-01-05 09:34:13.650,0.0396,0.0399,13.0,0.0396,33.0,17301.0,730.0
2021-01-05 09:34:14.181,0.0396,0.04,13.0,0.0398,20.0,17301.0,730.0
2021-01-05 09:34:14.691,0.0396,0.0402,13.0,0.0398,20.0,17301.0,730.0
2021-01-05 09:34:15.181,0.0399,0.04,1.0,0.0399,15.0,17301.0,735.0
2021-01-05 09:34:15.671,0.0399,0.04,14.0,0.0399,15.0,17301.0,735.0
2021-01-05 09:34:16.190,0.0399,0.0399,13.0,0.0397,40.0,17301.0,735.0
2021-01-05 09:34:16.630,0.0399,0.0399,13.0,0.0397,20.0,17301.0,735.0
2021-01-05 09:34:17.181,0.0399,0.0399,13.0,0.0397,20.0,17301.0,735.0
2021-01-05 09:34:17.690,0.0399,0.0399,13.0,0.0396,23.0,17301.0,735.0
2021-01-05 09:34:18.140,0.0399,0.0399,48.0,0.0396,13.0,17301.0,735.0
2021-01-05 09:34:18.620,0.0399,0.0399,35.0,0.0396,13.0,17301.0,735.0
2021-01-05 09:34:19.041,0.0399,0.0399,48.0,0.0396,13.0,17301.0,735.0
2021-01-05 09:34:19.700,0.0399,0.0399,15.0,0.0396,33.0,17301.0,735.0
2021-01-05 09:34:20.651,0.0399,0.0398,13.0,0.0395,46.0,17301.0,735.0
2021-01-05 09:34:21.200,0.0399,0.0398,13.0,0.0395,46.0,17301.0,735.0
2021-01-05 09:34:21.690,0.0399,0.0398,13.0,0.0395,33.0,17301.0,735.0
2021-01-05 09:34:22.151,0.0399,0.0398,13.0,0.0395,46.0,17301.0,735.0
2021-01-05 09:34:22.651,0.0399,0.0399,33.0,0.0396,13.0,17301.0,735.0
2021-01-05 09:34:23.181,0.0399,0.0398,13.0,0.0395,46.0,17301.0,735.0
2021-01-05 09:34:23.661,0.0399,0.0398,13.0,0.0395,46.0,17301.0,735.0
2021-01-05 09:34:24.170,0.0399,0.0399,33.0,0.0396,13.0,17301.0,735.0
2021-01-05 09:34:25.171,0.0399,0.0399,33.0,0.0396,13.0,17301.0,735.0
2021-01-05 09:34:26.170,0.0399,0.0399,20.0,0.0396,13.0,17301.0,735.0
2021-01-05 09:34:27.150,0.0399,0.0399,33.0,0.0396,13.0,17301.0,735.0
2021-01-05 09:34:27.690,0.0399,0.0398,13.0,0.0395,46.0,17301.0,735.0
2021-01-05 09:34:28.120,0.0399,0.0399,20.0,0.0396,13.0,17301.0,735.0
2021-01-05 09:34:28.621,0.0399,0.0399,33.0,0.0396,13.0,17301.0,735.0
2021-01-05 09:34:29.171,0.0399,0.0399,20.0,0.0396,13.0,17301.0,735.0
2021-01-05 09:34:29.601,0.0399,0.0399,20.0,0.0396,13.0,17301.0,735.0
2021-01-05 09:34:30.170,0.0399,0.0399,20.0,0.0396,13.0,17301.0,735.0
2021-01-05 09:34:30.681,0.0399,0.0399,20.0,0.0396,13.0,17301.0,735.0
2021-01-05 09:34:31.190,0.0399,0.0399,33.0,0.0396,13.0,17301.0,735.0
2021-01-05 09:34:31.280,0.0399,0.0399,20.0,0.0396,13.0,17301.0,735.0
2021-01-05 09:34:33.090,0.0399,0.0399,33.0,0.0396,13.0,17301.0,735.0
2021-01-05 09:34:33.691,0.0399,0.0398,13.0,0.0395,26.0,17301.0,735.0
2021-01-05 09:34:34.171,0.0399,0.0399,20.0,0.0396,13.0,17301.0,735.0
2021-01-05 09:34:34.640,0.0399,0.0398,13.0,0.0395,26.0,17301.0,735.0
2021-01-05 09:34:35.130,0.0399,0.0398,33.0,0.0395,26.0,17301.0,735.0
2021-01-05 09:34:35.691,0.0399,0.0398,33.0,0.0395,26.0,17301.0,735.0
2021-01-05 09:34:37.161,0.0399,0.0398,33.0,0.0395,26.0,17301.0,735.0
2021-01-05 09:34:37.700,0.0399,0.0397,33.0,0.0394,13.0,17301.0,735.0
2021-01-05 09:34:38.171,0.0399,0.0397,20.0,0.0394,13.0,17301.0,735.0
2021-01-05 09:34:38.690,0.0394,0.0396,13.0,0.0393,43.0,17301.0,737.0
2021-01-05 09:34:39.091,0.0394,0.0397,20.0,0.0393,30.0,17301.0,737.0
2021-01-05 09:34:39.470,0.0394,0.0397,33.0,0.0394,13.0,17301.0,737.0
2021-01-05 09:34:40.171,0.0394,0.0396,33.0,0.0393,43.0,17301.0,738.0
2021-01-05 09:34:40.601,0.0394,0.0396,20.0,0.0394,13.0,17301.0,738.0
2021-01-05 09:34:41.201,0.0394,0.0396,33.0,0.0393,43.0,17301.0,738.0
2021-01-05 09:34:42.680,0.0394,0.0396,33.0,0.0393,43.0,17301.0,738.0
2021-01-05 09:34:43.191,0.0393,0.0396,33.0,0.0393,38.0,17301.0,743.0
2021-01-05 09:34:44.151,0.0393,0.0396,33.0,0.0393,38.0,17301.0,743.0
2021-01-05 09:34:44.701,0.0393,0.0396,33.0,0.0393,38.0,17301.0,743.0
2021-01-05 09:34:45.200,0.0393,0.0395,13.0,0.0393,25.0,17301.0,743.0
2021-01-05 09:34:46.201,0.0393,0.0393,12.0,0.0392,20.0,17301.0,781.0
2021-01-05 09:34:46.660,0.0393,0.0396,20.0,0.0393,1.0,17301.0,793.0
2021-01-05 09:34:47.181,0.0393,0.0396,20.0,0.0392,20.0,17301.0,793.0
2021-01-05 09:34:47.701,0.0393,0.0395,13.0,0.0392,20.0,17301.0,793.0
2021-01-05 09:34:48.700,0.0393,0.0395,13.0,0.0392,20.0,17301.0,793.0
2021-01-05 09:34:49.701,0.0393,0.0395,13.0,0.0392,33.0,17301.0,793.0
2021-01-05 09:34:50.161,0.0393,0.0395,13.0,0.0394,20.0,17301.0,793.0
2021-01-05 09:34:50.700,0.0393,0.0397,13.0,0.0394,20.0,17301.0,793.0
2021-01-05 09:34:51.200,0.0393,0.0397,13.0,0.0394,20.0,17301.0,793.0
2021-01-05 09:34:51.651,0.0393,0.0397,13.0,0.0394,20.0,17301.0,793.0
2021-01-05 09:34:52.220,0.0393,0.0397,13.0,0.0396,10.0,17301.0,793.0
2021-01-05 09:34:52.650,0.0393,0.0397,13.0,0.0396,10.0,17301.0,793.0
2021-01-05 09:34:53.180,0.0393,0.0397,13.0,0.0396,10.0,17301.0,793.0
2021-01-05 09:34:53.651,0.0396,0.0397,33.0,0.0396,9.0,17302.0,794.0
2021-01-05 09:34:54.170,0.0396,0.0396,13.0,0.0393,20.0,17311.0,803.0
2021-01-05 09:34:54.631,0.0396,0.0396,23.0,0.0391,33.0,17311.0,803.0
2021-01-05 09:34:55.161,0.0396,0.0395,58.0,0.0391,13.0,17311.0,803.0
2021-01-05 09:34:55.680,0.0396,0.0395,58.0,0.0391,13.0,17311.0,803.0
2021-01-05 09:34:56.141,0.0396,0.0395,48.0,0.0391,13.0,17311.0,803.0
2021-01-05 09:34:56.681,0.0396,0.0394,13.0,0.0389,20.0,17311.0,803.0
2021-01-05 09:34:57.171,0.0396,0.0394,13.0,0.039,13.0,17311.0,803.0
2021-01-05 09:34:57.651,0.0396,0.0394,13.0,0.0389,33.0,17311.0,803.0
2021-01-05 09:34:58.160,0.0396,0.0394,33.0,0.039,13.0,17311.0,803.0
2021-01-05 09:34:58.640,0.0396,0.0394,33.0,0.039,13.0,17311.0,803.0
2021-01-05 09:34:59.170,0.0396,0.0393,13.0,0.039,13.0,17311.0,803.0
2021-01-05 09:35:00.160,0.0396,0.0391,10.0,0.0389,33.0,17311.0,803.0
2021-01-05 09:35:00.640,0.0396,0.0391,10.0,0.0389,33.0,17311.0,803.0
2021-01-05 09:35:01.070,0.0396,0.0391,23.0,0.0389,20.0,17311.0,803.0
2021-01-05 09:35:01.620,0.0396,0.0391,10.0,0.0389,33.0,17311.0,803.0
2021-01-05 09:35:02.160,0.0396,0.0394,33.0,0.039,33.0,17311.0,803.0
2021-01-05 09:35:02.680,0.0394,0.0394,10.0,0.0391,13.0,17321.0,813.0
2021-01-05 09:35:03.180,0.0394,0.0393,13.0,0.0391,2.0,17321.0,813.0
2021-01-05 09:35:03.660,0.0394,0.0393,13.0,0.0392,20.0,17331.0,823.0
2021-01-05 09:35:04.061,0.0394,0.0395,25.0,0.0393,10.0,17331.0,823.0
2021-01-05 09:35:05.180,0.0394,0.0394,13.0,0.0393,10.0,17331.0,823.0
2021-01-05 09:35:05.671,0.0394,0.0394,13.0,0.0393,10.0,17341.0,833.0
2021-01-05 09:35:06.180,0.0394,0.0395,38.0,0.0392,13.0,17341.0,833.0
2021-01-05 09:35:06.421,0.0394,0.0395,25.0,0.0394,10.0,17341.0,833.0
2021-01-05 09:35:07.131,0.0394,0.0394,25.0,0.0391,15.0,17351.0,843.0
2021-01-05 09:35:07.650,0.0394,0.0394,35.0,0.0391,15.0,17351.0,843.0
2021-01-05 09:35:08.190,0.0394,0.0393,20.0,0.0391,2.0,17351.0,843.0
2021-01-05 09:35:08.661,0.0393,0.0393,30.0,0.039,18.0,17354.0,846.0
2021-01-05 09:35:09.191,0.0392,0.0392,13.0,0.039,5.0,17364.0,856.0
2021-01-05 09:35:09.700,0.0392,0.0392,28.0,0.039,18.0,17366.0,858.0
2021-01-05 09:35:10.180,0.0392,0.0392,18.0,0.039,18.0,17376.0,868.0
2021-01-05 09:35:10.691,0.0392,0.0392,41.0,0.039,5.0,17376.0,868.0
2021-01-05 09:35:11.131,0.0392,0.0391,13.0,0.039,5.0,17376.0,868.0
2021-01-05 09:35:11.671,0.0392,0.0391,13.0,0.039,5.0,17376.0,868.0
2021-01-05 09:35:12.101,0.0392,0.0391,13.0,0.039,5.0,17376.0,868.0
2021-01-05 09:35:12.691,0.0391,0.0391,13.0,0.039,5.0,17376.0,878.0
2021-01-05 09:35:13.181,0.0391,0.0392,18.0,0.039,5.0,17376.0,878.0
2021-01-05 09:35:13.640,0.0391,0.0393,13.0,0.039,38.0,17376.0,878.0
2021-01-05 09:35:14.191,0.0391,0.0393,13.0,0.0392,10.0,17376.0,878.0
2021-01-05 09:35:14.700,0.0391,0.0394,13.0,0.0392,10.0,17376.0,878.0
2021-01-05 09:35:15.200,0.0391,0.0394,13.0,0.0392,10.0,17376.0,878.0
2021-01-05 09:35:15.701,0.0391,0.0394,13.0,0.0391,20.0,17376.0,878.0
2021-01-05 09:35:16.201,0.0391,0.0394,33.0,0.039,38.0,17376.0,878.0
2021-01-05 09:35:16.660,0.0391,0.0394,43.0,0.0391,13.0,17376.0,878.0
2021-01-05 09:35:17.190,0.0391,0.0394,20.0,0.0391,13.0,17376.0,878.0
2021-01-05 09:35:18.170,0.0391,0.0394,20.0,0.0391,13.0,17376.0,878.0
2021-01-05 09:35:18.681,0.0391,0.0395,5.0,0.0391,33.0,17376.0,878.0
2021-01-05 09:35:19.180,0.0391,0.0395,5.0,0.0392,33.0,17376.0,878.0
2021-01-05 09:35:19.641,0.0391,0.0395,5.0,0.0393,13.0,17376.0,878.0
2021-01-05 09:35:20.170,0.0391,0.0395,5.0,0.0393,13.0,17376.0,878.0
2021-01-05 09:35:20.631,0.0391,0.0395,18.0,0.0392,33.0,17376.0,878.0
2021-01-05 09:35:21.180,0.0391,0.0395,35.0,0.0393,13.0,17376.0,878.0
2021-01-05 09:35:21.601,0.0393,0.0394,30.0,0.0392,13.0,17376.0,879.0
2021-01-05 09:35:22.171,0.0393,0.0394,30.0,0.0391,13.0,17376.0,879.0
2021-01-05 09:35:22.631,0.0393,0.0394,40.0,0.0391,13.0,17376.0,879.0
2021-01-05 09:35:23.680,0.0393,0.0394,30.0,0.0391,13.0,17376.0,879.0
2021-01-05 09:35:24.171,0.0393,0.0395,38.0,0.0391,33.0,17376.0,879.0
2021-01-05 09:35:24.671,0.0393,0.0394,13.0,0.0391,33.0,17376.0,879.0
2021-01-05 09:35:25.170,0.0393,0.0394,13.0,0.0391,33.0,17376.0,879.0
2021-01-05 09:35:25.660,0.0393,0.0394,23.0,0.0391,33.0,17376.0,879.0
2021-01-05 09:35:26.171,0.0393,0.0394,23.0,0.0391,13.0,17376.0,879.0
2021-01-05 09:35:26.651,0.0394,0.0394,20.0,0.039,25.0,17378.0,881.0
2021-01-05 09:35:27.130,0.0394,0.0393,13.0,0.039,38.0,17378.0,881.0
2021-01-05 09:35:27.641,0.0394,0.0394,20.0,0.0391,33.0,17378.0,881.0
2021-01-05 09:35:28.131,0.0394,0.0394,33.0,0.0391,33.0,17378.0,881.0
2021-01-05 09:35:29.641,0.0394,0.0394,13.0,0.0391,33.0,17378.0,881.0
2021-01-05 09:35:30.121,0.0394,0.0394,13.0,0.0391,20.0,17378.0,881.0
2021-01-05 09:35:30.690,0.0394,0.0394,13.0,0.0391,20.0,17378.0,881.0
2021-01-05 09:35:31.170,0.0394,0.0394,13.0,0.0391,33.0,17378.0,881.0
2021-01-05 09:35:31.700,0.0394,0.0394,13.0,0.0391,33.0,17378.0,881.0
2021-01-05 09:35:32.150,0.0394,0.0394,33.0,0.0391,13.0,17378.0,881.0
2021-01-05 09:35:32.630,0.0394,0.0394,20.0,0.0391,13.0,17378.0,881.0
2021-01-05 09:35:33.191,0.0394,0.0394,38.0,0.0391,13.0,17378.0,881.0
2021-01-05 09:35:33.650,0.0394,0.0393,13.0,0.039,25.0,17378.0,881.0
2021-01-05 09:35:34.190,0.0394,0.0393,13.0,0.039,5.0,17378.0,881.0
2021-01-05 09:35:34.691,0.0394,0.0394,38.0,0.0391,13.0,17378.0,881.0
2021-01-05 09:35:35.200,0.0394,0.0393,13.0,0.039,18.0,17378.0,881.0
2021-01-05 09:35:35.600,0.0394,0.0393,33.0,0.039,5.0,17378.0,881.0
2021-01-05 09:35:36.161,0.0394,0.0392,13.0,0.039,5.0,17378.0,881.0
2021-01-05 09:35:36.601,0.0394,0.0392,13.0,0.039,5.0,17378.0,881.0
2021-01-05 09:35:37.171,0.0394,0.0392,13.0,0.039,5.0,17378.0,881.0
2021-01-05 09:35:38.190,0.0394,0.0392,13.0,0.039,5.0,17378.0,881.0
2021-01-05 09:35:38.651,0.0392,0.0392,13.0,0.039,5.0,17381.0,884.0
2021-01-05 09:35:39.140,0.0392,0.0393,38.0,0.039,18.0,17381.0,884.0
2021-01-05 09:35:40.191,0.0392,0.0393,38.0,0.039,18.0,17381.0,884.0
2021-01-05 09:35:40.691,0.0392,0.0393,25.0,0.0391,13.0,17381.0,884.0
2021-01-05 09:35:41.190,0.0392,0.0393,18.0,0.039,38.0,17381.0,884.0
2021-01-05 09:35:41.680,0.0392,0.0393,5.0,0.0391,13.0,17381.0,884.0
2021-01-05 09:35:42.160,0.0392,0.0393,18.0,0.039,38.0,17381.0,884.0
2021-01-05 09:35:42.670,0.0392,0.0392,5.0,0.039,18.0,17381.0,884.0
2021-01-05 09:35:43.190,0.0392,0.0392,18.0,0.039,5.0,17381.0,884.0
2021-01-05 09:35:43.661,0.0392,0.0392,5.0,0.0391,13.0,17381.0,884.0
2021-01-05 09:35:44.101,0.0391,0.0391,13.0,0.039,5.0,17381.0,894.0
2021-01-05 09:35:44.681,0.039,0.039,8.0,0.0388,20.0,17389.0,902.0
2021-01-05 09:35:45.071,0.039,0.0391,13.0,0.0388,33.0,17389.0,902.0
2021-01-05 09:35:45.670,0.039,0.0391,13.0,0.0387,33.0,17389.0,902.0
2021-01-05 09:35:46.170,0.039,0.0391,13.0,0.0387,20.0,17389.0,902.0
2021-01-05 09:35:46.700,0.039,0.0391,33.0,0.0387,20.0,17389.0,902.0
2021-01-05 09:35:47.201,0.039,0.039,13.0,0.0387,20.0,17389.0,902.0
2021-01-05 09:35:48.181,0.039,0.039,13.0,0.0386,20.0,17389.0,902.0
2021-01-05 09:35:48.700,0.039,0.0388,5.0,0.0386,33.0,17389.0,902.0
2021-01-05 09:35:49.190,0.039,0.0388,5.0,0.0386,33.0,17389.0,902.0
2021-01-05 09:35:49.701,0.039,0.0388,5.0,0.0386,33.0,17389.0,902.0
2021-01-05 09:35:50.150,0.039,0.0388,5.0,0.0386,33.0,17389.0,902.0
2021-01-05 09:35:50.630,0.0388,0.0388,1.0,0.0386,33.0,17393.0,906.0
2021-01-05 09:35:51.180,0.0388,0.0388,1.0,0.0387,13.0,17393.0,906.0
2021-01-05 09:35:51.710,0.0387,0.0388,1.0,0.0387,23.0,17393.0,911.0
2021-01-05 09:35:52.190,0.0388,0.039,33.0,0.0387,23.0,17394.0,912.0
2021-01-05 09:35:52.190,0.0388,0.039,33.0,0.0387,23.0,17394.0,912.0
2021-01-05 09:35:54.161,0.0388,0.039,33.0,0.0387,43.0,17394.0,912.0
2021-01-05 09:35:54.640,0.0387,0.0392,33.0,0.0388,13.0,17394.0,917.0
2021-01-05 09:35:55.151,0.0389,0.0393,5.0,0.0389,10.0,17394.0,927.0
2021-01-05 09:35:55.691,0.0389,0.0392,13.0,0.0389,10.0,17394.0,927.0
2021-01-05 09:35:56.140,0.0389,0.0392,13.0,0.0389,10.0,17394.0,927.0
2021-01-05 09:35:56.690,0.0389,0.0392,13.0,0.0389,10.0,17394.0,927.0
2021-01-05 09:35:57.060,0.0389,0.0392,13.0,0.0389,10.0,17394.0,927.0
2021-01-05 09:35:57.681,0.0389,0.0391,5.0,0.0389,10.0,17394.0,927.0
2021-01-05 09:35:58.150,0.0389,0.039,13.0,0.0389,10.0,17394.0,927.0
2021-01-05 09:35:59.160,0.0389,0.039,13.0,0.0389,10.0,17394.0,927.0
2021-01-05 09:36:00.201,0.0389,0.039,13.0,0.0387,25.0,17394.0,927.0
2021-01-05 09:36:00.680,0.0389,0.0389,10.0,0.0387,25.0,17394.0,927.0
2021-01-05 09:36:01.181,0.0389,0.0389,10.0,0.0387,38.0,17394.0,927.0
2021-01-05 09:36:02.170,0.0389,0.0389,10.0,0.0387,38.0,17394.0,927.0
2021-01-05 09:36:02.701,0.0387,0.0389,10.0,0.0388,20.0,17394.0,937.0
2021-01-05 09:36:03.150,0.0387,0.0389,10.0,0.0388,20.0,17394.0,937.0
2021-01-05 09:36:03.700,0.0387,0.0389,10.0,0.0388,20.0,17394.0,937.0
2021-01-05 09:36:04.201,0.0388,0.0389,10.0,0.0388,15.0,17394.0,942.0
2021-01-05 09:36:04.670,0.0388,0.0389,23.0,0.0388,15.0,17394.0,942.0
2021-01-05 09:36:05.590,0.0388,0.0389,10.0,0.0388,15.0,17394.0,942.0
2021-01-05 09:36:06.180,0.0388,0.0389,23.0,0.0388,15.0,17394.0,942.0
2021-01-05 09:36:06.700,0.0388,0.0389,10.0,0.0388,15.0,17394.0,942.0
2021-01-05 09:36:07.181,0.0388,0.0389,23.0,0.0388,15.0,17394.0,942.0
2021-01-05 09:36:08.641,0.0389,0.0389,21.0,0.0388,15.0,17396.0,944.0
2021-01-05 09:36:09.161,0.0389,0.0389,23.0,0.0388,15.0,17396.0,944.0
2021-01-05 09:36:09.691,0.0389,0.0389,10.0,0.0388,15.0,17396.0,944.0
2021-01-05 09:36:10.160,0.0389,0.0389,23.0,0.0388,15.0,17396.0,944.0
2021-01-05 09:36:10.671,0.0389,0.0389,10.0,0.0388,25.0,17396.0,944.0
2021-01-05 09:36:11.180,0.0389,0.0389,10.0,0.0388,25.0,17396.0,944.0
2021-01-05 09:36:11.651,0.0389,0.0389,10.0,0.0388,38.0,17396.0,944.0
2021-01-05 09:36:12.181,0.0389,0.0389,10.0,0.0388,25.0,17396.0,944.0
2021-01-05 09:36:12.690,0.0389,0.0389,10.0,0.0388,10.0,17396.0,944.0
2021-01-05 09:36:13.680,0.0389,0.0389,8.0,0.0388,10.0,17396.0,946.0
2021-01-05 09:36:14.150,0.0389,0.0389,10.0,0.0388,10.0,17396.0,946.0
2021-01-05 09:36:14.690,0.0389,0.0389,23.0,0.0388,10.0,17396.0,946.0
2021-01-05 09:36:15.170,0.0389,0.0389,10.0,0.0388,10.0,17396.0,946.0
2021-01-05 09:36:15.660,0.0389,0.0389,10.0,0.0388,10.0,17396.0,946.0
2021-01-05 09:36:16.680,0.0389,0.0389,23.0,0.0388,10.0,17396.0,946.0
2021-01-05 09:36:17.180,0.0389,0.0389,23.0,0.0388,10.0,17396.0,946.0
2021-01-05 09:36:18.181,0.0389,0.0389,10.0,0.0388,10.0,17396.0,946.0
2021-01-05 09:36:18.680,0.0389,0.0389,10.0,0.0388,30.0,17396.0,946.0
2021-01-05 09:36:19.151,0.0389,0.0389,10.0,0.0388,10.0,17396.0,946.0
2021-01-05 09:36:19.691,0.0389,0.0389,10.0,0.0388,23.0,17396.0,946.0
2021-01-05 09:36:20.161,0.0389,0.0389,10.0,0.0388,10.0,17396.0,946.0
2021-01-05 09:36:20.690,0.0389,0.0389,9.0,0.0388,10.0,17397.0,947.0
2021-01-05 09:36:21.120,0.0389,0.0389,10.0,0.0388,23.0,17397.0,947.0
2021-01-05 09:36:21.691,0.0389,0.0389,10.0,0.0388,30.0,17397.0,947.0
2021-01-05 09:36:22.171,0.0389,0.0389,25.0,0.0388,30.0,17397.0,947.0
2021-01-05 09:36:22.680,0.0389,0.0389,25.0,0.0388,30.0,17397.0,947.0
2021-01-05 09:36:23.191,0.0389,0.0389,25.0,0.0388,30.0,17397.0,947.0
2021-01-05 09:36:23.681,0.0389,0.0389,25.0,0.0388,30.0,17397.0,947.0
2021-01-05 09:36:24.651,0.0389,0.0388,13.0,0.0386,20.0,17397.0,947.0
2021-01-05 09:36:25.650,0.0387,0.0389,15.0,0.0387,10.0,17397.0,957.0
2021-01-05 09:36:26.171,0.0387,0.0388,13.0,0.0387,10.0,17397.0,957.0
2021-01-05 09:36:26.651,0.0388,0.0389,2.0,0.0386,20.0,17399.0,959.0
2021-01-05 09:36:27.160,0.0388,0.0388,13.0,0.0386,20.0,17399.0,959.0
2021-01-05 09:36:27.690,0.0388,0.0388,13.0,0.0386,20.0,17399.0,959.0
2021-01-05 09:36:28.120,0.0388,0.0388,13.0,0.0384,33.0,17399.0,959.0
2021-01-05 09:36:28.681,0.0388,0.0388,13.0,0.0384,33.0,17399.0,959.0
2021-01-05 09:36:29.171,0.0388,0.0388,13.0,0.0383,20.0,17399.0,959.0
2021-01-05 09:36:29.661,0.0388,0.0388,13.0,0.0384,13.0,17399.0,959.0
2021-01-05 09:36:30.161,0.0388,0.0388,33.0,0.0383,20.0,17399.0,959.0
2021-01-05 09:36:30.700,0.0388,0.0387,13.0,0.0384,20.0,17399.0,959.0
2021-01-05 09:36:31.181,0.0388,0.0387,23.0,0.0384,20.0,17399.0,959.0
2021-01-05 09:36:31.690,0.0388,0.0386,13.0,0.0384,20.0,17399.0,959.0
2021-01-05 09:36:32.660,0.0386,0.0387,23.0,0.0384,33.0,17401.0,961.0
2021-01-05 09:36:33.200,0.0384,0.0387,23.0,0.0384,31.0,17399.0,963.0
2021-01-05 09:36:33.680,0.0384,0.0386,13.0,0.0384,18.0,17399.0,963.0
2021-01-05 09:36:34.691,0.0386,0.0387,10.0,0.0384,18.0,17400.0,964.0
2021-01-05 09:36:35.150,0.0386,0.0387,10.0,0.0385,13.0,17400.0,964.0
2021-01-05 09:36:35.701,0.0386,0.0386,13.0,0.0384,18.0,17400.0,964.0
2021-01-05 09:36:36.191,0.0386,0.0387,10.0,0.0384,18.0,17400.0,964.0
2021-01-05 09:36:36.700,0.0386,0.0387,43.0,0.0384,13.0,17400.0,964.0
2021-01-05 09:36:37.190,0.0386,0.0387,30.0,0.0383,13.0,17400.0,964.0
2021-01-05 09:36:37.691,0.0386,0.0387,43.0,0.0383,13.0,17400.0,964.0
2021-01-05 09:36:38.041,0.0386,0.0387,43.0,0.0383,13.0,17400.0,964.0
2021-01-05 09:36:38.640,0.0387,0.0387,42.0,0.0383,13.0,17401.0,965.0
2021-01-05 09:36:39.090,0.0387,0.0386,20.0,0.0383,13.0,17401.0,965.0
2021-01-05 09:36:39.660,0.0387,0.0386,20.0,0.0383,13.0,17401.0,965.0
2021-01-05 09:36:40.191,0.0387,0.0387,30.0,0.0383,33.0,17401.0,965.0
2021-01-05 09:36:40.700,0.0387,0.0386,13.0,0.0383,33.0,17401.0,965.0
2021-01-05 09:36:41.641,0.0387,0.0387,30.0,0.0383,40.0,17401.0,965.0
2021-01-05 09:36:42.200,0.0386,0.0385,10.0,0.0384,13.0,17405.0,969.0
2021-01-05 09:36:42.690,0.0386,0.0386,10.0,0.0384,13.0,17405.0,969.0
2021-01-05 09:36:43.180,0.0384,0.0387,20.0,0.0384,3.0,17405.0,979.0
2021-01-05 09:36:43.700,0.0384,0.0387,20.0,0.0384,13.0,17405.0,979.0
2021-01-05 09:36:44.200,0.0384,0.0386,13.0,0.0383,33.0,17405.0,981.0
2021-01-05 09:36:44.680,0.0384,0.0384,1.0,0.0383,33.0,17405.0,981.0
2021-01-05 09:36:45.191,0.0384,0.0384,1.0,0.0382,33.0,17405.0,981.0
2021-01-05 09:36:45.631,0.0384,0.0384,1.0,0.0382,33.0,17405.0,981.0
2021-01-05 09:36:46.190,0.0384,0.0384,1.0,0.0382,33.0,17405.0,981.0
2021-01-05 09:36:46.501,0.0384,0.0384,1.0,0.0382,13.0,17405.0,981.0
2021-01-05 09:36:47.130,0.0384,0.0384,1.0,0.0382,13.0,17405.0,981.0
2021-01-05 09:36:47.660,0.0384,0.0384,1.0,0.0383,1.0,17405.0,981.0
2021-01-05 09:36:48.130,0.0384,0.0384,15.0,0.0383,1.0,17405.0,981.0
2021-01-05 09:36:48.630,0.0383,0.0383,9.0,0.0382,13.0,17406.0,982.0
2021-01-05 09:36:49.181,0.0383,0.0383,1.0,0.0382,13.0,17406.0,982.0
2021-01-05 09:36:49.700,0.0382,0.0384,3.0,0.0381,20.0,17406.0,992.0
2021-01-05 09:36:50.670,0.0382,0.0384,3.0,0.0382,13.0,17406.0,992.0
2021-01-05 09:36:51.671,0.0382,0.0384,17.0,0.0381,33.0,17406.0,992.0
2021-01-05 09:36:52.670,0.0384,0.0385,22.0,0.0384,1.0,17415.0,1001.0
2021-01-05 09:36:53.191,0.0384,0.0384,14.0,0.0381,33.0,17416.0,1002.0
2021-01-05 09:36:53.631,0.0384,0.0383,13.0,0.038,33.0,17426.0,1012.0
2021-01-05 09:36:54.120,0.0384,0.0384,20.0,0.0383,10.0,17426.0,1012.0
2021-01-05 09:36:54.631,0.0384,0.0385,17.0,0.0383,10.0,17426.0,1012.0
2021-01-05 09:36:55.171,0.0385,0.0386,20.0,0.0385,5.0,17439.0,1027.0
2021-01-05 09:36:55.651,0.0385,0.0386,33.0,0.0385,5.0,17439.0,1027.0
2021-01-05 09:36:56.141,0.0385,0.0386,33.0,0.0385,5.0,17439.0,1027.0
2021-01-05 09:36:56.691,0.0386,0.0386,29.0,0.0383,13.0,17444.0,1032.0
2021-01-05 09:36:57.171,0.0386,0.0386,6.0,0.0383,13.0,17454.0,1042.0
2021-01-05 09:36:58.610,0.0386,0.0387,13.0,0.0386,4.0,17460.0,1048.0
2021-01-05 09:36:59.181,0.0386,0.0386,17.0,0.0382,20.0,17464.0,1052.0
2021-01-05 09:36:59.690,0.0386,0.0385,13.0,0.0382,20.0,17464.0,1052.0
2021-01-05 09:37:00.151,0.0386,0.0385,13.0,0.0382,33.0,17464.0,1052.0
2021-01-05 09:37:00.591,0.0386,0.0385,13.0,0.0382,33.0,17464.0,1052.0
2021-01-05 09:37:01.081,0.0386,0.0385,13.0,0.0382,33.0,17464.0,1052.0
2021-01-05 09:37:01.640,0.0386,0.0385,10.0,0.0383,13.0,17464.0,1052.0
2021-01-05 09:37:02.191,0.0386,0.0385,13.0,0.0382,33.0,17464.0,1052.0
2021-01-05 09:37:02.640,0.0386,0.0386,11.0,0.0383,33.0,17464.0,1052.0
2021-01-05 09:37:03.151,0.0386,0.0386,11.0,0.0383,20.0,17464.0,1052.0
2021-01-05 09:37:03.630,0.0386,0.0386,25.0,0.0383,33.0,17464.0,1052.0
2021-01-05 09:37:04.200,0.0386,0.0386,25.0,0.0384,20.0,17464.0,1052.0
2021-01-05 09:37:04.690,0.0386,0.0386,12.0,0.0384,33.0,17464.0,1052.0
2021-01-05 09:37:05.140,0.0386,0.0386,25.0,0.0384,20.0,17464.0,1052.0
2021-01-05 09:37:05.701,0.0386,0.0386,12.0,0.0385,13.0,17464.0,1052.0
2021-01-05 09:37:06.171,0.0386,0.0386,11.0,0.0385,13.0,17464.0,1052.0
2021-01-05 09:37:06.700,0.0386,0.0386,10.0,0.0385,13.0,17464.0,1052.0
2021-01-05 09:37:07.180,0.0386,0.0386,10.0,0.0384,33.0,17464.0,1052.0
2021-01-05 09:37:07.681,0.0386,0.0386,10.0,0.0384,33.0,17464.0,1052.0
2021-01-05 09:37:08.200,0.0386,0.0386,23.0,0.0384,20.0,17464.0,1052.0
2021-01-05 09:37:08.630,0.0386,0.0386,23.0,0.0384,20.0,17464.0,1052.0
2021-01-05 09:37:09.170,0.0386,0.0386,10.0,0.0382,21.0,17464.0,1052.0
2021-01-05 09:37:09.660,0.0386,0.0386,10.0,0.0383,13.0,17464.0,1052.0
2021-01-05 09:37:10.140,0.0386,0.0386,10.0,0.0384,20.0,17464.0,1052.0
2021-01-05 09:37:10.701,0.0384,0.0386,23.0,0.0384,5.0,17464.0,1067.0
2021-01-05 09:37:11.700,0.0384,0.0386,10.0,0.0384,18.0,17464.0,1067.0
2021-01-05 09:37:12.131,0.0384,0.0386,10.0,0.0384,18.0,17464.0,1067.0
2021-01-05 09:37:12.620,0.0384,0.0386,10.0,0.0384,28.0,17464.0,1067.0
2021-01-05 09:37:13.181,0.0384,0.0386,10.0,0.0385,20.0,17464.0,1067.0
2021-01-05 09:37:13.681,0.0384,0.0386,23.0,0.0385,20.0,17464.0,1067.0
2021-01-05 09:37:14.130,0.0384,0.0386,23.0,0.0384,10.0,17464.0,1067.0
2021-01-05 09:37:14.701,0.0384,0.0386,23.0,0.0384,10.0,17464.0,1067.0
2021-01-05 09:37:15.160,0.0384,0.0386,23.0,0.0384,10.0,17464.0,1067.0
2021-01-05 09:37:16.461,0.0384,0.0386,10.0,0.0384,33.0,17464.0,1067.0
2021-01-05 09:37:17.200,0.0384,0.0386,10.0,0.0384,33.0,17464.0,1067.0
2021-01-05 09:37:17.671,0.0384,0.0386,23.0,0.0384,20.0,17464.0,1067.0
2021-01-05 09:37:18.061,0.0384,0.0386,10.0,0.0384,20.0,17464.0,1067.0
2021-01-05 09:37:18.710,0.0384,0.0386,10.0,0.0384,33.0,17464.0,1067.0
2021-01-05 09:37:18.891,0.0384,0.0385,13.0,0.0384,20.0,17464.0,1067.0
2021-01-05 09:37:19.711,0.0384,0.0386,23.0,0.0384,20.0,17464.0,1067.0
2021-01-05 09:37:20.211,0.0384,0.0386,13.0,0.0384,10.0,17464.0,1077.0
2021-01-05 09:37:21.200,0.0384,0.0387,36.0,0.0384,23.0,17464.0,1077.0
2021-01-05 09:37:21.701,0.0384,0.0386,13.0,0.0384,10.0,17464.0,1077.0
2021-01-05 09:37:23.150,0.0384,0.0386,13.0,0.0384,10.0,17464.0,1077.0
2021-01-05 09:37:23.701,0.0384,0.0386,13.0,0.0384,11.0,17464.0,1077.0
2021-01-05 09:37:24.631,0.0384,0.0387,15.0,0.0384,24.0,17464.0,1077.0
2021-01-05 09:37:25.200,0.0384,0.0386,13.0,0.0384,11.0,17464.0,1077.0
2021-01-05 09:37:25.670,0.0384,0.0385,15.0,0.0384,11.0,17464.0,1077.0
2021-01-05 09:37:26.170,0.0384,0.0385,18.0,0.0384,11.0,17464.0,1077.0
2021-01-05 09:37:26.650,0.0384,0.0385,5.0,0.0384,11.0,17464.0,1077.0
2021-01-05 09:37:27.130,0.0384,0.0385,18.0,0.0384,11.0,17464.0,1077.0
2021-01-05 09:37:27.551,0.0384,0.0384,13.0,0.0382,1.0,17464.0,1088.0
2021-01-05 09:37:28.081,0.0384,0.0383,3.0,0.0382,1.0,17464.0,1108.0
2021-01-05 09:37:28.550,0.0383,0.0385,5.0,0.0383,35.0,17464.0,1111.0
2021-01-05 09:37:29.130,0.0383,0.0384,10.0,0.0383,22.0,17464.0,1111.0
2021-01-05 09:37:29.611,0.0384,0.0385,5.0,0.0384,13.0,17464.0,1121.0
2021-01-05 09:37:30.191,0.0384,0.0385,5.0,0.0384,33.0,17464.0,1121.0
2021-01-05 09:37:30.590,0.0384,0.0385,18.0,0.0382,34.0,17464.0,1121.0
2021-01-05 09:37:31.190,0.0384,0.0385,5.0,0.0383,33.0,17464.0,1121.0
2021-01-05 09:37:31.691,0.0384,0.0385,5.0,0.0383,33.0,17464.0,1121.0
2021-01-05 09:37:32.181,0.0384,0.0385,5.0,0.0384,13.0,17464.0,1121.0
2021-01-05 09:37:32.651,0.0384,0.0385,5.0,0.0383,13.0,17464.0,1121.0
2021-01-05 09:37:33.180,0.0384,0.0385,18.0,0.0382,14.0,17464.0,1121.0
2021-01-05 09:37:33.701,0.0385,0.0385,33.0,0.0382,14.0,17470.0,1127.0
2021-01-05 09:37:34.200,0.0385,0.0385,20.0,0.0383,13.0,17470.0,1127.0
2021-01-05 09:37:34.500,0.0385,0.0385,33.0,0.0382,14.0,17470.0,1127.0
2021-01-05 09:37:35.170,0.0385,0.0384,10.0,0.0382,14.0,17470.0,1127.0
2021-01-05 09:37:35.650,0.0385,0.0385,43.0,0.0382,34.0,17470.0,1127.0
2021-01-05 09:37:36.200,0.0385,0.0384,13.0,0.0382,21.0,17470.0,1127.0
2021-01-05 09:37:36.671,0.0385,0.0385,43.0,0.0382,34.0,17470.0,1127.0
2021-01-05 09:37:37.691,0.0385,0.0385,43.0,0.0382,54.0,17470.0,1127.0
2021-01-05 09:37:38.161,0.0385,0.0385,23.0,0.0382,54.0,17470.0,1127.0
2021-01-05 09:37:39.170,0.0385,0.0385,10.0,0.0384,10.0,17470.0,1127.0
2021-01-05 09:37:39.700,0.0385,0.0385,10.0,0.0384,10.0,17470.0,1127.0
2021-01-05 09:37:41.131,0.0385,0.0385,10.0,0.0384,10.0,17470.0,1127.0
2021-01-05 09:37:42.130,0.0385,0.0385,10.0,0.0384,23.0,17470.0,1127.0
2021-01-05 09:37:42.691,0.0385,0.0385,10.0,0.0384,30.0,17470.0,1127.0
2021-01-05 09:37:43.181,0.0385,0.0385,10.0,0.0384,10.0,17470.0,1127.0
2021-01-05 09:37:43.640,0.0385,0.0385,10.0,0.0384,43.0,17470.0,1127.0
2021-01-05 09:37:44.190,0.0385,0.0387,1.0,0.0385,13.0,17470.0,1137.0
2021-01-05 09:37:44.641,0.0385,0.0387,13.0,0.0384,43.0,17470.0,1137.0
2021-01-05 09:37:45.191,0.0385,0.0387,13.0,0.0386,10.0,17470.0,1137.0
2021-01-05 09:37:45.650,0.0385,0.0387,13.0,0.0384,20.0,17470.0,1137.0
2021-01-05 09:37:46.601,0.0385,0.0387,13.0,0.0384,20.0,17470.0,1137.0
2021-01-05 09:37:47.210,0.0385,0.0387,33.0,0.0383,40.0,17470.0,1137.0
2021-01-05 09:37:47.661,0.0385,0.0386,13.0,0.0383,40.0,17470.0,1137.0
2021-01-05 09:37:48.201,0.0385,0.0386,33.0,0.0383,20.0,17470.0,1137.0
2021-01-05 09:37:48.700,0.0385,0.0385,13.0,0.0383,20.0,17470.0,1137.0
2021-01-05 09:37:49.670,0.0384,0.0385,13.0,0.0384,5.0,17470.0,1152.0
2021-01-05 09:37:50.220,0.0384,0.0386,20.0,0.0382,61.0,17470.0,1152.0
2021-01-05 09:37:50.681,0.0384,0.0385,13.0,0.0383,20.0,17470.0,1152.0
2021-01-05 09:37:51.161,0.0384,0.0385,13.0,0.0382,61.0,17470.0,1152.0
2021-01-05 09:37:51.630,0.0384,0.0385,13.0,0.0382,61.0,17470.0,1152.0
2021-01-05 09:37:52.191,0.0385,0.0385,30.0,0.0383,10.0,17470.0,1153.0
2021-01-05 09:37:52.660,0.0385,0.0384,13.0,0.0383,10.0,17470.0,1153.0
2021-01-05 09:37:53.040,0.0383,0.0383,13.0,0.0382,41.0,17470.0,1164.0
2021-01-05 09:37:53.620,0.0383,0.0383,13.0,0.0382,71.0,17470.0,1164.0
2021-01-05 09:37:54.170,0.0383,0.0384,20.0,0.0382,64.0,17470.0,1164.0
2021-01-05 09:37:54.690,0.0384,0.0384,13.0,0.0382,71.0,17471.0,1165.0
2021-01-05 09:37:55.190,0.0384,0.0384,20.0,0.0382,51.0,17471.0,1165.0
2021-01-05 09:37:55.691,0.0384,0.0383,13.0,0.0382,51.0,17471.0,1165.0
2021-01-05 09:37:56.121,0.0384,0.0383,23.0,0.0382,51.0,17471.0,1165.0
2021-01-05 09:37:56.611,0.0384,0.0383,10.0,0.0382,64.0,17471.0,1165.0
2021-01-05 09:37:57.170,0.0384,0.0383,23.0,0.0382,51.0,17471.0,1165.0
2021-01-05 09:37:57.240,0.0383,0.0383,9.0,0.0382,71.0,17471.0,1167.0
2021-01-05 09:37:58.091,0.0384,0.0384,13.0,0.0382,71.0,17485.0,1182.0
2021-01-05 09:37:58.640,0.0384,0.0385,33.0,0.0382,64.0,17485.0,1182.0
2021-01-05 09:37:59.161,0.0384,0.0384,43.0,0.0383,1.0,17485.0,1182.0
2021-01-05 09:38:00.131,0.0384,0.0384,33.0,0.0383,1.0,17485.0,1182.0
2021-01-05 09:38:00.680,0.0384,0.0384,33.0,0.0383,1.0,17485.0,1182.0
2021-01-05 09:38:01.681,0.0383,0.0383,13.0,0.0382,41.0,17486.0,1183.0
2021-01-05 09:38:02.190,0.0383,0.0383,23.0,0.0382,41.0,17486.0,1183.0
2021-01-05 09:38:03.191,0.0383,0.0383,23.0,0.0382,41.0,17486.0,1183.0
2021-01-05 09:38:03.721,0.0382,0.0383,30.0,0.0382,36.0,17491.0,1188.0
2021-01-05 09:38:04.680,0.0382,0.0383,40.0,0.0382,10.0,17517.0,1214.0
2021-01-05 09:38:05.181,0.0382,0.0383,40.0,0.038,1.0,17527.0,1224.0
2021-01-05 09:38:05.671,0.0382,0.0383,30.0,0.0381,13.0,17527.0,1224.0
2021-01-05 09:38:06.151,0.0382,0.0383,30.0,0.0381,13.0,17527.0,1224.0
2021-01-05 09:38:06.691,0.0382,0.0382,20.0,0.038,14.0,17527.0,1224.0
2021-01-05 09:38:07.200,0.0382,0.0381,10.0,0.038,1.0,17527.0,1224.0
2021-01-05 09:38:07.590,0.0382,0.0381,13.0,0.038,1.0,17527.0,1224.0
2021-01-05 09:38:08.021,0.0382,0.0381,10.0,0.038,14.0,17527.0,1224.0
2021-01-05 09:38:09.160,0.038,0.038,9.0,0.0378,20.0,17528.0,1225.0
2021-01-05 09:38:09.331,0.038,0.038,2.0,0.0379,13.0,17528.0,1225.0
2021-01-05 09:38:10.180,0.038,0.038,12.0,0.0378,13.0,17528.0,1225.0
2021-01-05 09:38:10.670,0.038,0.0379,15.0,0.0378,13.0,17528.0,1225.0
2021-01-05 09:38:11.141,0.0379,0.0379,14.0,0.0375,30.0,17528.0,1226.0
2021-01-05 09:38:11.701,0.0379,0.0379,14.0,0.0376,33.0,17528.0,1226.0
2021-01-05 09:38:12.191,0.0379,0.038,2.0,0.0379,8.0,17528.0,1240.0
2021-01-05 09:38:12.531,0.0379,0.038,2.0,0.0378,13.0,17528.0,1240.0
2021-01-05 09:38:13.110,0.0379,0.038,15.0,0.0377,33.0,17528.0,1240.0
2021-01-05 09:38:13.690,0.0379,0.038,15.0,0.0377,33.0,17528.0,1240.0
2021-01-05 09:38:14.141,0.0379,0.0379,13.0,0.0377,20.0,17528.0,1240.0
2021-01-05 09:38:14.691,0.0379,0.038,35.0,0.0377,13.0,17528.0,1240.0
2021-01-05 09:38:15.150,0.0379,0.038,65.0,0.0376,13.0,17528.0,1240.0
2021-01-05 09:38:15.730,0.0375,0.0379,22.0,0.0376,13.0,17528.0,1250.0
2021-01-05 09:38:16.210,0.0376,0.0379,22.0,0.0377,13.0,17528.0,1260.0
2021-01-05 09:38:16.731,0.0376,0.0375,7.0,0.0372,10.0,17528.0,1283.0
2021-01-05 09:38:17.190,0.0375,0.0379,22.0,0.0375,13.0,17528.0,1290.0
2021-01-05 09:38:17.701,0.0375,0.0378,13.0,0.0375,3.0,17528.0,1320.0
2021-01-05 09:38:18.231,0.0375,0.0378,10.0,0.0375,10.0,17528.0,1330.0
2021-01-05 09:38:18.660,0.0375,0.0375,10.0,0.0374,13.0,17528.0,1340.0
2021-01-05 09:38:19.230,0.0375,0.0375,23.0,0.0374,20.0,17533.0,1347.0
2021-01-05 09:38:19.670,0.0375,0.0375,43.0,0.0374,20.0,17533.0,1347.0
2021-01-05 09:38:20.231,0.0374,0.0375,56.0,0.0374,20.0,17533.0,1357.0
2021-01-05 09:38:20.671,0.0374,0.0375,73.0,0.0374,20.0,17533.0,1357.0
2021-01-05 09:38:21.240,0.0374,0.0375,73.0,0.0374,19.0,17532.0,1358.0
2021-01-05 09:38:21.670,0.0374,0.0375,106.0,0.0374,10.0,17532.0,1358.0
2021-01-05 09:38:22.661,0.0374,0.0375,106.0,0.0374,10.0,17532.0,1358.0
2021-01-05 09:38:23.201,0.0374,0.0375,113.0,0.0373,13.0,17532.0,1358.0
2021-01-05 09:38:23.681,0.0374,0.0375,113.0,0.0372,13.0,17532.0,1358.0
2021-01-05 09:38:24.141,0.0374,0.0375,113.0,0.0372,13.0,17532.0,1358.0
2021-01-05 09:38:24.690,0.0374,0.0375,113.0,0.0372,13.0,17532.0,1358.0
2021-01-05 09:38:25.101,0.0374,0.0375,113.0,0.0372,13.0,17532.0,1358.0
2021-01-05 09:38:25.700,0.0374,0.0374,10.0,0.0372,13.0,17532.0,1358.0
2021-01-05 09:38:26.100,0.0374,0.0375,143.0,0.0372,13.0,17532.0,1358.0
2021-01-05 09:38:26.701,0.0374,0.0375,124.0,0.0372,13.0,17532.0,1358.0
2021-01-05 09:38:27.691,0.0374,0.0375,124.0,0.0372,33.0,17532.0,1358.0
2021-01-05 09:38:28.171,0.0374,0.0375,137.0,0.0372,13.0,17532.0,1358.0
2021-01-05 09:38:28.680,0.0374,0.0375,144.0,0.0371,33.0,17532.0,1358.0
2021-01-05 09:38:29.191,0.0374,0.0375,144.0,0.0372,13.0,17532.0,1358.0
2021-01-05 09:38:29.641,0.0374,0.0375,157.0,0.0372,13.0,17532.0,1358.0
2021-01-05 09:38:30.190,0.0374,0.0374,13.0,0.0371,33.0,17532.0,1358.0
2021-01-05 09:38:30.670,0.0374,0.0375,144.0,0.0372,13.0,17532.0,1358.0
2021-01-05 09:38:31.181,0.0374,0.0374,20.0,0.0372,13.0,17532.0,1358.0
2021-01-05 09:38:31.700,0.0374,0.0374,33.0,0.0371,33.0,17532.0,1358.0
2021-01-05 09:38:32.171,0.0374,0.0373,10.0,0.0372,13.0,17532.0,1358.0
2021-01-05 09:38:32.701,0.0372,0.0373,20.0,0.0369,20.0,17532.0,1371.0
2021-01-05 09:38:33.191,0.0372,0.0373,40.0,0.0369,20.0,17532.0,1371.0
2021-01-05 09:38:33.700,0.0372,0.0372,30.0,0.037,13.0,17532.0,1371.0
2021-01-05 09:38:34.201,0.0372,0.0372,40.0,0.0368,1.0,17532.0,1371.0
2021-01-05 09:38:35.200,0.0372,0.0371,35.0,0.0368,14.0,17532.0,1371.0
2021-01-05 09:38:35.621,0.0371,0.037,13.0,0.0368,1.0,17552.0,1391.0
2021-01-05 09:38:36.180,0.0371,0.037,13.0,0.0368,1.0,17552.0,1391.0
2021-01-05 09:38:36.691,0.0369,0.0369,9.0,0.0368,14.0,17552.0,1392.0
2021-01-05 09:38:37.131,0.0369,0.037,22.0,0.0368,1.0,17552.0,1393.0
2021-01-05 09:38:37.680,0.0369,0.037,33.0,0.0368,1.0,17552.0,1393.0
2021-01-05 09:38:38.161,0.0369,0.037,63.0,0.0368,1.0,17552.0,1393.0
2021-01-05 09:38:38.660,0.0369,0.037,63.0,0.0368,1.0,17552.0,1393.0
2021-01-05 09:38:39.161,0.0368,0.037,63.0,0.0367,13.0,17553.0,1394.0
2021-01-05 09:38:39.661,0.0368,0.037,73.0,0.0366,13.0,17553.0,1394.0
2021-01-05 09:38:40.141,0.0368,0.0368,20.0,0.0365,13.0,17553.0,1394.0
2021-01-05 09:38:40.591,0.0368,0.0368,20.0,0.0364,13.0,17553.0,1394.0
2021-01-05 09:38:41.190,0.0368,0.0367,10.0,0.0364,33.0,17553.0,1394.0
2021-01-05 09:38:41.640,0.0368,0.0367,1.0,0.0365,13.0,17553.0,1394.0
2021-01-05 09:38:42.191,0.0368,0.0368,21.0,0.0364,33.0,17563.0,1404.0
2021-01-05 09:38:42.700,0.0368,0.0368,21.0,0.0365,13.0,17563.0,1404.0
2021-01-05 09:38:43.190,0.0368,0.0368,22.0,0.0365,13.0,17563.0,1404.0
2021-01-05 09:38:43.701,0.0368,0.0368,22.0,0.0365,13.0,17563.0,1404.0
2021-01-05 09:38:44.200,0.0368,0.0368,22.0,0.0365,13.0,17563.0,1404.0
2021-01-05 09:38:44.621,0.0368,0.0368,21.0,0.0365,13.0,17563.0,1405.0
2021-01-05 09:38:45.201,0.0368,0.0368,20.0,0.0365,33.0,17563.0,1405.0
2021-01-05 09:38:45.580,0.0368,0.037,21.0,0.0366,13.0,17573.0,1415.0
2021-01-05 09:38:46.200,0.0368,0.0369,20.0,0.0368,5.0,17573.0,1415.0
2021-01-05 09:38:46.631,0.0368,0.0369,20.0,0.0368,5.0,17573.0,1415.0
2021-01-05 09:38:47.140,0.0368,0.0369,20.0,0.0368,18.0,17573.0,1415.0
2021-01-05 09:38:48.200,0.0368,0.037,1.0,0.0369,13.0,17573.0,1415.0
2021-01-05 09:38:48.650,0.0368,0.037,1.0,0.0368,18.0,17573.0,1415.0
2021-01-05 09:38:49.691,0.037,0.0372,30.0,0.037,9.0,17574.0,1416.0
2021-01-05 09:38:50.091,0.037,0.0372,43.0,0.037,9.0,17574.0,1416.0
2021-01-05 09:38:50.651,0.037,0.0372,73.0,0.037,9.0,17574.0,1416.0
2021-01-05 09:38:51.170,0.0369,0.0371,33.0,0.0368,18.0,17583.0,1426.0
2021-01-05 09:38:51.691,0.0369,0.0369,10.0,0.0368,18.0,17583.0,1426.0
2021-01-05 09:38:52.150,0.0369,0.037,20.0,0.0368,18.0,17583.0,1426.0
2021-01-05 09:38:52.630,0.0369,0.0369,1.0,0.0368,5.0,17583.0,1426.0
2021-01-05 09:38:53.191,0.0369,0.0369,21.0,0.0368,5.0,17583.0,1426.0
2021-01-05 09:38:53.620,0.0368,0.0368,5.0,0.0367,13.0,17598.0,1441.0
2021-01-05 09:38:54.190,0.0368,0.0369,21.0,0.0366,13.0,17598.0,1441.0
2021-01-05 09:38:54.200,0.0368,0.0369,31.0,0.0366,13.0,17598.0,1441.0
2021-01-05 09:38:55.191,0.0368,0.0368,13.0,0.0365,33.0,17598.0,1441.0
2021-01-05 09:38:55.700,0.0368,0.0368,13.0,0.0365,33.0,17598.0,1441.0
2021-01-05 09:38:56.190,0.0368,0.0368,33.0,0.0365,13.0,17598.0,1441.0
2021-01-05 09:38:56.661,0.0368,0.0367,1.0,0.0364,13.0,17598.0,1441.0
2021-01-05 09:38:57.200,0.0368,0.0367,1.0,0.0366,20.0,17598.0,1441.0
2021-01-05 09:38:57.640,0.0368,0.0366,5.0,0.0365,13.0,17598.0,1441.0
2021-01-05 09:38:58.190,0.0367,0.0369,30.0,0.0368,4.0,17604.0,1447.0
2021-01-05 09:38:58.670,0.0367,0.0369,43.0,0.0368,4.0,17604.0,1447.0
2021-01-05 09:38:59.060,0.0368,0.0369,10.0,0.0368,3.0,17605.0,1448.0
2021-01-05 09:39:00.111,0.0368,0.0369,24.0,0.0368,1.0,17607.0,1450.0
2021-01-05 09:39:00.660,0.0368,0.0369,24.0,0.0368,2.0,17609.0,1452.0
2021-01-05 09:39:01.160,0.0368,0.0369,23.0,0.0368,2.0,17609.0,1452.0
2021-01-05 09:39:01.700,0.0369,0.0369,13.0,0.0368,2.0,17619.0,1462.0
2021-01-05 09:39:01.990,0.0369,0.037,34.0,0.0369,10.0,17619.0,1462.0
2021-01-05 09:39:02.660,0.0369,0.0369,23.0,0.0368,2.0,17629.0,1472.0
2021-01-05 09:39:03.150,0.0369,0.037,14.0,0.0368,2.0,17639.0,1482.0
2021-01-05 09:39:03.671,0.037,0.037,20.0,0.0368,2.0,17639.0,1486.0
2021-01-05 09:39:04.161,0.037,0.037,23.0,0.0368,2.0,17649.0,1496.0
2021-01-05 09:39:04.610,0.037,0.037,23.0,0.0368,2.0,17649.0,1496.0
2021-01-05 09:39:05.701,0.037,0.037,10.0,0.0368,15.0,17649.0,1496.0
2021-01-05 09:39:06.191,0.037,0.037,23.0,0.0368,2.0,17649.0,1496.0
2021-01-05 09:39:07.200,0.037,0.0369,10.0,0.0368,15.0,17649.0,1496.0
2021-01-05 09:39:07.680,0.037,0.037,20.0,0.0368,15.0,17649.0,1496.0
2021-01-05 09:39:08.131,0.037,0.037,20.0,0.0368,15.0,17649.0,1496.0
2021-01-05 09:39:08.690,0.037,0.037,20.0,0.0368,15.0,17649.0,1496.0
2021-01-05 09:39:09.161,0.037,0.037,33.0,0.0368,2.0,17649.0,1496.0
2021-01-05 09:39:09.601,0.037,0.037,53.0,0.0368,2.0,17649.0,1496.0
2021-01-05 09:39:10.191,0.037,0.037,40.0,0.0368,15.0,17649.0,1496.0
2021-01-05 09:39:10.721,0.037,0.037,53.0,0.0368,2.0,17649.0,1496.0
2021-01-05 09:39:11.201,0.0367,0.0368,18.0,0.0367,13.0,17651.0,1513.0
2021-01-05 09:39:11.701,0.0367,0.0368,19.0,0.0365,13.0,17651.0,1513.0
2021-01-05 09:39:12.220,0.0367,0.0368,1.0,0.0365,33.0,17651.0,1513.0
2021-01-05 09:39:12.690,0.0369,0.0367,10.0,0.0365,33.0,17656.0,1518.0
2021-01-05 09:39:13.720,0.0369,0.0368,10.0,0.0366,33.0,17656.0,1518.0
2021-01-05 09:39:14.160,0.0369,0.0368,23.0,0.0366,20.0,17656.0,1518.0
2021-01-05 09:39:14.650,0.0368,0.0368,13.0,0.0365,13.0,17666.0,1528.0
2021-01-05 09:39:15.220,0.0368,0.0369,16.0,0.0364,20.0,17666.0,1528.0
2021-01-05 09:39:15.720,0.0368,0.0368,13.0,0.0365,33.0,17666.0,1528.0
2021-01-05 09:39:16.121,0.0368,0.0368,13.0,0.0365,33.0,17666.0,1528.0
2021-01-05 09:39:16.721,0.0368,0.0368,3.0,0.0365,20.0,17676.0,1538.0
2021-01-05 09:39:17.191,0.0368,0.0368,13.0,0.0365,20.0,17676.0,1538.0
2021-01-05 09:39:17.641,0.0368,0.0369,17.0,0.0366,13.0,17676.0,1538.0
2021-01-05 09:39:18.221,0.0368,0.0369,17.0,0.0366,33.0,17676.0,1538.0
2021-01-05 09:39:18.671,0.0368,0.0369,30.0,0.0366,33.0,17676.0,1538.0
2021-01-05 09:39:19.710,0.0369,0.0368,13.0,0.0366,20.0,17686.0,1548.0
2021-01-05 09:39:20.221,0.0369,0.0368,10.0,0.0366,33.0,17686.0,1548.0
2021-01-05 09:39:20.741,0.0369,0.0368,13.0,0.0365,13.0,17686.0,1548.0
2021-01-05 09:39:21.231,0.0369,0.0369,30.0,0.0368,1.0,17686.0,1548.0
2021-01-05 09:39:21.671,0.0368,0.0368,13.0,0.0365,33.0,17687.0,1549.0
2021-01-05 09:39:22.211,0.0368,0.0368,13.0,0.0365,33.0,17687.0,1549.0
2021-01-05 09:39:22.651,0.0368,0.0367,10.0,0.0365,13.0,17687.0,1549.0
2021-01-05 09:39:23.200,0.0368,0.0368,27.0,0.0365,33.0,17690.0,1552.0
2021-01-05 09:39:24.151,0.0368,0.0366,10.0,0.0365,33.0,17690.0,1552.0
2021-01-05 09:39:25.700,0.0368,0.0368,23.0,0.0365,33.0,17690.0,1552.0
2021-01-05 09:39:26.130,0.0368,0.0368,43.0,0.0365,13.0,17690.0,1552.0
2021-01-05 09:39:26.641,0.0368,0.0368,30.0,0.0365,13.0,17690.0,1552.0
2021-01-05 09:39:27.210,0.0368,0.0368,30.0,0.0365,13.0,17690.0,1552.0
2021-01-05 09:39:27.711,0.0368,0.0368,30.0,0.0365,13.0,17690.0,1552.0
2021-01-05 09:39:29.231,0.0368,0.0368,30.0,0.0365,13.0,17690.0,1552.0
2021-01-05 09:39:29.721,0.0368,0.0368,30.0,0.0365,13.0,17690.0,1552.0
2021-01-05 09:39:30.220,0.0368,0.0368,10.0,0.0366,20.0,17690.0,1552.0
2021-01-05 09:39:30.721,0.0368,0.0367,13.0,0.0365,20.0,17690.0,1552.0
2021-01-05 09:39:31.121,0.0368,0.0368,23.0,0.0365,33.0,17690.0,1552.0
2021-01-05 09:39:31.701,0.0368,0.0366,10.0,0.0365,33.0,17690.0,1552.0
2021-01-05 09:39:32.120,0.0366,0.0367,10.0,0.0365,33.0,17690.0,1553.0
2021-01-05 09:39:32.700,0.0366,0.0367,23.0,0.0365,20.0,17690.0,1553.0
2021-01-05 09:39:33.180,0.0366,0.0367,10.0,0.0365,20.0,17690.0,1553.0
2021-01-05 09:39:33.530,0.0366,0.0367,10.0,0.0365,33.0,17690.0,1553.0
2021-01-05 09:39:34.681,0.0366,0.0367,10.0,0.0366,10.0,17690.0,1553.0
2021-01-05 09:39:35.701,0.0366,0.0367,10.0,0.0366,10.0,17690.0,1553.0
2021-01-05 09:39:36.231,0.0366,0.0367,10.0,0.0366,10.0,17690.0,1553.0
2021-01-05 09:39:37.221,0.0366,0.0367,10.0,0.0366,23.0,17690.0,1553.0
2021-01-05 09:39:38.650,0.0366,0.0367,10.0,0.0366,10.0,17690.0,1553.0
2021-01-05 09:39:39.241,0.0366,0.0367,10.0,0.0366,10.0,17690.0,1553.0
2021-01-05 09:39:41.220,0.0367,0.0367,8.0,0.0366,43.0,17690.0,1555.0
2021-01-05 09:39:41.750,0.0367,0.0367,8.0,0.0366,10.0,17690.0,1557.0
2021-01-05 09:39:42.210,0.0367,0.0367,10.0,0.0366,30.0,17690.0,1557.0
2021-01-05 09:39:42.740,0.0367,0.0367,10.0,0.0366,30.0,17690.0,1557.0
2021-01-05 09:39:43.191,0.0367,0.0367,10.0,0.0366,43.0,17690.0,1557.0
2021-01-05 09:39:43.570,0.0367,0.0369,13.0,0.0367,11.0,17690.0,1567.0
2021-01-05 09:39:44.231,0.0367,0.037,13.0,0.0367,11.0,17690.0,1567.0
2021-01-05 09:39:44.680,0.0367,0.037,43.0,0.0367,1.0,17690.0,1577.0
2021-01-05 09:39:45.251,0.0367,0.0367,3.0,0.0365,2.0,17690.0,1578.0
2021-01-05 09:39:45.750,0.0366,0.0367,15.0,0.0366,19.0,17690.0,1579.0
2021-01-05 09:39:46.190,0.0366,0.0367,2.0,0.0365,35.0,17690.0,1579.0
2021-01-05 09:39:46.691,0.0367,0.0367,10.0,0.0365,2.0,17695.0,1584.0
2021-01-05 09:39:47.250,0.0367,0.0367,13.0,0.0365,2.0,17695.0,1584.0
2021-01-05 09:39:47.731,0.0367,0.0368,33.0,0.0365,15.0,17695.0,1584.0
2021-01-05 09:39:48.221,0.0367,0.0368,20.0,0.0365,35.0,17695.0,1584.0
2021-01-05 09:39:48.720,0.0367,0.0367,13.0,0.0365,22.0,17695.0,1584.0
2021-01-05 09:39:49.241,0.0367,0.0368,33.0,0.0365,15.0,17695.0,1584.0
2021-01-05 09:39:49.711,0.0367,0.0367,13.0,0.0365,2.0,17695.0,1584.0
2021-01-05 09:39:50.061,0.0367,0.0366,10.0,0.0365,2.0,17695.0,1584.0
2021-01-05 09:39:50.710,0.0367,0.0366,23.0,0.0365,2.0,17695.0,1584.0
2021-01-05 09:39:51.241,0.0367,0.0366,10.0,0.0365,2.0,17695.0,1584.0
2021-01-05 09:39:51.730,0.0365,0.0366,10.0,0.0362,30.0,17697.0,1586.0
2021-01-05 09:39:52.251,0.0365,0.0365,5.0,0.0362,30.0,17697.0,1586.0
2021-01-05 09:39:52.251,0.0365,0.0365,5.0,0.0363,33.0,17697.0,1586.0
2021-01-05 09:39:53.181,0.0365,0.0365,3.0,0.0364,13.0,17697.0,1588.0
2021-01-05 09:39:53.630,0.0365,0.0369,40.0,0.0365,7.0,17697.0,1601.0
2021-01-05 09:39:54.191,0.0365,0.0368,20.0,0.0365,7.0,17697.0,1601.0
2021-01-05 09:39:54.691,0.0365,0.0367,13.0,0.0365,5.0,17697.0,1603.0
2021-01-05 09:39:55.181,0.0365,0.0367,33.0,0.0363,33.0,17697.0,1603.0
2021-01-05 09:39:55.640,0.0365,0.0367,20.0,0.0364,13.0,17697.0,1603.0
2021-01-05 09:39:56.120,0.0365,0.0366,33.0,0.0362,23.0,17697.0,1603.0
2021-01-05 09:39:56.691,0.0365,0.0366,33.0,0.0363,37.0,17697.0,1603.0
2021-01-05 09:39:57.181,0.0365,0.0366,20.0,0.0364,13.0,17697.0,1603.0
2021-01-05 09:39:57.580,0.0365,0.0367,33.0,0.0364,13.0,17697.0,1603.0
2021-01-05 09:39:58.170,0.0365,0.0367,20.0,0.0364,33.0,17697.0,1603.0
2021-01-05 09:39:58.600,0.0365,0.0367,33.0,0.0364,33.0,17697.0,1603.0
2021-01-05 09:39:59.050,0.0365,0.0366,23.0,0.0364,20.0,17697.0,1603.0
2021-01-05 09:39:59.670,0.0366,0.0366,5.0,0.0364,33.0,17702.0,1608.0
2021-01-05 09:40:00.631,0.0366,0.0366,10.0,0.0364,33.0,17702.0,1608.0
2021-01-05 09:40:01.201,0.0366,0.0366,10.0,0.0364,33.0,17702.0,1608.0
2021-01-05 09:40:01.570,0.0366,0.0366,10.0,0.0364,33.0,17702.0,1608.0
2021-01-05 09:40:02.141,0.0366,0.0366,9.0,0.0364,20.0,17702.0,1609.0
2021-01-05 09:40:02.671,0.0366,0.0366,8.0,0.0365,20.0,17702.0,1611.0
2021-01-05 09:40:03.171,0.0366,0.0366,25.0,0.0365,20.0,17702.0,1611.0
2021-01-05 09:40:03.691,0.0366,0.0366,10.0,0.0365,20.0,17702.0,1611.0
2021-01-05 09:40:04.150,0.0365,0.0366,5.0,0.0364,15.0,17702.0,1636.0
2021-01-05 09:40:04.700,0.0365,0.0366,10.0,0.0365,10.0,17702.0,1646.0
2021-01-05 09:40:05.170,0.0364,0.0365,5.0,0.0364,15.0,17702.0,1666.0
2021-01-05 09:40:05.701,0.0364,0.0365,5.0,0.0364,35.0,17702.0,1676.0
2021-01-05 09:40:06.200,0.0364,0.0365,5.0,0.0363,15.0,17702.0,1696.0
2021-01-05 09:40:06.701,0.0365,0.0364,5.0,0.0363,25.0,17702.0,1716.0
2021-01-05 09:40:07.151,0.0364,0.0366,15.0,0.0364,3.0,17706.0,1741.0
2021-01-05 09:40:07.700,0.0364,0.0367,15.0,0.0366,5.0,17713.0,1751.0
2021-01-05 09:40:08.110,0.0365,0.0366,5.0,0.0364,35.0,17726.0,1776.0
2021-01-05 09:40:08.690,0.0366,0.0368,20.0,0.0366,5.0,17731.0,1791.0
2021-01-05 09:40:09.170,0.0365,0.0367,15.0,0.0365,5.0,17736.0,1821.0
2021-01-05 09:40:09.691,0.0365,0.0369,15.0,0.0367,10.0,17736.0,1831.0
2021-01-05 09:40:10.150,0.0365,0.0366,10.0,0.0365,17.0,17746.0,1849.0
2021-01-05 09:40:10.651,0.0366,0.0367,15.0,0.0365,7.0,17756.0,1869.0
2021-01-05 09:40:11.170,0.0366,0.0367,15.0,0.0365,7.0,17756.0,1869.0
2021-01-05 09:40:11.671,0.0366,0.0367,15.0,0.0366,10.0,17756.0,1869.0
2021-01-05 09:40:12.190,0.0367,0.0367,15.0,0.0366,10.0,17766.0,1879.0
2021-01-05 09:40:12.680,0.0367,0.037,20.0,0.0366,20.0,17766.0,1887.0
2021-01-05 09:40:13.170,0.0367,0.037,20.0,0.0367,10.0,17766.0,1887.0
2021-01-05 09:40:13.700,0.0367,0.0369,15.0,0.0367,10.0,17766.0,1887.0
2021-01-05 09:40:14.150,0.0367,0.0369,15.0,0.0368,10.0,17766.0,1887.0
2021-01-05 09:40:14.701,0.0367,0.0369,15.0,0.0368,10.0,17766.0,1887.0
2021-01-05 09:40:15.191,0.0367,0.0369,15.0,0.0368,10.0,17766.0,1887.0
2021-01-05 09:40:15.690,0.0368,0.0369,15.0,0.0368,6.0,17776.0,1901.0
2021-01-05 09:40:16.140,0.0368,0.037,35.0,0.0368,6.0,17776.0,1901.0
2021-01-05 09:40:16.520,0.0368,0.0368,6.0,0.0366,35.0,17776.0,1907.0
2021-01-05 09:40:17.191,0.0368,0.0369,10.0,0.0367,25.0,17776.0,1907.0
2021-01-05 09:40:18.161,0.0369,0.0369,15.0,0.0367,10.0,17786.0,1917.0
2021-01-05 09:40:18.701,0.0369,0.0369,15.0,0.0367,10.0,17796.0,1927.0
2021-01-05 09:40:19.190,0.0369,0.037,20.0,0.0367,10.0,17796.0,1927.0
2021-01-05 09:40:19.711,0.0369,0.0369,15.0,0.0367,10.0,17796.0,1927.0
2021-01-05 09:40:20.191,0.0368,0.0368,10.0,0.0367,10.0,17806.0,1937.0
2021-01-05 09:40:20.691,0.0367,0.0368,10.0,0.0367,8.0,17806.0,1939.0
2021-01-05 09:40:21.200,0.0368,0.0369,15.0,0.0366,15.0,17816.0,1949.0
2021-01-05 09:40:21.701,0.0368,0.0368,20.0,0.0365,15.0,17816.0,1949.0
2021-01-05 09:40:22.210,0.0368,0.0368,20.0,0.0365,15.0,17816.0,1949.0
2021-01-05 09:40:22.650,0.0368,0.0368,18.0,0.0365,15.0,17818.0,1951.0
2021-01-05 09:40:23.200,0.0368,0.0368,18.0,0.0365,15.0,17818.0,1951.0
2021-01-05 09:40:23.701,0.0368,0.0367,10.0,0.0365,15.0,17818.0,1951.0
2021-01-05 09:40:24.681,0.0368,0.0368,28.0,0.0365,15.0,17818.0,1951.0
2021-01-05 09:40:25.121,0.0368,0.0366,10.0,0.0365,15.0,17818.0,1951.0
2021-01-05 09:40:25.570,0.0368,0.0367,10.0,0.0365,15.0,17818.0,1951.0
2021-01-05 09:40:26.181,0.0368,0.0367,10.0,0.0365,15.0,17818.0,1951.0
2021-01-05 09:40:26.650,0.0368,0.0367,10.0,0.0365,15.0,17818.0,1951.0
2021-01-05 09:40:27.140,0.0368,0.0367,10.0,0.0365,15.0,17818.0,1951.0
2021-01-05 09:40:27.701,0.0368,0.0367,20.0,0.0365,15.0,17818.0,1951.0
2021-01-05 09:40:28.200,0.0368,0.0367,20.0,0.0365,15.0,17818.0,1951.0
2021-01-05 09:40:29.170,0.0368,0.0367,20.0,0.0365,15.0,17818.0,1951.0
2021-01-05 09:40:30.160,0.0368,0.0366,15.0,0.0364,50.0,17818.0,1951.0
2021-01-05 09:40:30.700,0.0368,0.0367,35.0,0.0364,65.0,17818.0,1951.0
2021-01-05 09:40:31.991,0.0368,0.0367,55.0,0.0364,65.0,17818.0,1951.0
2021-01-05 09:40:32.611,0.0368,0.0367,30.0,0.0365,15.0,17818.0,1951.0
2021-01-05 09:40:33.191,0.0368,0.0367,10.0,0.0365,15.0,17818.0,1951.0
2021-01-05 09:40:33.681,0.0368,0.0367,10.0,0.0365,35.0,17818.0,1951.0
2021-01-05 09:40:34.171,0.0368,0.0367,10.0,0.0366,15.0,17818.0,1951.0
2021-01-05 09:40:34.601,0.0368,0.0367,10.0,0.0365,35.0,17818.0,1951.0
2021-01-05 09:40:35.201,0.0368,0.0367,10.0,0.0366,15.0,17818.0,1951.0
2021-01-05 09:40:35.681,0.0368,0.0367,10.0,0.0365,35.0,17818.0,1951.0
2021-01-05 09:40:37.700,0.0367,0.0368,35.0,0.0365,15.0,17828.0,1961.0
2021-01-05 09:40:38.130,0.0367,0.0367,50.0,0.0365,15.0,17828.0,1961.0
2021-01-05 09:40:39.041,0.0367,0.0367,50.0,0.0365,15.0,17828.0,1961.0
2021-01-05 09:40:39.681,0.0367,0.0367,50.0,0.0365,15.0,17828.0,1961.0
2021-01-05 09:40:40.061,0.0367,0.0367,50.0,0.0365,35.0,17828.0,1961.0
2021-01-05 09:40:40.670,0.0367,0.0367,50.0,0.0366,15.0,17828.0,1961.0
2021-01-05 09:40:41.191,0.0367,0.0367,50.0,0.0366,15.0,17828.0,1961.0
2021-01-05 09:40:41.640,0.0367,0.0367,40.0,0.0366,15.0,17838.0,1971.0
2021-01-05 09:40:42.201,0.0367,0.0367,40.0,0.0366,15.0,17838.0,1971.0
2021-01-05 09:40:42.601,0.0367,0.0367,40.0,0.0366,63.0,17838.0,1971.0
2021-01-05 09:40:43.191,0.0367,0.0367,25.0,0.0366,48.0,17838.0,1991.0
2021-01-05 09:40:43.621,0.0367,0.0367,10.0,0.0366,48.0,17838.0,2006.0
2021-01-05 09:40:44.201,0.0367,0.0368,15.0,0.0366,38.0,17858.0,2026.0
2021-01-05 09:40:45.131,0.0367,0.0368,15.0,0.0366,38.0,17858.0,2026.0
2021-01-05 09:40:46.161,0.0367,0.0369,35.0,0.0366,53.0,17858.0,2026.0
2021-01-05 09:40:46.581,0.0367,0.0368,15.0,0.0366,38.0,17858.0,2026.0
2021-01-05 09:40:47.611,0.0368,0.0369,20.0,0.0366,38.0,17868.0,2036.0
2021-01-05 09:40:48.160,0.0368,0.0369,20.0,0.0367,15.0,17868.0,2036.0
2021-01-05 09:40:48.700,0.0369,0.0369,10.0,0.0367,15.0,17878.0,2046.0
2021-01-05 09:40:49.111,0.0369,0.0369,25.0,0.0368,10.0,17878.0,2046.0
2021-01-05 09:40:49.640,0.0369,0.0369,10.0,0.0368,10.0,17878.0,2046.0
2021-01-05 09:40:50.181,0.0368,0.0369,10.0,0.0367,15.0,17888.0,2056.0
2021-01-05 09:40:50.671,0.0368,0.0369,10.0,0.0367,15.0,17888.0,2056.0
2021-01-05 09:40:51.021,0.0369,0.0369,5.0,0.0368,10.0,17893.0,2061.0
2021-01-05 09:40:51.601,0.0369,0.0369,4.0,0.0368,10.0,17894.0,2062.0
2021-01-05 09:40:52.181,0.0369,0.0369,19.0,0.0368,10.0,17894.0,2062.0
2021-01-05 09:40:52.650,0.0369,0.0372,10.0,0.0368,10.0,17904.0,2072.0
2021-01-05 09:40:53.171,0.037,0.037,10.0,0.0368,10.0,17914.0,2082.0
2021-01-05 09:40:53.651,0.037,0.037,25.0,0.0368,10.0,17914.0,2082.0
2021-01-05 09:40:54.141,0.037,0.0369,15.0,0.0366,73.0,17924.0,2092.0
2021-01-05 09:40:54.521,0.037,0.0371,35.0,0.037,20.0,17924.0,2092.0
2021-01-05 09:40:55.111,0.0373,0.037,15.0,0.0366,73.0,17944.0,2162.0
2021-01-05 09:40:55.111,0.0373,0.0369,20.0,0.0366,58.0,17944.0,2162.0
2021-01-05 09:40:56.121,0.0373,0.0368,10.0,0.0367,10.0,17944.0,2162.0
2021-01-05 09:40:56.600,0.0373,0.0369,45.0,0.0366,53.0,17944.0,2162.0
2021-01-05 09:40:57.180,0.0373,0.0369,45.0,0.0366,53.0,17944.0,2162.0
2021-01-05 09:40:57.710,0.0373,0.0369,30.0,0.0367,15.0,17944.0,2162.0
2021-01-05 09:40:58.110,0.0373,0.0369,30.0,0.0367,15.0,17944.0,2162.0
2021-01-05 09:40:58.721,0.0373,0.0369,30.0,0.0366,38.0,17944.0,2162.0
2021-01-05 09:40:58.980,0.0373,0.0369,45.0,0.0366,53.0,17944.0,2162.0
2021-01-05 09:40:59.721,0.0373,0.0369,30.0,0.0367,15.0,17944.0,2162.0
2021-01-05 09:41:00.150,0.0369,0.0369,20.0,0.0366,58.0,17954.0,2172.0
2021-01-05 09:41:00.611,0.0369,0.0369,35.0,0.0366,73.0,17954.0,2172.0
2021-01-05 09:41:01.041,0.0369,0.0369,35.0,0.0366,73.0,17954.0,2172.0
2021-01-05 09:41:01.650,0.0369,0.0369,10.0,0.0367,15.0,17954.0,2172.0
2021-01-05 09:41:02.190,0.0369,0.0369,10.0,0.0367,15.0,17954.0,2172.0
2021-01-05 09:41:03.110,0.0369,0.0369,25.0,0.0366,73.0,17954.0,2172.0
2021-01-05 09:41:03.721,0.0369,0.0369,25.0,0.0366,73.0,17954.0,2172.0
2021-01-05 09:41:04.180,0.0369,0.0369,45.0,0.0366,73.0,17954.0,2172.0
2021-01-05 09:41:04.680,0.0369,0.0369,30.0,0.0366,58.0,17954.0,2172.0
2021-01-05 09:41:05.220,0.0369,0.0369,30.0,0.0367,15.0,17954.0,2172.0
2021-01-05 09:41:05.660,0.0369,0.0369,30.0,0.0366,58.0,17954.0,2172.0
2021-01-05 09:41:06.221,0.0369,0.0369,45.0,0.0366,73.0,17954.0,2172.0
2021-01-05 09:41:07.100,0.0369,0.0369,30.0,0.0366,58.0,17954.0,2172.0
2021-01-05 09:41:07.631,0.0369,0.0369,45.0,0.0366,73.0,17954.0,2172.0
2021-01-05 09:41:08.201,0.0369,0.0369,55.0,0.0366,53.0,17954.0,2172.0
2021-01-05 09:41:08.701,0.0369,0.0369,45.0,0.0366,53.0,17954.0,2172.0
2021-01-05 09:41:09.210,0.0369,0.0369,45.0,0.0366,53.0,17954.0,2172.0
2021-01-05 09:41:09.650,0.0369,0.0368,15.0,0.0366,38.0,17954.0,2172.0
2021-01-05 09:41:10.220,0.0369,0.0368,15.0,0.0366,38.0,17954.0,2172.0
2021-01-05 09:41:10.710,0.0369,0.0368,15.0,0.0366,38.0,17954.0,2172.0
2021-01-05 09:41:11.210,0.0369,0.0369,45.0,0.0366,53.0,17954.0,2172.0
2021-01-05 09:41:11.711,0.0369,0.0369,55.0,0.0366,53.0,17954.0,2172.0
2021-01-05 09:41:12.151,0.0369,0.0369,40.0,0.0366,38.0,17954.0,2172.0
2021-01-05 09:41:12.710,0.0369,0.0368,15.0,0.0366,38.0,17954.0,2172.0
2021-01-05 09:41:13.161,0.0369,0.0369,30.0,0.0367,15.0,17954.0,2172.0
2021-01-05 09:41:13.711,0.0367,0.0371,35.0,0.0367,5.0,17954.0,2182.0
2021-01-05 09:41:14.160,0.0367,0.0369,20.0,0.0366,53.0,17954.0,2182.0
2021-01-05 09:41:14.671,0.0367,0.0369,35.0,0.0366,73.0,17954.0,2182.0
2021-01-05 09:41:15.050,0.0367,0.037,20.0,0.0367,15.0,17954.0,2182.0
2021-01-05 09:41:15.651,0.0367,0.0369,15.0,0.0366,73.0,17954.0,2182.0
2021-01-05 09:41:16.210,0.0367,0.037,20.0,0.0367,15.0,17954.0,2182.0
2021-01-05 09:41:16.500,0.0367,0.0369,15.0,0.0366,73.0,17954.0,2182.0
2021-01-05 09:41:18.200,0.0367,0.037,20.0,0.0367,15.0,17954.0,2182.0
2021-01-05 09:41:18.600,0.0367,0.0369,15.0,0.0366,73.0,17954.0,2182.0
2021-01-05 09:41:19.161,0.0366,0.0369,35.0,0.0366,71.0,17957.0,2185.0
2021-01-05 09:41:19.601,0.0366,0.0368,10.0,0.0366,71.0,17957.0,2185.0
2021-01-05 09:41:19.960,0.0366,0.0369,45.0,0.0366,68.0,17957.0,2188.0
2021-01-05 09:41:21.190,0.0366,0.0368,15.0,0.0366,53.0,17957.0,2188.0
2021-01-05 09:41:21.551,0.0366,0.0369,45.0,0.0366,68.0,17957.0,2188.0
2021-01-05 09:41:22.700,0.0366,0.0369,45.0,0.0366,48.0,17957.0,2188.0
2021-01-05 09:41:24.171,0.0366,0.0369,45.0,0.0366,68.0,17957.0,2188.0
2021-01-05 09:41:24.651,0.0366,0.0368,15.0,0.0366,53.0,17957.0,2188.0
2021-01-05 09:41:25.120,0.0366,0.0368,15.0,0.0366,53.0,17957.0,2188.0
2021-01-05 09:41:25.641,0.0366,0.0368,15.0,0.0366,33.0,17957.0,2188.0
2021-01-05 09:41:26.190,0.0366,0.0368,15.0,0.0366,33.0,17957.0,2188.0
2021-01-05 09:41:27.131,0.0366,0.0368,15.0,0.0366,33.0,17957.0,2188.0
2021-01-05 09:41:27.710,0.0366,0.0368,35.0,0.0366,33.0,17957.0,2188.0
2021-01-05 09:41:28.171,0.0366,0.0367,10.0,0.0366,33.0,17957.0,2188.0
2021-01-05 09:41:28.540,0.0366,0.0368,45.0,0.0366,33.0,17957.0,2188.0
2021-01-05 09:41:29.070,0.0367,0.0367,15.0,0.0366,33.0,17967.0,2198.0
2021-01-05 09:41:30.180,0.0367,0.0368,45.0,0.0366,33.0,17967.0,2198.0
2021-01-05 09:41:30.240,0.0367,0.0368,95.0,0.0366,33.0,17967.0,2198.0
2021-01-05 09:41:31.181,0.0367,0.0368,80.0,0.0366,48.0,17967.0,2198.0
2021-01-05 09:41:31.700,0.0367,0.0368,95.0,0.0366,33.0,17967.0,2198.0
2021-01-05 09:41:32.220,0.0367,0.0367,5.0,0.0366,33.0,17967.0,2198.0
2021-01-05 09:41:32.670,0.0367,0.0367,5.0,0.0366,48.0,17967.0,2198.0
2021-01-05 09:41:33.171,0.0366,0.0368,80.0,0.0366,23.0,17987.0,2218.0
2021-01-05 09:41:33.680,0.0366,0.0368,65.0,0.0366,38.0,17987.0,2218.0
2021-01-05 09:41:34.120,0.0366,0.0368,45.0,0.0366,38.0,17987.0,2218.0
2021-01-05 09:41:34.720,0.0366,0.0368,60.0,0.0366,23.0,17987.0,2218.0
2021-01-05 09:41:35.721,0.0366,0.0368,80.0,0.0366,23.0,17987.0,2218.0
2021-01-05 09:41:36.070,0.0366,0.0367,15.0,0.0366,23.0,17987.0,2218.0
2021-01-05 09:41:36.720,0.0366,0.0367,15.0,0.0366,23.0,17987.0,2218.0
2021-01-05 09:41:37.711,0.0366,0.0367,35.0,0.0366,23.0,17987.0,2218.0
2021-01-05 09:41:38.220,0.0366,0.0367,30.0,0.0366,23.0,17987.0,2218.0
2021-01-05 09:41:38.650,0.0366,0.0367,20.0,0.0366,28.0,17997.0,2228.0
2021-01-05 09:41:39.221,0.0367,0.0368,45.0,0.0366,13.0,17997.0,2248.0
2021-01-05 09:41:39.521,0.0367,0.0368,90.0,0.0366,13.0,17997.0,2248.0
2021-01-05 09:41:40.231,0.0367,0.0368,90.0,0.0366,13.0,17997.0,2248.0
2021-01-05 09:41:40.740,0.0368,0.0368,80.0,0.0366,13.0,18007.0,2258.0
2021-01-05 09:41:41.130,0.0368,0.0368,55.0,0.0366,28.0,18007.0,2258.0
2021-01-05 09:41:41.730,0.0368,0.0368,55.0,0.0366,28.0,18007.0,2258.0
2021-01-05 09:41:42.201,0.0368,0.0368,55.0,0.0366,13.0,18007.0,2258.0
2021-01-05 09:41:42.700,0.0368,0.0368,50.0,0.0366,13.0,18007.0,2258.0
2021-01-05 09:41:43.080,0.0368,0.0368,35.0,0.0366,28.0,18007.0,2258.0
2021-01-05 09:41:43.720,0.0368,0.0368,25.0,0.0366,28.0,18017.0,2268.0
2021-01-05 09:41:44.220,0.0368,0.0368,25.0,0.0366,28.0,18017.0,2268.0
2021-01-05 09:41:44.671,0.0368,0.0367,10.0,0.0366,28.0,18017.0,2268.0
2021-01-05 09:41:45.190,0.0368,0.0368,35.0,0.0366,13.0,18017.0,2268.0
2021-01-05 09:41:45.701,0.0368,0.0368,35.0,0.0366,28.0,18017.0,2268.0
2021-01-05 09:41:46.241,0.0368,0.0368,35.0,0.0366,28.0,18017.0,2268.0
2021-01-05 09:41:46.581,0.0368,0.0368,35.0,0.0367,15.0,18017.0,2268.0
2021-01-05 09:41:47.170,0.0368,0.0368,45.0,0.0367,15.0,18027.0,2278.0
2021-01-05 09:41:47.741,0.0368,0.0368,45.0,0.0366,13.0,18027.0,2278.0
2021-01-05 09:41:48.181,0.0368,0.0368,55.0,0.0366,13.0,18027.0,2278.0
2021-01-05 09:41:48.740,0.0368,0.0368,55.0,0.0366,28.0,18027.0,2278.0
2021-01-05 09:41:49.191,0.0368,0.0368,55.0,0.0367,15.0,18027.0,2278.0
2021-01-05 09:41:49.451,0.0368,0.0368,65.0,0.0366,28.0,18027.0,2278.0
2021-01-05 09:41:50.231,0.0368,0.0367,35.0,0.0366,13.0,18027.0,2278.0
2021-01-05 09:41:50.751,0.0366,0.0366,15.0,0.0365,27.0,18040.0,2291.0
2021-01-05 09:41:51.251,0.0366,0.0366,10.0,0.0365,42.0,18040.0,2291.0
2021-01-05 09:41:51.760,0.0366,0.0366,10.0,0.0365,42.0,18040.0,2291.0
2021-01-05 09:41:52.261,0.0366,0.0366,10.0,0.0365,42.0,18040.0,2291.0
2021-01-05 09:41:52.690,0.0366,0.0366,10.0,0.0365,27.0,18040.0,2291.0
2021-01-05 09:41:53.151,0.0366,0.0366,10.0,0.0365,27.0,18040.0,2291.0
2021-01-05 09:41:53.681,0.0366,0.0367,55.0,0.0365,27.0,18050.0,2301.0
2021-01-05 09:41:54.161,0.0366,0.0366,15.0,0.0365,27.0,18050.0,2301.0
2021-01-05 09:41:54.670,0.0366,0.0366,15.0,0.0365,27.0,18050.0,2301.0
2021-01-05 09:41:55.101,0.0366,0.0366,45.0,0.0365,27.0,18050.0,2301.0
2021-01-05 09:41:55.671,0.0366,0.0366,45.0,0.0365,27.0,18050.0,2301.0
2021-01-05 09:41:56.151,0.0365,0.0366,20.0,0.0365,15.0,18060.0,2323.0
2021-01-05 09:41:56.670,0.0365,0.0366,15.0,0.0365,15.0,18060.0,2323.0
2021-01-05 09:41:57.110,0.0365,0.0366,35.0,0.0365,15.0,18060.0,2323.0
2021-01-05 09:41:57.640,0.0365,0.0367,45.0,0.0365,15.0,18060.0,2323.0
2021-01-05 09:41:58.660,0.0365,0.0367,45.0,0.0366,5.0,18060.0,2323.0
2021-01-05 09:41:59.131,0.0365,0.0367,45.0,0.0365,10.0,18070.0,2333.0
2021-01-05 09:41:59.700,0.0365,0.0367,35.0,0.0364,45.0,18088.0,2353.0
2021-01-05 09:42:00.151,0.0365,0.0366,10.0,0.0364,65.0,18098.0,2363.0
2021-01-05 09:42:00.701,0.0365,0.0366,25.0,0.0364,50.0,18098.0,2363.0
2021-01-05 09:42:01.190,0.0366,0.0366,25.0,0.0364,50.0,18108.0,2373.0
2021-01-05 09:42:01.651,0.0365,0.0366,45.0,0.0364,30.0,18118.0,2383.0
2021-01-05 09:42:02.201,0.0365,0.0366,65.0,0.0364,30.0,18118.0,2383.0
2021-01-05 09:42:02.641,0.0366,0.0366,65.0,0.0364,31.0,18128.0,2393.0
2021-01-05 09:42:02.710,0.0366,0.0366,60.0,0.0364,31.0,18128.0,2393.0
2021-01-05 09:42:03.690,0.0366,0.0366,50.0,0.0364,46.0,18138.0,2403.0
2021-01-05 09:42:04.120,0.0366,0.0366,40.0,0.0364,46.0,18148.0,2413.0
2021-01-05 09:42:04.641,0.0366,0.0366,40.0,0.0365,15.0,18148.0,2413.0
2021-01-05 09:42:05.211,0.0366,0.0366,40.0,0.0364,46.0,18148.0,2413.0
2021-01-05 09:42:05.711,0.0366,0.0366,40.0,0.0365,15.0,18148.0,2413.0
2021-01-05 09:42:06.181,0.0365,0.0366,40.0,0.0364,46.0,18148.0,2423.0
2021-01-05 09:42:06.690,0.0365,0.0366,40.0,0.0364,66.0,18148.0,2423.0
2021-01-05 09:42:07.230,0.0365,0.0366,55.0,0.0364,51.0,18148.0,2423.0
2021-01-05 09:42:07.691,0.0365,0.0366,55.0,0.0364,51.0,18148.0,2423.0
2021-01-05 09:42:08.220,0.0366,0.0366,30.0,0.0364,66.0,18158.0,2433.0
2021-01-05 09:42:09.230,0.0366,0.0366,20.0,0.0364,51.0,18158.0,2433.0
2021-01-05 09:42:09.570,0.0366,0.0366,35.0,0.0364,51.0,18158.0,2433.0
2021-01-05 09:42:10.200,0.0366,0.0366,25.0,0.0364,31.0,18168.0,2443.0
2021-01-05 09:42:10.681,0.0366,0.0365,15.0,0.0364,31.0,18168.0,2443.0
2021-01-05 09:42:11.211,0.0366,0.0365,15.0,0.0364,31.0,18168.0,2443.0
2021-01-05 09:42:11.720,0.0364,0.0365,25.0,0.0364,11.0,18188.0,2463.0
2021-01-05 09:42:12.210,0.0364,0.0365,15.0,0.0362,15.0,18199.0,2474.0
2021-01-05 09:42:12.721,0.0364,0.0366,55.0,0.0362,15.0,18199.0,2474.0
2021-01-05 09:42:13.211,0.0364,0.0364,10.0,0.0362,35.0,18199.0,2474.0
2021-01-05 09:42:13.731,0.0364,0.0365,8.0,0.0363,35.0,18199.0,2476.0
2021-01-05 09:42:14.150,0.0364,0.0365,8.0,0.0363,35.0,18199.0,2476.0
2021-01-05 09:42:15.170,0.0364,0.0365,10.0,0.0363,35.0,18199.0,2476.0
2021-01-05 09:42:15.650,0.0364,0.0365,10.0,0.0364,20.0,18199.0,2476.0
2021-01-05 09:42:16.181,0.0364,0.0365,10.0,0.0364,20.0,18199.0,2476.0
2021-01-05 09:42:17.241,0.0364,0.0365,10.0,0.0364,35.0,18199.0,2476.0
2021-01-05 09:42:17.650,0.0364,0.0365,10.0,0.0364,30.0,18199.0,2481.0
2021-01-05 09:42:18.701,0.0365,0.0366,10.0,0.0365,15.0,18199.0,2491.0
2021-01-05 09:42:19.210,0.0365,0.0366,10.0,0.0364,15.0,18199.0,2491.0
2021-01-05 09:42:19.721,0.0365,0.0366,10.0,0.0364,30.0,18199.0,2491.0
2021-01-05 09:42:20.150,0.0365,0.0366,10.0,0.0364,30.0,18199.0,2491.0
2021-01-05 09:42:21.231,0.0365,0.0366,10.0,0.0364,15.0,18199.0,2491.0
2021-01-05 09:42:21.621,0.0365,0.0366,10.0,0.0365,15.0,18199.0,2491.0
2021-01-05 09:42:22.221,0.0365,0.0366,10.0,0.0364,15.0,18199.0,2491.0
2021-01-05 09:42:22.370,0.0365,0.0366,10.0,0.0364,15.0,18199.0,2491.0
2021-01-05 09:42:23.191,0.0365,0.0366,10.0,0.0364,30.0,18199.0,2491.0
2021-01-05 09:42:24.151,0.0365,0.0365,1.0,0.0364,30.0,18199.0,2491.0
2021-01-05 09:42:24.670,0.0365,0.0365,1.0,0.0364,30.0,18199.0,2491.0
2021-01-05 09:42:25.621,0.0365,0.0365,1.0,0.0364,15.0,18199.0,2491.0
2021-01-05 09:42:26.130,0.0365,0.0365,1.0,0.0364,15.0,18199.0,2491.0
2021-01-05 09:42:26.701,0.0365,0.0365,1.0,0.0364,15.0,18199.0,2491.0
2021-01-05 09:42:27.651,0.0365,0.0365,1.0,0.0364,35.0,18199.0,2491.0
2021-01-05 09:42:28.130,0.0365,0.0365,1.0,0.0364,20.0,18199.0,2491.0
2021-01-05 09:42:28.641,0.0365,0.0365,1.0,0.0364,35.0,18199.0,2491.0
2021-01-05 09:42:29.720,0.0364,0.0365,1.0,0.0364,34.0,18198.0,2492.0
2021-01-05 09:42:30.710,0.0365,0.0366,11.0,0.0365,14.0,18198.0,2493.0
2021-01-05 09:42:31.200,0.0365,0.0366,11.0,0.0365,15.0,18198.0,2493.0
2021-01-05 09:42:32.721,0.0365,0.0366,11.0,0.0365,15.0,18198.0,2493.0
2021-01-05 09:42:33.121,0.0365,0.0366,11.0,0.0364,15.0,18198.0,2493.0
2021-01-05 09:42:33.720,0.0365,0.0366,11.0,0.0364,15.0,18198.0,2493.0
2021-01-05 09:42:34.210,0.0365,0.0366,11.0,0.0365,1.0,18198.0,2493.0
2021-01-05 09:42:34.731,0.0366,0.0367,20.0,0.0366,15.0,18198.0,2504.0
2021-01-05 09:42:35.151,0.0366,0.0367,20.0,0.0365,16.0,18198.0,2506.0
2021-01-05 09:42:36.650,0.0366,0.0368,50.0,0.0365,16.0,18198.0,2506.0
2021-01-05 09:42:38.200,0.0366,0.0368,50.0,0.0365,16.0,18198.0,2506.0
2021-01-05 09:42:39.220,0.0366,0.0368,35.0,0.0366,15.0,18198.0,2506.0
2021-01-05 09:42:39.441,0.0366,0.0368,35.0,0.0366,15.0,18198.0,2506.0
2021-01-05 09:42:40.221,0.0366,0.0368,35.0,0.0365,1.0,18198.0,2516.0
2021-01-05 09:42:40.271,0.0366,0.0368,50.0,0.0365,16.0,18198.0,2516.0
2021-01-05 09:42:41.201,0.0366,0.0367,15.0,0.0365,1.0,18198.0,2516.0
2021-01-05 09:42:41.731,0.0366,0.0367,15.0,0.0365,1.0,18198.0,2516.0
2021-01-05 09:42:42.250,0.0366,0.0367,15.0,0.0365,1.0,18198.0,2516.0
2021-01-05 09:42:42.640,0.0366,0.0368,50.0,0.0365,16.0,18198.0,2516.0
2021-01-05 09:42:43.251,0.0366,0.0368,50.0,0.0365,16.0,18198.0,2516.0
2021-01-05 09:42:43.741,0.0366,0.0368,35.0,0.0366,15.0,18198.0,2516.0
2021-01-05 09:42:44.211,0.0366,0.0367,15.0,0.0365,21.0,18198.0,2516.0
2021-01-05 09:42:44.751,0.0366,0.0367,15.0,0.0365,1.0,18198.0,2516.0
2021-01-05 09:42:45.191,0.0366,0.0368,30.0,0.0365,36.0,18198.0,2516.0
2021-01-05 09:42:45.650,0.0366,0.0368,80.0,0.0365,36.0,18198.0,2516.0
2021-01-05 09:42:46.240,0.0366,0.0367,25.0,0.0365,21.0,18198.0,2516.0
2021-01-05 09:42:46.741,0.0366,0.0368,110.0,0.0365,16.0,18198.0,2516.0
2021-01-05 09:42:47.231,0.0366,0.0367,15.0,0.0365,1.0,18198.0,2516.0
2021-01-05 09:42:48.720,0.0366,0.0368,110.0,0.0365,16.0,18198.0,2516.0
2021-01-05 09:42:49.110,0.0366,0.0368,90.0,0.0365,36.0,18198.0,2516.0
2021-01-05 09:42:49.750,0.0365,0.0366,10.0,0.0365,20.0,18198.0,2518.0
2021-01-05 09:42:50.261,0.0365,0.0366,10.0,0.0365,35.0,18198.0,2518.0
2021-01-05 09:42:50.720,0.0365,0.0367,10.0,0.0365,35.0,18198.0,2518.0
2021-01-05 09:42:53.621,0.0365,0.0366,1.0,0.0365,20.0,18198.0,2518.0
2021-01-05 09:42:54.191,0.0365,0.0366,1.0,0.0365,35.0,18198.0,2518.0
2021-01-05 09:42:55.190,0.0366,0.0367,10.0,0.0366,5.0,18209.0,2529.0
2021-01-05 09:42:55.701,0.0366,0.0367,10.0,0.0365,20.0,18218.0,2539.0
2021-01-05 09:42:56.191,0.0366,0.0366,10.0,0.0365,20.0,18218.0,2539.0
2021-01-05 09:42:56.631,0.0366,0.0366,45.0,0.0365,20.0,18218.0,2539.0
2021-01-05 09:42:57.661,0.0366,0.0366,30.0,0.0365,20.0,18218.0,2539.0
2021-01-05 09:42:58.220,0.0366,0.0365,10.0,0.0364,20.0,18218.0,2539.0
2021-01-05 09:42:58.731,0.0366,0.0366,40.0,0.0364,35.0,18218.0,2539.0
2021-01-05 09:42:59.230,0.0366,0.0366,40.0,0.0365,20.0,18218.0,2539.0
2021-01-05 09:42:59.730,0.0366,0.0366,55.0,0.0365,20.0,18218.0,2539.0
2021-01-05 09:43:00.200,0.0366,0.0366,55.0,0.0365,20.0,18218.0,2539.0
2021-01-05 09:43:01.211,0.0366,0.0366,40.0,0.0365,20.0,18218.0,2539.0
2021-01-05 09:43:01.701,0.0366,0.0366,55.0,0.0365,20.0,18218.0,2539.0
2021-01-05 09:43:02.150,0.0366,0.0366,55.0,0.0365,20.0,18218.0,2539.0
2021-01-05 09:43:02.681,0.0366,0.0366,55.0,0.0364,20.0,18218.0,2539.0
2021-01-05 09:43:03.241,0.0366,0.0366,40.0,0.0364,35.0,18218.0,2539.0
2021-01-05 09:43:03.701,0.0366,0.0366,40.0,0.0364,45.0,18218.0,2539.0
2021-01-05 09:43:04.240,0.0366,0.0366,40.0,0.0364,45.0,18218.0,2539.0
2021-01-05 09:43:04.740,0.0366,0.0366,40.0,0.0365,15.0,18218.0,2539.0
2021-01-05 09:43:05.251,0.0366,0.0366,40.0,0.0365,20.0,18218.0,2539.0
2021-01-05 09:43:05.681,0.0366,0.0366,30.0,0.0365,50.0,18218.0,2539.0
2021-01-05 09:43:06.171,0.0366,0.0366,30.0,0.0365,50.0,18218.0,2539.0
2021-01-05 09:43:06.680,0.0366,0.0366,29.0,0.0365,50.0,18218.0,2540.0
2021-01-05 09:43:07.231,0.0366,0.0366,29.0,0.0365,50.0,18218.0,2540.0
2021-01-05 09:43:07.710,0.0366,0.0366,29.0,0.0365,50.0,18218.0,2540.0
2021-01-05 09:43:08.181,0.0366,0.0366,29.0,0.0365,65.0,18218.0,2540.0
2021-01-05 09:43:08.701,0.0366,0.0366,29.0,0.0365,50.0,18218.0,2540.0
2021-01-05 09:43:09.231,0.0366,0.0366,39.0,0.0365,50.0,18218.0,2540.0
2021-01-05 09:43:09.740,0.0366,0.0366,9.0,0.0365,50.0,18218.0,2560.0
2021-01-05 09:43:10.150,0.0365,0.0366,24.0,0.0365,20.0,18218.0,2570.0
2021-01-05 09:43:10.761,0.0365,0.0366,24.0,0.0363,15.0,18218.0,2590.0
2021-01-05 09:43:11.250,0.0365,0.0366,9.0,0.0364,30.0,18218.0,2590.0
2021-01-05 09:43:11.750,0.0365,0.0366,9.0,0.0364,45.0,18218.0,2590.0
2021-01-05 09:43:12.171,0.0365,0.0366,9.0,0.0364,45.0,18218.0,2590.0
2021-01-05 09:43:12.730,0.0365,0.0366,9.0,0.0364,45.0,18218.0,2590.0
2021-01-05 09:43:13.210,0.0365,0.0366,9.0,0.0364,45.0,18218.0,2590.0
2021-01-05 09:43:13.740,0.0365,0.0366,9.0,0.0365,20.0,18218.0,2590.0
2021-01-05 09:43:14.270,0.0366,0.0367,15.0,0.0365,20.0,18218.0,2599.0
2021-01-05 09:43:15.241,0.0366,0.0368,80.0,0.0365,45.0,18218.0,2599.0
2021-01-05 09:43:15.711,0.0366,0.0367,10.0,0.0365,35.0,18218.0,2599.0
2021-01-05 09:43:16.270,0.0366,0.0367,30.0,0.0365,30.0,18218.0,2599.0
2021-01-05 09:43:16.720,0.0366,0.0367,30.0,0.0365,30.0,18218.0,2599.0
2021-01-05 09:43:17.271,0.0366,0.0367,15.0,0.0365,45.0,18218.0,2599.0
2021-01-05 09:43:17.771,0.0366,0.0367,30.0,0.0365,30.0,18218.0,2599.0
2021-01-05 09:43:18.270,0.0366,0.0367,15.0,0.0365,30.0,18218.0,2599.0
2021-01-05 09:43:18.741,0.0366,0.0367,15.0,0.0365,45.0,18218.0,2599.0
2021-01-05 09:43:19.261,0.0366,0.0367,15.0,0.0365,45.0,18218.0,2599.0
2021-01-05 09:43:20.731,0.0366,0.0367,15.0,0.0365,65.0,18218.0,2599.0
2021-01-05 09:43:21.271,0.0366,0.0367,30.0,0.0365,50.0,18218.0,2599.0
2021-01-05 09:43:21.701,0.0366,0.0366,15.0,0.0365,30.0,18218.0,2599.0
2021-01-05 09:43:22.281,0.0366,0.0367,30.0,0.0364,55.0,18218.0,2599.0
2021-01-05 09:43:22.671,0.0366,0.0366,15.0,0.0365,20.0,18218.0,2599.0
2021-01-05 09:43:23.190,0.0366,0.0367,30.0,0.0364,65.0,18218.0,2599.0
2021-01-05 09:43:23.651,0.0366,0.0367,30.0,0.0364,65.0,18218.0,2599.0
2021-01-05 09:43:24.120,0.0366,0.0367,30.0,0.0364,65.0,18218.0,2599.0
2021-01-05 09:43:24.661,0.0366,0.0366,15.0,0.0364,50.0,18218.0,2599.0
2021-01-05 09:43:25.201,0.0366,0.0366,15.0,0.0364,50.0,18218.0,2599.0
2021-01-05 09:43:25.701,0.0366,0.0367,30.0,0.0364,65.0,18218.0,2599.0
2021-01-05 09:43:26.181,0.0366,0.0366,1.0,0.0363,40.0,18218.0,2599.0
2021-01-05 09:43:26.611,0.0366,0.0365,10.0,0.0364,35.0,18218.0,2599.0
2021-01-05 09:43:27.190,0.0366,0.0366,26.0,0.0363,55.0,18218.0,2599.0
2021-01-05 09:43:27.620,0.0366,0.0366,11.0,0.0364,35.0,18218.0,2599.0
2021-01-05 09:43:28.091,0.0366,0.0366,26.0,0.0364,50.0,18218.0,2599.0
2021-01-05 09:43:28.700,0.0366,0.0366,11.0,0.0364,65.0,18218.0,2599.0
2021-01-05 09:43:29.080,0.0366,0.0366,11.0,0.0364,55.0,18218.0,2599.0
2021-01-05 09:43:30.050,0.0366,0.0366,11.0,0.0365,15.0,18218.0,2599.0
2021-01-05 09:43:30.701,0.0365,0.0366,11.0,0.0365,10.0,18223.0,2604.0
2021-01-05 09:43:31.111,0.0365,0.0366,11.0,0.0365,15.0,18223.0,2604.0
2021-01-05 09:43:31.720,0.0365,0.0366,11.0,0.0364,35.0,18223.0,2604.0
2021-01-05 09:43:32.701,0.0365,0.0366,11.0,0.0364,35.0,18223.0,2604.0
2021-01-05 09:43:33.141,0.0365,0.0366,11.0,0.0365,15.0,18223.0,2604.0
2021-01-05 09:43:33.670,0.0365,0.0366,11.0,0.0364,55.0,18223.0,2604.0
2021-01-05 09:43:34.221,0.0365,0.0365,5.0,0.0364,55.0,18223.0,2604.0
2021-01-05 09:43:34.661,0.0365,0.0365,5.0,0.0364,35.0,18223.0,2604.0
2021-01-05 09:43:35.160,0.0365,0.0366,11.0,0.0365,15.0,18228.0,2609.0
2021-01-05 09:43:35.681,0.0365,0.0366,11.0,0.0364,55.0,18228.0,2609.0
2021-01-05 09:43:36.661,0.0364,0.0366,1.0,0.0365,15.0,18228.0,2619.0
2021-01-05 09:43:37.181,0.0364,0.0366,1.0,0.0365,35.0,18228.0,2619.0
2021-01-05 09:43:37.631,0.0364,0.0366,1.0,0.0365,20.0,18228.0,2619.0
2021-01-05 09:43:39.241,0.0364,0.0366,16.0,0.0365,20.0,18228.0,2619.0
2021-01-05 09:43:39.700,0.0364,0.0366,1.0,0.0365,35.0,18228.0,2619.0
2021-01-05 09:43:40.361,0.0366,0.0368,100.0,0.0365,35.0,18229.0,2620.0
2021-01-05 09:43:41.671,0.0366,0.0367,15.0,0.0365,20.0,18229.0,2620.0
2021-01-05 09:43:42.191,0.0366,0.0367,25.0,0.0365,20.0,18229.0,2620.0
2021-01-05 09:43:42.741,0.0366,0.0367,25.0,0.0365,20.0,18229.0,2620.0
2021-01-05 09:43:43.231,0.0366,0.0368,75.0,0.0366,15.0,18229.0,2620.0
2021-01-05 09:43:43.711,0.0366,0.0368,90.0,0.0365,55.0,18229.0,2620.0
2021-01-05 09:43:44.251,0.0366,0.0368,90.0,0.0365,65.0,18229.0,2620.0
2021-01-05 09:43:44.670,0.0366,0.0368,90.0,0.0365,45.0,18229.0,2620.0
2021-01-05 09:43:45.221,0.0366,0.0367,15.0,0.0365,40.0,18229.0,2620.0
2021-01-05 09:43:45.720,0.0366,0.0367,15.0,0.0365,40.0,18229.0,2620.0
2021-01-05 09:43:46.151,0.0366,0.0367,15.0,0.0365,20.0,18229.0,2620.0
2021-01-05 09:43:46.750,0.0366,0.0367,15.0,0.0365,20.0,18229.0,2620.0
2021-01-05 09:43:47.250,0.0366,0.0367,15.0,0.0364,40.0,18229.0,2620.0
2021-01-05 09:43:47.661,0.0366,0.0366,10.0,0.0364,50.0,18229.0,2620.0
2021-01-05 09:43:48.220,0.0366,0.0367,25.0,0.0365,20.0,18229.0,2620.0
2021-01-05 09:43:48.220,0.0366,0.0367,25.0,0.0365,20.0,18229.0,2620.0
2021-01-05 09:43:49.061,0.0366,0.0366,15.0,0.0365,50.0,18229.0,2620.0
2021-01-05 09:43:49.511,0.0366,0.0367,25.0,0.0366,1.0,18229.0,2635.0
2021-01-05 09:43:50.110,0.0366,0.0367,10.0,0.0366,16.0,18229.0,2635.0
2021-01-05 09:43:50.650,0.0366,0.0367,10.0,0.0366,56.0,18229.0,2635.0
2021-01-05 09:43:51.660,0.0366,0.0367,10.0,0.0366,40.0,18229.0,2635.0
2021-01-05 09:43:52.200,0.0367,0.0368,65.0,0.0366,55.0,18229.0,2645.0
2021-01-05 09:43:52.681,0.0367,0.0368,65.0,0.0367,5.0,18229.0,2645.0
