,last,ask1,asize1,bid1,bsize1,oi,volume
2021-01-05 09:23:50.331,0.09,0.09,2.0,0.09,2.0,18130.0,
2021-01-05 09:24:14.881,0.0888,0.0888,4.0,0.0888,4.0,18130.0,
2021-01-05 09:24:20.431,0.0888,0.0888,4.0,0.0888,4.0,18130.0,
2021-01-05 09:24:42.251,0.0888,0.0888,4.0,0.0888,4.0,18130.0,
2021-01-05 09:24:46.780,0.0888,0.0888,4.0,0.0888,4.0,18130.0,
2021-01-05 09:24:58.680,0.0887,0.0887,6.0,0.0887,6.0,18130.0,
2021-01-05 09:24:59.681,0.0887,0.0887,7.0,0.0887,7.0,18130.0,
2021-01-05 09:25:00.080,0.0887,0.0888,16.0,0.0887,7.0,18136.0,7.0
2021-01-05 09:30:00.451,0.086,0.0888,12.0,0.0862,3.0,18144.0,17.0
2021-01-05 09:30:00.991,0.0883,0.0886,32.0,0.0882,2.0,18131.0,34.0
2021-01-05 09:30:01.481,0.0882,0.0886,31.0,0.087,4.0,18131.0,37.0
2021-01-05 09:30:03.980,0.0882,0.0886,31.0,0.087,4.0,18131.0,37.0
2021-01-05 09:30:04.430,0.0882,0.0886,31.0,0.087,4.0,18131.0,37.0
2021-01-05 09:30:05.010,0.087,0.087,4.0,0.0862,3.0,18135.0,41.0
2021-01-05 09:30:05.481,0.087,0.087,4.0,0.0862,3.0,18135.0,41.0
2021-01-05 09:30:05.681,0.0873,0.0886,31.0,0.0862,3.0,18145.0,51.0
2021-01-05 09:30:06.480,0.0862,0.0885,3.0,0.086,5.0,18148.0,54.0
2021-01-05 09:30:07.471,0.0886,0.0886,24.0,0.086,5.0,18151.0,64.0
2021-01-05 09:30:08.001,0.086,0.0877,20.0,0.0858,5.0,18154.0,69.0
2021-01-05 09:30:09.490,0.0858,0.0874,20.0,0.0856,11.0,18159.0,74.0
2021-01-05 09:30:10.501,0.0858,0.0874,20.0,0.0856,11.0,18159.0,74.0
2021-01-05 09:30:11.000,0.0856,0.0856,11.0,0.0855,10.0,18169.0,85.0
2021-01-05 09:30:11.471,0.0856,0.0858,20.0,0.0856,3.0,18169.0,96.0
2021-01-05 09:30:12.041,0.0856,0.0872,20.0,0.0856,1.0,18171.0,98.0
2021-01-05 09:30:12.900,0.0856,0.0873,20.0,0.0855,10.0,18171.0,98.0
2021-01-05 09:30:13.501,0.0856,0.0873,40.0,0.0855,10.0,18171.0,98.0
2021-01-05 09:30:13.941,0.0856,0.0873,40.0,0.0856,2.0,18171.0,98.0
2021-01-05 09:30:15.040,0.0856,0.0856,28.0,0.0855,10.0,18169.0,100.0
2021-01-05 09:30:15.520,0.0856,0.0865,20.0,0.0855,10.0,18169.0,128.0
2021-01-05 09:30:15.991,0.0855,0.0873,40.0,0.0852,1.0,18179.0,138.0
2021-01-05 09:30:16.531,0.0855,0.0873,40.0,0.0852,1.0,18179.0,138.0
2021-01-05 09:30:17.021,0.0855,0.0873,20.0,0.0852,1.0,18179.0,138.0
2021-01-05 09:30:17.641,0.0865,0.0873,40.0,0.0852,1.0,18179.0,148.0
2021-01-05 09:30:18.231,0.0865,0.0873,40.0,0.0852,1.0,18179.0,148.0
2021-01-05 09:30:19.251,0.0865,0.0873,40.0,0.0852,21.0,18179.0,148.0
2021-01-05 09:30:19.751,0.0865,0.0863,10.0,0.0852,21.0,18179.0,148.0
2021-01-05 09:30:20.240,0.0863,0.0868,10.0,0.0863,5.0,18169.0,158.0
2021-01-05 09:30:20.740,0.0863,0.0867,3.0,0.0852,21.0,18169.0,158.0
2021-01-05 09:30:21.241,0.0852,0.0852,1.0,0.0851,2.0,18170.0,159.0
2021-01-05 09:30:21.741,0.0852,0.0868,10.0,0.0852,20.0,18170.0,160.0
2021-01-05 09:30:22.240,0.0866,0.0867,6.0,0.0851,2.0,18170.0,171.0
2021-01-05 09:30:24.140,0.0851,0.0867,6.0,0.085,20.0,18170.0,173.0
2021-01-05 09:30:24.661,0.0851,0.0867,26.0,0.085,20.0,18170.0,173.0
2021-01-05 09:30:26.171,0.085,0.0867,20.0,0.085,17.0,18170.0,176.0
2021-01-05 09:30:26.670,0.085,0.0867,20.0,0.085,17.0,18170.0,176.0
2021-01-05 09:30:28.670,0.085,0.0867,20.0,0.085,17.0,18170.0,176.0
2021-01-05 09:30:29.141,0.085,0.0867,20.0,0.085,16.0,18171.0,177.0
2021-01-05 09:30:29.661,0.0844,0.0843,35.0,0.0841,10.0,18172.0,212.0
2021-01-05 09:30:30.140,0.0843,0.0867,20.0,0.0851,1.0,18159.0,247.0
2021-01-05 09:30:30.620,0.0851,0.0867,20.0,0.084,20.0,18160.0,248.0
2021-01-05 09:30:31.121,0.0851,0.0863,10.0,0.084,40.0,18160.0,248.0
2021-01-05 09:30:31.631,0.0851,0.0863,30.0,0.084,40.0,18160.0,248.0
2021-01-05 09:30:35.680,0.0863,0.0863,29.0,0.084,40.0,18159.0,249.0
2021-01-05 09:30:36.170,0.0863,0.0862,3.0,0.084,40.0,18159.0,249.0
2021-01-05 09:30:36.691,0.0863,0.0863,29.0,0.084,40.0,18159.0,249.0
2021-01-05 09:30:37.670,0.0863,0.0862,3.0,0.084,40.0,18159.0,249.0
2021-01-05 09:30:38.001,0.0863,0.0863,29.0,0.084,40.0,18159.0,249.0
2021-01-05 09:30:40.170,0.0863,0.0859,20.0,0.084,40.0,18159.0,249.0
2021-01-05 09:30:41.151,0.0863,0.0859,40.0,0.084,40.0,18159.0,249.0
2021-01-05 09:30:41.701,0.0863,0.0859,40.0,0.084,40.0,18159.0,249.0
2021-01-05 09:30:43.681,0.0863,0.0859,40.0,0.084,40.0,18159.0,249.0
2021-01-05 09:30:45.161,0.0863,0.0859,40.0,0.084,41.0,18159.0,249.0
2021-01-05 09:30:45.710,0.0863,0.0859,40.0,0.085,5.0,18159.0,249.0
2021-01-05 09:30:46.200,0.0863,0.0859,20.0,0.085,5.0,18159.0,249.0
2021-01-05 09:30:46.671,0.0863,0.0859,20.0,0.085,5.0,18159.0,249.0
2021-01-05 09:30:47.691,0.0863,0.0859,20.0,0.085,25.0,18159.0,249.0
2021-01-05 09:30:48.200,0.0863,0.0859,20.0,0.085,25.0,18159.0,249.0
2021-01-05 09:30:49.210,0.084,0.0859,20.0,0.084,16.0,18109.0,309.0
2021-01-05 09:30:49.700,0.084,0.0859,20.0,0.084,16.0,18109.0,309.0
2021-01-05 09:30:50.171,0.084,0.0859,20.0,0.084,16.0,18109.0,309.0
2021-01-05 09:30:51.170,0.084,0.0859,40.0,0.084,18.0,18109.0,309.0
2021-01-05 09:30:51.721,0.084,0.0859,40.0,0.084,48.0,18109.0,309.0
2021-01-05 09:30:53.120,0.084,0.0858,5.0,0.084,48.0,18109.0,309.0
2021-01-05 09:30:54.670,0.084,0.0858,25.0,0.084,48.0,18109.0,309.0
2021-01-05 09:30:55.671,0.084,0.0858,8.0,0.084,48.0,18109.0,309.0
2021-01-05 09:30:57.171,0.084,0.0858,28.0,0.084,48.0,18109.0,309.0
2021-01-05 09:30:58.091,0.084,0.0857,3.0,0.084,48.0,18109.0,309.0
2021-01-05 09:30:58.660,0.084,0.0857,6.0,0.084,48.0,18109.0,309.0
2021-01-05 09:30:59.640,0.084,0.0857,6.0,0.084,28.0,18109.0,309.0
2021-01-05 09:31:00.161,0.084,0.0857,6.0,0.084,38.0,18109.0,309.0
2021-01-05 09:31:00.660,0.084,0.0856,1.0,0.084,58.0,18109.0,309.0
2021-01-05 09:31:01.140,0.084,0.0856,21.0,0.084,38.0,18109.0,309.0
2021-01-05 09:31:02.170,0.084,0.0856,21.0,0.084,28.0,18109.0,309.0
2021-01-05 09:31:03.131,0.084,0.084,32.0,0.0839,1.0,18099.0,337.0
2021-01-05 09:31:03.680,0.084,0.0839,4.0,0.0838,1.0,18100.0,340.0
2021-01-05 09:31:04.181,0.0839,0.0839,3.0,0.0838,1.0,18100.0,341.0
2021-01-05 09:31:04.671,0.0839,0.084,30.0,0.0839,3.0,18100.0,341.0
2021-01-05 09:31:05.130,0.084,0.084,25.0,0.0839,1.0,18101.0,348.0
2021-01-05 09:31:05.670,0.084,0.084,2.0,0.0839,1.0,18091.0,371.0
2021-01-05 09:31:06.160,0.084,0.0852,20.0,0.084,20.0,18089.0,373.0
2021-01-05 09:31:06.681,0.084,0.0854,20.0,0.084,20.0,18089.0,373.0
2021-01-05 09:31:07.190,0.084,0.0858,48.0,0.084,20.0,18089.0,373.0
2021-01-05 09:31:07.670,0.084,0.0858,48.0,0.084,20.0,18089.0,373.0
2021-01-05 09:31:08.200,0.084,0.0858,48.0,0.084,20.0,18089.0,373.0
2021-01-05 09:31:08.650,0.084,0.0858,28.0,0.0845,3.0,18089.0,373.0
2021-01-05 09:31:09.101,0.0845,0.0858,28.0,0.0845,2.0,18090.0,374.0
2021-01-05 09:31:09.701,0.0845,0.0858,28.0,0.0845,1.0,18090.0,375.0
2021-01-05 09:31:11.170,0.0845,0.0848,3.0,0.0845,1.0,18090.0,375.0
2021-01-05 09:31:12.190,0.0848,0.0848,2.0,0.0845,1.0,18091.0,376.0
2021-01-05 09:31:12.621,0.0848,0.0848,2.0,0.0845,1.0,18091.0,376.0
2021-01-05 09:31:13.151,0.0845,0.0848,3.0,0.0845,1.0,18092.0,377.0
2021-01-05 09:31:14.200,0.0845,0.0848,3.0,0.084,18.0,18093.0,378.0
2021-01-05 09:31:14.690,0.0848,0.0854,20.0,0.0848,4.0,18093.0,381.0
2021-01-05 09:31:15.110,0.0848,0.085,20.0,0.0844,1.0,18094.0,385.0
2021-01-05 09:31:15.710,0.084,0.0858,48.0,0.084,9.0,18095.0,395.0
2021-01-05 09:31:16.180,0.084,0.0857,3.0,0.084,9.0,18095.0,395.0
2021-01-05 09:31:16.711,0.084,0.0858,48.0,0.084,9.0,18095.0,395.0
2021-01-05 09:31:17.201,0.084,0.0858,48.0,0.084,9.0,18095.0,395.0
2021-01-05 09:31:17.710,0.084,0.0858,48.0,0.084,29.0,18095.0,395.0
2021-01-05 09:31:19.150,0.084,0.0858,48.0,0.084,29.0,18095.0,395.0
2021-01-05 09:31:20.171,0.084,0.0858,28.0,0.0852,5.0,18095.0,395.0
2021-01-05 09:31:20.701,0.0852,0.0857,6.0,0.084,29.0,18100.0,400.0
2021-01-05 09:31:21.221,0.0852,0.085,20.0,0.084,9.0,18100.0,400.0
2021-01-05 09:31:21.671,0.0852,0.0849,6.0,0.084,9.0,18100.0,400.0
2021-01-05 09:31:22.211,0.0852,0.0849,6.0,0.084,9.0,18100.0,400.0
2021-01-05 09:31:23.091,0.0852,0.0849,6.0,0.084,109.0,18100.0,400.0
2021-01-05 09:31:23.640,0.0852,0.085,20.0,0.084,110.0,18100.0,400.0
2021-01-05 09:31:24.660,0.0852,0.085,20.0,0.084,110.0,18100.0,400.0
2021-01-05 09:31:25.150,0.085,0.085,18.0,0.084,110.0,18100.0,402.0
2021-01-05 09:31:25.640,0.085,0.085,18.0,0.084,110.0,18100.0,402.0
2021-01-05 09:31:26.141,0.085,0.085,18.0,0.084,110.0,18100.0,402.0
2021-01-05 09:31:26.681,0.084,0.085,18.0,0.0845,1.0,18095.0,407.0
2021-01-05 09:31:27.171,0.084,0.0849,3.0,0.0845,1.0,18095.0,407.0
2021-01-05 09:31:27.590,0.084,0.0849,3.0,0.0845,1.0,18095.0,407.0
2021-01-05 09:31:28.181,0.0849,0.0849,2.0,0.0845,1.0,18096.0,408.0
2021-01-05 09:31:29.171,0.0849,0.0849,2.0,0.0845,1.0,18096.0,408.0
2021-01-05 09:31:30.170,0.0849,0.085,18.0,0.0845,1.0,18096.0,408.0
2021-01-05 09:31:30.671,0.0849,0.085,18.0,0.0845,1.0,18096.0,408.0
2021-01-05 09:31:31.150,0.0849,0.085,18.0,0.0845,1.0,18096.0,408.0
2021-01-05 09:31:31.661,0.085,0.085,17.0,0.0845,1.0,18096.0,409.0
2021-01-05 09:31:32.191,0.085,0.085,15.0,0.0845,1.0,18096.0,411.0
2021-01-05 09:31:33.190,0.0845,0.0845,8.0,0.084,107.0,18096.0,413.0
2021-01-05 09:31:33.480,0.0845,0.085,15.0,0.0847,5.0,18090.0,421.0
2021-01-05 09:31:34.181,0.0849,0.0849,1.0,0.084,127.0,18096.0,427.0
2021-01-05 09:31:34.681,0.0849,0.085,35.0,0.084,107.0,18096.0,427.0
2021-01-05 09:31:35.190,0.0849,0.0849,1.0,0.0845,3.0,18096.0,427.0
2021-01-05 09:31:35.670,0.0849,0.085,15.0,0.0845,3.0,18096.0,427.0
2021-01-05 09:31:36.690,0.0849,0.085,15.0,0.0845,3.0,18096.0,427.0
2021-01-05 09:31:37.191,0.0849,0.0849,1.0,0.0845,3.0,18096.0,427.0
2021-01-05 09:31:37.620,0.0849,0.0849,1.0,0.0845,3.0,18096.0,427.0
2021-01-05 09:31:38.190,0.0849,0.085,15.0,0.0846,3.0,18096.0,428.0
2021-01-05 09:31:39.210,0.085,0.085,13.0,0.0849,11.0,18096.0,430.0
2021-01-05 09:31:39.710,0.0849,0.085,5.0,0.0849,2.0,18080.0,447.0
2021-01-05 09:31:40.200,0.0849,0.085,5.0,0.0849,2.0,18080.0,447.0
2021-01-05 09:31:40.711,0.0849,0.0849,3.0,0.0846,3.0,18075.0,454.0
2021-01-05 09:31:41.141,0.0849,0.0855,10.0,0.085,2.0,18075.0,457.0
2021-01-05 09:31:41.691,0.0849,0.0856,3.0,0.085,2.0,18075.0,457.0
2021-01-05 09:31:42.211,0.0858,0.0858,21.0,0.085,2.0,18080.0,467.0
2021-01-05 09:31:42.711,0.0858,0.0857,1.0,0.085,2.0,18080.0,467.0
2021-01-05 09:31:43.191,0.0858,0.0857,1.0,0.0851,2.0,18080.0,467.0
2021-01-05 09:31:44.190,0.0851,0.0857,7.0,0.085,2.0,18082.0,469.0
2021-01-05 09:31:44.691,0.0851,0.085,2.0,0.084,107.0,18082.0,469.0
2021-01-05 09:31:45.170,0.0851,0.0854,10.0,0.0847,3.0,18082.0,469.0
2021-01-05 09:31:45.621,0.0851,0.0853,1.0,0.085,1.0,18082.0,469.0
2021-01-05 09:31:46.011,0.0851,0.0856,10.0,0.0853,6.0,18082.0,469.0
2021-01-05 09:31:46.701,0.0851,0.0856,10.0,0.0853,6.0,18082.0,469.0
2021-01-05 09:31:47.191,0.0851,0.0856,10.0,0.0853,6.0,18082.0,469.0
2021-01-05 09:31:47.690,0.0851,0.0855,1.0,0.0853,6.0,18082.0,469.0
2021-01-05 09:31:48.211,0.0851,0.0856,10.0,0.0853,6.0,18082.0,469.0
2021-01-05 09:31:48.691,0.0851,0.0856,10.0,0.0853,6.0,18082.0,469.0
2021-01-05 09:31:49.711,0.0851,0.0856,10.0,0.0854,2.0,18082.0,469.0
2021-01-05 09:31:50.151,0.0856,0.0857,2.0,0.0854,2.0,18081.0,477.0
2021-01-05 09:31:50.710,0.0856,0.0857,2.0,0.0854,2.0,18081.0,477.0
2021-01-05 09:31:51.210,0.0856,0.0857,2.0,0.0854,2.0,18081.0,477.0
2021-01-05 09:31:51.701,0.0856,0.0857,2.0,0.0856,6.0,18081.0,477.0
2021-01-05 09:31:52.220,0.0856,0.0857,2.0,0.0856,6.0,18081.0,477.0
2021-01-05 09:31:52.621,0.0857,0.0858,21.0,0.0856,6.0,18081.0,479.0
2021-01-05 09:31:53.171,0.0858,0.0858,16.0,0.0856,6.0,18082.0,484.0
2021-01-05 09:31:53.630,0.0858,0.0858,12.0,0.0856,6.0,18078.0,488.0
2021-01-05 09:31:54.151,0.0858,0.0858,7.0,0.0856,26.0,18075.0,493.0
2021-01-05 09:31:54.641,0.0858,0.0858,5.0,0.0856,26.0,18073.0,495.0
2021-01-05 09:31:54.961,0.0859,0.0859,1.0,0.0856,26.0,18068.0,502.0
2021-01-05 09:31:55.670,0.0859,0.0859,1.0,0.0858,10.0,18068.0,502.0
2021-01-05 09:31:56.110,0.0859,0.0868,13.0,0.0859,1.0,18068.0,503.0
2021-01-05 09:31:56.681,0.0859,0.0867,4.0,0.0858,30.0,18068.0,504.0
2021-01-05 09:31:57.171,0.0859,0.0867,3.0,0.0859,1.0,18068.0,509.0
2021-01-05 09:31:58.171,0.0859,0.0866,1.0,0.0858,31.0,18069.0,510.0
2021-01-05 09:31:59.180,0.0859,0.0866,1.0,0.0858,32.0,18069.0,510.0
2021-01-05 09:31:59.660,0.0859,0.0868,13.0,0.0858,32.0,18069.0,510.0
2021-01-05 09:32:00.150,0.0858,0.0868,13.0,0.0866,10.0,18069.0,520.0
2021-01-05 09:32:00.561,0.0866,0.0866,6.0,0.0861,10.0,18069.0,530.0
2021-01-05 09:32:01.170,0.0866,0.0866,6.0,0.0861,10.0,18069.0,530.0
2021-01-05 09:32:01.670,0.0861,0.0865,4.0,0.0861,3.0,18079.0,540.0
2021-01-05 09:32:02.171,0.0861,0.0861,4.0,0.0858,2.0,18084.0,545.0
2021-01-05 09:32:02.671,0.0859,0.086,1.0,0.0858,2.0,18084.0,547.0
2021-01-05 09:32:03.180,0.0861,0.0861,1.0,0.0856,10.0,18088.0,553.0
2021-01-05 09:32:03.641,0.0861,0.0861,1.0,0.0856,10.0,18088.0,553.0
2021-01-05 09:32:04.090,0.0861,0.0865,20.0,0.0856,10.0,18089.0,554.0
2021-01-05 09:32:04.661,0.0861,0.0865,20.0,0.0861,1.0,18089.0,554.0
2021-01-05 09:32:05.141,0.0861,0.0865,20.0,0.0861,1.0,18089.0,554.0
2021-01-05 09:32:05.660,0.0861,0.0866,13.0,0.0861,5.0,18089.0,554.0
2021-01-05 09:32:06.161,0.0861,0.0866,20.0,0.0861,5.0,18089.0,554.0
2021-01-05 09:32:06.680,0.0861,0.0868,26.0,0.0861,5.0,18089.0,554.0
2021-01-05 09:32:07.070,0.0861,0.0868,26.0,0.0861,5.0,18089.0,554.0
2021-01-05 09:32:07.671,0.0861,0.0867,13.0,0.0861,5.0,18089.0,554.0
2021-01-05 09:32:08.171,0.0861,0.0866,3.0,0.0861,5.0,18089.0,554.0
2021-01-05 09:32:08.670,0.0861,0.0866,3.0,0.0861,5.0,18089.0,554.0
2021-01-05 09:32:09.141,0.0861,0.0868,13.0,0.0861,5.0,18089.0,554.0
2021-01-05 09:32:09.681,0.0861,0.0868,13.0,0.0861,5.0,18089.0,554.0
2021-01-05 09:32:10.140,0.0863,0.0863,9.0,0.0861,5.0,18089.0,555.0
2021-01-05 09:32:10.630,0.0863,0.0863,9.0,0.0861,5.0,18089.0,555.0
2021-01-05 09:32:11.170,0.0863,0.0863,9.0,0.0862,3.0,18089.0,555.0
2021-01-05 09:32:11.650,0.0862,0.0863,9.0,0.0861,5.0,18086.0,558.0
2021-01-05 09:32:12.161,0.0861,0.0861,5.0,0.0859,10.0,18086.0,563.0
2021-01-05 09:32:12.670,0.0859,0.0861,5.0,0.0859,3.0,18093.0,570.0
2021-01-05 09:32:13.171,0.0859,0.0861,5.0,0.0859,3.0,18093.0,570.0
2021-01-05 09:32:13.671,0.0859,0.0861,5.0,0.0859,3.0,18093.0,570.0
2021-01-05 09:32:14.180,0.0859,0.0861,5.0,0.0859,3.0,18093.0,570.0
2021-01-05 09:32:14.660,0.0863,0.0863,4.0,0.0859,3.0,18088.0,580.0
2021-01-05 09:32:15.171,0.0863,0.0863,4.0,0.0859,3.0,18088.0,580.0
2021-01-05 09:32:15.671,0.0863,0.0863,4.0,0.0859,3.0,18088.0,580.0
2021-01-05 09:32:16.151,0.0863,0.0863,4.0,0.0859,3.0,18088.0,580.0
2021-01-05 09:32:16.551,0.0863,0.0863,4.0,0.0859,3.0,18088.0,580.0
2021-01-05 09:32:17.161,0.0863,0.0863,4.0,0.0859,5.0,18088.0,580.0
2021-01-05 09:32:17.651,0.0863,0.0863,4.0,0.0859,6.0,18088.0,580.0
2021-01-05 09:32:18.130,0.0863,0.0863,4.0,0.0859,6.0,18088.0,580.0
2021-01-05 09:32:18.670,0.0862,0.0862,12.0,0.0859,5.0,18091.0,583.0
2021-01-05 09:32:19.131,0.0862,0.0861,13.0,0.0859,5.0,18101.0,593.0
2021-01-05 09:32:19.640,0.0862,0.0863,17.0,0.0861,10.0,18101.0,593.0
2021-01-05 09:32:20.151,0.0868,0.0868,12.0,0.0861,7.0,18110.0,608.0
2021-01-05 09:32:20.671,0.0859,0.0867,6.0,0.0862,13.0,18110.0,628.0
2021-01-05 09:32:21.171,0.0859,0.0867,6.0,0.0863,1.0,18110.0,628.0
2021-01-05 09:32:21.680,0.0863,0.0867,19.0,0.0863,13.0,18111.0,629.0
2021-01-05 09:32:22.181,0.0863,0.0863,6.0,0.0861,13.0,18111.0,629.0
2021-01-05 09:32:22.660,0.0863,0.0862,3.0,0.0859,13.0,18111.0,629.0
2021-01-05 09:32:23.140,0.0859,0.0862,3.0,0.0859,16.0,18111.0,633.0
2021-01-05 09:32:23.580,0.0859,0.0859,3.0,0.0858,33.0,18114.0,636.0
2021-01-05 09:32:24.091,0.0859,0.0863,13.0,0.0859,5.0,18114.0,639.0
2021-01-05 09:32:24.640,0.0863,0.0864,13.0,0.0862,1.0,18114.0,649.0
2021-01-05 09:32:25.170,0.0863,0.0866,20.0,0.0863,13.0,18114.0,649.0
2021-01-05 09:32:25.670,0.0863,0.0867,13.0,0.0863,13.0,18114.0,649.0
2021-01-05 09:32:26.171,0.0867,0.0868,32.0,0.0863,13.0,18114.0,653.0
2021-01-05 09:32:26.650,0.0867,0.0868,12.0,0.0863,13.0,18114.0,653.0
2021-01-05 09:32:27.151,0.0868,0.0868,11.0,0.0863,13.0,18114.0,654.0
2021-01-05 09:32:27.670,0.0868,0.0868,11.0,0.0863,13.0,18114.0,654.0
2021-01-05 09:32:28.171,0.0868,0.0868,10.0,0.0863,13.0,18114.0,655.0
2021-01-05 09:32:28.630,0.0868,0.0869,10.0,0.0868,41.0,18116.0,665.0
2021-01-05 09:32:29.180,0.0869,0.0875,20.0,0.0869,13.0,18106.0,675.0
2021-01-05 09:32:30.171,0.0869,0.0875,20.0,0.0868,43.0,18106.0,693.0
2021-01-05 09:32:30.671,0.0869,0.0869,10.0,0.0868,43.0,18106.0,693.0
2021-01-05 09:32:31.080,0.0869,0.0871,13.0,0.0868,43.0,18106.0,703.0
2021-01-05 09:32:31.631,0.0869,0.0869,10.0,0.0868,43.0,18106.0,703.0
2021-01-05 09:32:32.121,0.0869,0.087,13.0,0.0868,43.0,18106.0,713.0
2021-01-05 09:32:32.690,0.0869,0.0869,2.0,0.0868,44.0,18106.0,723.0
2021-01-05 09:32:33.141,0.0869,0.0872,23.0,0.0868,57.0,18106.0,725.0
2021-01-05 09:32:33.531,0.0869,0.0872,23.0,0.0869,19.0,18106.0,726.0
2021-01-05 09:32:34.171,0.0869,0.0871,13.0,0.0869,19.0,18106.0,726.0
2021-01-05 09:32:34.691,0.0869,0.0871,13.0,0.0869,11.0,18114.0,734.0
2021-01-05 09:32:34.941,0.0869,0.0871,13.0,0.0869,24.0,18116.0,736.0
2021-01-05 09:32:35.671,0.0869,0.0871,13.0,0.0869,24.0,18116.0,736.0
2021-01-05 09:32:36.190,0.0869,0.0871,33.0,0.0869,4.0,18126.0,756.0
2021-01-05 09:32:36.691,0.0871,0.0871,33.0,0.0869,4.0,18127.0,757.0
2021-01-05 09:32:37.150,0.0871,0.0871,20.0,0.0869,4.0,18127.0,757.0
2021-01-05 09:32:37.640,0.0871,0.0871,33.0,0.0869,4.0,18127.0,757.0
2021-01-05 09:32:38.190,0.0871,0.0871,33.0,0.0869,4.0,18127.0,757.0
2021-01-05 09:32:38.670,0.0869,0.0871,20.0,0.0869,13.0,18131.0,761.0
2021-01-05 09:32:39.200,0.0869,0.0869,7.0,0.0868,44.0,18131.0,774.0
2021-01-05 09:32:39.561,0.0869,0.0869,11.0,0.0868,47.0,18134.0,784.0
2021-01-05 09:32:39.980,0.0869,0.0869,13.0,0.0868,44.0,18144.0,799.0
2021-01-05 09:32:40.641,0.0869,0.0871,20.0,0.0869,2.0,18144.0,799.0
2021-01-05 09:32:41.200,0.0871,0.0871,19.0,0.0869,2.0,18145.0,800.0
2021-01-05 09:32:41.690,0.0872,0.0872,9.0,0.0869,5.0,18145.0,801.0
2021-01-05 09:32:42.161,0.0872,0.0871,20.0,0.0869,15.0,18145.0,801.0
2021-01-05 09:32:42.700,0.0872,0.0872,9.0,0.0869,18.0,18145.0,801.0
2021-01-05 09:32:43.121,0.0872,0.0872,9.0,0.0869,18.0,18145.0,801.0
2021-01-05 09:32:43.580,0.0872,0.0871,13.0,0.087,10.0,18145.0,801.0
2021-01-05 09:32:44.151,0.087,0.087,1.0,0.0868,64.0,18155.0,811.0
2021-01-05 09:32:44.700,0.0868,0.087,34.0,0.0868,14.0,18155.0,841.0
2021-01-05 09:32:44.971,0.0868,0.087,21.0,0.0865,3.0,18169.0,855.0
2021-01-05 09:32:45.580,0.0868,0.087,1.0,0.0868,20.0,18169.0,855.0
2021-01-05 09:32:46.160,0.0868,0.087,1.0,0.0868,20.0,18169.0,855.0
2021-01-05 09:32:46.610,0.087,0.0872,22.0,0.0868,20.0,18169.0,856.0
2021-01-05 09:32:47.201,0.087,0.0872,9.0,0.0871,1.0,18169.0,856.0
2021-01-05 09:32:47.701,0.0872,0.0873,13.0,0.0871,1.0,18160.0,865.0
2021-01-05 09:32:48.181,0.0869,0.0866,23.0,0.0865,3.0,18127.0,915.0
2021-01-05 09:32:48.550,0.0866,0.0876,20.0,0.087,20.0,18127.0,938.0
2021-01-05 09:32:48.690,0.0866,0.0876,20.0,0.0873,1.0,18127.0,938.0
2021-01-05 09:32:49.670,0.0876,0.0879,2.0,0.0876,6.0,18127.0,940.0
2021-01-05 09:32:50.171,0.0879,0.0885,13.0,0.0881,18.0,18127.0,942.0
2021-01-05 09:32:50.650,0.0881,0.0882,20.0,0.088,13.0,18127.0,950.0
2021-01-05 09:32:51.170,0.088,0.0884,33.0,0.088,13.0,18127.0,956.0
2021-01-05 09:32:51.701,0.088,0.0884,13.0,0.088,20.0,18127.0,956.0
2021-01-05 09:32:52.191,0.088,0.0883,20.0,0.0881,3.0,18127.0,956.0
2021-01-05 09:32:52.671,0.088,0.0883,33.0,0.0879,13.0,18127.0,956.0
2021-01-05 09:32:53.161,0.088,0.0881,20.0,0.0877,13.0,18127.0,956.0
2021-01-05 09:32:53.641,0.088,0.088,33.0,0.0876,13.0,18127.0,956.0
2021-01-05 09:32:54.181,0.088,0.0877,20.0,0.0874,13.0,18130.0,959.0
2021-01-05 09:32:54.671,0.088,0.0877,33.0,0.0873,18.0,18130.0,959.0
2021-01-05 09:32:55.170,0.088,0.0876,3.0,0.0874,1.0,18130.0,959.0
2021-01-05 09:32:55.670,0.0881,0.0879,13.0,0.0876,20.0,18131.0,960.0
2021-01-05 09:32:56.150,0.0884,0.0882,13.0,0.0878,20.0,18132.0,961.0
2021-01-05 09:32:56.561,0.0884,0.0884,13.0,0.088,20.0,18132.0,961.0
2021-01-05 09:32:57.130,0.0884,0.0883,20.0,0.0879,1.0,18132.0,961.0
2021-01-05 09:32:57.600,0.0884,0.088,20.0,0.0879,1.0,18132.0,961.0
2021-01-05 09:32:58.171,0.0879,0.0881,13.0,0.0878,20.0,18133.0,962.0
2021-01-05 09:32:58.651,0.0879,0.0884,33.0,0.0879,13.0,18133.0,962.0
2021-01-05 09:32:59.170,0.0879,0.0884,33.0,0.0879,13.0,18133.0,962.0
2021-01-05 09:32:59.621,0.0879,0.0886,20.0,0.088,20.0,18133.0,962.0
2021-01-05 09:33:00.180,0.0867,0.0886,33.0,0.0866,13.0,18079.0,1022.0
2021-01-05 09:33:00.651,0.0867,0.0885,20.0,0.0879,20.0,18079.0,1022.0
2021-01-05 09:33:01.081,0.0867,0.0883,20.0,0.0879,20.0,18079.0,1022.0
2021-01-05 09:33:01.661,0.088,0.088,19.0,0.0874,33.0,18080.0,1023.0
2021-01-05 09:33:02.130,0.088,0.088,32.0,0.0875,13.0,18080.0,1023.0
2021-01-05 09:33:02.651,0.0875,0.0879,3.0,0.0874,20.0,18080.0,1036.0
2021-01-05 09:33:03.121,0.0877,0.0877,9.0,0.087,30.0,18080.0,1037.0
2021-01-05 09:33:03.681,0.0877,0.0874,6.0,0.087,30.0,18080.0,1037.0
2021-01-05 09:33:04.140,0.0877,0.0873,13.0,0.087,10.0,18080.0,1037.0
2021-01-05 09:33:04.651,0.087,0.0872,16.0,0.0867,23.0,18102.0,1059.0
2021-01-05 09:33:05.181,0.087,0.087,5.0,0.0867,3.0,18113.0,1070.0
2021-01-05 09:33:05.580,0.0871,0.0869,13.0,0.0866,3.0,18123.0,1080.0
2021-01-05 09:33:06.170,0.0869,0.0866,3.0,0.0863,3.0,18124.0,1081.0
2021-01-05 09:33:06.681,0.0869,0.0866,3.0,0.0864,23.0,18124.0,1081.0
2021-01-05 09:33:07.171,0.0869,0.0866,3.0,0.0863,13.0,18124.0,1081.0
2021-01-05 09:33:07.601,0.0866,0.0866,2.0,0.0865,20.0,18124.0,1082.0
2021-01-05 09:33:08.191,0.0867,0.0867,5.0,0.0866,22.0,18126.0,1085.0
2021-01-05 09:33:08.681,0.0867,0.0871,13.0,0.0868,15.0,18126.0,1090.0
2021-01-05 09:33:09.181,0.0872,0.0873,10.0,0.0869,20.0,18127.0,1091.0
2021-01-05 09:33:09.630,0.0872,0.0873,10.0,0.087,20.0,18127.0,1091.0
2021-01-05 09:33:10.180,0.087,0.0872,13.0,0.0868,33.0,18127.0,1097.0
2021-01-05 09:33:10.681,0.087,0.0871,20.0,0.0865,20.0,18127.0,1097.0
2021-01-05 09:33:11.180,0.087,0.087,13.0,0.0865,33.0,18127.0,1097.0
2021-01-05 09:33:11.670,0.087,0.0867,10.0,0.0864,33.0,18127.0,1097.0
2021-01-05 09:33:12.181,0.087,0.0871,53.0,0.0866,20.0,18118.0,1108.0
2021-01-05 09:33:12.650,0.087,0.0874,20.0,0.087,20.0,18118.0,1108.0
2021-01-05 09:33:13.100,0.087,0.0874,20.0,0.0871,33.0,18130.0,1120.0
2021-01-05 09:33:13.691,0.087,0.0873,20.0,0.087,13.0,18130.0,1120.0
2021-01-05 09:33:14.070,0.087,0.0872,13.0,0.0868,33.0,18130.0,1122.0
2021-01-05 09:33:14.600,0.087,0.0872,13.0,0.0868,20.0,18130.0,1122.0
2021-01-05 09:33:15.071,0.0868,0.0871,13.0,0.0868,15.0,18131.0,1128.0
2021-01-05 09:33:15.651,0.0868,0.087,20.0,0.0864,23.0,18131.0,1128.0
2021-01-05 09:33:16.181,0.0868,0.0868,15.0,0.0865,13.0,18131.0,1128.0
2021-01-05 09:33:16.671,0.0868,0.0867,13.0,0.0862,16.0,18131.0,1128.0
2021-01-05 09:33:17.190,0.0868,0.0866,10.0,0.0862,3.0,18131.0,1128.0
2021-01-05 09:33:17.691,0.0868,0.0866,23.0,0.0861,36.0,18131.0,1128.0
2021-01-05 09:33:18.160,0.0866,0.0866,42.0,0.086,3.0,18131.0,1129.0
2021-01-05 09:33:18.680,0.0866,0.0866,29.0,0.0861,33.0,18131.0,1129.0
2021-01-05 09:33:19.191,0.0866,0.0862,3.0,0.0861,13.0,18131.0,1129.0
2021-01-05 09:33:19.660,0.0866,0.0862,13.0,0.086,13.0,18131.0,1129.0
2021-01-05 09:33:20.171,0.0866,0.0862,13.0,0.086,13.0,18131.0,1129.0
2021-01-05 09:33:20.680,0.0866,0.0862,13.0,0.086,33.0,18131.0,1129.0
2021-01-05 09:33:21.160,0.0866,0.0862,13.0,0.0859,15.0,18131.0,1129.0
2021-01-05 09:33:21.681,0.0866,0.0862,13.0,0.086,13.0,18131.0,1129.0
2021-01-05 09:33:22.150,0.0862,0.0862,3.0,0.086,13.0,18124.0,1139.0
2021-01-05 09:33:22.670,0.0859,0.0862,3.0,0.0859,11.0,18122.0,1143.0
2021-01-05 09:33:23.051,0.0859,0.0862,3.0,0.0859,13.0,18122.0,1143.0
2021-01-05 09:33:23.660,0.0859,0.0862,3.0,0.0859,13.0,18122.0,1143.0
2021-01-05 09:33:24.171,0.0859,0.0863,20.0,0.0859,13.0,18122.0,1143.0
2021-01-05 09:33:24.651,0.0859,0.0864,20.0,0.0861,20.0,18122.0,1143.0
2021-01-05 09:33:25.151,0.0859,0.0864,13.0,0.0861,20.0,18122.0,1143.0
2021-01-05 09:33:25.671,0.0859,0.0866,30.0,0.0862,16.0,18122.0,1143.0
2021-01-05 09:33:26.620,0.0859,0.0867,30.0,0.0863,13.0,18122.0,1143.0
2021-01-05 09:33:27.171,0.0858,0.0863,7.0,0.0861,13.0,18122.0,1158.0
2021-01-05 09:33:27.571,0.0858,0.0865,13.0,0.0862,23.0,18122.0,1158.0
2021-01-05 09:33:28.180,0.0858,0.0866,13.0,0.0862,20.0,18122.0,1158.0
2021-01-05 09:33:28.670,0.0858,0.0864,20.0,0.0858,51.0,18122.0,1158.0
2021-01-05 09:33:29.171,0.0858,0.0864,33.0,0.0859,13.0,18122.0,1158.0
2021-01-05 09:33:30.170,0.0858,0.0866,20.0,0.0862,13.0,18122.0,1158.0
2021-01-05 09:33:30.670,0.0858,0.0866,20.0,0.0861,33.0,18122.0,1158.0
2021-01-05 09:33:31.131,0.0858,0.0866,20.0,0.0862,13.0,18122.0,1158.0
2021-01-05 09:33:31.231,0.0858,0.0865,13.0,0.0861,33.0,18122.0,1158.0
2021-01-05 09:33:32.170,0.0858,0.0866,33.0,0.0862,13.0,18122.0,1158.0
2021-01-05 09:33:32.620,0.0858,0.0866,20.0,0.0862,13.0,18122.0,1158.0
2021-01-05 09:33:33.521,0.0861,0.0866,20.0,0.0861,13.0,18102.0,1178.0
2021-01-05 09:33:34.070,0.0861,0.0865,13.0,0.0861,13.0,18102.0,1178.0
2021-01-05 09:33:34.671,0.0861,0.0865,13.0,0.0861,26.0,18102.0,1178.0
2021-01-05 09:33:35.690,0.0861,0.0866,13.0,0.0862,20.0,18102.0,1178.0
2021-01-05 09:33:36.101,0.0861,0.0866,13.0,0.0862,20.0,18102.0,1178.0
2021-01-05 09:33:36.681,0.0862,0.0866,33.0,0.086,20.0,18105.0,1181.0
2021-01-05 09:33:37.190,0.0862,0.0864,20.0,0.0859,1.0,18105.0,1181.0
2021-01-05 09:33:37.640,0.0862,0.0863,13.0,0.0859,1.0,18105.0,1181.0
2021-01-05 09:33:38.120,0.0862,0.0863,13.0,0.0859,1.0,18105.0,1181.0
2021-01-05 09:33:38.621,0.0862,0.0864,33.0,0.0859,14.0,18105.0,1181.0
2021-01-05 09:33:39.201,0.0862,0.0864,33.0,0.0859,14.0,18105.0,1181.0
2021-01-05 09:33:39.641,0.0862,0.0864,13.0,0.0862,4.0,18105.0,1181.0
2021-01-05 09:33:40.160,0.0862,0.0865,13.0,0.0863,3.0,18105.0,1181.0
2021-01-05 09:33:40.690,0.0862,0.0866,13.0,0.0863,3.0,18105.0,1181.0
2021-01-05 09:33:41.161,0.0862,0.0866,13.0,0.0863,23.0,18105.0,1181.0
2021-01-05 09:33:41.691,0.0862,0.0867,20.0,0.0863,23.0,18105.0,1181.0
2021-01-05 09:33:42.160,0.0862,0.0868,13.0,0.0865,20.0,18105.0,1181.0
2021-01-05 09:33:42.640,0.0862,0.087,13.0,0.0866,16.0,18105.0,1181.0
2021-01-05 09:33:43.180,0.0862,0.0871,13.0,0.0867,33.0,18105.0,1181.0
2021-01-05 09:33:43.180,0.0862,0.0872,13.0,0.0868,13.0,18105.0,1181.0
2021-01-05 09:33:44.110,0.0862,0.0872,13.0,0.0867,20.0,18105.0,1181.0
2021-01-05 09:33:44.671,0.0862,0.087,20.0,0.0864,33.0,18105.0,1181.0
2021-01-05 09:33:45.180,0.0862,0.087,20.0,0.0865,33.0,18105.0,1181.0
2021-01-05 09:33:45.660,0.0862,0.087,20.0,0.0866,13.0,18105.0,1181.0
2021-01-05 09:33:46.100,0.0862,0.0874,43.0,0.0868,20.0,18105.0,1181.0
2021-01-05 09:33:46.680,0.0862,0.0875,33.0,0.0869,33.0,18105.0,1181.0
2021-01-05 09:33:47.191,0.0862,0.0876,13.0,0.0871,20.0,18105.0,1181.0
2021-01-05 09:33:47.681,0.0862,0.0876,13.0,0.0872,13.0,18105.0,1181.0
2021-01-05 09:33:48.171,0.0862,0.0876,13.0,0.0871,20.0,18105.0,1181.0
2021-01-05 09:33:48.171,0.0862,0.0876,33.0,0.0871,4.0,18105.0,1181.0
2021-01-05 09:33:49.120,0.0862,0.0876,13.0,0.0872,33.0,18105.0,1181.0
2021-01-05 09:33:49.681,0.0862,0.0877,13.0,0.0873,16.0,18105.0,1181.0
2021-01-05 09:33:50.130,0.0873,0.0878,13.0,0.0873,25.0,18081.0,1205.0
2021-01-05 09:33:50.570,0.0873,0.0878,20.0,0.0871,24.0,18081.0,1205.0
2021-01-05 09:33:50.901,0.0873,0.0877,13.0,0.0872,20.0,18081.0,1205.0
2021-01-05 09:33:51.571,0.0873,0.0876,20.0,0.0872,20.0,18081.0,1205.0
2021-01-05 09:33:52.190,0.0873,0.0875,13.0,0.0871,20.0,18081.0,1205.0
2021-01-05 09:33:52.661,0.0873,0.0876,13.0,0.0872,13.0,18081.0,1205.0
2021-01-05 09:33:52.960,0.0873,0.0876,13.0,0.0873,20.0,18081.0,1205.0
2021-01-05 09:33:53.650,0.0873,0.0875,20.0,0.0871,26.0,18082.0,1206.0
2021-01-05 09:33:54.180,0.0873,0.0876,13.0,0.0871,53.0,18082.0,1206.0
2021-01-05 09:33:54.610,0.0873,0.0877,20.0,0.0872,13.0,18082.0,1206.0
2021-01-05 09:33:55.181,0.0873,0.0877,20.0,0.0876,1.0,18082.0,1206.0
2021-01-05 09:33:55.650,0.0876,0.0879,20.0,0.0875,13.0,18083.0,1207.0
2021-01-05 09:33:56.120,0.0876,0.0879,20.0,0.0874,13.0,18083.0,1207.0
2021-01-05 09:33:56.651,0.0876,0.0879,33.0,0.0874,13.0,18083.0,1207.0
2021-01-05 09:33:57.171,0.0876,0.088,30.0,0.0875,20.0,18083.0,1207.0
2021-01-05 09:33:57.671,0.0876,0.0881,13.0,0.0876,13.0,18083.0,1207.0
2021-01-05 09:33:58.170,0.0876,0.0884,43.0,0.0877,20.0,18083.0,1207.0
2021-01-05 09:33:58.670,0.0876,0.0883,13.0,0.0877,20.0,18083.0,1207.0
2021-01-05 09:33:59.140,0.0876,0.0883,13.0,0.088,20.0,18083.0,1207.0
2021-01-05 09:33:59.690,0.0876,0.0884,10.0,0.088,33.0,18083.0,1207.0
2021-01-05 09:34:00.191,0.0876,0.0886,13.0,0.0881,13.0,18083.0,1207.0
2021-01-05 09:34:00.671,0.0876,0.0888,1.0,0.0882,21.0,18083.0,1207.0
2021-01-05 09:34:01.081,0.0876,0.0888,34.0,0.0883,13.0,18083.0,1207.0
2021-01-05 09:34:01.661,0.0883,0.0884,20.0,0.0882,1.0,18083.0,1209.0
2021-01-05 09:34:02.170,0.0882,0.0882,19.0,0.0878,20.0,18084.0,1210.0
2021-01-05 09:34:02.671,0.0882,0.0883,13.0,0.0879,13.0,18084.0,1210.0
2021-01-05 09:34:03.171,0.0882,0.0882,15.0,0.0881,20.0,18084.0,1210.0
2021-01-05 09:34:03.670,0.0882,0.0882,15.0,0.0881,20.0,18084.0,1210.0
2021-01-05 09:34:04.120,0.0882,0.0882,7.0,0.0881,20.0,18076.0,1218.0
2021-01-05 09:34:04.671,0.0882,0.0882,7.0,0.0881,20.0,18076.0,1218.0
2021-01-05 09:34:05.121,0.0882,0.0882,7.0,0.0881,33.0,18076.0,1218.0
2021-01-05 09:34:05.630,0.0882,0.0887,13.0,0.0882,13.0,18069.0,1225.0
2021-01-05 09:34:06.191,0.0882,0.0888,1.0,0.0882,13.0,18069.0,1225.0
2021-01-05 09:34:06.260,0.0882,0.0888,1.0,0.0883,20.0,18069.0,1225.0
2021-01-05 09:34:07.130,0.0882,0.0888,14.0,0.0883,33.0,18069.0,1225.0
2021-01-05 09:34:08.171,0.0882,0.0888,1.0,0.0887,20.0,18069.0,1225.0
2021-01-05 09:34:08.690,0.0888,0.0889,2.0,0.0888,1.0,18069.0,1226.0
2021-01-05 09:34:09.170,0.0887,0.0888,1.0,0.0887,20.0,18082.0,1239.0
2021-01-05 09:34:09.670,0.0887,0.0888,1.0,0.0886,2.0,18082.0,1239.0
2021-01-05 09:34:10.140,0.0887,0.0887,13.0,0.0885,20.0,18082.0,1239.0
2021-01-05 09:34:10.690,0.0887,0.0887,33.0,0.0883,20.0,18082.0,1239.0
2021-01-05 09:34:11.151,0.0887,0.0886,33.0,0.0883,20.0,18082.0,1239.0
2021-01-05 09:34:11.681,0.0883,0.0883,3.0,0.088,13.0,18082.0,1259.0
2021-01-05 09:34:12.121,0.0889,0.0892,10.0,0.0889,242.0,18082.0,1317.0
2021-01-05 09:34:12.621,0.0889,0.0891,13.0,0.0889,134.0,18082.0,1425.0
2021-01-05 09:34:13.191,0.0889,0.0891,13.0,0.0889,104.0,18082.0,1455.0
2021-01-05 09:34:13.521,0.0889,0.0889,150.0,0.0879,23.0,18082.0,1559.0
2021-01-05 09:34:14.181,0.0889,0.0884,20.0,0.0878,3.0,18082.0,1559.0
2021-01-05 09:34:14.691,0.0889,0.0882,20.0,0.0876,23.0,18082.0,1559.0
2021-01-05 09:34:15.181,0.0889,0.088,20.0,0.0876,3.0,18082.0,1559.0
2021-01-05 09:34:15.681,0.0889,0.0879,13.0,0.0876,3.0,18082.0,1559.0
2021-01-05 09:34:16.190,0.0879,0.0879,13.0,0.0878,20.0,18082.0,1561.0
2021-01-05 09:34:16.620,0.0879,0.0886,20.0,0.0881,20.0,18082.0,1574.0
2021-01-05 09:34:16.970,0.0879,0.0886,33.0,0.0881,33.0,18082.0,1574.0
2021-01-05 09:34:17.690,0.0879,0.0888,20.0,0.0882,33.0,18082.0,1574.0
2021-01-05 09:34:18.201,0.0879,0.089,20.0,0.0884,20.0,18082.0,1574.0
2021-01-05 09:34:18.201,0.0879,0.0888,20.0,0.0885,13.0,18082.0,1574.0
2021-01-05 09:34:19.041,0.0879,0.089,20.0,0.0884,20.0,18082.0,1574.0
2021-01-05 09:34:19.661,0.0885,0.0885,7.0,0.088,45.0,18082.0,1587.0
2021-01-05 09:34:20.180,0.0885,0.0888,10.0,0.0885,7.0,18082.0,1594.0
2021-01-05 09:34:20.651,0.0885,0.0888,23.0,0.0885,7.0,18082.0,1594.0
2021-01-05 09:34:21.200,0.0885,0.0888,10.0,0.0885,20.0,18082.0,1594.0
2021-01-05 09:34:21.690,0.0885,0.089,13.0,0.0886,33.0,18082.0,1594.0
2021-01-05 09:34:22.151,0.0885,0.0891,13.0,0.0886,33.0,18082.0,1594.0
2021-01-05 09:34:22.191,0.0885,0.089,20.0,0.0884,33.0,18082.0,1594.0
2021-01-05 09:34:23.181,0.0885,0.0889,13.0,0.0884,33.0,18082.0,1594.0
2021-01-05 09:34:23.661,0.0885,0.089,33.0,0.0886,20.0,18082.0,1594.0
2021-01-05 09:34:24.170,0.0885,0.089,20.0,0.0886,33.0,18082.0,1594.0
2021-01-05 09:34:24.600,0.0885,0.089,20.0,0.0887,13.0,18082.0,1594.0
2021-01-05 09:34:25.150,0.0885,0.0891,13.0,0.0887,13.0,18082.0,1594.0
2021-01-05 09:34:25.671,0.0885,0.0892,13.0,0.0887,13.0,18082.0,1594.0
2021-01-05 09:34:26.170,0.0885,0.0892,13.0,0.0886,20.0,18082.0,1594.0
2021-01-05 09:34:26.641,0.0885,0.0892,13.0,0.0887,20.0,18082.0,1594.0
2021-01-05 09:34:27.150,0.0885,0.0892,33.0,0.0887,33.0,18082.0,1594.0
2021-01-05 09:34:28.120,0.0885,0.0891,13.0,0.0887,33.0,18082.0,1594.0
2021-01-05 09:34:28.621,0.0885,0.0892,33.0,0.0887,33.0,18082.0,1594.0
2021-01-05 09:34:29.171,0.0885,0.0891,13.0,0.0887,33.0,18082.0,1594.0
2021-01-05 09:34:29.601,0.0885,0.0891,13.0,0.0887,20.0,18082.0,1594.0
2021-01-05 09:34:30.170,0.0885,0.0892,33.0,0.0887,33.0,18082.0,1594.0
2021-01-05 09:34:30.681,0.0885,0.089,20.0,0.0886,13.0,18082.0,1594.0
2021-01-05 09:34:31.190,0.0885,0.0892,20.0,0.0887,23.0,18082.0,1594.0
2021-01-05 09:34:31.691,0.0885,0.0894,30.0,0.089,5.0,18082.0,1594.0
2021-01-05 09:34:32.121,0.0885,0.0893,13.0,0.089,5.0,18082.0,1594.0
2021-01-05 09:34:32.690,0.0885,0.0892,20.0,0.089,5.0,18082.0,1594.0
2021-01-05 09:34:33.090,0.0885,0.0892,20.0,0.089,18.0,18082.0,1594.0
2021-01-05 09:34:33.541,0.0892,0.0894,10.0,0.0892,10.0,18082.0,1614.0
2021-01-05 09:34:34.171,0.0894,0.0894,4.0,0.0892,10.0,18076.0,1620.0
2021-01-05 09:34:34.640,0.0894,0.0896,33.0,0.0892,10.0,18072.0,1624.0
2021-01-05 09:34:35.130,0.0894,0.0898,43.0,0.0893,13.0,18072.0,1624.0
2021-01-05 09:34:35.670,0.0894,0.0898,30.0,0.0893,13.0,18072.0,1624.0
2021-01-05 09:34:36.171,0.0894,0.0898,30.0,0.0893,13.0,18072.0,1624.0
2021-01-05 09:34:36.680,0.0894,0.0898,30.0,0.0893,13.0,18072.0,1624.0
2021-01-05 09:34:37.161,0.0894,0.0898,30.0,0.0893,13.0,18072.0,1624.0
2021-01-05 09:34:37.700,0.0894,0.0898,10.0,0.0895,20.0,18072.0,1624.0
2021-01-05 09:34:38.171,0.0896,0.0899,5.0,0.0896,11.0,18072.0,1626.0
2021-01-05 09:34:38.690,0.0896,0.0899,5.0,0.0896,13.0,18072.0,1626.0
2021-01-05 09:34:39.091,0.0899,0.09,8.0,0.0896,13.0,18072.0,1631.0
2021-01-05 09:34:39.470,0.0899,0.09,8.0,0.0897,3.0,18072.0,1631.0
2021-01-05 09:34:40.171,0.0899,0.09,8.0,0.0898,33.0,18072.0,1631.0
2021-01-05 09:34:40.601,0.09,0.09,5.0,0.0898,13.0,18072.0,1634.0
2021-01-05 09:34:41.201,0.09,0.0905,20.0,0.0898,20.0,18072.0,1639.0
2021-01-05 09:34:41.700,0.09,0.0904,13.0,0.0899,13.0,18072.0,1639.0
2021-01-05 09:34:42.171,0.09,0.0904,33.0,0.0899,13.0,18072.0,1639.0
2021-01-05 09:34:42.680,0.09,0.0904,33.0,0.0899,13.0,18072.0,1639.0
2021-01-05 09:34:43.191,0.09,0.0904,33.0,0.0899,13.0,18072.0,1639.0
2021-01-05 09:34:44.151,0.0902,0.0904,13.0,0.0899,13.0,18092.0,1659.0
2021-01-05 09:34:44.701,0.0907,0.0903,13.0,0.0899,13.0,18142.0,1709.0
2021-01-05 09:34:45.200,0.0907,0.0905,20.0,0.0899,20.0,18142.0,1709.0
2021-01-05 09:34:45.721,0.0907,0.0904,20.0,0.09,13.0,18142.0,1709.0
2021-01-05 09:34:46.140,0.0907,0.0907,20.0,0.09,33.0,18142.0,1709.0
2021-01-05 09:34:46.660,0.0907,0.0905,20.0,0.0901,13.0,18142.0,1709.0
2021-01-05 09:34:47.181,0.0907,0.0905,20.0,0.0901,13.0,18142.0,1709.0
2021-01-05 09:34:47.701,0.0907,0.0905,20.0,0.0904,33.0,18142.0,1709.0
2021-01-05 09:34:48.141,0.0907,0.0906,13.0,0.0904,33.0,18142.0,1709.0
2021-01-05 09:34:49.210,0.0907,0.0907,33.0,0.0904,33.0,18142.0,1709.0
2021-01-05 09:34:49.701,0.0906,0.0906,3.0,0.0904,32.0,18143.0,1740.0
2021-01-05 09:34:50.161,0.0904,0.0904,34.0,0.09,10.0,18175.0,1772.0
2021-01-05 09:34:50.700,0.0904,0.0904,34.0,0.0901,13.0,18175.0,1772.0
2021-01-05 09:34:51.200,0.0904,0.0904,34.0,0.0901,13.0,18175.0,1772.0
2021-01-05 09:34:51.511,0.0904,0.0904,34.0,0.0901,13.0,18175.0,1772.0
2021-01-05 09:34:52.220,0.0904,0.0904,32.0,0.0901,33.0,18175.0,1772.0
2021-01-05 09:34:52.650,0.0904,0.0904,52.0,0.0902,13.0,18175.0,1772.0
2021-01-05 09:34:53.180,0.0904,0.0904,15.0,0.0901,33.0,18181.0,1789.0
2021-01-05 09:34:53.651,0.0904,0.0904,11.0,0.0903,20.0,18181.0,1793.0
2021-01-05 09:34:54.170,0.0904,0.0909,20.0,0.0904,28.0,18191.0,1804.0
2021-01-05 09:34:54.631,0.0904,0.091,1.0,0.0907,20.0,18191.0,1804.0
2021-01-05 09:34:55.161,0.0904,0.091,1.0,0.0909,20.0,18191.0,1804.0
2021-01-05 09:34:55.591,0.091,0.0916,13.0,0.091,13.0,18191.0,1805.0
2021-01-05 09:34:56.141,0.091,0.0917,10.0,0.0911,20.0,18191.0,1805.0
2021-01-05 09:34:56.681,0.091,0.0917,10.0,0.0913,20.0,18191.0,1805.0
2021-01-05 09:34:57.130,0.091,0.0917,10.0,0.0914,13.0,18191.0,1805.0
2021-01-05 09:34:57.651,0.091,0.0917,10.0,0.0914,13.0,18191.0,1805.0
2021-01-05 09:34:58.160,0.091,0.0917,10.0,0.0914,13.0,18191.0,1805.0
2021-01-05 09:34:58.640,0.091,0.0917,10.0,0.0914,13.0,18191.0,1805.0
2021-01-05 09:34:59.151,0.091,0.092,20.0,0.0914,13.0,18191.0,1805.0
2021-01-05 09:35:00.160,0.091,0.0917,10.0,0.0914,13.0,18191.0,1805.0
2021-01-05 09:35:00.640,0.091,0.0917,10.0,0.0915,20.0,18191.0,1805.0
2021-01-05 09:35:01.070,0.091,0.0917,10.0,0.0916,13.0,18191.0,1805.0
2021-01-05 09:35:01.620,0.091,0.0917,10.0,0.0916,13.0,18191.0,1805.0
2021-01-05 09:35:02.181,0.0916,0.0918,33.0,0.0913,13.0,18191.0,1818.0
2021-01-05 09:35:02.680,0.0916,0.0916,20.0,0.0911,20.0,18191.0,1818.0
2021-01-05 09:35:03.180,0.0915,0.0915,11.0,0.0911,20.0,18193.0,1820.0
2021-01-05 09:35:03.660,0.0915,0.0913,20.0,0.0907,20.0,18193.0,1820.0
2021-01-05 09:35:04.061,0.0915,0.0916,13.0,0.0912,20.0,18193.0,1820.0
2021-01-05 09:35:05.180,0.0915,0.0916,13.0,0.0912,20.0,18193.0,1820.0
2021-01-05 09:35:05.671,0.0912,0.0917,20.0,0.0912,19.0,18199.0,1827.0
2021-01-05 09:35:06.180,0.0912,0.0917,13.0,0.0914,20.0,18199.0,1827.0
2021-01-05 09:35:06.680,0.0912,0.0919,13.0,0.0917,12.0,18199.0,1827.0
2021-01-05 09:35:07.131,0.0912,0.092,13.0,0.0917,12.0,18199.0,1827.0
2021-01-05 09:35:07.650,0.0912,0.0922,13.0,0.0918,20.0,18199.0,1827.0
2021-01-05 09:35:08.171,0.0912,0.0923,10.0,0.092,20.0,18199.0,1827.0
2021-01-05 09:35:08.661,0.0923,0.0927,10.0,0.092,22.0,18189.0,1837.0
2021-01-05 09:35:09.191,0.0923,0.0928,13.0,0.0924,20.0,18189.0,1837.0
2021-01-05 09:35:09.700,0.0923,0.0927,10.0,0.0925,3.0,18189.0,1837.0
2021-01-05 09:35:10.180,0.0923,0.0929,23.0,0.0925,3.0,18189.0,1837.0
2021-01-05 09:35:10.691,0.0923,0.0928,23.0,0.0927,5.0,18189.0,1837.0
2021-01-05 09:35:11.160,0.0923,0.0929,13.0,0.0927,5.0,18189.0,1837.0
2021-01-05 09:35:11.680,0.0923,0.093,16.0,0.0927,25.0,18189.0,1837.0
2021-01-05 09:35:12.101,0.0923,0.0929,23.0,0.0927,25.0,18189.0,1837.0
2021-01-05 09:35:12.691,0.0927,0.0929,10.0,0.0925,13.0,18189.0,1852.0
2021-01-05 09:35:13.181,0.0925,0.0927,20.0,0.0921,20.0,18189.0,1857.0
2021-01-05 09:35:13.640,0.0921,0.0921,13.0,0.0917,20.0,18189.0,1858.0
2021-01-05 09:35:14.191,0.0921,0.092,13.0,0.0914,30.0,18189.0,1858.0
2021-01-05 09:35:14.700,0.092,0.0917,20.0,0.0913,10.0,18197.0,1866.0
2021-01-05 09:35:15.200,0.0919,0.0916,13.0,0.0913,10.0,18197.0,1871.0
2021-01-05 09:35:15.701,0.0919,0.0918,13.0,0.0915,20.0,18197.0,1871.0
2021-01-05 09:35:16.201,0.0918,0.0922,10.0,0.0918,7.0,18197.0,1884.0
2021-01-05 09:35:16.681,0.0918,0.092,20.0,0.0914,20.0,18197.0,1884.0
2021-01-05 09:35:17.190,0.0918,0.092,20.0,0.0915,13.0,18197.0,1884.0
2021-01-05 09:35:17.680,0.0918,0.092,30.0,0.0915,13.0,18197.0,1884.0
2021-01-05 09:35:18.170,0.0918,0.0919,20.0,0.0915,13.0,18197.0,1884.0
2021-01-05 09:35:18.681,0.0916,0.0916,15.0,0.0915,13.0,18197.0,1889.0
2021-01-05 09:35:19.180,0.0916,0.0916,15.0,0.0914,13.0,18197.0,1889.0
2021-01-05 09:35:19.641,0.0916,0.0916,15.0,0.0913,23.0,18197.0,1889.0
2021-01-05 09:35:20.170,0.0916,0.0916,15.0,0.0913,23.0,18197.0,1889.0
2021-01-05 09:35:20.681,0.0916,0.0917,10.0,0.0914,33.0,18197.0,1897.0
2021-01-05 09:35:21.180,0.0916,0.0919,20.0,0.0917,10.0,18197.0,1897.0
2021-01-05 09:35:21.601,0.0916,0.0924,23.0,0.0919,6.0,18197.0,1897.0
2021-01-05 09:35:22.171,0.0916,0.0924,30.0,0.092,13.0,18197.0,1897.0
2021-01-05 09:35:22.521,0.0916,0.0924,30.0,0.0921,3.0,18197.0,1897.0
2021-01-05 09:35:23.151,0.0916,0.0924,30.0,0.092,13.0,18197.0,1897.0
2021-01-05 09:35:23.680,0.0916,0.0924,10.0,0.0919,33.0,18197.0,1897.0
2021-01-05 09:35:24.171,0.0916,0.0921,20.0,0.092,13.0,18197.0,1897.0
2021-01-05 09:35:24.671,0.0924,0.0924,25.0,0.0921,5.0,18192.0,1902.0
2021-01-05 09:35:25.061,0.0924,0.0924,10.0,0.0921,38.0,18192.0,1902.0
2021-01-05 09:35:25.660,0.0924,0.0927,20.0,0.0922,16.0,18192.0,1902.0
2021-01-05 09:35:26.160,0.0922,0.0926,10.0,0.0923,13.0,18192.0,1903.0
2021-01-05 09:35:26.651,0.0927,0.0927,12.0,0.0923,20.0,18193.0,1904.0
2021-01-05 09:35:27.101,0.0927,0.0927,10.0,0.0924,13.0,18193.0,1904.0
2021-01-05 09:35:27.641,0.0927,0.0925,20.0,0.0923,13.0,18193.0,1904.0
2021-01-05 09:35:28.171,0.0925,0.0925,15.0,0.0921,13.0,18193.0,1909.0
2021-01-05 09:35:28.680,0.0925,0.0927,33.0,0.0921,33.0,18193.0,1909.0
2021-01-05 09:35:29.160,0.0925,0.0926,13.0,0.0922,13.0,18193.0,1909.0
2021-01-05 09:35:29.641,0.0925,0.0925,20.0,0.0922,13.0,18193.0,1909.0
2021-01-05 09:35:30.121,0.0927,0.0927,8.0,0.0923,22.0,18193.0,1916.0
2021-01-05 09:35:30.690,0.0927,0.0927,13.0,0.0923,35.0,18193.0,1916.0
2021-01-05 09:35:31.170,0.0927,0.0927,13.0,0.0923,20.0,18193.0,1916.0
2021-01-05 09:35:31.600,0.0927,0.0927,43.0,0.0923,20.0,18193.0,1916.0
2021-01-05 09:35:32.150,0.0927,0.0928,30.0,0.0924,13.0,18193.0,1916.0
2021-01-05 09:35:32.630,0.0927,0.0928,53.0,0.0923,33.0,18193.0,1916.0
2021-01-05 09:35:33.191,0.0927,0.0928,10.0,0.0924,33.0,18193.0,1916.0
2021-01-05 09:35:33.650,0.0928,0.0928,9.0,0.0926,20.0,18192.0,1917.0
2021-01-05 09:35:34.190,0.0928,0.093,3.0,0.0927,13.0,18183.0,1926.0
2021-01-05 09:35:34.691,0.093,0.0934,63.0,0.0928,2.0,18183.0,1929.0
2021-01-05 09:35:35.050,0.093,0.0933,43.0,0.0928,15.0,18183.0,1929.0
2021-01-05 09:35:35.590,0.093,0.0933,30.0,0.0929,13.0,18183.0,1929.0
2021-01-05 09:35:36.180,0.093,0.0934,10.0,0.0929,13.0,18183.0,1929.0
2021-01-05 09:35:36.601,0.093,0.0934,20.0,0.0929,33.0,18183.0,1929.0
2021-01-05 09:35:37.171,0.093,0.0934,20.0,0.093,13.0,18183.0,1929.0
2021-01-05 09:35:37.640,0.093,0.0934,20.0,0.093,13.0,18183.0,1929.0
2021-01-05 09:35:38.190,0.093,0.0934,33.0,0.0929,34.0,18183.0,1929.0
2021-01-05 09:35:38.591,0.0934,0.0932,20.0,0.0929,14.0,18183.0,1933.0
2021-01-05 09:35:39.140,0.0934,0.0931,13.0,0.0929,1.0,18183.0,1933.0
2021-01-05 09:35:39.690,0.0929,0.0931,13.0,0.0928,1.0,18184.0,1934.0
2021-01-05 09:35:40.191,0.0928,0.093,20.0,0.0926,1.0,18185.0,1935.0
2021-01-05 09:35:40.691,0.0926,0.0928,2.0,0.0924,20.0,18186.0,1936.0
2021-01-05 09:35:41.190,0.0927,0.0927,9.0,0.0924,33.0,18187.0,1937.0
2021-01-05 09:35:41.680,0.0927,0.0927,9.0,0.0924,20.0,18187.0,1937.0
2021-01-05 09:35:42.160,0.0927,0.0928,10.0,0.0925,33.0,18187.0,1937.0
2021-01-05 09:35:42.621,0.0927,0.0929,9.0,0.0927,18.0,18185.0,1940.0
2021-01-05 09:35:43.190,0.0929,0.0932,13.0,0.0929,6.0,18185.0,1955.0
2021-01-05 09:35:43.661,0.0925,0.0927,10.0,0.0925,19.0,18184.0,1956.0
2021-01-05 09:35:44.101,0.0928,0.0932,13.0,0.0928,16.0,18183.0,1967.0
2021-01-05 09:35:44.681,0.093,0.0932,10.0,0.093,19.0,18185.0,1971.0
2021-01-05 09:35:45.071,0.093,0.0932,10.0,0.0931,13.0,18185.0,1971.0
2021-01-05 09:35:45.670,0.0932,0.0934,1.0,0.0932,12.0,18178.0,1991.0
2021-01-05 09:35:45.891,0.0932,0.0934,1.0,0.0933,13.0,18178.0,1997.0
2021-01-05 09:35:46.441,0.0933,0.0934,1.0,0.0933,20.0,18176.0,1999.0
2021-01-05 09:35:47.101,0.0933,0.0938,13.0,0.0933,23.0,18176.0,2010.0
2021-01-05 09:35:47.691,0.0933,0.0941,33.0,0.0934,33.0,18176.0,2010.0
2021-01-05 09:35:48.181,0.0933,0.094,10.0,0.0936,20.0,18176.0,2010.0
2021-01-05 09:35:48.650,0.0936,0.0939,20.0,0.0936,13.0,18176.0,2030.0
2021-01-05 09:35:49.190,0.0936,0.0941,20.0,0.0934,13.0,18176.0,2030.0
2021-01-05 09:35:49.701,0.0936,0.0942,10.0,0.0941,1.0,18176.0,2030.0
2021-01-05 09:35:50.121,0.0941,0.0941,3.0,0.0938,13.0,18176.0,2031.0
2021-01-05 09:35:50.630,0.0941,0.0941,33.0,0.0936,33.0,18179.0,2034.0
2021-01-05 09:35:51.710,0.0941,0.0938,20.0,0.0936,10.0,18179.0,2034.0
2021-01-05 09:35:52.100,0.0941,0.0938,20.0,0.0936,10.0,18179.0,2034.0
2021-01-05 09:35:52.661,0.0937,0.0938,20.0,0.0937,13.0,18175.0,2038.0
2021-01-05 09:35:53.111,0.0937,0.094,33.0,0.0937,10.0,18175.0,2038.0
2021-01-05 09:35:54.161,0.094,0.0938,20.0,0.0937,10.0,18176.0,2039.0
2021-01-05 09:35:54.640,0.0937,0.0936,20.0,0.0934,13.0,18186.0,2049.0
2021-01-05 09:35:55.181,0.0934,0.0933,20.0,0.0932,1.0,18186.0,2062.0
2021-01-05 09:35:55.581,0.0932,0.0932,13.0,0.0931,10.0,18187.0,2063.0
2021-01-05 09:35:56.121,0.0931,0.0932,13.0,0.0931,2.0,18187.0,2071.0
2021-01-05 09:35:56.690,0.0931,0.0934,13.0,0.0931,22.0,18187.0,2071.0
2021-01-05 09:35:57.160,0.0931,0.0934,13.0,0.0931,22.0,18187.0,2071.0
2021-01-05 09:35:57.681,0.0931,0.0934,13.0,0.0929,20.0,18187.0,2071.0
2021-01-05 09:35:58.150,0.0931,0.0934,13.0,0.0932,10.0,18187.0,2071.0
2021-01-05 09:35:58.701,0.0931,0.0934,13.0,0.0932,10.0,18187.0,2071.0
2021-01-05 09:35:59.160,0.0934,0.0935,21.0,0.0933,2.0,18187.0,2081.0
2021-01-05 09:35:59.640,0.0935,0.0937,13.0,0.0934,1.0,18186.0,2089.0
2021-01-05 09:36:00.190,0.0935,0.0939,13.0,0.0935,20.0,18186.0,2089.0
2021-01-05 09:36:00.680,0.0935,0.0939,10.0,0.0936,2.0,18186.0,2089.0
2021-01-05 09:36:01.181,0.0935,0.0939,43.0,0.0936,2.0,18186.0,2089.0
2021-01-05 09:36:01.671,0.0935,0.0938,13.0,0.0935,20.0,18186.0,2089.0
2021-01-05 09:36:02.170,0.0935,0.0937,20.0,0.0934,11.0,18186.0,2109.0
2021-01-05 09:36:02.701,0.0934,0.0935,20.0,0.0932,10.0,18197.0,2120.0
2021-01-05 09:36:03.150,0.0932,0.0933,20.0,0.0927,10.0,18207.0,2130.0
2021-01-05 09:36:03.700,0.0932,0.0932,13.0,0.0927,10.0,18207.0,2130.0
2021-01-05 09:36:04.201,0.0932,0.0931,1.0,0.0926,23.0,18207.0,2130.0
2021-01-05 09:36:04.670,0.0932,0.0931,14.0,0.0926,46.0,18207.0,2130.0
2021-01-05 09:36:05.150,0.0932,0.0931,1.0,0.0928,20.0,18207.0,2130.0
2021-01-05 09:36:05.590,0.0932,0.0931,1.0,0.0929,22.0,18207.0,2130.0
2021-01-05 09:36:06.180,0.0931,0.0933,13.0,0.0929,22.0,18206.0,2131.0
2021-01-05 09:36:06.700,0.0931,0.0932,7.0,0.0929,22.0,18206.0,2131.0
2021-01-05 09:36:07.181,0.0931,0.0931,13.0,0.0928,20.0,18206.0,2131.0
2021-01-05 09:36:07.640,0.0931,0.0931,13.0,0.0928,20.0,18206.0,2131.0
2021-01-05 09:36:08.170,0.0931,0.093,7.0,0.0928,40.0,18206.0,2131.0
2021-01-05 09:36:08.591,0.093,0.093,16.0,0.0928,20.0,18204.0,2135.0
2021-01-05 09:36:09.161,0.093,0.093,3.0,0.0928,20.0,18204.0,2135.0
2021-01-05 09:36:09.691,0.093,0.0929,13.0,0.0926,20.0,18204.0,2135.0
2021-01-05 09:36:10.101,0.093,0.0929,13.0,0.0925,20.0,18204.0,2135.0
2021-01-05 09:36:10.510,0.093,0.0928,20.0,0.0924,1.0,18204.0,2135.0
2021-01-05 09:36:11.180,0.093,0.0928,13.0,0.0924,14.0,18211.0,2145.0
2021-01-05 09:36:11.651,0.093,0.0929,13.0,0.0925,20.0,18211.0,2145.0
2021-01-05 09:36:12.181,0.093,0.0927,17.0,0.0926,13.0,18211.0,2145.0
2021-01-05 09:36:12.690,0.0927,0.093,13.0,0.0927,8.0,18194.0,2162.0
2021-01-05 09:36:13.190,0.0927,0.093,26.0,0.0926,13.0,18194.0,2162.0
2021-01-05 09:36:13.680,0.0927,0.093,26.0,0.0925,33.0,18194.0,2162.0
2021-01-05 09:36:14.150,0.0927,0.093,26.0,0.0925,33.0,18194.0,2162.0
2021-01-05 09:36:14.690,0.0927,0.093,26.0,0.0925,33.0,18194.0,2162.0
2021-01-05 09:36:15.170,0.0927,0.0928,3.0,0.0924,14.0,18194.0,2162.0
2021-01-05 09:36:15.660,0.0927,0.0928,16.0,0.0924,1.0,18194.0,2162.0
2021-01-05 09:36:16.150,0.0927,0.0928,16.0,0.0924,1.0,18194.0,2162.0
2021-01-05 09:36:16.680,0.0927,0.0928,3.0,0.0924,14.0,18194.0,2162.0
2021-01-05 09:36:17.180,0.0927,0.0928,16.0,0.0924,14.0,18194.0,2162.0
2021-01-05 09:36:17.670,0.0927,0.0928,16.0,0.0924,1.0,18194.0,2162.0
2021-01-05 09:36:18.181,0.0927,0.0927,13.0,0.0924,1.0,18194.0,2162.0
2021-01-05 09:36:18.680,0.0927,0.0927,33.0,0.0924,1.0,18194.0,2162.0
2021-01-05 09:36:18.680,0.0927,0.0927,20.0,0.0924,14.0,18194.0,2162.0
2021-01-05 09:36:19.691,0.0927,0.0926,3.0,0.0924,1.0,18194.0,2162.0
2021-01-05 09:36:20.161,0.0927,0.0926,3.0,0.0924,1.0,18194.0,2162.0
2021-01-05 09:36:20.680,0.0926,0.0926,1.0,0.0924,1.0,18194.0,2164.0
2021-01-05 09:36:21.120,0.0924,0.0926,21.0,0.0921,33.0,18195.0,2165.0
2021-01-05 09:36:21.691,0.0924,0.0926,34.0,0.0921,33.0,18195.0,2165.0
2021-01-05 09:36:22.171,0.0924,0.0926,34.0,0.0922,13.0,18195.0,2165.0
2021-01-05 09:36:22.680,0.0924,0.0926,21.0,0.0922,13.0,18195.0,2165.0
2021-01-05 09:36:23.191,0.0924,0.0926,21.0,0.0922,13.0,18195.0,2165.0
2021-01-05 09:36:23.681,0.0924,0.0926,1.0,0.0923,20.0,18195.0,2165.0
2021-01-05 09:36:24.171,0.0924,0.0926,1.0,0.0925,20.0,18195.0,2165.0
2021-01-05 09:36:24.701,0.0926,0.0929,13.0,0.0926,3.0,18194.0,2166.0
2021-01-05 09:36:25.191,0.0926,0.0933,30.0,0.0926,24.0,18194.0,2166.0
2021-01-05 09:36:25.471,0.0926,0.0929,20.0,0.0926,4.0,18194.0,2166.0
2021-01-05 09:36:26.171,0.0926,0.0929,20.0,0.0926,4.0,18194.0,2166.0
2021-01-05 09:36:26.651,0.0929,0.0933,30.0,0.0927,33.0,18197.0,2169.0
2021-01-05 09:36:27.070,0.0929,0.0933,20.0,0.0928,13.0,18197.0,2169.0
2021-01-05 09:36:27.690,0.0929,0.0933,10.0,0.0928,33.0,18197.0,2169.0
2021-01-05 09:36:28.120,0.0929,0.0935,38.0,0.0929,15.0,18197.0,2169.0
2021-01-05 09:36:28.681,0.0929,0.0935,15.0,0.0933,10.0,18197.0,2169.0
2021-01-05 09:36:29.171,0.0935,0.0938,23.0,0.0934,2.0,18197.0,2179.0
2021-01-05 09:36:29.661,0.0935,0.0938,13.0,0.0934,2.0,18197.0,2179.0
2021-01-05 09:36:30.161,0.0935,0.0937,10.0,0.0935,13.0,18197.0,2179.0
2021-01-05 09:36:30.651,0.0935,0.0935,10.0,0.0933,13.0,18197.0,2179.0
2021-01-05 09:36:31.181,0.0935,0.0935,10.0,0.0932,20.0,18197.0,2179.0
2021-01-05 09:36:31.690,0.0935,0.0935,10.0,0.0931,13.0,18197.0,2179.0
2021-01-05 09:36:32.130,0.0932,0.0936,13.0,0.0932,10.0,18197.0,2189.0
2021-01-05 09:36:32.660,0.0932,0.0937,13.0,0.0935,3.0,18197.0,2189.0
2021-01-05 09:36:33.200,0.0935,0.0935,17.0,0.093,13.0,18200.0,2192.0
2021-01-05 09:36:33.670,0.0935,0.0935,30.0,0.093,13.0,18200.0,2192.0
2021-01-05 09:36:34.091,0.0935,0.0936,13.0,0.0932,20.0,18200.0,2192.0
2021-01-05 09:36:34.671,0.0935,0.0936,13.0,0.0932,20.0,18200.0,2192.0
2021-01-05 09:36:34.971,0.0935,0.0934,20.0,0.0929,13.0,18200.0,2192.0
2021-01-05 09:36:35.701,0.0935,0.0934,20.0,0.093,2.0,18200.0,2192.0
2021-01-05 09:36:36.191,0.0935,0.0935,13.0,0.0931,33.0,18200.0,2192.0
2021-01-05 09:36:36.700,0.0935,0.0939,20.0,0.0934,6.0,18200.0,2193.0
2021-01-05 09:36:37.190,0.0935,0.0938,43.0,0.0934,19.0,18200.0,2193.0
2021-01-05 09:36:37.490,0.0935,0.0938,43.0,0.0934,19.0,18200.0,2193.0
2021-01-05 09:36:38.041,0.0935,0.0938,43.0,0.0934,6.0,18200.0,2193.0
2021-01-05 09:36:38.640,0.0938,0.0938,40.0,0.0934,6.0,18203.0,2196.0
2021-01-05 09:36:39.660,0.0938,0.0937,13.0,0.0934,6.0,18203.0,2196.0
2021-01-05 09:36:40.191,0.0934,0.0934,14.0,0.0929,20.0,18203.0,2202.0
2021-01-05 09:36:40.700,0.0934,0.0937,33.0,0.0932,20.0,18203.0,2202.0
2021-01-05 09:36:41.201,0.0934,0.0936,13.0,0.0932,20.0,18203.0,2202.0
2021-01-05 09:36:41.641,0.0934,0.0934,20.0,0.0929,50.0,18203.0,2202.0
2021-01-05 09:36:42.200,0.0934,0.0936,20.0,0.093,33.0,18203.0,2202.0
2021-01-05 09:36:42.690,0.0934,0.0933,1.0,0.0929,30.0,18203.0,2202.0
2021-01-05 09:36:43.180,0.0934,0.0933,1.0,0.0931,20.0,18203.0,2202.0
2021-01-05 09:36:43.700,0.0934,0.0933,1.0,0.0932,20.0,18203.0,2202.0
2021-01-05 09:36:44.200,0.0932,0.0936,33.0,0.0932,19.0,18203.0,2203.0
2021-01-05 09:36:44.680,0.0932,0.0934,1.0,0.0932,19.0,18203.0,2203.0
2021-01-05 09:36:45.191,0.0934,0.0939,20.0,0.0933,13.0,18203.0,2204.0
2021-01-05 09:36:45.631,0.0934,0.0939,30.0,0.0934,20.0,18203.0,2204.0
2021-01-05 09:36:46.190,0.0934,0.0941,26.0,0.0935,13.0,18203.0,2204.0
2021-01-05 09:36:46.501,0.0934,0.0941,6.0,0.0936,20.0,18203.0,2204.0
2021-01-05 09:36:47.130,0.0934,0.0941,6.0,0.0937,13.0,18203.0,2204.0
2021-01-05 09:36:47.660,0.0934,0.0941,6.0,0.0937,33.0,18203.0,2204.0
2021-01-05 09:36:48.130,0.0934,0.0941,6.0,0.094,10.0,18203.0,2204.0
2021-01-05 09:36:48.630,0.0934,0.0941,6.0,0.094,23.0,18203.0,2204.0
2021-01-05 09:36:49.170,0.0941,0.0946,20.0,0.0941,6.0,18205.0,2232.0
2021-01-05 09:36:49.700,0.0941,0.0944,20.0,0.094,10.0,18205.0,2232.0
2021-01-05 09:36:50.201,0.0941,0.0943,13.0,0.094,10.0,18205.0,2232.0
2021-01-05 09:36:50.670,0.0941,0.0943,13.0,0.094,10.0,18205.0,2232.0
2021-01-05 09:36:51.171,0.0941,0.0943,13.0,0.094,10.0,18205.0,2232.0
2021-01-05 09:36:51.671,0.0941,0.0943,13.0,0.094,10.0,18205.0,2232.0
2021-01-05 09:36:52.180,0.094,0.0944,20.0,0.094,13.0,18215.0,2242.0
2021-01-05 09:36:52.670,0.094,0.0946,20.0,0.094,10.0,18215.0,2252.0
2021-01-05 09:36:53.191,0.094,0.0945,23.0,0.0939,20.0,18225.0,2262.0
2021-01-05 09:36:53.671,0.094,0.0944,13.0,0.0941,10.0,18225.0,2262.0
2021-01-05 09:36:54.180,0.0941,0.0943,20.0,0.0937,33.0,18235.0,2272.0
2021-01-05 09:36:54.631,0.0941,0.0941,20.0,0.0936,20.0,18235.0,2272.0
2021-01-05 09:36:55.141,0.0941,0.0941,20.0,0.0937,20.0,18235.0,2272.0
2021-01-05 09:36:55.651,0.0941,0.0941,20.0,0.0937,33.0,18235.0,2272.0
2021-01-05 09:36:56.141,0.0941,0.0941,33.0,0.0936,33.0,18235.0,2272.0
2021-01-05 09:36:56.691,0.0941,0.0941,20.0,0.0937,13.0,18235.0,2272.0
2021-01-05 09:36:57.171,0.0941,0.0941,10.0,0.0937,13.0,18245.0,2282.0
2021-01-05 09:36:57.630,0.094,0.0941,10.0,0.0937,13.0,18246.0,2283.0
2021-01-05 09:36:58.160,0.094,0.0941,10.0,0.0937,13.0,18246.0,2283.0
2021-01-05 09:36:58.610,0.094,0.0941,10.0,0.0937,13.0,18246.0,2283.0
2021-01-05 09:36:59.181,0.094,0.0941,1.0,0.0938,20.0,18246.0,2283.0
2021-01-05 09:36:59.690,0.0941,0.0943,10.0,0.0941,1.0,18246.0,2284.0
2021-01-05 09:37:00.151,0.0941,0.0943,10.0,0.0941,13.0,18246.0,2284.0
2021-01-05 09:37:01.081,0.0941,0.0943,10.0,0.094,33.0,18246.0,2284.0
2021-01-05 09:37:01.630,0.094,0.0941,4.0,0.0938,33.0,18246.0,2289.0
2021-01-05 09:37:02.191,0.094,0.0941,24.0,0.0939,13.0,18246.0,2289.0
2021-01-05 09:37:02.610,0.0939,0.0941,24.0,0.0938,13.0,18246.0,2296.0
2021-01-05 09:37:03.151,0.0939,0.0938,10.0,0.0937,13.0,18246.0,2296.0
2021-01-05 09:37:03.630,0.0939,0.0938,15.0,0.0936,33.0,18246.0,2296.0
2021-01-05 09:37:03.891,0.0939,0.0937,20.0,0.0934,33.0,18246.0,2296.0
2021-01-05 09:37:04.690,0.0934,0.0937,33.0,0.0934,23.0,18256.0,2306.0
2021-01-05 09:37:05.140,0.0934,0.0936,15.0,0.0934,23.0,18256.0,2306.0
2021-01-05 09:37:05.701,0.0934,0.0935,13.0,0.0934,20.0,18256.0,2306.0
2021-01-05 09:37:06.171,0.0934,0.0935,13.0,0.0933,20.0,18276.0,2326.0
2021-01-05 09:37:06.700,0.0934,0.0935,13.0,0.0933,20.0,18276.0,2326.0
2021-01-05 09:37:07.180,0.0934,0.0934,2.0,0.0933,23.0,18276.0,2326.0
2021-01-05 09:37:07.681,0.0934,0.0934,15.0,0.0933,23.0,18276.0,2326.0
2021-01-05 09:37:08.190,0.0934,0.0936,13.0,0.0935,18.0,18274.0,2341.0
2021-01-05 09:37:08.630,0.0934,0.094,30.0,0.0936,13.0,18274.0,2341.0
2021-01-05 09:37:09.170,0.0934,0.0942,20.0,0.0937,20.0,18274.0,2341.0
2021-01-05 09:37:09.660,0.0934,0.0939,2.0,0.0938,13.0,18274.0,2341.0
2021-01-05 09:37:10.121,0.0938,0.0938,21.0,0.0933,20.0,18274.0,2354.0
2021-01-05 09:37:10.701,0.0938,0.0935,20.0,0.0933,20.0,18274.0,2354.0
2021-01-05 09:37:11.201,0.0938,0.0936,13.0,0.0933,20.0,18274.0,2354.0
2021-01-05 09:37:11.700,0.0933,0.0934,2.0,0.0933,10.0,18284.0,2364.0
2021-01-05 09:37:12.131,0.0933,0.0934,15.0,0.0933,10.0,18284.0,2364.0
2021-01-05 09:37:12.261,0.0933,0.0934,15.0,0.0933,3.0,18291.0,2371.0
2021-01-05 09:37:13.181,0.0933,0.0934,15.0,0.0933,3.0,18291.0,2371.0
2021-01-05 09:37:13.681,0.0933,0.0934,15.0,0.0933,23.0,18291.0,2371.0
2021-01-05 09:37:14.130,0.0934,0.0936,13.0,0.0934,17.0,18289.0,2386.0
2021-01-05 09:37:14.651,0.0934,0.0939,10.0,0.0935,13.0,18289.0,2386.0
2021-01-05 09:37:15.160,0.0934,0.0939,10.0,0.0936,20.0,18289.0,2386.0
2021-01-05 09:37:15.700,0.0934,0.0939,23.0,0.0935,13.0,18289.0,2386.0
2021-01-05 09:37:16.461,0.0934,0.0936,20.0,0.0933,3.0,18289.0,2386.0
2021-01-05 09:37:17.200,0.0934,0.0935,13.0,0.0933,3.0,18289.0,2386.0
2021-01-05 09:37:17.671,0.0934,0.0937,33.0,0.0933,23.0,18289.0,2386.0
2021-01-05 09:37:18.061,0.0934,0.0937,20.0,0.0933,23.0,18289.0,2386.0
2021-01-05 09:37:18.710,0.0933,0.0936,1.0,0.0934,13.0,18290.0,2387.0
2021-01-05 09:37:19.021,0.0933,0.0936,1.0,0.0935,20.0,18290.0,2387.0
2021-01-05 09:37:19.711,0.0933,0.0936,1.0,0.0935,20.0,18290.0,2387.0
2021-01-05 09:37:20.211,0.0933,0.0936,1.0,0.0935,33.0,18290.0,2387.0
2021-01-05 09:37:20.691,0.0933,0.0936,1.0,0.0935,20.0,18290.0,2387.0
2021-01-05 09:37:21.200,0.0933,0.0936,1.0,0.0933,2.0,18290.0,2387.0
2021-01-05 09:37:21.701,0.0933,0.0935,28.0,0.0933,2.0,18290.0,2387.0
2021-01-05 09:37:22.030,0.0933,0.0934,13.0,0.0931,20.0,18292.0,2389.0
2021-01-05 09:37:22.620,0.0933,0.0934,13.0,0.0931,20.0,18292.0,2389.0
2021-01-05 09:37:23.031,0.0933,0.0933,10.0,0.093,3.0,18292.0,2389.0
2021-01-05 09:37:24.080,0.0933,0.0933,23.0,0.093,3.0,18292.0,2389.0
2021-01-05 09:37:24.631,0.0933,0.0934,13.0,0.0929,56.0,18292.0,2389.0
2021-01-05 09:37:25.200,0.0932,0.0934,13.0,0.0932,10.0,18282.0,2399.0
2021-01-05 09:37:25.670,0.0932,0.0934,13.0,0.093,23.0,18282.0,2409.0
2021-01-05 09:37:26.170,0.0932,0.0934,13.0,0.093,23.0,18282.0,2409.0
2021-01-05 09:37:26.650,0.0932,0.0933,21.0,0.0929,3.0,18282.0,2409.0
2021-01-05 09:37:27.130,0.0932,0.0932,13.0,0.093,20.0,18282.0,2409.0
2021-01-05 09:37:27.551,0.0932,0.0933,14.0,0.093,23.0,18282.0,2409.0
2021-01-05 09:37:28.151,0.0932,0.0933,13.0,0.093,23.0,18282.0,2409.0
2021-01-05 09:37:28.560,0.0932,0.0932,20.0,0.0929,3.0,18282.0,2409.0
2021-01-05 09:37:29.130,0.0932,0.0934,13.0,0.093,23.0,18282.0,2409.0
2021-01-05 09:37:29.691,0.0932,0.0934,33.0,0.093,23.0,18282.0,2409.0
2021-01-05 09:37:30.191,0.0931,0.0931,21.0,0.0928,13.0,18283.0,2410.0
2021-01-05 09:37:30.650,0.0931,0.093,20.0,0.0928,33.0,18282.0,2411.0
2021-01-05 09:37:31.190,0.093,0.093,13.0,0.0928,33.0,18275.0,2418.0
2021-01-05 09:37:31.691,0.093,0.093,13.0,0.0929,13.0,18275.0,2418.0
2021-01-05 09:37:32.041,0.093,0.093,2.0,0.0929,13.0,18264.0,2429.0
2021-01-05 09:37:32.571,0.093,0.0935,24.0,0.093,2.0,18262.0,2431.0
2021-01-05 09:37:33.180,0.093,0.0935,4.0,0.0933,20.0,18262.0,2431.0
2021-01-05 09:37:33.681,0.0935,0.0935,3.0,0.0934,2.0,18261.0,2432.0
2021-01-05 09:37:33.750,0.0931,0.0934,4.0,0.0933,13.0,18231.0,2462.0
2021-01-05 09:37:34.500,0.0931,0.0933,2.0,0.0931,53.0,18231.0,2462.0
2021-01-05 09:37:35.170,0.0931,0.0933,15.0,0.0931,20.0,18231.0,2462.0
2021-01-05 09:37:35.650,0.0931,0.0933,35.0,0.0929,23.0,18231.0,2465.0
2021-01-05 09:37:35.881,0.0931,0.0931,10.0,0.0929,46.0,18231.0,2465.0
2021-01-05 09:37:36.661,0.0931,0.0931,5.0,0.0929,23.0,18231.0,2470.0
2021-01-05 09:37:37.180,0.0929,0.0931,5.0,0.0929,10.0,18231.0,2480.0
2021-01-05 09:37:37.691,0.0929,0.093,13.0,0.0928,20.0,18231.0,2487.0
2021-01-05 09:37:38.161,0.0929,0.0931,25.0,0.0927,46.0,18231.0,2487.0
2021-01-05 09:37:39.170,0.0929,0.0928,21.0,0.0927,10.0,18231.0,2487.0
2021-01-05 09:37:39.700,0.0929,0.0928,21.0,0.0927,10.0,18231.0,2487.0
2021-01-05 09:37:40.161,0.0927,0.0928,22.0,0.0925,3.0,18241.0,2497.0
2021-01-05 09:37:40.701,0.0927,0.0926,10.0,0.0925,3.0,18241.0,2497.0
2021-01-05 09:37:41.131,0.0924,0.0926,10.0,0.0925,11.0,18249.0,2507.0
2021-01-05 09:37:41.660,0.0925,0.0925,3.0,0.0923,33.0,18254.0,2520.0
2021-01-05 09:37:42.130,0.0923,0.0924,2.0,0.0923,15.0,18260.0,2531.0
2021-01-05 09:37:42.691,0.0923,0.0926,18.0,0.0922,34.0,18265.0,2538.0
2021-01-05 09:37:42.691,0.0923,0.0924,5.0,0.0922,34.0,18265.0,2538.0
2021-01-05 09:37:43.220,0.0924,0.0925,13.0,0.0922,11.0,18265.0,2543.0
2021-01-05 09:37:44.190,0.0922,0.0925,13.0,0.0922,6.0,18270.0,2548.0
2021-01-05 09:37:44.651,0.0922,0.0921,4.0,0.092,4.0,18276.0,2554.0
2021-01-05 09:37:45.021,0.0921,0.0921,10.0,0.092,1.0,18276.0,2558.0
2021-01-05 09:37:45.650,0.092,0.092,4.0,0.0918,3.0,18282.0,2565.0
2021-01-05 09:37:46.161,0.0921,0.0921,22.0,0.0918,13.0,18287.0,2574.0
2021-01-05 09:37:46.520,0.0921,0.0921,5.0,0.0919,20.0,18287.0,2589.0
2021-01-05 09:37:47.210,0.0919,0.0923,20.0,0.0919,41.0,18292.0,2604.0
2021-01-05 09:37:47.661,0.0923,0.0925,13.0,0.0921,20.0,18292.0,2615.0
2021-01-05 09:37:48.201,0.0923,0.0926,25.0,0.0921,20.0,18292.0,2615.0
2021-01-05 09:37:48.700,0.0923,0.0922,1.0,0.0921,13.0,18292.0,2615.0
2021-01-05 09:37:49.031,0.0923,0.0923,15.0,0.0922,1.0,18292.0,2621.0
2021-01-05 09:37:49.521,0.0922,0.0921,8.0,0.0919,23.0,18292.0,2623.0
2021-01-05 09:37:49.961,0.0921,0.0921,16.0,0.0919,33.0,18292.0,2633.0
2021-01-05 09:37:50.721,0.0919,0.092,23.0,0.0919,28.0,18292.0,2638.0
2021-01-05 09:37:51.161,0.092,0.092,4.0,0.0919,20.0,18292.0,2649.0
2021-01-05 09:37:51.630,0.0922,0.0926,5.0,0.0922,15.0,18292.0,2679.0
2021-01-05 09:37:52.191,0.0919,0.0924,20.0,0.0919,35.0,18293.0,2689.0
2021-01-05 09:37:52.631,0.0919,0.0924,20.0,0.092,13.0,18293.0,2689.0
2021-01-05 09:37:53.161,0.0919,0.0922,20.0,0.092,13.0,18293.0,2689.0
2021-01-05 09:37:53.680,0.0921,0.0926,5.0,0.0921,10.0,18293.0,2701.0
2021-01-05 09:37:54.170,0.0921,0.0922,20.0,0.0921,8.0,18293.0,2711.0
2021-01-05 09:37:54.170,0.0921,0.0922,20.0,0.0919,30.0,18293.0,2711.0
2021-01-05 09:37:55.190,0.0921,0.092,20.0,0.0919,43.0,18293.0,2711.0
2021-01-05 09:37:55.680,0.092,0.092,24.0,0.0919,30.0,18293.0,2712.0
2021-01-05 09:37:56.121,0.0919,0.0919,5.0,0.0917,36.0,18303.0,2727.0
2021-01-05 09:37:56.611,0.0919,0.0919,8.0,0.0917,13.0,18303.0,2736.0
2021-01-05 09:37:57.120,0.0917,0.0918,20.0,0.0916,5.0,18303.0,2746.0
2021-01-05 09:37:57.601,0.0916,0.0916,15.0,0.0915,10.0,18303.0,2751.0
2021-01-05 09:37:58.100,0.0915,0.0916,14.0,0.0913,13.0,18313.0,2762.0
2021-01-05 09:37:58.640,0.0915,0.0918,30.0,0.0913,23.0,18313.0,2762.0
2021-01-05 09:37:59.161,0.0914,0.0918,25.0,0.0914,13.0,18321.0,2777.0
2021-01-05 09:37:59.651,0.0918,0.0918,4.0,0.0915,20.0,18321.0,2778.0
2021-01-05 09:38:00.100,0.0918,0.0918,4.0,0.0915,33.0,18321.0,2778.0
2021-01-05 09:38:00.680,0.0918,0.0918,4.0,0.0915,43.0,18321.0,2778.0
2021-01-05 09:38:01.180,0.0918,0.0916,5.0,0.0915,43.0,18321.0,2778.0
2021-01-05 09:38:01.681,0.0915,0.0916,1.0,0.0915,28.0,18321.0,2787.0
2021-01-05 09:38:02.190,0.0916,0.0918,4.0,0.0915,23.0,18321.0,2793.0
2021-01-05 09:38:02.680,0.0916,0.0918,4.0,0.0917,2.0,18321.0,2793.0
2021-01-05 09:38:03.191,0.0916,0.0918,4.0,0.0917,2.0,18321.0,2793.0
2021-01-05 09:38:03.681,0.0916,0.0918,4.0,0.0917,2.0,18321.0,2793.0
2021-01-05 09:38:04.190,0.0918,0.0918,3.0,0.0917,15.0,18321.0,2794.0
2021-01-05 09:38:04.680,0.0918,0.0918,2.0,0.0917,15.0,18321.0,2795.0
2021-01-05 09:38:05.181,0.0918,0.0921,25.0,0.0917,15.0,18321.0,2795.0
2021-01-05 09:38:05.681,0.0918,0.092,20.0,0.0917,15.0,18321.0,2795.0
2021-01-05 09:38:06.151,0.0918,0.0919,20.0,0.0917,15.0,18321.0,2795.0
2021-01-05 09:38:06.691,0.0918,0.0919,20.0,0.0918,13.0,18321.0,2795.0
2021-01-05 09:38:07.200,0.0919,0.0921,5.0,0.0918,14.0,18321.0,2815.0
2021-01-05 09:38:07.690,0.0921,0.0921,1.0,0.0919,33.0,18321.0,2819.0
2021-01-05 09:38:08.021,0.0921,0.0923,10.0,0.0921,3.0,18321.0,2820.0
2021-01-05 09:38:09.160,0.0921,0.0923,10.0,0.0922,13.0,18321.0,2820.0
2021-01-05 09:38:09.611,0.0923,0.0927,10.0,0.0923,10.0,18316.0,2825.0
2021-01-05 09:38:10.180,0.0923,0.0927,20.0,0.0924,13.0,18316.0,2825.0
2021-01-05 09:38:10.370,0.0923,0.0927,10.0,0.0924,13.0,18316.0,2825.0
2021-01-05 09:38:11.141,0.0924,0.0927,10.0,0.0923,30.0,18316.0,2826.0
2021-01-05 09:38:11.701,0.0924,0.0926,20.0,0.0923,20.0,18316.0,2826.0
2021-01-05 09:38:12.191,0.0922,0.0926,10.0,0.0922,13.0,18316.0,2847.0
2021-01-05 09:38:12.531,0.0926,0.0925,29.0,0.0919,43.0,18311.0,2852.0
2021-01-05 09:38:13.110,0.0926,0.0925,9.0,0.0922,20.0,18311.0,2852.0
2021-01-05 09:38:13.690,0.0925,0.0925,5.0,0.0923,13.0,18315.0,2856.0
2021-01-05 09:38:14.101,0.0925,0.093,30.0,0.0925,5.0,18315.0,2861.0
2021-01-05 09:38:14.691,0.0925,0.093,30.0,0.0926,13.0,18315.0,2861.0
2021-01-05 09:38:15.150,0.0925,0.0931,10.0,0.0926,33.0,18315.0,2861.0
2021-01-05 09:38:15.730,0.0925,0.093,1.0,0.0927,13.0,18315.0,2861.0
2021-01-05 09:38:16.210,0.0927,0.093,21.0,0.0926,13.0,18315.0,2865.0
2021-01-05 09:38:16.731,0.0927,0.093,33.0,0.0927,1.0,18315.0,2865.0
2021-01-05 09:38:17.190,0.0927,0.0931,23.0,0.0926,34.0,18315.0,2865.0
2021-01-05 09:38:17.701,0.0927,0.0931,20.0,0.0927,13.0,18315.0,2865.0
2021-01-05 09:38:18.231,0.0927,0.0931,10.0,0.0926,21.0,18315.0,2865.0
2021-01-05 09:38:18.600,0.0927,0.0931,23.0,0.0926,34.0,18315.0,2865.0
2021-01-05 09:38:19.230,0.0927,0.0931,10.0,0.0927,13.0,18315.0,2865.0
2021-01-05 09:38:19.670,0.0927,0.0931,23.0,0.0926,34.0,18315.0,2865.0
2021-01-05 09:38:20.231,0.0927,0.0931,13.0,0.0928,10.0,18315.0,2865.0
2021-01-05 09:38:20.671,0.0927,0.0932,20.0,0.0929,13.0,18315.0,2865.0
2021-01-05 09:38:21.240,0.0927,0.0932,20.0,0.0929,13.0,18315.0,2865.0
2021-01-05 09:38:21.670,0.0927,0.0935,23.0,0.0929,13.0,18315.0,2865.0
2021-01-05 09:38:22.210,0.0927,0.0935,13.0,0.0931,10.0,18315.0,2865.0
2021-01-05 09:38:22.661,0.0927,0.0935,4.0,0.0932,13.0,18315.0,2865.0
2021-01-05 09:38:23.201,0.0927,0.0935,4.0,0.0932,13.0,18315.0,2865.0
2021-01-05 09:38:23.681,0.0927,0.0935,4.0,0.0932,13.0,18315.0,2865.0
2021-01-05 09:38:24.141,0.0935,0.0936,1.0,0.0935,46.0,18317.0,2869.0
2021-01-05 09:38:24.671,0.0935,0.0936,1.0,0.0935,104.0,18318.0,2872.0
2021-01-05 09:38:25.101,0.0935,0.094,13.0,0.0935,92.0,18343.0,2898.0
2021-01-05 09:38:25.670,0.0935,0.0937,20.0,0.0935,79.0,18343.0,2898.0
2021-01-05 09:38:26.100,0.0935,0.094,33.0,0.0935,92.0,18343.0,2898.0
2021-01-05 09:38:26.701,0.0935,0.0937,20.0,0.0935,79.0,18343.0,2898.0
2021-01-05 09:38:27.151,0.0935,0.0937,20.0,0.0935,79.0,18343.0,2898.0
2021-01-05 09:38:27.691,0.0935,0.0937,20.0,0.0935,97.0,18343.0,2898.0
2021-01-05 09:38:28.171,0.0935,0.094,13.0,0.0935,97.0,18343.0,2898.0
2021-01-05 09:38:28.680,0.0939,0.0939,24.0,0.0937,4.0,18349.0,2904.0
2021-01-05 09:38:29.170,0.0939,0.0939,37.0,0.0937,4.0,18349.0,2904.0
2021-01-05 09:38:29.600,0.0939,0.094,33.0,0.0937,4.0,18349.0,2904.0
2021-01-05 09:38:30.190,0.0939,0.094,10.0,0.0937,4.0,18349.0,2904.0
2021-01-05 09:38:30.670,0.0939,0.0938,20.0,0.0937,4.0,18349.0,2904.0
2021-01-05 09:38:31.181,0.0939,0.094,33.0,0.0937,5.0,18349.0,2904.0
2021-01-05 09:38:31.650,0.0939,0.094,30.0,0.0938,13.0,18349.0,2904.0
2021-01-05 09:38:32.171,0.0939,0.0942,23.0,0.0937,38.0,18349.0,2904.0
2021-01-05 09:38:32.630,0.0939,0.0942,23.0,0.0937,38.0,18349.0,2904.0
2021-01-05 09:38:33.191,0.0942,0.0945,20.0,0.0939,20.0,18349.0,2913.0
2021-01-05 09:38:33.700,0.0942,0.0945,13.0,0.094,16.0,18349.0,2913.0
2021-01-05 09:38:34.201,0.0942,0.0947,20.0,0.0942,20.0,18349.0,2913.0
2021-01-05 09:38:35.200,0.0947,0.0947,5.0,0.0944,3.0,18349.0,2919.0
2021-01-05 09:38:35.700,0.0947,0.0949,1.0,0.0945,13.0,18349.0,2919.0
2021-01-05 09:38:36.180,0.0947,0.0949,3.0,0.0945,13.0,18349.0,2919.0
2021-01-05 09:38:36.691,0.0947,0.0949,13.0,0.0945,13.0,18349.0,2919.0
2021-01-05 09:38:37.160,0.0947,0.0949,3.0,0.0945,13.0,18349.0,2919.0
2021-01-05 09:38:37.680,0.0947,0.0949,3.0,0.0945,43.0,18349.0,2919.0
2021-01-05 09:38:38.161,0.0949,0.095,2.0,0.0949,9.0,18350.0,2920.0
2021-01-05 09:38:38.660,0.095,0.0953,30.0,0.0949,20.0,18352.0,2924.0
2021-01-05 09:38:39.161,0.095,0.0953,10.0,0.095,13.0,18352.0,2924.0
2021-01-05 09:38:39.430,0.095,0.0953,10.0,0.095,13.0,18352.0,2924.0
2021-01-05 09:38:40.141,0.095,0.0961,20.0,0.0953,22.0,18352.0,2924.0
2021-01-05 09:38:40.591,0.095,0.096,30.0,0.0954,13.0,18352.0,2924.0
2021-01-05 09:38:41.190,0.095,0.0957,20.0,0.0954,13.0,18352.0,2924.0
2021-01-05 09:38:41.640,0.095,0.0959,2.0,0.0954,13.0,18352.0,2924.0
2021-01-05 09:38:42.191,0.095,0.0958,20.0,0.0954,13.0,18352.0,2924.0
2021-01-05 09:38:42.700,0.095,0.0959,2.0,0.0954,13.0,18352.0,2924.0
2021-01-05 09:38:43.190,0.0959,0.0959,25.0,0.0954,13.0,18357.0,2929.0
2021-01-05 09:38:43.701,0.0959,0.0959,13.0,0.0954,33.0,18357.0,2929.0
2021-01-05 09:38:44.110,0.0959,0.096,13.0,0.0957,50.0,18357.0,2929.0
2021-01-05 09:38:44.621,0.0955,0.0959,10.0,0.0953,7.0,18407.0,2986.0
2021-01-05 09:38:45.201,0.0953,0.0958,33.0,0.0953,6.0,18406.0,2987.0
2021-01-05 09:38:45.580,0.0953,0.0956,20.0,0.0953,19.0,18406.0,2987.0
2021-01-05 09:38:46.200,0.0953,0.0955,13.0,0.0953,6.0,18406.0,2987.0
2021-01-05 09:38:46.631,0.0953,0.0955,13.0,0.0953,6.0,18406.0,2987.0
2021-01-05 09:38:47.140,0.0953,0.0955,43.0,0.0953,6.0,18406.0,2987.0
2021-01-05 09:38:47.691,0.0953,0.0954,13.0,0.0953,4.0,18407.0,2989.0
2021-01-05 09:38:48.200,0.0953,0.0951,16.0,0.0949,7.0,18411.0,2993.0
2021-01-05 09:38:48.531,0.0953,0.095,13.0,0.0949,7.0,18411.0,2993.0
2021-01-05 09:38:49.130,0.0949,0.095,13.0,0.0949,4.0,18414.0,2996.0
2021-01-05 09:38:49.670,0.0949,0.0949,1.0,0.0946,10.0,18418.0,3000.0
2021-01-05 09:38:50.091,0.0949,0.095,14.0,0.0947,10.0,18419.0,3001.0
2021-01-05 09:38:51.170,0.095,0.0952,20.0,0.095,4.0,18419.0,3015.0
2021-01-05 09:38:51.691,0.0952,0.0954,20.0,0.0951,20.0,18419.0,3018.0
2021-01-05 09:38:52.140,0.0952,0.0955,10.0,0.0952,13.0,18419.0,3018.0
2021-01-05 09:38:52.630,0.0952,0.0955,10.0,0.0953,20.0,18419.0,3018.0
2021-01-05 09:38:53.160,0.0955,0.0958,23.0,0.0953,33.0,18409.0,3028.0
2021-01-05 09:38:54.150,0.0955,0.0957,1.0,0.0954,13.0,18409.0,3028.0
2021-01-05 09:38:54.690,0.0955,0.0957,1.0,0.0954,43.0,18409.0,3028.0
2021-01-05 09:38:55.191,0.0955,0.0957,1.0,0.0954,33.0,18409.0,3028.0
2021-01-05 09:38:55.650,0.0955,0.0957,1.0,0.0955,13.0,18409.0,3028.0
2021-01-05 09:38:56.190,0.0957,0.0958,10.0,0.0957,6.0,18409.0,3029.0
2021-01-05 09:38:56.661,0.0958,0.0961,2.0,0.0958,4.0,18399.0,3039.0
2021-01-05 09:38:57.181,0.0957,0.0957,15.0,0.0952,20.0,18395.0,3057.0
2021-01-05 09:38:57.471,0.0957,0.0958,13.0,0.0954,30.0,18395.0,3057.0
2021-01-05 09:38:58.190,0.0957,0.0957,20.0,0.0952,30.0,18395.0,3057.0
2021-01-05 09:38:58.670,0.0952,0.0955,20.0,0.095,20.0,18395.0,3067.0
2021-01-05 09:38:59.060,0.0952,0.0953,20.0,0.095,10.0,18395.0,3067.0
2021-01-05 09:39:00.140,0.0952,0.0952,13.0,0.0948,33.0,18395.0,3067.0
2021-01-05 09:39:00.660,0.0952,0.0952,13.0,0.0948,23.0,18395.0,3067.0
2021-01-05 09:39:01.120,0.0952,0.0952,5.0,0.0951,20.0,18395.0,3079.0
2021-01-05 09:39:01.700,0.0952,0.0954,14.0,0.0951,20.0,18395.0,3084.0
2021-01-05 09:39:02.051,0.0952,0.0954,34.0,0.0949,13.0,18395.0,3084.0
2021-01-05 09:39:02.620,0.0952,0.0954,1.0,0.0952,20.0,18395.0,3084.0
2021-01-05 09:39:03.150,0.0952,0.0954,21.0,0.0951,13.0,18395.0,3084.0
2021-01-05 09:39:03.671,0.0952,0.0954,34.0,0.0949,33.0,18395.0,3084.0
2021-01-05 09:39:04.161,0.0952,0.0953,13.0,0.0948,13.0,18395.0,3084.0
2021-01-05 09:39:04.610,0.0952,0.0953,13.0,0.0948,33.0,18395.0,3084.0
2021-01-05 09:39:06.650,0.0952,0.0954,21.0,0.0948,20.0,18395.0,3084.0
2021-01-05 09:39:07.200,0.0952,0.0954,44.0,0.0949,13.0,18395.0,3084.0
2021-01-05 09:39:07.680,0.0952,0.0954,44.0,0.0949,13.0,18395.0,3084.0
2021-01-05 09:39:08.131,0.0952,0.0952,20.0,0.0949,13.0,18395.0,3084.0
2021-01-05 09:39:08.690,0.0952,0.0954,34.0,0.0949,33.0,18395.0,3084.0
2021-01-05 09:39:09.161,0.0952,0.0954,11.0,0.0951,20.0,18395.0,3084.0
2021-01-05 09:39:09.601,0.0952,0.0954,1.0,0.0952,13.0,18395.0,3084.0
2021-01-05 09:39:10.191,0.0952,0.0954,21.0,0.0951,13.0,18395.0,3084.0
2021-01-05 09:39:10.721,0.0952,0.0954,1.0,0.0952,3.0,18395.0,3084.0
2021-01-05 09:39:11.201,0.0954,0.096,33.0,0.0955,19.0,18395.0,3085.0
2021-01-05 09:39:11.670,0.0954,0.0959,43.0,0.0954,13.0,18395.0,3085.0
2021-01-05 09:39:12.220,0.0954,0.0958,20.0,0.0953,20.0,18395.0,3085.0
2021-01-05 09:39:12.690,0.0954,0.0958,33.0,0.0953,33.0,18395.0,3085.0
2021-01-05 09:39:13.170,0.0954,0.0957,10.0,0.0954,13.0,18395.0,3085.0
2021-01-05 09:39:13.720,0.0954,0.0954,4.0,0.0953,13.0,18395.0,3085.0
2021-01-05 09:39:14.160,0.0954,0.0958,13.0,0.0954,18.0,18395.0,3089.0
2021-01-05 09:39:15.220,0.0954,0.0959,10.0,0.0955,20.0,18395.0,3089.0
2021-01-05 09:39:15.720,0.0954,0.0959,10.0,0.0956,13.0,18395.0,3089.0
2021-01-05 09:39:16.121,0.0954,0.0959,10.0,0.0955,33.0,18395.0,3089.0
2021-01-05 09:39:16.600,0.0954,0.0959,10.0,0.0955,33.0,18395.0,3089.0
2021-01-05 09:39:17.191,0.0954,0.096,15.0,0.0959,1.0,18395.0,3089.0
2021-01-05 09:39:17.650,0.0959,0.0959,34.0,0.0955,20.0,18396.0,3090.0
2021-01-05 09:39:18.221,0.0959,0.0958,13.0,0.0953,33.0,18396.0,3090.0
2021-01-05 09:39:18.671,0.0959,0.0958,33.0,0.0953,20.0,18396.0,3090.0
2021-01-05 09:39:19.710,0.0959,0.096,22.0,0.0955,20.0,18396.0,3090.0
2021-01-05 09:39:20.180,0.0959,0.096,2.0,0.0956,46.0,18396.0,3090.0
2021-01-05 09:39:20.741,0.0959,0.096,2.0,0.0958,20.0,18396.0,3090.0
2021-01-05 09:39:21.231,0.0959,0.096,22.0,0.0957,3.0,18396.0,3090.0
2021-01-05 09:39:21.231,0.0959,0.096,2.0,0.0957,23.0,18396.0,3090.0
2021-01-05 09:39:22.211,0.0959,0.096,2.0,0.0957,36.0,18396.0,3090.0
2021-01-05 09:39:22.651,0.0959,0.096,2.0,0.0958,20.0,18396.0,3090.0
2021-01-05 09:39:23.200,0.096,0.096,20.0,0.0957,13.0,18397.0,3091.0
2021-01-05 09:39:24.151,0.096,0.0961,13.0,0.0957,20.0,18397.0,3091.0
2021-01-05 09:39:25.210,0.096,0.0961,23.0,0.0957,20.0,18397.0,3091.0
2021-01-05 09:39:25.700,0.096,0.0961,23.0,0.0957,20.0,18397.0,3091.0
2021-01-05 09:39:26.130,0.096,0.0962,39.0,0.0957,33.0,18397.0,3091.0
2021-01-05 09:39:26.681,0.096,0.0961,13.0,0.0957,20.0,18397.0,3091.0
2021-01-05 09:39:27.210,0.096,0.0961,13.0,0.0957,20.0,18397.0,3091.0
2021-01-05 09:39:27.711,0.096,0.096,20.0,0.0956,17.0,18397.0,3091.0
2021-01-05 09:39:28.220,0.096,0.096,23.0,0.0956,4.0,18407.0,3101.0
2021-01-05 09:39:28.710,0.096,0.096,23.0,0.0956,4.0,18407.0,3101.0
2021-01-05 09:39:29.231,0.096,0.0961,13.0,0.0957,20.0,18407.0,3101.0
2021-01-05 09:39:29.721,0.096,0.0959,20.0,0.0956,4.0,18407.0,3101.0
2021-01-05 09:39:30.220,0.0956,0.0956,17.0,0.0953,13.0,18407.0,3105.0
2021-01-05 09:39:30.520,0.0953,0.0956,1.0,0.0954,26.0,18407.0,3109.0
2021-01-05 09:39:31.121,0.0953,0.0956,14.0,0.0951,36.0,18407.0,3109.0
2021-01-05 09:39:31.701,0.0953,0.0956,24.0,0.0951,46.0,18407.0,3109.0
2021-01-05 09:39:32.141,0.0953,0.0956,1.0,0.0953,20.0,18407.0,3109.0
2021-01-05 09:39:32.700,0.0953,0.0958,13.0,0.0954,20.0,18407.0,3109.0
2021-01-05 09:39:33.180,0.0953,0.0959,20.0,0.0955,10.0,18407.0,3109.0
2021-01-05 09:39:33.180,0.0953,0.0959,33.0,0.0955,10.0,18407.0,3109.0
2021-01-05 09:39:34.210,0.0953,0.0958,23.0,0.0955,10.0,18407.0,3109.0
2021-01-05 09:39:34.681,0.0953,0.0957,20.0,0.0955,10.0,18407.0,3109.0
2021-01-05 09:39:35.171,0.0953,0.0957,33.0,0.0955,10.0,18407.0,3109.0
2021-01-05 09:39:35.701,0.0953,0.0956,13.0,0.0953,10.0,18407.0,3109.0
2021-01-05 09:39:36.231,0.0953,0.0956,10.0,0.0953,30.0,18407.0,3109.0
2021-01-05 09:39:36.660,0.0953,0.0956,10.0,0.0954,13.0,18407.0,3109.0
2021-01-05 09:39:37.221,0.0953,0.0956,10.0,0.0953,23.0,18407.0,3109.0
2021-01-05 09:39:37.730,0.0953,0.0956,10.0,0.0953,23.0,18407.0,3109.0
2021-01-05 09:39:39.241,0.0953,0.0959,20.0,0.0954,33.0,18407.0,3109.0
2021-01-05 09:39:39.751,0.0958,0.0959,20.0,0.0954,20.0,18417.0,3119.0
2021-01-05 09:39:40.200,0.0958,0.0959,33.0,0.0954,33.0,18427.0,3129.0
2021-01-05 09:39:40.721,0.0958,0.0958,23.0,0.0954,30.0,18427.0,3129.0
2021-01-05 09:39:41.220,0.0954,0.0955,20.0,0.0954,10.0,18427.0,3141.0
2021-01-05 09:39:41.750,0.0955,0.0957,2.0,0.0955,13.0,18437.0,3153.0
2021-01-05 09:39:42.210,0.0955,0.0956,20.0,0.0953,13.0,18437.0,3153.0
2021-01-05 09:39:42.740,0.0955,0.0955,13.0,0.0954,3.0,18437.0,3153.0
2021-01-05 09:39:43.170,0.0954,0.0954,20.0,0.095,3.0,18440.0,3156.0
2021-01-05 09:39:43.570,0.0954,0.0954,33.0,0.095,16.0,18440.0,3156.0
2021-01-05 09:39:44.121,0.0954,0.0954,43.0,0.095,16.0,18440.0,3156.0
2021-01-05 09:39:44.680,0.0954,0.0955,13.0,0.0951,33.0,18440.0,3156.0
2021-01-05 09:39:45.251,0.0954,0.0955,10.0,0.0952,13.0,18440.0,3156.0
2021-01-05 09:39:45.750,0.0955,0.0957,33.0,0.0955,9.0,18440.0,3166.0
2021-01-05 09:39:46.040,0.0957,0.096,43.0,0.0955,13.0,18440.0,3183.0
2021-01-05 09:39:46.691,0.0957,0.096,10.0,0.0956,20.0,18440.0,3183.0
2021-01-05 09:39:47.250,0.0957,0.096,13.0,0.0957,3.0,18440.0,3183.0
2021-01-05 09:39:47.731,0.0957,0.096,20.0,0.0957,1.0,18440.0,3185.0
2021-01-05 09:39:48.140,0.0957,0.0959,10.0,0.0955,20.0,18440.0,3185.0
2021-01-05 09:39:48.720,0.0957,0.0959,10.0,0.0956,13.0,18440.0,3185.0
2021-01-05 09:39:49.241,0.0957,0.0962,39.0,0.0957,20.0,18440.0,3185.0
2021-01-05 09:39:49.711,0.0957,0.0961,23.0,0.0957,33.0,18440.0,3185.0
2021-01-05 09:39:50.180,0.0957,0.0961,23.0,0.0957,33.0,18440.0,3185.0
2021-01-05 09:39:50.710,0.0961,0.0962,6.0,0.0959,20.0,18440.0,3198.0
2021-01-05 09:39:51.241,0.0962,0.0966,10.0,0.0962,9.0,18434.0,3204.0
2021-01-05 09:39:51.730,0.0962,0.0969,20.0,0.0963,13.0,18434.0,3204.0
2021-01-05 09:39:52.251,0.0962,0.0967,20.0,0.0962,13.0,18434.0,3204.0
2021-01-05 09:39:52.670,0.0962,0.0965,20.0,0.0962,13.0,18434.0,3204.0
2021-01-05 09:39:53.181,0.0962,0.0962,13.0,0.096,13.0,18434.0,3204.0
2021-01-05 09:39:53.630,0.096,0.096,20.0,0.0958,13.0,18434.0,3217.0
2021-01-05 09:39:54.191,0.096,0.0959,13.0,0.0958,20.0,18434.0,3217.0
2021-01-05 09:39:54.691,0.0959,0.096,13.0,0.0959,2.0,18434.0,3230.0
2021-01-05 09:39:55.181,0.096,0.0967,50.0,0.0961,20.0,18434.0,3242.0
2021-01-05 09:39:55.640,0.096,0.0964,20.0,0.0959,20.0,18434.0,3242.0
2021-01-05 09:39:56.120,0.096,0.0967,30.0,0.0963,20.0,18434.0,3242.0
2021-01-05 09:39:56.691,0.096,0.0966,44.0,0.0961,33.0,18434.0,3242.0
2021-01-05 09:39:57.181,0.096,0.0965,29.0,0.0961,33.0,18434.0,3242.0
2021-01-05 09:39:57.580,0.096,0.0964,33.0,0.096,14.0,18434.0,3242.0
2021-01-05 09:39:58.170,0.096,0.0963,35.0,0.096,1.0,18434.0,3242.0
2021-01-05 09:39:58.600,0.096,0.0962,10.0,0.096,1.0,18434.0,3242.0
2021-01-05 09:39:59.061,0.096,0.0963,38.0,0.096,1.0,18434.0,3242.0
2021-01-05 09:40:00.181,0.096,0.0962,23.0,0.096,1.0,18434.0,3242.0
2021-01-05 09:40:00.631,0.096,0.0962,10.0,0.096,1.0,18434.0,3242.0
2021-01-05 09:40:01.201,0.096,0.0962,23.0,0.096,1.0,18434.0,3242.0
2021-01-05 09:40:01.551,0.096,0.0961,35.0,0.0957,13.0,18435.0,3243.0
2021-01-05 09:40:02.141,0.0957,0.0961,22.0,0.0957,2.0,18435.0,3256.0
2021-01-05 09:40:02.671,0.0957,0.0958,20.0,0.0952,30.0,18435.0,3258.0
2021-01-05 09:40:03.171,0.0954,0.0957,15.0,0.0954,22.0,18436.0,3259.0
2021-01-05 09:40:03.691,0.0954,0.0959,15.0,0.0954,22.0,18436.0,3259.0
2021-01-05 09:40:04.160,0.0954,0.0959,15.0,0.0956,20.0,18436.0,3259.0
2021-01-05 09:40:04.700,0.0954,0.0959,15.0,0.0954,22.0,18436.0,3259.0
2021-01-05 09:40:05.170,0.0954,0.0959,35.0,0.0957,1.0,18436.0,3259.0
2021-01-05 09:40:05.701,0.0957,0.0957,2.0,0.0954,22.0,18437.0,3260.0
2021-01-05 09:40:06.200,0.0957,0.0957,18.0,0.0954,22.0,18437.0,3260.0
2021-01-05 09:40:06.701,0.0957,0.0957,18.0,0.0954,22.0,18437.0,3260.0
2021-01-05 09:40:07.700,0.0954,0.0956,15.0,0.0954,15.0,18437.0,3265.0
2021-01-05 09:40:07.991,0.0954,0.0955,22.0,0.0952,3.0,18437.0,3276.0
2021-01-05 09:40:08.690,0.0954,0.0952,3.0,0.095,18.0,18437.0,3276.0
2021-01-05 09:40:09.191,0.0952,0.0952,2.0,0.0949,3.0,18437.0,3277.0
2021-01-05 09:40:09.691,0.0952,0.0951,2.0,0.0949,3.0,18437.0,3277.0
2021-01-05 09:40:10.150,0.0951,0.0955,1.0,0.0951,19.0,18437.0,3279.0
2021-01-05 09:40:10.680,0.0952,0.0955,11.0,0.0952,13.0,18435.0,3281.0
2021-01-05 09:40:11.170,0.0952,0.0955,1.0,0.0952,15.0,18435.0,3281.0
2021-01-05 09:40:11.671,0.0952,0.0954,30.0,0.0951,15.0,18435.0,3281.0
2021-01-05 09:40:12.190,0.0952,0.0954,45.0,0.0949,18.0,18435.0,3281.0
2021-01-05 09:40:12.680,0.0952,0.0951,20.0,0.0948,16.0,18435.0,3281.0
2021-01-05 09:40:13.170,0.0952,0.0951,15.0,0.0948,1.0,18435.0,3281.0
2021-01-05 09:40:13.700,0.0948,0.0949,20.0,0.0945,21.0,18436.0,3282.0
2021-01-05 09:40:14.150,0.0948,0.0948,15.0,0.0945,4.0,18436.0,3282.0
2021-01-05 09:40:14.701,0.0948,0.0948,15.0,0.0945,4.0,18436.0,3282.0
2021-01-05 09:40:15.690,0.0945,0.0948,15.0,0.0945,3.0,18436.0,3283.0
2021-01-05 09:40:16.610,0.0945,0.0948,15.0,0.0945,23.0,18436.0,3283.0
2021-01-05 09:40:17.191,0.0945,0.0949,20.0,0.0943,3.0,18436.0,3283.0
2021-01-05 09:40:17.661,0.0945,0.0948,45.0,0.0943,3.0,18436.0,3283.0
2021-01-05 09:40:18.161,0.0945,0.0948,45.0,0.0943,18.0,18436.0,3283.0
2021-01-05 09:40:18.161,0.0945,0.0947,15.0,0.0944,9.0,18436.0,3283.0
2021-01-05 09:40:19.190,0.0945,0.0947,15.0,0.0944,9.0,18436.0,3283.0
2021-01-05 09:40:19.711,0.0947,0.0949,15.0,0.0945,20.0,18436.0,3298.0
2021-01-05 09:40:20.191,0.0947,0.0954,30.0,0.0949,13.0,18436.0,3298.0
2021-01-05 09:40:20.691,0.0947,0.0954,30.0,0.095,15.0,18436.0,3298.0
2021-01-05 09:40:21.200,0.0947,0.0954,10.0,0.095,34.0,18436.0,3298.0
2021-01-05 09:40:21.701,0.0947,0.0954,10.0,0.0951,15.0,18436.0,3298.0
2021-01-05 09:40:22.210,0.0947,0.0954,30.0,0.0951,15.0,18436.0,3298.0
2021-01-05 09:40:22.591,0.0947,0.0955,1.0,0.0951,15.0,18436.0,3298.0
2021-01-05 09:40:23.200,0.0947,0.0955,11.0,0.0951,35.0,18436.0,3298.0
2021-01-05 09:40:23.701,0.0947,0.0955,1.0,0.0952,15.0,18436.0,3298.0
2021-01-05 09:40:24.160,0.0947,0.0955,1.0,0.0952,15.0,18436.0,3298.0
2021-01-05 09:40:24.681,0.0947,0.0955,1.0,0.0952,15.0,18436.0,3298.0
2021-01-05 09:40:25.121,0.0947,0.0954,20.0,0.0951,15.0,18436.0,3298.0
2021-01-05 09:40:25.551,0.0947,0.0955,1.0,0.0952,20.0,18436.0,3298.0
2021-01-05 09:40:26.181,0.0947,0.0955,11.0,0.0952,35.0,18436.0,3298.0
2021-01-05 09:40:26.650,0.0947,0.0955,1.0,0.0953,15.0,18436.0,3298.0
2021-01-05 09:40:27.140,0.0955,0.0958,30.0,0.0955,4.0,18436.0,3299.0
2021-01-05 09:40:27.701,0.0955,0.0958,20.0,0.0955,21.0,18436.0,3299.0
2021-01-05 09:40:28.110,0.0955,0.0958,10.0,0.0955,1.0,18436.0,3299.0
2021-01-05 09:40:28.690,0.095,0.0958,20.0,0.0954,11.0,18386.0,3349.0
2021-01-05 09:40:29.170,0.095,0.0955,2.0,0.0954,15.0,18386.0,3349.0
2021-01-05 09:40:30.160,0.0954,0.0955,1.0,0.0954,18.0,18386.0,3351.0
2021-01-05 09:40:30.700,0.0954,0.0955,16.0,0.0954,18.0,18386.0,3351.0
2021-01-05 09:40:31.101,0.0955,0.0956,15.0,0.0954,18.0,18385.0,3352.0
2021-01-05 09:40:31.631,0.0955,0.0957,15.0,0.0954,18.0,18385.0,3352.0
2021-01-05 09:40:31.991,0.0955,0.0957,15.0,0.0954,18.0,18385.0,3352.0
2021-01-05 09:40:32.611,0.0954,0.0954,17.0,0.0952,20.0,18385.0,3361.0
2021-01-05 09:40:33.161,0.0953,0.0953,13.0,0.0949,3.0,18387.0,3363.0
2021-01-05 09:40:33.551,0.0953,0.0953,35.0,0.0947,33.0,18387.0,3363.0
2021-01-05 09:40:34.171,0.0953,0.0952,15.0,0.0947,58.0,18387.0,3363.0
2021-01-05 09:40:34.601,0.0953,0.0953,35.0,0.0948,35.0,18387.0,3363.0
2021-01-05 09:40:35.201,0.0953,0.0955,20.0,0.095,20.0,18387.0,3373.0
2021-01-05 09:40:35.681,0.0953,0.0954,15.0,0.095,20.0,18387.0,3373.0
2021-01-05 09:40:36.161,0.0953,0.0955,35.0,0.095,38.0,18387.0,3373.0
2021-01-05 09:40:36.620,0.0953,0.0955,20.0,0.0951,15.0,18387.0,3373.0
2021-01-05 09:40:37.201,0.0953,0.0955,20.0,0.0951,15.0,18387.0,3373.0
2021-01-05 09:40:37.700,0.0953,0.0956,2.0,0.0952,30.0,18387.0,3373.0
2021-01-05 09:40:38.130,0.0953,0.0955,20.0,0.0951,15.0,18387.0,3373.0
2021-01-05 09:40:38.651,0.0953,0.0955,35.0,0.095,45.0,18387.0,3373.0
2021-01-05 09:40:39.041,0.0953,0.0955,35.0,0.095,45.0,18387.0,3373.0
2021-01-05 09:40:39.681,0.0953,0.0954,15.0,0.095,35.0,18387.0,3373.0
2021-01-05 09:40:40.061,0.0953,0.0953,20.0,0.0948,30.0,18387.0,3373.0
2021-01-05 09:40:40.670,0.0953,0.0953,35.0,0.0948,55.0,18387.0,3373.0
2021-01-05 09:40:41.191,0.0953,0.0952,15.0,0.0947,58.0,18387.0,3373.0
2021-01-05 09:40:41.640,0.0953,0.0951,20.0,0.0946,13.0,18387.0,3373.0
2021-01-05 09:40:42.180,0.0953,0.0952,20.0,0.0947,35.0,18387.0,3373.0
2021-01-05 09:40:42.601,0.0953,0.0952,20.0,0.0948,15.0,18387.0,3373.0
2021-01-05 09:40:43.621,0.0953,0.0952,20.0,0.0948,15.0,18387.0,3373.0
2021-01-05 09:40:44.161,0.0953,0.0952,35.0,0.0947,35.0,18387.0,3373.0
2021-01-05 09:40:44.610,0.0953,0.0952,35.0,0.0947,45.0,18387.0,3373.0
2021-01-05 09:40:45.131,0.0953,0.0952,35.0,0.0947,45.0,18387.0,3373.0
2021-01-05 09:40:46.161,0.0953,0.0951,15.0,0.0947,45.0,18387.0,3373.0
2021-01-05 09:40:46.581,0.0953,0.0952,35.0,0.0947,45.0,18387.0,3373.0
2021-01-05 09:40:47.211,0.0953,0.0952,45.0,0.0947,45.0,18387.0,3373.0
2021-01-05 09:40:47.611,0.0953,0.0951,15.0,0.0947,30.0,18387.0,3373.0
2021-01-05 09:40:48.160,0.0953,0.0951,15.0,0.0947,30.0,18387.0,3373.0
2021-01-05 09:40:48.700,0.0953,0.095,20.0,0.0945,3.0,18387.0,3373.0
2021-01-05 09:40:49.111,0.0953,0.0952,20.0,0.0947,33.0,18387.0,3373.0
2021-01-05 09:40:49.640,0.0953,0.0952,30.0,0.0947,33.0,18387.0,3373.0
2021-01-05 09:40:50.181,0.0953,0.0951,15.0,0.0947,20.0,18387.0,3373.0
2021-01-05 09:40:50.671,0.0953,0.0951,15.0,0.0947,20.0,18387.0,3373.0
2021-01-05 09:40:51.601,0.0953,0.0951,15.0,0.0947,20.0,18387.0,3373.0
2021-01-05 09:40:52.181,0.0953,0.0951,25.0,0.0947,20.0,18387.0,3373.0
2021-01-05 09:40:52.650,0.0953,0.0952,35.0,0.0947,35.0,18387.0,3373.0
2021-01-05 09:40:53.140,0.0953,0.0952,30.0,0.0948,15.0,18387.0,3373.0
2021-01-05 09:40:53.651,0.0953,0.0951,35.0,0.0946,2.0,18387.0,3373.0
2021-01-05 09:40:54.141,0.0953,0.0951,35.0,0.0947,20.0,18387.0,3373.0
2021-01-05 09:40:54.521,0.0953,0.0949,20.0,0.0946,2.0,18387.0,3373.0
2021-01-05 09:40:55.111,0.0953,0.0951,15.0,0.0947,20.0,18387.0,3373.0
2021-01-05 09:40:55.681,0.0953,0.0952,35.0,0.0947,35.0,18387.0,3373.0
2021-01-05 09:40:56.121,0.0953,0.0951,20.0,0.0948,15.0,18387.0,3373.0
2021-01-05 09:40:56.600,0.0953,0.0954,15.0,0.0949,20.0,18387.0,3373.0
2021-01-05 09:40:57.180,0.0949,0.0954,10.0,0.0947,10.0,18387.0,3393.0
2021-01-05 09:40:57.560,0.0949,0.0953,20.0,0.0948,15.0,18387.0,3393.0
2021-01-05 09:40:58.200,0.0949,0.0953,30.0,0.0948,15.0,18387.0,3393.0
2021-01-05 09:40:58.721,0.0949,0.0953,30.0,0.0948,15.0,18387.0,3393.0
2021-01-05 09:40:58.980,0.0949,0.0953,45.0,0.0948,15.0,18387.0,3393.0
2021-01-05 09:40:59.650,0.0949,0.0952,35.0,0.0947,35.0,18387.0,3393.0
2021-01-05 09:41:00.611,0.0949,0.0952,20.0,0.0948,15.0,18387.0,3393.0
2021-01-05 09:41:00.980,0.0949,0.0953,15.0,0.0949,20.0,18387.0,3393.0
2021-01-05 09:41:01.650,0.0949,0.0951,20.0,0.0946,20.0,18387.0,3393.0
2021-01-05 09:41:02.190,0.0949,0.0951,35.0,0.0946,35.0,18387.0,3393.0
2021-01-05 09:41:02.661,0.0949,0.0953,20.0,0.0948,20.0,18387.0,3393.0
2021-01-05 09:41:03.110,0.0949,0.0953,10.0,0.095,20.0,18387.0,3393.0
2021-01-05 09:41:03.721,0.0949,0.0953,30.0,0.095,15.0,18387.0,3393.0
2021-01-05 09:41:04.180,0.0953,0.0955,10.0,0.0951,20.0,18387.0,3395.0
2021-01-05 09:41:04.680,0.0953,0.0955,10.0,0.0951,20.0,18387.0,3395.0
2021-01-05 09:41:05.220,0.095,0.0953,20.0,0.095,15.0,18386.0,3396.0
2021-01-05 09:41:05.660,0.095,0.0953,20.0,0.0949,1.0,18386.0,3396.0
2021-01-05 09:41:06.221,0.095,0.0953,20.0,0.095,17.0,18386.0,3396.0
2021-01-05 09:41:06.620,0.0953,0.0956,17.0,0.0951,35.0,18386.0,3400.0
2021-01-05 09:41:07.100,0.0953,0.0956,12.0,0.0951,20.0,18386.0,3400.0
2021-01-05 09:41:07.611,0.0953,0.0956,2.0,0.0952,15.0,18386.0,3400.0
2021-01-05 09:41:08.201,0.0953,0.0956,2.0,0.0953,20.0,18386.0,3400.0
2021-01-05 09:41:08.701,0.0953,0.0956,17.0,0.0951,35.0,18386.0,3400.0
2021-01-05 09:41:09.210,0.0953,0.0956,17.0,0.0951,20.0,18386.0,3400.0
2021-01-05 09:41:09.650,0.0953,0.0956,2.0,0.0954,20.0,18386.0,3400.0
2021-01-05 09:41:10.220,0.0953,0.0956,2.0,0.0953,15.0,18386.0,3400.0
2021-01-05 09:41:10.710,0.0956,0.0958,81.0,0.0956,1.0,18384.0,3402.0
2021-01-05 09:41:11.210,0.0956,0.0958,81.0,0.0957,15.0,18384.0,3402.0
2021-01-05 09:41:11.690,0.0956,0.0958,101.0,0.0952,20.0,18384.0,3402.0
2021-01-05 09:41:12.151,0.0956,0.0957,15.0,0.0953,40.0,18384.0,3402.0
2021-01-05 09:41:12.710,0.0955,0.0957,15.0,0.0955,15.0,18379.0,3407.0
2021-01-05 09:41:13.161,0.0954,0.0953,6.0,0.0952,35.0,18379.0,3417.0
2021-01-05 09:41:13.701,0.0954,0.0955,21.0,0.095,35.0,18379.0,3417.0
2021-01-05 09:41:14.160,0.0955,0.0958,81.0,0.0952,3.0,18379.0,3437.0
2021-01-05 09:41:14.671,0.0955,0.0957,30.0,0.0953,15.0,18379.0,3437.0
2021-01-05 09:41:15.180,0.0952,0.0957,30.0,0.0951,20.0,18378.0,3438.0
2021-01-05 09:41:15.601,0.0952,0.0954,20.0,0.0953,15.0,18378.0,3438.0
2021-01-05 09:41:16.210,0.0952,0.0953,10.0,0.095,15.0,18378.0,3438.0
2021-01-05 09:41:16.500,0.0953,0.0957,20.0,0.0953,9.0,18378.0,3448.0
2021-01-05 09:41:17.180,0.0953,0.0957,45.0,0.0954,4.0,18378.0,3448.0
2021-01-05 09:41:17.670,0.0953,0.0957,30.0,0.0954,4.0,18378.0,3448.0
2021-01-05 09:41:18.141,0.0953,0.0955,20.0,0.0954,4.0,18378.0,3448.0
2021-01-05 09:41:18.600,0.0953,0.0957,20.0,0.0954,4.0,18378.0,3448.0
2021-01-05 09:41:19.161,0.0953,0.0958,81.0,0.0955,15.0,18378.0,3448.0
2021-01-05 09:41:19.570,0.0953,0.0958,91.0,0.0955,15.0,18378.0,3448.0
2021-01-05 09:41:20.070,0.0955,0.0956,20.0,0.0954,19.0,18378.0,3450.0
2021-01-05 09:41:20.721,0.0955,0.0956,20.0,0.0954,15.0,18378.0,3450.0
2021-01-05 09:41:21.190,0.0955,0.0956,20.0,0.0954,15.0,18378.0,3450.0
2021-01-05 09:41:22.190,0.0956,0.0958,81.0,0.0956,6.0,18378.0,3461.0
2021-01-05 09:41:22.700,0.0956,0.0958,81.0,0.0957,15.0,18378.0,3461.0
2021-01-05 09:41:23.061,0.0956,0.0958,81.0,0.0957,15.0,18378.0,3461.0
2021-01-05 09:41:24.171,0.0956,0.0957,34.0,0.0956,19.0,18378.0,3461.0
2021-01-05 09:41:24.651,0.0957,0.0957,5.0,0.0956,4.0,18378.0,3476.0
2021-01-05 09:41:25.120,0.0957,0.0958,81.0,0.0956,4.0,18378.0,3476.0
2021-01-05 09:41:25.641,0.0957,0.0958,81.0,0.0956,4.0,18378.0,3476.0
2021-01-05 09:41:26.190,0.0958,0.0958,79.0,0.0956,24.0,18376.0,3478.0
2021-01-05 09:41:27.131,0.0958,0.0958,79.0,0.0957,15.0,18376.0,3478.0
2021-01-05 09:41:27.710,0.0958,0.0958,59.0,0.0956,19.0,18356.0,3498.0
2021-01-05 09:41:28.050,0.0958,0.0958,59.0,0.0956,20.0,18356.0,3498.0
2021-01-05 09:41:28.540,0.0958,0.0958,59.0,0.0956,20.0,18356.0,3498.0
2021-01-05 09:41:29.070,0.0958,0.0958,59.0,0.0956,35.0,18356.0,3498.0
2021-01-05 09:41:30.180,0.0958,0.0958,59.0,0.0956,20.0,18356.0,3498.0
2021-01-05 09:41:30.251,0.0958,0.0958,59.0,0.0956,35.0,18356.0,3498.0
2021-01-05 09:41:31.181,0.0958,0.0958,59.0,0.0956,20.0,18356.0,3498.0
2021-01-05 09:41:31.700,0.0958,0.0958,55.0,0.0956,20.0,18352.0,3502.0
2021-01-05 09:41:32.670,0.0958,0.0957,15.0,0.0955,20.0,18352.0,3502.0
2021-01-05 09:41:33.171,0.0958,0.0958,55.0,0.0956,20.0,18352.0,3502.0
2021-01-05 09:41:33.621,0.0958,0.0958,70.0,0.0954,20.0,18352.0,3502.0
2021-01-05 09:41:33.990,0.0958,0.0957,35.0,0.0953,20.0,18352.0,3502.0
2021-01-05 09:41:34.720,0.0958,0.0957,20.0,0.0953,45.0,18352.0,3502.0
2021-01-05 09:41:35.221,0.0958,0.0958,55.0,0.0955,20.0,18352.0,3502.0
2021-01-05 09:41:35.721,0.0958,0.0958,55.0,0.0957,20.0,18352.0,3502.0
2021-01-05 09:41:35.961,0.0958,0.0958,39.0,0.0957,20.0,18337.0,3518.0
2021-01-05 09:41:36.620,0.0958,0.0965,15.0,0.0958,10.0,18301.0,3557.0
2021-01-05 09:41:37.210,0.0958,0.0962,20.0,0.0957,30.0,18301.0,3557.0
2021-01-05 09:41:37.711,0.0958,0.0965,15.0,0.0959,20.0,18301.0,3557.0
2021-01-05 09:41:38.220,0.0958,0.0964,4.0,0.0959,30.0,18301.0,3557.0
2021-01-05 09:41:38.650,0.0958,0.0963,20.0,0.096,15.0,18301.0,3557.0
2021-01-05 09:41:39.221,0.0958,0.0963,20.0,0.096,15.0,18301.0,3557.0
2021-01-05 09:41:39.521,0.0958,0.0963,20.0,0.0959,35.0,18301.0,3557.0
2021-01-05 09:41:40.231,0.0958,0.096,7.0,0.0959,20.0,18301.0,3557.0
2021-01-05 09:41:40.721,0.096,0.0961,20.0,0.0959,20.0,18301.0,3564.0
2021-01-05 09:41:41.130,0.096,0.0959,4.0,0.0957,40.0,18301.0,3564.0
2021-01-05 09:41:41.730,0.096,0.0959,4.0,0.0957,20.0,18301.0,3564.0
2021-01-05 09:41:42.690,0.096,0.0958,15.0,0.0955,20.0,18301.0,3564.0
2021-01-05 09:41:43.720,0.096,0.0958,15.0,0.0955,20.0,18301.0,3564.0
2021-01-05 09:41:44.181,0.096,0.0958,15.0,0.0955,20.0,18301.0,3564.0
2021-01-05 09:41:44.671,0.096,0.0958,15.0,0.0955,20.0,18301.0,3564.0
2021-01-05 09:41:45.190,0.096,0.0959,19.0,0.0956,20.0,18301.0,3564.0
2021-01-05 09:41:45.701,0.096,0.0958,15.0,0.0955,20.0,18301.0,3564.0
2021-01-05 09:41:46.241,0.096,0.0958,15.0,0.0956,20.0,18301.0,3564.0
2021-01-05 09:41:46.661,0.096,0.0958,15.0,0.0955,20.0,18301.0,3564.0
2021-01-05 09:41:47.201,0.0958,0.0959,19.0,0.0958,20.0,18301.0,3579.0
2021-01-05 09:41:47.741,0.0958,0.0959,4.0,0.0958,20.0,18301.0,3579.0
2021-01-05 09:41:48.181,0.0959,0.0966,35.0,0.096,17.0,18301.0,3583.0
2021-01-05 09:41:48.600,0.0959,0.0965,10.0,0.0961,15.0,18301.0,3583.0
2021-01-05 09:41:49.191,0.0961,0.0961,5.0,0.0956,20.0,18301.0,3598.0
2021-01-05 09:41:49.451,0.0961,0.0966,20.0,0.0961,5.0,18301.0,3598.0
2021-01-05 09:41:50.231,0.0961,0.0966,10.0,0.0962,35.0,18301.0,3598.0
2021-01-05 09:41:50.661,0.0961,0.0966,15.0,0.0963,20.0,18301.0,3598.0
2021-01-05 09:41:51.251,0.0961,0.0965,27.0,0.096,20.0,18301.0,3598.0
2021-01-05 09:41:51.760,0.0961,0.0964,15.0,0.096,20.0,18301.0,3598.0
2021-01-05 09:41:52.261,0.0961,0.0965,7.0,0.0962,20.0,18301.0,3598.0
2021-01-05 09:41:52.690,0.0965,0.0965,5.0,0.0964,20.0,18303.0,3600.0
2021-01-05 09:41:53.151,0.0965,0.0968,15.0,0.0966,19.0,18303.0,3605.0
2021-01-05 09:41:53.681,0.0965,0.0968,15.0,0.0964,20.0,18303.0,3605.0
2021-01-05 09:41:54.161,0.0965,0.0969,25.0,0.0964,35.0,18303.0,3605.0
2021-01-05 09:41:54.591,0.0965,0.0968,15.0,0.0964,20.0,18303.0,3605.0
2021-01-05 09:41:55.101,0.0965,0.0972,15.0,0.0967,20.0,18303.0,3605.0
2021-01-05 09:41:55.671,0.0965,0.0971,30.0,0.0965,20.0,18303.0,3605.0
2021-01-05 09:41:56.151,0.0965,0.097,15.0,0.0966,10.0,18303.0,3605.0
2021-01-05 09:41:56.670,0.0965,0.0968,20.0,0.0966,15.0,18303.0,3605.0
2021-01-05 09:41:57.110,0.0965,0.0973,20.0,0.0967,30.0,18303.0,3605.0
2021-01-05 09:41:57.640,0.0965,0.0972,45.0,0.0967,20.0,18303.0,3605.0
2021-01-05 09:41:58.140,0.0965,0.0971,10.0,0.0967,20.0,18303.0,3605.0
2021-01-05 09:41:58.660,0.0965,0.0971,25.0,0.0966,45.0,18303.0,3605.0
2021-01-05 09:41:59.131,0.0965,0.0971,10.0,0.0967,25.0,18303.0,3605.0
2021-01-05 09:41:59.700,0.0965,0.0972,37.0,0.0967,25.0,18303.0,3605.0
2021-01-05 09:42:00.151,0.0965,0.097,20.0,0.0966,45.0,18303.0,3605.0
2021-01-05 09:42:00.701,0.0965,0.0972,17.0,0.0967,35.0,18303.0,3605.0
2021-01-05 09:42:01.651,0.0965,0.0972,17.0,0.0969,20.0,18303.0,3605.0
2021-01-05 09:42:02.201,0.0965,0.0972,2.0,0.0968,45.0,18303.0,3605.0
2021-01-05 09:42:02.641,0.0965,0.0971,4.0,0.0968,45.0,18303.0,3605.0
2021-01-05 09:42:03.161,0.0968,0.0971,4.0,0.0968,18.0,18303.0,3607.0
2021-01-05 09:42:03.690,0.0968,0.0971,4.0,0.0968,28.0,18303.0,3607.0
2021-01-05 09:42:04.110,0.0968,0.0971,19.0,0.0968,18.0,18303.0,3607.0
2021-01-05 09:42:04.641,0.0968,0.0971,39.0,0.0967,10.0,18303.0,3607.0
2021-01-05 09:42:05.211,0.0968,0.0971,4.0,0.0968,30.0,18303.0,3607.0
2021-01-05 09:42:05.711,0.0968,0.0973,30.0,0.0969,15.0,18303.0,3607.0
2021-01-05 09:42:06.181,0.0968,0.0973,30.0,0.0969,15.0,18303.0,3607.0
2021-01-05 09:42:06.690,0.0968,0.0972,20.0,0.0968,10.0,18298.0,3612.0
2021-01-05 09:42:07.230,0.0968,0.0973,25.0,0.0969,20.0,18298.0,3612.0
2021-01-05 09:42:07.630,0.0968,0.0973,10.0,0.097,15.0,18298.0,3612.0
2021-01-05 09:42:08.220,0.0968,0.0973,10.0,0.097,15.0,18298.0,3612.0
2021-01-05 09:42:09.230,0.0968,0.0975,20.0,0.097,30.0,18298.0,3612.0
2021-01-05 09:42:09.570,0.0968,0.0975,20.0,0.0971,15.0,18298.0,3612.0
2021-01-05 09:42:10.220,0.0968,0.0975,20.0,0.0971,15.0,18298.0,3612.0
2021-01-05 09:42:10.220,0.0968,0.0975,20.0,0.0971,15.0,18298.0,3612.0
2021-01-05 09:42:11.211,0.0968,0.0976,2.0,0.0972,27.0,18298.0,3612.0
2021-01-05 09:42:11.651,0.0968,0.0976,2.0,0.0974,20.0,18298.0,3612.0
2021-01-05 09:42:12.200,0.0976,0.0979,10.0,0.0976,9.0,18298.0,3614.0
2021-01-05 09:42:12.721,0.0976,0.098,25.0,0.0976,5.0,18298.0,3616.0
2021-01-05 09:42:13.211,0.0976,0.0977,20.0,0.0974,15.0,18298.0,3616.0
2021-01-05 09:42:13.560,0.0976,0.0974,8.0,0.0973,15.0,18298.0,3616.0
2021-01-05 09:42:14.150,0.0973,0.0974,2.0,0.0973,15.0,18298.0,3620.0
2021-01-05 09:42:14.671,0.0973,0.0974,2.0,0.0972,25.0,18298.0,3620.0
2021-01-05 09:42:15.111,0.0973,0.0974,2.0,0.0972,25.0,18298.0,3620.0
2021-01-05 09:42:15.650,0.0973,0.0974,2.0,0.0972,25.0,18298.0,3620.0
2021-01-05 09:42:16.181,0.0973,0.0976,20.0,0.0973,25.0,18298.0,3620.0
2021-01-05 09:42:16.701,0.0973,0.0979,20.0,0.0974,25.0,18298.0,3620.0
2021-01-05 09:42:17.241,0.0973,0.0977,20.0,0.0974,15.0,18298.0,3620.0
2021-01-05 09:42:17.650,0.0973,0.0979,37.0,0.0974,25.0,18298.0,3620.0
2021-01-05 09:42:18.100,0.0973,0.0978,22.0,0.0974,10.0,18298.0,3620.0
2021-01-05 09:42:18.701,0.0973,0.0976,20.0,0.0972,25.0,18298.0,3620.0
2021-01-05 09:42:19.210,0.0972,0.0976,20.0,0.0972,24.0,18297.0,3621.0
2021-01-05 09:42:19.721,0.0972,0.0976,15.0,0.0972,29.0,18297.0,3621.0
2021-01-05 09:42:20.150,0.0972,0.0976,15.0,0.0973,10.0,18297.0,3621.0
2021-01-05 09:42:20.680,0.0972,0.0977,3.0,0.0974,10.0,18297.0,3621.0
2021-01-05 09:42:21.231,0.0974,0.0978,20.0,0.0972,20.0,18297.0,3631.0
2021-01-05 09:42:21.621,0.0974,0.0976,20.0,0.0973,15.0,18297.0,3631.0
2021-01-05 09:42:22.221,0.0974,0.0979,12.0,0.0974,20.0,18297.0,3631.0
2021-01-05 09:42:22.570,0.0974,0.0979,12.0,0.0975,15.0,18297.0,3631.0
2021-01-05 09:42:23.191,0.0974,0.0979,27.0,0.0974,35.0,18297.0,3631.0
2021-01-05 09:42:23.631,0.0974,0.0979,17.0,0.0976,20.0,18297.0,3631.0
2021-01-05 09:42:24.151,0.0974,0.0979,2.0,0.0976,20.0,18297.0,3631.0
2021-01-05 09:42:24.670,0.0979,0.0979,15.0,0.0976,20.0,18307.0,3641.0
2021-01-05 09:42:25.200,0.0979,0.098,2.0,0.0976,35.0,18307.0,3641.0
2021-01-05 09:42:25.471,0.0979,0.098,2.0,0.0977,20.0,18307.0,3641.0
2021-01-05 09:42:26.130,0.0979,0.098,2.0,0.0977,35.0,18307.0,3641.0
2021-01-05 09:42:26.720,0.0979,0.098,2.0,0.0978,15.0,18307.0,3641.0
2021-01-05 09:42:27.171,0.0979,0.098,2.0,0.0977,45.0,18307.0,3641.0
2021-01-05 09:42:27.651,0.0979,0.098,2.0,0.0977,30.0,18307.0,3641.0
2021-01-05 09:42:28.130,0.0979,0.098,2.0,0.0978,15.0,18307.0,3641.0
2021-01-05 09:42:28.641,0.0979,0.098,2.0,0.0977,45.0,18307.0,3641.0
2021-01-05 09:42:29.720,0.0979,0.098,2.0,0.0979,20.0,18307.0,3641.0
2021-01-05 09:42:30.110,0.0979,0.098,2.0,0.0979,20.0,18307.0,3641.0
2021-01-05 09:42:30.220,0.0979,0.098,2.0,0.0978,15.0,18307.0,3641.0
2021-01-05 09:42:31.200,0.0979,0.098,2.0,0.0979,20.0,18307.0,3641.0
2021-01-05 09:42:31.720,0.098,0.0981,3.0,0.098,3.0,18307.0,3643.0
2021-01-05 09:42:32.131,0.098,0.0981,3.0,0.098,13.0,18307.0,3643.0
2021-01-05 09:42:32.721,0.0981,0.0984,15.0,0.098,10.0,18307.0,3644.0
2021-01-05 09:42:33.121,0.0981,0.0985,20.0,0.0979,20.0,18307.0,3644.0
2021-01-05 09:42:33.720,0.0981,0.0985,48.0,0.098,15.0,18307.0,3644.0
2021-01-05 09:42:34.210,0.0981,0.0983,20.0,0.0979,35.0,18307.0,3644.0
2021-01-05 09:42:34.731,0.0979,0.0983,20.0,0.0979,19.0,18306.0,3645.0
2021-01-05 09:42:35.001,0.0979,0.0983,20.0,0.098,15.0,18306.0,3645.0
2021-01-05 09:42:35.701,0.0979,0.0983,20.0,0.0981,50.0,18306.0,3645.0
2021-01-05 09:42:37.251,0.0979,0.0985,3.0,0.0981,65.0,18306.0,3645.0
2021-01-05 09:42:37.751,0.0979,0.0985,3.0,0.0981,65.0,18306.0,3645.0
2021-01-05 09:42:38.661,0.0979,0.0985,3.0,0.0981,65.0,18306.0,3645.0
2021-01-05 09:42:39.230,0.0985,0.0986,35.0,0.0985,2.0,18309.0,3648.0
2021-01-05 09:42:39.441,0.0985,0.0985,2.0,0.0981,65.0,18311.0,3650.0
2021-01-05 09:42:40.221,0.0985,0.0987,35.0,0.0982,35.0,18311.0,3650.0
2021-01-05 09:42:40.721,0.0985,0.0987,30.0,0.0982,35.0,18311.0,3650.0
2021-01-05 09:42:41.201,0.0985,0.0987,10.0,0.0983,15.0,18311.0,3650.0
2021-01-05 09:42:41.731,0.0985,0.0989,10.0,0.0984,20.0,18311.0,3650.0
2021-01-05 09:42:42.250,0.0985,0.0989,20.0,0.0985,15.0,18311.0,3650.0
2021-01-05 09:42:42.640,0.0985,0.0986,20.0,0.0985,14.0,18310.0,3651.0
2021-01-05 09:42:43.251,0.0985,0.0989,30.0,0.0984,20.0,18310.0,3651.0
2021-01-05 09:42:43.741,0.0985,0.0985,20.0,0.0981,65.0,18310.0,3651.0
2021-01-05 09:42:44.211,0.0985,0.0988,20.0,0.0982,55.0,18310.0,3651.0
2021-01-05 09:42:44.751,0.0985,0.099,3.0,0.0985,20.0,18310.0,3651.0
2021-01-05 09:42:45.191,0.0985,0.0987,20.0,0.0982,30.0,18310.0,3651.0
2021-01-05 09:42:45.650,0.0983,0.0987,20.0,0.0983,24.0,18309.0,3652.0
2021-01-05 09:42:46.240,0.0983,0.099,23.0,0.0984,37.0,18309.0,3652.0
2021-01-05 09:42:46.741,0.0983,0.099,23.0,0.0985,15.0,18309.0,3652.0
2021-01-05 09:42:47.160,0.0983,0.099,3.0,0.0986,20.0,18309.0,3652.0
2021-01-05 09:42:47.690,0.0983,0.099,3.0,0.0986,35.0,18309.0,3652.0
2021-01-05 09:42:48.720,0.0983,0.0989,35.0,0.0984,37.0,18309.0,3652.0
2021-01-05 09:42:49.110,0.0983,0.0989,35.0,0.0984,37.0,18309.0,3652.0
2021-01-05 09:42:50.261,0.0983,0.099,3.0,0.0986,35.0,18309.0,3652.0
2021-01-05 09:42:50.720,0.0986,0.099,3.0,0.0989,1.0,18289.0,3672.0
2021-01-05 09:42:51.060,0.0989,0.099,3.0,0.0986,20.0,18290.0,3673.0
2021-01-05 09:42:51.721,0.0989,0.0989,2.0,0.0986,35.0,18290.0,3673.0
2021-01-05 09:42:52.251,0.0989,0.0989,2.0,0.0986,20.0,18290.0,3673.0
2021-01-05 09:42:52.601,0.0989,0.0989,2.0,0.0986,35.0,18290.0,3673.0
