,last,ask1,asize1,bid1,bsize1,oi,volume
2021-01-05 09:19:29.471,0.0078,0.0078,1.0,0.0078,1.0,83904.0,
2021-01-05 09:21:35.321,0.0079,0.0079,1.0,0.0079,1.0,83904.0,
2021-01-05 09:24:33.711,0.0078,0.0078,3.0,0.0078,3.0,83904.0,
2021-01-05 09:24:58.680,0.0078,0.0078,3.0,0.0078,3.0,83904.0,
2021-01-05 09:25:00.080,0.0078,0.0079,1.0,0.0078,9.0,83907.0,3.0
2021-01-05 09:30:00.451,0.0087,0.0089,1.0,0.0085,1.0,83913.0,9.0
2021-01-05 09:30:00.991,0.0079,0.0079,385.0,0.0078,529.0,83914.0,135.0
2021-01-05 09:30:01.481,0.0079,0.0079,365.0,0.0078,529.0,83914.0,145.0
2021-01-05 09:30:01.990,0.0079,0.0079,375.0,0.0078,529.0,83914.0,145.0
2021-01-05 09:30:02.440,0.0079,0.0079,345.0,0.0078,528.0,83914.0,165.0
2021-01-05 09:30:02.870,0.0079,0.0079,355.0,0.0078,528.0,83914.0,165.0
2021-01-05 09:30:03.471,0.0078,0.0079,345.0,0.0078,518.0,83924.0,175.0
2021-01-05 09:30:03.980,0.0078,0.0079,355.0,0.0078,488.0,83954.0,205.0
2021-01-05 09:30:04.430,0.0078,0.0079,355.0,0.0078,451.0,83991.0,242.0
2021-01-05 09:30:05.010,0.0078,0.0079,345.0,0.0078,451.0,83991.0,242.0
2021-01-05 09:30:05.471,0.0078,0.0079,345.0,0.0078,451.0,83991.0,242.0
2021-01-05 09:30:05.990,0.0079,0.0079,325.0,0.0078,451.0,83991.0,262.0
2021-01-05 09:30:06.480,0.0079,0.0079,325.0,0.0078,451.0,83991.0,262.0
2021-01-05 09:30:06.971,0.0079,0.0079,325.0,0.0078,451.0,83991.0,262.0
2021-01-05 09:30:07.471,0.0079,0.0079,325.0,0.0078,451.0,83991.0,262.0
2021-01-05 09:30:07.851,0.0079,0.0079,305.0,0.0078,451.0,83991.0,282.0
2021-01-05 09:30:08.520,0.0079,0.0079,299.0,0.0078,451.0,83975.0,298.0
2021-01-05 09:30:08.960,0.0079,0.0079,289.0,0.0078,451.0,83975.0,298.0
2021-01-05 09:30:09.490,0.0079,0.0079,282.0,0.0078,451.0,83968.0,305.0
2021-01-05 09:30:09.970,0.0079,0.0079,238.0,0.0078,451.0,83945.0,349.0
2021-01-05 09:30:10.501,0.0079,0.0079,235.0,0.0078,451.0,83942.0,352.0
2021-01-05 09:30:11.000,0.0079,0.0079,198.0,0.0078,451.0,83905.0,389.0
2021-01-05 09:30:11.440,0.0079,0.0079,191.0,0.0078,451.0,83898.0,396.0
2021-01-05 09:30:11.970,0.0079,0.0079,170.0,0.0078,451.0,83897.0,417.0
2021-01-05 09:30:12.470,0.0079,0.0079,170.0,0.0078,451.0,83897.0,417.0
2021-01-05 09:30:12.860,0.0079,0.0079,170.0,0.0078,451.0,83897.0,417.0
2021-01-05 09:30:13.501,0.0079,0.0079,180.0,0.0078,451.0,83897.0,417.0
2021-01-05 09:30:14.521,0.0079,0.0079,170.0,0.0078,451.0,83897.0,417.0
2021-01-05 09:30:15.040,0.0079,0.0079,180.0,0.0078,451.0,83897.0,417.0
2021-01-05 09:30:15.520,0.0079,0.0079,170.0,0.0078,451.0,83897.0,417.0
2021-01-05 09:30:15.991,0.0079,0.0079,170.0,0.0078,451.0,83897.0,417.0
2021-01-05 09:30:16.531,0.0079,0.0079,180.0,0.0078,451.0,83897.0,417.0
2021-01-05 09:30:17.021,0.0079,0.0079,180.0,0.0078,451.0,83897.0,417.0
2021-01-05 09:30:17.641,0.0079,0.0079,170.0,0.0078,451.0,83897.0,417.0
2021-01-05 09:30:18.160,0.0078,0.0079,170.0,0.0078,411.0,83917.0,437.0
2021-01-05 09:30:18.750,0.0078,0.0079,170.0,0.0078,411.0,83917.0,437.0
2021-01-05 09:30:19.251,0.0078,0.0079,180.0,0.0078,411.0,83917.0,437.0
2021-01-05 09:30:20.240,0.0078,0.0079,170.0,0.0078,401.0,83927.0,447.0
2021-01-05 09:30:20.740,0.0078,0.0079,170.0,0.0078,365.0,83927.0,483.0
2021-01-05 09:30:21.241,0.0078,0.0079,170.0,0.0078,289.0,83927.0,559.0
2021-01-05 09:30:21.741,0.0078,0.0079,180.0,0.0078,249.0,83927.0,599.0
2021-01-05 09:30:22.240,0.0078,0.0079,170.0,0.0078,202.0,83927.0,646.0
2021-01-05 09:30:22.671,0.0078,0.0079,170.0,0.0078,200.0,83927.0,648.0
2021-01-05 09:30:23.170,0.0078,0.0079,170.0,0.0078,200.0,83927.0,648.0
2021-01-05 09:30:23.670,0.0078,0.0079,170.0,0.0078,200.0,83927.0,648.0
2021-01-05 09:30:24.140,0.0078,0.0079,180.0,0.0078,220.0,83927.0,648.0
2021-01-05 09:30:24.661,0.0078,0.0079,180.0,0.0078,220.0,83927.0,648.0
2021-01-05 09:30:25.160,0.0078,0.0079,180.0,0.0078,200.0,83927.0,648.0
2021-01-05 09:30:25.671,0.0078,0.0079,180.0,0.0078,200.0,83927.0,648.0
2021-01-05 09:30:26.670,0.0079,0.0079,171.0,0.0078,190.0,83918.0,667.0
2021-01-05 09:30:27.671,0.0079,0.0079,171.0,0.0078,190.0,83918.0,667.0
2021-01-05 09:30:28.161,0.0079,0.0079,171.0,0.0078,190.0,83918.0,667.0
2021-01-05 09:30:28.670,0.0078,0.0079,171.0,0.0078,184.0,83918.0,673.0
2021-01-05 09:30:29.150,0.0078,0.0079,161.0,0.0078,89.0,83928.0,768.0
2021-01-05 09:30:29.661,0.0078,0.0079,161.0,0.0078,12.0,83948.0,845.0
2021-01-05 09:30:30.151,0.0078,0.0078,50.0,0.0077,20.0,83960.0,857.0
2021-01-05 09:30:30.620,0.0078,0.0078,61.0,0.0075,30.0,83959.0,858.0
2021-01-05 09:30:31.121,0.0078,0.0077,10.0,0.0075,30.0,83959.0,858.0
2021-01-05 09:30:31.661,0.0077,0.0077,10.0,0.0075,30.0,83959.0,861.0
2021-01-05 09:30:32.140,0.0077,0.0077,10.0,0.0075,30.0,83959.0,871.0
2021-01-05 09:30:32.631,0.0077,0.0078,61.0,0.0077,10.0,83959.0,871.0
2021-01-05 09:30:33.171,0.0077,0.0078,61.0,0.0077,25.0,83969.0,881.0
2021-01-05 09:30:33.671,0.0077,0.0078,51.0,0.0077,45.0,83969.0,881.0
2021-01-05 09:30:34.670,0.0077,0.0078,51.0,0.0077,45.0,83969.0,881.0
2021-01-05 09:30:35.121,0.0077,0.0078,51.0,0.0077,20.0,83969.0,881.0
2021-01-05 09:30:35.680,0.0078,0.0078,21.0,0.0077,20.0,83939.0,911.0
2021-01-05 09:30:36.170,0.0078,0.0079,161.0,0.0078,9.0,83918.0,932.0
2021-01-05 09:30:36.691,0.0078,0.0079,161.0,0.0078,15.0,83918.0,932.0
2021-01-05 09:30:40.690,0.0078,0.0079,162.0,0.0078,15.0,83918.0,932.0
2021-01-05 09:30:41.140,0.0079,0.0079,154.0,0.0078,15.0,83918.0,940.0
2021-01-05 09:30:42.671,0.0079,0.0079,164.0,0.0078,15.0,83918.0,940.0
2021-01-05 09:30:43.170,0.0079,0.0079,164.0,0.0078,15.0,83918.0,940.0
2021-01-05 09:30:43.681,0.0079,0.0079,154.0,0.0078,15.0,83918.0,940.0
2021-01-05 09:30:44.181,0.0079,0.0079,124.0,0.0077,20.0,83887.0,971.0
2021-01-05 09:30:44.650,0.0079,0.0079,124.0,0.0078,15.0,83887.0,971.0
2021-01-05 09:30:45.161,0.0079,0.0079,124.0,0.0077,35.0,83887.0,971.0
2021-01-05 09:30:45.710,0.0079,0.0079,124.0,0.0078,15.0,83887.0,971.0
2021-01-05 09:30:46.200,0.0079,0.0079,124.0,0.0078,15.0,83887.0,971.0
2021-01-05 09:30:46.671,0.0079,0.0079,124.0,0.0076,30.0,83887.0,971.0
2021-01-05 09:30:47.191,0.0079,0.0079,124.0,0.0077,15.0,83887.0,971.0
2021-01-05 09:30:47.691,0.0079,0.0079,134.0,0.0077,15.0,83887.0,971.0
2021-01-05 09:30:48.200,0.0079,0.0079,134.0,0.0077,15.0,83887.0,971.0
2021-01-05 09:30:49.210,0.0079,0.0079,124.0,0.0077,15.0,83887.0,971.0
2021-01-05 09:30:49.441,0.0079,0.0079,124.0,0.0077,15.0,83887.0,971.0
2021-01-05 09:30:50.171,0.0079,0.0079,134.0,0.0077,15.0,83887.0,971.0
2021-01-05 09:30:50.720,0.0079,0.0079,134.0,0.0077,15.0,83887.0,971.0
2021-01-05 09:30:51.170,0.0079,0.0079,134.0,0.0077,15.0,83887.0,971.0
2021-01-05 09:30:51.721,0.0079,0.0079,124.0,0.0077,15.0,83887.0,971.0
2021-01-05 09:30:52.221,0.0079,0.0079,134.0,0.0077,15.0,83887.0,971.0
2021-01-05 09:30:52.651,0.0079,0.0079,134.0,0.0077,15.0,83887.0,971.0
2021-01-05 09:30:52.931,0.0079,0.0079,134.0,0.0077,30.0,83887.0,971.0
2021-01-05 09:30:53.660,0.0079,0.0079,124.0,0.0077,15.0,83887.0,971.0
2021-01-05 09:30:54.130,0.0078,0.0079,124.0,0.0078,14.0,83887.0,972.0
2021-01-05 09:30:54.130,0.0078,0.0079,124.0,0.0078,15.0,83887.0,972.0
2021-01-05 09:30:55.081,0.0078,0.0079,124.0,0.0078,15.0,83887.0,972.0
2021-01-05 09:30:55.671,0.0078,0.0079,124.0,0.0078,15.0,83887.0,972.0
2021-01-05 09:30:58.091,0.0078,0.0078,15.0,0.0077,15.0,83887.0,987.0
2021-01-05 09:30:58.660,0.0078,0.0079,154.0,0.0078,15.0,83887.0,990.0
2021-01-05 09:30:59.171,0.0078,0.0079,154.0,0.0078,15.0,83887.0,990.0
2021-01-05 09:31:00.161,0.0078,0.0079,164.0,0.0078,15.0,83887.0,990.0
2021-01-05 09:31:00.681,0.0078,0.0079,154.0,0.0078,15.0,83887.0,990.0
2021-01-05 09:31:00.860,0.0078,0.0079,154.0,0.0078,15.0,83887.0,990.0
2021-01-05 09:31:01.680,0.0079,0.0079,117.0,0.0078,25.0,83887.0,998.0
2021-01-05 09:31:02.170,0.0079,0.0079,87.0,0.0078,10.0,83857.0,1028.0
2021-01-05 09:31:02.681,0.0079,0.0079,5.0,0.0078,9.0,83774.0,1111.0
2021-01-05 09:31:03.131,0.0079,0.008,31.0,0.0079,15.0,83769.0,1116.0
2021-01-05 09:31:03.680,0.008,0.008,16.0,0.0079,34.0,83783.0,1131.0
2021-01-05 09:31:04.181,0.008,0.0081,32.0,0.008,15.0,83783.0,1131.0
2021-01-05 09:31:04.671,0.008,0.0081,32.0,0.008,15.0,83783.0,1131.0
2021-01-05 09:31:05.190,0.0081,0.0082,90.0,0.0081,13.0,83781.0,1148.0
2021-01-05 09:31:05.661,0.0081,0.0082,90.0,0.0081,15.0,83781.0,1148.0
2021-01-05 09:31:06.160,0.0081,0.0082,60.0,0.0079,49.0,83781.0,1178.0
2021-01-05 09:31:06.681,0.0081,0.0081,30.0,0.008,15.0,83781.0,1178.0
2021-01-05 09:31:07.190,0.0081,0.0082,60.0,0.0079,49.0,83781.0,1223.0
2021-01-05 09:31:07.670,0.0081,0.0081,40.0,0.0079,59.0,83781.0,1223.0
2021-01-05 09:31:08.200,0.0081,0.0081,40.0,0.0079,59.0,83781.0,1223.0
2021-01-05 09:31:08.650,0.008,0.0081,50.0,0.0079,14.0,83781.0,1263.0
2021-01-05 09:31:09.101,0.008,0.008,30.0,0.0079,29.0,83781.0,1263.0
2021-01-05 09:31:10.200,0.008,0.008,30.0,0.0079,14.0,83781.0,1263.0
2021-01-05 09:31:10.661,0.008,0.008,30.0,0.0079,29.0,83781.0,1263.0
2021-01-05 09:31:11.170,0.008,0.008,81.0,0.0079,29.0,83781.0,1263.0
2021-01-05 09:31:11.701,0.008,0.008,81.0,0.0079,29.0,83781.0,1263.0
2021-01-05 09:31:12.190,0.008,0.008,80.0,0.0079,29.0,83782.0,1264.0
2021-01-05 09:31:13.170,0.008,0.008,86.0,0.0079,20.0,83782.0,1268.0
2021-01-05 09:31:13.710,0.008,0.008,76.0,0.0079,20.0,83782.0,1268.0
2021-01-05 09:31:14.200,0.008,0.008,76.0,0.0079,30.0,83782.0,1268.0
2021-01-05 09:31:14.690,0.008,0.008,85.0,0.0079,30.0,83783.0,1269.0
2021-01-05 09:31:15.110,0.008,0.008,25.0,0.0079,30.0,83783.0,1269.0
2021-01-05 09:31:15.710,0.008,0.0081,61.0,0.008,5.0,83782.0,1294.0
2021-01-05 09:31:15.821,0.008,0.0081,91.0,0.0079,15.0,83782.0,1297.0
2021-01-05 09:31:16.711,0.008,0.008,5.0,0.0079,30.0,83782.0,1297.0
2021-01-05 09:31:17.201,0.008,0.008,34.0,0.0079,30.0,83783.0,1298.0
2021-01-05 09:31:17.710,0.0079,0.008,34.0,0.0079,29.0,83783.0,1299.0
2021-01-05 09:31:18.720,0.0079,0.008,94.0,0.0079,19.0,83783.0,1299.0
2021-01-05 09:31:19.150,0.0079,0.008,94.0,0.0079,18.0,83783.0,1300.0
2021-01-05 09:31:19.721,0.0079,0.008,94.0,0.0079,15.0,83781.0,1305.0
2021-01-05 09:31:20.161,0.0079,0.008,89.0,0.0079,11.0,83777.0,1309.0
2021-01-05 09:31:20.641,0.0078,0.008,99.0,0.0077,45.0,83775.0,1313.0
2021-01-05 09:31:21.221,0.0078,0.008,89.0,0.0078,55.0,83775.0,1313.0
2021-01-05 09:31:21.640,0.008,0.008,98.0,0.0079,13.0,83774.0,1316.0
2021-01-05 09:31:22.211,0.008,0.008,37.0,0.0079,15.0,83773.0,1319.0
2021-01-05 09:31:22.620,0.008,0.008,5.0,0.0079,15.0,83773.0,1319.0
2021-01-05 09:31:23.091,0.0077,0.008,54.0,0.0077,20.0,83728.0,1370.0
2021-01-05 09:31:23.621,0.0079,0.008,53.0,0.0079,26.0,83725.0,1375.0
2021-01-05 09:31:24.161,0.0079,0.008,53.0,0.0079,26.0,83725.0,1375.0
2021-01-05 09:31:24.620,0.008,0.008,50.0,0.0079,41.0,83728.0,1378.0
2021-01-05 09:31:25.150,0.008,0.008,50.0,0.0079,15.0,83728.0,1378.0
2021-01-05 09:31:25.640,0.0079,0.008,80.0,0.0079,13.0,83724.0,1382.0
2021-01-05 09:31:26.141,0.0079,0.008,80.0,0.0079,2.0,83724.0,1395.0
2021-01-05 09:31:26.681,0.0079,0.0079,32.0,0.0078,38.0,83722.0,1429.0
2021-01-05 09:31:27.060,0.0079,0.008,34.0,0.0079,16.0,83723.0,1450.0
2021-01-05 09:31:27.590,0.0079,0.008,34.0,0.0078,63.0,83721.0,1453.0
2021-01-05 09:31:28.091,0.0079,0.008,34.0,0.0078,53.0,83721.0,1453.0
2021-01-05 09:31:28.610,0.0078,0.0079,2.0,0.0078,49.0,83717.0,1457.0
2021-01-05 09:31:29.171,0.0079,0.008,4.0,0.0079,2.0,83717.0,1459.0
2021-01-05 09:31:29.641,0.0078,0.008,4.0,0.0078,37.0,83717.0,1463.0
2021-01-05 09:31:30.170,0.0078,0.008,3.0,0.0078,53.0,83713.0,1468.0
2021-01-05 09:31:30.671,0.0078,0.008,3.0,0.0078,26.0,83711.0,1470.0
2021-01-05 09:31:30.721,0.0078,0.008,4.0,0.0078,24.0,83709.0,1472.0
2021-01-05 09:31:31.661,0.0078,0.008,4.0,0.0078,39.0,83709.0,1472.0
2021-01-05 09:31:32.120,0.0078,0.008,2.0,0.0078,37.0,83707.0,1474.0
2021-01-05 09:31:32.671,0.0078,0.008,2.0,0.0078,47.0,83707.0,1474.0
2021-01-05 09:31:33.190,0.0078,0.008,32.0,0.0078,21.0,83706.0,1475.0
2021-01-05 09:31:33.680,0.0079,0.008,32.0,0.0079,15.0,83704.0,1477.0
2021-01-05 09:31:34.181,0.0079,0.008,32.0,0.0079,15.0,83704.0,1482.0
2021-01-05 09:31:34.681,0.0079,0.008,51.0,0.0079,15.0,83704.0,1483.0
2021-01-05 09:31:35.190,0.0079,0.008,51.0,0.0079,13.0,83702.0,1485.0
2021-01-05 09:31:35.670,0.0079,0.008,51.0,0.0079,15.0,83700.0,1487.0
2021-01-05 09:31:36.181,0.0079,0.008,1.0,0.0079,15.0,83700.0,1488.0
2021-01-05 09:31:36.690,0.0079,0.008,1.0,0.0078,21.0,83700.0,1488.0
2021-01-05 09:31:37.191,0.008,0.0081,94.0,0.0078,41.0,83700.0,1489.0
2021-01-05 09:31:37.601,0.0079,0.008,2.0,0.0079,14.0,83697.0,1492.0
2021-01-05 09:31:38.150,0.0079,0.008,32.0,0.0079,14.0,83697.0,1499.0
2021-01-05 09:31:38.621,0.0079,0.008,32.0,0.0078,30.0,83697.0,1507.0
2021-01-05 09:31:39.210,0.0078,0.008,32.0,0.0078,38.0,83695.0,1509.0
2021-01-05 09:31:39.710,0.0078,0.008,32.0,0.0078,53.0,83695.0,1509.0
2021-01-05 09:31:40.200,0.0078,0.008,42.0,0.0078,43.0,83695.0,1509.0
2021-01-05 09:31:40.711,0.0078,0.008,42.0,0.0078,13.0,83693.0,1511.0
2021-01-05 09:31:41.141,0.0078,0.008,42.0,0.0078,15.0,83693.0,1511.0
2021-01-05 09:31:41.700,0.0078,0.008,92.0,0.0078,15.0,83693.0,1511.0
2021-01-05 09:31:42.211,0.0078,0.008,82.0,0.0078,13.0,83691.0,1513.0
2021-01-05 09:31:42.711,0.0078,0.008,82.0,0.0078,14.0,83690.0,1514.0
2021-01-05 09:31:43.191,0.0078,0.008,82.0,0.0078,15.0,83690.0,1514.0
2021-01-05 09:31:44.190,0.0078,0.008,32.0,0.0078,44.0,83689.0,1515.0
2021-01-05 09:31:44.670,0.0078,0.008,32.0,0.0078,43.0,83687.0,1517.0
2021-01-05 09:31:45.170,0.0078,0.008,92.0,0.0078,15.0,83687.0,1517.0
2021-01-05 09:31:45.700,0.0078,0.008,32.0,0.0078,45.0,83687.0,1517.0
2021-01-05 09:31:46.011,0.0078,0.008,32.0,0.0077,50.0,83687.0,1517.0
2021-01-05 09:31:46.701,0.0077,0.008,92.0,0.0078,15.0,83687.0,1519.0
2021-01-05 09:31:46.970,0.0078,0.008,83.0,0.0078,15.0,83685.0,1521.0
2021-01-05 09:31:47.690,0.008,0.008,89.0,0.0078,15.0,83689.0,1525.0
2021-01-05 09:31:48.330,0.008,0.0079,2.0,0.0078,15.0,83689.0,1525.0
2021-01-05 09:31:48.820,0.008,0.0079,2.0,0.0078,15.0,83689.0,1525.0
2021-01-05 09:31:49.671,0.008,0.0079,32.0,0.0078,15.0,83689.0,1525.0
2021-01-05 09:31:49.980,0.0079,0.0079,31.0,0.0078,15.0,83690.0,1526.0
2021-01-05 09:31:50.710,0.0078,0.0079,31.0,0.0078,15.0,83684.0,1532.0
2021-01-05 09:31:51.701,0.0079,0.0079,30.0,0.0077,38.0,83685.0,1533.0
2021-01-05 09:31:52.191,0.0079,0.0079,31.0,0.0077,53.0,83685.0,1533.0
2021-01-05 09:31:53.640,0.0079,0.0079,41.0,0.0077,23.0,83685.0,1533.0
2021-01-05 09:31:54.641,0.0079,0.0079,31.0,0.0077,23.0,83685.0,1533.0
2021-01-05 09:31:55.150,0.0079,0.0079,41.0,0.0077,23.0,83685.0,1533.0
2021-01-05 09:31:55.670,0.0079,0.0078,30.0,0.0077,23.0,83685.0,1533.0
2021-01-05 09:31:56.110,0.0078,0.0078,24.0,0.0077,8.0,83691.0,1539.0
2021-01-05 09:31:56.681,0.0078,0.0078,24.0,0.0077,8.0,83691.0,1539.0
2021-01-05 09:31:57.171,0.0078,0.0078,24.0,0.0077,8.0,83691.0,1539.0
2021-01-05 09:31:57.530,0.0078,0.0078,24.0,0.0077,8.0,83691.0,1539.0
2021-01-05 09:31:58.171,0.0077,0.0078,24.0,0.0077,6.0,83693.0,1541.0
2021-01-05 09:31:58.531,0.0077,0.0078,24.0,0.0077,6.0,83693.0,1541.0
2021-01-05 09:31:59.660,0.0077,0.0078,24.0,0.0077,6.0,83693.0,1541.0
2021-01-05 09:32:00.150,0.0077,0.0078,24.0,0.0077,6.0,83693.0,1541.0
2021-01-05 09:32:00.650,0.0078,0.0078,22.0,0.0077,6.0,83695.0,1543.0
2021-01-05 09:32:01.670,0.0078,0.0078,22.0,0.0077,6.0,83695.0,1543.0
2021-01-05 09:32:02.171,0.0078,0.0078,22.0,0.0077,6.0,83695.0,1543.0
2021-01-05 09:32:02.671,0.0078,0.0079,31.0,0.0077,34.0,83695.0,1543.0
2021-01-05 09:32:03.180,0.0078,0.0079,31.0,0.0077,24.0,83695.0,1543.0
2021-01-05 09:32:03.641,0.0078,0.0079,31.0,0.0077,21.0,83695.0,1543.0
2021-01-05 09:32:04.150,0.0078,0.0079,31.0,0.0077,61.0,83695.0,1543.0
2021-01-05 09:32:04.661,0.0078,0.0079,31.0,0.0077,51.0,83695.0,1543.0
2021-01-05 09:32:05.130,0.0078,0.0079,31.0,0.0077,51.0,83695.0,1543.0
2021-01-05 09:32:05.660,0.0078,0.0079,31.0,0.0077,71.0,83695.0,1543.0
2021-01-05 09:32:06.161,0.0078,0.0079,41.0,0.0077,41.0,83695.0,1543.0
2021-01-05 09:32:06.680,0.0078,0.0079,31.0,0.0077,41.0,83695.0,1543.0
2021-01-05 09:32:07.070,0.0078,0.0079,31.0,0.0077,41.0,83695.0,1543.0
2021-01-05 09:32:07.671,0.0078,0.0079,41.0,0.0077,71.0,83695.0,1543.0
2021-01-05 09:32:08.171,0.0078,0.0078,10.0,0.0077,71.0,83695.0,1543.0
2021-01-05 09:32:08.670,0.0078,0.0078,10.0,0.0077,71.0,83695.0,1543.0
2021-01-05 09:32:09.141,0.0078,0.0078,10.0,0.0077,41.0,83695.0,1543.0
2021-01-05 09:32:09.681,0.0078,0.0078,10.0,0.0077,41.0,83695.0,1543.0
2021-01-05 09:32:10.161,0.0078,0.0079,41.0,0.0077,41.0,83695.0,1543.0
2021-01-05 09:32:10.630,0.0078,0.0078,10.0,0.0077,26.0,83695.0,1543.0
2021-01-05 09:32:11.170,0.0078,0.0078,10.0,0.0077,26.0,83695.0,1543.0
2021-01-05 09:32:11.650,0.0077,0.0079,41.0,0.0077,55.0,83696.0,1544.0
2021-01-05 09:32:12.161,0.0077,0.0079,42.0,0.0077,55.0,83696.0,1544.0
2021-01-05 09:32:12.670,0.0077,0.0079,42.0,0.0077,55.0,83696.0,1544.0
2021-01-05 09:32:13.171,0.0077,0.0079,42.0,0.0077,70.0,83696.0,1544.0
2021-01-05 09:32:13.680,0.0077,0.0079,42.0,0.0077,70.0,83696.0,1544.0
2021-01-05 09:32:14.180,0.0077,0.0079,42.0,0.0077,70.0,83696.0,1544.0
2021-01-05 09:32:14.660,0.0077,0.0078,10.0,0.0077,69.0,83696.0,1545.0
2021-01-05 09:32:15.171,0.0077,0.0078,10.0,0.0077,69.0,83696.0,1545.0
2021-01-05 09:32:15.671,0.0077,0.0078,10.0,0.0077,69.0,83696.0,1545.0
2021-01-05 09:32:16.151,0.0077,0.0079,42.0,0.0077,69.0,83696.0,1545.0
2021-01-05 09:32:16.520,0.0077,0.0079,42.0,0.0077,54.0,83696.0,1545.0
2021-01-05 09:32:17.161,0.0077,0.0079,42.0,0.0077,54.0,83696.0,1545.0
2021-01-05 09:32:17.651,0.0077,0.0078,10.0,0.0077,24.0,83696.0,1545.0
2021-01-05 09:32:18.130,0.0077,0.0078,23.0,0.0077,23.0,83697.0,1546.0
2021-01-05 09:32:18.670,0.0077,0.0078,10.0,0.0077,23.0,83697.0,1546.0
2021-01-05 09:32:19.131,0.0077,0.0078,11.0,0.0077,22.0,83698.0,1547.0
2021-01-05 09:32:20.151,0.0077,0.0078,11.0,0.0077,35.0,83698.0,1547.0
2021-01-05 09:32:20.671,0.0077,0.0078,11.0,0.0077,35.0,83698.0,1547.0
2021-01-05 09:32:21.171,0.0078,0.0079,42.0,0.0078,13.0,83697.0,1548.0
2021-01-05 09:32:21.680,0.0078,0.0079,42.0,0.0078,7.0,83697.0,1556.0
2021-01-05 09:32:22.181,0.0078,0.0079,42.0,0.0077,80.0,83697.0,1556.0
2021-01-05 09:32:23.180,0.0079,0.008,102.0,0.0078,13.0,83695.0,1561.0
2021-01-05 09:32:23.670,0.0079,0.0079,10.0,0.0078,13.0,83695.0,1561.0
2021-01-05 09:32:24.091,0.0079,0.0079,10.0,0.0078,28.0,83695.0,1561.0
2021-01-05 09:32:24.640,0.0079,0.0079,10.0,0.0078,13.0,83695.0,1561.0
2021-01-05 09:32:25.170,0.0078,0.0078,10.0,0.0077,67.0,83695.0,1563.0
2021-01-05 09:32:25.670,0.0078,0.0079,10.0,0.0078,13.0,83695.0,1563.0
2021-01-05 09:32:26.171,0.0078,0.0078,10.0,0.0077,80.0,83695.0,1568.0
2021-01-05 09:32:26.650,0.0078,0.0079,42.0,0.0077,80.0,83695.0,1568.0
2021-01-05 09:32:27.641,0.0078,0.0079,42.0,0.0077,80.0,83695.0,1568.0
2021-01-05 09:32:27.670,0.0078,0.0079,42.0,0.0078,15.0,83695.0,1568.0
2021-01-05 09:32:28.171,0.0078,0.0079,92.0,0.0077,80.0,83695.0,1568.0
2021-01-05 09:32:30.171,0.0078,0.0079,92.0,0.0077,80.0,83695.0,1568.0
2021-01-05 09:32:30.671,0.0079,0.0079,91.0,0.0077,80.0,83696.0,1569.0
2021-01-05 09:32:31.151,0.0079,0.0079,91.0,0.0077,80.0,83696.0,1569.0
2021-01-05 09:32:31.631,0.0079,0.0078,10.0,0.0077,65.0,83696.0,1569.0
2021-01-05 09:32:32.121,0.0079,0.0079,91.0,0.0077,80.0,83696.0,1569.0
2021-01-05 09:32:33.141,0.0079,0.0078,10.0,0.0077,80.0,83696.0,1569.0
2021-01-05 09:32:33.531,0.0077,0.0078,10.0,0.0077,79.0,83696.0,1570.0
2021-01-05 09:32:34.171,0.0078,0.0079,81.0,0.0078,6.0,83696.0,1580.0
2021-01-05 09:32:34.691,0.0078,0.0079,41.0,0.0077,51.0,83696.0,1591.0
2021-01-05 09:32:35.170,0.0078,0.0079,41.0,0.0077,51.0,83696.0,1591.0
2021-01-05 09:32:35.671,0.0078,0.0079,41.0,0.0077,64.0,83696.0,1591.0
2021-01-05 09:32:36.190,0.0078,0.0079,41.0,0.0077,64.0,83696.0,1591.0
2021-01-05 09:32:36.691,0.0078,0.0079,41.0,0.0077,64.0,83696.0,1591.0
2021-01-05 09:32:39.200,0.0078,0.0078,20.0,0.0077,64.0,83696.0,1591.0
2021-01-05 09:32:39.630,0.0078,0.0078,20.0,0.0077,79.0,83696.0,1591.0
2021-01-05 09:32:40.601,0.0078,0.0078,20.0,0.0077,51.0,83696.0,1591.0
2021-01-05 09:32:41.200,0.0078,0.0078,20.0,0.0077,51.0,83696.0,1591.0
2021-01-05 09:32:41.690,0.0078,0.0078,20.0,0.0077,31.0,83696.0,1591.0
2021-01-05 09:32:42.161,0.0078,0.0078,20.0,0.0077,44.0,83696.0,1591.0
2021-01-05 09:32:42.700,0.0078,0.0078,20.0,0.0077,31.0,83696.0,1591.0
2021-01-05 09:32:43.190,0.0078,0.0078,20.0,0.0077,31.0,83696.0,1591.0
2021-01-05 09:32:43.580,0.0078,0.0078,20.0,0.0077,31.0,83696.0,1591.0
2021-01-05 09:32:44.151,0.0078,0.0078,10.0,0.0077,31.0,83696.0,1591.0
2021-01-05 09:32:45.190,0.0078,0.0079,41.0,0.0077,31.0,83696.0,1591.0
2021-01-05 09:32:45.580,0.0078,0.0078,10.0,0.0077,44.0,83696.0,1591.0
2021-01-05 09:32:46.160,0.0078,0.0078,10.0,0.0077,31.0,83696.0,1591.0
2021-01-05 09:32:46.610,0.0078,0.0078,10.0,0.0077,44.0,83696.0,1591.0
2021-01-05 09:32:47.130,0.0078,0.0078,10.0,0.0077,31.0,83696.0,1591.0
2021-01-05 09:32:47.701,0.0078,0.0078,10.0,0.0077,14.0,83696.0,1591.0
2021-01-05 09:32:48.101,0.0078,0.0079,41.0,0.0077,14.0,83696.0,1591.0
2021-01-05 09:32:48.690,0.0078,0.0078,10.0,0.0077,14.0,83696.0,1591.0
2021-01-05 09:32:49.190,0.0078,0.0078,10.0,0.0077,14.0,83696.0,1591.0
2021-01-05 09:32:49.670,0.0078,0.0078,40.0,0.0077,1.0,83696.0,1591.0
2021-01-05 09:32:50.171,0.0077,0.0077,10.0,0.0076,28.0,83697.0,1592.0
2021-01-05 09:32:50.700,0.0077,0.0077,7.0,0.0075,30.0,83697.0,1605.0
2021-01-05 09:32:51.170,0.0077,0.0077,10.0,0.0076,28.0,83697.0,1605.0
2021-01-05 09:32:51.641,0.0077,0.0077,40.0,0.0076,28.0,83697.0,1605.0
2021-01-05 09:32:51.701,0.0077,0.0077,30.0,0.0076,13.0,83697.0,1605.0
2021-01-05 09:32:52.671,0.0077,0.0077,30.0,0.0075,58.0,83697.0,1605.0
2021-01-05 09:32:53.161,0.0077,0.0078,93.0,0.0076,30.0,83697.0,1605.0
2021-01-05 09:32:53.641,0.0077,0.0077,10.0,0.0076,43.0,83697.0,1605.0
2021-01-05 09:32:54.181,0.0077,0.0078,53.0,0.0076,45.0,83697.0,1605.0
2021-01-05 09:32:54.671,0.0077,0.0078,40.0,0.0076,58.0,83697.0,1605.0
2021-01-05 09:32:55.161,0.0077,0.0078,40.0,0.0076,43.0,83697.0,1605.0
2021-01-05 09:32:55.670,0.0077,0.0077,10.0,0.0076,63.0,83697.0,1605.0
2021-01-05 09:32:55.950,0.0077,0.0077,10.0,0.0076,63.0,83697.0,1605.0
2021-01-05 09:32:56.611,0.0077,0.0077,10.0,0.0076,78.0,83697.0,1605.0
2021-01-05 09:32:57.151,0.0077,0.0077,10.0,0.0076,78.0,83697.0,1605.0
2021-01-05 09:32:57.600,0.0077,0.0078,40.0,0.0076,78.0,83697.0,1605.0
2021-01-05 09:32:58.171,0.0077,0.0077,10.0,0.0076,78.0,83697.0,1605.0
2021-01-05 09:32:58.651,0.0077,0.0077,10.0,0.0076,63.0,83697.0,1605.0
2021-01-05 09:32:58.920,0.0077,0.0077,10.0,0.0076,78.0,83697.0,1605.0
2021-01-05 09:32:59.621,0.0076,0.0077,10.0,0.0076,49.0,83696.0,1606.0
2021-01-05 09:33:00.180,0.0076,0.0077,10.0,0.0076,62.0,83696.0,1606.0
2021-01-05 09:33:00.651,0.0076,0.0077,10.0,0.0076,62.0,83696.0,1606.0
2021-01-05 09:33:01.141,0.0076,0.0078,103.0,0.0076,64.0,83696.0,1606.0
2021-01-05 09:33:01.661,0.0076,0.0078,40.0,0.0076,77.0,83696.0,1606.0
2021-01-05 09:33:02.620,0.0076,0.0078,40.0,0.0076,49.0,83696.0,1606.0
2021-01-05 09:33:03.121,0.0076,0.0078,10.0,0.0076,77.0,83696.0,1606.0
2021-01-05 09:33:03.681,0.0076,0.0079,105.0,0.0076,77.0,83696.0,1606.0
2021-01-05 09:33:04.140,0.0076,0.0079,105.0,0.0077,30.0,83696.0,1606.0
2021-01-05 09:33:04.651,0.0076,0.0079,42.0,0.0077,43.0,83696.0,1606.0
2021-01-05 09:33:05.181,0.0076,0.0079,12.0,0.0077,58.0,83696.0,1606.0
2021-01-05 09:33:05.690,0.0076,0.0079,25.0,0.0077,30.0,83696.0,1606.0
2021-01-05 09:33:06.170,0.0077,0.0078,2.0,0.0077,39.0,83696.0,1610.0
2021-01-05 09:33:06.681,0.0077,0.0078,2.0,0.0077,26.0,83696.0,1610.0
2021-01-05 09:33:07.171,0.0077,0.0078,2.0,0.0077,26.0,83696.0,1610.0
2021-01-05 09:33:07.601,0.0077,0.0078,2.0,0.0077,39.0,83696.0,1610.0
2021-01-05 09:33:08.191,0.0077,0.0078,12.0,0.0077,26.0,83696.0,1610.0
2021-01-05 09:33:08.681,0.0077,0.0078,12.0,0.0077,39.0,83696.0,1610.0
2021-01-05 09:33:09.181,0.0077,0.0078,12.0,0.0077,39.0,83696.0,1610.0
2021-01-05 09:33:10.180,0.0077,0.0078,2.0,0.0077,39.0,83696.0,1610.0
2021-01-05 09:33:10.681,0.0077,0.0078,2.0,0.0077,39.0,83696.0,1610.0
2021-01-05 09:33:11.180,0.0077,0.0078,2.0,0.0077,26.0,83696.0,1610.0
2021-01-05 09:33:12.181,0.0077,0.0078,12.0,0.0077,26.0,83696.0,1610.0
2021-01-05 09:33:12.650,0.0077,0.0078,12.0,0.0077,26.0,83696.0,1610.0
2021-01-05 09:33:13.080,0.0077,0.0078,12.0,0.0077,23.0,83696.0,1613.0
2021-01-05 09:33:13.691,0.0077,0.0078,2.0,0.0077,23.0,83696.0,1613.0
2021-01-05 09:33:14.160,0.0077,0.0078,2.0,0.0077,13.0,83696.0,1623.0
2021-01-05 09:33:14.650,0.0077,0.0077,7.0,0.0076,33.0,83696.0,1636.0
2021-01-05 09:33:15.140,0.0076,0.0077,10.0,0.0076,74.0,83696.0,1640.0
2021-01-05 09:33:15.651,0.0077,0.0078,12.0,0.0077,10.0,83696.0,1660.0
2021-01-05 09:33:16.181,0.0077,0.0078,12.0,0.0077,10.0,83696.0,1660.0
2021-01-05 09:33:16.671,0.0077,0.0078,2.0,0.0077,23.0,83696.0,1660.0
2021-01-05 09:33:17.190,0.0077,0.0078,2.0,0.0077,10.0,83696.0,1660.0
2021-01-05 09:33:17.691,0.0077,0.0078,2.0,0.0077,10.0,83696.0,1660.0
2021-01-05 09:33:18.160,0.0077,0.0078,2.0,0.0077,25.0,83696.0,1660.0
2021-01-05 09:33:18.680,0.0077,0.0078,12.0,0.0077,10.0,83696.0,1660.0
2021-01-05 09:33:19.191,0.0077,0.0078,12.0,0.0077,10.0,83696.0,1660.0
2021-01-05 09:33:19.660,0.0077,0.0078,2.0,0.0077,10.0,83696.0,1660.0
2021-01-05 09:33:20.171,0.0078,0.0079,25.0,0.0078,3.0,83696.0,1662.0
2021-01-05 09:33:20.680,0.0078,0.0079,25.0,0.0077,10.0,83696.0,1665.0
2021-01-05 09:33:21.160,0.0078,0.0079,12.0,0.0077,23.0,83696.0,1665.0
2021-01-05 09:33:22.670,0.0078,0.0079,12.0,0.0077,38.0,83696.0,1665.0
2021-01-05 09:33:23.151,0.0078,0.0079,12.0,0.0077,38.0,83696.0,1665.0
2021-01-05 09:33:23.660,0.0078,0.0079,25.0,0.0077,10.0,83696.0,1665.0
2021-01-05 09:33:24.171,0.0078,0.0079,25.0,0.0077,10.0,83696.0,1665.0
2021-01-05 09:33:24.651,0.0077,0.0079,25.0,0.0078,7.0,83696.0,1666.0
2021-01-05 09:33:25.151,0.0078,0.0079,55.0,0.0077,45.0,83696.0,1673.0
2021-01-05 09:33:25.671,0.0078,0.0079,55.0,0.0077,45.0,83696.0,1673.0
2021-01-05 09:33:26.161,0.0077,0.0078,10.0,0.0077,30.0,83696.0,1675.0
2021-01-05 09:33:26.651,0.0077,0.0078,10.0,0.0077,24.0,83696.0,1681.0
2021-01-05 09:33:27.171,0.0077,0.0079,55.0,0.0077,24.0,83696.0,1681.0
2021-01-05 09:33:27.571,0.0077,0.0078,10.0,0.0077,20.0,83696.0,1685.0
2021-01-05 09:33:28.180,0.0077,0.0079,42.0,0.0077,33.0,83696.0,1685.0
2021-01-05 09:33:28.630,0.0077,0.0079,55.0,0.0077,20.0,83696.0,1685.0
2021-01-05 09:33:29.171,0.0077,0.0079,55.0,0.0077,20.0,83696.0,1685.0
2021-01-05 09:33:30.180,0.0077,0.0078,10.0,0.0077,20.0,83696.0,1685.0
2021-01-05 09:33:30.670,0.0077,0.0078,20.0,0.0077,20.0,83696.0,1685.0
2021-01-05 09:33:31.181,0.0078,0.0079,45.0,0.0078,30.0,83706.0,1705.0
2021-01-05 09:33:31.671,0.0078,0.0079,45.0,0.0078,73.0,83763.0,1762.0
2021-01-05 09:33:32.141,0.0078,0.0079,45.0,0.0078,148.0,83788.0,1787.0
2021-01-05 09:33:32.620,0.0078,0.0079,45.0,0.0078,125.0,83811.0,1810.0
2021-01-05 09:33:33.121,0.0078,0.0079,45.0,0.0078,104.0,83832.0,1831.0
2021-01-05 09:33:33.680,0.0078,0.0079,45.0,0.0078,84.0,83852.0,1851.0
2021-01-05 09:33:34.170,0.0078,0.0079,45.0,0.0078,64.0,83872.0,1871.0
2021-01-05 09:33:34.671,0.0078,0.0079,45.0,0.0078,44.0,83892.0,1891.0
2021-01-05 09:33:35.171,0.0078,0.0079,32.0,0.0078,6.0,83930.0,1929.0
2021-01-05 09:33:35.680,0.0078,0.0078,10.0,0.0076,74.0,83936.0,1935.0
2021-01-05 09:33:36.101,0.0078,0.0078,10.0,0.0076,74.0,83936.0,1935.0
2021-01-05 09:33:36.681,0.0078,0.0078,10.0,0.0077,30.0,83936.0,1935.0
2021-01-05 09:33:37.190,0.0078,0.0079,42.0,0.0078,1.0,83936.0,1935.0
2021-01-05 09:33:37.640,0.0078,0.0079,42.0,0.0077,43.0,83937.0,1936.0
2021-01-05 09:33:38.110,0.0078,0.0079,92.0,0.0077,43.0,83937.0,1936.0
2021-01-05 09:33:39.641,0.0078,0.0079,92.0,0.0077,43.0,83937.0,1936.0
2021-01-05 09:33:40.160,0.0078,0.0078,10.0,0.0077,58.0,83937.0,1936.0
2021-01-05 09:33:40.690,0.0078,0.0079,92.0,0.0077,43.0,83937.0,1936.0
2021-01-05 09:33:41.161,0.0078,0.0078,10.0,0.0077,58.0,83937.0,1936.0
2021-01-05 09:33:41.691,0.0078,0.0079,92.0,0.0077,58.0,83937.0,1936.0
2021-01-05 09:33:42.160,0.0078,0.0078,10.0,0.0076,74.0,83937.0,1936.0
2021-01-05 09:33:42.640,0.0078,0.0078,60.0,0.0076,74.0,83937.0,1936.0
2021-01-05 09:33:43.180,0.0078,0.0078,60.0,0.0076,74.0,83937.0,1936.0
2021-01-05 09:33:43.681,0.0078,0.0077,10.0,0.0076,74.0,83937.0,1936.0
2021-01-05 09:33:44.110,0.0078,0.0078,90.0,0.0076,61.0,83937.0,1936.0
2021-01-05 09:33:44.671,0.0078,0.0078,90.0,0.0076,74.0,83937.0,1936.0
2021-01-05 09:33:45.660,0.0078,0.0078,103.0,0.0076,61.0,83937.0,1936.0
2021-01-05 09:33:46.161,0.0078,0.0077,10.0,0.0076,61.0,83937.0,1936.0
2021-01-05 09:33:46.680,0.0077,0.0077,10.0,0.0076,61.0,83938.0,1937.0
2021-01-05 09:33:47.191,0.0077,0.0077,10.0,0.0076,31.0,83938.0,1937.0
2021-01-05 09:33:47.681,0.0077,0.0077,10.0,0.0076,44.0,83938.0,1937.0
2021-01-05 09:33:48.171,0.0077,0.0077,10.0,0.0076,29.0,83938.0,1937.0
2021-01-05 09:33:48.680,0.0077,0.0077,10.0,0.0076,44.0,83938.0,1937.0
2021-01-05 09:33:49.120,0.0077,0.0077,10.0,0.0076,16.0,83938.0,1937.0
2021-01-05 09:33:49.681,0.0077,0.0078,93.0,0.0077,3.0,83958.0,1957.0
2021-01-05 09:33:50.130,0.0077,0.0078,118.0,0.0077,1.0,83961.0,1960.0
2021-01-05 09:33:50.670,0.0078,0.0078,102.0,0.0077,1.0,83962.0,1961.0
2021-01-05 09:33:50.901,0.0078,0.0078,117.0,0.0077,1.0,83962.0,1961.0
2021-01-05 09:33:51.581,0.0078,0.0078,102.0,0.0077,1.0,83962.0,1961.0
2021-01-05 09:33:52.190,0.0077,0.0078,79.0,0.0076,33.0,83963.0,1962.0
2021-01-05 09:33:52.661,0.0077,0.0078,117.0,0.0076,20.0,83963.0,1962.0
2021-01-05 09:33:52.960,0.0077,0.0077,10.0,0.0076,33.0,83963.0,1962.0
2021-01-05 09:33:53.650,0.0077,0.0077,10.0,0.0076,63.0,83963.0,1962.0
2021-01-05 09:33:54.610,0.0077,0.0077,10.0,0.0076,50.0,83963.0,1962.0
2021-01-05 09:33:55.181,0.0077,0.0077,10.0,0.0076,63.0,83963.0,1962.0
2021-01-05 09:33:55.650,0.0077,0.0078,92.0,0.0076,20.0,83964.0,1963.0
2021-01-05 09:33:56.120,0.0077,0.0078,92.0,0.0076,20.0,83965.0,1964.0
2021-01-05 09:33:56.651,0.0077,0.0077,10.0,0.0076,20.0,83965.0,1964.0
2021-01-05 09:33:57.171,0.0077,0.0077,40.0,0.0076,20.0,83965.0,1964.0
2021-01-05 09:33:57.671,0.0077,0.0077,40.0,0.0075,61.0,83965.0,1964.0
2021-01-05 09:33:58.170,0.0077,0.0077,90.0,0.0075,46.0,83966.0,1965.0
2021-01-05 09:33:58.670,0.0077,0.0077,89.0,0.0075,61.0,83967.0,1966.0
2021-01-05 09:33:58.971,0.0077,0.0077,89.0,0.0075,16.0,83967.0,1966.0
2021-01-05 09:33:59.690,0.0077,0.0077,88.0,0.0075,16.0,83968.0,1967.0
2021-01-05 09:34:00.191,0.0077,0.0076,5.0,0.0075,31.0,83969.0,1968.0
2021-01-05 09:34:00.671,0.0076,0.0076,14.0,0.0075,16.0,83970.0,1969.0
2021-01-05 09:34:01.081,0.0076,0.0076,4.0,0.0075,31.0,83970.0,1969.0
2021-01-05 09:34:01.661,0.0076,0.0076,4.0,0.0075,31.0,83970.0,1969.0
2021-01-05 09:34:02.170,0.0076,0.0076,4.0,0.0075,61.0,83970.0,1969.0
2021-01-05 09:34:02.671,0.0076,0.0076,4.0,0.0075,61.0,83970.0,1969.0
2021-01-05 09:34:04.120,0.0076,0.0076,14.0,0.0075,61.0,83970.0,1969.0
2021-01-05 09:34:04.671,0.0076,0.0076,4.0,0.0075,61.0,83970.0,1969.0
2021-01-05 09:34:05.121,0.0076,0.0076,14.0,0.0075,3.0,83970.0,1969.0
2021-01-05 09:34:05.630,0.0076,0.0076,14.0,0.0075,3.0,83970.0,1969.0
2021-01-05 09:34:06.191,0.0076,0.0076,4.0,0.0075,3.0,83970.0,1969.0
2021-01-05 09:34:06.671,0.0076,0.0076,21.0,0.0075,16.0,83970.0,1969.0
2021-01-05 09:34:07.130,0.0076,0.0076,51.0,0.0075,3.0,83970.0,1969.0
2021-01-05 09:34:07.601,0.0076,0.0076,119.0,0.0075,3.0,83970.0,1969.0
2021-01-05 09:34:08.171,0.0076,0.0076,137.0,0.0075,3.0,83970.0,1969.0
2021-01-05 09:34:08.690,0.0076,0.0076,124.0,0.0075,3.0,83970.0,1969.0
2021-01-05 09:34:09.170,0.0076,0.0076,114.0,0.0075,3.0,83970.0,1969.0
2021-01-05 09:34:09.670,0.0076,0.0076,114.0,0.0075,3.0,83970.0,1969.0
2021-01-05 09:34:10.140,0.0076,0.0076,124.0,0.0075,3.0,83970.0,1969.0
2021-01-05 09:34:10.690,0.0076,0.0076,114.0,0.0075,3.0,83970.0,1969.0
2021-01-05 09:34:11.151,0.0076,0.0076,114.0,0.0075,3.0,83970.0,1969.0
2021-01-05 09:34:11.681,0.0076,0.0076,34.0,0.0075,43.0,83970.0,1969.0
2021-01-05 09:34:12.121,0.0076,0.0076,34.0,0.0075,23.0,83970.0,1969.0
2021-01-05 09:34:12.640,0.0076,0.0076,57.0,0.0075,23.0,83970.0,1969.0
2021-01-05 09:34:13.191,0.0076,0.0076,39.0,0.0075,23.0,83969.0,1974.0
2021-01-05 09:34:13.671,0.0076,0.0076,29.0,0.0075,23.0,83959.0,1984.0
2021-01-05 09:34:14.181,0.0076,0.0076,19.0,0.0075,23.0,83959.0,1984.0
2021-01-05 09:34:14.691,0.0076,0.0076,19.0,0.0075,56.0,83959.0,1984.0
2021-01-05 09:34:15.181,0.0076,0.0076,19.0,0.0075,73.0,83959.0,1984.0
2021-01-05 09:34:15.681,0.0076,0.0076,12.0,0.0075,53.0,83942.0,2001.0
2021-01-05 09:34:16.190,0.0076,0.0076,2.0,0.0075,81.0,83942.0,2001.0
2021-01-05 09:34:16.630,0.0076,0.0076,12.0,0.0075,51.0,83942.0,2001.0
2021-01-05 09:34:17.181,0.0076,0.0076,12.0,0.0075,51.0,83942.0,2001.0
2021-01-05 09:34:17.690,0.0076,0.0076,42.0,0.0075,51.0,83942.0,2001.0
2021-01-05 09:34:19.661,0.0076,0.0076,42.0,0.0075,38.0,83942.0,2001.0
2021-01-05 09:34:20.180,0.0076,0.0076,42.0,0.0075,38.0,83942.0,2001.0
2021-01-05 09:34:20.651,0.0076,0.0076,42.0,0.0075,38.0,83942.0,2001.0
2021-01-05 09:34:21.690,0.0076,0.0076,42.0,0.0075,23.0,83942.0,2001.0
2021-01-05 09:34:21.730,0.0076,0.0076,42.0,0.0075,36.0,83942.0,2001.0
2021-01-05 09:34:22.651,0.0076,0.0076,42.0,0.0075,36.0,83942.0,2001.0
2021-01-05 09:34:23.181,0.0076,0.0076,42.0,0.0075,23.0,83942.0,2001.0
2021-01-05 09:34:24.170,0.0076,0.0076,55.0,0.0075,23.0,83942.0,2001.0
2021-01-05 09:34:24.600,0.0076,0.0076,42.0,0.0075,23.0,83942.0,2001.0
2021-01-05 09:34:25.150,0.0076,0.0076,92.0,0.0075,36.0,83942.0,2001.0
2021-01-05 09:34:26.170,0.0076,0.0076,92.0,0.0075,23.0,83942.0,2001.0
2021-01-05 09:34:26.641,0.0076,0.0076,92.0,0.0075,36.0,83942.0,2001.0
2021-01-05 09:34:27.150,0.0076,0.0076,92.0,0.0075,23.0,83942.0,2001.0
2021-01-05 09:34:27.690,0.0075,0.0076,92.0,0.0075,27.0,83933.0,2010.0
2021-01-05 09:34:28.120,0.0075,0.0076,92.0,0.0075,15.0,83921.0,2022.0
2021-01-05 09:34:28.621,0.0075,0.0075,4.0,0.0074,58.0,83919.0,2024.0
2021-01-05 09:34:29.090,0.0075,0.0075,7.0,0.0074,88.0,83919.0,2024.0
2021-01-05 09:34:30.170,0.0075,0.0075,7.0,0.0074,88.0,83919.0,2024.0
2021-01-05 09:34:30.550,0.0075,0.0076,92.0,0.0075,13.0,83912.0,2031.0
2021-01-05 09:34:31.190,0.0075,0.0076,92.0,0.0074,75.0,83912.0,2031.0
2021-01-05 09:34:31.520,0.0075,0.0076,82.0,0.0074,88.0,83912.0,2031.0
2021-01-05 09:34:32.121,0.0075,0.0076,82.0,0.0074,88.0,83912.0,2031.0
2021-01-05 09:34:33.691,0.0075,0.0076,82.0,0.0074,88.0,83912.0,2031.0
2021-01-05 09:34:34.640,0.0075,0.0076,82.0,0.0074,88.0,83912.0,2031.0
2021-01-05 09:34:35.130,0.0075,0.0076,82.0,0.0074,78.0,83912.0,2031.0
2021-01-05 09:34:35.670,0.0075,0.0076,82.0,0.0074,48.0,83912.0,2031.0
2021-01-05 09:34:37.700,0.0075,0.0076,95.0,0.0074,20.0,83912.0,2031.0
2021-01-05 09:34:38.171,0.0075,0.0076,95.0,0.0074,20.0,83912.0,2031.0
2021-01-05 09:34:38.690,0.0075,0.0076,95.0,0.0074,20.0,83912.0,2031.0
2021-01-05 09:34:39.091,0.0075,0.0075,30.0,0.0074,20.0,83912.0,2031.0
2021-01-05 09:34:39.470,0.0075,0.0075,30.0,0.0074,20.0,83912.0,2031.0
2021-01-05 09:34:40.171,0.0075,0.0075,80.0,0.0074,20.0,83912.0,2031.0
2021-01-05 09:34:40.651,0.0075,0.0075,79.0,0.0074,20.0,83913.0,2032.0
2021-01-05 09:34:41.700,0.0075,0.0075,79.0,0.0074,20.0,83913.0,2032.0
2021-01-05 09:34:42.680,0.0075,0.0075,89.0,0.0074,20.0,83913.0,2032.0
2021-01-05 09:34:43.191,0.0074,0.0075,89.0,0.0073,45.0,83893.0,2052.0
2021-01-05 09:34:43.660,0.0074,0.0075,89.0,0.0074,13.0,83893.0,2052.0
2021-01-05 09:34:44.011,0.0074,0.0075,89.0,0.0073,53.0,83893.0,2052.0
2021-01-05 09:34:44.651,0.0074,0.0075,89.0,0.0074,20.0,83893.0,2052.0
2021-01-05 09:34:45.200,0.0074,0.0075,102.0,0.0074,20.0,83893.0,2052.0
2021-01-05 09:34:45.721,0.0074,0.0075,89.0,0.0074,20.0,83893.0,2052.0
2021-01-05 09:34:46.201,0.0074,0.0075,102.0,0.0074,20.0,83893.0,2052.0
2021-01-05 09:34:46.660,0.0074,0.0075,89.0,0.0074,20.0,83893.0,2052.0
2021-01-05 09:34:47.181,0.0074,0.0075,89.0,0.0074,20.0,83893.0,2052.0
2021-01-05 09:34:49.210,0.0074,0.0075,89.0,0.0074,20.0,83893.0,2052.0
2021-01-05 09:34:49.701,0.0074,0.0075,89.0,0.0074,20.0,83893.0,2052.0
2021-01-05 09:34:50.700,0.0074,0.0075,89.0,0.0074,20.0,83893.0,2052.0
2021-01-05 09:34:51.200,0.0074,0.0075,39.0,0.0074,20.0,83893.0,2052.0
2021-01-05 09:34:51.701,0.0074,0.0075,39.0,0.0074,20.0,83893.0,2052.0
2021-01-05 09:34:52.220,0.0074,0.0074,10.0,0.0073,30.0,83873.0,2072.0
2021-01-05 09:34:52.650,0.0074,0.0074,10.0,0.0073,63.0,83873.0,2072.0
2021-01-05 09:34:53.180,0.0074,0.0074,20.0,0.0073,50.0,83873.0,2072.0
2021-01-05 09:34:53.651,0.0074,0.0074,20.0,0.0073,50.0,83873.0,2072.0
2021-01-05 09:34:54.170,0.0074,0.0074,20.0,0.0073,50.0,83873.0,2072.0
2021-01-05 09:34:54.631,0.0074,0.0074,63.0,0.0073,20.0,83873.0,2072.0
2021-01-05 09:34:54.811,0.0073,0.0073,10.0,0.0072,63.0,83873.0,2074.0
2021-01-05 09:34:55.591,0.0073,0.0073,10.0,0.0072,33.0,83873.0,2074.0
2021-01-05 09:34:56.141,0.0073,0.0073,10.0,0.0072,33.0,83873.0,2074.0
2021-01-05 09:34:56.681,0.0073,0.0073,40.0,0.0072,20.0,83873.0,2074.0
2021-01-05 09:34:57.171,0.0073,0.0073,10.0,0.0072,33.0,83873.0,2074.0
2021-01-05 09:34:57.670,0.0073,0.0073,30.0,0.0072,20.0,83873.0,2074.0
2021-01-05 09:34:58.131,0.0073,0.0073,40.0,0.0072,20.0,83873.0,2074.0
2021-01-05 09:34:58.640,0.0073,0.0073,40.0,0.0071,43.0,83873.0,2074.0
2021-01-05 09:34:59.170,0.0073,0.0073,53.0,0.0071,40.0,83873.0,2074.0
2021-01-05 09:35:00.160,0.0073,0.0073,53.0,0.0071,40.0,83873.0,2074.0
2021-01-05 09:35:00.640,0.0073,0.0073,53.0,0.007,43.0,83873.0,2074.0
2021-01-05 09:35:01.070,0.0073,0.0073,68.0,0.0071,40.0,83873.0,2074.0
2021-01-05 09:35:01.620,0.0073,0.0073,68.0,0.0071,40.0,83873.0,2074.0
2021-01-05 09:35:02.160,0.0073,0.0073,53.0,0.0071,40.0,83873.0,2074.0
2021-01-05 09:35:02.680,0.0071,0.0073,55.0,0.0071,39.0,83872.0,2075.0
2021-01-05 09:35:03.180,0.0071,0.0073,70.0,0.0071,39.0,83872.0,2075.0
2021-01-05 09:35:03.660,0.0071,0.0073,57.0,0.0071,39.0,83872.0,2075.0
2021-01-05 09:35:04.061,0.0071,0.0073,57.0,0.0071,52.0,83872.0,2075.0
2021-01-05 09:35:05.180,0.0071,0.0073,70.0,0.0071,39.0,83872.0,2075.0
2021-01-05 09:35:05.671,0.0071,0.0073,57.0,0.0071,52.0,83872.0,2075.0
2021-01-05 09:35:06.180,0.0071,0.0073,57.0,0.0071,52.0,83872.0,2075.0
2021-01-05 09:35:06.680,0.0071,0.0072,10.0,0.0071,22.0,83872.0,2075.0
2021-01-05 09:35:07.131,0.0071,0.0072,10.0,0.0071,13.0,83872.0,2075.0
2021-01-05 09:35:07.650,0.0071,0.0073,42.0,0.0071,23.0,83872.0,2075.0
2021-01-05 09:35:08.171,0.0071,0.0072,40.0,0.0071,10.0,83872.0,2075.0
2021-01-05 09:35:09.191,0.0071,0.0072,40.0,0.0071,10.0,83872.0,2075.0
2021-01-05 09:35:09.700,0.0071,0.0072,40.0,0.007,13.0,83872.0,2075.0
2021-01-05 09:35:10.180,0.0071,0.0072,40.0,0.007,13.0,83872.0,2075.0
2021-01-05 09:35:10.691,0.0071,0.0072,40.0,0.0071,10.0,83872.0,2075.0
2021-01-05 09:35:11.160,0.0071,0.0072,40.0,0.007,43.0,83862.0,2085.0
2021-01-05 09:35:11.671,0.0071,0.0072,40.0,0.007,53.0,83862.0,2085.0
2021-01-05 09:35:12.101,0.0071,0.0072,40.0,0.007,13.0,83862.0,2085.0
2021-01-05 09:35:12.691,0.0071,0.0072,40.0,0.0071,10.0,83862.0,2085.0
2021-01-05 09:35:13.160,0.0071,0.0072,30.0,0.007,43.0,83862.0,2085.0
2021-01-05 09:35:13.371,0.0071,0.0073,57.0,0.0071,30.0,83862.0,2085.0
2021-01-05 09:35:14.191,0.0071,0.0073,57.0,0.0071,43.0,83862.0,2085.0
2021-01-05 09:35:14.700,0.0071,0.0073,12.0,0.0071,53.0,83862.0,2085.0
2021-01-05 09:35:15.200,0.0071,0.0073,12.0,0.0071,53.0,83862.0,2085.0
2021-01-05 09:35:15.701,0.0071,0.0072,10.0,0.0071,40.0,83862.0,2085.0
2021-01-05 09:35:16.201,0.0071,0.0072,10.0,0.0071,40.0,83862.0,2085.0
2021-01-05 09:35:16.681,0.0071,0.0073,42.0,0.0071,53.0,83862.0,2085.0
2021-01-05 09:35:17.190,0.0071,0.0073,42.0,0.0071,68.0,83862.0,2085.0
2021-01-05 09:35:17.680,0.0071,0.0073,42.0,0.0071,53.0,83862.0,2085.0
2021-01-05 09:35:18.641,0.0071,0.0073,32.0,0.0071,53.0,83862.0,2085.0
2021-01-05 09:35:19.641,0.0071,0.0073,42.0,0.0071,72.0,83862.0,2086.0
2021-01-05 09:35:20.690,0.0071,0.0073,55.0,0.0071,59.0,83862.0,2086.0
2021-01-05 09:35:21.180,0.0071,0.0072,10.0,0.0071,49.0,83862.0,2086.0
2021-01-05 09:35:21.601,0.0071,0.0073,45.0,0.0071,20.0,83862.0,2086.0
2021-01-05 09:35:22.020,0.0071,0.0072,40.0,0.0071,33.0,83862.0,2086.0
2021-01-05 09:35:22.650,0.0071,0.0072,40.0,0.0071,33.0,83862.0,2086.0
2021-01-05 09:35:23.680,0.0071,0.0072,40.0,0.0071,20.0,83862.0,2086.0
2021-01-05 09:35:24.171,0.0071,0.0072,25.0,0.0071,50.0,83862.0,2086.0
2021-01-05 09:35:24.671,0.0071,0.0072,10.0,0.0071,20.0,83862.0,2086.0
2021-01-05 09:35:25.170,0.0071,0.0072,23.0,0.0071,20.0,83862.0,2086.0
2021-01-05 09:35:25.660,0.0071,0.0072,55.0,0.0071,20.0,83862.0,2086.0
2021-01-05 09:35:26.160,0.0071,0.0072,40.0,0.0071,20.0,83862.0,2086.0
2021-01-05 09:35:26.651,0.0071,0.0072,40.0,0.007,43.0,83862.0,2086.0
2021-01-05 09:35:27.120,0.0071,0.0072,40.0,0.007,53.0,83862.0,2086.0
2021-01-05 09:35:27.641,0.0071,0.0072,40.0,0.007,53.0,83862.0,2086.0
2021-01-05 09:35:30.121,0.0071,0.0072,40.0,0.007,53.0,83862.0,2086.0
2021-01-05 09:35:30.690,0.0071,0.0072,45.0,0.007,53.0,83862.0,2086.0
2021-01-05 09:35:31.170,0.0071,0.0072,52.0,0.007,53.0,83862.0,2086.0
2021-01-05 09:35:31.301,0.0071,0.0072,64.0,0.007,53.0,83862.0,2086.0
2021-01-05 09:35:32.150,0.0071,0.0072,70.0,0.007,53.0,83862.0,2086.0
2021-01-05 09:35:33.191,0.0071,0.0072,70.0,0.007,53.0,83862.0,2086.0
2021-01-05 09:35:33.650,0.0071,0.0071,10.0,0.007,43.0,83862.0,2086.0
2021-01-05 09:35:34.190,0.0071,0.0071,10.0,0.007,43.0,83862.0,2086.0
2021-01-05 09:35:34.611,0.0071,0.0071,10.0,0.007,43.0,83862.0,2086.0
2021-01-05 09:35:35.200,0.0071,0.0072,70.0,0.007,43.0,83862.0,2086.0
2021-01-05 09:35:35.600,0.0071,0.0071,10.0,0.007,13.0,83862.0,2086.0
2021-01-05 09:35:36.101,0.0071,0.0071,12.0,0.007,13.0,83862.0,2086.0
2021-01-05 09:35:37.171,0.0071,0.0071,12.0,0.0069,84.0,83862.0,2086.0
2021-01-05 09:35:37.640,0.007,0.0071,12.0,0.007,13.0,83859.0,2089.0
2021-01-05 09:35:37.940,0.007,0.0071,16.0,0.007,13.0,83859.0,2089.0
2021-01-05 09:35:38.651,0.007,0.0071,6.0,0.007,43.0,83859.0,2089.0
2021-01-05 09:35:39.140,0.007,0.0071,6.0,0.007,43.0,83859.0,2089.0
2021-01-05 09:35:39.690,0.007,0.0071,4.0,0.007,53.0,83859.0,2089.0
2021-01-05 09:35:40.691,0.007,0.0071,15.0,0.007,68.0,83859.0,2089.0
2021-01-05 09:35:41.190,0.007,0.0071,15.0,0.007,68.0,83859.0,2089.0
2021-01-05 09:35:41.680,0.007,0.0071,15.0,0.007,68.0,83857.0,2091.0
2021-01-05 09:35:41.970,0.007,0.0071,21.0,0.007,25.0,83799.0,2149.0
2021-01-05 09:35:42.621,0.007,0.0071,21.0,0.007,34.0,83763.0,2195.0
2021-01-05 09:35:43.190,0.007,0.0071,21.0,0.007,45.0,83763.0,2195.0
2021-01-05 09:35:43.661,0.007,0.0071,37.0,0.007,45.0,83763.0,2195.0
2021-01-05 09:35:44.101,0.007,0.0071,47.0,0.007,45.0,83763.0,2195.0
2021-01-05 09:35:44.681,0.007,0.0071,36.0,0.0069,71.0,83763.0,2195.0
2021-01-05 09:35:45.071,0.007,0.0071,39.0,0.0069,81.0,83763.0,2195.0
2021-01-05 09:35:45.670,0.007,0.0071,39.0,0.0069,79.0,83763.0,2195.0
2021-01-05 09:35:46.141,0.007,0.0071,39.0,0.0069,94.0,83763.0,2195.0
2021-01-05 09:35:46.700,0.007,0.007,11.0,0.0069,94.0,83763.0,2195.0
2021-01-05 09:35:47.201,0.007,0.007,11.0,0.0069,94.0,83763.0,2195.0
2021-01-05 09:35:48.181,0.007,0.007,11.0,0.0069,79.0,83763.0,2195.0
2021-01-05 09:35:48.700,0.0069,0.007,18.0,0.0069,91.0,83760.0,2198.0
2021-01-05 09:35:49.001,0.0069,0.007,18.0,0.0069,76.0,83760.0,2198.0
2021-01-05 09:35:50.150,0.0069,0.007,18.0,0.0069,76.0,83760.0,2198.0
2021-01-05 09:35:50.680,0.0069,0.007,7.0,0.0069,50.0,83734.0,2224.0
2021-01-05 09:35:51.180,0.0069,0.007,7.0,0.0069,50.0,83734.0,2224.0
2021-01-05 09:35:51.710,0.0069,0.007,12.0,0.0069,70.0,83734.0,2224.0
2021-01-05 09:35:52.190,0.0069,0.007,12.0,0.0069,59.0,83723.0,2235.0
2021-01-05 09:35:53.111,0.0069,0.007,12.0,0.0069,59.0,83723.0,2235.0
2021-01-05 09:35:53.570,0.0069,0.007,5.0,0.0069,74.0,83723.0,2235.0
2021-01-05 09:35:54.640,0.0069,0.007,5.0,0.0069,74.0,83723.0,2235.0
2021-01-05 09:35:55.181,0.007,0.0072,70.0,0.007,8.0,83718.0,2240.0
2021-01-05 09:35:55.691,0.0069,0.0072,70.0,0.007,13.0,83706.0,2252.0
2021-01-05 09:35:56.140,0.0069,0.0072,70.0,0.007,53.0,83706.0,2252.0
2021-01-05 09:35:56.690,0.0069,0.0072,83.0,0.007,40.0,83706.0,2252.0
2021-01-05 09:35:57.060,0.0069,0.0072,70.0,0.007,53.0,83706.0,2252.0
2021-01-05 09:35:57.681,0.0069,0.0072,70.0,0.007,53.0,83706.0,2252.0
2021-01-05 09:35:58.150,0.0069,0.0072,70.0,0.007,53.0,83706.0,2252.0
2021-01-05 09:35:58.701,0.0069,0.0071,2.0,0.007,53.0,83706.0,2252.0
2021-01-05 09:35:59.160,0.0069,0.0071,2.0,0.007,53.0,83706.0,2252.0
2021-01-05 09:36:00.201,0.0069,0.0071,2.0,0.007,63.0,83706.0,2252.0
2021-01-05 09:36:00.680,0.0069,0.0071,2.0,0.007,63.0,83706.0,2252.0
2021-01-05 09:36:01.181,0.0069,0.0071,2.0,0.007,63.0,83706.0,2252.0
2021-01-05 09:36:01.671,0.0069,0.0071,2.0,0.007,63.0,83706.0,2252.0
2021-01-05 09:36:02.170,0.0069,0.0071,2.0,0.007,68.0,83706.0,2252.0
2021-01-05 09:36:02.701,0.0069,0.0071,2.0,0.007,68.0,83706.0,2252.0
2021-01-05 09:36:03.200,0.0071,0.0072,30.0,0.0071,28.0,83704.0,2254.0
2021-01-05 09:36:03.700,0.0071,0.0072,30.0,0.0071,45.0,83704.0,2254.0
2021-01-05 09:36:04.161,0.0071,0.0072,30.0,0.0071,58.0,83704.0,2254.0
2021-01-05 09:36:04.670,0.0071,0.0072,30.0,0.0071,45.0,83704.0,2254.0
2021-01-05 09:36:05.150,0.0071,0.0072,30.0,0.0071,45.0,83704.0,2254.0
2021-01-05 09:36:05.690,0.0071,0.0072,30.0,0.0071,45.0,83704.0,2254.0
2021-01-05 09:36:06.180,0.0071,0.0072,30.0,0.0071,58.0,83704.0,2254.0
2021-01-05 09:36:06.700,0.0071,0.0072,30.0,0.0071,58.0,83704.0,2254.0
2021-01-05 09:36:09.161,0.0072,0.0072,27.0,0.0071,58.0,83701.0,2257.0
2021-01-05 09:36:09.691,0.0072,0.0072,27.0,0.0071,58.0,83701.0,2257.0
2021-01-05 09:36:10.160,0.0072,0.0072,27.0,0.0071,58.0,83701.0,2257.0
2021-01-05 09:36:10.671,0.0072,0.0072,27.0,0.0071,68.0,83701.0,2257.0
2021-01-05 09:36:11.180,0.0072,0.0072,27.0,0.0071,68.0,83701.0,2257.0
2021-01-05 09:36:11.651,0.0072,0.0072,27.0,0.0071,68.0,83701.0,2257.0
2021-01-05 09:36:12.181,0.0072,0.0072,27.0,0.0071,88.0,83701.0,2257.0
2021-01-05 09:36:12.690,0.0072,0.0072,27.0,0.0071,73.0,83701.0,2257.0
2021-01-05 09:36:13.190,0.0072,0.0073,72.0,0.0071,73.0,83674.0,2284.0
2021-01-05 09:36:13.680,0.0072,0.0073,72.0,0.0071,88.0,83674.0,2284.0
2021-01-05 09:36:14.150,0.0072,0.0073,72.0,0.0071,88.0,83674.0,2284.0
2021-01-05 09:36:14.690,0.0072,0.0073,72.0,0.0071,73.0,83674.0,2284.0
2021-01-05 09:36:15.170,0.0072,0.0073,72.0,0.0071,88.0,83674.0,2284.0
2021-01-05 09:36:15.660,0.0072,0.0073,72.0,0.0071,73.0,83674.0,2284.0
2021-01-05 09:36:16.150,0.0072,0.0073,72.0,0.0071,60.0,83674.0,2284.0
2021-01-05 09:36:16.650,0.0072,0.0072,10.0,0.0071,60.0,83674.0,2284.0
2021-01-05 09:36:17.180,0.0072,0.0072,10.0,0.0071,73.0,83674.0,2284.0
2021-01-05 09:36:17.651,0.0072,0.0072,10.0,0.0071,73.0,83674.0,2284.0
2021-01-05 09:36:18.181,0.0072,0.0072,10.0,0.0071,73.0,83674.0,2284.0
2021-01-05 09:36:18.651,0.0072,0.0072,10.0,0.0071,73.0,83674.0,2284.0
2021-01-05 09:36:19.151,0.0072,0.0072,10.0,0.0071,73.0,83674.0,2284.0
2021-01-05 09:36:19.691,0.0072,0.0072,10.0,0.0071,73.0,83674.0,2284.0
2021-01-05 09:36:20.161,0.0071,0.0072,10.0,0.0071,43.0,83644.0,2314.0
2021-01-05 09:36:20.680,0.0071,0.0072,10.0,0.0071,73.0,83644.0,2314.0
2021-01-05 09:36:21.120,0.0072,0.0072,7.0,0.0071,88.0,83644.0,2317.0
2021-01-05 09:36:21.691,0.0072,0.0073,82.0,0.0071,88.0,83644.0,2317.0
2021-01-05 09:36:22.171,0.0072,0.0072,10.0,0.0071,88.0,83644.0,2317.0
2021-01-05 09:36:22.680,0.0072,0.0072,10.0,0.0071,88.0,83644.0,2317.0
2021-01-05 09:36:23.681,0.0072,0.0072,20.0,0.0071,88.0,83644.0,2317.0
2021-01-05 09:36:24.171,0.0072,0.0072,10.0,0.0071,88.0,83644.0,2317.0
2021-01-05 09:36:24.701,0.0072,0.0073,72.0,0.0072,3.0,83644.0,2327.0
2021-01-05 09:36:24.970,0.0071,0.0073,72.0,0.0071,19.0,83645.0,2328.0
2021-01-05 09:36:25.650,0.0071,0.0073,72.0,0.0071,42.0,83645.0,2328.0
2021-01-05 09:36:26.171,0.0071,0.0073,72.0,0.0071,32.0,83645.0,2328.0
2021-01-05 09:36:26.651,0.0071,0.0072,30.0,0.0071,15.0,83649.0,2332.0
2021-01-05 09:36:27.070,0.0071,0.0072,30.0,0.0071,12.0,83652.0,2335.0
2021-01-05 09:36:27.690,0.0071,0.0072,30.0,0.0071,12.0,83652.0,2335.0
2021-01-05 09:36:28.120,0.0071,0.0072,30.0,0.0071,12.0,83652.0,2335.0
2021-01-05 09:36:28.681,0.0071,0.0072,70.0,0.0071,12.0,83652.0,2335.0
2021-01-05 09:36:29.171,0.0071,0.0072,60.0,0.0071,11.0,83653.0,2336.0
2021-01-05 09:36:29.661,0.0071,0.0072,60.0,0.0071,11.0,83653.0,2336.0
2021-01-05 09:36:30.161,0.0071,0.0072,70.0,0.0071,1.0,83663.0,2346.0
2021-01-05 09:36:30.700,0.0071,0.0072,60.0,0.0071,1.0,83663.0,2346.0
2021-01-05 09:36:31.690,0.0071,0.0072,60.0,0.0071,14.0,83663.0,2346.0
2021-01-05 09:36:32.660,0.0071,0.0072,70.0,0.0071,14.0,83663.0,2346.0
2021-01-05 09:36:33.200,0.0071,0.0072,60.0,0.0071,29.0,83663.0,2346.0
2021-01-05 09:36:33.680,0.0071,0.0072,70.0,0.0071,29.0,83663.0,2346.0
2021-01-05 09:36:35.150,0.0072,0.0072,30.0,0.0071,14.0,83633.0,2376.0
2021-01-05 09:36:35.701,0.0072,0.0072,40.0,0.0071,16.0,83633.0,2376.0
2021-01-05 09:36:36.191,0.0072,0.0072,48.0,0.0071,16.0,83633.0,2378.0
2021-01-05 09:36:36.700,0.0072,0.0072,48.0,0.0071,1.0,83633.0,2378.0
2021-01-05 09:36:37.190,0.0072,0.0072,48.0,0.0071,29.0,83633.0,2378.0
2021-01-05 09:36:37.691,0.0072,0.0072,48.0,0.0071,29.0,83633.0,2378.0
2021-01-05 09:36:38.120,0.0072,0.0072,48.0,0.0071,29.0,83633.0,2378.0
2021-01-05 09:36:38.640,0.0072,0.0072,38.0,0.0071,29.0,83633.0,2378.0
2021-01-05 09:36:40.191,0.0072,0.0072,28.0,0.0071,29.0,83633.0,2378.0
2021-01-05 09:36:40.700,0.0072,0.0072,38.0,0.0071,29.0,83633.0,2378.0
2021-01-05 09:36:41.201,0.0072,0.0072,38.0,0.0071,39.0,83633.0,2378.0
2021-01-05 09:36:41.641,0.0072,0.0072,28.0,0.0071,39.0,83633.0,2378.0
2021-01-05 09:36:43.180,0.0072,0.0072,38.0,0.0071,39.0,83633.0,2378.0
2021-01-05 09:36:45.191,0.0072,0.0072,38.0,0.0071,24.0,83633.0,2378.0
2021-01-05 09:36:46.190,0.0072,0.0072,48.0,0.0071,1.0,83633.0,2378.0
2021-01-05 09:36:47.130,0.0072,0.0072,38.0,0.0071,1.0,83633.0,2378.0
2021-01-05 09:36:47.660,0.0072,0.0072,48.0,0.0071,1.0,83633.0,2378.0
2021-01-05 09:36:48.130,0.0072,0.0072,48.0,0.0071,1.0,83633.0,2378.0
2021-01-05 09:36:48.630,0.0072,0.0072,38.0,0.0071,1.0,83633.0,2378.0
2021-01-05 09:36:49.181,0.0072,0.0072,48.0,0.0071,1.0,83633.0,2378.0
2021-01-05 09:36:49.700,0.0072,0.0072,48.0,0.0071,1.0,83633.0,2378.0
2021-01-05 09:36:50.201,0.0072,0.0072,48.0,0.0071,1.0,83633.0,2378.0
2021-01-05 09:36:50.670,0.0072,0.0072,38.0,0.0071,1.0,83633.0,2378.0
2021-01-05 09:36:51.171,0.0072,0.0072,38.0,0.0071,1.0,83633.0,2378.0
2021-01-05 09:36:51.671,0.0072,0.0072,48.0,0.0071,1.0,83633.0,2378.0
2021-01-05 09:36:52.180,0.0072,0.0072,43.0,0.0071,1.0,83633.0,2383.0
2021-01-05 09:36:52.670,0.0072,0.0072,43.0,0.0071,1.0,83633.0,2383.0
2021-01-05 09:36:53.680,0.0071,0.0072,33.0,0.007,69.0,83634.0,2384.0
2021-01-05 09:36:54.180,0.0071,0.0072,41.0,0.007,89.0,83634.0,2384.0
2021-01-05 09:36:54.631,0.0071,0.0072,47.0,0.007,89.0,83634.0,2384.0
2021-01-05 09:36:55.141,0.007,0.0072,60.0,0.007,88.0,83634.0,2385.0
2021-01-05 09:36:55.651,0.007,0.0072,63.0,0.007,98.0,83634.0,2385.0
2021-01-05 09:36:56.141,0.007,0.0072,63.0,0.007,98.0,83634.0,2385.0
2021-01-05 09:36:56.691,0.007,0.0072,63.0,0.007,98.0,83634.0,2385.0
2021-01-05 09:36:57.630,0.007,0.0072,63.0,0.0071,13.0,83634.0,2385.0
2021-01-05 09:36:58.160,0.007,0.0072,63.0,0.0071,20.0,83634.0,2385.0
2021-01-05 09:36:58.610,0.007,0.0072,63.0,0.0071,33.0,83634.0,2385.0
2021-01-05 09:36:59.181,0.007,0.0072,63.0,0.007,98.0,83634.0,2385.0
2021-01-05 09:36:59.690,0.007,0.0072,63.0,0.007,85.0,83634.0,2385.0
2021-01-05 09:37:00.160,0.007,0.0072,63.0,0.0071,13.0,83634.0,2385.0
2021-01-05 09:37:00.700,0.007,0.0072,63.0,0.0071,13.0,83634.0,2385.0
2021-01-05 09:37:01.630,0.007,0.0072,63.0,0.0071,23.0,83634.0,2385.0
2021-01-05 09:37:02.191,0.007,0.0072,53.0,0.0071,23.0,83634.0,2385.0
2021-01-05 09:37:02.610,0.007,0.0072,30.0,0.0071,83.0,83634.0,2385.0
2021-01-05 09:37:03.151,0.007,0.0072,40.0,0.0071,63.0,83634.0,2385.0
2021-01-05 09:37:03.630,0.007,0.0072,30.0,0.0071,98.0,83634.0,2385.0
2021-01-05 09:37:04.200,0.007,0.0072,30.0,0.0071,78.0,83634.0,2385.0
2021-01-05 09:37:05.140,0.007,0.0072,30.0,0.0071,78.0,83634.0,2385.0
2021-01-05 09:37:05.701,0.007,0.0073,92.0,0.0071,78.0,83634.0,2385.0
2021-01-05 09:37:06.171,0.007,0.0072,2.0,0.0071,78.0,83634.0,2385.0
2021-01-05 09:37:06.700,0.0072,0.0073,62.0,0.0072,13.0,83632.0,2387.0
2021-01-05 09:37:07.180,0.0072,0.0073,72.0,0.0071,78.0,83632.0,2387.0
2021-01-05 09:37:07.681,0.0072,0.0073,102.0,0.0071,78.0,83632.0,2387.0
2021-01-05 09:37:08.200,0.0072,0.0073,92.0,0.0071,68.0,83632.0,2387.0
2021-01-05 09:37:08.630,0.0072,0.0073,102.0,0.0071,68.0,83632.0,2387.0
2021-01-05 09:37:09.170,0.0072,0.0073,102.0,0.0071,68.0,83632.0,2387.0
2021-01-05 09:37:10.121,0.0072,0.0073,102.0,0.0071,81.0,83632.0,2387.0
2021-01-05 09:37:10.701,0.0072,0.0073,92.0,0.0071,81.0,83632.0,2387.0
2021-01-05 09:37:11.700,0.0072,0.0073,92.0,0.0071,65.0,83632.0,2387.0
2021-01-05 09:37:12.131,0.0072,0.0073,105.0,0.0071,65.0,83632.0,2387.0
2021-01-05 09:37:12.620,0.0072,0.0073,115.0,0.0071,40.0,83632.0,2387.0
2021-01-05 09:37:13.181,0.0072,0.0073,72.0,0.0071,63.0,83632.0,2387.0
2021-01-05 09:37:13.681,0.0072,0.0072,10.0,0.0071,53.0,83632.0,2387.0
2021-01-05 09:37:14.171,0.0072,0.0072,10.0,0.0071,88.0,83632.0,2387.0
2021-01-05 09:37:14.701,0.0072,0.0072,10.0,0.0071,73.0,83632.0,2387.0
2021-01-05 09:37:15.160,0.0072,0.0072,20.0,0.0071,53.0,83632.0,2387.0
2021-01-05 09:37:15.700,0.0072,0.0072,20.0,0.0071,73.0,83632.0,2387.0
2021-01-05 09:37:16.201,0.0072,0.0072,20.0,0.0071,60.0,83632.0,2387.0
2021-01-05 09:37:16.461,0.0072,0.0073,102.0,0.0071,73.0,83632.0,2387.0
2021-01-05 09:37:17.200,0.0072,0.0073,102.0,0.0071,88.0,83632.0,2387.0
2021-01-05 09:37:17.671,0.0072,0.0073,102.0,0.0071,73.0,83632.0,2387.0
2021-01-05 09:37:17.740,0.0072,0.0073,102.0,0.0071,73.0,83632.0,2387.0
2021-01-05 09:37:18.891,0.0072,0.0072,10.0,0.0071,50.0,83632.0,2387.0
2021-01-05 09:37:19.711,0.0072,0.0072,10.0,0.0071,50.0,83632.0,2387.0
2021-01-05 09:37:19.940,0.0072,0.0072,10.0,0.0071,50.0,83632.0,2387.0
2021-01-05 09:37:20.691,0.0072,0.0072,10.0,0.0071,63.0,83632.0,2387.0
2021-01-05 09:37:21.200,0.0072,0.0072,10.0,0.0071,73.0,83632.0,2387.0
2021-01-05 09:37:23.150,0.0072,0.0073,107.0,0.0071,73.0,83632.0,2387.0
2021-01-05 09:37:23.701,0.0072,0.0073,107.0,0.0071,73.0,83632.0,2387.0
2021-01-05 09:37:24.080,0.0071,0.0072,10.0,0.0071,63.0,83632.0,2397.0
2021-01-05 09:37:24.631,0.0071,0.0073,107.0,0.0071,63.0,83632.0,2397.0
2021-01-05 09:37:25.200,0.0071,0.0073,107.0,0.0071,63.0,83632.0,2397.0
2021-01-05 09:37:25.670,0.0071,0.0073,107.0,0.0071,63.0,83632.0,2397.0
2021-01-05 09:37:26.650,0.0071,0.0073,107.0,0.0071,63.0,83632.0,2397.0
2021-01-05 09:37:29.130,0.0071,0.0072,10.0,0.0071,63.0,83632.0,2397.0
2021-01-05 09:37:29.691,0.0071,0.0072,10.0,0.0071,63.0,83632.0,2397.0
2021-01-05 09:37:30.191,0.0071,0.0073,107.0,0.0071,63.0,83632.0,2397.0
2021-01-05 09:37:30.650,0.0071,0.0072,10.0,0.0071,50.0,83632.0,2397.0
2021-01-05 09:37:31.190,0.0071,0.0072,10.0,0.0071,63.0,83632.0,2397.0
2021-01-05 09:37:31.691,0.0071,0.0072,10.0,0.0071,50.0,83632.0,2397.0
2021-01-05 09:37:32.181,0.0071,0.0072,20.0,0.0071,63.0,83632.0,2397.0
2021-01-05 09:37:32.651,0.0071,0.0072,20.0,0.0071,40.0,83632.0,2397.0
2021-01-05 09:37:33.180,0.0071,0.0072,20.0,0.007,63.0,83632.0,2397.0
2021-01-05 09:37:33.591,0.0071,0.0072,20.0,0.007,75.0,83632.0,2397.0
2021-01-05 09:37:34.200,0.0071,0.0072,20.0,0.0071,13.0,83632.0,2397.0
2021-01-05 09:37:34.500,0.0071,0.0072,10.0,0.0071,13.0,83632.0,2397.0
2021-01-05 09:37:35.650,0.0071,0.0072,10.0,0.0071,13.0,83632.0,2397.0
2021-01-05 09:37:36.200,0.0071,0.0072,10.0,0.0071,28.0,83632.0,2397.0
2021-01-05 09:37:36.671,0.0071,0.0072,10.0,0.0071,48.0,83632.0,2397.0
2021-01-05 09:37:37.180,0.0071,0.0072,10.0,0.0071,48.0,83632.0,2397.0
2021-01-05 09:37:37.691,0.0071,0.0073,107.0,0.0071,58.0,83632.0,2397.0
2021-01-05 09:37:38.651,0.0071,0.0073,107.0,0.0071,78.0,83632.0,2397.0
2021-01-05 09:37:39.170,0.0071,0.0073,107.0,0.0071,88.0,83632.0,2397.0
2021-01-05 09:37:40.701,0.0073,0.0073,97.0,0.0072,33.0,83632.0,2407.0
2021-01-05 09:37:41.131,0.0073,0.0073,97.0,0.0072,20.0,83632.0,2407.0
2021-01-05 09:37:41.671,0.0072,0.0073,97.0,0.0072,2.0,83632.0,2425.0
2021-01-05 09:37:42.130,0.0072,0.0073,97.0,0.0072,2.0,83632.0,2425.0
2021-01-05 09:37:42.691,0.0072,0.0073,97.0,0.0072,2.0,83632.0,2425.0
2021-01-05 09:37:43.181,0.0072,0.0073,97.0,0.0072,2.0,83632.0,2425.0
2021-01-05 09:37:43.640,0.0072,0.0073,57.0,0.0072,2.0,83632.0,2425.0
2021-01-05 09:37:44.190,0.0072,0.0073,67.0,0.0072,2.0,83632.0,2425.0
2021-01-05 09:37:44.651,0.0072,0.0073,67.0,0.0072,15.0,83632.0,2425.0
2021-01-05 09:37:45.650,0.0072,0.0073,67.0,0.0072,45.0,83632.0,2425.0
2021-01-05 09:37:46.601,0.0072,0.0073,67.0,0.0072,32.0,83632.0,2425.0
2021-01-05 09:37:47.210,0.0072,0.0073,67.0,0.0072,32.0,83632.0,2425.0
2021-01-05 09:37:47.661,0.0072,0.0073,67.0,0.0072,15.0,83632.0,2425.0
2021-01-05 09:37:48.201,0.0072,0.0073,67.0,0.0072,15.0,83632.0,2425.0
2021-01-05 09:37:48.691,0.0072,0.0073,67.0,0.0072,15.0,83632.0,2425.0
2021-01-05 09:37:49.190,0.0072,0.0073,97.0,0.0072,15.0,83632.0,2425.0
2021-01-05 09:37:49.670,0.0072,0.0073,97.0,0.0072,15.0,83632.0,2425.0
2021-01-05 09:37:50.220,0.0072,0.0072,7.0,0.0071,78.0,83632.0,2427.0
2021-01-05 09:37:50.681,0.0072,0.0072,7.0,0.0071,83.0,83632.0,2427.0
2021-01-05 09:37:51.691,0.0072,0.0072,17.0,0.0071,50.0,83632.0,2427.0
2021-01-05 09:37:52.191,0.0072,0.0072,7.0,0.0071,63.0,83632.0,2427.0
2021-01-05 09:37:52.631,0.0072,0.0072,17.0,0.0071,50.0,83632.0,2427.0
2021-01-05 09:37:53.680,0.0072,0.0072,30.0,0.0071,50.0,83632.0,2427.0
2021-01-05 09:37:53.841,0.0072,0.0072,17.0,0.0071,50.0,83632.0,2427.0
2021-01-05 09:37:56.121,0.0071,0.0072,17.0,0.0071,40.0,83632.0,2437.0
2021-01-05 09:37:56.611,0.0071,0.0072,17.0,0.0071,53.0,83632.0,2437.0
2021-01-05 09:37:57.170,0.0071,0.0072,17.0,0.0071,40.0,83632.0,2437.0
2021-01-05 09:37:57.601,0.0072,0.0072,5.0,0.0071,73.0,83634.0,2439.0
2021-01-05 09:37:58.141,0.0072,0.0072,15.0,0.0071,60.0,83634.0,2439.0
2021-01-05 09:37:58.640,0.0072,0.0072,15.0,0.0071,40.0,83634.0,2439.0
2021-01-05 09:37:59.161,0.0072,0.0072,15.0,0.0071,53.0,83634.0,2439.0
2021-01-05 09:38:00.131,0.0072,0.0072,45.0,0.0071,33.0,83634.0,2439.0
2021-01-05 09:38:00.680,0.0072,0.0072,45.0,0.007,58.0,83634.0,2439.0
2021-01-05 09:38:01.180,0.0072,0.0072,45.0,0.007,58.0,83634.0,2439.0
2021-01-05 09:38:01.681,0.0072,0.0072,45.0,0.007,58.0,83634.0,2439.0
2021-01-05 09:38:02.190,0.0072,0.0071,10.0,0.007,58.0,83634.0,2439.0
2021-01-05 09:38:02.680,0.0072,0.0072,55.0,0.007,58.0,83634.0,2439.0
2021-01-05 09:38:02.841,0.0072,0.0071,10.0,0.007,58.0,83634.0,2439.0
2021-01-05 09:38:04.190,0.007,0.0071,10.0,0.007,48.0,83644.0,2449.0
2021-01-05 09:38:04.680,0.007,0.0071,10.0,0.007,48.0,83644.0,2449.0
2021-01-05 09:38:05.181,0.007,0.0071,20.0,0.007,48.0,83644.0,2449.0
2021-01-05 09:38:05.681,0.007,0.0071,10.0,0.007,48.0,83644.0,2449.0
2021-01-05 09:38:06.151,0.007,0.0071,20.0,0.007,33.0,83644.0,2449.0
2021-01-05 09:38:06.691,0.007,0.0071,20.0,0.007,5.0,83644.0,2449.0
2021-01-05 09:38:07.200,0.007,0.0071,50.0,0.007,5.0,83644.0,2449.0
2021-01-05 09:38:07.690,0.007,0.0071,50.0,0.007,5.0,83644.0,2449.0
2021-01-05 09:38:08.151,0.007,0.0071,50.0,0.007,5.0,83644.0,2449.0
2021-01-05 09:38:09.160,0.007,0.0071,50.0,0.007,5.0,83644.0,2449.0
2021-01-05 09:38:09.681,0.007,0.0071,40.0,0.0069,43.0,83649.0,2454.0
2021-01-05 09:38:10.180,0.007,0.0071,40.0,0.0069,53.0,83649.0,2454.0
2021-01-05 09:38:10.670,0.007,0.0071,50.0,0.0069,23.0,83649.0,2454.0
2021-01-05 09:38:11.141,0.007,0.0071,50.0,0.0069,23.0,83649.0,2454.0
2021-01-05 09:38:11.701,0.007,0.0071,50.0,0.0069,23.0,83649.0,2454.0
2021-01-05 09:38:12.191,0.007,0.0071,40.0,0.0069,53.0,83649.0,2454.0
2021-01-05 09:38:12.531,0.007,0.0071,50.0,0.0069,40.0,83649.0,2454.0
2021-01-05 09:38:13.110,0.007,0.0071,78.0,0.0069,40.0,83649.0,2454.0
2021-01-05 09:38:13.690,0.007,0.0071,78.0,0.0069,40.0,83649.0,2454.0
2021-01-05 09:38:14.141,0.007,0.0071,78.0,0.0069,40.0,83649.0,2454.0
2021-01-05 09:38:14.691,0.007,0.007,30.0,0.0069,10.0,83649.0,2454.0
2021-01-05 09:38:15.150,0.0069,0.007,40.0,0.0069,8.0,83647.0,2456.0
2021-01-05 09:38:15.730,0.0069,0.0069,2.0,0.0068,14.0,83647.0,2464.0
2021-01-05 09:38:16.210,0.0069,0.007,40.0,0.0068,54.0,83647.0,2464.0
2021-01-05 09:38:16.731,0.0069,0.007,40.0,0.0068,14.0,83647.0,2464.0
2021-01-05 09:38:17.190,0.0069,0.007,65.0,0.0068,44.0,83647.0,2464.0
2021-01-05 09:38:17.701,0.0069,0.007,65.0,0.0068,24.0,83647.0,2464.0
2021-01-05 09:38:18.231,0.0069,0.007,50.0,0.0068,54.0,83647.0,2464.0
2021-01-05 09:38:18.310,0.0069,0.007,50.0,0.0068,24.0,83647.0,2464.0
2021-01-05 09:38:19.230,0.0069,0.0069,30.0,0.0068,24.0,83647.0,2464.0
2021-01-05 09:38:19.670,0.0069,0.0069,27.0,0.0068,24.0,83650.0,2467.0
2021-01-05 09:38:20.231,0.0069,0.0069,37.0,0.0068,44.0,83650.0,2467.0
2021-01-05 09:38:20.690,0.0069,0.0069,37.0,0.0068,44.0,83650.0,2467.0
2021-01-05 09:38:21.670,0.0069,0.0069,37.0,0.0068,14.0,83650.0,2467.0
2021-01-05 09:38:22.210,0.0069,0.0069,37.0,0.0068,14.0,83650.0,2467.0
2021-01-05 09:38:22.661,0.0069,0.0069,37.0,0.0068,14.0,83650.0,2467.0
2021-01-05 09:38:23.201,0.0069,0.0069,37.0,0.0068,14.0,83650.0,2467.0
2021-01-05 09:38:23.681,0.0069,0.0069,37.0,0.0068,14.0,83650.0,2467.0
2021-01-05 09:38:24.141,0.0069,0.0069,37.0,0.0068,14.0,83650.0,2467.0
2021-01-05 09:38:24.690,0.0069,0.0069,37.0,0.0068,14.0,83650.0,2467.0
2021-01-05 09:38:25.101,0.0069,0.0069,35.0,0.0068,14.0,83650.0,2469.0
2021-01-05 09:38:25.700,0.0069,0.0069,35.0,0.0068,14.0,83650.0,2469.0
2021-01-05 09:38:26.100,0.0069,0.0069,45.0,0.0068,14.0,83650.0,2469.0
2021-01-05 09:38:26.701,0.0069,0.0069,35.0,0.0068,1.0,83650.0,2469.0
2021-01-05 09:38:27.151,0.0069,0.0069,35.0,0.0068,15.0,83650.0,2469.0
2021-01-05 09:38:27.691,0.0069,0.0069,35.0,0.0068,2.0,83650.0,2469.0
2021-01-05 09:38:28.171,0.0069,0.0069,45.0,0.0068,2.0,83650.0,2469.0
2021-01-05 09:38:28.680,0.0069,0.0069,35.0,0.0068,15.0,83650.0,2469.0
2021-01-05 09:38:29.191,0.0069,0.0069,25.0,0.0068,15.0,83650.0,2469.0
2021-01-05 09:38:29.641,0.0069,0.0069,35.0,0.0068,15.0,83650.0,2469.0
2021-01-05 09:38:30.190,0.0069,0.0069,35.0,0.0068,2.0,83650.0,2469.0
2021-01-05 09:38:30.670,0.0069,0.0069,35.0,0.0068,15.0,83650.0,2469.0
2021-01-05 09:38:31.640,0.0069,0.0069,35.0,0.0068,2.0,83650.0,2469.0
2021-01-05 09:38:32.090,0.0069,0.0069,45.0,0.0068,2.0,83650.0,2469.0
2021-01-05 09:38:33.191,0.0069,0.0069,58.0,0.0068,2.0,83650.0,2469.0
2021-01-05 09:38:33.700,0.0068,0.0068,28.0,0.0067,20.0,83652.0,2471.0
2021-01-05 09:38:34.201,0.0068,0.0068,28.0,0.0067,20.0,83652.0,2471.0
2021-01-05 09:38:35.200,0.0068,0.0068,43.0,0.0067,20.0,83652.0,2471.0
2021-01-05 09:38:35.700,0.0068,0.0068,56.0,0.0067,10.0,83652.0,2471.0
2021-01-05 09:38:36.180,0.0068,0.0068,56.0,0.0067,20.0,83652.0,2471.0
2021-01-05 09:38:37.131,0.0068,0.0068,76.0,0.0067,10.0,83652.0,2471.0
2021-01-05 09:38:37.680,0.0068,0.0068,76.0,0.0067,10.0,83652.0,2471.0
2021-01-05 09:38:38.161,0.0067,0.0068,66.0,0.0067,5.0,83657.0,2476.0
2021-01-05 09:38:38.660,0.0067,0.0068,76.0,0.0067,5.0,83657.0,2476.0
2021-01-05 09:38:40.201,0.0067,0.0067,25.0,0.0066,10.0,83662.0,2481.0
2021-01-05 09:38:40.670,0.0067,0.0067,25.0,0.0066,20.0,83662.0,2481.0
2021-01-05 09:38:41.190,0.0067,0.0067,25.0,0.0066,20.0,83662.0,2481.0
2021-01-05 09:38:41.670,0.0067,0.0067,25.0,0.0066,10.0,83662.0,2481.0
2021-01-05 09:38:42.191,0.0067,0.0067,25.0,0.0066,20.0,83662.0,2481.0
2021-01-05 09:38:42.700,0.0067,0.0067,25.0,0.0066,20.0,83662.0,2481.0
2021-01-05 09:38:43.190,0.0067,0.0067,25.0,0.0066,20.0,83662.0,2481.0
2021-01-05 09:38:44.690,0.0067,0.0067,25.0,0.0066,33.0,83662.0,2481.0
2021-01-05 09:38:45.201,0.0067,0.0067,25.0,0.0066,30.0,83662.0,2481.0
2021-01-05 09:38:45.580,0.0066,0.0068,40.0,0.0066,35.0,83649.0,2504.0
2021-01-05 09:38:46.200,0.0066,0.0068,43.0,0.0066,45.0,83649.0,2504.0
2021-01-05 09:38:46.631,0.0066,0.0068,53.0,0.0066,30.0,83649.0,2504.0
2021-01-05 09:38:47.140,0.0066,0.0068,43.0,0.0066,30.0,83649.0,2504.0
2021-01-05 09:38:47.691,0.0066,0.0068,53.0,0.0066,40.0,83649.0,2504.0
2021-01-05 09:38:48.200,0.0068,0.0068,25.0,0.0066,53.0,83649.0,2509.0
2021-01-05 09:38:48.650,0.0068,0.0068,38.0,0.0066,43.0,83649.0,2509.0
2021-01-05 09:38:49.130,0.0068,0.0068,25.0,0.0066,53.0,83649.0,2509.0
2021-01-05 09:38:49.691,0.0068,0.0068,25.0,0.0066,53.0,83649.0,2509.0
2021-01-05 09:38:50.110,0.0068,0.0068,38.0,0.0066,40.0,83649.0,2509.0
2021-01-05 09:38:50.651,0.0068,0.0068,25.0,0.0066,53.0,83649.0,2509.0
2021-01-05 09:38:51.170,0.0068,0.0068,25.0,0.0066,54.0,83649.0,2509.0
2021-01-05 09:38:51.691,0.0068,0.0068,45.0,0.0066,54.0,83649.0,2509.0
2021-01-05 09:38:52.150,0.0068,0.0068,35.0,0.0066,59.0,83649.0,2509.0
2021-01-05 09:38:52.671,0.0068,0.0068,45.0,0.0066,59.0,83649.0,2509.0
2021-01-05 09:38:53.620,0.0068,0.0068,35.0,0.0066,59.0,83649.0,2509.0
2021-01-05 09:38:54.200,0.0068,0.0068,35.0,0.0066,72.0,83649.0,2509.0
2021-01-05 09:38:54.690,0.0068,0.0068,35.0,0.0066,17.0,83649.0,2509.0
2021-01-05 09:38:55.191,0.0068,0.0068,35.0,0.0066,17.0,83649.0,2509.0
2021-01-05 09:38:55.700,0.0068,0.0068,48.0,0.0066,11.0,83649.0,2509.0
2021-01-05 09:38:56.190,0.0068,0.0068,35.0,0.0066,24.0,83649.0,2509.0
2021-01-05 09:38:56.661,0.0068,0.0068,48.0,0.0066,11.0,83649.0,2509.0
2021-01-05 09:38:57.200,0.0068,0.0068,25.0,0.0066,54.0,83649.0,2509.0
2021-01-05 09:38:57.640,0.0068,0.0068,48.0,0.0066,41.0,83649.0,2509.0
2021-01-05 09:38:58.190,0.0068,0.0068,25.0,0.0066,57.0,83649.0,2509.0
2021-01-05 09:38:58.670,0.0068,0.0068,25.0,0.0066,67.0,83649.0,2509.0
2021-01-05 09:38:59.700,0.0068,0.0069,78.0,0.0066,67.0,83649.0,2509.0
2021-01-05 09:39:00.140,0.0068,0.0068,13.0,0.0066,51.0,83649.0,2509.0
2021-01-05 09:39:00.660,0.0068,0.0069,78.0,0.0066,64.0,83649.0,2509.0
2021-01-05 09:39:01.160,0.0068,0.0069,78.0,0.0066,54.0,83649.0,2509.0
2021-01-05 09:39:01.700,0.0068,0.0068,30.0,0.0066,54.0,83649.0,2509.0
2021-01-05 09:39:02.170,0.0068,0.0069,78.0,0.0067,30.0,83649.0,2509.0
2021-01-05 09:39:02.660,0.0068,0.0068,30.0,0.0066,54.0,83649.0,2509.0
2021-01-05 09:39:03.150,0.0068,0.0069,78.0,0.0066,57.0,83649.0,2509.0
2021-01-05 09:39:03.671,0.0068,0.0069,63.0,0.0066,72.0,83649.0,2509.0
2021-01-05 09:39:04.161,0.0068,0.0069,63.0,0.0067,30.0,83649.0,2509.0
2021-01-05 09:39:04.610,0.0068,0.0069,53.0,0.0067,30.0,83649.0,2509.0
2021-01-05 09:39:04.921,0.0068,0.0069,53.0,0.0067,30.0,83649.0,2509.0
2021-01-05 09:39:05.601,0.0068,0.0069,53.0,0.0067,30.0,83649.0,2509.0
2021-01-05 09:39:06.191,0.0068,0.0069,53.0,0.0067,30.0,83649.0,2509.0
2021-01-05 09:39:06.650,0.0067,0.0069,53.0,0.0067,28.0,83647.0,2511.0
2021-01-05 09:39:07.200,0.0067,0.0069,53.0,0.0067,28.0,83647.0,2511.0
2021-01-05 09:39:07.680,0.0067,0.0069,53.0,0.0067,28.0,83647.0,2511.0
2021-01-05 09:39:08.131,0.0067,0.0069,53.0,0.0067,28.0,83647.0,2511.0
2021-01-05 09:39:09.161,0.0067,0.0069,53.0,0.0067,28.0,83647.0,2511.0
2021-01-05 09:39:09.601,0.0067,0.0069,63.0,0.0067,28.0,83647.0,2511.0
2021-01-05 09:39:10.191,0.0067,0.0069,53.0,0.0067,28.0,83647.0,2511.0
2021-01-05 09:39:10.660,0.0067,0.0069,63.0,0.0066,99.0,83647.0,2511.0
2021-01-05 09:39:11.201,0.0067,0.0069,63.0,0.0066,84.0,83647.0,2511.0
2021-01-05 09:39:11.660,0.0067,0.0069,63.0,0.0066,102.0,83647.0,2511.0
2021-01-05 09:39:12.220,0.0067,0.0069,68.0,0.0066,87.0,83647.0,2511.0
2021-01-05 09:39:13.720,0.0067,0.0069,53.0,0.0066,102.0,83647.0,2511.0
2021-01-05 09:39:14.160,0.0067,0.0069,63.0,0.0066,84.0,83647.0,2511.0
2021-01-05 09:39:15.220,0.0067,0.0069,78.0,0.0066,84.0,83647.0,2511.0
2021-01-05 09:39:15.720,0.0067,0.0069,78.0,0.0066,87.0,83647.0,2511.0
2021-01-05 09:39:16.121,0.0067,0.0069,68.0,0.0066,87.0,83647.0,2511.0
2021-01-05 09:39:16.721,0.0067,0.0069,78.0,0.0066,87.0,83647.0,2511.0
2021-01-05 09:39:17.191,0.0067,0.0069,68.0,0.0066,87.0,83647.0,2511.0
2021-01-05 09:39:17.650,0.0067,0.0069,40.0,0.0066,89.0,83647.0,2511.0
2021-01-05 09:39:18.221,0.0067,0.0069,53.0,0.0067,30.0,83647.0,2511.0
2021-01-05 09:39:18.671,0.0067,0.0069,53.0,0.0067,50.0,83647.0,2511.0
2021-01-05 09:39:19.710,0.0067,0.0069,53.0,0.0067,50.0,83647.0,2511.0
2021-01-05 09:39:20.221,0.0067,0.0069,53.0,0.0067,30.0,83647.0,2511.0
2021-01-05 09:39:20.741,0.0067,0.0069,53.0,0.0067,30.0,83647.0,2511.0
2021-01-05 09:39:21.231,0.0067,0.0069,53.0,0.0067,30.0,83647.0,2511.0
2021-01-05 09:39:21.671,0.0067,0.0069,53.0,0.0067,30.0,83647.0,2511.0
2021-01-05 09:39:22.211,0.0067,0.0069,53.0,0.0066,102.0,83647.0,2511.0
2021-01-05 09:39:22.651,0.0067,0.0069,53.0,0.0066,102.0,83647.0,2511.0
2021-01-05 09:39:23.150,0.0067,0.0069,30.0,0.0067,53.0,83647.0,2511.0
2021-01-05 09:39:24.151,0.0067,0.0069,53.0,0.0067,40.0,83647.0,2511.0
2021-01-05 09:39:24.670,0.0067,0.0069,53.0,0.0067,43.0,83647.0,2511.0
2021-01-05 09:39:25.700,0.0067,0.0069,53.0,0.0067,43.0,83647.0,2511.0
2021-01-05 09:39:26.130,0.0067,0.0069,40.0,0.0067,43.0,83647.0,2511.0
2021-01-05 09:39:26.681,0.0067,0.0069,40.0,0.0067,66.0,83647.0,2511.0
2021-01-05 09:39:27.131,0.0067,0.0069,43.0,0.0067,60.0,83647.0,2511.0
2021-01-05 09:39:27.711,0.0067,0.0069,43.0,0.0067,63.0,83647.0,2511.0
2021-01-05 09:39:28.220,0.0067,0.0069,43.0,0.0067,78.0,83647.0,2511.0
2021-01-05 09:39:28.710,0.0067,0.0069,43.0,0.0067,63.0,83647.0,2511.0
2021-01-05 09:39:29.231,0.0067,0.0069,53.0,0.0067,63.0,83647.0,2511.0
2021-01-05 09:39:29.721,0.0067,0.0069,40.0,0.0067,91.0,83647.0,2511.0
2021-01-05 09:39:30.220,0.0067,0.007,133.0,0.0068,2.0,83647.0,2511.0
2021-01-05 09:39:30.520,0.0067,0.0069,10.0,0.0068,3.0,83647.0,2511.0
2021-01-05 09:39:31.121,0.0067,0.007,133.0,0.0068,33.0,83647.0,2511.0
2021-01-05 09:39:31.690,0.0067,0.007,133.0,0.0068,33.0,83647.0,2511.0
2021-01-05 09:39:32.700,0.0067,0.007,133.0,0.0068,33.0,83647.0,2511.0
2021-01-05 09:39:33.180,0.0067,0.007,143.0,0.0068,33.0,83647.0,2511.0
2021-01-05 09:39:33.530,0.0067,0.007,143.0,0.0068,33.0,83647.0,2511.0
2021-01-05 09:39:34.210,0.0067,0.007,133.0,0.0068,33.0,83647.0,2511.0
2021-01-05 09:39:34.681,0.0067,0.007,133.0,0.0068,33.0,83647.0,2511.0
2021-01-05 09:39:36.231,0.0068,0.0068,5.0,0.0067,81.0,83617.0,2544.0
2021-01-05 09:39:36.660,0.0068,0.007,133.0,0.0068,25.0,83612.0,2549.0
2021-01-05 09:39:37.221,0.0068,0.007,133.0,0.0068,25.0,83612.0,2549.0
2021-01-05 09:39:38.650,0.0068,0.007,120.0,0.0068,25.0,83612.0,2549.0
2021-01-05 09:39:39.241,0.0068,0.007,133.0,0.0068,25.0,83612.0,2549.0
2021-01-05 09:39:39.751,0.0068,0.007,120.0,0.0068,38.0,83612.0,2549.0
2021-01-05 09:39:40.721,0.0068,0.007,120.0,0.0068,41.0,83612.0,2549.0
2021-01-05 09:39:41.220,0.0068,0.007,120.0,0.0068,41.0,83612.0,2549.0
2021-01-05 09:39:41.750,0.0068,0.007,133.0,0.0068,25.0,83612.0,2549.0
2021-01-05 09:39:42.210,0.0068,0.007,120.0,0.0068,41.0,83612.0,2549.0
2021-01-05 09:39:42.640,0.0068,0.007,120.0,0.0068,38.0,83612.0,2549.0
2021-01-05 09:39:43.191,0.0068,0.007,120.0,0.0068,38.0,83612.0,2549.0
2021-01-05 09:39:43.570,0.0068,0.007,120.0,0.0068,38.0,83612.0,2549.0
2021-01-05 09:39:44.680,0.0068,0.007,120.0,0.0068,38.0,83612.0,2549.0
2021-01-05 09:39:45.251,0.0068,0.007,133.0,0.0068,25.0,83612.0,2549.0
2021-01-05 09:39:45.750,0.0068,0.007,150.0,0.0068,38.0,83612.0,2549.0
2021-01-05 09:39:46.190,0.0068,0.007,150.0,0.0068,25.0,83612.0,2549.0
2021-01-05 09:39:46.691,0.0068,0.007,150.0,0.0068,13.0,83612.0,2549.0
2021-01-05 09:39:47.250,0.0068,0.007,150.0,0.0068,13.0,83612.0,2549.0
2021-01-05 09:39:47.731,0.0068,0.007,150.0,0.0068,13.0,83612.0,2549.0
2021-01-05 09:39:48.221,0.0068,0.007,150.0,0.0068,13.0,83612.0,2549.0
2021-01-05 09:39:48.720,0.0068,0.007,163.0,0.0067,101.0,83612.0,2549.0
2021-01-05 09:39:49.241,0.0068,0.007,163.0,0.0067,121.0,83612.0,2549.0
2021-01-05 09:39:49.711,0.0068,0.007,163.0,0.0067,91.0,83612.0,2549.0
2021-01-05 09:39:50.180,0.0068,0.007,163.0,0.0067,101.0,83612.0,2549.0
2021-01-05 09:39:50.641,0.0068,0.0069,30.0,0.0067,101.0,83612.0,2549.0
2021-01-05 09:39:51.241,0.0068,0.0069,30.0,0.0067,76.0,83612.0,2549.0
2021-01-05 09:39:51.730,0.0068,0.0069,43.0,0.0067,50.0,83612.0,2549.0
2021-01-05 09:39:52.251,0.0068,0.0069,30.0,0.0067,66.0,83612.0,2549.0
2021-01-05 09:39:52.670,0.0068,0.0069,40.0,0.0067,86.0,83612.0,2549.0
2021-01-05 09:39:53.181,0.0068,0.0069,53.0,0.0067,70.0,83612.0,2549.0
2021-01-05 09:39:53.630,0.0068,0.0069,43.0,0.0067,103.0,83612.0,2549.0
2021-01-05 09:39:54.191,0.0068,0.0069,53.0,0.0067,80.0,83612.0,2549.0
2021-01-05 09:39:54.691,0.0068,0.0069,53.0,0.0067,80.0,83612.0,2549.0
2021-01-05 09:39:55.181,0.0068,0.0069,53.0,0.0067,50.0,83612.0,2549.0
2021-01-05 09:39:55.640,0.0068,0.0069,53.0,0.0067,30.0,83612.0,2549.0
2021-01-05 09:39:56.120,0.0068,0.0069,53.0,0.0067,20.0,83612.0,2549.0
2021-01-05 09:39:56.691,0.0068,0.0069,53.0,0.0067,30.0,83612.0,2549.0
2021-01-05 09:39:57.181,0.0068,0.0069,53.0,0.0067,30.0,83612.0,2549.0
2021-01-05 09:39:57.580,0.0068,0.0069,53.0,0.0067,30.0,83612.0,2549.0
2021-01-05 09:39:58.170,0.0068,0.0069,53.0,0.0067,40.0,83612.0,2549.0
2021-01-05 09:39:59.061,0.0068,0.0069,53.0,0.0067,30.0,83612.0,2549.0
2021-01-05 09:40:00.181,0.0068,0.0069,68.0,0.0067,30.0,83612.0,2549.0
2021-01-05 09:40:01.570,0.0068,0.0069,55.0,0.0067,30.0,83612.0,2549.0
2021-01-05 09:40:02.200,0.0068,0.0069,40.0,0.0067,45.0,83612.0,2549.0
2021-01-05 09:40:02.671,0.0068,0.0069,40.0,0.0067,85.0,83612.0,2549.0
2021-01-05 09:40:03.171,0.0068,0.0069,55.0,0.0067,70.0,83612.0,2549.0
2021-01-05 09:40:03.691,0.0068,0.0069,55.0,0.0067,50.0,83612.0,2549.0
2021-01-05 09:40:04.160,0.0068,0.0069,40.0,0.0067,65.0,83612.0,2549.0
2021-01-05 09:40:05.170,0.0068,0.0069,40.0,0.0067,50.0,83612.0,2549.0
2021-01-05 09:40:05.701,0.0068,0.0069,55.0,0.0067,50.0,83612.0,2549.0
2021-01-05 09:40:06.701,0.0068,0.0069,55.0,0.0067,70.0,83612.0,2549.0
2021-01-05 09:40:08.200,0.0068,0.0069,55.0,0.0067,70.0,83612.0,2549.0
2021-01-05 09:40:09.191,0.0068,0.0069,25.0,0.0067,70.0,83612.0,2549.0
2021-01-05 09:40:09.691,0.0068,0.0069,25.0,0.0067,80.0,83612.0,2549.0
2021-01-05 09:40:10.150,0.0068,0.0069,25.0,0.0067,70.0,83612.0,2549.0
2021-01-05 09:40:10.680,0.0068,0.0069,55.0,0.0067,50.0,83612.0,2549.0
2021-01-05 09:40:11.170,0.0068,0.0069,70.0,0.0067,50.0,83612.0,2549.0
2021-01-05 09:40:11.671,0.0068,0.0069,70.0,0.0067,70.0,83612.0,2549.0
2021-01-05 09:40:12.190,0.0068,0.0069,55.0,0.0067,70.0,83612.0,2549.0
2021-01-05 09:40:12.661,0.0068,0.0069,55.0,0.0067,70.0,83612.0,2549.0
2021-01-05 09:40:13.170,0.0068,0.0069,25.0,0.0067,70.0,83612.0,2549.0
2021-01-05 09:40:13.700,0.0068,0.0069,10.0,0.0067,70.0,83612.0,2549.0
2021-01-05 09:40:14.150,0.0068,0.0069,25.0,0.0068,30.0,83612.0,2549.0
2021-01-05 09:40:14.701,0.0068,0.0069,25.0,0.0068,29.0,83611.0,2550.0
2021-01-05 09:40:15.120,0.0068,0.0069,25.0,0.0068,29.0,83611.0,2550.0
2021-01-05 09:40:15.690,0.0068,0.0069,10.0,0.0068,29.0,83611.0,2550.0
2021-01-05 09:40:16.140,0.0068,0.0069,10.0,0.0068,29.0,83611.0,2550.0
2021-01-05 09:40:16.610,0.0068,0.0069,10.0,0.0068,29.0,83611.0,2550.0
2021-01-05 09:40:17.191,0.0068,0.0069,25.0,0.0068,29.0,83611.0,2550.0
2021-01-05 09:40:17.621,0.0069,0.0069,7.0,0.0068,29.0,83614.0,2553.0
2021-01-05 09:40:18.161,0.0069,0.0069,10.0,0.0068,29.0,83614.0,2553.0
2021-01-05 09:40:19.190,0.0069,0.0069,25.0,0.0068,29.0,83614.0,2553.0
2021-01-05 09:40:19.711,0.0069,0.0069,10.0,0.0068,29.0,83614.0,2553.0
2021-01-05 09:40:20.191,0.0069,0.0069,40.0,0.0067,105.0,83614.0,2553.0
2021-01-05 09:40:20.691,0.0069,0.0069,55.0,0.0067,80.0,83614.0,2553.0
2021-01-05 09:40:21.200,0.0069,0.0069,55.0,0.0067,80.0,83614.0,2553.0
2021-01-05 09:40:21.701,0.0069,0.0069,55.0,0.0067,80.0,83614.0,2553.0
2021-01-05 09:40:22.210,0.0069,0.0069,40.0,0.0067,80.0,83614.0,2553.0
2021-01-05 09:40:22.591,0.0069,0.0069,40.0,0.0067,50.0,83614.0,2553.0
2021-01-05 09:40:23.200,0.0069,0.0069,40.0,0.0067,30.0,83614.0,2553.0
2021-01-05 09:40:23.701,0.0069,0.0069,55.0,0.0067,30.0,83614.0,2553.0
2021-01-05 09:40:24.681,0.0069,0.0069,55.0,0.0067,61.0,83614.0,2553.0
2021-01-05 09:40:25.121,0.0069,0.0069,40.0,0.0067,96.0,83614.0,2553.0
2021-01-05 09:40:25.570,0.0069,0.0069,55.0,0.0067,61.0,83614.0,2553.0
2021-01-05 09:40:26.181,0.0069,0.0069,55.0,0.0067,81.0,83614.0,2553.0
2021-01-05 09:40:26.650,0.0069,0.0069,55.0,0.0067,61.0,83614.0,2553.0
2021-01-05 09:40:27.140,0.0069,0.0069,55.0,0.0067,61.0,83614.0,2553.0
2021-01-05 09:40:27.701,0.0069,0.0069,85.0,0.0067,61.0,83614.0,2553.0
2021-01-05 09:40:28.110,0.0069,0.0069,75.0,0.0067,61.0,83614.0,2553.0
2021-01-05 09:40:28.690,0.0069,0.0069,75.0,0.0067,61.0,83614.0,2553.0
2021-01-05 09:40:29.170,0.0069,0.0069,70.0,0.0067,31.0,83614.0,2553.0
2021-01-05 09:40:30.150,0.0069,0.0069,70.0,0.0067,61.0,83614.0,2553.0
2021-01-05 09:40:31.101,0.0069,0.0069,70.0,0.0067,61.0,83614.0,2553.0
2021-01-05 09:40:31.631,0.0069,0.0069,70.0,0.0067,61.0,83614.0,2553.0
2021-01-05 09:40:31.991,0.0069,0.0068,30.0,0.0067,31.0,83614.0,2553.0
2021-01-05 09:40:32.611,0.0069,0.0069,70.0,0.0068,4.0,83614.0,2553.0
2021-01-05 09:40:33.161,0.0069,0.0069,55.0,0.0068,11.0,83614.0,2553.0
2021-01-05 09:40:33.551,0.0068,0.0069,30.0,0.0068,13.0,83624.0,2563.0
2021-01-05 09:40:34.171,0.0068,0.0069,30.0,0.0068,20.0,83624.0,2563.0
2021-01-05 09:40:34.601,0.0068,0.0069,45.0,0.0068,20.0,83624.0,2563.0
2021-01-05 09:40:35.201,0.0068,0.0069,45.0,0.0068,10.0,83634.0,2573.0
2021-01-05 09:40:35.681,0.0068,0.0069,30.0,0.0068,10.0,83634.0,2573.0
2021-01-05 09:40:36.040,0.0068,0.0069,45.0,0.0068,10.0,83634.0,2573.0
2021-01-05 09:40:36.620,0.0068,0.0069,30.0,0.0067,61.0,83644.0,2583.0
2021-01-05 09:40:37.201,0.0068,0.0069,30.0,0.0067,76.0,83644.0,2583.0
2021-01-05 09:40:37.700,0.0068,0.0068,10.0,0.0067,61.0,83644.0,2583.0
2021-01-05 09:40:38.130,0.0068,0.0069,40.0,0.0067,94.0,83644.0,2583.0
2021-01-05 09:40:38.651,0.0068,0.0069,40.0,0.0067,114.0,83644.0,2583.0
2021-01-05 09:40:39.041,0.0068,0.0069,40.0,0.0068,5.0,83644.0,2583.0
2021-01-05 09:40:39.681,0.0068,0.0069,40.0,0.0068,14.0,83644.0,2583.0
2021-01-05 09:40:39.940,0.0068,0.0069,40.0,0.0068,27.0,83644.0,2583.0
2021-01-05 09:40:40.670,0.0068,0.0069,40.0,0.0068,45.0,83644.0,2583.0
2021-01-05 09:40:41.191,0.0068,0.0069,40.0,0.0068,60.0,83644.0,2583.0
2021-01-05 09:40:41.640,0.0068,0.0069,40.0,0.0068,45.0,83644.0,2583.0
2021-01-05 09:40:42.180,0.0068,0.0069,40.0,0.0068,30.0,83644.0,2583.0
2021-01-05 09:40:42.601,0.0068,0.0069,40.0,0.0068,45.0,83644.0,2583.0
2021-01-05 09:40:43.191,0.0068,0.0069,10.0,0.0068,60.0,83644.0,2583.0
2021-01-05 09:40:43.621,0.0068,0.0069,10.0,0.0068,60.0,83644.0,2583.0
2021-01-05 09:40:44.620,0.0068,0.0069,10.0,0.0068,45.0,83644.0,2583.0
2021-01-05 09:40:45.131,0.0069,0.0069,5.0,0.0068,75.0,83644.0,2588.0
2021-01-05 09:40:47.211,0.0069,0.0069,5.0,0.0068,60.0,83644.0,2588.0
2021-01-05 09:40:47.611,0.0069,0.0069,5.0,0.0068,75.0,83644.0,2588.0
2021-01-05 09:40:48.700,0.0069,0.0069,10.0,0.0068,75.0,83644.0,2588.0
2021-01-05 09:40:49.111,0.0069,0.0069,10.0,0.0068,60.0,83644.0,2588.0
2021-01-05 09:40:49.640,0.0069,0.0069,10.0,0.0068,75.0,83644.0,2588.0
2021-01-05 09:40:50.671,0.0069,0.0069,10.0,0.0068,95.0,83644.0,2588.0
2021-01-05 09:40:51.601,0.0069,0.0069,10.0,0.0068,80.0,83644.0,2588.0
2021-01-05 09:40:52.181,0.0069,0.0069,10.0,0.0068,80.0,83644.0,2588.0
2021-01-05 09:40:52.661,0.0069,0.0069,10.0,0.0068,95.0,83644.0,2588.0
2021-01-05 09:40:53.180,0.0069,0.0069,10.0,0.0068,80.0,83644.0,2588.0
2021-01-05 09:40:53.611,0.0069,0.0069,10.0,0.0068,95.0,83644.0,2588.0
2021-01-05 09:40:54.141,0.0069,0.0069,10.0,0.0068,95.0,83644.0,2588.0
2021-01-05 09:40:54.141,0.0069,0.0069,10.0,0.0068,95.0,83644.0,2588.0
2021-01-05 09:40:55.111,0.0069,0.0069,10.0,0.0068,80.0,83644.0,2588.0
2021-01-05 09:40:55.681,0.0069,0.0069,10.0,0.0068,75.0,83644.0,2588.0
2021-01-05 09:40:56.121,0.0069,0.0069,10.0,0.0068,80.0,83644.0,2588.0
2021-01-05 09:40:56.600,0.0069,0.0069,10.0,0.0068,65.0,83644.0,2588.0
2021-01-05 09:40:57.180,0.0069,0.0069,10.0,0.0068,50.0,83644.0,2588.0
2021-01-05 09:40:57.560,0.0069,0.0069,10.0,0.0068,80.0,83644.0,2588.0
2021-01-05 09:40:58.200,0.0069,0.0069,10.0,0.0068,95.0,83644.0,2588.0
2021-01-05 09:40:58.721,0.0069,0.0069,10.0,0.0068,80.0,83644.0,2588.0
2021-01-05 09:40:58.980,0.0069,0.0069,10.0,0.0068,80.0,83644.0,2588.0
2021-01-05 09:40:59.721,0.0069,0.0069,10.0,0.0068,80.0,83644.0,2588.0
2021-01-05 09:41:00.571,0.0069,0.0069,10.0,0.0068,80.0,83644.0,2588.0
2021-01-05 09:41:01.041,0.0069,0.007,100.0,0.0069,5.0,83654.0,2598.0
2021-01-05 09:41:01.650,0.0069,0.007,90.0,0.0069,5.0,83654.0,2598.0
2021-01-05 09:41:02.161,0.0069,0.007,90.0,0.0069,5.0,83654.0,2598.0
2021-01-05 09:41:03.110,0.0069,0.007,100.0,0.0069,5.0,83654.0,2598.0
2021-01-05 09:41:04.180,0.0069,0.007,100.0,0.0069,5.0,83654.0,2598.0
2021-01-05 09:41:04.641,0.0069,0.007,75.0,0.0069,5.0,83654.0,2598.0
2021-01-05 09:41:05.220,0.0069,0.007,75.0,0.0069,5.0,83654.0,2598.0
2021-01-05 09:41:05.660,0.0069,0.007,90.0,0.0069,5.0,83654.0,2598.0
2021-01-05 09:41:06.710,0.0069,0.007,90.0,0.0069,5.0,83654.0,2598.0
2021-01-05 09:41:07.100,0.0069,0.0069,105.0,0.0068,50.0,83659.0,2603.0
2021-01-05 09:41:07.611,0.0069,0.0069,105.0,0.0068,50.0,83659.0,2603.0
2021-01-05 09:41:08.130,0.0069,0.0069,110.0,0.0068,50.0,83659.0,2603.0
2021-01-05 09:41:08.701,0.0069,0.0069,110.0,0.0068,50.0,83659.0,2603.0
2021-01-05 09:41:09.210,0.0069,0.0069,110.0,0.0068,50.0,83659.0,2603.0
2021-01-05 09:41:09.650,0.0069,0.0069,110.0,0.0068,50.0,83659.0,2603.0
2021-01-05 09:41:10.710,0.0069,0.0069,140.0,0.0068,30.0,83659.0,2603.0
2021-01-05 09:41:11.711,0.0069,0.0069,140.0,0.0068,30.0,83659.0,2603.0
2021-01-05 09:41:12.151,0.0069,0.0069,140.0,0.0068,30.0,83659.0,2603.0
2021-01-05 09:41:12.710,0.0069,0.0069,140.0,0.0068,33.0,83659.0,2603.0
2021-01-05 09:41:13.161,0.0069,0.0069,110.0,0.0068,33.0,83659.0,2603.0
2021-01-05 09:41:13.701,0.0069,0.0069,110.0,0.0068,78.0,83659.0,2603.0
2021-01-05 09:41:14.160,0.0069,0.0069,110.0,0.0068,45.0,83659.0,2603.0
2021-01-05 09:41:14.671,0.0069,0.0069,110.0,0.0068,78.0,83659.0,2603.0
2021-01-05 09:41:15.050,0.0069,0.0069,110.0,0.0068,78.0,83659.0,2603.0
2021-01-05 09:41:15.651,0.0069,0.0069,80.0,0.0068,88.0,83659.0,2633.0
2021-01-05 09:41:16.210,0.0069,0.0069,35.0,0.0068,73.0,83659.0,2678.0
2021-01-05 09:41:16.500,0.0069,0.0069,35.0,0.0068,103.0,83659.0,2678.0
2021-01-05 09:41:17.211,0.0069,0.0069,35.0,0.0068,103.0,83659.0,2678.0
2021-01-05 09:41:17.670,0.0069,0.0069,35.0,0.0068,103.0,83659.0,2678.0
2021-01-05 09:41:18.141,0.0069,0.0069,25.0,0.0068,88.0,83659.0,2678.0
2021-01-05 09:41:18.600,0.0069,0.0069,35.0,0.0068,88.0,83659.0,2678.0
2021-01-05 09:41:19.161,0.0069,0.0069,35.0,0.0068,88.0,83659.0,2678.0
2021-01-05 09:41:19.601,0.0069,0.0069,35.0,0.0068,88.0,83659.0,2678.0
2021-01-05 09:41:19.960,0.0069,0.0069,35.0,0.0068,88.0,83659.0,2678.0
2021-01-05 09:41:20.721,0.0069,0.0069,35.0,0.0068,88.0,83659.0,2678.0
2021-01-05 09:41:21.190,0.0069,0.0069,35.0,0.0068,73.0,83659.0,2678.0
2021-01-05 09:41:21.460,0.0069,0.0069,35.0,0.0068,88.0,83659.0,2678.0
2021-01-05 09:41:22.190,0.0069,0.0069,35.0,0.0068,88.0,83659.0,2678.0
2021-01-05 09:41:22.700,0.0069,0.0069,35.0,0.0068,88.0,83659.0,2678.0
2021-01-05 09:41:24.171,0.0069,0.0069,35.0,0.0068,88.0,83659.0,2678.0
2021-01-05 09:41:24.651,0.0069,0.0069,35.0,0.0068,73.0,83659.0,2678.0
2021-01-05 09:41:25.120,0.0069,0.0069,35.0,0.0068,85.0,83659.0,2678.0
2021-01-05 09:41:25.641,0.0069,0.0069,35.0,0.0068,70.0,83659.0,2678.0
2021-01-05 09:41:26.190,0.0069,0.0069,35.0,0.0068,70.0,83659.0,2678.0
2021-01-05 09:41:27.710,0.0069,0.0069,35.0,0.0068,40.0,83659.0,2678.0
2021-01-05 09:41:28.171,0.0069,0.0069,35.0,0.0068,40.0,83659.0,2678.0
2021-01-05 09:41:28.540,0.0069,0.0069,35.0,0.0068,40.0,83659.0,2678.0
2021-01-05 09:41:29.010,0.0069,0.0069,65.0,0.0068,40.0,83659.0,2678.0
2021-01-05 09:41:30.670,0.0069,0.0069,80.0,0.0068,40.0,83659.0,2678.0
2021-01-05 09:41:31.181,0.0069,0.0069,65.0,0.0068,40.0,83659.0,2678.0
2021-01-05 09:41:31.700,0.0069,0.0069,65.0,0.0068,40.0,83659.0,2678.0
2021-01-05 09:41:32.121,0.0069,0.0069,80.0,0.0068,40.0,83659.0,2678.0
2021-01-05 09:41:32.670,0.0069,0.0069,35.0,0.0068,40.0,83659.0,2678.0
2021-01-05 09:41:33.171,0.0069,0.0069,80.0,0.0068,40.0,83659.0,2678.0
2021-01-05 09:41:33.680,0.0069,0.0069,65.0,0.0068,40.0,83659.0,2678.0
2021-01-05 09:41:34.120,0.0069,0.0069,65.0,0.0068,40.0,83659.0,2678.0
2021-01-05 09:41:34.720,0.0069,0.0069,80.0,0.0068,40.0,83659.0,2678.0
2021-01-05 09:41:35.221,0.0069,0.0069,80.0,0.0068,40.0,83659.0,2678.0
2021-01-05 09:41:35.721,0.0069,0.0069,80.0,0.0068,40.0,83659.0,2678.0
2021-01-05 09:41:36.070,0.0069,0.0069,80.0,0.0068,40.0,83659.0,2678.0
2021-01-05 09:41:36.720,0.0069,0.0069,80.0,0.0068,30.0,83659.0,2678.0
2021-01-05 09:41:37.210,0.0069,0.0069,80.0,0.0068,30.0,83659.0,2678.0
2021-01-05 09:41:37.711,0.0069,0.0069,80.0,0.0068,30.0,83659.0,2678.0
2021-01-05 09:41:38.220,0.0069,0.0069,80.0,0.0068,30.0,83659.0,2678.0
2021-01-05 09:41:38.710,0.0069,0.0069,80.0,0.0068,30.0,83659.0,2678.0
2021-01-05 09:41:39.221,0.0069,0.0069,95.0,0.0068,40.0,83659.0,2678.0
2021-01-05 09:41:39.521,0.0069,0.0069,95.0,0.0068,40.0,83659.0,2678.0
2021-01-05 09:41:40.231,0.0069,0.0069,95.0,0.0068,40.0,83659.0,2678.0
2021-01-05 09:41:40.721,0.0069,0.0069,95.0,0.0068,40.0,83659.0,2678.0
2021-01-05 09:41:41.130,0.0069,0.0069,95.0,0.0068,10.0,83659.0,2678.0
2021-01-05 09:41:41.730,0.0069,0.0069,95.0,0.0068,10.0,83659.0,2678.0
2021-01-05 09:41:42.700,0.0069,0.0069,80.0,0.0067,93.0,83659.0,2678.0
2021-01-05 09:41:43.080,0.0069,0.0069,95.0,0.0068,2.0,83659.0,2678.0
2021-01-05 09:41:43.720,0.0069,0.0069,95.0,0.0068,2.0,83659.0,2678.0
2021-01-05 09:41:45.190,0.0069,0.0069,80.0,0.0068,2.0,83659.0,2693.0
2021-01-05 09:41:45.701,0.0068,0.0068,98.0,0.0067,100.0,83661.0,2695.0
2021-01-05 09:41:46.241,0.0068,0.0068,98.0,0.0067,90.0,83661.0,2695.0
2021-01-05 09:41:46.661,0.0068,0.0068,98.0,0.0067,90.0,83661.0,2695.0
2021-01-05 09:41:47.201,0.0068,0.0068,98.0,0.0067,90.0,83661.0,2695.0
2021-01-05 09:41:48.181,0.0068,0.0068,98.0,0.0067,90.0,83661.0,2695.0
2021-01-05 09:41:48.740,0.0068,0.0068,98.0,0.0067,60.0,83661.0,2695.0
2021-01-05 09:41:49.191,0.0068,0.0068,98.0,0.0067,60.0,83661.0,2695.0
2021-01-05 09:41:49.750,0.0068,0.0068,108.0,0.0067,40.0,83661.0,2695.0
2021-01-05 09:41:50.231,0.0068,0.0068,138.0,0.0067,20.0,83661.0,2695.0
2021-01-05 09:41:50.751,0.0068,0.0068,138.0,0.0067,40.0,83661.0,2695.0
2021-01-05 09:41:51.251,0.0068,0.0068,138.0,0.0067,20.0,83661.0,2695.0
2021-01-05 09:41:51.760,0.0068,0.0068,138.0,0.0067,40.0,83661.0,2695.0
2021-01-05 09:41:52.261,0.0068,0.0068,138.0,0.0067,20.0,83661.0,2695.0
2021-01-05 09:41:52.690,0.0068,0.0068,138.0,0.0067,40.0,83661.0,2695.0
2021-01-05 09:41:53.201,0.0068,0.0068,138.0,0.0067,40.0,83661.0,2695.0
2021-01-05 09:41:53.681,0.0068,0.0068,138.0,0.0067,40.0,83661.0,2695.0
2021-01-05 09:41:55.160,0.0068,0.0068,153.0,0.0067,20.0,83661.0,2695.0
2021-01-05 09:41:55.671,0.0068,0.0068,138.0,0.0067,20.0,83661.0,2695.0
2021-01-05 09:41:56.151,0.0068,0.0068,138.0,0.0067,40.0,83661.0,2695.0
2021-01-05 09:41:56.670,0.0068,0.0068,138.0,0.0067,40.0,83661.0,2695.0
2021-01-05 09:41:57.110,0.0068,0.0068,153.0,0.0067,10.0,83661.0,2695.0
2021-01-05 09:41:57.640,0.0068,0.0068,153.0,0.0067,10.0,83661.0,2695.0
2021-01-05 09:41:58.140,0.0068,0.0068,153.0,0.0067,20.0,83661.0,2695.0
2021-01-05 09:41:58.660,0.0068,0.0068,138.0,0.0067,10.0,83661.0,2695.0
2021-01-05 09:41:59.131,0.0068,0.0068,153.0,0.0067,10.0,83661.0,2695.0
2021-01-05 09:41:59.700,0.0068,0.0068,138.0,0.0067,10.0,83661.0,2695.0
2021-01-05 09:42:00.151,0.0068,0.0068,153.0,0.0067,10.0,83661.0,2695.0
2021-01-05 09:42:00.701,0.0068,0.0068,153.0,0.0067,10.0,83661.0,2695.0
2021-01-05 09:42:01.651,0.0068,0.0068,153.0,0.0067,10.0,83661.0,2695.0
2021-01-05 09:42:02.201,0.0068,0.0068,153.0,0.0067,10.0,83661.0,2695.0
2021-01-05 09:42:02.641,0.0068,0.0068,153.0,0.0067,10.0,83661.0,2695.0
2021-01-05 09:42:03.161,0.0068,0.0068,153.0,0.0067,10.0,83661.0,2695.0
2021-01-05 09:42:03.690,0.0068,0.0068,138.0,0.0067,10.0,83661.0,2695.0
2021-01-05 09:42:04.110,0.0068,0.0068,153.0,0.0067,10.0,83661.0,2695.0
2021-01-05 09:42:04.500,0.0068,0.0068,153.0,0.0067,10.0,83661.0,2695.0
2021-01-05 09:42:05.150,0.0068,0.0068,168.0,0.0067,10.0,83661.0,2695.0
2021-01-05 09:42:06.690,0.0068,0.0068,153.0,0.0067,10.0,83661.0,2695.0
2021-01-05 09:42:07.230,0.0068,0.0068,168.0,0.0067,10.0,83661.0,2695.0
2021-01-05 09:42:08.220,0.0068,0.0068,168.0,0.0067,30.0,83661.0,2695.0
2021-01-05 09:42:09.230,0.0068,0.0068,173.0,0.0067,10.0,83661.0,2695.0
2021-01-05 09:42:09.570,0.0068,0.0068,158.0,0.0067,10.0,83661.0,2695.0
2021-01-05 09:42:10.220,0.0068,0.0068,173.0,0.0067,10.0,83661.0,2695.0
2021-01-05 09:42:11.211,0.0068,0.0068,173.0,0.0067,10.0,83661.0,2695.0
2021-01-05 09:42:12.210,0.0068,0.0068,173.0,0.0067,10.0,83661.0,2695.0
2021-01-05 09:42:12.721,0.0068,0.0068,173.0,0.0067,10.0,83661.0,2695.0
2021-01-05 09:42:13.211,0.0068,0.0068,173.0,0.0067,10.0,83661.0,2695.0
2021-01-05 09:42:13.731,0.0068,0.0068,173.0,0.0067,30.0,83661.0,2695.0
2021-01-05 09:42:14.150,0.0068,0.0068,158.0,0.0067,10.0,83661.0,2695.0
2021-01-05 09:42:14.671,0.0068,0.0068,158.0,0.0067,30.0,83661.0,2695.0
2021-01-05 09:42:15.111,0.0068,0.0068,158.0,0.0067,10.0,83661.0,2695.0
2021-01-05 09:42:15.650,0.0068,0.0068,158.0,0.0067,30.0,83661.0,2695.0
2021-01-05 09:42:16.181,0.0068,0.0068,158.0,0.0067,10.0,83661.0,2695.0
2021-01-05 09:42:17.241,0.0068,0.0068,158.0,0.0067,30.0,83661.0,2695.0
2021-01-05 09:42:17.681,0.0068,0.0068,143.0,0.0067,30.0,83661.0,2695.0
2021-01-05 09:42:18.100,0.0068,0.0068,143.0,0.0067,30.0,83661.0,2695.0
2021-01-05 09:42:18.701,0.0068,0.0068,143.0,0.0067,30.0,83661.0,2695.0
2021-01-05 09:42:19.210,0.0068,0.0068,158.0,0.0067,30.0,83661.0,2695.0
2021-01-05 09:42:19.721,0.0068,0.0068,143.0,0.0067,30.0,83661.0,2695.0
2021-01-05 09:42:20.751,0.0068,0.0068,143.0,0.0067,30.0,83661.0,2695.0
2021-01-05 09:42:21.210,0.0068,0.0068,155.0,0.0067,30.0,83664.0,2698.0
2021-01-05 09:42:21.621,0.0068,0.0068,140.0,0.0067,30.0,83664.0,2698.0
2021-01-05 09:42:22.221,0.0068,0.0068,155.0,0.0067,10.0,83664.0,2698.0
2021-01-05 09:42:22.570,0.0068,0.0068,155.0,0.0067,10.0,83664.0,2698.0
2021-01-05 09:42:23.191,0.0068,0.0068,140.0,0.0067,10.0,83664.0,2698.0
2021-01-05 09:42:23.631,0.0068,0.0068,140.0,0.0067,10.0,83664.0,2698.0
2021-01-05 09:42:24.151,0.0068,0.0068,140.0,0.0067,10.0,83664.0,2698.0
2021-01-05 09:42:24.670,0.0068,0.0068,140.0,0.0067,10.0,83664.0,2698.0
2021-01-05 09:42:25.200,0.0068,0.0068,140.0,0.0067,10.0,83664.0,2698.0
2021-01-05 09:42:26.701,0.0068,0.0068,140.0,0.0067,30.0,83664.0,2698.0
2021-01-05 09:42:29.720,0.0068,0.0068,140.0,0.0067,30.0,83664.0,2698.0
2021-01-05 09:42:30.110,0.0068,0.0068,140.0,0.0067,30.0,83664.0,2698.0
2021-01-05 09:42:30.710,0.0068,0.0068,140.0,0.0067,30.0,83664.0,2698.0
2021-01-05 09:42:31.200,0.0068,0.0068,140.0,0.0067,30.0,83664.0,2698.0
2021-01-05 09:42:32.721,0.0068,0.0068,140.0,0.0067,50.0,83664.0,2698.0
2021-01-05 09:42:33.121,0.0068,0.0068,140.0,0.0067,30.0,83664.0,2698.0
2021-01-05 09:42:33.720,0.0068,0.0068,140.0,0.0067,30.0,83664.0,2698.0
2021-01-05 09:42:34.210,0.0068,0.0068,140.0,0.0067,30.0,83664.0,2698.0
2021-01-05 09:42:34.731,0.0068,0.0068,140.0,0.0067,30.0,83664.0,2698.0
2021-01-05 09:42:35.701,0.0068,0.0068,140.0,0.0067,30.0,83664.0,2698.0
2021-01-05 09:42:36.141,0.0068,0.0068,140.0,0.0067,30.0,83664.0,2698.0
2021-01-05 09:42:36.650,0.0068,0.0068,140.0,0.0067,30.0,83664.0,2698.0
2021-01-05 09:42:37.251,0.0068,0.0068,140.0,0.0067,30.0,83664.0,2698.0
2021-01-05 09:42:37.751,0.0068,0.0068,140.0,0.0067,30.0,83664.0,2698.0
2021-01-05 09:42:37.991,0.0068,0.0068,140.0,0.0067,45.0,83664.0,2698.0
2021-01-05 09:42:38.661,0.0068,0.0068,140.0,0.0067,45.0,83664.0,2698.0
2021-01-05 09:42:40.150,0.0068,0.0068,140.0,0.0067,45.0,83664.0,2698.0
2021-01-05 09:42:41.731,0.0068,0.0068,140.0,0.0067,10.0,83664.0,2698.0
2021-01-05 09:42:42.711,0.0068,0.0068,140.0,0.0067,30.0,83664.0,2698.0
2021-01-05 09:42:43.251,0.0068,0.0068,155.0,0.0067,10.0,83664.0,2698.0
2021-01-05 09:42:43.741,0.0068,0.0068,155.0,0.0067,30.0,83664.0,2698.0
2021-01-05 09:42:44.211,0.0068,0.0068,155.0,0.0067,10.0,83664.0,2698.0
2021-01-05 09:42:44.751,0.0068,0.0068,165.0,0.0067,10.0,83664.0,2698.0
2021-01-05 09:42:45.191,0.0068,0.0068,155.0,0.0067,30.0,83664.0,2698.0
2021-01-05 09:42:45.650,0.0068,0.0068,155.0,0.0067,10.0,83664.0,2698.0
2021-01-05 09:42:46.240,0.0068,0.0068,180.0,0.0067,10.0,83664.0,2698.0
2021-01-05 09:42:47.231,0.0067,0.0068,165.0,0.0066,85.0,83674.0,2708.0
2021-01-05 09:42:47.690,0.0067,0.0068,180.0,0.0066,85.0,83674.0,2708.0
2021-01-05 09:42:48.171,0.0067,0.0068,180.0,0.0066,85.0,83674.0,2708.0
2021-01-05 09:42:49.750,0.0067,0.0068,165.0,0.0066,100.0,83674.0,2708.0
2021-01-05 09:42:50.261,0.0067,0.0068,150.0,0.0066,100.0,83674.0,2708.0
2021-01-05 09:42:50.720,0.0067,0.0068,165.0,0.0066,85.0,83674.0,2708.0
2021-01-05 09:42:51.060,0.0068,0.0068,140.0,0.0066,100.0,83684.0,2718.0
2021-01-05 09:42:51.761,0.0068,0.0068,170.0,0.0066,85.0,83684.0,2718.0
2021-01-05 09:42:52.601,0.0068,0.0068,155.0,0.0066,85.0,83684.0,2718.0
2021-01-05 09:42:53.140,0.0068,0.0068,90.0,0.0066,85.0,83684.0,2768.0
2021-01-05 09:42:53.640,0.0068,0.0068,120.0,0.0066,85.0,83684.0,2768.0
2021-01-05 09:42:54.710,0.0068,0.0068,120.0,0.0066,85.0,83684.0,2768.0
2021-01-05 09:42:55.190,0.0068,0.0068,120.0,0.0066,85.0,83684.0,2768.0
2021-01-05 09:42:56.191,0.0068,0.0068,120.0,0.0066,85.0,83684.0,2768.0
2021-01-05 09:42:56.650,0.0068,0.0068,120.0,0.0066,85.0,83684.0,2768.0
2021-01-05 09:42:57.171,0.0068,0.0068,120.0,0.0066,85.0,83684.0,2768.0
2021-01-05 09:42:57.661,0.0068,0.0068,120.0,0.0066,85.0,83684.0,2768.0
2021-01-05 09:42:58.731,0.0068,0.0068,80.0,0.0066,100.0,83684.0,2768.0
2021-01-05 09:42:59.730,0.0068,0.0068,105.0,0.0066,85.0,83684.0,2768.0
2021-01-05 09:43:00.131,0.0068,0.0068,105.0,0.0066,85.0,83684.0,2768.0
2021-01-05 09:43:00.721,0.0068,0.0068,120.0,0.0066,85.0,83684.0,2768.0
2021-01-05 09:43:01.211,0.0068,0.0068,120.0,0.0066,85.0,83684.0,2768.0
2021-01-05 09:43:01.701,0.0068,0.0068,120.0,0.0066,85.0,83684.0,2768.0
2021-01-05 09:43:02.150,0.0068,0.0068,110.0,0.0066,85.0,83684.0,2768.0
2021-01-05 09:43:02.681,0.0068,0.0067,10.0,0.0066,85.0,83684.0,2768.0
2021-01-05 09:43:03.241,0.0068,0.0068,120.0,0.0066,85.0,83684.0,2768.0
2021-01-05 09:43:03.701,0.0068,0.0068,130.0,0.0066,85.0,83684.0,2768.0
2021-01-05 09:43:04.231,0.0068,0.0068,130.0,0.0066,85.0,83684.0,2768.0
2021-01-05 09:43:04.740,0.0068,0.0068,120.0,0.0066,85.0,83684.0,2768.0
2021-01-05 09:43:05.251,0.0068,0.0068,105.0,0.0066,100.0,83684.0,2768.0
2021-01-05 09:43:05.750,0.0068,0.0068,90.0,0.0066,100.0,83684.0,2768.0
2021-01-05 09:43:06.171,0.0068,0.0068,80.0,0.0066,100.0,83684.0,2768.0
2021-01-05 09:43:08.181,0.0068,0.0068,80.0,0.0066,100.0,83684.0,2768.0
2021-01-05 09:43:08.701,0.0068,0.0068,60.0,0.0066,110.0,83684.0,2768.0
2021-01-05 09:43:09.231,0.0066,0.0068,75.0,0.0066,94.0,83684.0,2769.0
2021-01-05 09:43:09.740,0.0066,0.0068,65.0,0.0066,94.0,83684.0,2769.0
2021-01-05 09:43:10.150,0.0066,0.0068,105.0,0.0066,64.0,83684.0,2769.0
2021-01-05 09:43:10.761,0.0066,0.0068,105.0,0.0066,74.0,83684.0,2769.0
2021-01-05 09:43:11.250,0.0066,0.0068,90.0,0.0067,20.0,83684.0,2769.0
2021-01-05 09:43:11.750,0.0066,0.0068,90.0,0.0067,20.0,83684.0,2769.0
2021-01-05 09:43:13.210,0.0066,0.0068,80.0,0.0067,20.0,83684.0,2769.0
2021-01-05 09:43:14.270,0.0066,0.0068,50.0,0.0067,20.0,83684.0,2769.0
2021-01-05 09:43:15.241,0.0066,0.0068,50.0,0.0067,65.0,83684.0,2769.0
2021-01-05 09:43:15.711,0.0066,0.0068,50.0,0.0067,70.0,83684.0,2769.0
2021-01-05 09:43:16.720,0.0066,0.0068,50.0,0.0067,70.0,83684.0,2769.0
2021-01-05 09:43:17.271,0.0066,0.0068,50.0,0.0067,70.0,83684.0,2769.0
2021-01-05 09:43:17.771,0.0066,0.0068,50.0,0.0067,70.0,83684.0,2769.0
2021-01-05 09:43:18.270,0.0066,0.0068,50.0,0.0067,70.0,83684.0,2769.0
2021-01-05 09:43:20.731,0.0066,0.0068,50.0,0.0067,90.0,83684.0,2769.0
2021-01-05 09:43:21.271,0.0068,0.0068,25.0,0.0067,60.0,83684.0,2809.0
2021-01-05 09:43:21.701,0.0068,0.0068,70.0,0.0067,60.0,83684.0,2809.0
2021-01-05 09:43:22.281,0.0068,0.0068,55.0,0.0067,60.0,83684.0,2809.0
2021-01-05 09:43:22.641,0.0068,0.0068,45.0,0.0067,60.0,83684.0,2809.0
2021-01-05 09:43:23.651,0.0068,0.0068,45.0,0.0067,60.0,83684.0,2809.0
2021-01-05 09:43:24.120,0.0068,0.0068,45.0,0.0067,60.0,83684.0,2809.0
2021-01-05 09:43:25.201,0.0068,0.0068,45.0,0.0067,60.0,83684.0,2809.0
2021-01-05 09:43:25.701,0.0068,0.0068,60.0,0.0067,60.0,83684.0,2809.0
2021-01-05 09:43:26.181,0.0067,0.0067,3.0,0.0066,94.0,83664.0,2849.0
2021-01-05 09:43:26.621,0.0067,0.0067,49.0,0.0066,132.0,83664.0,2849.0
2021-01-05 09:43:27.190,0.0067,0.0067,60.0,0.0066,128.0,83664.0,2849.0
2021-01-05 09:43:27.591,0.0067,0.0067,60.0,0.0066,150.0,83664.0,2849.0
2021-01-05 09:43:28.091,0.0067,0.0067,60.0,0.0066,143.0,83664.0,2849.0
2021-01-05 09:43:28.700,0.0067,0.0067,60.0,0.0066,159.0,83664.0,2849.0
2021-01-05 09:43:29.080,0.0066,0.0067,60.0,0.0066,137.0,83671.0,2856.0
2021-01-05 09:43:30.050,0.0066,0.0067,70.0,0.0066,152.0,83671.0,2856.0
2021-01-05 09:43:30.701,0.0066,0.0067,70.0,0.0066,152.0,83671.0,2856.0
2021-01-05 09:43:31.111,0.0066,0.0067,70.0,0.0066,137.0,83671.0,2856.0
2021-01-05 09:43:31.720,0.0066,0.0067,70.0,0.0066,137.0,83671.0,2856.0
2021-01-05 09:43:32.181,0.0066,0.0067,70.0,0.0066,116.0,83671.0,2877.0
2021-01-05 09:43:32.711,0.0066,0.0067,70.0,0.0066,99.0,83661.0,2894.0
2021-01-05 09:43:33.141,0.0066,0.0067,60.0,0.0066,52.0,83618.0,2956.0
2021-01-05 09:43:33.670,0.0066,0.0067,60.0,0.0066,67.0,83618.0,2956.0
2021-01-05 09:43:34.221,0.0066,0.0067,60.0,0.0066,67.0,83618.0,2956.0
2021-01-05 09:43:34.691,0.0066,0.0067,70.0,0.0066,67.0,83618.0,2956.0
2021-01-05 09:43:35.160,0.0066,0.0067,70.0,0.0066,82.0,83618.0,2956.0
2021-01-05 09:43:35.681,0.0066,0.0067,70.0,0.0066,87.0,83618.0,2956.0
2021-01-05 09:43:36.661,0.0066,0.0067,70.0,0.0066,87.0,83618.0,2956.0
2021-01-05 09:43:37.181,0.0066,0.0067,70.0,0.0066,102.0,83618.0,2956.0
2021-01-05 09:43:37.631,0.0066,0.0067,70.0,0.0066,87.0,83618.0,2956.0
2021-01-05 09:43:38.221,0.0066,0.0067,70.0,0.0066,87.0,83618.0,2956.0
2021-01-05 09:43:38.680,0.0066,0.0067,70.0,0.0066,87.0,83618.0,2956.0
2021-01-05 09:43:39.241,0.0066,0.0067,70.0,0.0066,87.0,83618.0,2956.0
2021-01-05 09:43:39.711,0.0066,0.0067,70.0,0.0066,102.0,83618.0,2956.0
2021-01-05 09:43:40.230,0.0066,0.0067,70.0,0.0066,87.0,83618.0,2956.0
2021-01-05 09:43:40.731,0.0066,0.0067,70.0,0.0066,102.0,83618.0,2956.0
2021-01-05 09:43:41.231,0.0066,0.0067,70.0,0.0066,87.0,83618.0,2956.0
2021-01-05 09:43:41.671,0.0066,0.0067,70.0,0.0066,80.0,83618.0,2956.0
2021-01-05 09:43:42.191,0.0066,0.0067,70.0,0.0066,80.0,83618.0,2956.0
2021-01-05 09:43:43.231,0.0067,0.0067,47.0,0.0066,95.0,83605.0,2969.0
2021-01-05 09:43:43.711,0.0067,0.0067,57.0,0.0066,95.0,83605.0,2969.0
2021-01-05 09:43:44.251,0.0067,0.0067,57.0,0.0066,80.0,83605.0,2969.0
2021-01-05 09:43:44.670,0.0067,0.0067,57.0,0.0066,95.0,83605.0,2969.0
2021-01-05 09:43:45.221,0.0067,0.0067,57.0,0.0066,100.0,83605.0,2969.0
2021-01-05 09:43:46.151,0.0067,0.0067,57.0,0.0066,100.0,83605.0,2969.0
2021-01-05 09:43:46.750,0.0067,0.0067,57.0,0.0066,115.0,83605.0,2969.0
2021-01-05 09:43:46.990,0.0067,0.0067,57.0,0.0066,100.0,83605.0,2969.0
2021-01-05 09:43:48.220,0.0067,0.0067,57.0,0.0066,100.0,83605.0,2969.0
2021-01-05 09:43:48.721,0.0067,0.0067,47.0,0.0066,115.0,83605.0,2969.0
2021-01-05 09:43:49.601,0.0067,0.0067,57.0,0.0066,100.0,83605.0,2969.0
2021-01-05 09:43:50.170,0.0067,0.0067,57.0,0.0066,115.0,83605.0,2969.0
