,last,ask1,asize1,bid1,bsize1,oi,volume
2021-01-05 09:25:00.080,,0.0628,1.0,0.0575,1.0,7704.0,
2021-01-05 09:30:00.451,,0.0628,1.0,0.0575,1.0,7704.0,
2021-01-05 09:30:00.991,,0.0628,1.0,0.0568,1.0,7704.0,
2021-01-05 09:30:01.450,,0.0675,1.0,0.0568,1.0,7704.0,
2021-01-05 09:30:01.990,,0.0675,1.0,0.0568,1.0,7704.0,
2021-01-05 09:30:02.511,,0.064,20.0,0.0595,20.0,7704.0,
2021-01-05 09:30:02.611,,0.064,20.0,0.0595,20.0,7704.0,
2021-01-05 09:30:03.980,,0.064,20.0,0.0593,20.0,7704.0,
2021-01-05 09:30:04.430,,0.064,20.0,0.0595,20.0,7704.0,
2021-01-05 09:30:05.010,,0.0675,1.0,0.0593,20.0,7704.0,
2021-01-05 09:30:05.481,,0.0643,20.0,0.0597,20.0,7704.0,
2021-01-05 09:30:05.990,,0.0675,1.0,0.0597,20.0,7704.0,
2021-01-05 09:30:07.471,,0.0648,20.0,0.0603,20.0,7704.0,
2021-01-05 09:30:13.000,,0.0646,20.0,0.0601,20.0,7704.0,
2021-01-05 09:30:15.520,,0.0646,20.0,0.0599,20.0,7704.0,
2021-01-05 09:30:16.531,,0.0646,20.0,0.0599,20.0,7704.0,
2021-01-05 09:30:17.021,,0.0646,20.0,0.0597,20.0,7704.0,
2021-01-05 09:30:17.641,,0.0644,20.0,0.0597,20.0,7704.0,
2021-01-05 09:30:18.231,,0.0642,20.0,0.0597,20.0,7704.0,
2021-01-05 09:30:19.751,,0.0642,20.0,0.0595,20.0,7704.0,
2021-01-05 09:30:21.241,,0.0642,20.0,0.0597,20.0,7704.0,
2021-01-05 09:30:22.240,,0.0644,20.0,0.0598,20.0,7704.0,
2021-01-05 09:30:24.161,,0.0675,1.0,0.0595,20.0,7704.0,
2021-01-05 09:30:24.661,,0.0645,20.0,0.06,20.0,7704.0,
2021-01-05 09:30:25.160,,0.0645,20.0,0.06,20.0,7704.0,
2021-01-05 09:30:30.620,,0.0645,20.0,0.0598,20.0,7704.0,
2021-01-05 09:30:31.661,,0.0643,20.0,0.0598,20.0,7704.0,
2021-01-05 09:30:32.631,,0.0642,20.0,0.0596,20.0,7704.0,
2021-01-05 09:30:42.671,,0.064,20.0,0.0596,20.0,7704.0,
2021-01-05 09:30:43.180,,0.064,20.0,0.0597,13.0,7704.0,
2021-01-05 09:30:43.681,,0.064,30.0,0.0597,13.0,7704.0,
2021-01-05 09:30:45.710,,0.0638,20.0,0.0597,13.0,7704.0,
2021-01-05 09:30:46.701,,0.0638,20.0,0.0597,13.0,7704.0,
2021-01-05 09:30:55.081,,0.0636,20.0,0.0597,13.0,7704.0,
2021-01-05 09:30:55.671,,0.0636,30.0,0.0597,23.0,7704.0,
2021-01-05 09:31:00.681,,0.0636,30.0,0.0597,23.0,7704.0,
2021-01-05 09:31:01.150,,0.0636,30.0,0.0597,23.0,7704.0,
2021-01-05 09:31:02.170,,0.0636,10.0,0.0597,23.0,7704.0,
2021-01-05 09:31:02.681,,0.0636,30.0,0.0597,43.0,7704.0,
2021-01-05 09:31:03.131,,0.0632,1.0,0.0597,43.0,7704.0,
2021-01-05 09:31:03.680,,0.0632,21.0,0.0597,43.0,7704.0,
2021-01-05 09:31:04.181,,0.0632,21.0,0.061,10.0,7704.0,
2021-01-05 09:31:04.671,,0.0632,21.0,0.061,10.0,7704.0,
2021-01-05 09:31:05.190,,0.0632,21.0,0.061,10.0,7704.0,
2021-01-05 09:31:05.670,,0.0632,21.0,0.061,10.0,7704.0,
2021-01-05 09:31:06.681,,0.0632,21.0,0.061,10.0,7704.0,
2021-01-05 09:31:11.701,,0.0632,21.0,0.061,10.0,7704.0,
2021-01-05 09:31:17.710,,0.0632,21.0,0.0609,30.0,7704.0,
2021-01-05 09:31:19.150,,0.0629,10.0,0.0609,10.0,7704.0,
2021-01-05 09:31:19.721,,0.0629,40.0,0.0609,20.0,7704.0,
2021-01-05 09:31:20.171,,0.0629,40.0,0.0607,30.0,7704.0,
2021-01-05 09:31:20.630,,0.0629,40.0,0.0604,20.0,7704.0,
2021-01-05 09:31:21.221,,0.0629,40.0,0.0607,20.0,7704.0,
2021-01-05 09:31:21.671,,0.0629,40.0,0.0604,20.0,7704.0,
2021-01-05 09:31:22.211,,0.0629,40.0,0.0604,20.0,7704.0,
2021-01-05 09:31:22.620,,0.0626,10.0,0.0604,20.0,7704.0,
2021-01-05 09:31:23.171,,0.0626,40.0,0.0604,30.0,7704.0,
2021-01-05 09:31:23.640,,0.0626,40.0,0.0604,30.0,7704.0,
2021-01-05 09:31:24.161,,0.0626,40.0,0.0604,30.0,7704.0,
2021-01-05 09:31:24.660,,0.0625,10.0,0.0604,30.0,7704.0,
2021-01-05 09:31:25.150,,0.0622,10.0,0.0604,30.0,7704.0,
2021-01-05 09:31:25.640,,0.0622,20.0,0.0604,30.0,7704.0,
2021-01-05 09:31:26.101,,0.0622,10.0,0.0604,30.0,7704.0,
2021-01-05 09:31:28.610,,0.0622,10.0,0.0602,30.0,7704.0,
2021-01-05 09:31:29.171,,0.0622,20.0,0.0602,30.0,7704.0,
2021-01-05 09:31:30.170,,0.0622,20.0,0.0602,30.0,7704.0,
2021-01-05 09:31:30.671,,0.0621,10.0,0.0602,30.0,7704.0,
2021-01-05 09:31:31.101,,0.0621,20.0,0.0602,30.0,7704.0,
2021-01-05 09:31:32.191,,0.0621,20.0,0.0602,30.0,7704.0,
2021-01-05 09:31:33.190,,0.0621,30.0,0.0602,20.0,7704.0,
2021-01-05 09:31:33.610,,0.0621,30.0,0.0602,10.0,7704.0,
2021-01-05 09:31:34.181,,0.062,10.0,0.0602,10.0,7704.0,
2021-01-05 09:31:34.681,,0.0621,40.0,0.0602,10.0,7704.0,
2021-01-05 09:31:35.190,,0.0621,40.0,0.0602,30.0,7704.0,
2021-01-05 09:31:35.670,,0.062,10.0,0.0602,30.0,7704.0,
2021-01-05 09:31:36.181,,0.062,3.0,0.0602,30.0,7704.0,
2021-01-05 09:31:37.620,,0.062,3.0,0.0602,10.0,7704.0,
2021-01-05 09:31:38.190,,0.062,13.0,0.0602,10.0,7704.0,
2021-01-05 09:31:39.210,,0.062,13.0,0.0602,10.0,7704.0,
2021-01-05 09:31:39.710,,0.0618,12.0,0.0602,10.0,7704.0,
2021-01-05 09:31:40.200,,0.0612,10.0,0.0601,10.0,7704.0,
2021-01-05 09:31:40.711,,0.061,12.0,0.0599,10.0,7704.0,
2021-01-05 09:31:41.191,,0.061,22.0,0.0598,10.0,7704.0,
2021-01-05 09:31:41.691,,0.0608,12.0,0.0598,10.0,7704.0,
2021-01-05 09:31:42.211,,0.0608,22.0,0.0596,10.0,7704.0,
2021-01-05 09:31:43.710,,0.0608,22.0,0.0594,30.0,7704.0,
2021-01-05 09:31:44.190,,0.0608,10.0,0.0594,30.0,7704.0,
2021-01-05 09:31:45.170,,0.0608,13.0,0.0594,30.0,7704.0,
2021-01-05 09:31:45.700,,0.0608,13.0,0.0594,10.0,7704.0,
2021-01-05 09:31:46.011,,0.0608,13.0,0.0594,10.0,7704.0,
2021-01-05 09:31:46.701,,0.0608,13.0,0.0594,10.0,7704.0,
2021-01-05 09:31:47.191,,0.0608,13.0,0.0594,10.0,7704.0,
2021-01-05 09:31:47.711,,0.0608,13.0,0.0594,10.0,7704.0,
2021-01-05 09:31:49.221,,0.0608,33.0,0.0594,10.0,7704.0,
2021-01-05 09:31:50.191,,0.0608,33.0,0.0594,10.0,7704.0,
2021-01-05 09:31:50.710,,0.0608,33.0,0.0592,10.0,7704.0,
2021-01-05 09:31:51.210,,0.0608,33.0,0.0592,10.0,7704.0,
2021-01-05 09:31:51.701,,0.0608,45.0,0.0592,10.0,7704.0,
2021-01-05 09:31:52.220,,0.0608,33.0,0.0592,10.0,7704.0,
2021-01-05 09:31:52.621,,0.0608,33.0,0.0592,10.0,7704.0,
2021-01-05 09:31:53.640,,0.0608,33.0,0.0592,10.0,7704.0,
2021-01-05 09:31:53.640,,0.0608,33.0,0.0592,10.0,7704.0,
2021-01-05 09:31:54.151,,0.0608,45.0,0.0592,10.0,7704.0,
2021-01-05 09:31:55.150,,0.0607,3.0,0.0592,10.0,7704.0,
2021-01-05 09:31:56.110,,0.0607,3.0,0.0592,10.0,7704.0,
2021-01-05 09:31:57.171,,0.0607,3.0,0.0592,10.0,7704.0,
2021-01-05 09:31:58.171,,0.0607,3.0,0.0592,10.0,7704.0,
2021-01-05 09:31:58.640,,0.0607,3.0,0.0592,10.0,7704.0,
2021-01-05 09:32:01.170,,0.0607,15.0,0.0592,10.0,7704.0,
2021-01-05 09:32:02.171,,0.0601,10.0,0.0592,10.0,7704.0,
2021-01-05 09:32:02.671,,0.0601,40.0,0.0588,10.0,7704.0,
2021-01-05 09:32:03.180,,0.0601,40.0,0.0588,10.0,7704.0,
2021-01-05 09:32:03.641,,0.0601,40.0,0.0588,10.0,7704.0,
2021-01-05 09:32:04.161,,0.0601,40.0,0.0588,10.0,7704.0,
2021-01-05 09:32:04.661,,0.0601,40.0,0.0588,10.0,7704.0,
2021-01-05 09:32:05.141,,0.0601,40.0,0.0588,10.0,7704.0,
2021-01-05 09:32:05.660,,0.0601,40.0,0.0588,10.0,7704.0,
2021-01-05 09:32:06.161,,0.0601,40.0,0.0588,10.0,7704.0,
2021-01-05 09:32:06.680,,0.0601,40.0,0.0587,10.0,7704.0,
2021-01-05 09:32:07.070,,0.0601,40.0,0.0587,10.0,7704.0,
2021-01-05 09:32:08.171,,0.0601,40.0,0.0587,10.0,7704.0,
2021-01-05 09:32:08.670,,0.0601,40.0,0.0587,10.0,7704.0,
2021-01-05 09:32:09.141,,0.0601,40.0,0.0587,10.0,7704.0,
2021-01-05 09:32:09.681,,0.0601,40.0,0.0587,10.0,7704.0,
2021-01-05 09:32:10.161,,0.0601,40.0,0.0587,10.0,7704.0,
2021-01-05 09:32:10.630,,0.0601,40.0,0.0587,10.0,7704.0,
2021-01-05 09:32:11.650,,0.0601,40.0,0.0587,10.0,7704.0,
2021-01-05 09:32:12.161,,0.0601,40.0,0.0587,10.0,7704.0,
2021-01-05 09:32:12.670,,0.0601,30.0,0.0589,10.0,7704.0,
2021-01-05 09:32:13.171,,0.0601,30.0,0.0589,20.0,7704.0,
2021-01-05 09:32:14.660,,0.0601,30.0,0.0589,20.0,7704.0,
2021-01-05 09:32:15.171,,0.0601,30.0,0.0589,20.0,7704.0,
2021-01-05 09:32:15.671,,0.0601,30.0,0.0589,10.0,7704.0,
2021-01-05 09:32:17.161,,0.0601,30.0,0.0589,10.0,7704.0,
2021-01-05 09:32:17.651,,0.0601,33.0,0.0589,10.0,7704.0,
2021-01-05 09:32:18.670,,0.0601,33.0,0.0587,20.0,7704.0,
2021-01-05 09:32:20.151,,0.0601,33.0,0.0587,20.0,7704.0,
2021-01-05 09:32:20.671,,0.0601,33.0,0.0587,20.0,7704.0,
2021-01-05 09:32:21.171,,0.0601,33.0,0.0587,20.0,7704.0,
2021-01-05 09:32:21.680,,0.0601,33.0,0.059,10.0,7704.0,
2021-01-05 09:32:22.660,,0.0601,33.0,0.059,20.0,7704.0,
2021-01-05 09:32:23.180,,0.0601,30.0,0.059,20.0,7704.0,
2021-01-05 09:32:25.170,,0.0601,30.0,0.059,20.0,7704.0,
2021-01-05 09:32:25.670,,0.0601,30.0,0.059,20.0,7704.0,
2021-01-05 09:32:26.171,,0.0601,30.0,0.059,20.0,7704.0,
2021-01-05 09:32:26.650,,0.06,10.0,0.059,10.0,7704.0,
2021-01-05 09:32:27.641,,0.06,20.0,0.059,10.0,7704.0,
2021-01-05 09:32:28.171,,0.06,20.0,0.059,10.0,7704.0,
2021-01-05 09:32:28.630,,0.06,20.0,0.059,10.0,7704.0,
2021-01-05 09:32:29.650,,0.06,20.0,0.0588,10.0,7704.0,
2021-01-05 09:32:30.171,,0.06,20.0,0.0588,10.0,7704.0,
2021-01-05 09:32:31.151,,0.06,20.0,0.0588,10.0,7704.0,
2021-01-05 09:32:32.121,,0.06,20.0,0.0588,10.0,7704.0,
2021-01-05 09:32:33.141,,0.06,20.0,0.0588,10.0,7704.0,
2021-01-05 09:32:34.691,,0.06,20.0,0.0588,10.0,7704.0,
2021-01-05 09:32:39.200,,0.06,20.0,0.0588,10.0,7704.0,
2021-01-05 09:32:41.690,,0.06,20.0,0.0588,10.0,7704.0,
2021-01-05 09:32:42.201,,0.06,20.0,0.0588,10.0,7704.0,
2021-01-05 09:32:44.700,,0.06,20.0,0.0588,10.0,7704.0,
2021-01-05 09:32:45.190,,0.06,20.0,0.0588,10.0,7704.0,
2021-01-05 09:32:45.580,,0.06,20.0,0.0588,10.0,7704.0,
2021-01-05 09:32:47.701,,0.06,20.0,0.0588,10.0,7704.0,
2021-01-05 09:32:48.690,,0.06,20.0,0.0588,10.0,7704.0,
2021-01-05 09:32:49.190,,0.06,20.0,0.0588,10.0,7704.0,
2021-01-05 09:32:49.670,,0.0598,10.0,0.0588,10.0,7704.0,
2021-01-05 09:32:50.171,,0.0598,20.0,0.0587,10.0,7704.0,
2021-01-05 09:32:50.650,,0.0598,20.0,0.0587,10.0,7704.0,
2021-01-05 09:32:51.170,,0.0598,20.0,0.0587,10.0,7704.0,
2021-01-05 09:32:51.701,,0.0598,40.0,0.0587,10.0,7704.0,
2021-01-05 09:32:51.701,,0.0598,40.0,0.0587,10.0,7704.0,
2021-01-05 09:32:53.161,,0.0598,40.0,0.0587,10.0,7704.0,
2021-01-05 09:32:53.641,,0.0598,40.0,0.0587,10.0,7704.0,
2021-01-05 09:32:53.641,,0.0598,40.0,0.0587,10.0,7704.0,
2021-01-05 09:32:55.670,,0.0598,43.0,0.0587,10.0,7704.0,
2021-01-05 09:32:56.150,,0.0598,43.0,0.0587,10.0,7704.0,
2021-01-05 09:32:56.611,,0.0598,43.0,0.0587,10.0,7704.0,
2021-01-05 09:32:57.151,,0.0598,43.0,0.0587,10.0,7704.0,
2021-01-05 09:32:57.181,,0.0598,43.0,0.0587,10.0,7704.0,
2021-01-05 09:32:58.171,,0.0598,43.0,0.0587,10.0,7704.0,
2021-01-05 09:32:59.621,,0.0598,43.0,0.0587,10.0,7704.0,
2021-01-05 09:33:01.141,0.0587,0.0598,43.0,0.0586,10.0,7704.0,10.0
2021-01-05 09:33:01.600,0.0587,0.0598,43.0,0.0586,10.0,7704.0,10.0
2021-01-05 09:33:02.620,0.0587,0.0598,33.0,0.0586,10.0,7704.0,10.0
2021-01-05 09:33:03.171,0.0587,0.0598,33.0,0.0586,10.0,7704.0,10.0
2021-01-05 09:33:03.681,0.0587,0.0598,33.0,0.0586,10.0,7704.0,10.0
2021-01-05 09:33:04.140,0.0587,0.0598,13.0,0.0586,10.0,7704.0,10.0
2021-01-05 09:33:04.651,0.0587,0.0598,30.0,0.0586,10.0,7704.0,10.0
2021-01-05 09:33:05.181,0.0587,0.0598,10.0,0.0586,10.0,7704.0,10.0
2021-01-05 09:33:05.690,0.0587,0.0598,10.0,0.0586,10.0,7704.0,10.0
2021-01-05 09:33:06.170,0.0587,0.0598,30.0,0.0586,10.0,7704.0,10.0
2021-01-05 09:33:06.681,0.0587,0.0598,30.0,0.0586,10.0,7704.0,10.0
2021-01-05 09:33:07.171,0.0587,0.0598,30.0,0.0586,10.0,7704.0,10.0
2021-01-05 09:33:07.601,0.0587,0.0598,30.0,0.0586,10.0,7704.0,10.0
2021-01-05 09:33:08.191,0.0587,0.0598,30.0,0.0586,10.0,7704.0,10.0
2021-01-05 09:33:08.681,0.0587,0.0598,30.0,0.0586,10.0,7704.0,10.0
2021-01-05 09:33:09.181,0.0587,0.0598,30.0,0.0586,10.0,7704.0,10.0
2021-01-05 09:33:10.681,0.0587,0.0598,30.0,0.0586,10.0,7704.0,10.0
2021-01-05 09:33:11.670,0.0587,0.0598,30.0,0.0586,10.0,7704.0,10.0
2021-01-05 09:33:12.650,0.0587,0.0598,30.0,0.0586,10.0,7704.0,10.0
2021-01-05 09:33:13.100,0.0587,0.0598,30.0,0.0586,10.0,7704.0,10.0
2021-01-05 09:33:14.650,0.0587,0.0598,30.0,0.0586,10.0,7704.0,10.0
2021-01-05 09:33:15.140,0.0587,0.0598,30.0,0.0586,10.0,7704.0,10.0
2021-01-05 09:33:15.651,0.0587,0.0598,30.0,0.0586,10.0,7704.0,10.0
2021-01-05 09:33:16.171,0.0587,0.0598,30.0,0.059,10.0,7704.0,10.0
2021-01-05 09:33:16.671,0.0587,0.0598,30.0,0.059,20.0,7704.0,10.0
2021-01-05 09:33:17.190,0.0587,0.0598,30.0,0.059,20.0,7704.0,10.0
2021-01-05 09:33:17.691,0.0587,0.0598,30.0,0.059,10.0,7704.0,10.0
2021-01-05 09:33:18.680,0.0587,0.0598,30.0,0.059,20.0,7704.0,10.0
2021-01-05 09:33:19.191,0.0587,0.0598,30.0,0.059,20.0,7704.0,10.0
2021-01-05 09:33:19.660,0.0587,0.0598,30.0,0.059,20.0,7704.0,10.0
2021-01-05 09:33:20.680,0.0587,0.0598,30.0,0.059,20.0,7704.0,10.0
2021-01-05 09:33:21.160,0.0587,0.0598,10.0,0.059,20.0,7704.0,10.0
2021-01-05 09:33:22.670,0.0587,0.0598,10.0,0.059,20.0,7704.0,10.0
2021-01-05 09:33:23.660,0.0587,0.0598,10.0,0.059,20.0,7704.0,10.0
2021-01-05 09:33:23.660,0.0587,0.0598,10.0,0.059,10.0,7704.0,10.0
2021-01-05 09:33:24.661,0.0587,0.0598,10.0,0.059,10.0,7704.0,10.0
2021-01-05 09:33:25.151,0.0587,0.0598,10.0,0.059,20.0,7704.0,10.0
2021-01-05 09:33:25.671,0.0587,0.0598,10.0,0.059,20.0,7704.0,10.0
2021-01-05 09:33:26.161,0.0587,0.0598,30.0,0.059,20.0,7704.0,10.0
2021-01-05 09:33:26.651,0.0587,0.0598,10.0,0.059,20.0,7704.0,10.0
2021-01-05 09:33:27.171,0.0587,0.0598,10.0,0.059,20.0,7704.0,10.0
2021-01-05 09:33:27.681,0.0587,0.0598,10.0,0.059,20.0,7704.0,10.0
2021-01-05 09:33:28.670,0.0587,0.0598,10.0,0.059,20.0,7704.0,10.0
2021-01-05 09:33:29.681,0.0587,0.0598,10.0,0.059,20.0,7704.0,10.0
2021-01-05 09:33:31.680,0.0587,0.0598,10.0,0.059,20.0,7704.0,10.0
2021-01-05 09:33:36.681,0.0587,0.0598,10.0,0.059,20.0,7704.0,10.0
2021-01-05 09:33:37.190,0.0587,0.0598,10.0,0.059,20.0,7704.0,10.0
2021-01-05 09:33:37.640,0.0587,0.0598,10.0,0.059,20.0,7704.0,10.0
2021-01-05 09:33:38.621,0.0587,0.0598,10.0,0.059,20.0,7704.0,10.0
2021-01-05 09:33:39.201,0.0587,0.0598,10.0,0.059,20.0,7704.0,10.0
2021-01-05 09:33:39.641,0.0587,0.0598,10.0,0.059,20.0,7704.0,10.0
2021-01-05 09:33:40.160,0.0587,0.0598,10.0,0.059,20.0,7704.0,10.0
2021-01-05 09:33:40.690,0.0587,0.0598,10.0,0.059,10.0,7704.0,10.0
2021-01-05 09:33:42.160,0.0587,0.0598,10.0,0.059,10.0,7704.0,10.0
2021-01-05 09:33:42.640,0.0587,0.0598,10.0,0.059,10.0,7704.0,10.0
2021-01-05 09:33:43.180,0.0587,0.0598,10.0,0.059,10.0,7704.0,10.0
2021-01-05 09:33:44.110,0.0587,0.0598,10.0,0.059,10.0,7704.0,10.0
2021-01-05 09:33:46.680,0.0587,0.0598,10.0,0.059,10.0,7704.0,10.0
2021-01-05 09:33:47.191,0.0587,0.0598,10.0,0.059,10.0,7704.0,10.0
2021-01-05 09:33:50.130,0.0587,0.0598,10.0,0.059,10.0,7704.0,10.0
2021-01-05 09:33:51.581,0.0587,0.0598,10.0,0.059,10.0,7704.0,10.0
2021-01-05 09:33:52.661,0.0587,0.0598,10.0,0.059,10.0,7704.0,10.0
2021-01-05 09:33:53.650,0.0587,0.0598,10.0,0.0589,10.0,7704.0,10.0
2021-01-05 09:33:54.180,0.0587,0.0598,10.0,0.0588,10.0,7704.0,10.0
2021-01-05 09:33:54.610,0.0587,0.0598,10.0,0.0588,10.0,7704.0,10.0
2021-01-05 09:33:55.181,0.0587,0.0598,10.0,0.0588,10.0,7704.0,10.0
2021-01-05 09:33:55.650,0.0587,0.0598,10.0,0.0588,10.0,7704.0,10.0
2021-01-05 09:33:56.120,0.0587,0.0598,10.0,0.0588,10.0,7704.0,10.0
2021-01-05 09:33:57.171,0.0587,0.0598,10.0,0.0588,10.0,7704.0,10.0
2021-01-05 09:33:57.671,0.0587,0.0598,10.0,0.0588,10.0,7704.0,10.0
2021-01-05 09:33:58.170,0.0587,0.0598,10.0,0.0588,10.0,7704.0,10.0
2021-01-05 09:33:59.140,0.0587,0.0598,10.0,0.0588,10.0,7704.0,10.0
2021-01-05 09:33:59.690,0.0587,0.0598,10.0,0.0588,10.0,7704.0,10.0
2021-01-05 09:34:00.671,0.0587,0.0598,10.0,0.0588,10.0,7704.0,10.0
2021-01-05 09:34:01.140,0.0587,0.0598,10.0,0.0588,10.0,7704.0,10.0
2021-01-05 09:34:01.661,0.0587,0.0598,10.0,0.0588,10.0,7704.0,10.0
2021-01-05 09:34:01.951,0.0587,0.0598,10.0,0.0588,10.0,7704.0,10.0
2021-01-05 09:34:03.171,0.0587,0.0598,10.0,0.0588,10.0,7704.0,10.0
2021-01-05 09:34:05.121,0.0587,0.0598,10.0,0.0588,10.0,7704.0,10.0
2021-01-05 09:34:06.671,0.0587,0.0594,10.0,0.0588,10.0,7704.0,10.0
2021-01-05 09:34:07.130,0.0587,0.0594,40.0,0.0587,10.0,7704.0,10.0
2021-01-05 09:34:07.651,0.0587,0.0594,40.0,0.0587,10.0,7704.0,10.0
2021-01-05 09:34:08.171,0.0587,0.0594,40.0,0.0587,10.0,7704.0,10.0
2021-01-05 09:34:08.690,0.0587,0.0594,40.0,0.0587,10.0,7704.0,10.0
2021-01-05 09:34:09.670,0.0587,0.0594,40.0,0.0587,10.0,7704.0,10.0
2021-01-05 09:34:10.140,0.0587,0.0594,40.0,0.0586,10.0,7704.0,10.0
2021-01-05 09:34:10.690,0.0587,0.0594,40.0,0.0586,10.0,7704.0,10.0
2021-01-05 09:34:11.151,0.0587,0.0594,40.0,0.0585,10.0,7704.0,10.0
2021-01-05 09:34:11.681,0.0587,0.0594,40.0,0.0585,10.0,7704.0,10.0
2021-01-05 09:34:12.121,0.0587,0.0594,40.0,0.0585,10.0,7704.0,10.0
2021-01-05 09:34:12.640,0.0587,0.0594,40.0,0.0585,10.0,7704.0,10.0
2021-01-05 09:34:13.191,0.0587,0.0594,40.0,0.0585,10.0,7704.0,10.0
2021-01-05 09:34:13.681,0.0587,0.0594,40.0,0.0585,10.0,7704.0,10.0
2021-01-05 09:34:14.181,0.0587,0.0594,40.0,0.0585,10.0,7704.0,10.0
2021-01-05 09:34:14.691,0.0587,0.0594,20.0,0.0585,10.0,7704.0,10.0
2021-01-05 09:34:15.181,0.0587,0.0594,20.0,0.0585,10.0,7704.0,10.0
2021-01-05 09:34:15.681,0.0587,0.0594,20.0,0.0585,10.0,7704.0,10.0
2021-01-05 09:34:15.900,0.0587,0.0594,20.0,0.0585,10.0,7704.0,10.0
2021-01-05 09:34:17.181,0.0587,0.0594,20.0,0.0585,10.0,7704.0,10.0
2021-01-05 09:34:17.690,0.0587,0.0594,20.0,0.0585,10.0,7704.0,10.0
2021-01-05 09:34:18.201,0.0587,0.0594,20.0,0.0585,10.0,7704.0,10.0
2021-01-05 09:34:19.700,0.0587,0.0594,20.0,0.0585,10.0,7704.0,10.0
2021-01-05 09:34:20.180,0.0587,0.0594,20.0,0.0585,10.0,7704.0,10.0
2021-01-05 09:34:20.651,0.0587,0.0594,20.0,0.0585,10.0,7704.0,10.0
2021-01-05 09:34:21.690,0.0587,0.0594,20.0,0.0585,10.0,7704.0,10.0
2021-01-05 09:34:22.651,0.0587,0.0594,20.0,0.0585,10.0,7704.0,10.0
2021-01-05 09:34:25.171,0.0587,0.0594,20.0,0.0585,10.0,7704.0,10.0
2021-01-05 09:34:26.641,0.0587,0.0592,12.0,0.0585,10.0,7704.0,10.0
2021-01-05 09:34:27.150,0.0587,0.0592,22.0,0.0585,10.0,7704.0,10.0
2021-01-05 09:34:27.580,0.0587,0.059,12.0,0.0585,10.0,7704.0,10.0
2021-01-05 09:34:28.120,0.0587,0.059,22.0,0.0584,10.0,7704.0,10.0
2021-01-05 09:34:28.621,0.0587,0.0588,12.0,0.0584,10.0,7704.0,10.0
2021-01-05 09:34:29.090,0.0587,0.0588,22.0,0.0583,10.0,7704.0,10.0
2021-01-05 09:34:29.601,0.0587,0.0586,12.0,0.0583,10.0,7704.0,10.0
2021-01-05 09:34:30.141,0.0587,0.0586,12.0,0.0582,10.0,7704.0,10.0
2021-01-05 09:34:30.671,0.0587,0.0586,12.0,0.0582,10.0,7704.0,10.0
2021-01-05 09:34:31.190,0.0587,0.0586,12.0,0.0582,10.0,7704.0,10.0
2021-01-05 09:34:31.691,0.0587,0.0586,12.0,0.0582,20.0,7704.0,10.0
2021-01-05 09:34:32.690,0.0587,0.0586,12.0,0.0582,20.0,7704.0,10.0
2021-01-05 09:34:33.691,0.0587,0.0586,12.0,0.0582,20.0,7704.0,10.0
2021-01-05 09:34:34.171,0.0587,0.0586,12.0,0.0582,20.0,7704.0,10.0
2021-01-05 09:34:34.640,0.0587,0.0585,12.0,0.0582,20.0,7704.0,10.0
2021-01-05 09:34:35.130,0.0587,0.0585,12.0,0.0582,20.0,7704.0,10.0
2021-01-05 09:34:35.670,0.0587,0.0585,22.0,0.0582,10.0,7704.0,10.0
2021-01-05 09:34:36.171,0.0587,0.0583,12.0,0.0582,20.0,7704.0,10.0
2021-01-05 09:34:36.680,0.0587,0.0584,12.0,0.0582,10.0,7704.0,10.0
2021-01-05 09:34:37.161,0.0587,0.0583,12.0,0.0582,10.0,7704.0,10.0
2021-01-05 09:34:37.700,0.0587,0.0584,12.0,0.0582,10.0,7704.0,10.0
2021-01-05 09:34:38.171,0.0587,0.0583,12.0,0.0581,10.0,7704.0,10.0
2021-01-05 09:34:38.690,0.0587,0.0584,12.0,0.0581,10.0,7704.0,10.0
2021-01-05 09:34:39.091,0.0587,0.0584,12.0,0.0581,10.0,7704.0,10.0
2021-01-05 09:34:39.470,0.0587,0.0584,12.0,0.0581,20.0,7704.0,10.0
2021-01-05 09:34:40.171,0.0587,0.0584,12.0,0.0581,10.0,7704.0,10.0
2021-01-05 09:34:40.601,0.0587,0.0585,30.0,0.0582,12.0,7704.0,10.0
2021-01-05 09:34:41.201,0.0587,0.0583,12.0,0.0581,20.0,7704.0,10.0
2021-01-05 09:34:41.700,0.0587,0.0583,12.0,0.0581,10.0,7704.0,10.0
2021-01-05 09:34:42.171,0.0587,0.0583,12.0,0.0581,10.0,7704.0,10.0
2021-01-05 09:34:42.680,0.0587,0.0583,12.0,0.0581,10.0,7704.0,10.0
2021-01-05 09:34:43.191,0.0587,0.0583,12.0,0.0581,10.0,7704.0,10.0
2021-01-05 09:34:43.671,0.0587,0.0583,12.0,0.0581,10.0,7704.0,10.0
2021-01-05 09:34:44.151,0.0587,0.0583,12.0,0.0581,10.0,7704.0,10.0
2021-01-05 09:34:44.651,0.0587,0.0583,12.0,0.0581,10.0,7704.0,10.0
2021-01-05 09:34:45.200,0.0587,0.0583,12.0,0.0581,20.0,7704.0,10.0
2021-01-05 09:34:45.721,0.0587,0.0583,12.0,0.0581,10.0,7704.0,10.0
2021-01-05 09:34:46.140,0.0587,0.0583,12.0,0.0581,10.0,7704.0,10.0
2021-01-05 09:34:46.660,0.0587,0.0582,12.0,0.0581,10.0,7704.0,10.0
2021-01-05 09:34:47.181,0.0587,0.0583,12.0,0.0581,10.0,7704.0,10.0
2021-01-05 09:34:47.701,0.0587,0.0582,12.0,0.0581,10.0,7704.0,10.0
2021-01-05 09:34:48.141,0.0587,0.0582,12.0,0.0581,10.0,7704.0,10.0
2021-01-05 09:34:48.700,0.0581,0.0581,12.0,0.0579,10.0,7704.0,20.0
2021-01-05 09:34:49.171,0.0581,0.0582,12.0,0.0579,10.0,7704.0,20.0
2021-01-05 09:34:49.701,0.0581,0.0582,22.0,0.0579,10.0,7704.0,20.0
2021-01-05 09:34:50.220,0.0581,0.0582,10.0,0.058,12.0,7704.0,20.0
2021-01-05 09:34:50.700,0.0581,0.0581,12.0,0.058,10.0,7704.0,20.0
2021-01-05 09:34:51.200,0.0581,0.0582,12.0,0.0579,10.0,7704.0,20.0
2021-01-05 09:34:51.701,0.0581,0.0582,12.0,0.0579,10.0,7704.0,20.0
2021-01-05 09:34:52.220,0.0581,0.0582,12.0,0.0579,10.0,7704.0,20.0
2021-01-05 09:34:52.650,0.0581,0.0582,12.0,0.0579,10.0,7704.0,20.0
2021-01-05 09:34:53.180,0.0581,0.0582,12.0,0.0579,10.0,7704.0,20.0
2021-01-05 09:34:53.651,0.0581,0.0582,12.0,0.0579,10.0,7704.0,20.0
2021-01-05 09:34:54.170,0.0581,0.0582,12.0,0.058,10.0,7704.0,20.0
2021-01-05 09:34:54.631,0.0581,0.0581,12.0,0.058,10.0,7704.0,20.0
2021-01-05 09:34:55.161,0.0581,0.0582,12.0,0.0579,10.0,7704.0,20.0
2021-01-05 09:34:55.680,0.0581,0.0581,12.0,0.0579,10.0,7704.0,20.0
2021-01-05 09:34:56.141,0.0581,0.058,12.0,0.0578,20.0,7704.0,20.0
2021-01-05 09:34:56.681,0.0581,0.0581,22.0,0.0578,10.0,7704.0,20.0
2021-01-05 09:34:57.171,0.0581,0.0581,10.0,0.0578,22.0,7704.0,20.0
2021-01-05 09:34:57.670,0.0581,0.058,12.0,0.0577,20.0,7704.0,20.0
2021-01-05 09:34:58.131,0.0581,0.058,12.0,0.0579,10.0,7704.0,20.0
2021-01-05 09:34:58.640,0.0581,0.0581,12.0,0.0578,10.0,7704.0,20.0
2021-01-05 09:34:59.170,0.0581,0.058,12.0,0.0579,10.0,7704.0,20.0
2021-01-05 09:35:00.160,0.0581,0.0581,12.0,0.0578,10.0,7704.0,20.0
2021-01-05 09:35:00.630,0.0581,0.058,12.0,0.0578,10.0,7704.0,20.0
2021-01-05 09:35:00.640,0.0581,0.058,12.0,0.0578,10.0,7704.0,20.0
2021-01-05 09:35:01.620,0.0581,0.0581,12.0,0.0578,10.0,7704.0,20.0
2021-01-05 09:35:02.680,0.0581,0.058,12.0,0.0578,10.0,7704.0,20.0
2021-01-05 09:35:03.180,0.0581,0.0582,22.0,0.0578,22.0,7704.0,20.0
2021-01-05 09:35:03.660,0.0581,0.0584,10.0,0.058,12.0,7704.0,20.0
2021-01-05 09:35:04.061,0.0581,0.0582,12.0,0.0578,32.0,7704.0,20.0
2021-01-05 09:35:05.180,0.0581,0.0582,12.0,0.0578,22.0,7704.0,20.0
2021-01-05 09:35:05.671,0.0581,0.0582,12.0,0.0578,22.0,7704.0,20.0
2021-01-05 09:35:06.180,0.0581,0.0582,12.0,0.0578,22.0,7704.0,20.0
2021-01-05 09:35:06.680,0.0578,0.0581,12.0,0.0577,12.0,7714.0,40.0
2021-01-05 09:35:07.131,0.0578,0.0581,32.0,0.0575,10.0,7714.0,40.0
2021-01-05 09:35:07.650,0.0578,0.0579,12.0,0.0575,10.0,7714.0,40.0
2021-01-05 09:35:08.190,0.0578,0.0579,32.0,0.0575,10.0,7714.0,40.0
2021-01-05 09:35:09.191,0.0578,0.0577,12.0,0.0574,10.0,7714.0,40.0
2021-01-05 09:35:09.700,0.0578,0.0577,20.0,0.0573,10.0,7714.0,40.0
2021-01-05 09:35:10.180,0.0578,0.0576,12.0,0.0573,10.0,7714.0,40.0
2021-01-05 09:35:10.691,0.0578,0.0577,32.0,0.0573,10.0,7714.0,40.0
2021-01-05 09:35:11.160,0.0578,0.0577,32.0,0.0573,22.0,7714.0,40.0
2021-01-05 09:35:11.680,0.0578,0.0577,20.0,0.0574,12.0,7714.0,40.0
2021-01-05 09:35:12.101,0.0578,0.0577,20.0,0.0576,10.0,7714.0,40.0
2021-01-05 09:35:12.691,0.0578,0.0577,20.0,0.0576,10.0,7714.0,40.0
2021-01-05 09:35:13.181,0.0578,0.0579,32.0,0.0576,10.0,7714.0,40.0
2021-01-05 09:35:13.640,0.0578,0.058,10.0,0.0576,10.0,7714.0,40.0
2021-01-05 09:35:14.191,0.0578,0.0582,10.0,0.0576,20.0,7714.0,40.0
2021-01-05 09:35:14.700,0.0578,0.0583,22.0,0.0577,12.0,7714.0,40.0
2021-01-05 09:35:15.050,0.0578,0.0584,22.0,0.0578,12.0,7714.0,40.0
2021-01-05 09:35:15.701,0.0578,0.0583,12.0,0.0579,12.0,7714.0,40.0
2021-01-05 09:35:16.141,0.0578,0.0583,12.0,0.058,10.0,7714.0,40.0
2021-01-05 09:35:16.681,0.0578,0.0584,12.0,0.058,22.0,7714.0,40.0
2021-01-05 09:35:17.190,0.0578,0.0583,12.0,0.058,10.0,7714.0,40.0
2021-01-05 09:35:17.670,0.0578,0.0583,12.0,0.058,10.0,7714.0,40.0
2021-01-05 09:35:18.681,0.0578,0.0584,12.0,0.058,22.0,7714.0,40.0
2021-01-05 09:35:19.180,0.0578,0.0585,32.0,0.0581,12.0,7714.0,40.0
2021-01-05 09:35:19.670,0.0578,0.0585,20.0,0.0582,12.0,7714.0,40.0
2021-01-05 09:35:20.170,0.0578,0.0587,42.0,0.0582,22.0,7714.0,40.0
2021-01-05 09:35:20.681,0.0578,0.0585,12.0,0.0582,20.0,7714.0,40.0
2021-01-05 09:35:21.180,0.0578,0.0585,12.0,0.0582,20.0,7714.0,40.0
2021-01-05 09:35:21.601,0.0582,0.0585,32.0,0.0581,10.0,7714.0,60.0
2021-01-05 09:35:22.171,0.0582,0.0585,20.0,0.058,10.0,7714.0,60.0
2021-01-05 09:35:22.650,0.0582,0.0583,12.0,0.0579,10.0,7714.0,60.0
2021-01-05 09:35:23.151,0.0582,0.0583,12.0,0.0579,10.0,7714.0,60.0
2021-01-05 09:35:23.680,0.0582,0.0582,12.0,0.0578,10.0,7714.0,60.0
2021-01-05 09:35:24.171,0.0582,0.0583,10.0,0.0578,10.0,7714.0,60.0
2021-01-05 09:35:24.671,0.0582,0.0581,12.0,0.0578,10.0,7714.0,60.0
2021-01-05 09:35:25.170,0.0582,0.0581,12.0,0.0578,10.0,7714.0,60.0
2021-01-05 09:35:25.660,0.0582,0.058,12.0,0.0578,10.0,7714.0,60.0
2021-01-05 09:35:26.651,0.058,0.058,11.0,0.0578,10.0,7714.0,61.0
2021-01-05 09:35:27.130,0.058,0.0581,12.0,0.0578,10.0,7714.0,61.0
2021-01-05 09:35:27.641,0.058,0.0582,12.0,0.0579,10.0,7714.0,61.0
2021-01-05 09:35:28.171,0.058,0.0582,12.0,0.0579,20.0,7714.0,61.0
2021-01-05 09:35:28.171,0.058,0.0582,12.0,0.0579,20.0,7714.0,61.0
2021-01-05 09:35:29.160,0.058,0.0583,12.0,0.0579,10.0,7714.0,61.0
2021-01-05 09:35:29.641,0.058,0.0582,12.0,0.0579,20.0,7714.0,61.0
2021-01-05 09:35:30.121,0.058,0.0583,12.0,0.0579,20.0,7714.0,61.0
2021-01-05 09:35:31.700,0.058,0.0583,12.0,0.0579,20.0,7714.0,61.0
2021-01-05 09:35:32.691,0.058,0.0583,12.0,0.0579,20.0,7714.0,61.0
2021-01-05 09:35:33.160,0.058,0.0583,12.0,0.0579,20.0,7714.0,61.0
2021-01-05 09:35:33.650,0.058,0.0582,12.0,0.0579,20.0,7714.0,61.0
2021-01-05 09:35:34.190,0.058,0.0582,12.0,0.0579,10.0,7714.0,61.0
2021-01-05 09:35:34.691,0.058,0.0581,12.0,0.0579,20.0,7714.0,61.0
2021-01-05 09:35:35.200,0.058,0.0581,12.0,0.0579,20.0,7714.0,61.0
2021-01-05 09:35:35.600,0.058,0.0581,12.0,0.0579,10.0,7714.0,61.0
2021-01-05 09:35:37.171,0.058,0.0581,12.0,0.0579,10.0,7714.0,61.0
2021-01-05 09:35:38.190,0.058,0.0581,12.0,0.0579,10.0,7714.0,61.0
2021-01-05 09:35:39.140,0.058,0.0581,12.0,0.0579,10.0,7714.0,61.0
2021-01-05 09:35:40.191,0.058,0.0581,12.0,0.0579,10.0,7714.0,61.0
2021-01-05 09:35:40.691,0.058,0.0581,12.0,0.0579,10.0,7714.0,61.0
2021-01-05 09:35:41.680,0.058,0.0581,12.0,0.0579,10.0,7714.0,61.0
2021-01-05 09:35:42.160,0.058,0.0581,12.0,0.0579,10.0,7714.0,61.0
2021-01-05 09:35:42.670,0.058,0.0582,12.0,0.0579,10.0,7714.0,61.0
2021-01-05 09:35:43.190,0.058,0.0581,12.0,0.0579,10.0,7714.0,61.0
2021-01-05 09:35:43.661,0.058,0.058,12.0,0.0579,10.0,7714.0,61.0
2021-01-05 09:35:44.101,0.058,0.0581,12.0,0.0579,10.0,7714.0,61.0
2021-01-05 09:35:45.670,0.058,0.0581,12.0,0.0579,10.0,7714.0,61.0
2021-01-05 09:35:46.170,0.058,0.0581,12.0,0.0579,10.0,7714.0,61.0
2021-01-05 09:35:46.700,0.058,0.0581,12.0,0.0579,10.0,7714.0,61.0
2021-01-05 09:35:47.201,0.058,0.0581,12.0,0.0579,10.0,7714.0,61.0
2021-01-05 09:35:48.181,0.0579,0.0581,32.0,0.0577,10.0,7714.0,71.0
2021-01-05 09:35:48.700,0.0579,0.0579,12.0,0.0576,10.0,7714.0,71.0
2021-01-05 09:35:49.190,0.0579,0.0579,12.0,0.0576,10.0,7714.0,71.0
2021-01-05 09:35:49.701,0.0579,0.0579,12.0,0.0575,10.0,7714.0,71.0
2021-01-05 09:35:50.121,0.0579,0.0579,12.0,0.0575,10.0,7714.0,71.0
2021-01-05 09:35:50.680,0.0579,0.0578,12.0,0.0575,10.0,7714.0,71.0
2021-01-05 09:35:51.710,0.0579,0.0578,12.0,0.0575,10.0,7714.0,71.0
2021-01-05 09:35:53.111,0.0579,0.0578,12.0,0.0575,10.0,7714.0,71.0
2021-01-05 09:35:54.161,0.0579,0.0578,12.0,0.0576,10.0,7714.0,71.0
2021-01-05 09:35:55.141,0.0578,0.0578,12.0,0.0576,10.0,7714.0,76.0
2021-01-05 09:35:55.691,0.0578,0.058,17.0,0.0576,35.0,7714.0,78.0
2021-01-05 09:35:56.140,0.0578,0.058,5.0,0.0577,12.0,7714.0,78.0
2021-01-05 09:35:56.661,0.0578,0.058,5.0,0.0578,10.0,7714.0,78.0
2021-01-05 09:35:57.141,0.0578,0.058,17.0,0.0578,10.0,7714.0,78.0
2021-01-05 09:35:57.681,0.0578,0.058,17.0,0.0577,20.0,7714.0,78.0
2021-01-05 09:35:59.160,0.0578,0.0579,12.0,0.0577,20.0,7714.0,78.0
2021-01-05 09:36:00.201,0.0578,0.058,5.0,0.0577,10.0,7714.0,78.0
2021-01-05 09:36:00.680,0.0578,0.0578,12.0,0.0577,20.0,7714.0,78.0
2021-01-05 09:36:01.181,0.0578,0.0578,12.0,0.0577,20.0,7714.0,78.0
2021-01-05 09:36:01.671,0.0578,0.058,17.0,0.0577,10.0,7714.0,78.0
2021-01-05 09:36:02.170,0.0578,0.058,17.0,0.0577,20.0,7714.0,78.0
2021-01-05 09:36:02.701,0.0578,0.058,17.0,0.0577,20.0,7714.0,78.0
2021-01-05 09:36:03.150,0.0578,0.058,17.0,0.0577,20.0,7714.0,78.0
2021-01-05 09:36:03.700,0.0578,0.058,5.0,0.0577,32.0,7714.0,78.0
2021-01-05 09:36:04.201,0.0578,0.058,5.0,0.0578,12.0,7714.0,78.0
2021-01-05 09:36:04.670,0.0578,0.058,5.0,0.0578,12.0,7714.0,78.0
2021-01-05 09:36:05.150,0.0578,0.058,5.0,0.0577,32.0,7714.0,78.0
2021-01-05 09:36:05.590,0.0578,0.058,5.0,0.0579,10.0,7714.0,78.0
2021-01-05 09:36:06.180,0.0578,0.058,5.0,0.0579,10.0,7714.0,78.0
2021-01-05 09:36:08.170,0.0578,0.058,5.0,0.0579,10.0,7714.0,78.0
2021-01-05 09:36:09.161,0.0578,0.058,5.0,0.0579,22.0,7714.0,78.0
2021-01-05 09:36:10.160,0.058,0.0584,22.0,0.058,7.0,7714.0,83.0
2021-01-05 09:36:10.671,0.058,0.0584,12.0,0.058,22.0,7714.0,83.0
2021-01-05 09:36:10.971,0.058,0.0584,12.0,0.058,10.0,7714.0,83.0
2021-01-05 09:36:11.651,0.058,0.0584,12.0,0.058,10.0,7714.0,83.0
2021-01-05 09:36:12.690,0.058,0.0584,12.0,0.058,10.0,7714.0,83.0
2021-01-05 09:36:13.190,0.058,0.0584,12.0,0.058,10.0,7714.0,83.0
2021-01-05 09:36:13.680,0.058,0.0585,12.0,0.058,10.0,7714.0,83.0
2021-01-05 09:36:14.150,0.058,0.0585,12.0,0.0581,10.0,7714.0,83.0
2021-01-05 09:36:14.690,0.058,0.0585,12.0,0.058,20.0,7714.0,83.0
2021-01-05 09:36:15.170,0.058,0.0585,12.0,0.058,20.0,7714.0,83.0
2021-01-05 09:36:16.650,0.058,0.0585,12.0,0.058,20.0,7714.0,83.0
2021-01-05 09:36:18.680,0.058,0.0585,12.0,0.058,20.0,7714.0,83.0
2021-01-05 09:36:19.151,0.058,0.0585,12.0,0.058,20.0,7714.0,83.0
2021-01-05 09:36:21.120,0.058,0.0585,12.0,0.058,20.0,7714.0,83.0
2021-01-05 09:36:22.171,0.058,0.0585,12.0,0.058,20.0,7714.0,83.0
2021-01-05 09:36:22.680,0.058,0.0586,12.0,0.058,30.0,7714.0,83.0
2021-01-05 09:36:23.191,0.058,0.0585,12.0,0.058,30.0,7714.0,83.0
2021-01-05 09:36:24.171,0.058,0.0585,12.0,0.058,30.0,7714.0,83.0
2021-01-05 09:36:25.191,0.058,0.0585,12.0,0.058,30.0,7714.0,83.0
2021-01-05 09:36:25.650,0.058,0.0585,12.0,0.058,20.0,7714.0,83.0
2021-01-05 09:36:26.171,0.058,0.0585,12.0,0.058,20.0,7714.0,83.0
2021-01-05 09:36:26.651,0.058,0.0585,12.0,0.058,20.0,7714.0,83.0
2021-01-05 09:36:27.160,0.058,0.0585,12.0,0.058,20.0,7714.0,83.0
2021-01-05 09:36:27.690,0.058,0.0585,12.0,0.058,20.0,7714.0,83.0
2021-01-05 09:36:28.190,0.058,0.0586,12.0,0.058,20.0,7714.0,83.0
2021-01-05 09:36:28.681,0.058,0.0586,12.0,0.058,20.0,7714.0,83.0
2021-01-05 09:36:29.171,0.058,0.0585,12.0,0.058,20.0,7714.0,83.0
2021-01-05 09:36:29.661,0.058,0.0586,12.0,0.058,20.0,7714.0,83.0
2021-01-05 09:36:30.161,0.058,0.0585,12.0,0.058,20.0,7714.0,83.0
2021-01-05 09:36:30.700,0.058,0.0585,12.0,0.058,20.0,7714.0,83.0
2021-01-05 09:36:31.181,0.058,0.0584,12.0,0.058,20.0,7714.0,83.0
2021-01-05 09:36:31.690,0.058,0.0585,12.0,0.058,20.0,7714.0,83.0
2021-01-05 09:36:32.130,0.058,0.0584,12.0,0.058,20.0,7714.0,83.0
2021-01-05 09:36:32.660,0.058,0.0585,12.0,0.058,20.0,7714.0,83.0
2021-01-05 09:36:33.200,0.058,0.0584,12.0,0.058,20.0,7714.0,83.0
2021-01-05 09:36:33.680,0.058,0.0585,12.0,0.058,20.0,7714.0,83.0
2021-01-05 09:36:34.091,0.058,0.0584,12.0,0.058,20.0,7714.0,83.0
2021-01-05 09:36:35.150,0.058,0.0584,12.0,0.058,20.0,7714.0,83.0
2021-01-05 09:36:35.701,0.058,0.0584,12.0,0.058,20.0,7714.0,83.0
2021-01-05 09:36:36.700,0.058,0.0584,12.0,0.058,20.0,7714.0,83.0
2021-01-05 09:36:38.120,0.058,0.0584,12.0,0.058,20.0,7714.0,83.0
2021-01-05 09:36:40.191,0.058,0.0584,12.0,0.058,20.0,7714.0,83.0
2021-01-05 09:36:40.700,0.058,0.0584,12.0,0.058,20.0,7714.0,83.0
2021-01-05 09:36:41.201,0.058,0.0584,12.0,0.058,20.0,7714.0,83.0
2021-01-05 09:36:41.641,0.058,0.0585,12.0,0.058,20.0,7714.0,83.0
2021-01-05 09:36:43.700,0.058,0.0585,12.0,0.058,20.0,7714.0,83.0
2021-01-05 09:36:44.200,0.058,0.0585,12.0,0.058,20.0,7714.0,83.0
2021-01-05 09:36:45.191,0.058,0.0585,12.0,0.058,20.0,7714.0,83.0
2021-01-05 09:36:45.631,0.058,0.0585,12.0,0.058,20.0,7714.0,83.0
2021-01-05 09:36:46.190,0.058,0.0584,12.0,0.058,20.0,7714.0,83.0
2021-01-05 09:36:47.130,0.058,0.0584,12.0,0.058,20.0,7714.0,83.0
2021-01-05 09:36:47.660,0.058,0.0584,12.0,0.058,20.0,7714.0,83.0
2021-01-05 09:36:48.130,0.058,0.0584,12.0,0.058,20.0,7714.0,83.0
2021-01-05 09:36:48.630,0.058,0.0584,12.0,0.058,20.0,7714.0,83.0
2021-01-05 09:36:49.181,0.058,0.0583,12.0,0.058,20.0,7714.0,83.0
2021-01-05 09:36:49.700,0.058,0.0584,12.0,0.058,20.0,7714.0,83.0
2021-01-05 09:36:50.201,0.058,0.0583,12.0,0.058,20.0,7714.0,83.0
2021-01-05 09:36:52.180,0.058,0.0583,12.0,0.058,20.0,7714.0,83.0
2021-01-05 09:36:52.691,0.058,0.0584,12.0,0.058,20.0,7714.0,83.0
2021-01-05 09:36:54.180,0.058,0.0584,12.0,0.058,20.0,7714.0,83.0
2021-01-05 09:36:54.180,0.058,0.0584,12.0,0.058,20.0,7714.0,83.0
2021-01-05 09:36:55.171,0.058,0.0584,12.0,0.058,20.0,7714.0,83.0
2021-01-05 09:36:55.651,0.058,0.0584,12.0,0.058,20.0,7714.0,83.0
2021-01-05 09:36:56.141,0.058,0.0585,10.0,0.0582,12.0,7714.0,83.0
2021-01-05 09:36:56.691,0.058,0.0585,12.0,0.0582,10.0,7714.0,83.0
2021-01-05 09:36:57.630,0.058,0.0586,10.0,0.0583,10.0,7714.0,83.0
2021-01-05 09:36:58.160,0.058,0.0584,12.0,0.0583,20.0,7714.0,83.0
2021-01-05 09:36:58.431,0.058,0.0585,12.0,0.0583,20.0,7714.0,83.0
2021-01-05 09:36:59.181,0.058,0.0584,12.0,0.0583,10.0,7714.0,83.0
2021-01-05 09:36:59.690,0.058,0.0584,12.0,0.0583,10.0,7714.0,83.0
2021-01-05 09:37:00.151,0.058,0.0585,12.0,0.0582,20.0,7714.0,83.0
2021-01-05 09:37:00.700,0.058,0.0584,12.0,0.0582,20.0,7714.0,83.0
2021-01-05 09:37:01.081,0.058,0.0585,12.0,0.0582,20.0,7714.0,83.0
2021-01-05 09:37:01.640,0.058,0.0585,12.0,0.0582,20.0,7714.0,83.0
2021-01-05 09:37:02.191,0.058,0.0586,12.0,0.0582,20.0,7714.0,83.0
2021-01-05 09:37:02.640,0.058,0.0585,12.0,0.0582,20.0,7714.0,83.0
2021-01-05 09:37:03.151,0.058,0.0587,10.0,0.0582,20.0,7714.0,83.0
2021-01-05 09:37:03.630,0.058,0.0585,12.0,0.0582,20.0,7714.0,83.0
2021-01-05 09:37:04.200,0.058,0.0586,12.0,0.0582,32.0,7714.0,83.0
2021-01-05 09:37:04.690,0.058,0.0588,10.0,0.0584,12.0,7714.0,83.0
2021-01-05 09:37:05.140,0.058,0.0589,22.0,0.0584,12.0,7714.0,83.0
2021-01-05 09:37:05.701,0.058,0.0587,12.0,0.0584,20.0,7714.0,83.0
2021-01-05 09:37:06.171,0.058,0.0588,12.0,0.0584,10.0,7714.0,83.0
2021-01-05 09:37:06.700,0.058,0.0588,12.0,0.0584,20.0,7714.0,83.0
2021-01-05 09:37:07.180,0.058,0.0589,12.0,0.0584,10.0,7714.0,83.0
2021-01-05 09:37:07.681,0.058,0.0588,12.0,0.0584,20.0,7714.0,83.0
2021-01-05 09:37:08.200,0.058,0.0589,12.0,0.0584,10.0,7714.0,83.0
2021-01-05 09:37:08.630,0.058,0.0588,12.0,0.0584,10.0,7714.0,83.0
2021-01-05 09:37:09.170,0.058,0.0588,12.0,0.0583,20.0,7714.0,83.0
2021-01-05 09:37:09.660,0.058,0.0588,12.0,0.0583,20.0,7714.0,83.0
2021-01-05 09:37:10.140,0.058,0.0587,12.0,0.0583,20.0,7714.0,83.0
2021-01-05 09:37:10.701,0.058,0.0587,12.0,0.0583,20.0,7714.0,83.0
2021-01-05 09:37:11.201,0.058,0.0587,12.0,0.0583,20.0,7714.0,83.0
2021-01-05 09:37:12.131,0.058,0.0587,12.0,0.0583,20.0,7714.0,83.0
2021-01-05 09:37:12.131,0.058,0.0587,12.0,0.0583,20.0,7714.0,83.0
2021-01-05 09:37:13.181,0.058,0.0587,12.0,0.0583,20.0,7714.0,83.0
2021-01-05 09:37:13.681,0.058,0.0587,12.0,0.0583,20.0,7714.0,83.0
2021-01-05 09:37:14.171,0.058,0.0587,12.0,0.0583,10.0,7714.0,83.0
2021-01-05 09:37:15.200,0.058,0.0587,12.0,0.0583,20.0,7714.0,83.0
2021-01-05 09:37:15.700,0.058,0.0587,12.0,0.0583,20.0,7714.0,83.0
2021-01-05 09:37:16.501,0.058,0.0587,22.0,0.0583,20.0,7714.0,83.0
2021-01-05 09:37:17.200,0.058,0.0585,12.0,0.0583,20.0,7714.0,83.0
2021-01-05 09:37:18.061,0.058,0.0585,12.0,0.0583,10.0,7714.0,83.0
2021-01-05 09:37:18.710,0.058,0.0585,12.0,0.0583,10.0,7714.0,83.0
2021-01-05 09:37:19.131,0.058,0.0585,12.0,0.0583,20.0,7714.0,83.0
2021-01-05 09:37:20.211,0.058,0.0585,12.0,0.0583,20.0,7714.0,83.0
2021-01-05 09:37:20.691,0.058,0.0585,12.0,0.0583,10.0,7714.0,83.0
2021-01-05 09:37:21.200,0.058,0.0586,12.0,0.0583,23.0,7714.0,83.0
2021-01-05 09:37:21.701,0.058,0.0586,12.0,0.0583,33.0,7714.0,83.0
2021-01-05 09:37:22.030,0.058,0.0587,22.0,0.0583,32.0,7714.0,83.0
2021-01-05 09:37:22.641,0.058,0.0587,22.0,0.0584,13.0,7714.0,83.0
2021-01-05 09:37:23.150,0.058,0.0587,22.0,0.0584,23.0,7714.0,83.0
2021-01-05 09:37:23.701,0.058,0.0587,22.0,0.0585,10.0,7714.0,83.0
2021-01-05 09:37:24.080,0.058,0.0586,12.0,0.0585,10.0,7714.0,83.0
2021-01-05 09:37:25.200,0.058,0.0586,12.0,0.0585,10.0,7714.0,83.0
2021-01-05 09:37:25.670,0.058,0.0586,12.0,0.0585,10.0,7714.0,83.0
2021-01-05 09:37:26.170,0.058,0.0586,12.0,0.0585,10.0,7714.0,83.0
2021-01-05 09:37:26.650,0.058,0.0586,12.0,0.0585,10.0,7714.0,83.0
2021-01-05 09:37:27.551,0.058,0.0586,12.0,0.0584,20.0,7714.0,83.0
2021-01-05 09:37:28.151,0.058,0.0586,12.0,0.0585,10.0,7714.0,83.0
2021-01-05 09:37:28.560,0.058,0.0586,12.0,0.0585,20.0,7714.0,83.0
2021-01-05 09:37:30.191,0.058,0.0587,22.0,0.0585,20.0,7714.0,83.0
2021-01-05 09:37:30.650,0.0585,0.0585,2.0,0.0584,23.0,7714.0,93.0
2021-01-05 09:37:31.190,0.0585,0.0587,10.0,0.0584,23.0,7714.0,93.0
2021-01-05 09:37:31.691,0.0585,0.0589,22.0,0.0585,12.0,7714.0,93.0
2021-01-05 09:37:32.181,0.0585,0.0588,10.0,0.0585,22.0,7714.0,93.0
2021-01-05 09:37:32.651,0.0585,0.0588,12.0,0.0585,10.0,7714.0,93.0
2021-01-05 09:37:33.180,0.0585,0.0587,12.0,0.0584,10.0,7714.0,93.0
2021-01-05 09:37:33.681,0.0585,0.0588,12.0,0.0584,12.0,7714.0,93.0
2021-01-05 09:37:34.500,0.0585,0.0588,12.0,0.0584,12.0,7714.0,93.0
2021-01-05 09:37:35.170,0.0585,0.0589,22.0,0.0585,12.0,7714.0,93.0
2021-01-05 09:37:35.650,0.0585,0.0589,22.0,0.0585,12.0,7714.0,93.0
2021-01-05 09:37:36.140,0.0585,0.0589,22.0,0.0585,32.0,7714.0,93.0
2021-01-05 09:37:36.671,0.0585,0.0589,22.0,0.0585,22.0,7714.0,93.0
2021-01-05 09:37:37.180,0.0585,0.0589,22.0,0.0585,32.0,7714.0,93.0
2021-01-05 09:37:37.691,0.0585,0.0589,22.0,0.0585,32.0,7714.0,93.0
2021-01-05 09:37:38.651,0.0585,0.0589,22.0,0.0585,32.0,7714.0,93.0
2021-01-05 09:37:39.170,0.0585,0.0589,22.0,0.0585,45.0,7714.0,93.0
2021-01-05 09:37:41.671,0.0585,0.0589,10.0,0.0586,12.0,7714.0,93.0
2021-01-05 09:37:42.130,0.0585,0.059,12.0,0.0586,22.0,7714.0,93.0
2021-01-05 09:37:42.691,0.0585,0.059,22.0,0.0586,22.0,7714.0,93.0
2021-01-05 09:37:43.181,0.0585,0.059,22.0,0.0586,22.0,7714.0,93.0
2021-01-05 09:37:43.671,0.0585,0.059,10.0,0.0587,12.0,7714.0,93.0
2021-01-05 09:37:44.190,0.0585,0.0591,12.0,0.0587,12.0,7714.0,93.0
2021-01-05 09:37:44.651,0.0585,0.0591,22.0,0.0588,10.0,7714.0,93.0
2021-01-05 09:37:45.191,0.0585,0.0591,22.0,0.0588,10.0,7714.0,93.0
2021-01-05 09:37:45.650,0.0585,0.0591,10.0,0.0588,12.0,7714.0,93.0
2021-01-05 09:37:46.161,0.0585,0.0592,12.0,0.0588,12.0,7714.0,93.0
2021-01-05 09:37:46.601,0.0585,0.0592,22.0,0.0588,12.0,7714.0,93.0
2021-01-05 09:37:47.210,0.0585,0.0591,12.0,0.0588,10.0,7714.0,93.0
2021-01-05 09:37:47.661,0.0585,0.0591,12.0,0.0587,32.0,7714.0,93.0
2021-01-05 09:37:48.201,0.0585,0.0591,12.0,0.0587,32.0,7714.0,93.0
2021-01-05 09:37:51.691,0.0585,0.059,12.0,0.0587,20.0,7714.0,93.0
2021-01-05 09:37:52.191,0.0585,0.059,12.0,0.0587,33.0,7714.0,93.0
2021-01-05 09:37:53.161,0.0585,0.059,12.0,0.0587,20.0,7714.0,93.0
2021-01-05 09:37:54.170,0.0585,0.059,12.0,0.0587,20.0,7714.0,93.0
2021-01-05 09:37:54.640,0.0585,0.059,12.0,0.0587,33.0,7714.0,93.0
2021-01-05 09:37:55.190,0.0585,0.059,12.0,0.0587,20.0,7714.0,93.0
2021-01-05 09:37:55.691,0.0585,0.059,12.0,0.0587,33.0,7714.0,93.0
2021-01-05 09:37:56.611,0.0585,0.059,12.0,0.0587,20.0,7714.0,93.0
2021-01-05 09:37:57.170,0.0585,0.0591,12.0,0.0588,13.0,7714.0,93.0
2021-01-05 09:37:57.601,0.0585,0.0592,22.0,0.0589,10.0,7714.0,93.0
2021-01-05 09:37:58.141,0.0585,0.0592,22.0,0.0588,32.0,7714.0,93.0
2021-01-05 09:37:58.640,0.0585,0.0592,22.0,0.0588,45.0,7714.0,93.0
2021-01-05 09:37:59.161,0.0585,0.0592,22.0,0.0588,45.0,7714.0,93.0
2021-01-05 09:37:59.670,0.0585,0.0591,12.0,0.0588,23.0,7714.0,93.0
2021-01-05 09:38:00.680,0.0585,0.0591,12.0,0.0588,33.0,7714.0,93.0
2021-01-05 09:38:01.180,0.0585,0.0591,12.0,0.0588,33.0,7714.0,93.0
2021-01-05 09:38:01.681,0.0585,0.0591,12.0,0.0588,20.0,7714.0,93.0
2021-01-05 09:38:02.190,0.0585,0.059,12.0,0.0588,20.0,7714.0,93.0
2021-01-05 09:38:03.191,0.0585,0.059,12.0,0.0588,20.0,7714.0,93.0
2021-01-05 09:38:04.190,0.0585,0.059,12.0,0.0588,10.0,7714.0,93.0
2021-01-05 09:38:05.181,0.0585,0.059,12.0,0.0588,10.0,7714.0,93.0
2021-01-05 09:38:05.681,0.0585,0.059,12.0,0.0587,20.0,7714.0,93.0
2021-01-05 09:38:06.151,0.0585,0.059,12.0,0.0587,33.0,7714.0,93.0
2021-01-05 09:38:06.691,0.0585,0.059,12.0,0.0587,20.0,7714.0,93.0
2021-01-05 09:38:07.200,0.0585,0.059,12.0,0.0587,20.0,7714.0,93.0
2021-01-05 09:38:07.590,0.0585,0.059,12.0,0.0587,20.0,7714.0,93.0
2021-01-05 09:38:08.151,0.0585,0.059,12.0,0.0587,20.0,7714.0,93.0
2021-01-05 09:38:09.160,0.0585,0.059,12.0,0.0587,10.0,7714.0,93.0
2021-01-05 09:38:10.180,0.0585,0.059,12.0,0.0587,10.0,7714.0,93.0
2021-01-05 09:38:10.670,0.0585,0.059,12.0,0.0587,10.0,7714.0,93.0
2021-01-05 09:38:11.141,0.0585,0.059,12.0,0.0587,10.0,7714.0,93.0
2021-01-05 09:38:11.701,0.0585,0.059,12.0,0.0588,10.0,7714.0,93.0
2021-01-05 09:38:12.191,0.0585,0.059,12.0,0.0588,10.0,7714.0,93.0
2021-01-05 09:38:12.531,0.0585,0.059,12.0,0.0588,10.0,7714.0,93.0
2021-01-05 09:38:13.110,0.0585,0.059,12.0,0.0588,10.0,7714.0,93.0
2021-01-05 09:38:13.690,0.0585,0.059,12.0,0.0588,20.0,7714.0,93.0
2021-01-05 09:38:14.141,0.0585,0.059,12.0,0.0588,10.0,7714.0,93.0
2021-01-05 09:38:14.691,0.0585,0.059,12.0,0.0587,20.0,7714.0,93.0
2021-01-05 09:38:15.150,0.0585,0.059,12.0,0.0587,10.0,7714.0,93.0
2021-01-05 09:38:15.730,0.0585,0.059,12.0,0.0588,10.0,7714.0,93.0
2021-01-05 09:38:16.210,0.0585,0.059,12.0,0.0587,10.0,7714.0,93.0
2021-01-05 09:38:16.721,0.0588,0.059,12.0,0.0588,9.0,7714.0,94.0
2021-01-05 09:38:17.190,0.0588,0.059,12.0,0.0588,10.0,7714.0,94.0
2021-01-05 09:38:17.701,0.0588,0.0589,12.0,0.0588,10.0,7714.0,94.0
2021-01-05 09:38:18.231,0.0588,0.0589,12.0,0.0587,10.0,7714.0,94.0
2021-01-05 09:38:18.660,0.0588,0.0589,12.0,0.0587,10.0,7714.0,94.0
2021-01-05 09:38:19.230,0.0588,0.0589,12.0,0.0587,10.0,7714.0,94.0
2021-01-05 09:38:19.670,0.0588,0.0589,12.0,0.0586,20.0,7714.0,94.0
2021-01-05 09:38:20.231,0.0588,0.0589,12.0,0.0586,10.0,7714.0,94.0
2021-01-05 09:38:21.240,0.0588,0.0589,12.0,0.0586,20.0,7714.0,94.0
2021-01-05 09:38:21.670,0.0588,0.0589,12.0,0.0586,10.0,7714.0,94.0
2021-01-05 09:38:22.210,0.0588,0.0589,12.0,0.0585,32.0,7714.0,94.0
2021-01-05 09:38:22.661,0.0588,0.0589,12.0,0.0586,10.0,7714.0,94.0
2021-01-05 09:38:23.201,0.0588,0.0589,12.0,0.0586,10.0,7714.0,94.0
2021-01-05 09:38:23.681,0.0588,0.0589,12.0,0.0586,10.0,7714.0,94.0
2021-01-05 09:38:24.690,0.0588,0.0589,12.0,0.0585,33.0,7714.0,94.0
2021-01-05 09:38:25.101,0.0588,0.059,32.0,0.0586,22.0,7714.0,94.0
2021-01-05 09:38:25.700,0.0588,0.059,32.0,0.0586,32.0,7714.0,94.0
2021-01-05 09:38:26.100,0.0588,0.0589,12.0,0.0586,10.0,7714.0,94.0
2021-01-05 09:38:26.701,0.0588,0.0588,12.0,0.0586,10.0,7714.0,94.0
2021-01-05 09:38:27.151,0.0588,0.059,30.0,0.0586,10.0,7714.0,94.0
2021-01-05 09:38:27.550,0.0588,0.059,40.0,0.0587,12.0,7714.0,94.0
2021-01-05 09:38:28.171,0.0588,0.0588,12.0,0.0586,20.0,7714.0,94.0
2021-01-05 09:38:28.680,0.0588,0.0588,12.0,0.0586,10.0,7714.0,94.0
2021-01-05 09:38:30.670,0.0588,0.059,30.0,0.0586,10.0,7714.0,94.0
2021-01-05 09:38:31.181,0.0588,0.059,43.0,0.0588,12.0,7714.0,94.0
2021-01-05 09:38:31.700,0.0588,0.059,30.0,0.0587,12.0,7714.0,94.0
2021-01-05 09:38:32.090,0.0588,0.059,30.0,0.0587,12.0,7714.0,94.0
2021-01-05 09:38:33.191,0.0588,0.0588,12.0,0.0585,21.0,7714.0,94.0
2021-01-05 09:38:33.700,0.0588,0.0588,12.0,0.0585,11.0,7714.0,94.0
2021-01-05 09:38:34.201,0.0588,0.0588,12.0,0.0585,1.0,7714.0,94.0
2021-01-05 09:38:34.681,0.0588,0.0588,12.0,0.0585,1.0,7714.0,94.0
2021-01-05 09:38:35.700,0.0588,0.0588,12.0,0.0585,1.0,7714.0,94.0
2021-01-05 09:38:36.130,0.0588,0.0588,12.0,0.0585,11.0,7714.0,94.0
2021-01-05 09:38:36.691,0.0588,0.0588,12.0,0.0585,11.0,7714.0,94.0
2021-01-05 09:38:37.131,0.0588,0.0588,32.0,0.0585,11.0,7714.0,94.0
2021-01-05 09:38:37.680,0.0585,0.0586,12.0,0.0584,10.0,7715.0,105.0
2021-01-05 09:38:38.161,0.0585,0.0586,20.0,0.0584,13.0,7715.0,105.0
2021-01-05 09:38:38.660,0.0585,0.0586,42.0,0.0584,13.0,7715.0,105.0
2021-01-05 09:38:39.161,0.0585,0.0586,42.0,0.0583,10.0,7715.0,105.0
2021-01-05 09:38:39.661,0.0585,0.0586,42.0,0.0583,23.0,7715.0,105.0
2021-01-05 09:38:40.141,0.0585,0.0584,12.0,0.0583,23.0,7715.0,105.0
2021-01-05 09:38:40.591,0.0585,0.0585,12.0,0.0582,10.0,7715.0,105.0
2021-01-05 09:38:41.190,0.0585,0.0586,10.0,0.0584,12.0,7715.0,105.0
2021-01-05 09:38:41.611,0.0585,0.0588,30.0,0.0583,12.0,7715.0,105.0
2021-01-05 09:38:42.191,0.0585,0.0587,12.0,0.0583,35.0,7715.0,105.0
2021-01-05 09:38:42.700,0.0585,0.0586,12.0,0.0583,23.0,7715.0,105.0
2021-01-05 09:38:43.150,0.0585,0.0587,12.0,0.0583,35.0,7715.0,105.0
2021-01-05 09:38:43.620,0.0585,0.0587,12.0,0.0583,45.0,7715.0,105.0
2021-01-05 09:38:44.191,0.0585,0.0588,10.0,0.0585,12.0,7715.0,105.0
2021-01-05 09:38:44.690,0.0585,0.059,20.0,0.0585,12.0,7715.0,105.0
2021-01-05 09:38:45.201,0.0585,0.0589,10.0,0.0586,22.0,7715.0,105.0
2021-01-05 09:38:45.580,0.0585,0.059,20.0,0.0588,12.0,7715.0,105.0
2021-01-05 09:38:46.200,0.0588,0.059,10.0,0.0587,12.0,7715.0,117.0
2021-01-05 09:38:46.200,0.0588,0.0589,12.0,0.0587,23.0,7715.0,117.0
2021-01-05 09:38:47.140,0.0588,0.0589,10.0,0.0588,10.0,7715.0,117.0
2021-01-05 09:38:47.691,0.0588,0.059,12.0,0.0588,23.0,7715.0,117.0
2021-01-05 09:38:48.200,0.0588,0.059,10.0,0.0588,10.0,7715.0,117.0
2021-01-05 09:38:48.650,0.0588,0.0591,12.0,0.0589,13.0,7715.0,117.0
2021-01-05 09:38:49.130,0.0588,0.0591,10.0,0.0589,23.0,7715.0,117.0
2021-01-05 09:38:49.670,0.0588,0.0592,22.0,0.0589,13.0,7715.0,117.0
2021-01-05 09:38:50.110,0.0588,0.0592,30.0,0.059,10.0,7715.0,117.0
2021-01-05 09:38:50.651,0.059,0.0592,30.0,0.059,10.0,7715.0,127.0
2021-01-05 09:38:51.170,0.059,0.059,12.0,0.0589,10.0,7715.0,137.0
2021-01-05 09:38:51.691,0.059,0.0592,30.0,0.0591,12.0,7715.0,137.0
2021-01-05 09:38:52.140,0.0591,0.0592,10.0,0.0589,10.0,7715.0,147.0
2021-01-05 09:38:52.630,0.0591,0.059,12.0,0.0589,13.0,7715.0,147.0
2021-01-05 09:38:53.160,0.0591,0.0591,12.0,0.0587,10.0,7715.0,147.0
2021-01-05 09:38:54.200,0.0591,0.0591,12.0,0.0588,13.0,7715.0,147.0
2021-01-05 09:38:54.690,0.0591,0.0591,12.0,0.0588,13.0,7715.0,147.0
2021-01-05 09:38:55.191,0.0591,0.0593,42.0,0.0589,12.0,7715.0,147.0
2021-01-05 09:38:55.700,0.0591,0.0592,12.0,0.0588,22.0,7715.0,147.0
2021-01-05 09:38:56.190,0.0591,0.0592,12.0,0.0588,35.0,7715.0,147.0
2021-01-05 09:38:57.181,0.0591,0.0593,10.0,0.0588,20.0,7715.0,147.0
2021-01-05 09:38:57.640,0.0591,0.0595,10.0,0.0589,13.0,7715.0,147.0
2021-01-05 09:38:58.161,0.0591,0.0593,12.0,0.0589,35.0,7715.0,147.0
2021-01-05 09:38:58.670,0.0591,0.0594,22.0,0.059,12.0,7715.0,147.0
2021-01-05 09:38:59.060,0.0591,0.0594,10.0,0.0591,12.0,7715.0,147.0
2021-01-05 09:39:00.140,0.0591,0.0595,22.0,0.0591,22.0,7715.0,147.0
2021-01-05 09:39:00.660,0.0591,0.0593,12.0,0.0592,10.0,7715.0,147.0
2021-01-05 09:39:01.160,0.0591,0.0593,12.0,0.0591,20.0,7715.0,147.0
2021-01-05 09:39:01.700,0.0591,0.0593,12.0,0.0591,23.0,7715.0,147.0
2021-01-05 09:39:02.201,0.0591,0.0593,12.0,0.0591,23.0,7715.0,147.0
2021-01-05 09:39:02.660,0.0591,0.0593,12.0,0.0591,33.0,7715.0,147.0
2021-01-05 09:39:03.150,0.0591,0.0593,12.0,0.0591,33.0,7715.0,147.0
2021-01-05 09:39:03.680,0.0591,0.0593,12.0,0.0591,20.0,7715.0,147.0
2021-01-05 09:39:04.161,0.0591,0.0593,12.0,0.0592,13.0,7715.0,147.0
2021-01-05 09:39:04.610,0.0593,0.0593,2.0,0.0592,13.0,7715.0,157.0
2021-01-05 09:39:05.211,0.0593,0.0595,10.0,0.0592,25.0,7715.0,157.0
2021-01-05 09:39:05.701,0.0593,0.0596,22.0,0.0592,35.0,7715.0,157.0
2021-01-05 09:39:06.191,0.0593,0.0596,32.0,0.0592,35.0,7715.0,157.0
2021-01-05 09:39:06.650,0.0593,0.0595,10.0,0.0592,22.0,7715.0,157.0
2021-01-05 09:39:07.680,0.0593,0.0595,22.0,0.0592,10.0,7715.0,157.0
2021-01-05 09:39:08.131,0.0593,0.0595,10.0,0.0592,22.0,7715.0,157.0
2021-01-05 09:39:08.690,0.0593,0.0595,22.0,0.0592,10.0,7715.0,157.0
2021-01-05 09:39:09.161,0.0593,0.0595,22.0,0.0592,10.0,7715.0,157.0
2021-01-05 09:39:09.601,0.0593,0.0594,12.0,0.0591,10.0,7715.0,157.0
2021-01-05 09:39:10.191,0.0593,0.0595,22.0,0.0592,10.0,7715.0,157.0
2021-01-05 09:39:10.721,0.0593,0.0594,12.0,0.0591,20.0,7715.0,157.0
2021-01-05 09:39:11.201,0.0593,0.0594,12.0,0.0591,10.0,7715.0,157.0
2021-01-05 09:39:11.701,0.0593,0.0594,12.0,0.0591,10.0,7715.0,157.0
2021-01-05 09:39:12.220,0.0593,0.0595,12.0,0.0591,45.0,7715.0,157.0
2021-01-05 09:39:12.690,0.0593,0.0594,12.0,0.0591,33.0,7715.0,157.0
2021-01-05 09:39:13.720,0.0593,0.0595,12.0,0.0591,45.0,7715.0,157.0
2021-01-05 09:39:14.160,0.0593,0.0594,12.0,0.0591,33.0,7715.0,157.0
2021-01-05 09:39:15.220,0.0593,0.0594,12.0,0.0591,20.0,7715.0,157.0
2021-01-05 09:39:15.720,0.0593,0.0594,12.0,0.0591,10.0,7715.0,157.0
2021-01-05 09:39:16.121,0.0593,0.0594,12.0,0.0591,10.0,7715.0,157.0
2021-01-05 09:39:16.711,0.0593,0.0594,12.0,0.0591,10.0,7715.0,157.0
2021-01-05 09:39:17.650,0.0593,0.0594,12.0,0.0591,10.0,7715.0,157.0
2021-01-05 09:39:18.221,0.0593,0.0594,12.0,0.0591,23.0,7715.0,157.0
2021-01-05 09:39:20.221,0.0593,0.0594,12.0,0.0591,23.0,7715.0,157.0
2021-01-05 09:39:20.741,0.0593,0.0594,12.0,0.0591,10.0,7715.0,157.0
2021-01-05 09:39:21.231,0.0593,0.0594,12.0,0.0591,20.0,7715.0,157.0
2021-01-05 09:39:22.651,0.0593,0.0594,12.0,0.0591,20.0,7715.0,157.0
2021-01-05 09:39:23.200,0.0593,0.0594,12.0,0.0591,20.0,7715.0,157.0
2021-01-05 09:39:24.151,0.0591,0.0596,22.0,0.0592,12.0,7705.0,167.0
2021-01-05 09:39:25.210,0.0592,0.0594,12.0,0.059,12.0,7695.0,177.0
2021-01-05 09:39:25.700,0.0592,0.0596,20.0,0.059,23.0,7695.0,177.0
2021-01-05 09:39:26.161,0.0592,0.0592,12.0,0.059,23.0,7695.0,177.0
2021-01-05 09:39:26.681,0.059,0.059,17.0,0.0589,10.0,7682.0,190.0
2021-01-05 09:39:27.210,0.059,0.059,12.0,0.0589,13.0,7677.0,195.0
2021-01-05 09:39:27.711,0.059,0.059,2.0,0.0589,23.0,7672.0,205.0
2021-01-05 09:39:28.201,0.059,0.0592,22.0,0.0589,13.0,7672.0,217.0
2021-01-05 09:39:28.710,0.059,0.0592,22.0,0.0589,10.0,7672.0,217.0
2021-01-05 09:39:29.100,0.059,0.0592,22.0,0.0589,10.0,7662.0,227.0
2021-01-05 09:39:29.721,0.059,0.0592,10.0,0.059,10.0,7662.0,227.0
2021-01-05 09:39:30.220,0.059,0.0594,22.0,0.059,22.0,7662.0,227.0
2021-01-05 09:39:30.721,0.0589,0.0592,12.0,0.0589,20.0,7642.0,247.0
2021-01-05 09:39:31.121,0.0589,0.0592,12.0,0.0589,53.0,7642.0,247.0
2021-01-05 09:39:31.690,0.0589,0.0593,10.0,0.0591,12.0,7642.0,247.0
2021-01-05 09:39:32.141,0.0589,0.0595,10.0,0.0591,12.0,7642.0,247.0
2021-01-05 09:39:32.671,0.0589,0.0594,10.0,0.0591,12.0,7642.0,247.0
2021-01-05 09:39:33.180,0.0589,0.0595,22.0,0.0591,12.0,7642.0,247.0
2021-01-05 09:39:33.530,0.0589,0.0595,20.0,0.0591,12.0,7642.0,247.0
2021-01-05 09:39:34.210,0.0589,0.0595,30.0,0.0592,12.0,7642.0,247.0
2021-01-05 09:39:34.681,0.0589,0.0595,10.0,0.0592,12.0,7642.0,247.0
2021-01-05 09:39:35.171,0.0589,0.0596,42.0,0.0592,12.0,7642.0,247.0
2021-01-05 09:39:35.701,0.0589,0.0596,32.0,0.0592,12.0,7642.0,247.0
2021-01-05 09:39:36.231,0.0589,0.0595,12.0,0.0591,12.0,7642.0,247.0
2021-01-05 09:39:36.600,0.0592,0.0591,10.0,0.059,20.0,7630.0,259.0
2021-01-05 09:39:37.221,0.0592,0.0591,10.0,0.059,10.0,7630.0,259.0
2021-01-05 09:39:37.730,0.0592,0.0591,10.0,0.059,10.0,7630.0,259.0
2021-01-05 09:39:38.221,0.0592,0.0591,10.0,0.059,10.0,7630.0,259.0
2021-01-05 09:39:39.241,0.0592,0.0591,10.0,0.0589,30.0,7630.0,259.0
2021-01-05 09:39:39.751,0.0592,0.059,20.0,0.0589,30.0,7630.0,259.0
2021-01-05 09:39:40.200,0.0592,0.059,20.0,0.0589,30.0,7630.0,259.0
2021-01-05 09:39:41.220,0.059,0.0591,10.0,0.059,10.0,7615.0,279.0
2021-01-05 09:39:41.750,0.059,0.0591,22.0,0.0589,10.0,7615.0,279.0
2021-01-05 09:39:42.210,0.059,0.0591,10.0,0.059,10.0,7615.0,279.0
2021-01-05 09:39:42.721,0.059,0.0591,10.0,0.059,2.0,7607.0,287.0
2021-01-05 09:39:43.191,0.059,0.0591,10.0,0.059,10.0,7607.0,287.0
2021-01-05 09:39:43.570,0.059,0.0591,10.0,0.059,10.0,7607.0,287.0
2021-01-05 09:39:44.231,0.059,0.0591,10.0,0.059,20.0,7607.0,287.0
2021-01-05 09:39:44.680,0.059,0.0591,22.0,0.059,10.0,7607.0,287.0
2021-01-05 09:39:45.251,0.059,0.0591,22.0,0.0589,10.0,7607.0,287.0
2021-01-05 09:39:45.750,0.0589,0.0589,2.0,0.0588,10.0,7607.0,297.0
2021-01-05 09:39:46.040,0.0589,0.059,20.0,0.0587,20.0,7607.0,298.0
2021-01-05 09:39:46.691,0.0589,0.059,20.0,0.0589,12.0,7607.0,298.0
2021-01-05 09:39:47.250,0.059,0.0591,10.0,0.059,4.0,7607.0,328.0
2021-01-05 09:39:47.731,0.059,0.059,12.0,0.0588,10.0,7611.0,332.0
2021-01-05 09:39:48.140,0.059,0.0591,10.0,0.0586,10.0,7611.0,332.0
2021-01-05 09:39:48.720,0.059,0.0589,12.0,0.0586,23.0,7611.0,332.0
2021-01-05 09:39:49.241,0.059,0.0589,12.0,0.0586,10.0,7611.0,332.0
2021-01-05 09:39:50.121,0.059,0.0589,12.0,0.0585,30.0,7611.0,332.0
2021-01-05 09:39:50.710,0.059,0.0589,12.0,0.0585,20.0,7611.0,332.0
2021-01-05 09:39:51.241,0.0585,0.0589,12.0,0.0584,20.0,7601.0,342.0
2021-01-05 09:39:51.730,0.0585,0.0588,12.0,0.0584,10.0,7601.0,342.0
2021-01-05 09:39:52.251,0.0584,0.0588,12.0,0.0584,10.0,7591.0,352.0
2021-01-05 09:39:52.670,0.0584,0.0587,12.0,0.0584,23.0,7591.0,352.0
2021-01-05 09:39:53.181,0.0584,0.0587,12.0,0.0584,43.0,7591.0,352.0
2021-01-05 09:39:53.630,0.0584,0.059,10.0,0.0584,30.0,7591.0,352.0
2021-01-05 09:39:54.191,0.0585,0.059,10.0,0.0584,30.0,7581.0,362.0
2021-01-05 09:39:54.691,0.0585,0.0588,12.0,0.0584,43.0,7581.0,362.0
2021-01-05 09:39:55.181,0.0585,0.0588,12.0,0.0584,43.0,7581.0,362.0
2021-01-05 09:39:55.411,0.0585,0.0587,12.0,0.0584,43.0,7581.0,362.0
2021-01-05 09:39:56.120,0.0584,0.0588,12.0,0.0584,10.0,7571.0,372.0
2021-01-05 09:39:56.691,0.0584,0.0588,12.0,0.0583,10.0,7571.0,372.0
2021-01-05 09:39:57.181,0.0584,0.0588,12.0,0.0584,13.0,7571.0,372.0
2021-01-05 09:39:57.580,0.0584,0.0588,12.0,0.0585,10.0,7571.0,372.0
2021-01-05 09:39:57.711,0.0585,0.0588,12.0,0.0584,10.0,7561.0,382.0
2021-01-05 09:39:58.600,0.0585,0.0588,12.0,0.0583,10.0,7561.0,382.0
2021-01-05 09:39:59.061,0.0585,0.0588,12.0,0.0583,23.0,7561.0,382.0
2021-01-05 09:39:59.670,0.0585,0.0587,12.0,0.0583,10.0,7561.0,382.0
2021-01-05 09:40:00.610,0.0585,0.0587,12.0,0.0583,10.0,7561.0,382.0
2021-01-05 09:40:01.201,0.0585,0.0587,12.0,0.0583,22.0,7561.0,382.0
2021-01-05 09:40:01.551,0.0585,0.0588,12.0,0.0583,10.0,7561.0,382.0
2021-01-05 09:40:02.200,0.0585,0.059,10.0,0.0583,22.0,7561.0,382.0
2021-01-05 09:40:02.671,0.0585,0.0589,12.0,0.0585,12.0,7561.0,382.0
2021-01-05 09:40:03.171,0.0585,0.0588,12.0,0.0585,10.0,7561.0,382.0
2021-01-05 09:40:03.691,0.0585,0.0589,12.0,0.0585,10.0,7561.0,382.0
2021-01-05 09:40:04.160,0.0585,0.0588,12.0,0.0585,10.0,7561.0,382.0
2021-01-05 09:40:04.700,0.0585,0.0589,12.0,0.0585,20.0,7561.0,382.0
2021-01-05 09:40:05.170,0.0585,0.0588,12.0,0.0585,20.0,7561.0,382.0
2021-01-05 09:40:05.701,0.0585,0.0588,12.0,0.0585,20.0,7561.0,382.0
2021-01-05 09:40:06.200,0.0585,0.0589,12.0,0.0585,20.0,7561.0,382.0
2021-01-05 09:40:06.701,0.0585,0.0589,12.0,0.0585,40.0,7561.0,382.0
2021-01-05 09:40:07.191,0.0585,0.0589,12.0,0.0585,52.0,7561.0,382.0
2021-01-05 09:40:08.200,0.0585,0.059,12.0,0.0586,12.0,7561.0,382.0
2021-01-05 09:40:08.690,0.0585,0.0589,12.0,0.0586,10.0,7561.0,382.0
2021-01-05 09:40:09.191,0.0585,0.0591,10.0,0.0586,10.0,7561.0,382.0
2021-01-05 09:40:09.691,0.0585,0.059,12.0,0.0586,22.0,7561.0,382.0
2021-01-05 09:40:10.150,0.0585,0.059,12.0,0.0587,10.0,7561.0,382.0
2021-01-05 09:40:10.680,0.0585,0.0591,10.0,0.0587,20.0,7561.0,382.0
2021-01-05 09:40:11.170,0.0585,0.0589,12.0,0.0587,20.0,7561.0,382.0
2021-01-05 09:40:11.610,0.0585,0.0589,12.0,0.0587,20.0,7561.0,382.0
2021-01-05 09:40:12.190,0.0585,0.059,12.0,0.0587,20.0,7561.0,382.0
2021-01-05 09:40:12.680,0.0585,0.0591,10.0,0.0587,20.0,7561.0,382.0
2021-01-05 09:40:13.131,0.0585,0.0591,10.0,0.0587,20.0,7561.0,382.0
2021-01-05 09:40:13.700,0.0585,0.0591,10.0,0.0588,12.0,7561.0,382.0
2021-01-05 09:40:14.150,0.0585,0.0591,10.0,0.0588,22.0,7561.0,382.0
2021-01-05 09:40:15.690,0.0585,0.0591,10.0,0.0589,10.0,7561.0,382.0
2021-01-05 09:40:16.140,0.0585,0.0591,22.0,0.0589,20.0,7561.0,382.0
2021-01-05 09:40:18.120,0.0585,0.0591,22.0,0.0589,20.0,7561.0,382.0
2021-01-05 09:40:19.711,0.0585,0.059,12.0,0.0589,20.0,7561.0,382.0
2021-01-05 09:40:20.191,0.0585,0.0591,10.0,0.0589,10.0,7561.0,382.0
2021-01-05 09:40:20.691,0.0589,0.0589,12.0,0.0587,10.0,7561.0,392.0
2021-01-05 09:40:21.200,0.0589,0.0591,10.0,0.0588,12.0,7561.0,392.0
2021-01-05 09:40:21.701,0.0589,0.0589,12.0,0.0588,10.0,7561.0,392.0
2021-01-05 09:40:22.210,0.0589,0.0589,12.0,0.0587,10.0,7561.0,392.0
2021-01-05 09:40:23.200,0.0589,0.0589,12.0,0.0587,10.0,7561.0,392.0
2021-01-05 09:40:23.701,0.0589,0.0589,12.0,0.0587,10.0,7561.0,392.0
2021-01-05 09:40:24.681,0.0589,0.0589,12.0,0.0587,10.0,7561.0,392.0
2021-01-05 09:40:25.121,0.0589,0.0589,12.0,0.0587,10.0,7561.0,392.0
2021-01-05 09:40:25.570,0.0589,0.0589,12.0,0.0587,10.0,7561.0,392.0
2021-01-05 09:40:26.181,0.0589,0.0589,12.0,0.0588,10.0,7561.0,392.0
2021-01-05 09:40:26.650,0.0589,0.0589,12.0,0.0587,20.0,7561.0,392.0
2021-01-05 09:40:26.771,0.0589,0.0589,12.0,0.0587,20.0,7561.0,392.0
2021-01-05 09:40:27.701,0.0589,0.0589,12.0,0.0587,10.0,7561.0,392.0
2021-01-05 09:40:28.200,0.0589,0.0589,12.0,0.0587,20.0,7561.0,392.0
2021-01-05 09:40:28.690,0.0589,0.0589,12.0,0.0587,20.0,7561.0,392.0
2021-01-05 09:40:29.170,0.0589,0.0589,12.0,0.0587,10.0,7561.0,392.0
2021-01-05 09:40:30.160,0.0589,0.0589,12.0,0.0587,20.0,7561.0,392.0
2021-01-05 09:40:30.700,0.0589,0.0589,12.0,0.0587,10.0,7561.0,392.0
2021-01-05 09:40:32.611,0.0589,0.0591,10.0,0.0587,10.0,7561.0,392.0
2021-01-05 09:40:33.180,0.0589,0.0591,10.0,0.0589,12.0,7561.0,392.0
2021-01-05 09:40:33.681,0.0589,0.0591,10.0,0.0589,22.0,7561.0,392.0
2021-01-05 09:40:34.171,0.0589,0.0591,10.0,0.0589,10.0,7561.0,392.0
2021-01-05 09:40:34.601,0.0589,0.0591,10.0,0.0589,22.0,7561.0,392.0
2021-01-05 09:40:35.201,0.0589,0.0591,10.0,0.059,10.0,7561.0,392.0
2021-01-05 09:40:35.681,0.0589,0.0591,10.0,0.059,20.0,7561.0,392.0
2021-01-05 09:40:36.620,0.0589,0.0591,10.0,0.059,10.0,7561.0,392.0
2021-01-05 09:40:37.510,0.0591,0.0592,12.0,0.059,10.0,7551.0,402.0
2021-01-05 09:40:38.130,0.0591,0.0594,12.0,0.059,10.0,7551.0,402.0
2021-01-05 09:40:38.651,0.0591,0.0595,12.0,0.059,10.0,7551.0,402.0
2021-01-05 09:40:40.151,0.0591,0.0595,12.0,0.059,10.0,7551.0,402.0
2021-01-05 09:40:40.670,0.0591,0.0596,12.0,0.059,10.0,7551.0,402.0
2021-01-05 09:40:41.191,0.0591,0.0595,12.0,0.059,10.0,7551.0,402.0
2021-01-05 09:40:41.661,0.0591,0.0595,12.0,0.059,10.0,7551.0,402.0
2021-01-05 09:40:43.621,0.0591,0.0595,12.0,0.059,10.0,7551.0,402.0
2021-01-05 09:40:44.201,0.0591,0.0595,12.0,0.0591,10.0,7551.0,402.0
2021-01-05 09:40:44.620,0.0591,0.0595,12.0,0.0591,10.0,7551.0,402.0
2021-01-05 09:40:45.131,0.0591,0.0595,12.0,0.0591,10.0,7551.0,402.0
2021-01-05 09:40:46.161,0.0591,0.0595,12.0,0.0591,10.0,7551.0,402.0
2021-01-05 09:40:48.700,0.0591,0.0595,12.0,0.0592,10.0,7551.0,402.0
2021-01-05 09:40:49.111,0.0591,0.0594,12.0,0.0591,20.0,7551.0,402.0
2021-01-05 09:40:49.640,0.0591,0.0595,12.0,0.0591,10.0,7551.0,402.0
2021-01-05 09:40:50.181,0.0591,0.0594,12.0,0.0591,10.0,7551.0,402.0
2021-01-05 09:40:52.181,0.0591,0.0594,12.0,0.0591,20.0,7551.0,402.0
2021-01-05 09:40:52.650,0.0591,0.0594,12.0,0.0591,20.0,7551.0,402.0
2021-01-05 09:40:54.141,0.0591,0.0594,12.0,0.0591,10.0,7551.0,402.0
2021-01-05 09:40:54.661,0.0591,0.0595,12.0,0.0591,22.0,7551.0,402.0
2021-01-05 09:40:55.111,0.0591,0.0596,10.0,0.0591,20.0,7551.0,402.0
2021-01-05 09:40:55.240,0.0591,0.0594,12.0,0.0591,20.0,7551.0,402.0
2021-01-05 09:40:56.121,0.0591,0.0594,12.0,0.0591,20.0,7551.0,402.0
2021-01-05 09:40:56.711,0.0591,0.0594,12.0,0.0591,20.0,7551.0,402.0
2021-01-05 09:40:57.180,0.0591,0.0594,12.0,0.0591,10.0,7551.0,402.0
2021-01-05 09:40:57.560,0.0591,0.0594,22.0,0.0591,10.0,7551.0,402.0
2021-01-05 09:40:58.200,0.0591,0.0593,12.0,0.0591,10.0,7551.0,402.0
2021-01-05 09:40:58.721,0.0591,0.0593,12.0,0.0591,10.0,7551.0,402.0
2021-01-05 09:40:58.980,0.0591,0.0594,12.0,0.0591,10.0,7551.0,402.0
2021-01-05 09:41:01.041,0.0591,0.0594,12.0,0.0591,10.0,7551.0,402.0
2021-01-05 09:41:01.650,0.0591,0.0594,12.0,0.0591,10.0,7551.0,402.0
2021-01-05 09:41:03.110,0.0591,0.0594,12.0,0.0591,10.0,7551.0,402.0
2021-01-05 09:41:03.721,0.0591,0.0594,12.0,0.0591,20.0,7551.0,402.0
2021-01-05 09:41:04.180,0.0591,0.0594,12.0,0.0591,20.0,7551.0,402.0
2021-01-05 09:41:05.220,0.0591,0.0594,12.0,0.0591,20.0,7551.0,402.0
2021-01-05 09:41:06.620,0.0591,0.0594,22.0,0.0591,20.0,7551.0,402.0
2021-01-05 09:41:06.710,0.0591,0.0592,12.0,0.0591,20.0,7551.0,402.0
2021-01-05 09:41:08.201,0.0591,0.0592,12.0,0.0591,20.0,7551.0,402.0
2021-01-05 09:41:08.701,0.0591,0.0594,10.0,0.0591,20.0,7551.0,402.0
2021-01-05 09:41:09.210,0.0591,0.0595,10.0,0.0591,20.0,7551.0,402.0
2021-01-05 09:41:09.650,0.0591,0.0594,12.0,0.0591,10.0,7551.0,402.0
2021-01-05 09:41:10.220,0.0591,0.0594,22.0,0.0591,10.0,7551.0,402.0
2021-01-05 09:41:10.710,0.0591,0.0593,12.0,0.0591,10.0,7551.0,402.0
2021-01-05 09:41:11.140,0.0591,0.0593,12.0,0.0591,10.0,7551.0,402.0
2021-01-05 09:41:11.711,0.0591,0.0593,12.0,0.0591,10.0,7551.0,402.0
2021-01-05 09:41:12.151,0.0591,0.0593,12.0,0.0591,20.0,7551.0,402.0
2021-01-05 09:41:12.710,0.0591,0.0593,22.0,0.0591,20.0,7551.0,402.0
2021-01-05 09:41:13.161,0.0591,0.0594,10.0,0.0591,20.0,7551.0,402.0
2021-01-05 09:41:13.701,0.0591,0.0594,10.0,0.0591,32.0,7551.0,402.0
2021-01-05 09:41:14.160,0.0591,0.0594,12.0,0.0591,10.0,7551.0,402.0
2021-01-05 09:41:14.671,0.0591,0.0593,12.0,0.0592,10.0,7551.0,402.0
2021-01-05 09:41:15.180,0.0591,0.0593,12.0,0.0591,10.0,7551.0,402.0
2021-01-05 09:41:15.601,0.0591,0.0593,12.0,0.059,10.0,7551.0,402.0
2021-01-05 09:41:16.210,0.0591,0.0593,22.0,0.0589,22.0,7551.0,402.0
2021-01-05 09:41:16.500,0.0591,0.0592,12.0,0.0589,23.0,7551.0,402.0
2021-01-05 09:41:17.180,0.0591,0.0592,12.0,0.0589,10.0,7551.0,402.0
2021-01-05 09:41:17.670,0.0591,0.0592,12.0,0.0589,10.0,7551.0,402.0
2021-01-05 09:41:18.141,0.0591,0.0593,12.0,0.0591,10.0,7551.0,402.0
2021-01-05 09:41:18.600,0.0591,0.0593,12.0,0.059,10.0,7551.0,402.0
2021-01-05 09:41:19.161,0.0591,0.0593,12.0,0.0591,10.0,7551.0,402.0
2021-01-05 09:41:19.570,0.0591,0.0593,12.0,0.0591,10.0,7551.0,402.0
2021-01-05 09:41:20.070,0.0591,0.0593,12.0,0.0591,10.0,7551.0,402.0
2021-01-05 09:41:20.721,0.0591,0.0593,12.0,0.0591,20.0,7551.0,402.0
2021-01-05 09:41:21.190,0.0591,0.0593,12.0,0.0591,10.0,7551.0,402.0
2021-01-05 09:41:21.551,0.0591,0.0593,12.0,0.0591,10.0,7551.0,402.0
2021-01-05 09:41:22.700,0.0591,0.0592,12.0,0.0591,10.0,7551.0,402.0
2021-01-05 09:41:23.061,0.0591,0.0592,12.0,0.0591,10.0,7551.0,402.0
2021-01-05 09:41:26.670,0.0591,0.0592,12.0,0.0591,10.0,7551.0,402.0
2021-01-05 09:41:27.131,0.0591,0.0592,12.0,0.0591,10.0,7551.0,402.0
2021-01-05 09:41:27.710,0.0591,0.0592,12.0,0.0591,10.0,7551.0,402.0
2021-01-05 09:41:28.171,0.0591,0.0592,12.0,0.0591,10.0,7551.0,402.0
2021-01-05 09:41:28.540,0.0591,0.0593,12.0,0.0591,10.0,7551.0,402.0
2021-01-05 09:41:29.001,0.0591,0.0593,12.0,0.0591,10.0,7551.0,402.0
2021-01-05 09:41:29.690,0.0591,0.0593,12.0,0.0591,10.0,7551.0,402.0
2021-01-05 09:41:30.180,0.0591,0.0592,12.0,0.0591,10.0,7551.0,402.0
2021-01-05 09:41:30.711,0.0591,0.0594,10.0,0.0591,10.0,7551.0,402.0
2021-01-05 09:41:31.181,0.0591,0.0593,12.0,0.0591,10.0,7551.0,402.0
2021-01-05 09:41:31.700,0.0591,0.0593,12.0,0.0591,10.0,7551.0,402.0
2021-01-05 09:41:32.670,0.0591,0.0593,12.0,0.0591,10.0,7551.0,402.0
2021-01-05 09:41:33.171,0.0591,0.0593,12.0,0.0591,10.0,7551.0,402.0
2021-01-05 09:41:33.680,0.0591,0.0594,22.0,0.0591,10.0,7551.0,402.0
2021-01-05 09:41:34.120,0.0591,0.0594,12.0,0.0591,10.0,7551.0,402.0
2021-01-05 09:41:35.221,0.0591,0.0593,12.0,0.0591,10.0,7551.0,402.0
2021-01-05 09:41:35.721,0.0591,0.0593,12.0,0.0591,10.0,7551.0,402.0
2021-01-05 09:41:36.070,0.0591,0.0594,10.0,0.0591,10.0,7551.0,402.0
2021-01-05 09:41:36.720,0.0591,0.0592,12.0,0.0591,10.0,7551.0,402.0
2021-01-05 09:41:37.210,0.0591,0.0592,22.0,0.0591,10.0,7551.0,402.0
2021-01-05 09:41:37.711,0.0591,0.0591,2.0,0.0588,10.0,7551.0,412.0
2021-01-05 09:41:38.220,0.0591,0.0591,12.0,0.0587,10.0,7551.0,412.0
2021-01-05 09:41:38.650,0.0591,0.0591,10.0,0.0586,10.0,7551.0,412.0
2021-01-05 09:41:39.221,0.0591,0.0591,20.0,0.0586,10.0,7551.0,412.0
2021-01-05 09:41:39.521,0.0591,0.0591,10.0,0.0588,12.0,7551.0,412.0
2021-01-05 09:41:40.231,0.0591,0.0592,20.0,0.0588,12.0,7551.0,412.0
2021-01-05 09:41:40.721,0.0591,0.0592,20.0,0.0589,12.0,7551.0,412.0
2021-01-05 09:41:41.130,0.0591,0.0592,10.0,0.0589,12.0,7551.0,412.0
2021-01-05 09:41:41.630,0.0591,0.0593,20.0,0.059,12.0,7551.0,412.0
2021-01-05 09:41:42.201,0.0591,0.0593,30.0,0.059,12.0,7551.0,412.0
2021-01-05 09:41:42.700,0.0591,0.0593,30.0,0.059,12.0,7551.0,412.0
2021-01-05 09:41:43.080,0.0591,0.0593,32.0,0.0589,22.0,7551.0,412.0
2021-01-05 09:41:43.720,0.0591,0.0593,42.0,0.0589,12.0,7551.0,412.0
2021-01-05 09:41:44.671,0.0591,0.0593,42.0,0.0591,10.0,7551.0,412.0
2021-01-05 09:41:45.190,0.0591,0.0592,12.0,0.059,10.0,7551.0,412.0
2021-01-05 09:41:45.660,0.0591,0.0593,42.0,0.0589,32.0,7551.0,412.0
2021-01-05 09:41:46.241,0.0591,0.0592,12.0,0.0591,10.0,7551.0,412.0
2021-01-05 09:41:46.661,0.0591,0.0593,30.0,0.0591,10.0,7551.0,412.0
2021-01-05 09:41:47.201,0.0591,0.0592,12.0,0.0591,10.0,7551.0,412.0
2021-01-05 09:41:47.741,0.0591,0.0593,20.0,0.0591,10.0,7551.0,412.0
2021-01-05 09:41:48.181,0.0591,0.0593,10.0,0.0591,10.0,7551.0,412.0
2021-01-05 09:41:48.740,0.0591,0.0594,12.0,0.0591,20.0,7551.0,412.0
2021-01-05 09:41:49.191,0.0591,0.0594,22.0,0.0591,10.0,7551.0,412.0
2021-01-05 09:41:49.750,0.0591,0.0593,12.0,0.0592,10.0,7551.0,412.0
2021-01-05 09:41:50.231,0.0592,0.0593,12.0,0.0592,5.0,7556.0,417.0
2021-01-05 09:41:50.751,0.0592,0.0593,12.0,0.0591,10.0,7561.0,422.0
2021-01-05 09:41:51.251,0.0592,0.0594,10.0,0.0591,22.0,7561.0,422.0
2021-01-05 09:41:51.760,0.0592,0.0595,22.0,0.0592,10.0,7561.0,422.0
2021-01-05 09:41:52.261,0.0592,0.0595,10.0,0.0591,20.0,7561.0,422.0
2021-01-05 09:41:52.321,0.0592,0.0594,12.0,0.0591,10.0,7561.0,422.0
2021-01-05 09:41:53.201,0.0592,0.0594,12.0,0.0591,10.0,7561.0,422.0
2021-01-05 09:41:53.681,0.0592,0.0594,12.0,0.0591,10.0,7561.0,422.0
2021-01-05 09:41:55.160,0.0592,0.0594,12.0,0.0591,10.0,7561.0,422.0
2021-01-05 09:41:55.671,0.0592,0.0594,12.0,0.0591,10.0,7561.0,422.0
2021-01-05 09:41:56.151,0.0592,0.0592,10.0,0.0591,10.0,7561.0,422.0
2021-01-05 09:41:56.680,0.0592,0.0592,10.0,0.0591,10.0,7561.0,422.0
2021-01-05 09:41:57.110,0.0592,0.0592,22.0,0.0591,10.0,7561.0,422.0
2021-01-05 09:41:57.640,0.0592,0.0592,10.0,0.0591,10.0,7561.0,422.0
2021-01-05 09:41:58.140,0.0592,0.0592,20.0,0.0591,10.0,7561.0,422.0
2021-01-05 09:41:58.660,0.0592,0.0592,20.0,0.0591,10.0,7561.0,422.0
2021-01-05 09:41:59.131,0.0592,0.0592,20.0,0.059,10.0,7561.0,422.0
2021-01-05 09:41:59.700,0.0592,0.0592,19.0,0.059,10.0,7561.0,423.0
2021-01-05 09:42:00.151,0.0592,0.0592,19.0,0.0591,10.0,7561.0,423.0
2021-01-05 09:42:00.701,0.0592,0.0592,31.0,0.059,10.0,7561.0,423.0
2021-01-05 09:42:01.181,0.0592,0.0592,31.0,0.059,10.0,7561.0,423.0
2021-01-05 09:42:01.651,0.0592,0.0592,31.0,0.0589,10.0,7561.0,423.0
2021-01-05 09:42:02.201,0.0592,0.0592,40.0,0.059,10.0,7561.0,424.0
2021-01-05 09:42:02.710,0.0592,0.0592,30.0,0.059,10.0,7561.0,424.0
2021-01-05 09:42:03.161,0.0592,0.0592,30.0,0.059,10.0,7561.0,424.0
2021-01-05 09:42:04.201,0.0592,0.0592,29.0,0.059,10.0,7561.0,425.0
2021-01-05 09:42:04.641,0.0592,0.0592,17.0,0.059,10.0,7561.0,425.0
2021-01-05 09:42:05.711,0.0592,0.0592,27.0,0.059,10.0,7561.0,425.0
2021-01-05 09:42:06.181,0.0592,0.0592,17.0,0.059,10.0,7561.0,425.0
2021-01-05 09:42:07.230,0.0592,0.0592,17.0,0.059,10.0,7561.0,425.0
2021-01-05 09:42:08.220,0.0592,0.0592,27.0,0.059,10.0,7561.0,425.0
2021-01-05 09:42:09.230,0.0592,0.0591,10.0,0.059,10.0,7561.0,425.0
2021-01-05 09:42:10.220,0.0592,0.0591,10.0,0.0589,10.0,7561.0,425.0
2021-01-05 09:42:11.211,0.0592,0.0591,22.0,0.0589,10.0,7561.0,425.0
2021-01-05 09:42:11.691,0.0592,0.0591,32.0,0.0589,10.0,7561.0,425.0
2021-01-05 09:42:12.210,0.0592,0.0591,22.0,0.0589,10.0,7561.0,425.0
2021-01-05 09:42:13.211,0.0592,0.0591,22.0,0.0589,10.0,7561.0,425.0
2021-01-05 09:42:13.731,0.0592,0.0591,10.0,0.0589,22.0,7561.0,425.0
2021-01-05 09:42:14.671,0.0592,0.0591,20.0,0.0589,10.0,7561.0,425.0
2021-01-05 09:42:15.151,0.0592,0.0591,10.0,0.0589,10.0,7561.0,425.0
2021-01-05 09:42:15.650,0.0592,0.0591,10.0,0.059,12.0,7561.0,425.0
2021-01-05 09:42:16.181,0.0592,0.0591,10.0,0.0589,22.0,7561.0,425.0
2021-01-05 09:42:16.701,0.0592,0.0591,10.0,0.0589,22.0,7561.0,425.0
2021-01-05 09:42:17.241,0.0592,0.0591,10.0,0.0589,22.0,7561.0,425.0
2021-01-05 09:42:19.721,0.0592,0.0591,10.0,0.0589,22.0,7561.0,425.0
2021-01-05 09:42:20.150,0.0592,0.0591,10.0,0.0589,22.0,7561.0,425.0
2021-01-05 09:42:20.751,0.0592,0.0591,10.0,0.0589,22.0,7561.0,425.0
2021-01-05 09:42:21.621,0.0592,0.0591,10.0,0.0589,22.0,7561.0,425.0
2021-01-05 09:42:22.221,0.0592,0.0591,10.0,0.0589,10.0,7561.0,425.0
2021-01-05 09:42:22.370,0.0589,0.0591,10.0,0.0588,22.0,7551.0,435.0
2021-01-05 09:42:23.191,0.0589,0.0591,10.0,0.0589,2.0,7541.0,445.0
2021-01-05 09:42:23.631,0.0589,0.0591,10.0,0.0588,10.0,7541.0,445.0
2021-01-05 09:42:24.151,0.0589,0.059,12.0,0.0588,10.0,7541.0,445.0
2021-01-05 09:42:24.670,0.0589,0.059,12.0,0.0587,10.0,7541.0,445.0
2021-01-05 09:42:25.200,0.0589,0.0591,20.0,0.0588,12.0,7541.0,445.0
2021-01-05 09:42:25.400,0.0589,0.0592,32.0,0.0588,12.0,7541.0,445.0
2021-01-05 09:42:26.201,0.0589,0.0591,10.0,0.0588,12.0,7541.0,445.0
2021-01-05 09:42:27.171,0.0589,0.0591,10.0,0.0588,12.0,7541.0,445.0
2021-01-05 09:42:29.720,0.0589,0.0591,10.0,0.0589,10.0,7541.0,445.0
2021-01-05 09:42:30.220,0.0589,0.0591,10.0,0.0589,10.0,7541.0,445.0
2021-01-05 09:42:30.710,0.0589,0.0591,10.0,0.0589,10.0,7541.0,445.0
2021-01-05 09:42:31.200,0.0589,0.0591,10.0,0.0589,10.0,7541.0,445.0
2021-01-05 09:42:34.210,0.0589,0.0591,10.0,0.0589,10.0,7541.0,445.0
2021-01-05 09:42:35.701,0.0589,0.0591,32.0,0.0589,10.0,7541.0,445.0
2021-01-05 09:42:36.141,0.0589,0.0591,22.0,0.0589,10.0,7541.0,445.0
2021-01-05 09:42:40.221,0.0589,0.0591,22.0,0.0589,10.0,7541.0,445.0
2021-01-05 09:42:41.731,0.0589,0.0591,32.0,0.0589,10.0,7541.0,445.0
2021-01-05 09:42:42.250,0.0589,0.0591,32.0,0.0589,10.0,7541.0,445.0
2021-01-05 09:42:42.711,0.0589,0.0591,42.0,0.0589,10.0,7541.0,445.0
2021-01-05 09:42:43.251,0.0589,0.0591,42.0,0.0589,10.0,7541.0,445.0
2021-01-05 09:42:43.500,0.0589,0.0591,42.0,0.0589,10.0,7541.0,445.0
2021-01-05 09:42:44.211,0.0589,0.0591,32.0,0.0589,10.0,7541.0,445.0
2021-01-05 09:42:44.751,0.0589,0.059,12.0,0.0589,10.0,7541.0,445.0
2021-01-05 09:42:45.191,0.0589,0.0591,10.0,0.0589,10.0,7541.0,445.0
2021-01-05 09:42:45.650,0.0589,0.0591,12.0,0.0589,10.0,7541.0,445.0
2021-01-05 09:42:46.240,0.0589,0.0591,12.0,0.0589,10.0,7541.0,445.0
2021-01-05 09:42:46.240,0.0589,0.059,22.0,0.0589,10.0,7541.0,445.0
2021-01-05 09:42:47.231,0.0589,0.059,22.0,0.0589,10.0,7541.0,445.0
2021-01-05 09:42:48.720,0.0589,0.059,10.0,0.0589,10.0,7541.0,445.0
2021-01-05 09:42:49.750,0.0589,0.059,10.0,0.0589,10.0,7541.0,445.0
2021-01-05 09:42:50.261,0.0589,0.059,10.0,0.0589,10.0,7541.0,445.0
2021-01-05 09:42:55.190,0.0589,0.059,10.0,0.0589,10.0,7541.0,445.0
2021-01-05 09:42:55.701,0.0589,0.059,10.0,0.0589,10.0,7541.0,445.0
2021-01-05 09:42:56.191,0.0589,0.059,10.0,0.0589,10.0,7541.0,445.0
2021-01-05 09:42:56.631,0.0589,0.0591,12.0,0.0589,10.0,7541.0,445.0
2021-01-05 09:42:57.171,0.0589,0.059,10.0,0.0589,10.0,7541.0,445.0
2021-01-05 09:42:58.731,0.0589,0.059,10.0,0.0589,10.0,7541.0,445.0
2021-01-05 09:42:59.230,0.0589,0.059,10.0,0.0588,22.0,7531.0,455.0
2021-01-05 09:42:59.651,0.0589,0.0592,22.0,0.0588,35.0,7531.0,455.0
2021-01-05 09:43:00.131,0.0589,0.0592,12.0,0.0588,35.0,7531.0,455.0
2021-01-05 09:43:00.721,0.0589,0.0591,10.0,0.0588,35.0,7531.0,455.0
2021-01-05 09:43:01.211,0.0589,0.0591,10.0,0.0588,35.0,7531.0,455.0
2021-01-05 09:43:01.701,0.0589,0.0591,10.0,0.0588,35.0,7531.0,455.0
2021-01-05 09:43:02.681,0.0589,0.0591,10.0,0.0588,23.0,7531.0,455.0
2021-01-05 09:43:02.681,0.0589,0.0591,22.0,0.0588,13.0,7531.0,455.0
2021-01-05 09:43:04.740,0.0589,0.0591,10.0,0.0589,10.0,7531.0,455.0
2021-01-05 09:43:05.251,0.0589,0.0591,10.0,0.0588,32.0,7531.0,455.0
2021-01-05 09:43:05.681,0.0589,0.0591,10.0,0.0589,13.0,7531.0,455.0
2021-01-05 09:43:06.171,0.0589,0.0591,10.0,0.0589,13.0,7531.0,455.0
2021-01-05 09:43:06.680,0.0589,0.0591,10.0,0.0589,15.0,7521.0,465.0
2021-01-05 09:43:07.231,0.0589,0.0591,10.0,0.059,12.0,7518.0,475.0
2021-01-05 09:43:07.231,0.0589,0.0591,12.0,0.0589,10.0,7518.0,475.0
2021-01-05 09:43:08.181,0.0589,0.0592,12.0,0.059,10.0,7518.0,475.0
2021-01-05 09:43:08.640,0.059,0.0592,12.0,0.0589,23.0,7518.0,485.0
2021-01-05 09:43:09.231,0.059,0.0593,12.0,0.0589,23.0,7518.0,485.0
2021-01-05 09:43:09.740,0.059,0.0593,12.0,0.0589,23.0,7518.0,485.0
2021-01-05 09:43:10.150,0.0589,0.0593,12.0,0.0588,10.0,7508.0,495.0
2021-01-05 09:43:10.761,0.0588,0.0592,12.0,0.0588,13.0,7498.0,505.0
2021-01-05 09:43:11.250,0.0588,0.0591,12.0,0.0588,13.0,7498.0,505.0
2021-01-05 09:43:12.171,0.0588,0.0591,12.0,0.0588,13.0,7498.0,505.0
2021-01-05 09:43:13.210,0.0588,0.0592,12.0,0.0588,25.0,7498.0,505.0
2021-01-05 09:43:13.721,0.0588,0.0592,12.0,0.0589,10.0,7498.0,505.0
2021-01-05 09:43:14.270,0.0588,0.0592,12.0,0.0589,13.0,7498.0,505.0
2021-01-05 09:43:14.770,0.0589,0.0592,12.0,0.0589,3.0,7488.0,515.0
2021-01-05 09:43:15.241,0.0589,0.0589,7.0,0.0588,20.0,7485.0,518.0
2021-01-05 09:43:15.711,0.0589,0.0592,10.0,0.059,10.0,7478.0,525.0
2021-01-05 09:43:16.270,0.0589,0.0594,10.0,0.0588,23.0,7478.0,525.0
2021-01-05 09:43:16.501,0.0589,0.0592,12.0,0.0588,20.0,7478.0,525.0
2021-01-05 09:43:17.271,0.0589,0.0592,12.0,0.0589,13.0,7478.0,525.0
2021-01-05 09:43:17.771,0.0589,0.0593,12.0,0.0589,25.0,7478.0,525.0
2021-01-05 09:43:18.270,0.0589,0.0593,12.0,0.0589,15.0,7468.0,535.0
2021-01-05 09:43:19.261,0.0589,0.0593,12.0,0.0589,5.0,7465.0,545.0
2021-01-05 09:43:19.751,0.0589,0.0594,10.0,0.0588,20.0,7465.0,545.0
2021-01-05 09:43:20.281,0.0589,0.0592,12.0,0.0588,20.0,7465.0,545.0
2021-01-05 09:43:20.731,0.0588,0.0592,12.0,0.0588,43.0,7455.0,555.0
2021-01-05 09:43:21.271,0.0588,0.0593,22.0,0.0589,12.0,7455.0,555.0
2021-01-05 09:43:21.701,0.0588,0.0593,12.0,0.0589,12.0,7455.0,555.0
2021-01-05 09:43:22.671,0.0588,0.0594,22.0,0.059,12.0,7455.0,555.0
2021-01-05 09:43:23.201,0.0588,0.0593,12.0,0.0589,22.0,7455.0,555.0
2021-01-05 09:43:23.651,0.0588,0.0594,22.0,0.059,12.0,7455.0,555.0
2021-01-05 09:43:24.120,0.0588,0.0593,12.0,0.0589,22.0,7455.0,555.0
2021-01-05 09:43:24.661,0.0589,0.0593,12.0,0.0589,2.0,7445.0,565.0
2021-01-05 09:43:24.890,0.0589,0.0592,12.0,0.0588,23.0,7445.0,565.0
2021-01-05 09:43:25.651,0.0589,0.0591,12.0,0.0588,23.0,7445.0,565.0
2021-01-05 09:43:26.060,0.0589,0.0592,12.0,0.0589,10.0,7445.0,565.0
2021-01-05 09:43:26.621,0.0589,0.0591,12.0,0.0589,20.0,7445.0,565.0
2021-01-05 09:43:27.190,0.0589,0.0594,22.0,0.059,12.0,7445.0,565.0
2021-01-05 09:43:27.620,0.059,0.0594,25.0,0.059,2.0,7437.0,585.0
2021-01-05 09:43:28.091,0.059,0.0594,23.0,0.0589,20.0,7437.0,585.0
2021-01-05 09:43:28.700,0.059,0.059,20.0,0.0589,20.0,7437.0,585.0
2021-01-05 09:43:29.080,0.059,0.059,32.0,0.0589,10.0,7437.0,585.0
2021-01-05 09:43:29.660,0.0589,0.059,22.0,0.0588,10.0,7427.0,595.0
2021-01-05 09:43:30.701,0.059,0.059,12.0,0.0587,30.0,7422.0,600.0
2021-01-05 09:43:31.161,0.0587,0.059,12.0,0.0587,20.0,7412.0,610.0
2021-01-05 09:43:31.720,0.0587,0.059,12.0,0.0587,30.0,7412.0,610.0
2021-01-05 09:43:32.181,0.0587,0.059,12.0,0.0587,30.0,7412.0,610.0
2021-01-05 09:43:32.680,0.0587,0.059,12.0,0.0587,20.0,7402.0,620.0
2021-01-05 09:43:33.141,0.0587,0.0591,12.0,0.0587,30.0,7402.0,620.0
2021-01-05 09:43:33.670,0.0587,0.0591,12.0,0.0587,30.0,7397.0,625.0
2021-01-05 09:43:34.221,0.0587,0.0592,10.0,0.0587,30.0,7397.0,625.0
2021-01-05 09:43:34.230,0.0587,0.059,12.0,0.0587,30.0,7397.0,625.0
2021-01-05 09:43:35.160,0.0587,0.059,12.0,0.0588,10.0,7397.0,625.0
2021-01-05 09:43:35.681,0.0588,0.059,12.0,0.0587,30.0,7387.0,635.0
2021-01-05 09:43:36.661,0.0588,0.0591,12.0,0.0587,42.0,7387.0,635.0
2021-01-05 09:43:37.631,0.0588,0.0591,12.0,0.0587,42.0,7387.0,635.0
2021-01-05 09:43:38.221,0.0587,0.0591,12.0,0.0587,32.0,7377.0,645.0
2021-01-05 09:43:39.241,0.0587,0.059,12.0,0.0587,20.0,7367.0,655.0
2021-01-05 09:43:39.700,0.0587,0.059,12.0,0.0587,20.0,7367.0,655.0
2021-01-05 09:43:40.230,0.0587,0.059,12.0,0.0587,30.0,7367.0,655.0
2021-01-05 09:43:41.730,0.0587,0.059,12.0,0.0588,10.0,7367.0,655.0
2021-01-05 09:43:42.191,0.0587,0.059,12.0,0.0587,40.0,7367.0,655.0
2021-01-05 09:43:42.741,0.0587,0.059,12.0,0.0587,30.0,7357.0,665.0
2021-01-05 09:43:43.231,0.0587,0.059,12.0,0.0587,40.0,7357.0,665.0
2021-01-05 09:43:43.371,0.0587,0.0591,12.0,0.0587,33.0,7347.0,675.0
2021-01-05 09:43:44.251,0.0587,0.059,12.0,0.0587,53.0,7347.0,675.0
2021-01-05 09:43:44.670,0.0587,0.059,12.0,0.0587,13.0,7337.0,685.0
2021-01-05 09:43:45.630,0.0587,0.059,12.0,0.0586,10.0,7337.0,685.0
2021-01-05 09:43:46.151,0.0587,0.059,12.0,0.0586,13.0,7337.0,685.0
2021-01-05 09:43:46.750,0.0587,0.059,12.0,0.0586,22.0,7337.0,685.0
2021-01-05 09:43:47.250,0.0587,0.0591,10.0,0.0586,10.0,7337.0,685.0
2021-01-05 09:43:48.001,0.0589,0.0589,12.0,0.0585,42.0,7337.0,686.0
2021-01-05 09:43:48.641,0.0589,0.0589,12.0,0.0585,45.0,7337.0,686.0
2021-01-05 09:43:49.601,0.0589,0.0589,12.0,0.0585,45.0,7337.0,686.0
2021-01-05 09:43:50.170,0.0589,0.0589,12.0,0.0586,10.0,7337.0,686.0
2021-01-05 09:43:50.721,0.0589,0.059,12.0,0.0586,12.0,7337.0,691.0
2021-01-05 09:43:51.221,0.0589,0.059,10.0,0.0587,12.0,7337.0,691.0
2021-01-05 09:43:51.660,0.0589,0.0589,12.0,0.0587,10.0,7337.0,691.0
2021-01-05 09:43:52.200,0.0589,0.0589,12.0,0.0587,10.0,7337.0,691.0
2021-01-05 09:43:52.681,0.0589,0.0589,22.0,0.0587,10.0,7337.0,691.0
2021-01-05 09:43:53.931,0.0589,0.0589,10.0,0.0587,22.0,7337.0,691.0
2021-01-05 09:43:55.660,0.0589,0.0588,10.0,0.0587,22.0,7337.0,691.0
2021-01-05 09:43:56.721,0.0589,0.0588,10.0,0.0587,10.0,7337.0,691.0
2021-01-05 09:43:57.650,0.0589,0.0588,10.0,0.0587,10.0,7337.0,691.0
2021-01-05 09:43:58.181,0.0589,0.0588,10.0,0.0587,10.0,7337.0,691.0
2021-01-05 09:43:58.711,0.0589,0.0588,10.0,0.0587,10.0,7337.0,691.0
2021-01-05 09:43:59.170,0.0589,0.0588,10.0,0.0586,22.0,7337.0,691.0
2021-01-05 09:44:00.131,0.0587,0.0587,12.0,0.0585,20.0,7337.0,701.0
2021-01-05 09:44:00.561,0.0587,0.0588,20.0,0.0587,12.0,7337.0,701.0
2021-01-05 09:44:01.160,0.0587,0.0588,10.0,0.0587,12.0,7337.0,701.0
2021-01-05 09:44:02.711,0.0587,0.0588,20.0,0.0587,12.0,7337.0,701.0
2021-01-05 09:44:03.241,0.0587,0.0588,20.0,0.0587,12.0,7337.0,701.0
2021-01-05 09:44:03.750,0.0587,0.0588,20.0,0.0587,12.0,7337.0,701.0
2021-01-05 09:44:04.230,0.0587,0.0588,20.0,0.0587,12.0,7337.0,701.0
2021-01-05 09:44:04.720,0.0587,0.0588,10.0,0.0587,12.0,7337.0,701.0
2021-01-05 09:44:05.260,0.0587,0.0588,10.0,0.0586,32.0,7337.0,701.0
2021-01-05 09:44:05.681,0.0587,0.0588,10.0,0.0587,10.0,7337.0,701.0
2021-01-05 09:44:06.261,0.0587,0.0588,10.0,0.0587,10.0,7337.0,701.0
2021-01-05 09:44:06.770,0.0588,0.0589,10.0,0.0588,12.0,7337.0,711.0
2021-01-05 09:44:07.281,0.0588,0.059,10.0,0.0586,10.0,7337.0,711.0
2021-01-05 09:44:07.750,0.0588,0.0588,12.0,0.0584,30.0,7337.0,711.0
2021-01-05 09:44:08.230,0.0588,0.0588,10.0,0.0586,10.0,7337.0,711.0
2021-01-05 09:44:08.760,0.0588,0.0589,10.0,0.0586,10.0,7337.0,711.0
2021-01-05 09:44:09.050,0.0588,0.0589,10.0,0.0586,22.0,7337.0,711.0
2021-01-05 09:44:10.781,0.0588,0.0589,10.0,0.0586,12.0,7337.0,711.0
2021-01-05 09:44:11.271,0.0588,0.0589,10.0,0.0586,12.0,7337.0,711.0
2021-01-05 09:44:11.770,0.0588,0.0589,22.0,0.0585,12.0,7337.0,711.0
2021-01-05 09:44:12.270,0.0588,0.0589,22.0,0.0585,12.0,7337.0,711.0
2021-01-05 09:44:12.781,0.0588,0.0589,22.0,0.0585,12.0,7337.0,711.0
2021-01-05 09:44:13.230,0.0588,0.0589,22.0,0.0585,12.0,7337.0,711.0
2021-01-05 09:44:14.781,0.0588,0.0589,22.0,0.0585,12.0,7337.0,711.0
2021-01-05 09:44:15.280,0.0588,0.0589,22.0,0.0585,12.0,7337.0,711.0
2021-01-05 09:44:16.281,0.0588,0.0589,22.0,0.0585,12.0,7337.0,711.0
2021-01-05 09:44:17.770,0.0588,0.0589,22.0,0.0585,12.0,7337.0,711.0
2021-01-05 09:44:18.231,0.0588,0.0588,12.0,0.0584,12.0,7337.0,711.0
2021-01-05 09:44:18.780,0.0588,0.0588,22.0,0.0584,25.0,7337.0,711.0
2021-01-05 09:44:19.261,0.0588,0.0588,10.0,0.0584,13.0,7337.0,711.0
2021-01-05 09:44:19.801,0.0588,0.0588,22.0,0.0584,25.0,7337.0,711.0
2021-01-05 09:44:20.300,0.0588,0.0587,12.0,0.0583,22.0,7337.0,711.0
2021-01-05 09:44:20.780,0.0588,0.0587,22.0,0.0583,22.0,7337.0,711.0
2021-01-05 09:44:21.270,0.0588,0.0588,10.0,0.0583,33.0,7337.0,711.0
2021-01-05 09:44:21.760,0.0588,0.0588,10.0,0.0585,12.0,7337.0,711.0
2021-01-05 09:44:22.131,0.0588,0.0589,10.0,0.0585,22.0,7337.0,711.0
2021-01-05 09:44:22.661,0.0588,0.0589,10.0,0.0587,12.0,7337.0,711.0
2021-01-05 09:44:22.991,0.0588,0.059,10.0,0.0587,12.0,7337.0,711.0
2021-01-05 09:44:24.680,0.0588,0.059,10.0,0.0587,12.0,7337.0,711.0
2021-01-05 09:44:25.660,0.0588,0.059,10.0,0.0587,22.0,7337.0,711.0
2021-01-05 09:44:26.201,0.0588,0.059,10.0,0.0586,22.0,7337.0,711.0
2021-01-05 09:44:26.701,0.0588,0.059,10.0,0.0587,22.0,7337.0,711.0
2021-01-05 09:44:27.201,0.0588,0.059,10.0,0.0587,12.0,7337.0,711.0
2021-01-05 09:44:27.710,0.0588,0.059,22.0,0.0586,22.0,7337.0,711.0
2021-01-05 09:44:29.200,0.0588,0.059,10.0,0.0587,12.0,7337.0,711.0
2021-01-05 09:44:29.640,0.0588,0.059,10.0,0.0587,12.0,7337.0,711.0
2021-01-05 09:44:30.720,0.0588,0.059,10.0,0.0586,20.0,7337.0,711.0
2021-01-05 09:44:31.231,0.0588,0.059,10.0,0.0586,22.0,7337.0,711.0
2021-01-05 09:44:32.691,0.0588,0.059,10.0,0.0587,12.0,7337.0,711.0
2021-01-05 09:44:34.241,0.0588,0.059,10.0,0.0587,12.0,7337.0,711.0
2021-01-05 09:44:34.241,0.0588,0.059,10.0,0.0587,22.0,7337.0,711.0
2021-01-05 09:44:35.740,0.0588,0.059,22.0,0.0587,10.0,7337.0,711.0
2021-01-05 09:44:36.220,0.0588,0.059,10.0,0.0587,22.0,7337.0,711.0
2021-01-05 09:44:36.741,0.0588,0.059,10.0,0.0587,12.0,7337.0,711.0
2021-01-05 09:44:37.240,0.0588,0.059,22.0,0.0586,22.0,7337.0,711.0
2021-01-05 09:44:37.751,0.0588,0.059,10.0,0.0587,22.0,7337.0,711.0
2021-01-05 09:44:38.201,0.0588,0.059,22.0,0.0586,22.0,7337.0,711.0
2021-01-05 09:44:39.661,0.0588,0.059,10.0,0.0587,10.0,7337.0,711.0
2021-01-05 09:44:43.251,0.0588,0.059,22.0,0.0586,22.0,7337.0,711.0
2021-01-05 09:44:43.760,0.0588,0.059,22.0,0.0586,22.0,7337.0,711.0
2021-01-05 09:44:44.260,0.0588,0.059,22.0,0.0586,12.0,7337.0,711.0
2021-01-05 09:44:44.761,0.0588,0.059,22.0,0.0586,22.0,7337.0,711.0
2021-01-05 09:44:45.261,0.0588,0.059,35.0,0.0586,12.0,7337.0,711.0
2021-01-05 09:44:45.760,0.0588,0.059,23.0,0.0584,10.0,7337.0,711.0
2021-01-05 09:44:45.760,0.0588,0.059,22.0,0.0586,12.0,7337.0,711.0
2021-01-05 09:44:46.390,0.0588,0.0589,12.0,0.0585,12.0,7337.0,711.0
2021-01-05 09:44:47.251,0.0588,0.0589,22.0,0.0585,12.0,7337.0,711.0
2021-01-05 09:44:48.780,0.0588,0.0588,12.0,0.0584,22.0,7337.0,711.0
2021-01-05 09:44:49.270,0.0588,0.0588,22.0,0.0584,22.0,7337.0,711.0
2021-01-05 09:44:49.800,0.0588,0.0588,22.0,0.0584,22.0,7337.0,711.0
2021-01-05 09:44:50.300,0.0588,0.0588,10.0,0.0584,10.0,7337.0,711.0
2021-01-05 09:44:50.811,0.0588,0.0586,12.0,0.0584,10.0,7337.0,711.0
2021-01-05 09:44:51.231,0.0588,0.0586,10.0,0.0584,22.0,7337.0,711.0
2021-01-05 09:44:51.810,0.0588,0.0586,10.0,0.0584,22.0,7337.0,711.0
2021-01-05 09:44:52.711,0.0588,0.0586,10.0,0.0584,10.0,7337.0,711.0
2021-01-05 09:44:53.621,0.0588,0.0586,10.0,0.0584,10.0,7337.0,711.0
2021-01-05 09:44:54.201,0.0588,0.0586,10.0,0.0584,10.0,7337.0,711.0
2021-01-05 09:44:54.430,0.0588,0.0586,10.0,0.0585,12.0,7337.0,711.0
2021-01-05 09:44:55.150,0.0586,0.0589,20.0,0.0586,2.0,7347.0,721.0
2021-01-05 09:44:55.700,0.0586,0.0589,30.0,0.0584,10.0,7349.0,723.0
2021-01-05 09:44:56.720,0.0586,0.0587,12.0,0.0584,10.0,7349.0,723.0
2021-01-05 09:44:57.160,0.0586,0.0587,12.0,0.0584,10.0,7349.0,723.0
2021-01-05 09:44:57.431,0.0586,0.0587,22.0,0.0584,10.0,7349.0,723.0
2021-01-05 09:44:58.120,0.0586,0.0585,12.0,0.0584,10.0,7349.0,723.0
2021-01-05 09:44:58.720,0.0585,0.0585,10.0,0.0584,10.0,7349.0,725.0
2021-01-05 09:44:59.190,0.0585,0.0585,10.0,0.0584,10.0,7349.0,725.0
2021-01-05 09:44:59.711,0.0585,0.0589,20.0,0.0585,2.0,7359.0,735.0
2021-01-05 09:45:00.061,0.0585,0.0589,10.0,0.0585,12.0,7359.0,735.0
2021-01-05 09:45:00.591,0.0585,0.0587,12.0,0.0584,10.0,7359.0,735.0
2021-01-05 09:45:01.221,0.0585,0.0587,22.0,0.0586,10.0,7359.0,735.0
2021-01-05 09:45:01.680,0.0585,0.0587,22.0,0.0585,10.0,7359.0,735.0
2021-01-05 09:45:02.061,0.0585,0.0589,10.0,0.0587,12.0,7359.0,735.0
2021-01-05 09:45:02.710,0.0585,0.0589,12.0,0.0585,12.0,7359.0,735.0
2021-01-05 09:45:03.190,0.0585,0.0589,22.0,0.0585,12.0,7359.0,735.0
2021-01-05 09:45:03.680,0.0585,0.0588,12.0,0.0586,10.0,7359.0,735.0
2021-01-05 09:45:04.191,0.0585,0.0588,10.0,0.0586,10.0,7359.0,735.0
2021-01-05 09:45:04.700,0.0585,0.0588,10.0,0.0586,10.0,7359.0,735.0
2021-01-05 09:45:05.221,0.0585,0.0589,22.0,0.0586,10.0,7359.0,735.0
2021-01-05 09:45:05.720,0.0585,0.0588,12.0,0.0586,10.0,7359.0,735.0
2021-01-05 09:45:06.220,0.0585,0.0588,22.0,0.0586,10.0,7359.0,735.0
2021-01-05 09:45:07.130,0.0585,0.0587,12.0,0.0586,10.0,7359.0,735.0
2021-01-05 09:45:07.720,0.0585,0.0588,22.0,0.0586,10.0,7359.0,735.0
2021-01-05 09:45:08.181,0.0585,0.0588,12.0,0.0583,22.0,7359.0,735.0
2021-01-05 09:45:09.190,0.0585,0.0588,10.0,0.0584,10.0,7359.0,735.0
2021-01-05 09:45:09.720,0.0585,0.0586,12.0,0.0584,10.0,7359.0,735.0
2021-01-05 09:45:10.200,0.0585,0.0586,22.0,0.0583,10.0,7359.0,735.0
2021-01-05 09:45:10.700,0.0585,0.0585,12.0,0.0583,10.0,7359.0,735.0
2021-01-05 09:45:11.091,0.0585,0.0585,22.0,0.0582,10.0,7359.0,735.0
2021-01-05 09:45:11.720,0.0585,0.0585,22.0,0.0583,10.0,7359.0,735.0
2021-01-05 09:45:12.150,0.0585,0.0585,22.0,0.0582,10.0,7359.0,735.0
2021-01-05 09:45:12.701,0.0585,0.0585,22.0,0.0582,10.0,7359.0,735.0
2021-01-05 09:45:13.220,0.0585,0.0585,10.0,0.0583,10.0,7359.0,735.0
2021-01-05 09:45:14.181,0.0585,0.0585,22.0,0.0583,10.0,7359.0,735.0
2021-01-05 09:45:15.230,0.0585,0.0585,10.0,0.0582,20.0,7359.0,735.0
2021-01-05 09:45:15.721,0.0585,0.0585,10.0,0.0582,20.0,7359.0,735.0
2021-01-05 09:45:16.230,0.0585,0.0585,22.0,0.0582,20.0,7359.0,735.0
2021-01-05 09:45:16.741,0.0585,0.0585,10.0,0.0582,32.0,7359.0,735.0
2021-01-05 09:45:17.220,0.0585,0.0585,10.0,0.0582,20.0,7359.0,735.0
2021-01-05 09:45:17.731,0.0585,0.0586,22.0,0.0582,20.0,7359.0,735.0
2021-01-05 09:45:18.230,0.0585,0.0586,22.0,0.0582,20.0,7359.0,735.0
2021-01-05 09:45:19.191,0.0585,0.0585,12.0,0.0582,10.0,7359.0,735.0
2021-01-05 09:45:19.731,0.0585,0.0585,22.0,0.0582,10.0,7359.0,735.0
2021-01-05 09:45:21.091,0.0585,0.0585,22.0,0.058,32.0,7359.0,735.0
2021-01-05 09:45:21.731,0.0585,0.0585,22.0,0.058,35.0,7359.0,735.0
2021-01-05 09:45:22.240,0.0585,0.0585,22.0,0.0581,12.0,7359.0,735.0
2021-01-05 09:45:22.710,0.0585,0.0585,22.0,0.0581,12.0,7359.0,735.0
2021-01-05 09:45:24.201,0.0585,0.0585,22.0,0.0581,12.0,7359.0,735.0
2021-01-05 09:45:24.701,0.0585,0.0583,12.0,0.058,10.0,7359.0,735.0
2021-01-05 09:45:25.131,0.0585,0.0584,10.0,0.058,10.0,7359.0,735.0
2021-01-05 09:45:25.690,0.0585,0.0586,20.0,0.0582,12.0,7359.0,735.0
2021-01-05 09:45:26.220,0.0585,0.0586,20.0,0.0581,12.0,7359.0,735.0
2021-01-05 09:45:26.681,0.0585,0.0586,20.0,0.0582,12.0,7359.0,735.0
2021-01-05 09:45:27.211,0.0585,0.0586,32.0,0.0582,12.0,7359.0,735.0
2021-01-05 09:45:27.711,0.0585,0.0586,20.0,0.0582,12.0,7359.0,735.0
2021-01-05 09:45:28.220,0.0585,0.0586,20.0,0.0582,12.0,7359.0,735.0
2021-01-05 09:45:28.550,0.0585,0.0586,20.0,0.0583,12.0,7359.0,735.0
2021-01-05 09:45:29.140,0.0585,0.0586,32.0,0.0581,12.0,7359.0,735.0
2021-01-05 09:45:30.210,0.0585,0.0585,22.0,0.0581,12.0,7359.0,735.0
2021-01-05 09:45:30.710,0.0585,0.0583,12.0,0.0578,10.0,7359.0,735.0
2021-01-05 09:45:31.211,0.0585,0.0583,22.0,0.0578,13.0,7359.0,735.0
2021-01-05 09:45:31.680,0.0585,0.0581,12.0,0.0578,13.0,7359.0,735.0
2021-01-05 09:45:32.151,0.0585,0.0583,10.0,0.0578,13.0,7359.0,735.0
2021-01-05 09:45:32.690,0.0585,0.0583,10.0,0.058,12.0,7359.0,735.0
2021-01-05 09:45:33.651,0.0585,0.0584,20.0,0.058,12.0,7359.0,735.0
2021-01-05 09:45:34.220,0.0585,0.0584,20.0,0.058,12.0,7359.0,735.0
2021-01-05 09:45:35.190,0.0585,0.0584,20.0,0.058,12.0,7359.0,735.0
2021-01-05 09:45:35.701,0.0585,0.0584,10.0,0.058,12.0,7359.0,735.0
2021-01-05 09:45:36.240,0.0585,0.0584,10.0,0.058,12.0,7359.0,735.0
2021-01-05 09:45:36.730,0.0585,0.0584,10.0,0.0578,20.0,7359.0,735.0
2021-01-05 09:45:37.241,0.0585,0.0584,10.0,0.058,12.0,7359.0,735.0
2021-01-05 09:45:37.731,0.0585,0.0582,12.0,0.0579,10.0,7359.0,735.0
2021-01-05 09:45:38.240,0.0585,0.0583,10.0,0.0581,12.0,7359.0,735.0
2021-01-05 09:45:38.721,0.0585,0.0584,10.0,0.058,12.0,7359.0,735.0
2021-01-05 09:45:39.210,0.0585,0.0584,10.0,0.0581,12.0,7359.0,735.0
2021-01-05 09:45:39.700,0.0585,0.0584,22.0,0.058,12.0,7359.0,735.0
2021-01-05 09:45:40.240,0.0585,0.0584,22.0,0.058,12.0,7359.0,735.0
2021-01-05 09:45:40.730,0.0585,0.0584,10.0,0.058,12.0,7359.0,735.0
2021-01-05 09:45:41.220,0.0585,0.0584,10.0,0.058,12.0,7359.0,735.0
2021-01-05 09:45:41.700,0.0585,0.0584,10.0,0.0581,12.0,7359.0,735.0
2021-01-05 09:45:42.240,0.0585,0.0584,10.0,0.058,12.0,7359.0,735.0
2021-01-05 09:45:42.711,0.0585,0.0584,10.0,0.0581,12.0,7359.0,735.0
2021-01-05 09:45:43.220,0.0585,0.0584,10.0,0.0581,12.0,7359.0,735.0
2021-01-05 09:45:43.731,0.0585,0.0584,10.0,0.0581,12.0,7359.0,735.0
2021-01-05 09:45:44.201,0.0585,0.0584,10.0,0.0581,12.0,7359.0,735.0
2021-01-05 09:45:44.711,0.0584,0.0584,10.0,0.0581,12.0,7359.0,736.0
2021-01-05 09:45:45.220,0.0584,0.0584,10.0,0.058,10.0,7359.0,736.0
2021-01-05 09:45:45.681,0.0584,0.0584,10.0,0.0581,12.0,7359.0,736.0
2021-01-05 09:45:46.240,0.0584,0.0584,10.0,0.0581,12.0,7359.0,736.0
2021-01-05 09:45:46.751,0.0584,0.0584,10.0,0.0581,12.0,7359.0,736.0
2021-01-05 09:45:50.251,0.0584,0.0584,10.0,0.0581,22.0,7359.0,736.0
2021-01-05 09:45:50.750,0.0584,0.0584,10.0,0.058,10.0,7359.0,736.0
2021-01-05 09:45:51.250,0.0584,0.0582,12.0,0.058,10.0,7359.0,736.0
2021-01-05 09:45:51.260,0.0584,0.0583,10.0,0.058,10.0,7359.0,736.0
2021-01-05 09:45:52.251,0.0584,0.0583,10.0,0.0582,12.0,7359.0,736.0
2021-01-05 09:45:52.641,0.0584,0.0584,10.0,0.058,10.0,7359.0,736.0
2021-01-05 09:45:53.211,0.0584,0.0582,12.0,0.058,23.0,7359.0,736.0
2021-01-05 09:45:53.711,0.0584,0.0582,12.0,0.058,10.0,7359.0,736.0
2021-01-05 09:45:54.191,0.0584,0.0581,12.0,0.058,10.0,7359.0,736.0
2021-01-05 09:45:54.710,0.0584,0.0581,12.0,0.058,10.0,7359.0,736.0
2021-01-05 09:45:55.230,0.0584,0.0583,10.0,0.0582,12.0,7359.0,736.0
2021-01-05 09:45:55.711,0.0584,0.0584,10.0,0.0582,12.0,7359.0,736.0
2021-01-05 09:45:56.120,0.0584,0.0582,12.0,0.058,10.0,7359.0,736.0
2021-01-05 09:45:56.631,0.0584,0.0583,22.0,0.058,10.0,7359.0,736.0
2021-01-05 09:45:57.201,0.0584,0.0582,12.0,0.058,23.0,7359.0,736.0
2021-01-05 09:45:57.651,0.0584,0.0582,22.0,0.058,23.0,7359.0,736.0
2021-01-05 09:45:58.711,0.0584,0.0582,10.0,0.058,10.0,7359.0,736.0
2021-01-05 09:45:59.680,0.0582,0.0585,20.0,0.0582,12.0,7369.0,746.0
2021-01-05 09:45:59.931,0.0582,0.0585,20.0,0.058,10.0,7371.0,758.0
2021-01-05 09:46:00.730,0.0582,0.0583,12.0,0.058,10.0,7371.0,758.0
2021-01-05 09:46:01.230,0.0582,0.0583,12.0,0.0579,10.0,7371.0,758.0
2021-01-05 09:46:02.221,0.0582,0.0583,12.0,0.058,10.0,7371.0,758.0
2021-01-05 09:46:02.711,0.0582,0.0583,10.0,0.0582,12.0,7371.0,758.0
2021-01-05 09:46:03.120,0.0582,0.0583,10.0,0.0581,10.0,7371.0,758.0
2021-01-05 09:46:03.731,0.0582,0.0581,12.0,0.058,10.0,7371.0,758.0
2021-01-05 09:46:03.731,0.0582,0.0581,22.0,0.0579,10.0,7371.0,758.0
2021-01-05 09:46:05.691,0.0582,0.0581,22.0,0.0579,10.0,7371.0,758.0
2021-01-05 09:46:06.221,0.0582,0.0581,22.0,0.0578,10.0,7371.0,758.0
2021-01-05 09:46:06.690,0.0582,0.0581,22.0,0.0578,10.0,7371.0,758.0
2021-01-05 09:46:07.231,0.0582,0.0581,22.0,0.0578,10.0,7371.0,758.0
2021-01-05 09:46:08.121,0.0582,0.0581,22.0,0.0578,20.0,7371.0,758.0
2021-01-05 09:46:08.730,0.0582,0.0581,22.0,0.0578,33.0,7371.0,758.0
2021-01-05 09:46:09.710,0.0582,0.0581,22.0,0.0578,23.0,7371.0,758.0
2021-01-05 09:46:10.221,0.0582,0.0581,10.0,0.0576,20.0,7371.0,758.0
2021-01-05 09:46:10.720,0.0582,0.0581,22.0,0.0577,23.0,7371.0,758.0
2021-01-05 09:46:11.181,0.0582,0.0581,10.0,0.0579,12.0,7371.0,758.0
2021-01-05 09:46:11.721,0.0582,0.0581,10.0,0.0579,12.0,7371.0,758.0
2021-01-05 09:46:12.190,0.0582,0.0581,10.0,0.0577,10.0,7371.0,758.0
2021-01-05 09:46:12.680,0.0582,0.0581,10.0,0.058,12.0,7371.0,758.0
2021-01-05 09:46:12.680,0.0582,0.0583,10.0,0.058,12.0,7371.0,758.0
2021-01-05 09:46:13.681,0.0582,0.0583,10.0,0.058,12.0,7371.0,758.0
2021-01-05 09:46:14.230,0.0582,0.0582,12.0,0.0579,10.0,7371.0,758.0
2021-01-05 09:46:15.231,0.0582,0.0582,10.0,0.0579,10.0,7371.0,758.0
2021-01-05 09:46:15.730,0.0582,0.058,12.0,0.0579,10.0,7371.0,758.0
2021-01-05 09:46:16.201,0.0582,0.058,12.0,0.0578,20.0,7371.0,758.0
2021-01-05 09:46:16.631,0.0582,0.0581,10.0,0.0578,32.0,7371.0,758.0
2021-01-05 09:46:17.021,0.0582,0.0581,10.0,0.058,12.0,7371.0,758.0
2021-01-05 09:46:17.751,0.0582,0.0582,10.0,0.058,12.0,7371.0,758.0
2021-01-05 09:46:18.180,0.0582,0.0583,10.0,0.058,12.0,7371.0,758.0
2021-01-05 09:46:18.731,0.0582,0.0583,10.0,0.0579,22.0,7371.0,758.0
2021-01-05 09:46:19.171,0.0582,0.0583,10.0,0.0579,35.0,7371.0,758.0
2021-01-05 09:46:20.210,0.0582,0.0583,10.0,0.058,12.0,7371.0,758.0
2021-01-05 09:46:20.731,0.0582,0.0583,10.0,0.058,22.0,7371.0,758.0
2021-01-05 09:46:22.220,0.0582,0.0583,10.0,0.058,10.0,7371.0,758.0
2021-01-05 09:46:22.690,0.0582,0.0583,10.0,0.058,10.0,7371.0,758.0
2021-01-05 09:46:23.201,0.0582,0.0583,10.0,0.058,22.0,7371.0,758.0
2021-01-05 09:46:24.221,0.0582,0.0583,10.0,0.058,32.0,7371.0,758.0
2021-01-05 09:46:25.211,0.0582,0.0583,10.0,0.058,10.0,7371.0,758.0
2021-01-05 09:46:25.651,0.0582,0.0583,10.0,0.058,22.0,7371.0,758.0
2021-01-05 09:46:26.191,0.0582,0.0583,10.0,0.058,32.0,7371.0,758.0
2021-01-05 09:46:27.201,0.0582,0.0583,10.0,0.058,22.0,7371.0,758.0
2021-01-05 09:46:28.200,0.0582,0.0583,10.0,0.058,32.0,7371.0,758.0
2021-01-05 09:46:29.151,0.0582,0.0583,10.0,0.058,22.0,7371.0,758.0
2021-01-05 09:46:30.721,0.0582,0.0583,10.0,0.058,22.0,7371.0,758.0
2021-01-05 09:46:31.210,0.0582,0.0583,10.0,0.058,22.0,7371.0,758.0
2021-01-05 09:46:32.100,0.0582,0.0583,10.0,0.058,22.0,7371.0,758.0
2021-01-05 09:46:32.701,0.0582,0.0583,10.0,0.058,22.0,7371.0,758.0
2021-01-05 09:46:33.210,0.0582,0.0583,10.0,0.058,22.0,7371.0,758.0
2021-01-05 09:46:33.660,0.0582,0.0583,10.0,0.058,35.0,7371.0,758.0
2021-01-05 09:46:34.171,0.0582,0.0583,10.0,0.058,22.0,7371.0,758.0
2021-01-05 09:46:35.120,0.0582,0.0583,20.0,0.058,22.0,7371.0,758.0
2021-01-05 09:46:35.721,0.0582,0.0583,20.0,0.058,45.0,7371.0,758.0
2021-01-05 09:46:36.221,0.0582,0.0583,20.0,0.058,22.0,7371.0,758.0
2021-01-05 09:46:36.730,0.0582,0.0583,20.0,0.058,22.0,7371.0,758.0
2021-01-05 09:46:37.241,0.0582,0.0583,20.0,0.058,22.0,7371.0,758.0
2021-01-05 09:46:37.750,0.0582,0.0583,20.0,0.0581,12.0,7371.0,758.0
2021-01-05 09:46:38.201,0.0582,0.0583,20.0,0.0581,12.0,7371.0,758.0
2021-01-05 09:46:38.741,0.0582,0.0583,10.0,0.0582,12.0,7371.0,758.0
2021-01-05 09:46:39.210,0.0582,0.0583,10.0,0.0582,12.0,7371.0,758.0
2021-01-05 09:46:39.680,0.0581,0.0583,10.0,0.0581,8.0,7371.0,770.0
2021-01-05 09:46:40.120,0.0581,0.0583,20.0,0.0582,10.0,7371.0,770.0
2021-01-05 09:46:40.301,0.0581,0.0583,22.0,0.0582,10.0,7371.0,770.0
2021-01-05 09:46:41.250,0.0582,0.0582,2.0,0.0581,10.0,7371.0,780.0
2021-01-05 09:46:41.730,0.0582,0.0582,12.0,0.058,10.0,7371.0,780.0
2021-01-05 09:46:41.730,0.0582,0.0583,20.0,0.0581,12.0,7371.0,780.0
2021-01-05 09:46:42.741,0.0582,0.0583,20.0,0.0581,22.0,7371.0,780.0
2021-01-05 09:46:43.121,0.0582,0.0583,20.0,0.0581,13.0,7371.0,780.0
2021-01-05 09:46:43.630,0.0582,0.0582,12.0,0.0581,23.0,7371.0,780.0
2021-01-05 09:46:44.230,0.0582,0.0582,22.0,0.0581,13.0,7371.0,780.0
2021-01-05 09:46:45.161,0.0582,0.0582,22.0,0.0581,13.0,7371.0,780.0
2021-01-05 09:46:46.671,0.0581,0.0582,10.0,0.0581,1.0,7383.0,802.0
2021-01-05 09:46:47.701,0.0582,0.059,40.0,0.0582,2.0,7383.0,812.0
2021-01-05 09:46:48.081,0.0582,0.0589,13.0,0.0582,10.0,7383.0,812.0
2021-01-05 09:46:48.761,0.0582,0.0587,12.0,0.0582,10.0,7383.0,812.0
2021-01-05 09:46:49.230,0.0582,0.0587,22.0,0.0582,10.0,7383.0,812.0
2021-01-05 09:46:49.730,0.0582,0.0586,12.0,0.0582,10.0,7383.0,812.0
2021-01-05 09:46:50.170,0.0582,0.0586,22.0,0.0582,10.0,7383.0,812.0
2021-01-05 09:46:51.261,0.0582,0.0586,22.0,0.0582,22.0,7383.0,812.0
2021-01-05 09:46:51.731,0.0582,0.0583,10.0,0.0582,22.0,7383.0,812.0
2021-01-05 09:46:51.801,0.0582,0.0583,20.0,0.058,10.0,7383.0,812.0
2021-01-05 09:46:52.711,0.0583,0.0583,10.0,0.0581,25.0,7383.0,822.0
2021-01-05 09:46:53.201,0.0583,0.0583,10.0,0.0581,25.0,7383.0,822.0
2021-01-05 09:46:54.221,0.0583,0.0583,10.0,0.0581,25.0,7383.0,822.0
2021-01-05 09:46:54.701,0.0583,0.0583,10.0,0.0582,12.0,7383.0,822.0
2021-01-05 09:46:55.180,0.0583,0.0583,10.0,0.0582,12.0,7383.0,822.0
2021-01-05 09:46:56.221,0.0583,0.0584,10.0,0.0582,12.0,7383.0,822.0
2021-01-05 09:46:56.711,0.0583,0.0584,10.0,0.0582,10.0,7383.0,822.0
2021-01-05 09:46:57.080,0.0583,0.0584,10.0,0.0582,10.0,7383.0,822.0
2021-01-05 09:46:57.741,0.0583,0.0584,10.0,0.0582,22.0,7383.0,822.0
2021-01-05 09:46:58.131,0.0583,0.0584,10.0,0.0583,22.0,7383.0,822.0
2021-01-05 09:46:58.720,0.0583,0.0584,10.0,0.0583,12.0,7383.0,822.0
2021-01-05 09:46:59.191,0.0583,0.0586,10.0,0.0583,22.0,7383.0,822.0
2021-01-05 09:47:00.741,0.0583,0.0586,10.0,0.0584,10.0,7383.0,822.0
2021-01-05 09:47:01.210,0.0583,0.0586,10.0,0.0583,32.0,7383.0,822.0
2021-01-05 09:47:01.721,0.0583,0.0587,10.0,0.0584,12.0,7383.0,822.0
2021-01-05 09:47:02.230,0.0583,0.0587,10.0,0.0585,10.0,7383.0,822.0
2021-01-05 09:47:02.701,0.0583,0.0587,10.0,0.0585,10.0,7383.0,822.0
2021-01-05 09:47:03.220,0.0583,0.0587,10.0,0.0585,10.0,7383.0,822.0
2021-01-05 09:47:03.740,0.0583,0.0587,10.0,0.0585,22.0,7383.0,822.0
2021-01-05 09:47:04.211,0.0583,0.0587,10.0,0.0586,12.0,7383.0,822.0
2021-01-05 09:47:05.250,0.0583,0.0587,10.0,0.0585,22.0,7383.0,822.0
2021-01-05 09:47:05.750,0.0583,0.0587,10.0,0.0585,10.0,7383.0,822.0
2021-01-05 09:47:06.130,0.0587,0.0591,12.0,0.0587,2.0,7383.0,832.0
2021-01-05 09:47:06.491,0.0587,0.0591,10.0,0.0588,10.0,7383.0,842.0
2021-01-05 09:47:07.221,0.0587,0.0591,10.0,0.0588,10.0,7383.0,842.0
2021-01-05 09:47:08.230,0.0589,0.059,10.0,0.0587,10.0,7383.0,852.0
2021-01-05 09:47:08.691,0.0587,0.0589,12.0,0.0586,10.0,7383.0,862.0
2021-01-05 09:47:08.900,0.0589,0.0589,10.0,0.0588,12.0,7383.0,872.0
2021-01-05 09:47:09.590,0.0589,0.059,10.0,0.0588,12.0,7383.0,872.0
2021-01-05 09:47:09.811,0.0589,0.059,10.0,0.0588,12.0,7383.0,872.0
2021-01-05 09:47:10.721,0.0589,0.059,10.0,0.0588,12.0,7383.0,872.0
2021-01-05 09:47:11.250,0.0589,0.0591,10.0,0.0588,12.0,7383.0,872.0
2021-01-05 09:47:11.751,0.0589,0.0591,10.0,0.0588,12.0,7383.0,872.0
2021-01-05 09:47:12.241,0.0589,0.0591,10.0,0.0589,12.0,7383.0,872.0
