,last,ask1,asize1,bid1,bsize1,oi,volume
2021-01-05 09:25:00.080,,0.0255,1.0,0.0244,2.0,9451.0,
2021-01-05 09:30:00.451,,0.0259,1.0,0.0258,1.0,9451.0,
2021-01-05 09:30:00.991,0.0259,0.0277,1.0,0.0233,1.0,9451.0,1.0
2021-01-05 09:30:02.011,0.0259,0.0277,21.0,0.0252,20.0,9451.0,1.0
2021-01-05 09:30:02.501,0.0259,0.0277,20.0,0.0253,20.0,9451.0,1.0
2021-01-05 09:30:03.010,0.0259,0.0284,20.0,0.0253,20.0,9451.0,1.0
2021-01-05 09:30:03.471,0.0259,0.0282,20.0,0.0252,20.0,9451.0,1.0
2021-01-05 09:30:03.980,0.0259,0.028,20.0,0.0249,20.0,9451.0,1.0
2021-01-05 09:30:04.430,0.0259,0.0281,20.0,0.0251,20.0,9451.0,1.0
2021-01-05 09:30:05.010,0.0259,0.0283,20.0,0.0252,20.0,9451.0,1.0
2021-01-05 09:30:05.990,0.0259,0.03,1.0,0.0252,20.0,9451.0,1.0
2021-01-05 09:30:15.991,0.0259,0.03,1.0,0.0252,20.0,9451.0,1.0
2021-01-05 09:30:16.531,0.0259,0.0286,20.0,0.0256,20.0,9451.0,1.0
2021-01-05 09:30:17.021,0.0259,0.0286,20.0,0.0252,20.0,9451.0,1.0
2021-01-05 09:30:17.641,0.0259,0.0286,20.0,0.0252,20.0,9451.0,1.0
2021-01-05 09:30:18.231,0.0259,0.0286,20.0,0.0252,20.0,9451.0,1.0
2021-01-05 09:30:19.251,0.0259,0.0286,20.0,0.0056,5.0,9451.0,1.0
2021-01-05 09:30:19.751,0.0259,0.0286,20.0,0.0056,5.0,9451.0,1.0
2021-01-05 09:30:20.240,0.0259,0.0286,20.0,0.0056,5.0,9451.0,1.0
2021-01-05 09:30:23.170,0.0259,0.0286,20.0,0.0057,1.0,9451.0,1.0
2021-01-05 09:30:23.670,0.0259,0.03,1.0,0.0056,5.0,9451.0,1.0
2021-01-05 09:30:24.161,0.0259,0.03,1.0,0.0056,5.0,9451.0,1.0
2021-01-05 09:30:25.160,0.0259,0.03,1.0,0.0057,1.0,9451.0,1.0
2021-01-05 09:30:25.671,0.0259,0.03,1.0,0.0057,1.0,9451.0,1.0
2021-01-05 09:30:26.171,0.0259,0.03,1.0,0.0056,5.0,9451.0,1.0
2021-01-05 09:30:26.670,0.0259,0.03,1.0,0.0056,5.0,9451.0,1.0
2021-01-05 09:30:27.170,0.0259,0.03,1.0,0.0056,5.0,9451.0,1.0
2021-01-05 09:30:32.140,0.0259,0.03,1.0,0.0057,1.0,9451.0,1.0
2021-01-05 09:30:32.631,0.0259,0.03,1.0,0.0057,1.0,9451.0,1.0
2021-01-05 09:30:33.171,0.0259,0.03,1.0,0.0056,5.0,9451.0,1.0
2021-01-05 09:30:33.671,0.0259,0.03,1.0,0.0057,1.0,9451.0,1.0
2021-01-05 09:30:34.191,0.0259,0.03,1.0,0.0057,1.0,9451.0,1.0
2021-01-05 09:30:43.180,0.0259,0.03,11.0,0.0057,11.0,9451.0,1.0
2021-01-05 09:30:59.640,0.0259,0.0276,20.0,0.0257,20.0,9451.0,1.0
2021-01-05 09:31:00.161,0.0259,0.0276,30.0,0.0257,30.0,9451.0,1.0
2021-01-05 09:31:00.681,0.0259,0.0276,50.0,0.0258,1.0,9451.0,1.0
2021-01-05 09:31:01.150,0.0259,0.0276,50.0,0.0258,21.0,9451.0,1.0
2021-01-05 09:31:02.170,0.0259,0.0276,30.0,0.0258,21.0,9451.0,1.0
2021-01-05 09:31:02.681,0.0259,0.0276,50.0,0.0258,21.0,9451.0,1.0
2021-01-05 09:31:03.131,0.0259,0.0276,50.0,0.0258,21.0,9451.0,1.0
2021-01-05 09:31:03.680,0.0259,0.0276,50.0,0.0259,1.0,9451.0,1.0
2021-01-05 09:31:04.181,0.0259,0.0276,50.0,0.0259,11.0,9451.0,1.0
2021-01-05 09:31:04.671,0.0259,0.0276,50.0,0.0259,11.0,9451.0,1.0
2021-01-05 09:31:05.670,0.0259,0.0276,50.0,0.026,1.0,9451.0,1.0
2021-01-05 09:31:06.160,0.0259,0.0276,50.0,0.026,1.0,9451.0,1.0
2021-01-05 09:31:06.681,0.0259,0.0276,50.0,0.026,1.0,9451.0,1.0
2021-01-05 09:31:07.190,0.0259,0.0276,50.0,0.026,1.0,9451.0,1.0
2021-01-05 09:31:11.701,0.0259,0.0276,50.0,0.026,1.0,9451.0,1.0
2021-01-05 09:31:12.621,0.0259,0.0276,50.0,0.026,21.0,9451.0,1.0
2021-01-05 09:31:13.170,0.0259,0.0276,50.0,0.026,1.0,9451.0,1.0
2021-01-05 09:31:14.200,0.0259,0.0276,50.0,0.026,1.0,9451.0,1.0
2021-01-05 09:31:14.690,0.0259,0.0276,50.0,0.026,1.0,9451.0,1.0
2021-01-05 09:31:16.711,0.0259,0.0276,50.0,0.026,1.0,9451.0,1.0
2021-01-05 09:31:18.201,0.0259,0.0276,50.0,0.026,1.0,9451.0,1.0
2021-01-05 09:31:19.150,0.0259,0.0276,30.0,0.026,1.0,9451.0,1.0
2021-01-05 09:31:19.721,0.0259,0.0276,50.0,0.026,1.0,9451.0,1.0
2021-01-05 09:31:20.701,0.0259,0.0276,50.0,0.026,1.0,9451.0,1.0
2021-01-05 09:31:23.171,0.0259,0.0276,50.0,0.0259,1.0,9451.0,11.0
2021-01-05 09:31:23.640,0.0259,0.0275,14.0,0.0257,20.0,9451.0,21.0
2021-01-05 09:31:24.151,0.0259,0.0275,44.0,0.0257,30.0,9451.0,21.0
2021-01-05 09:31:24.641,0.0259,0.0275,44.0,0.0257,30.0,9451.0,21.0
2021-01-05 09:31:25.640,0.0259,0.0275,44.0,0.0257,30.0,9451.0,21.0
2021-01-05 09:31:26.141,0.0259,0.0268,20.0,0.0257,10.0,9451.0,21.0
2021-01-05 09:31:26.681,0.0259,0.0268,50.0,0.0257,10.0,9451.0,21.0
2021-01-05 09:31:27.171,0.0259,0.0268,50.0,0.0257,10.0,9451.0,21.0
2021-01-05 09:31:29.171,0.0259,0.0259,10.0,0.0257,10.0,9451.0,21.0
2021-01-05 09:31:30.170,0.0259,0.026,10.0,0.0256,20.0,9451.0,21.0
2021-01-05 09:31:30.671,0.0259,0.0259,10.0,0.0256,20.0,9451.0,21.0
2021-01-05 09:31:31.101,0.0259,0.0259,10.0,0.0256,40.0,9451.0,21.0
2021-01-05 09:31:31.641,0.0259,0.026,10.0,0.0256,40.0,9451.0,21.0
2021-01-05 09:31:32.191,0.0259,0.026,10.0,0.0256,40.0,9451.0,21.0
2021-01-05 09:31:33.190,0.0259,0.026,10.0,0.0256,40.0,9451.0,21.0
2021-01-05 09:31:33.680,0.0259,0.026,10.0,0.0256,40.0,9451.0,21.0
2021-01-05 09:31:34.681,0.0259,0.026,10.0,0.0256,40.0,9451.0,21.0
2021-01-05 09:31:35.190,0.0259,0.026,10.0,0.0256,40.0,9451.0,21.0
2021-01-05 09:31:36.181,0.0259,0.0261,20.0,0.0256,40.0,9451.0,21.0
2021-01-05 09:31:36.690,0.0259,0.0261,20.0,0.0256,40.0,9451.0,21.0
2021-01-05 09:31:37.620,0.0259,0.0261,20.0,0.0256,20.0,9451.0,21.0
2021-01-05 09:31:38.190,0.0259,0.026,10.0,0.0256,20.0,9451.0,21.0
2021-01-05 09:31:39.210,0.0259,0.026,10.0,0.0256,20.0,9451.0,21.0
2021-01-05 09:31:39.710,0.0259,0.026,10.0,0.0256,32.0,9451.0,21.0
2021-01-05 09:31:40.200,0.0259,0.0261,10.0,0.0256,20.0,9451.0,21.0
2021-01-05 09:31:40.711,0.0259,0.0261,10.0,0.0256,20.0,9451.0,21.0
2021-01-05 09:31:41.191,0.0259,0.0261,20.0,0.0256,20.0,9451.0,21.0
2021-01-05 09:31:41.700,0.0259,0.026,1.0,0.0256,20.0,9451.0,21.0
2021-01-05 09:31:42.211,0.0259,0.026,21.0,0.0256,20.0,9451.0,21.0
2021-01-05 09:31:42.711,0.0259,0.026,21.0,0.0256,20.0,9451.0,21.0
2021-01-05 09:31:43.191,0.0259,0.026,21.0,0.0256,20.0,9451.0,21.0
2021-01-05 09:31:43.191,0.0259,0.026,21.0,0.0256,20.0,9451.0,21.0
2021-01-05 09:31:44.190,0.0259,0.026,21.0,0.0256,20.0,9451.0,21.0
2021-01-05 09:31:44.691,0.0259,0.026,11.0,0.0256,20.0,9451.0,21.0
2021-01-05 09:31:45.170,0.0259,0.0259,10.0,0.0256,20.0,9451.0,21.0
2021-01-05 09:31:45.621,0.0259,0.0259,10.0,0.0255,20.0,9451.0,21.0
2021-01-05 09:31:46.171,0.0259,0.0259,20.0,0.0255,20.0,9451.0,21.0
2021-01-05 09:31:46.701,0.0259,0.0259,20.0,0.0255,20.0,9451.0,21.0
2021-01-05 09:31:47.191,0.0259,0.0259,10.0,0.0255,20.0,9451.0,21.0
2021-01-05 09:31:47.690,0.0259,0.0259,20.0,0.0255,20.0,9451.0,21.0
2021-01-05 09:31:48.211,0.0259,0.0259,20.0,0.0255,20.0,9451.0,21.0
2021-01-05 09:31:49.221,0.0259,0.0259,20.0,0.0255,20.0,9451.0,21.0
2021-01-05 09:31:49.711,0.0259,0.0259,10.0,0.0255,20.0,9451.0,21.0
2021-01-05 09:31:50.191,0.0259,0.0259,10.0,0.0255,20.0,9451.0,21.0
2021-01-05 09:31:50.710,0.0259,0.0259,10.0,0.0255,20.0,9451.0,21.0
2021-01-05 09:31:51.210,0.0259,0.0259,10.0,0.0255,20.0,9451.0,21.0
2021-01-05 09:31:51.701,0.0259,0.0259,10.0,0.0255,20.0,9451.0,21.0
2021-01-05 09:31:52.220,0.0259,0.0259,10.0,0.0255,20.0,9451.0,21.0
2021-01-05 09:31:52.621,0.0259,0.0259,10.0,0.0255,20.0,9451.0,21.0
2021-01-05 09:31:53.171,0.0259,0.0259,10.0,0.0255,20.0,9451.0,21.0
2021-01-05 09:31:54.151,0.0259,0.0259,20.0,0.0255,20.0,9451.0,21.0
2021-01-05 09:31:54.641,0.0259,0.0259,10.0,0.0255,20.0,9451.0,21.0
2021-01-05 09:31:55.150,0.0259,0.0259,10.0,0.0255,20.0,9451.0,21.0
2021-01-05 09:31:55.670,0.0259,0.0259,10.0,0.0255,20.0,9451.0,21.0
2021-01-05 09:31:56.110,0.0259,0.0259,30.0,0.0255,20.0,9451.0,21.0
2021-01-05 09:31:57.171,0.0259,0.0259,30.0,0.0255,20.0,9451.0,21.0
2021-01-05 09:31:58.171,0.0259,0.0259,13.0,0.0255,20.0,9451.0,21.0
2021-01-05 09:31:58.640,0.0259,0.0259,33.0,0.0255,20.0,9451.0,21.0
2021-01-05 09:31:59.660,0.0259,0.0259,13.0,0.0255,20.0,9451.0,21.0
2021-01-05 09:32:00.150,0.0259,0.0259,33.0,0.0255,20.0,9451.0,21.0
2021-01-05 09:32:00.650,0.0259,0.0259,13.0,0.0255,20.0,9451.0,21.0
2021-01-05 09:32:01.170,0.0259,0.0259,33.0,0.0255,20.0,9451.0,21.0
2021-01-05 09:32:01.670,0.0259,0.0259,30.0,0.0255,20.0,9451.0,21.0
2021-01-05 09:32:02.171,0.0259,0.0259,10.0,0.0255,20.0,9451.0,21.0
2021-01-05 09:32:02.671,0.0259,0.0259,10.0,0.0255,20.0,9451.0,21.0
2021-01-05 09:32:03.180,0.0259,0.0259,10.0,0.0255,20.0,9451.0,21.0
2021-01-05 09:32:03.641,0.0259,0.0259,10.0,0.0255,20.0,9451.0,21.0
2021-01-05 09:32:04.161,0.0259,0.026,1.0,0.0255,20.0,9451.0,21.0
2021-01-05 09:32:04.630,0.0259,0.026,14.0,0.0255,20.0,9451.0,21.0
2021-01-05 09:32:05.141,0.0259,0.026,14.0,0.0252,62.0,9451.0,21.0
2021-01-05 09:32:05.660,0.0259,0.026,14.0,0.0252,52.0,9451.0,21.0
2021-01-05 09:32:06.161,0.0259,0.026,14.0,0.0252,40.0,9451.0,21.0
2021-01-05 09:32:06.680,0.0259,0.026,14.0,0.0252,32.0,9451.0,21.0
2021-01-05 09:32:07.070,0.0259,0.026,14.0,0.0252,20.0,9451.0,21.0
2021-01-05 09:32:07.671,0.0259,0.026,14.0,0.0252,32.0,9451.0,21.0
2021-01-05 09:32:08.670,0.0259,0.026,14.0,0.0252,20.0,9451.0,21.0
2021-01-05 09:32:09.141,0.0259,0.026,14.0,0.0252,20.0,9451.0,21.0
2021-01-05 09:32:09.681,0.0259,0.026,14.0,0.0252,32.0,9451.0,21.0
2021-01-05 09:32:10.161,0.0259,0.026,14.0,0.0252,20.0,9451.0,21.0
2021-01-05 09:32:10.630,0.0259,0.026,14.0,0.0252,20.0,9451.0,21.0
2021-01-05 09:32:11.650,0.0259,0.026,14.0,0.0252,20.0,9451.0,21.0
2021-01-05 09:32:12.161,0.0259,0.026,11.0,0.0252,20.0,9451.0,21.0
2021-01-05 09:32:12.670,0.0259,0.026,11.0,0.0252,32.0,9451.0,21.0
2021-01-05 09:32:13.171,0.0259,0.026,11.0,0.0252,20.0,9451.0,21.0
2021-01-05 09:32:14.180,0.0259,0.026,11.0,0.0252,30.0,9451.0,21.0
2021-01-05 09:32:14.660,0.0259,0.026,11.0,0.0252,30.0,9451.0,21.0
2021-01-05 09:32:15.171,0.0259,0.026,13.0,0.0252,31.0,9451.0,21.0
2021-01-05 09:32:15.671,0.0259,0.026,13.0,0.0252,31.0,9451.0,21.0
2021-01-05 09:32:16.551,0.0259,0.026,33.0,0.0252,51.0,9451.0,21.0
2021-01-05 09:32:17.161,0.0259,0.026,33.0,0.0252,51.0,9451.0,21.0
2021-01-05 09:32:17.651,0.0259,0.026,33.0,0.0252,30.0,9451.0,21.0
2021-01-05 09:32:18.130,0.0259,0.026,33.0,0.0252,20.0,9451.0,21.0
2021-01-05 09:32:18.670,0.0259,0.026,33.0,0.0252,20.0,9451.0,21.0
2021-01-05 09:32:19.670,0.0259,0.026,33.0,0.0252,20.0,9451.0,21.0
2021-01-05 09:32:20.151,0.0259,0.026,33.0,0.0252,20.0,9451.0,21.0
2021-01-05 09:32:20.671,0.0259,0.026,33.0,0.0252,40.0,9451.0,21.0
2021-01-05 09:32:21.680,0.0259,0.026,13.0,0.0252,40.0,9451.0,21.0
2021-01-05 09:32:22.181,0.0259,0.026,13.0,0.0252,50.0,9451.0,21.0
2021-01-05 09:32:22.660,0.0259,0.026,13.0,0.0256,20.0,9451.0,21.0
2021-01-05 09:32:23.140,0.0259,0.026,13.0,0.0256,20.0,9451.0,21.0
2021-01-05 09:32:25.170,0.0259,0.026,33.0,0.0256,20.0,9451.0,21.0
2021-01-05 09:32:25.670,0.0259,0.026,33.0,0.0256,20.0,9451.0,21.0
2021-01-05 09:32:26.171,0.0259,0.026,13.0,0.0256,20.0,9451.0,21.0
2021-01-05 09:32:26.650,0.0259,0.026,13.0,0.0256,20.0,9451.0,21.0
2021-01-05 09:32:27.151,0.0259,0.026,13.0,0.0253,30.0,9451.0,21.0
2021-01-05 09:32:27.670,0.0259,0.026,13.0,0.0253,20.0,9451.0,21.0
2021-01-05 09:32:28.171,0.0259,0.026,13.0,0.0253,20.0,9451.0,21.0
2021-01-05 09:32:29.180,0.0259,0.026,13.0,0.0253,20.0,9451.0,21.0
2021-01-05 09:32:29.650,0.0259,0.026,13.0,0.0253,20.0,9451.0,21.0
2021-01-05 09:32:30.171,0.0259,0.026,13.0,0.0253,20.0,9451.0,21.0
2021-01-05 09:32:31.691,0.0259,0.026,13.0,0.0253,20.0,9451.0,21.0
2021-01-05 09:32:32.121,0.0259,0.026,13.0,0.0253,20.0,9451.0,21.0
2021-01-05 09:32:33.671,0.0259,0.026,16.0,0.0253,20.0,9451.0,21.0
2021-01-05 09:32:34.691,0.0259,0.026,16.0,0.0253,20.0,9451.0,21.0
2021-01-05 09:32:35.170,0.0259,0.026,16.0,0.0253,20.0,9451.0,21.0
2021-01-05 09:32:35.671,0.0259,0.026,16.0,0.0253,20.0,9451.0,21.0
2021-01-05 09:32:36.691,0.0259,0.026,36.0,0.0253,20.0,9451.0,21.0
2021-01-05 09:32:38.670,0.0259,0.026,16.0,0.0253,20.0,9451.0,21.0
2021-01-05 09:32:39.630,0.0259,0.026,36.0,0.0253,20.0,9451.0,21.0
2021-01-05 09:32:41.200,0.0259,0.026,36.0,0.0253,20.0,9451.0,21.0
2021-01-05 09:32:42.201,0.0259,0.026,36.0,0.0253,20.0,9451.0,21.0
2021-01-05 09:32:42.700,0.0259,0.026,36.0,0.0253,20.0,9451.0,21.0
2021-01-05 09:32:43.190,0.0259,0.026,36.0,0.0253,20.0,9451.0,21.0
2021-01-05 09:32:43.580,0.0259,0.0259,3.0,0.0253,20.0,9451.0,21.0
2021-01-05 09:32:44.151,0.0259,0.0259,13.0,0.0253,20.0,9451.0,21.0
2021-01-05 09:32:44.700,0.0259,0.0259,13.0,0.0253,20.0,9451.0,21.0
2021-01-05 09:32:45.580,0.0259,0.0259,13.0,0.0253,20.0,9451.0,21.0
2021-01-05 09:32:46.160,0.0259,0.0259,13.0,0.0253,20.0,9451.0,21.0
2021-01-05 09:32:47.201,0.0259,0.0259,13.0,0.0253,20.0,9451.0,21.0
2021-01-05 09:32:48.690,0.0259,0.0259,33.0,0.0253,20.0,9451.0,21.0
2021-01-05 09:32:49.190,0.0259,0.0259,53.0,0.0251,50.0,9451.0,21.0
2021-01-05 09:32:49.670,0.0259,0.0259,33.0,0.0251,20.0,9451.0,21.0
2021-01-05 09:32:50.171,0.0259,0.0258,20.0,0.0249,10.0,9451.0,21.0
2021-01-05 09:32:50.650,0.0259,0.0259,30.0,0.0249,30.0,9451.0,21.0
2021-01-05 09:32:51.170,0.0259,0.0259,22.0,0.0249,30.0,9451.0,21.0
2021-01-05 09:32:51.701,0.0259,0.0259,32.0,0.0249,30.0,9451.0,21.0
2021-01-05 09:32:52.191,0.0259,0.0259,10.0,0.0249,30.0,9451.0,21.0
2021-01-05 09:32:52.671,0.0259,0.0259,10.0,0.0249,30.0,9451.0,21.0
2021-01-05 09:32:53.161,0.0259,0.0259,10.0,0.0249,30.0,9451.0,21.0
2021-01-05 09:32:53.641,0.0259,0.0259,10.0,0.0249,30.0,9451.0,21.0
2021-01-05 09:32:54.181,0.0259,0.0259,10.0,0.0249,30.0,9451.0,21.0
2021-01-05 09:32:54.671,0.0259,0.0259,10.0,0.0249,42.0,9451.0,21.0
2021-01-05 09:32:55.170,0.0259,0.0259,10.0,0.0249,42.0,9451.0,21.0
2021-01-05 09:32:55.670,0.0259,0.0259,13.0,0.0249,42.0,9451.0,21.0
2021-01-05 09:32:56.611,0.0259,0.0259,13.0,0.0249,30.0,9451.0,21.0
2021-01-05 09:32:57.130,0.0259,0.0259,13.0,0.0249,42.0,9451.0,21.0
2021-01-05 09:32:57.600,0.0259,0.0259,13.0,0.0249,42.0,9451.0,21.0
2021-01-05 09:32:58.171,0.0259,0.0259,13.0,0.0249,42.0,9451.0,21.0
2021-01-05 09:32:58.651,0.0259,0.0259,13.0,0.0249,30.0,9451.0,21.0
2021-01-05 09:32:59.170,0.0259,0.0259,13.0,0.0249,42.0,9451.0,21.0
2021-01-05 09:32:59.621,0.0259,0.0259,13.0,0.0249,30.0,9451.0,21.0
2021-01-05 09:33:00.651,0.0259,0.0259,13.0,0.0249,30.0,9451.0,21.0
2021-01-05 09:33:01.081,0.0259,0.0259,33.0,0.0249,62.0,9451.0,21.0
2021-01-05 09:33:01.661,0.0259,0.0259,13.0,0.0249,62.0,9451.0,21.0
2021-01-05 09:33:02.651,0.0259,0.0259,13.0,0.0251,12.0,9451.0,21.0
2021-01-05 09:33:03.121,0.0259,0.0259,10.0,0.0254,20.0,9451.0,21.0
2021-01-05 09:33:03.171,0.0259,0.0259,10.0,0.0254,20.0,9451.0,21.0
2021-01-05 09:33:04.140,0.0259,0.0259,10.0,0.0254,20.0,9451.0,21.0
2021-01-05 09:33:04.651,0.0259,0.0259,10.0,0.0254,20.0,9451.0,21.0
2021-01-05 09:33:05.181,0.0259,0.0259,10.0,0.0254,40.0,9451.0,21.0
2021-01-05 09:33:05.690,0.0259,0.026,13.0,0.0254,20.0,9451.0,21.0
2021-01-05 09:33:06.170,0.0259,0.026,13.0,0.0253,50.0,9451.0,21.0
2021-01-05 09:33:06.681,0.0259,0.026,13.0,0.0253,40.0,9451.0,21.0
2021-01-05 09:33:07.171,0.0259,0.026,13.0,0.0253,40.0,9451.0,21.0
2021-01-05 09:33:07.601,0.0259,0.026,13.0,0.0253,62.0,9451.0,21.0
2021-01-05 09:33:08.191,0.0259,0.026,13.0,0.0253,52.0,9451.0,21.0
2021-01-05 09:33:09.181,0.0259,0.026,13.0,0.0253,40.0,9451.0,21.0
2021-01-05 09:33:09.630,0.0259,0.026,13.0,0.0253,40.0,9451.0,21.0
2021-01-05 09:33:10.180,0.0259,0.026,13.0,0.0253,40.0,9451.0,21.0
2021-01-05 09:33:10.681,0.0259,0.026,13.0,0.0253,52.0,9451.0,21.0
2021-01-05 09:33:11.180,0.0259,0.026,13.0,0.0253,50.0,9451.0,21.0
2021-01-05 09:33:11.670,0.0259,0.026,13.0,0.0253,52.0,9451.0,21.0
2021-01-05 09:33:12.181,0.0259,0.026,13.0,0.0253,50.0,9451.0,21.0
2021-01-05 09:33:12.650,0.0259,0.026,13.0,0.0253,50.0,9451.0,21.0
2021-01-05 09:33:13.100,0.0259,0.026,13.0,0.0253,50.0,9451.0,21.0
2021-01-05 09:33:13.691,0.0259,0.026,13.0,0.0253,50.0,9451.0,21.0
2021-01-05 09:33:14.160,0.0259,0.026,13.0,0.0253,62.0,9451.0,21.0
2021-01-05 09:33:14.650,0.0259,0.026,13.0,0.0253,72.0,9451.0,21.0
2021-01-05 09:33:15.140,0.0259,0.026,13.0,0.0257,20.0,9451.0,21.0
2021-01-05 09:33:15.651,0.0259,0.026,13.0,0.0257,20.0,9451.0,21.0
2021-01-05 09:33:16.181,0.0259,0.026,13.0,0.0257,20.0,9451.0,21.0
2021-01-05 09:33:16.671,0.0259,0.026,13.0,0.0257,20.0,9451.0,21.0
2021-01-05 09:33:17.190,0.0259,0.026,13.0,0.0257,20.0,9451.0,21.0
2021-01-05 09:33:17.691,0.0259,0.026,13.0,0.0257,20.0,9451.0,21.0
2021-01-05 09:33:18.680,0.0259,0.026,13.0,0.0257,20.0,9451.0,21.0
2021-01-05 09:33:19.191,0.0259,0.026,3.0,0.0257,20.0,9451.0,21.0
2021-01-05 09:33:19.660,0.0259,0.026,13.0,0.0257,20.0,9451.0,21.0
2021-01-05 09:33:20.171,0.0259,0.026,13.0,0.0257,20.0,9451.0,21.0
2021-01-05 09:33:20.680,0.0259,0.026,13.0,0.0257,20.0,9451.0,21.0
2021-01-05 09:33:21.160,0.0259,0.026,13.0,0.0257,20.0,9451.0,21.0
2021-01-05 09:33:21.681,0.0259,0.026,13.0,0.0257,20.0,9451.0,21.0
2021-01-05 09:33:22.150,0.0259,0.026,13.0,0.0257,20.0,9451.0,21.0
2021-01-05 09:33:22.670,0.0259,0.026,13.0,0.0257,20.0,9451.0,21.0
2021-01-05 09:33:23.151,0.0259,0.026,13.0,0.0257,20.0,9451.0,21.0
2021-01-05 09:33:23.660,0.0259,0.026,13.0,0.0257,20.0,9451.0,21.0
2021-01-05 09:33:24.661,0.0259,0.026,13.0,0.0257,20.0,9451.0,21.0
2021-01-05 09:33:25.151,0.0259,0.026,3.0,0.0257,20.0,9451.0,21.0
2021-01-05 09:33:25.671,0.0259,0.026,13.0,0.0257,20.0,9451.0,21.0
2021-01-05 09:33:26.161,0.0259,0.026,13.0,0.0257,20.0,9451.0,21.0
2021-01-05 09:33:27.171,0.0259,0.026,13.0,0.0257,20.0,9451.0,21.0
2021-01-05 09:33:27.681,0.0259,0.026,13.0,0.0257,20.0,9451.0,21.0
2021-01-05 09:33:28.180,0.0259,0.026,13.0,0.0257,20.0,9451.0,21.0
2021-01-05 09:33:28.670,0.0259,0.026,13.0,0.0257,20.0,9451.0,21.0
2021-01-05 09:33:29.171,0.0259,0.026,13.0,0.0257,20.0,9451.0,21.0
2021-01-05 09:33:30.501,0.0259,0.026,13.0,0.0259,30.0,9451.0,21.0
2021-01-05 09:33:31.131,0.0259,0.026,3.0,0.0259,30.0,9451.0,21.0
2021-01-05 09:33:31.181,0.0259,0.026,3.0,0.0259,30.0,9451.0,21.0
2021-01-05 09:33:33.680,0.0259,0.026,13.0,0.0259,30.0,9451.0,21.0
2021-01-05 09:33:35.690,0.0259,0.026,13.0,0.0259,30.0,9451.0,21.0
2021-01-05 09:33:36.101,0.0259,0.026,13.0,0.0259,30.0,9451.0,21.0
2021-01-05 09:33:36.681,0.0259,0.026,13.0,0.0259,30.0,9451.0,21.0
2021-01-05 09:33:37.190,0.0259,0.026,13.0,0.0259,30.0,9451.0,21.0
2021-01-05 09:33:37.640,0.0259,0.026,13.0,0.0259,30.0,9451.0,21.0
2021-01-05 09:33:38.120,0.0259,0.026,13.0,0.0259,30.0,9451.0,21.0
2021-01-05 09:33:39.201,0.0259,0.026,13.0,0.0259,30.0,9451.0,21.0
2021-01-05 09:33:39.641,0.0259,0.026,13.0,0.0259,30.0,9451.0,21.0
2021-01-05 09:33:40.690,0.0259,0.026,13.0,0.0259,30.0,9451.0,21.0
2021-01-05 09:33:41.171,0.0259,0.026,13.0,0.0259,30.0,9451.0,21.0
2021-01-05 09:33:41.691,0.0259,0.026,13.0,0.0259,30.0,9451.0,21.0
2021-01-05 09:33:42.160,0.0259,0.026,13.0,0.0259,30.0,9451.0,21.0
2021-01-05 09:33:43.180,0.0259,0.026,13.0,0.0259,30.0,9451.0,21.0
2021-01-05 09:33:43.180,0.0259,0.026,13.0,0.0259,30.0,9451.0,21.0
2021-01-05 09:33:44.110,0.0259,0.026,13.0,0.0259,30.0,9451.0,21.0
2021-01-05 09:33:44.671,0.0259,0.026,13.0,0.0259,30.0,9451.0,21.0
2021-01-05 09:33:45.180,0.0259,0.026,13.0,0.0259,30.0,9451.0,21.0
2021-01-05 09:33:45.660,0.0259,0.026,13.0,0.0259,30.0,9451.0,21.0
2021-01-05 09:33:46.161,0.0259,0.026,13.0,0.0259,30.0,9451.0,21.0
2021-01-05 09:33:46.680,0.0259,0.026,13.0,0.0259,10.0,9451.0,41.0
2021-01-05 09:33:47.191,0.0259,0.026,13.0,0.0259,10.0,9451.0,41.0
2021-01-05 09:33:47.681,0.0259,0.026,13.0,0.0259,10.0,9451.0,41.0
2021-01-05 09:33:48.680,0.0259,0.026,13.0,0.0259,10.0,9451.0,41.0
2021-01-05 09:33:49.120,0.0259,0.026,33.0,0.0256,10.0,9451.0,51.0
2021-01-05 09:33:49.681,0.0259,0.026,33.0,0.0252,10.0,9451.0,51.0
2021-01-05 09:33:50.040,0.0259,0.026,33.0,0.0254,10.0,9451.0,51.0
2021-01-05 09:33:50.670,0.0259,0.026,33.0,0.0252,10.0,9451.0,51.0
2021-01-05 09:33:51.141,0.0259,0.026,33.0,0.0251,40.0,9451.0,51.0
2021-01-05 09:33:51.581,0.0259,0.026,33.0,0.0251,40.0,9451.0,51.0
2021-01-05 09:33:52.190,0.0259,0.026,33.0,0.0251,40.0,9451.0,51.0
2021-01-05 09:33:52.661,0.0259,0.026,36.0,0.0251,40.0,9451.0,51.0
2021-01-05 09:33:52.960,0.0259,0.026,50.0,0.0251,40.0,9451.0,51.0
2021-01-05 09:33:53.650,0.0259,0.026,50.0,0.0251,40.0,9451.0,51.0
2021-01-05 09:33:54.180,0.0259,0.026,50.0,0.0251,40.0,9451.0,51.0
2021-01-05 09:33:55.650,0.0259,0.026,50.0,0.0251,40.0,9451.0,51.0
2021-01-05 09:33:57.171,0.0259,0.026,62.0,0.0251,40.0,9451.0,51.0
2021-01-05 09:33:57.671,0.0259,0.026,62.0,0.0251,40.0,9451.0,51.0
2021-01-05 09:33:58.170,0.0259,0.026,48.0,0.0251,20.0,9451.0,51.0
2021-01-05 09:33:58.670,0.0259,0.0259,14.0,0.0251,20.0,9451.0,51.0
2021-01-05 09:33:59.140,0.0259,0.0258,12.0,0.0251,10.0,9451.0,51.0
2021-01-05 09:33:59.690,0.0259,0.0258,42.0,0.0249,10.0,9451.0,51.0
2021-01-05 09:34:00.191,0.0258,0.0258,26.0,0.0249,10.0,9481.0,81.0
2021-01-05 09:34:00.671,0.0258,0.0258,51.0,0.0248,20.0,9481.0,81.0
2021-01-05 09:34:01.081,0.0258,0.0258,47.0,0.0248,20.0,9481.0,81.0
2021-01-05 09:34:01.661,0.0258,0.0258,47.0,0.0248,10.0,9481.0,81.0
2021-01-05 09:34:02.170,0.0258,0.0258,47.0,0.0248,10.0,9481.0,81.0
2021-01-05 09:34:03.171,0.0258,0.0258,47.0,0.0248,10.0,9481.0,81.0
2021-01-05 09:34:04.671,0.0258,0.0258,47.0,0.0248,10.0,9481.0,81.0
2021-01-05 09:34:05.121,0.0258,0.0258,47.0,0.0248,10.0,9481.0,81.0
2021-01-05 09:34:06.671,0.0258,0.0258,47.0,0.0248,10.0,9481.0,81.0
2021-01-05 09:34:07.130,0.0258,0.0258,47.0,0.0255,2.0,9481.0,81.0
2021-01-05 09:34:07.630,0.0255,0.0258,47.0,0.0251,10.0,9483.0,83.0
2021-01-05 09:34:08.171,0.0255,0.0256,20.0,0.0249,40.0,9483.0,83.0
2021-01-05 09:34:08.690,0.0255,0.0255,3.0,0.0249,20.0,9483.0,83.0
2021-01-05 09:34:09.170,0.0255,0.0255,33.0,0.0248,10.0,9483.0,83.0
2021-01-05 09:34:09.670,0.0255,0.0255,33.0,0.0247,10.0,9483.0,83.0
2021-01-05 09:34:10.140,0.0255,0.0255,33.0,0.0247,24.0,9483.0,83.0
2021-01-05 09:34:10.690,0.0255,0.0255,33.0,0.0247,10.0,9483.0,83.0
2021-01-05 09:34:11.151,0.0255,0.0255,33.0,0.0248,14.0,9483.0,83.0
2021-01-05 09:34:11.681,0.0255,0.0255,13.0,0.0247,30.0,9483.0,83.0
2021-01-05 09:34:12.121,0.0255,0.0255,13.0,0.0248,14.0,9483.0,83.0
2021-01-05 09:34:12.621,0.0255,0.0255,13.0,0.0247,30.0,9483.0,83.0
2021-01-05 09:34:13.191,0.0255,0.0255,33.0,0.025,20.0,9483.0,83.0
2021-01-05 09:34:13.681,0.0255,0.0255,13.0,0.025,20.0,9483.0,83.0
2021-01-05 09:34:14.181,0.0255,0.0255,13.0,0.025,20.0,9483.0,83.0
2021-01-05 09:34:14.691,0.0255,0.0255,13.0,0.025,20.0,9483.0,83.0
2021-01-05 09:34:15.181,0.0255,0.0255,13.0,0.025,20.0,9483.0,83.0
2021-01-05 09:34:15.681,0.0255,0.0255,13.0,0.025,30.0,9483.0,83.0
2021-01-05 09:34:16.190,0.0255,0.0255,13.0,0.025,20.0,9483.0,83.0
2021-01-05 09:34:16.620,0.0255,0.0255,13.0,0.025,20.0,9483.0,83.0
2021-01-05 09:34:17.070,0.0255,0.0255,33.0,0.025,20.0,9483.0,83.0
2021-01-05 09:34:18.620,0.0255,0.0255,33.0,0.025,20.0,9483.0,83.0
2021-01-05 09:34:19.041,0.0255,0.0255,33.0,0.025,20.0,9483.0,83.0
2021-01-05 09:34:19.700,0.025,0.025,10.0,0.0249,10.0,9463.0,103.0
2021-01-05 09:34:20.180,0.025,0.025,10.0,0.0249,20.0,9463.0,103.0
2021-01-05 09:34:20.651,0.025,0.025,10.0,0.0249,20.0,9463.0,103.0
2021-01-05 09:34:21.200,0.025,0.025,10.0,0.0249,20.0,9463.0,103.0
2021-01-05 09:34:21.490,0.025,0.025,10.0,0.0249,20.0,9463.0,103.0
2021-01-05 09:34:22.151,0.025,0.025,10.0,0.0246,10.0,9463.0,103.0
2021-01-05 09:34:22.651,0.025,0.025,10.0,0.0245,62.0,9463.0,103.0
2021-01-05 09:34:23.181,0.025,0.025,10.0,0.0245,64.0,9463.0,103.0
2021-01-05 09:34:23.640,0.025,0.025,20.0,0.0245,64.0,9463.0,103.0
2021-01-05 09:34:24.170,0.025,0.025,20.0,0.0245,64.0,9463.0,103.0
2021-01-05 09:34:24.380,0.025,0.025,20.0,0.0245,50.0,9463.0,103.0
2021-01-05 09:34:26.641,0.025,0.025,20.0,0.0247,12.0,9463.0,103.0
2021-01-05 09:34:27.150,0.025,0.025,20.0,0.0247,12.0,9463.0,103.0
2021-01-05 09:34:27.690,0.025,0.025,20.0,0.0248,12.0,9463.0,103.0
2021-01-05 09:34:28.120,0.025,0.025,20.0,0.0247,12.0,9463.0,103.0
2021-01-05 09:34:28.621,0.025,0.025,32.0,0.0246,22.0,9463.0,103.0
2021-01-05 09:34:28.971,0.025,0.025,32.0,0.0246,12.0,9463.0,103.0
2021-01-05 09:34:30.141,0.025,0.025,32.0,0.0246,22.0,9463.0,103.0
2021-01-05 09:34:30.681,0.025,0.025,32.0,0.0246,22.0,9463.0,103.0
2021-01-05 09:34:31.280,0.025,0.025,32.0,0.0246,12.0,9463.0,103.0
2021-01-05 09:34:32.150,0.025,0.025,32.0,0.0246,22.0,9463.0,103.0
2021-01-05 09:34:32.690,0.025,0.025,32.0,0.0246,22.0,9463.0,103.0
2021-01-05 09:34:33.090,0.025,0.025,32.0,0.0246,12.0,9463.0,103.0
2021-01-05 09:34:33.691,0.025,0.025,32.0,0.0246,22.0,9463.0,103.0
2021-01-05 09:34:34.171,0.025,0.025,32.0,0.0246,12.0,9463.0,103.0
2021-01-05 09:34:35.130,0.025,0.025,32.0,0.0246,12.0,9463.0,103.0
2021-01-05 09:34:35.691,0.025,0.025,32.0,0.0246,12.0,9463.0,103.0
2021-01-05 09:34:36.171,0.025,0.0249,12.0,0.0245,42.0,9463.0,103.0
2021-01-05 09:34:36.680,0.025,0.0249,22.0,0.0245,42.0,9463.0,103.0
2021-01-05 09:34:37.161,0.025,0.0249,22.0,0.0245,42.0,9463.0,103.0
2021-01-05 09:34:38.171,0.025,0.0249,22.0,0.0245,32.0,9463.0,103.0
2021-01-05 09:34:38.690,0.025,0.0249,22.0,0.0245,32.0,9463.0,103.0
2021-01-05 09:34:40.171,0.025,0.0248,12.0,0.0245,20.0,9463.0,103.0
2021-01-05 09:34:40.601,0.025,0.0248,10.0,0.0245,32.0,9463.0,103.0
2021-01-05 09:34:41.201,0.025,0.0248,10.0,0.0245,32.0,9463.0,103.0
2021-01-05 09:34:42.171,0.025,0.0248,10.0,0.0246,12.0,9463.0,103.0
2021-01-05 09:34:42.680,0.025,0.0248,10.0,0.0246,12.0,9463.0,103.0
2021-01-05 09:34:43.191,0.025,0.025,30.0,0.0245,20.0,9463.0,103.0
2021-01-05 09:34:43.660,0.025,0.025,40.0,0.0247,12.0,9463.0,103.0
2021-01-05 09:34:44.151,0.025,0.025,40.0,0.0247,12.0,9463.0,103.0
2021-01-05 09:34:44.701,0.025,0.025,40.0,0.0247,12.0,9463.0,103.0
2021-01-05 09:34:45.200,0.025,0.025,52.0,0.0246,12.0,9463.0,103.0
2021-01-05 09:34:45.721,0.025,0.025,40.0,0.0247,12.0,9463.0,103.0
2021-01-05 09:34:46.140,0.025,0.025,52.0,0.0246,12.0,9463.0,103.0
2021-01-05 09:34:46.660,0.025,0.025,40.0,0.0247,12.0,9463.0,103.0
2021-01-05 09:34:47.181,0.025,0.025,40.0,0.0247,12.0,9463.0,103.0
2021-01-05 09:34:47.701,0.025,0.025,52.0,0.0246,12.0,9463.0,103.0
2021-01-05 09:34:48.141,0.025,0.025,52.0,0.0246,12.0,9463.0,103.0
2021-01-05 09:34:50.220,0.025,0.025,40.0,0.0247,12.0,9463.0,103.0
2021-01-05 09:34:51.701,0.025,0.025,40.0,0.0247,12.0,9463.0,103.0
2021-01-05 09:34:52.101,0.025,0.025,40.0,0.0247,12.0,9463.0,103.0
2021-01-05 09:34:52.650,0.025,0.025,52.0,0.0246,12.0,9463.0,103.0
2021-01-05 09:34:53.180,0.025,0.0248,12.0,0.0245,20.0,9463.0,103.0
2021-01-05 09:34:53.651,0.025,0.0248,22.0,0.0243,10.0,9463.0,103.0
2021-01-05 09:34:54.170,0.025,0.0247,12.0,0.0243,22.0,9463.0,103.0
2021-01-05 09:34:54.631,0.0248,0.0246,12.0,0.0242,22.0,9473.0,113.0
2021-01-05 09:34:55.161,0.0248,0.0246,10.0,0.0241,10.0,9473.0,113.0
2021-01-05 09:34:55.680,0.0248,0.0246,10.0,0.0243,12.0,9473.0,113.0
2021-01-05 09:34:56.141,0.0248,0.0246,22.0,0.0242,12.0,9473.0,113.0
2021-01-05 09:34:56.681,0.0248,0.0246,10.0,0.0243,12.0,9473.0,113.0
2021-01-05 09:34:57.130,0.0248,0.0246,22.0,0.0242,12.0,9473.0,113.0
2021-01-05 09:34:57.670,0.0248,0.0246,10.0,0.0243,12.0,9473.0,113.0
2021-01-05 09:34:58.160,0.0248,0.0246,10.0,0.0242,12.0,9473.0,113.0
2021-01-05 09:34:58.640,0.0248,0.0246,10.0,0.0243,12.0,9473.0,113.0
2021-01-05 09:34:59.151,0.0248,0.0246,22.0,0.0242,12.0,9473.0,113.0
2021-01-05 09:34:59.660,0.0246,0.0246,22.0,0.0242,12.0,9473.0,143.0
2021-01-05 09:35:00.021,0.0246,0.0246,10.0,0.0243,10.0,9473.0,143.0
2021-01-05 09:35:00.630,0.0246,0.0246,10.0,0.0244,12.0,9473.0,143.0
2021-01-05 09:35:01.070,0.0246,0.0246,10.0,0.0244,12.0,9473.0,143.0
2021-01-05 09:35:01.620,0.0246,0.0246,10.0,0.0245,10.0,9473.0,143.0
2021-01-05 09:35:02.160,0.0246,0.0246,10.0,0.0245,10.0,9473.0,143.0
2021-01-05 09:35:02.680,0.0246,0.0246,10.0,0.0244,22.0,9473.0,143.0
2021-01-05 09:35:03.180,0.0246,0.0246,10.0,0.0244,12.0,9483.0,153.0
2021-01-05 09:35:03.660,0.0246,0.0246,10.0,0.0244,12.0,9483.0,153.0
2021-01-05 09:35:04.061,0.0246,0.0247,10.0,0.0244,12.0,9483.0,153.0
2021-01-05 09:35:05.180,0.0246,0.0247,24.0,0.0244,12.0,9483.0,153.0
2021-01-05 09:35:05.671,0.0246,0.0247,44.0,0.0244,12.0,9483.0,153.0
2021-01-05 09:35:06.180,0.0246,0.0247,44.0,0.0244,12.0,9483.0,153.0
2021-01-05 09:35:06.680,0.0246,0.0247,44.0,0.0244,12.0,9483.0,153.0
2021-01-05 09:35:07.131,0.0246,0.0247,30.0,0.0244,12.0,9483.0,153.0
2021-01-05 09:35:07.650,0.0246,0.0247,42.0,0.0243,12.0,9483.0,153.0
2021-01-05 09:35:08.171,0.0246,0.0246,12.0,0.0242,12.0,9483.0,153.0
2021-01-05 09:35:09.191,0.0244,0.0244,2.0,0.0241,14.0,9493.0,163.0
2021-01-05 09:35:09.700,0.0244,0.0244,12.0,0.0241,14.0,9493.0,163.0
2021-01-05 09:35:10.180,0.0244,0.0245,42.0,0.0241,26.0,9493.0,163.0
2021-01-05 09:35:10.691,0.0244,0.0245,22.0,0.0241,26.0,9493.0,163.0
2021-01-05 09:35:11.120,0.0244,0.0245,22.0,0.0241,26.0,9493.0,163.0
2021-01-05 09:35:11.680,0.0244,0.0244,12.0,0.024,42.0,9493.0,163.0
2021-01-05 09:35:12.101,0.0244,0.0245,10.0,0.0244,18.0,9493.0,175.0
2021-01-05 09:35:12.691,0.0244,0.0246,42.0,0.0244,18.0,9493.0,175.0
2021-01-05 09:35:13.160,0.0244,0.0246,10.0,0.0244,18.0,9493.0,175.0
2021-01-05 09:35:13.640,0.0244,0.0246,10.0,0.0244,18.0,9493.0,175.0
2021-01-05 09:35:14.191,0.0244,0.0246,10.0,0.0244,18.0,9493.0,175.0
2021-01-05 09:35:14.691,0.0244,0.0247,10.0,0.0245,22.0,9493.0,175.0
2021-01-05 09:35:15.171,0.0244,0.0247,10.0,0.0244,40.0,9493.0,175.0
2021-01-05 09:35:15.701,0.0244,0.0247,10.0,0.0244,40.0,9493.0,175.0
2021-01-05 09:35:16.201,0.0244,0.0246,12.0,0.0244,28.0,9493.0,175.0
2021-01-05 09:35:16.681,0.0244,0.0245,12.0,0.0244,28.0,9493.0,175.0
2021-01-05 09:35:17.190,0.0244,0.0246,22.0,0.0244,28.0,9493.0,175.0
2021-01-05 09:35:17.680,0.0244,0.0245,12.0,0.0244,28.0,9493.0,175.0
2021-01-05 09:35:18.170,0.0244,0.0246,22.0,0.0244,28.0,9493.0,175.0
2021-01-05 09:35:18.641,0.0244,0.0246,10.0,0.0244,28.0,9493.0,175.0
2021-01-05 09:35:19.180,0.0244,0.0247,22.0,0.0244,28.0,9493.0,175.0
2021-01-05 09:35:20.170,0.0244,0.0246,12.0,0.0244,28.0,9493.0,175.0
2021-01-05 09:35:20.681,0.0244,0.0245,12.0,0.0244,28.0,9493.0,175.0
2021-01-05 09:35:21.180,0.0244,0.0246,22.0,0.0244,28.0,9493.0,175.0
2021-01-05 09:35:21.601,0.0244,0.0246,12.0,0.0244,28.0,9493.0,175.0
2021-01-05 09:35:22.171,0.0244,0.0246,22.0,0.0244,28.0,9493.0,175.0
2021-01-05 09:35:22.650,0.0244,0.0246,10.0,0.0244,28.0,9493.0,175.0
2021-01-05 09:35:23.151,0.0244,0.0247,12.0,0.0244,28.0,9493.0,175.0
2021-01-05 09:35:23.680,0.0244,0.0247,36.0,0.0244,28.0,9493.0,175.0
2021-01-05 09:35:24.171,0.0244,0.0247,36.0,0.0244,28.0,9493.0,175.0
2021-01-05 09:35:24.671,0.0244,0.0245,12.0,0.0244,28.0,9493.0,175.0
2021-01-05 09:35:25.170,0.0244,0.0245,10.0,0.0244,28.0,9493.0,175.0
2021-01-05 09:35:25.660,0.0244,0.0245,22.0,0.0244,28.0,9493.0,175.0
2021-01-05 09:35:26.160,0.0244,0.0245,10.0,0.0244,28.0,9493.0,175.0
2021-01-05 09:35:27.641,0.0244,0.0245,10.0,0.0244,28.0,9493.0,175.0
2021-01-05 09:35:30.121,0.0244,0.0245,10.0,0.0244,28.0,9493.0,175.0
2021-01-05 09:35:30.690,0.0244,0.0245,10.0,0.0244,28.0,9493.0,175.0
2021-01-05 09:35:31.170,0.0244,0.0245,10.0,0.0244,28.0,9493.0,175.0
2021-01-05 09:35:31.700,0.0244,0.0245,10.0,0.0244,28.0,9493.0,175.0
2021-01-05 09:35:32.161,0.0244,0.0245,10.0,0.0244,28.0,9493.0,175.0
2021-01-05 09:35:32.630,0.0244,0.0245,22.0,0.0244,28.0,9493.0,175.0
2021-01-05 09:35:33.650,0.0244,0.0245,22.0,0.0244,28.0,9493.0,175.0
2021-01-05 09:35:34.190,0.0244,0.0245,10.0,0.0244,16.0,9493.0,187.0
2021-01-05 09:35:34.691,0.0244,0.0245,36.0,0.0244,10.0,9499.0,199.0
2021-01-05 09:35:35.200,0.0244,0.0245,10.0,0.0244,10.0,9499.0,199.0
2021-01-05 09:35:35.690,0.0244,0.0245,10.0,0.0244,10.0,9499.0,199.0
2021-01-05 09:35:36.180,0.0244,0.0245,24.0,0.0244,10.0,9499.0,199.0
2021-01-05 09:35:36.601,0.0244,0.0245,24.0,0.0244,10.0,9499.0,199.0
2021-01-05 09:35:37.581,0.0244,0.0245,24.0,0.0244,22.0,9499.0,199.0
2021-01-05 09:35:38.190,0.0244,0.0245,14.0,0.0244,22.0,9499.0,199.0
2021-01-05 09:35:38.670,0.0244,0.0246,30.0,0.0244,22.0,9499.0,199.0
2021-01-05 09:35:39.140,0.0244,0.0246,44.0,0.0245,12.0,9499.0,199.0
2021-01-05 09:35:39.690,0.0245,0.0246,44.0,0.0244,22.0,9499.0,211.0
2021-01-05 09:35:40.191,0.0246,0.0246,14.0,0.0243,12.0,9509.0,221.0
2021-01-05 09:35:40.691,0.0246,0.0246,22.0,0.0242,12.0,9509.0,221.0
2021-01-05 09:35:41.190,0.0246,0.0246,36.0,0.0242,12.0,9509.0,221.0
2021-01-05 09:35:41.680,0.0246,0.0246,10.0,0.0242,12.0,9509.0,221.0
2021-01-05 09:35:42.160,0.0246,0.0246,36.0,0.0242,12.0,9509.0,221.0
2021-01-05 09:35:43.190,0.0246,0.0245,12.0,0.0241,12.0,9509.0,221.0
2021-01-05 09:35:43.661,0.0246,0.0245,10.0,0.024,30.0,9509.0,221.0
2021-01-05 09:35:44.041,0.0246,0.0245,10.0,0.0242,12.0,9509.0,221.0
2021-01-05 09:35:44.681,0.0246,0.0245,22.0,0.0241,12.0,9509.0,221.0
2021-01-05 09:35:45.071,0.0246,0.0245,20.0,0.0242,12.0,9509.0,221.0
2021-01-05 09:35:45.670,0.0246,0.0245,20.0,0.0242,22.0,9509.0,221.0
2021-01-05 09:35:46.170,0.0246,0.0245,66.0,0.0241,32.0,9509.0,221.0
2021-01-05 09:35:46.700,0.0246,0.0245,66.0,0.0241,32.0,9509.0,221.0
2021-01-05 09:35:47.201,0.0245,0.0245,46.0,0.0241,32.0,9509.0,241.0
2021-01-05 09:35:47.691,0.0245,0.0245,66.0,0.0241,22.0,9509.0,241.0
2021-01-05 09:35:48.181,0.0245,0.0244,12.0,0.0241,10.0,9509.0,241.0
2021-01-05 09:35:48.700,0.0245,0.0245,52.0,0.0241,22.0,9509.0,241.0
2021-01-05 09:35:49.190,0.0245,0.0245,66.0,0.0241,22.0,9509.0,241.0
2021-01-05 09:35:49.701,0.0245,0.0245,66.0,0.0241,22.0,9509.0,241.0
2021-01-05 09:35:51.710,0.0245,0.0245,54.0,0.0243,20.0,9509.0,241.0
2021-01-05 09:35:52.190,0.0245,0.0245,54.0,0.0242,12.0,9509.0,241.0
2021-01-05 09:35:52.661,0.0245,0.0245,46.0,0.0241,32.0,9509.0,241.0
2021-01-05 09:35:52.990,0.0245,0.0245,46.0,0.0244,10.0,9509.0,241.0
2021-01-05 09:35:53.570,0.0245,0.0245,46.0,0.0244,10.0,9509.0,241.0
2021-01-05 09:35:54.161,0.0245,0.0245,20.0,0.0243,10.0,9509.0,241.0
2021-01-05 09:35:54.640,0.0245,0.0245,10.0,0.0243,22.0,9509.0,241.0
2021-01-05 09:35:55.151,0.0245,0.0245,10.0,0.0243,42.0,9509.0,241.0
2021-01-05 09:35:55.691,0.0245,0.0245,10.0,0.0243,42.0,9509.0,241.0
2021-01-05 09:35:56.690,0.0245,0.0245,10.0,0.0243,42.0,9509.0,241.0
2021-01-05 09:35:57.160,0.0245,0.0245,10.0,0.0243,52.0,9509.0,241.0
2021-01-05 09:35:57.681,0.0245,0.0245,10.0,0.0244,12.0,9509.0,241.0
2021-01-05 09:35:58.150,0.0245,0.0247,33.0,0.0244,12.0,9519.0,251.0
2021-01-05 09:35:58.701,0.0245,0.0246,14.0,0.0244,12.0,9519.0,251.0
2021-01-05 09:35:59.160,0.0245,0.0246,24.0,0.0244,12.0,9519.0,251.0
2021-01-05 09:35:59.640,0.0245,0.0246,24.0,0.0244,12.0,9519.0,251.0
2021-01-05 09:36:00.680,0.0245,0.0246,44.0,0.0244,12.0,9519.0,251.0
2021-01-05 09:36:01.671,0.0245,0.0246,44.0,0.0244,12.0,9519.0,251.0
2021-01-05 09:36:02.170,0.0245,0.0246,24.0,0.0244,12.0,9519.0,251.0
2021-01-05 09:36:02.701,0.0245,0.0246,10.0,0.0243,22.0,9519.0,251.0
2021-01-05 09:36:03.150,0.0245,0.0246,10.0,0.0244,12.0,9519.0,251.0
2021-01-05 09:36:03.700,0.0245,0.0246,10.0,0.0244,12.0,9519.0,251.0
2021-01-05 09:36:04.201,0.0245,0.0246,10.0,0.0245,10.0,9519.0,251.0
2021-01-05 09:36:04.670,0.0245,0.0246,10.0,0.0245,10.0,9519.0,251.0
2021-01-05 09:36:05.150,0.0245,0.0246,10.0,0.0245,10.0,9519.0,251.0
2021-01-05 09:36:05.690,0.0245,0.0246,10.0,0.0245,10.0,9519.0,251.0
2021-01-05 09:36:06.180,0.0245,0.0246,10.0,0.0245,10.0,9519.0,251.0
2021-01-05 09:36:06.700,0.0245,0.0246,10.0,0.0245,22.0,9519.0,251.0
2021-01-05 09:36:07.181,0.0245,0.0246,10.0,0.0245,22.0,9519.0,251.0
2021-01-05 09:36:09.691,0.0245,0.0246,10.0,0.0245,22.0,9519.0,251.0
2021-01-05 09:36:10.160,0.0245,0.0246,10.0,0.0245,22.0,9519.0,251.0
2021-01-05 09:36:10.671,0.0245,0.0246,10.0,0.0245,22.0,9519.0,251.0
2021-01-05 09:36:11.180,0.0245,0.0246,10.0,0.0245,10.0,9519.0,251.0
2021-01-05 09:36:11.651,0.0245,0.0246,22.0,0.0245,10.0,9519.0,251.0
2021-01-05 09:36:12.181,0.0245,0.0246,12.0,0.0245,10.0,9519.0,251.0
2021-01-05 09:36:12.690,0.0245,0.0246,26.0,0.0245,10.0,9519.0,251.0
2021-01-05 09:36:13.190,0.0245,0.0246,24.0,0.0245,10.0,9519.0,251.0
2021-01-05 09:36:14.690,0.0245,0.0246,10.0,0.0245,10.0,9519.0,251.0
2021-01-05 09:36:15.660,0.0245,0.0247,22.0,0.0245,10.0,9519.0,251.0
2021-01-05 09:36:16.150,0.0245,0.0247,36.0,0.0245,10.0,9519.0,251.0
2021-01-05 09:36:16.250,0.0245,0.0247,22.0,0.0245,10.0,9519.0,251.0
2021-01-05 09:36:17.180,0.0245,0.0246,14.0,0.0245,10.0,9519.0,251.0
2021-01-05 09:36:17.670,0.0245,0.0247,22.0,0.0245,10.0,9519.0,251.0
2021-01-05 09:36:18.181,0.0245,0.0247,36.0,0.0245,10.0,9519.0,251.0
2021-01-05 09:36:18.680,0.0245,0.0247,24.0,0.0245,10.0,9519.0,251.0
2021-01-05 09:36:19.151,0.0245,0.0246,12.0,0.0245,10.0,9519.0,251.0
2021-01-05 09:36:19.691,0.0245,0.0247,22.0,0.0245,10.0,9519.0,251.0
2021-01-05 09:36:20.161,0.0245,0.0247,36.0,0.0245,10.0,9519.0,251.0
2021-01-05 09:36:20.680,0.0245,0.0247,36.0,0.0245,10.0,9519.0,251.0
2021-01-05 09:36:21.191,0.0245,0.0247,24.0,0.0245,10.0,9519.0,251.0
2021-01-05 09:36:21.691,0.0245,0.0247,36.0,0.0245,10.0,9519.0,251.0
2021-01-05 09:36:22.171,0.0245,0.0247,36.0,0.0245,10.0,9519.0,251.0
2021-01-05 09:36:22.680,0.0245,0.0247,36.0,0.0245,10.0,9519.0,251.0
2021-01-05 09:36:23.191,0.0245,0.0247,36.0,0.0245,10.0,9519.0,251.0
2021-01-05 09:36:24.171,0.0245,0.0246,12.0,0.0245,10.0,9519.0,251.0
2021-01-05 09:36:24.701,0.0245,0.0246,24.0,0.0245,10.0,9519.0,251.0
2021-01-05 09:36:25.191,0.0245,0.0246,24.0,0.0245,10.0,9519.0,251.0
2021-01-05 09:36:25.690,0.0245,0.0246,14.0,0.0245,10.0,9519.0,251.0
2021-01-05 09:36:26.171,0.0245,0.0246,24.0,0.0245,10.0,9519.0,251.0
2021-01-05 09:36:27.160,0.0245,0.0246,14.0,0.0245,10.0,9519.0,251.0
2021-01-05 09:36:27.690,0.0245,0.0246,14.0,0.0245,10.0,9519.0,251.0
2021-01-05 09:36:28.190,0.0245,0.0246,14.0,0.0245,10.0,9519.0,251.0
2021-01-05 09:36:28.681,0.0245,0.0246,14.0,0.0245,10.0,9519.0,251.0
2021-01-05 09:36:29.171,0.0245,0.0246,36.0,0.0245,10.0,9519.0,251.0
2021-01-05 09:36:29.661,0.0245,0.0246,34.0,0.0245,10.0,9519.0,251.0
2021-01-05 09:36:30.161,0.0245,0.0246,24.0,0.0245,10.0,9519.0,251.0
2021-01-05 09:36:30.700,0.0245,0.0246,24.0,0.0245,10.0,9519.0,251.0
2021-01-05 09:36:31.181,0.0245,0.0246,36.0,0.0245,10.0,9519.0,251.0
2021-01-05 09:36:31.690,0.0245,0.0246,36.0,0.0245,10.0,9519.0,251.0
2021-01-05 09:36:32.130,0.0245,0.0245,2.0,0.0242,20.0,9529.0,261.0
2021-01-05 09:36:32.660,0.0245,0.0245,10.0,0.0242,22.0,9529.0,261.0
2021-01-05 09:36:33.200,0.0245,0.0245,24.0,0.0244,12.0,9529.0,261.0
2021-01-05 09:36:33.670,0.0245,0.0246,10.0,0.0243,10.0,9529.0,273.0
2021-01-05 09:36:34.091,0.0245,0.0245,14.0,0.0243,10.0,9529.0,273.0
2021-01-05 09:36:34.671,0.0245,0.0245,14.0,0.0243,22.0,9529.0,273.0
2021-01-05 09:36:34.971,0.0245,0.0246,10.0,0.0244,12.0,9529.0,273.0
2021-01-05 09:36:35.701,0.0245,0.0246,36.0,0.0243,10.0,9529.0,273.0
2021-01-05 09:36:36.191,0.0245,0.0246,36.0,0.0243,10.0,9529.0,273.0
2021-01-05 09:36:36.700,0.0245,0.0246,22.0,0.0243,10.0,9529.0,273.0
2021-01-05 09:36:37.190,0.0245,0.0245,14.0,0.0243,10.0,9529.0,273.0
2021-01-05 09:36:38.041,0.0245,0.0245,14.0,0.0244,10.0,9529.0,273.0
2021-01-05 09:36:38.640,0.0245,0.0245,14.0,0.0244,10.0,9529.0,273.0
2021-01-05 09:36:40.191,0.0245,0.0245,4.0,0.0243,10.0,9539.0,283.0
2021-01-05 09:36:40.700,0.0245,0.0244,12.0,0.0243,10.0,9539.0,283.0
2021-01-05 09:36:41.201,0.0245,0.0245,22.0,0.0243,10.0,9539.0,283.0
2021-01-05 09:36:41.641,0.0245,0.0245,14.0,0.0243,10.0,9539.0,283.0
2021-01-05 09:36:42.200,0.0245,0.0245,26.0,0.0243,10.0,9539.0,283.0
2021-01-05 09:36:42.690,0.0245,0.0244,10.0,0.0243,10.0,9539.0,283.0
2021-01-05 09:36:43.180,0.0245,0.0244,10.0,0.0243,10.0,9539.0,283.0
2021-01-05 09:36:43.700,0.0245,0.0244,22.0,0.0243,10.0,9539.0,283.0
2021-01-05 09:36:44.200,0.0245,0.0244,10.0,0.0243,10.0,9539.0,283.0
2021-01-05 09:36:44.680,0.0245,0.0244,10.0,0.0243,10.0,9539.0,283.0
2021-01-05 09:36:45.191,0.0245,0.0244,10.0,0.0242,10.0,9539.0,283.0
2021-01-05 09:36:45.631,0.0244,0.0244,26.0,0.0242,10.0,9539.0,293.0
2021-01-05 09:36:46.190,0.0244,0.0244,26.0,0.0241,40.0,9539.0,293.0
2021-01-05 09:36:46.651,0.0244,0.0243,12.0,0.0241,30.0,9539.0,293.0
2021-01-05 09:36:47.130,0.0244,0.0243,12.0,0.0241,30.0,9539.0,293.0
2021-01-05 09:36:47.660,0.0244,0.0243,12.0,0.0241,10.0,9539.0,293.0
2021-01-05 09:36:48.130,0.0244,0.0242,12.0,0.024,20.0,9539.0,293.0
2021-01-05 09:36:48.630,0.0244,0.0243,10.0,0.024,10.0,9539.0,293.0
2021-01-05 09:36:49.181,0.0244,0.0243,10.0,0.0241,12.0,9539.0,293.0
2021-01-05 09:36:49.700,0.0244,0.0244,32.0,0.024,42.0,9539.0,293.0
2021-01-05 09:36:50.201,0.0244,0.0244,36.0,0.024,52.0,9539.0,293.0
2021-01-05 09:36:50.670,0.0244,0.0244,36.0,0.024,42.0,9539.0,293.0
2021-01-05 09:36:51.171,0.0244,0.0244,36.0,0.024,42.0,9539.0,293.0
2021-01-05 09:36:51.671,0.0244,0.0244,36.0,0.0242,10.0,9539.0,293.0
2021-01-05 09:36:52.180,0.0244,0.0244,36.0,0.0242,10.0,9539.0,293.0
2021-01-05 09:36:52.691,0.0244,0.0244,22.0,0.0242,10.0,9539.0,293.0
2021-01-05 09:36:53.191,0.0244,0.0244,22.0,0.0241,10.0,9539.0,293.0
2021-01-05 09:36:53.680,0.0244,0.0244,22.0,0.0241,10.0,9539.0,293.0
2021-01-05 09:36:54.180,0.0244,0.0244,10.0,0.0241,22.0,9539.0,293.0
2021-01-05 09:36:54.631,0.0244,0.0244,10.0,0.0241,22.0,9539.0,293.0
2021-01-05 09:36:55.171,0.0244,0.0244,22.0,0.0241,10.0,9539.0,293.0
2021-01-05 09:36:55.651,0.0244,0.0244,22.0,0.0241,10.0,9539.0,293.0
2021-01-05 09:36:56.141,0.0244,0.0244,22.0,0.0241,10.0,9539.0,293.0
2021-01-05 09:36:56.691,0.0244,0.0244,22.0,0.0241,10.0,9539.0,293.0
2021-01-05 09:36:57.601,0.0244,0.0244,10.0,0.0241,32.0,9539.0,293.0
2021-01-05 09:36:58.610,0.0244,0.0244,10.0,0.0242,12.0,9539.0,293.0
2021-01-05 09:36:59.181,0.0244,0.0244,10.0,0.0243,10.0,9539.0,293.0
2021-01-05 09:36:59.690,0.0244,0.0244,24.0,0.0242,10.0,9539.0,293.0
2021-01-05 09:37:00.151,0.0244,0.0244,24.0,0.0242,22.0,9539.0,293.0
2021-01-05 09:37:01.630,0.0244,0.0244,10.0,0.0243,12.0,9539.0,293.0
2021-01-05 09:37:02.191,0.0244,0.0246,13.0,0.0241,20.0,9549.0,303.0
2021-01-05 09:37:02.610,0.0244,0.0245,14.0,0.0241,20.0,9549.0,303.0
2021-01-05 09:37:03.151,0.0244,0.0245,34.0,0.0242,12.0,9549.0,303.0
2021-01-05 09:37:03.630,0.0244,0.0245,24.0,0.0243,12.0,9549.0,303.0
2021-01-05 09:37:04.200,0.0244,0.0245,14.0,0.0243,12.0,9549.0,303.0
2021-01-05 09:37:04.690,0.0244,0.0245,14.0,0.0243,12.0,9549.0,303.0
2021-01-05 09:37:05.140,0.0244,0.0245,24.0,0.0242,22.0,9549.0,303.0
2021-01-05 09:37:05.701,0.0244,0.0245,10.0,0.0243,12.0,9549.0,303.0
2021-01-05 09:37:06.171,0.0244,0.0245,10.0,0.0242,10.0,9549.0,303.0
2021-01-05 09:37:06.171,0.0244,0.0245,24.0,0.0242,22.0,9549.0,303.0
2021-01-05 09:37:07.180,0.0244,0.0245,24.0,0.0242,22.0,9549.0,303.0
2021-01-05 09:37:07.681,0.0244,0.0245,24.0,0.0243,10.0,9549.0,303.0
2021-01-05 09:37:08.200,0.0244,0.0245,36.0,0.0242,20.0,9549.0,303.0
2021-01-05 09:37:08.630,0.0244,0.0245,46.0,0.0242,20.0,9549.0,303.0
2021-01-05 09:37:09.170,0.0244,0.0245,32.0,0.0242,10.0,9549.0,303.0
2021-01-05 09:37:09.660,0.0244,0.0244,14.0,0.0242,10.0,9549.0,303.0
2021-01-05 09:37:10.140,0.0244,0.0245,20.0,0.0242,22.0,9549.0,303.0
2021-01-05 09:37:10.701,0.0244,0.0245,34.0,0.0242,20.0,9549.0,303.0
2021-01-05 09:37:11.201,0.0244,0.0245,46.0,0.0242,20.0,9549.0,303.0
2021-01-05 09:37:11.700,0.0244,0.0245,46.0,0.0242,20.0,9549.0,303.0
2021-01-05 09:37:12.131,0.0244,0.0245,32.0,0.0242,20.0,9549.0,303.0
2021-01-05 09:37:12.620,0.0244,0.0244,14.0,0.0242,20.0,9549.0,303.0
2021-01-05 09:37:13.681,0.0244,0.0244,26.0,0.0242,20.0,9549.0,303.0
2021-01-05 09:37:14.171,0.0244,0.0244,14.0,0.0242,20.0,9549.0,303.0
2021-01-05 09:37:15.160,0.0244,0.0244,26.0,0.0242,10.0,9549.0,303.0
2021-01-05 09:37:15.671,0.0244,0.0244,14.0,0.0242,22.0,9549.0,303.0
2021-01-05 09:37:16.201,0.0244,0.0244,14.0,0.0242,10.0,9549.0,303.0
2021-01-05 09:37:16.501,0.0244,0.0244,14.0,0.0242,22.0,9549.0,303.0
2021-01-05 09:37:17.200,0.0244,0.0244,14.0,0.0242,10.0,9549.0,303.0
2021-01-05 09:37:17.671,0.0244,0.0244,26.0,0.0242,10.0,9549.0,303.0
2021-01-05 09:37:19.131,0.0244,0.0244,26.0,0.0242,10.0,9549.0,303.0
2021-01-05 09:37:20.691,0.0244,0.0244,14.0,0.0242,10.0,9549.0,303.0
2021-01-05 09:37:21.200,0.0244,0.0244,14.0,0.0242,10.0,9549.0,303.0
2021-01-05 09:37:21.701,0.0244,0.0244,14.0,0.0242,20.0,9549.0,303.0
2021-01-05 09:37:22.141,0.0244,0.0244,26.0,0.0242,20.0,9549.0,303.0
2021-01-05 09:37:22.620,0.0244,0.0244,12.0,0.0242,20.0,9549.0,303.0
2021-01-05 09:37:23.150,0.0244,0.0244,14.0,0.0242,20.0,9549.0,303.0
2021-01-05 09:37:24.080,0.0244,0.0244,26.0,0.0242,20.0,9549.0,303.0
2021-01-05 09:37:24.631,0.0244,0.0244,14.0,0.0242,20.0,9549.0,303.0
2021-01-05 09:37:25.200,0.0244,0.0244,26.0,0.0242,20.0,9549.0,303.0
2021-01-05 09:37:25.670,0.0244,0.0244,14.0,0.0242,20.0,9549.0,303.0
2021-01-05 09:37:27.130,0.0244,0.0244,14.0,0.0242,20.0,9549.0,303.0
2021-01-05 09:37:30.191,0.0244,0.0244,14.0,0.0242,32.0,9549.0,303.0
2021-01-05 09:37:30.650,0.0244,0.0244,26.0,0.0242,20.0,9549.0,303.0
2021-01-05 09:37:31.190,0.0244,0.0244,14.0,0.0242,32.0,9549.0,303.0
2021-01-05 09:37:32.181,0.0244,0.0244,14.0,0.0242,32.0,9549.0,303.0
2021-01-05 09:37:32.651,0.0244,0.0244,14.0,0.0242,32.0,9549.0,303.0
2021-01-05 09:37:33.180,0.0244,0.0244,14.0,0.0242,10.0,9549.0,303.0
2021-01-05 09:37:33.681,0.0244,0.0244,14.0,0.0242,22.0,9549.0,303.0
2021-01-05 09:37:35.170,0.0244,0.0245,20.0,0.0243,12.0,9549.0,303.0
2021-01-05 09:37:35.650,0.0244,0.0244,14.0,0.0242,22.0,9549.0,303.0
2021-01-05 09:37:36.200,0.0244,0.0244,14.0,0.0242,22.0,9549.0,303.0
2021-01-05 09:37:36.671,0.0244,0.0244,14.0,0.0242,22.0,9549.0,303.0
2021-01-05 09:37:37.180,0.0244,0.0244,14.0,0.0242,22.0,9549.0,303.0
2021-01-05 09:37:37.691,0.0244,0.0244,14.0,0.0242,32.0,9549.0,303.0
2021-01-05 09:37:38.161,0.0244,0.0244,14.0,0.0242,32.0,9549.0,303.0
2021-01-05 09:37:38.651,0.0244,0.0245,10.0,0.0242,32.0,9549.0,303.0
2021-01-05 09:37:39.170,0.0244,0.0245,24.0,0.0242,32.0,9549.0,303.0
2021-01-05 09:37:39.700,0.0244,0.0245,24.0,0.0242,32.0,9549.0,303.0
2021-01-05 09:37:40.161,0.0244,0.0245,24.0,0.0242,32.0,9549.0,303.0
2021-01-05 09:37:40.701,0.0244,0.0245,24.0,0.0243,12.0,9549.0,303.0
2021-01-05 09:37:41.131,0.0244,0.0245,24.0,0.0243,12.0,9549.0,303.0
2021-01-05 09:37:41.671,0.0244,0.0245,24.0,0.0243,12.0,9549.0,303.0
2021-01-05 09:37:42.130,0.0244,0.0245,10.0,0.0243,12.0,9549.0,303.0
2021-01-05 09:37:42.691,0.0244,0.0245,10.0,0.0243,12.0,9549.0,303.0
2021-01-05 09:37:43.671,0.0244,0.0245,10.0,0.0244,22.0,9549.0,303.0
2021-01-05 09:37:44.190,0.0244,0.0246,20.0,0.0244,22.0,9549.0,303.0
2021-01-05 09:37:44.651,0.0244,0.0246,10.0,0.0244,12.0,9549.0,303.0
2021-01-05 09:37:45.191,0.0244,0.0246,10.0,0.0244,12.0,9549.0,303.0
2021-01-05 09:37:45.191,0.0244,0.0246,10.0,0.0244,12.0,9549.0,303.0
2021-01-05 09:37:46.520,0.0244,0.0246,10.0,0.0244,22.0,9549.0,303.0
2021-01-05 09:37:47.661,0.0244,0.0246,10.0,0.0244,22.0,9549.0,303.0
2021-01-05 09:37:48.201,0.0244,0.0246,24.0,0.0244,22.0,9549.0,303.0
2021-01-05 09:37:48.700,0.0244,0.0246,24.0,0.0245,12.0,9549.0,303.0
2021-01-05 09:37:49.190,0.0244,0.0246,24.0,0.0244,22.0,9549.0,303.0
2021-01-05 09:37:49.670,0.0244,0.0246,24.0,0.0244,22.0,9549.0,303.0
2021-01-05 09:37:50.220,0.0244,0.0246,24.0,0.0244,22.0,9549.0,303.0
2021-01-05 09:37:50.721,0.0244,0.0246,24.0,0.0244,22.0,9549.0,303.0
2021-01-05 09:37:51.691,0.0244,0.0246,24.0,0.0244,10.0,9549.0,303.0
2021-01-05 09:37:53.680,0.0244,0.0246,36.0,0.0244,10.0,9549.0,303.0
2021-01-05 09:37:54.170,0.0244,0.0246,24.0,0.0244,10.0,9549.0,303.0
2021-01-05 09:37:54.690,0.0244,0.0246,24.0,0.0244,10.0,9549.0,303.0
2021-01-05 09:37:55.190,0.0244,0.0246,22.0,0.0244,10.0,9549.0,303.0
2021-01-05 09:37:55.691,0.0244,0.0246,36.0,0.0244,10.0,9549.0,303.0
2021-01-05 09:37:57.170,0.0244,0.0246,10.0,0.0244,10.0,9549.0,303.0
2021-01-05 09:37:57.601,0.0244,0.0246,10.0,0.0244,20.0,9549.0,303.0
2021-01-05 09:37:58.141,0.0244,0.0246,22.0,0.0244,20.0,9549.0,303.0
2021-01-05 09:37:58.640,0.0244,0.0246,22.0,0.0244,20.0,9549.0,303.0
2021-01-05 09:37:59.670,0.0244,0.0246,22.0,0.0244,10.0,9549.0,303.0
2021-01-05 09:38:00.131,0.0244,0.0246,10.0,0.0244,10.0,9549.0,303.0
2021-01-05 09:38:00.680,0.0244,0.0246,24.0,0.0244,10.0,9549.0,303.0
2021-01-05 09:38:01.180,0.0244,0.0246,10.0,0.0244,10.0,9549.0,303.0
2021-01-05 09:38:01.681,0.0244,0.0246,36.0,0.0244,10.0,9549.0,303.0
2021-01-05 09:38:04.040,0.0244,0.0245,32.0,0.0244,10.0,9549.0,303.0
2021-01-05 09:38:04.680,0.0244,0.0245,30.0,0.0244,10.0,9549.0,303.0
2021-01-05 09:38:05.181,0.0244,0.0245,30.0,0.0244,10.0,9549.0,303.0
2021-01-05 09:38:05.681,0.0244,0.0245,30.0,0.0244,10.0,9549.0,303.0
2021-01-05 09:38:06.691,0.0244,0.0245,42.0,0.0244,10.0,9549.0,303.0
2021-01-05 09:38:07.690,0.0244,0.0245,42.0,0.0243,10.0,9549.0,303.0
2021-01-05 09:38:08.151,0.0244,0.0244,2.0,0.0241,20.0,9559.0,313.0
2021-01-05 09:38:09.160,0.0244,0.0245,52.0,0.0241,22.0,9559.0,313.0
2021-01-05 09:38:09.611,0.0244,0.0244,12.0,0.0241,10.0,9559.0,313.0
2021-01-05 09:38:10.180,0.0244,0.0244,12.0,0.0241,10.0,9559.0,313.0
2021-01-05 09:38:10.670,0.0244,0.0244,12.0,0.0241,10.0,9559.0,313.0
2021-01-05 09:38:11.701,0.0244,0.0244,12.0,0.0241,10.0,9559.0,313.0
2021-01-05 09:38:12.191,0.0244,0.0245,32.0,0.0241,22.0,9559.0,313.0
2021-01-05 09:38:12.531,0.0244,0.0245,46.0,0.0241,22.0,9559.0,313.0
2021-01-05 09:38:13.110,0.0244,0.0245,32.0,0.0241,22.0,9559.0,313.0
2021-01-05 09:38:13.690,0.0244,0.0244,26.0,0.0241,10.0,9559.0,313.0
2021-01-05 09:38:14.141,0.0244,0.0244,36.0,0.0241,10.0,9559.0,313.0
2021-01-05 09:38:14.691,0.0244,0.0244,36.0,0.0241,10.0,9559.0,313.0
2021-01-05 09:38:15.150,0.0244,0.0244,36.0,0.0241,10.0,9559.0,313.0
2021-01-05 09:38:15.730,0.0244,0.0244,36.0,0.0241,10.0,9559.0,313.0
2021-01-05 09:38:16.210,0.0244,0.0244,24.0,0.0241,22.0,9559.0,313.0
2021-01-05 09:38:16.731,0.0244,0.0244,36.0,0.0241,10.0,9559.0,313.0
2021-01-05 09:38:17.190,0.0244,0.0244,36.0,0.0241,10.0,9559.0,313.0
2021-01-05 09:38:18.231,0.0244,0.0244,36.0,0.0241,10.0,9559.0,313.0
2021-01-05 09:38:18.660,0.0244,0.0244,36.0,0.0241,10.0,9559.0,313.0
2021-01-05 09:38:19.230,0.0244,0.0243,12.0,0.0241,10.0,9559.0,313.0
2021-01-05 09:38:19.670,0.0244,0.0243,22.0,0.0241,10.0,9559.0,313.0
2021-01-05 09:38:21.240,0.0244,0.0243,10.0,0.0241,10.0,9559.0,313.0
2021-01-05 09:38:21.670,0.0244,0.0243,36.0,0.0241,10.0,9559.0,313.0
2021-01-05 09:38:22.210,0.0244,0.0243,46.0,0.0241,10.0,9559.0,313.0
2021-01-05 09:38:22.661,0.0244,0.0243,46.0,0.0241,10.0,9559.0,313.0
2021-01-05 09:38:23.201,0.0244,0.0242,12.0,0.0241,10.0,9559.0,313.0
2021-01-05 09:38:23.681,0.0244,0.0242,22.0,0.0241,10.0,9559.0,313.0
2021-01-05 09:38:24.690,0.0244,0.0242,22.0,0.0241,10.0,9559.0,313.0
2021-01-05 09:38:25.101,0.0244,0.0242,10.0,0.0241,10.0,9559.0,313.0
2021-01-05 09:38:25.700,0.0244,0.0242,10.0,0.0241,22.0,9559.0,313.0
2021-01-05 09:38:26.100,0.0244,0.0243,40.0,0.0241,10.0,9559.0,313.0
2021-01-05 09:38:26.701,0.0244,0.0243,54.0,0.0242,12.0,9559.0,313.0
2021-01-05 09:38:27.201,0.0242,0.0243,54.0,0.0241,22.0,9559.0,325.0
2021-01-05 09:38:27.691,0.0242,0.0243,52.0,0.0241,10.0,9559.0,325.0
2021-01-05 09:38:28.171,0.0242,0.0243,66.0,0.0241,10.0,9559.0,325.0
2021-01-05 09:38:29.191,0.0242,0.0243,66.0,0.0241,10.0,9559.0,325.0
2021-01-05 09:38:29.641,0.0242,0.0242,12.0,0.0241,10.0,9559.0,325.0
2021-01-05 09:38:30.190,0.0242,0.0242,12.0,0.0241,10.0,9559.0,325.0
2021-01-05 09:38:30.670,0.0242,0.0242,10.0,0.0241,10.0,9559.0,325.0
2021-01-05 09:38:31.181,0.0242,0.0242,12.0,0.0241,10.0,9559.0,325.0
2021-01-05 09:38:31.700,0.0242,0.0242,12.0,0.0241,10.0,9559.0,325.0
2021-01-05 09:38:32.090,0.0241,0.0242,42.0,0.0239,10.0,9569.0,335.0
2021-01-05 09:38:32.701,0.0241,0.0242,62.0,0.0239,10.0,9569.0,335.0
2021-01-05 09:38:33.191,0.0241,0.0242,62.0,0.0238,22.0,9569.0,335.0
2021-01-05 09:38:33.700,0.0241,0.0241,12.0,0.0238,10.0,9569.0,335.0
2021-01-05 09:38:34.201,0.0241,0.0241,30.0,0.0238,22.0,9569.0,335.0
2021-01-05 09:38:35.200,0.0241,0.0241,30.0,0.0237,10.0,9569.0,335.0
2021-01-05 09:38:35.700,0.0241,0.0241,30.0,0.0238,12.0,9569.0,335.0
2021-01-05 09:38:36.180,0.0241,0.0241,44.0,0.0238,12.0,9569.0,335.0
2021-01-05 09:38:36.691,0.0241,0.0241,54.0,0.0238,12.0,9569.0,335.0
2021-01-05 09:38:37.131,0.0241,0.0241,40.0,0.0238,12.0,9569.0,335.0
2021-01-05 09:38:37.680,0.0241,0.0241,54.0,0.0239,10.0,9569.0,335.0
2021-01-05 09:38:38.161,0.0241,0.0241,54.0,0.0238,22.0,9569.0,335.0
2021-01-05 09:38:38.660,0.0241,0.0241,54.0,0.0238,22.0,9569.0,335.0
2021-01-05 09:38:39.161,0.0241,0.0241,54.0,0.0238,10.0,9569.0,335.0
2021-01-05 09:38:39.661,0.0241,0.024,12.0,0.0238,10.0,9569.0,335.0
2021-01-05 09:38:40.201,0.0241,0.0239,12.0,0.0238,10.0,9569.0,335.0
2021-01-05 09:38:40.591,0.0238,0.0238,2.0,0.0235,20.0,9579.0,345.0
2021-01-05 09:38:41.190,0.0238,0.0238,20.0,0.0235,24.0,9579.0,345.0
2021-01-05 09:38:41.670,0.0238,0.0238,20.0,0.0236,12.0,9579.0,345.0
2021-01-05 09:38:42.700,0.0238,0.0238,20.0,0.0236,12.0,9579.0,345.0
2021-01-05 09:38:43.190,0.0238,0.0238,20.0,0.0237,12.0,9579.0,345.0
2021-01-05 09:38:43.701,0.0238,0.0238,20.0,0.0236,12.0,9579.0,345.0
2021-01-05 09:38:44.200,0.0238,0.0238,20.0,0.0236,12.0,9579.0,345.0
2021-01-05 09:38:44.690,0.0238,0.0238,20.0,0.0237,12.0,9579.0,345.0
2021-01-05 09:38:45.201,0.0238,0.0238,20.0,0.0237,12.0,9579.0,345.0
2021-01-05 09:38:46.200,0.0238,0.0238,20.0,0.0237,22.0,9579.0,345.0
2021-01-05 09:38:46.631,0.0238,0.0238,20.0,0.0237,12.0,9579.0,345.0
2021-01-05 09:38:47.691,0.0238,0.0238,20.0,0.0236,32.0,9579.0,345.0
2021-01-05 09:38:48.200,0.0238,0.0238,20.0,0.0237,12.0,9579.0,345.0
2021-01-05 09:38:48.650,0.0238,0.0238,20.0,0.0237,10.0,9579.0,345.0
2021-01-05 09:38:49.670,0.0238,0.0239,10.0,0.0237,22.0,9579.0,345.0
2021-01-05 09:38:50.110,0.0238,0.0239,10.0,0.0238,10.0,9579.0,345.0
2021-01-05 09:38:50.651,0.0238,0.0239,10.0,0.0238,10.0,9579.0,345.0
2021-01-05 09:38:51.170,0.0238,0.0239,10.0,0.0237,32.0,9579.0,345.0
2021-01-05 09:38:51.691,0.0238,0.0239,10.0,0.0237,22.0,9579.0,345.0
2021-01-05 09:38:52.150,0.0238,0.0239,10.0,0.0237,22.0,9579.0,345.0
2021-01-05 09:38:52.630,0.0238,0.0239,10.0,0.0237,10.0,9579.0,345.0
2021-01-05 09:38:53.191,0.0238,0.0239,10.0,0.0237,22.0,9579.0,345.0
2021-01-05 09:38:53.620,0.0238,0.0239,30.0,0.0237,10.0,9579.0,345.0
2021-01-05 09:38:54.690,0.0238,0.0239,30.0,0.0237,10.0,9579.0,345.0
2021-01-05 09:38:55.191,0.0238,0.0239,30.0,0.0237,10.0,9579.0,345.0
2021-01-05 09:38:55.700,0.0238,0.0239,30.0,0.0237,10.0,9579.0,345.0
2021-01-05 09:38:56.190,0.0238,0.0239,40.0,0.0237,10.0,9579.0,345.0
2021-01-05 09:38:56.661,0.0238,0.0239,66.0,0.0237,10.0,9579.0,345.0
2021-01-05 09:38:57.200,0.0238,0.0239,40.0,0.0237,10.0,9579.0,345.0
2021-01-05 09:38:57.640,0.0238,0.0238,12.0,0.0237,10.0,9579.0,345.0
2021-01-05 09:38:58.190,0.0238,0.0239,40.0,0.0237,10.0,9579.0,345.0
2021-01-05 09:38:58.670,0.0238,0.0239,52.0,0.0237,10.0,9579.0,345.0
2021-01-05 09:38:59.060,0.0238,0.0239,30.0,0.0237,10.0,9579.0,345.0
2021-01-05 09:38:59.700,0.0238,0.0239,42.0,0.0237,10.0,9579.0,345.0
2021-01-05 09:39:01.160,0.0238,0.0239,42.0,0.0237,10.0,9579.0,345.0
2021-01-05 09:39:01.700,0.0238,0.0239,30.0,0.0237,10.0,9579.0,345.0
2021-01-05 09:39:02.660,0.0238,0.0239,42.0,0.0237,10.0,9579.0,345.0
2021-01-05 09:39:03.150,0.0238,0.0239,30.0,0.0237,10.0,9579.0,345.0
2021-01-05 09:39:07.200,0.0238,0.0239,30.0,0.0237,10.0,9579.0,345.0
2021-01-05 09:39:09.161,0.0238,0.0239,30.0,0.0237,10.0,9579.0,345.0
2021-01-05 09:39:10.191,0.0238,0.0239,30.0,0.0237,10.0,9579.0,345.0
2021-01-05 09:39:10.681,0.0238,0.0239,52.0,0.0237,10.0,9579.0,345.0
2021-01-05 09:39:11.201,0.0238,0.0239,66.0,0.0237,10.0,9579.0,345.0
2021-01-05 09:39:11.701,0.0238,0.0239,54.0,0.0237,10.0,9579.0,345.0
2021-01-05 09:39:12.220,0.0238,0.0239,54.0,0.0237,10.0,9579.0,345.0
2021-01-05 09:39:13.720,0.0238,0.0239,54.0,0.0237,10.0,9579.0,345.0
2021-01-05 09:39:14.160,0.0238,0.0239,54.0,0.0237,10.0,9579.0,345.0
2021-01-05 09:39:15.720,0.0238,0.0239,66.0,0.0237,10.0,9579.0,345.0
2021-01-05 09:39:16.721,0.0238,0.0238,12.0,0.0237,10.0,9579.0,345.0
2021-01-05 09:39:17.191,0.0238,0.0238,12.0,0.0237,10.0,9579.0,345.0
2021-01-05 09:39:17.650,0.0238,0.0239,72.0,0.0237,10.0,9579.0,345.0
2021-01-05 09:39:18.221,0.0238,0.0239,66.0,0.0237,10.0,9579.0,345.0
2021-01-05 09:39:19.710,0.0238,0.0238,12.0,0.0237,10.0,9579.0,345.0
2021-01-05 09:39:20.221,0.0238,0.0238,12.0,0.0237,10.0,9579.0,345.0
2021-01-05 09:39:20.741,0.0238,0.0238,26.0,0.0237,10.0,9579.0,345.0
2021-01-05 09:39:21.231,0.0238,0.0238,14.0,0.0237,10.0,9579.0,345.0
2021-01-05 09:39:21.671,0.0238,0.0238,14.0,0.0237,10.0,9579.0,345.0
2021-01-05 09:39:22.211,0.0238,0.0238,26.0,0.0237,10.0,9579.0,345.0
2021-01-05 09:39:22.651,0.0238,0.0238,26.0,0.0237,10.0,9579.0,345.0
2021-01-05 09:39:23.200,0.0238,0.0239,72.0,0.0237,10.0,9579.0,345.0
2021-01-05 09:39:24.151,0.0238,0.0239,40.0,0.0237,10.0,9579.0,345.0
2021-01-05 09:39:25.210,0.0238,0.0238,26.0,0.0237,10.0,9579.0,345.0
2021-01-05 09:39:25.700,0.0238,0.0238,26.0,0.0237,10.0,9579.0,345.0
2021-01-05 09:39:26.681,0.0238,0.0238,26.0,0.0237,10.0,9579.0,345.0
2021-01-05 09:39:27.210,0.0238,0.0238,26.0,0.0237,10.0,9579.0,345.0
2021-01-05 09:39:27.711,0.0238,0.0239,52.0,0.0237,10.0,9579.0,345.0
2021-01-05 09:39:28.220,0.0238,0.0239,66.0,0.0237,10.0,9579.0,345.0
2021-01-05 09:39:28.710,0.0238,0.0239,66.0,0.0237,10.0,9579.0,345.0
2021-01-05 09:39:29.721,0.0238,0.0239,66.0,0.0237,10.0,9579.0,345.0
2021-01-05 09:39:30.220,0.0238,0.0239,34.0,0.0237,10.0,9579.0,345.0
2021-01-05 09:39:30.721,0.0238,0.0238,12.0,0.0237,10.0,9579.0,345.0
2021-01-05 09:39:31.121,0.0238,0.0239,30.0,0.0237,10.0,9579.0,345.0
2021-01-05 09:39:31.701,0.0238,0.0239,46.0,0.0237,10.0,9579.0,345.0
2021-01-05 09:39:32.700,0.0238,0.0239,26.0,0.0237,10.0,9579.0,345.0
2021-01-05 09:39:33.180,0.0238,0.0239,14.0,0.0237,10.0,9579.0,345.0
2021-01-05 09:39:33.530,0.0238,0.0239,14.0,0.0237,10.0,9579.0,345.0
2021-01-05 09:39:34.681,0.0238,0.024,52.0,0.0237,10.0,9579.0,345.0
2021-01-05 09:39:35.701,0.0238,0.024,20.0,0.0237,32.0,9579.0,345.0
2021-01-05 09:39:36.231,0.0238,0.024,46.0,0.0237,20.0,9579.0,345.0
2021-01-05 09:39:36.660,0.0238,0.024,24.0,0.0237,32.0,9579.0,345.0
2021-01-05 09:39:38.221,0.0238,0.024,24.0,0.0237,32.0,9579.0,345.0
2021-01-05 09:39:39.241,0.0238,0.024,56.0,0.0237,20.0,9579.0,345.0
2021-01-05 09:39:39.751,0.0238,0.024,34.0,0.0237,32.0,9579.0,345.0
2021-01-05 09:39:40.200,0.0238,0.024,44.0,0.0237,20.0,9579.0,345.0
2021-01-05 09:39:40.721,0.0238,0.024,44.0,0.0238,12.0,9579.0,345.0
2021-01-05 09:39:41.220,0.0238,0.024,20.0,0.0238,22.0,9579.0,345.0
2021-01-05 09:39:41.750,0.0238,0.0241,32.0,0.0238,10.0,9579.0,345.0
2021-01-05 09:39:42.210,0.0238,0.0241,10.0,0.0238,22.0,9579.0,345.0
2021-01-05 09:39:42.740,0.0238,0.0241,24.0,0.0239,10.0,9579.0,345.0
2021-01-05 09:39:43.191,0.0238,0.0241,26.0,0.0238,20.0,9579.0,345.0
2021-01-05 09:39:43.660,0.0238,0.0241,24.0,0.0238,32.0,9579.0,345.0
2021-01-05 09:39:44.231,0.0238,0.0241,36.0,0.0238,20.0,9579.0,345.0
2021-01-05 09:39:44.680,0.0238,0.0241,26.0,0.0238,20.0,9579.0,345.0
2021-01-05 09:39:45.251,0.0238,0.0241,24.0,0.0238,20.0,9579.0,345.0
2021-01-05 09:39:45.750,0.0238,0.0241,14.0,0.0238,32.0,9579.0,345.0
2021-01-05 09:39:46.190,0.0238,0.0241,12.0,0.0238,20.0,9579.0,345.0
2021-01-05 09:39:46.711,0.0238,0.024,14.0,0.0238,10.0,9579.0,345.0
2021-01-05 09:39:47.250,0.0238,0.024,14.0,0.0238,22.0,9579.0,345.0
2021-01-05 09:39:47.731,0.0238,0.024,14.0,0.0238,10.0,9579.0,345.0
2021-01-05 09:39:48.221,0.0238,0.024,24.0,0.0238,10.0,9579.0,345.0
2021-01-05 09:39:48.720,0.0238,0.024,14.0,0.0238,10.0,9579.0,345.0
2021-01-05 09:39:49.711,0.0238,0.024,14.0,0.0238,10.0,9579.0,345.0
2021-01-05 09:39:50.710,0.0238,0.024,14.0,0.0238,10.0,9579.0,345.0
2021-01-05 09:39:51.241,0.0238,0.024,26.0,0.0238,10.0,9579.0,345.0
2021-01-05 09:39:51.730,0.0238,0.024,24.0,0.0238,10.0,9579.0,345.0
2021-01-05 09:39:52.251,0.0238,0.024,24.0,0.0238,20.0,9579.0,345.0
2021-01-05 09:39:52.670,0.0238,0.024,44.0,0.0238,10.0,9579.0,345.0
2021-01-05 09:39:53.181,0.0238,0.024,34.0,0.0238,10.0,9579.0,345.0
2021-01-05 09:39:53.630,0.0238,0.024,14.0,0.0238,20.0,9579.0,345.0
2021-01-05 09:39:54.091,0.0238,0.024,14.0,0.0238,20.0,9579.0,345.0
2021-01-05 09:39:54.691,0.0238,0.024,34.0,0.0238,32.0,9579.0,345.0
2021-01-05 09:39:55.181,0.0238,0.024,34.0,0.0238,20.0,9579.0,345.0
2021-01-05 09:39:56.120,0.0238,0.024,14.0,0.0239,12.0,9579.0,345.0
2021-01-05 09:39:56.691,0.0238,0.024,14.0,0.0238,32.0,9579.0,345.0
2021-01-05 09:39:57.181,0.024,0.024,4.0,0.0237,32.0,9589.0,355.0
2021-01-05 09:39:57.580,0.024,0.024,4.0,0.0238,12.0,9589.0,355.0
2021-01-05 09:39:58.170,0.024,0.024,4.0,0.0238,12.0,9589.0,355.0
2021-01-05 09:39:58.600,0.024,0.024,4.0,0.0238,22.0,9589.0,355.0
2021-01-05 09:39:58.940,0.024,0.024,4.0,0.0238,22.0,9589.0,355.0
2021-01-05 09:39:59.670,0.024,0.024,4.0,0.0238,32.0,9589.0,355.0
2021-01-05 09:40:00.181,0.024,0.0242,48.0,0.0238,22.0,9589.0,355.0
2021-01-05 09:40:00.610,0.024,0.0241,20.0,0.0238,32.0,9589.0,355.0
2021-01-05 09:40:01.201,0.024,0.0241,34.0,0.0238,32.0,9589.0,355.0
2021-01-05 09:40:01.570,0.024,0.0241,14.0,0.0239,12.0,9589.0,355.0
2021-01-05 09:40:02.200,0.024,0.0241,14.0,0.0239,12.0,9589.0,355.0
2021-01-05 09:40:02.671,0.024,0.0241,14.0,0.024,10.0,9589.0,355.0
2021-01-05 09:40:03.171,0.024,0.0241,14.0,0.0239,20.0,9589.0,355.0
2021-01-05 09:40:04.160,0.024,0.0241,14.0,0.0239,20.0,9589.0,355.0
2021-01-05 09:40:04.700,0.024,0.0241,14.0,0.0239,32.0,9589.0,355.0
2021-01-05 09:40:04.990,0.024,0.0241,14.0,0.0239,20.0,9589.0,355.0
2021-01-05 09:40:06.200,0.024,0.0241,24.0,0.0239,32.0,9589.0,355.0
2021-01-05 09:40:06.701,0.024,0.0241,24.0,0.0239,32.0,9589.0,355.0
2021-01-05 09:40:08.200,0.024,0.0241,14.0,0.0239,32.0,9589.0,355.0
2021-01-05 09:40:08.690,0.024,0.0241,24.0,0.0239,20.0,9589.0,355.0
2021-01-05 09:40:09.191,0.024,0.0241,10.0,0.0239,32.0,9589.0,355.0
2021-01-05 09:40:09.691,0.024,0.0242,30.0,0.0239,32.0,9589.0,355.0
2021-01-05 09:40:10.150,0.024,0.0242,30.0,0.0239,20.0,9589.0,355.0
2021-01-05 09:40:10.680,0.024,0.0241,14.0,0.0239,32.0,9589.0,355.0
2021-01-05 09:40:11.170,0.024,0.0241,14.0,0.0239,32.0,9589.0,355.0
2021-01-05 09:40:11.671,0.024,0.0241,14.0,0.0239,32.0,9589.0,355.0
2021-01-05 09:40:12.190,0.024,0.0242,30.0,0.0239,32.0,9589.0,355.0
2021-01-05 09:40:12.680,0.024,0.0242,34.0,0.024,22.0,9589.0,355.0
2021-01-05 09:40:13.170,0.024,0.0242,34.0,0.024,10.0,9589.0,355.0
2021-01-05 09:40:13.431,0.024,0.0242,34.0,0.0241,10.0,9589.0,355.0
2021-01-05 09:40:14.150,0.024,0.0242,34.0,0.024,20.0,9589.0,355.0
2021-01-05 09:40:14.701,0.0242,0.0242,9.0,0.024,22.0,9599.0,365.0
2021-01-05 09:40:15.690,0.0242,0.0242,9.0,0.0241,10.0,9599.0,365.0
2021-01-05 09:40:17.191,0.0242,0.0242,9.0,0.0241,10.0,9599.0,365.0
2021-01-05 09:40:17.661,0.0242,0.0242,9.0,0.0241,10.0,9599.0,365.0
2021-01-05 09:40:20.191,0.0242,0.0242,9.0,0.0241,10.0,9599.0,365.0
2021-01-05 09:40:20.691,0.0242,0.0242,9.0,0.0241,10.0,9599.0,365.0
2021-01-05 09:40:21.200,0.0242,0.0242,29.0,0.0241,10.0,9599.0,365.0
2021-01-05 09:40:21.701,0.0242,0.0242,29.0,0.0241,10.0,9599.0,365.0
2021-01-05 09:40:22.210,0.0242,0.0242,9.0,0.0241,10.0,9599.0,365.0
2021-01-05 09:40:22.591,0.0242,0.0242,9.0,0.0241,10.0,9599.0,365.0
2021-01-05 09:40:23.200,0.0241,0.0242,29.0,0.0239,32.0,9609.0,375.0
2021-01-05 09:40:23.701,0.0241,0.0242,9.0,0.0239,22.0,9609.0,375.0
2021-01-05 09:40:24.160,0.0241,0.0242,29.0,0.0239,22.0,9609.0,375.0
2021-01-05 09:40:24.681,0.0241,0.0242,9.0,0.0239,32.0,9609.0,375.0
2021-01-05 09:40:25.121,0.0241,0.0242,9.0,0.0239,22.0,9609.0,375.0
2021-01-05 09:40:25.570,0.0241,0.0242,29.0,0.0239,22.0,9609.0,375.0
2021-01-05 09:40:26.181,0.0241,0.0242,9.0,0.0239,22.0,9609.0,375.0
2021-01-05 09:40:26.650,0.0241,0.0242,29.0,0.0239,22.0,9609.0,375.0
2021-01-05 09:40:27.140,0.0241,0.0242,21.0,0.0239,10.0,9609.0,375.0
2021-01-05 09:40:27.701,0.0241,0.0241,12.0,0.0239,10.0,9609.0,375.0
2021-01-05 09:40:28.200,0.0241,0.0242,42.0,0.0239,10.0,9609.0,375.0
2021-01-05 09:40:28.690,0.0241,0.0241,12.0,0.024,10.0,9609.0,375.0
2021-01-05 09:40:29.170,0.0241,0.0242,12.0,0.0239,20.0,9609.0,375.0
2021-01-05 09:40:30.160,0.0241,0.0241,12.0,0.0239,20.0,9609.0,375.0
2021-01-05 09:40:33.191,0.0241,0.0242,22.0,0.0239,20.0,9609.0,375.0
2021-01-05 09:40:33.681,0.0241,0.0242,26.0,0.0239,30.0,9609.0,375.0
2021-01-05 09:40:34.601,0.0241,0.0242,36.0,0.0239,30.0,9609.0,375.0
2021-01-05 09:40:35.201,0.0241,0.0242,26.0,0.0239,20.0,9609.0,375.0
2021-01-05 09:40:35.681,0.0241,0.0242,14.0,0.0239,32.0,9609.0,375.0
2021-01-05 09:40:36.620,0.0241,0.0243,72.0,0.0239,32.0,9609.0,375.0
2021-01-05 09:40:37.201,0.0241,0.0242,14.0,0.0239,32.0,9609.0,375.0
2021-01-05 09:40:37.700,0.0241,0.0242,14.0,0.0239,32.0,9609.0,375.0
2021-01-05 09:40:38.130,0.0241,0.0242,24.0,0.0239,32.0,9609.0,375.0
2021-01-05 09:40:38.651,0.0241,0.0242,24.0,0.0239,20.0,9609.0,375.0
2021-01-05 09:40:39.681,0.0241,0.0241,12.0,0.0239,20.0,9609.0,375.0
2021-01-05 09:40:40.151,0.0241,0.0242,22.0,0.0239,20.0,9609.0,375.0
2021-01-05 09:40:40.670,0.0241,0.0241,12.0,0.0239,30.0,9609.0,375.0
2021-01-05 09:40:41.191,0.0241,0.0242,22.0,0.0239,20.0,9609.0,375.0
2021-01-05 09:40:41.640,0.0241,0.0242,14.0,0.0239,20.0,9609.0,375.0
2021-01-05 09:40:42.180,0.0241,0.0242,14.0,0.0239,32.0,9609.0,375.0
2021-01-05 09:40:44.161,0.0241,0.0242,14.0,0.0239,42.0,9609.0,375.0
2021-01-05 09:40:44.620,0.0241,0.0242,14.0,0.0239,42.0,9609.0,375.0
2021-01-05 09:40:47.611,0.0241,0.0242,14.0,0.0239,32.0,9609.0,375.0
2021-01-05 09:40:48.700,0.0241,0.0242,14.0,0.024,22.0,9609.0,375.0
2021-01-05 09:40:49.111,0.0241,0.0242,14.0,0.024,10.0,9609.0,375.0
2021-01-05 09:40:50.181,0.0241,0.0242,14.0,0.024,10.0,9609.0,375.0
2021-01-05 09:40:51.021,0.0241,0.0242,14.0,0.024,10.0,9609.0,375.0
2021-01-05 09:40:51.601,0.0241,0.0242,14.0,0.024,10.0,9609.0,375.0
2021-01-05 09:40:52.181,0.0241,0.0242,14.0,0.024,10.0,9609.0,375.0
2021-01-05 09:40:52.661,0.0241,0.0242,14.0,0.024,10.0,9609.0,375.0
2021-01-05 09:40:53.180,0.0241,0.0242,14.0,0.024,22.0,9609.0,375.0
2021-01-05 09:40:53.651,0.0241,0.0242,14.0,0.0241,10.0,9609.0,375.0
2021-01-05 09:40:54.141,0.0241,0.0242,14.0,0.024,32.0,9609.0,375.0
2021-01-05 09:40:54.661,0.0241,0.0242,14.0,0.0241,12.0,9609.0,375.0
2021-01-05 09:40:55.111,0.0241,0.0242,14.0,0.024,20.0,9609.0,375.0
2021-01-05 09:40:55.240,0.0241,0.0242,14.0,0.024,32.0,9609.0,375.0
2021-01-05 09:40:56.121,0.0241,0.0242,14.0,0.024,32.0,9609.0,375.0
2021-01-05 09:40:56.711,0.0241,0.0242,14.0,0.024,22.0,9609.0,375.0
2021-01-05 09:40:57.710,0.0241,0.0242,14.0,0.024,22.0,9609.0,375.0
2021-01-05 09:40:58.980,0.0241,0.0242,14.0,0.024,22.0,9609.0,375.0
2021-01-05 09:41:01.160,0.0241,0.0242,14.0,0.024,10.0,9609.0,375.0
2021-01-05 09:41:01.650,0.0241,0.0242,14.0,0.024,22.0,9609.0,375.0
2021-01-05 09:41:02.190,0.0241,0.0242,14.0,0.024,22.0,9609.0,375.0
2021-01-05 09:41:03.110,0.0241,0.0242,14.0,0.024,10.0,9609.0,375.0
2021-01-05 09:41:03.721,0.0241,0.0242,14.0,0.024,22.0,9609.0,375.0
2021-01-05 09:41:05.660,0.0241,0.0242,14.0,0.024,10.0,9609.0,375.0
2021-01-05 09:41:06.221,0.0241,0.0242,14.0,0.024,22.0,9609.0,375.0
2021-01-05 09:41:06.620,0.0241,0.0242,40.0,0.024,10.0,9609.0,375.0
2021-01-05 09:41:07.100,0.0241,0.0241,14.0,0.024,10.0,9609.0,375.0
2021-01-05 09:41:07.611,0.0241,0.0241,14.0,0.024,10.0,9609.0,375.0
2021-01-05 09:41:08.701,0.0241,0.0241,14.0,0.024,10.0,9609.0,375.0
2021-01-05 09:41:09.210,0.0241,0.0241,14.0,0.024,10.0,9609.0,375.0
2021-01-05 09:41:09.661,0.0241,0.0241,14.0,0.024,10.0,9609.0,375.0
2021-01-05 09:41:10.220,0.0241,0.0241,14.0,0.024,10.0,9609.0,375.0
2021-01-05 09:41:10.710,0.0241,0.0241,14.0,0.024,10.0,9609.0,375.0
2021-01-05 09:41:11.210,0.0241,0.0241,34.0,0.024,10.0,9609.0,375.0
2021-01-05 09:41:11.711,0.0241,0.0241,14.0,0.024,10.0,9609.0,375.0
2021-01-05 09:41:12.151,0.0241,0.0241,14.0,0.024,10.0,9609.0,375.0
2021-01-05 09:41:12.710,0.0241,0.0241,14.0,0.024,10.0,9609.0,375.0
2021-01-05 09:41:13.161,0.0241,0.0241,14.0,0.024,10.0,9609.0,375.0
2021-01-05 09:41:13.701,0.0241,0.0241,14.0,0.024,10.0,9609.0,375.0
2021-01-05 09:41:14.160,0.0241,0.0241,26.0,0.024,10.0,9609.0,375.0
2021-01-05 09:41:14.671,0.0241,0.0241,14.0,0.024,10.0,9609.0,375.0
2021-01-05 09:41:15.651,0.0241,0.0241,14.0,0.024,10.0,9609.0,375.0
2021-01-05 09:41:16.210,0.0241,0.0241,14.0,0.024,10.0,9609.0,375.0
2021-01-05 09:41:16.500,0.0241,0.0241,14.0,0.024,10.0,9609.0,375.0
2021-01-05 09:41:17.211,0.0241,0.0241,14.0,0.024,10.0,9609.0,375.0
2021-01-05 09:41:17.670,0.0241,0.0241,14.0,0.024,10.0,9609.0,375.0
2021-01-05 09:41:18.200,0.0241,0.0241,14.0,0.024,10.0,9609.0,375.0
2021-01-05 09:41:18.661,0.0241,0.0241,14.0,0.024,10.0,9609.0,375.0
2021-01-05 09:41:19.161,0.0241,0.0241,14.0,0.024,10.0,9609.0,375.0
2021-01-05 09:41:20.070,0.0241,0.0241,14.0,0.024,10.0,9609.0,375.0
2021-01-05 09:41:20.721,0.0241,0.0241,14.0,0.024,10.0,9609.0,375.0
2021-01-05 09:41:21.551,0.0241,0.0241,14.0,0.024,10.0,9609.0,375.0
2021-01-05 09:41:22.700,0.0241,0.0241,14.0,0.024,10.0,9609.0,375.0
2021-01-05 09:41:23.061,0.0241,0.0241,14.0,0.024,10.0,9609.0,375.0
2021-01-05 09:41:24.171,0.0241,0.0241,24.0,0.024,10.0,9609.0,375.0
2021-01-05 09:41:24.651,0.0241,0.0241,14.0,0.024,10.0,9609.0,375.0
2021-01-05 09:41:25.120,0.0241,0.0241,14.0,0.024,10.0,9609.0,375.0
2021-01-05 09:41:25.641,0.0241,0.0241,14.0,0.024,10.0,9609.0,375.0
2021-01-05 09:41:26.190,0.024,0.0241,44.0,0.0238,32.0,9619.0,385.0
2021-01-05 09:41:26.670,0.024,0.0241,54.0,0.0238,22.0,9619.0,385.0
2021-01-05 09:41:27.131,0.024,0.0241,54.0,0.0238,22.0,9619.0,385.0
2021-01-05 09:41:27.710,0.024,0.0241,36.0,0.0238,10.0,9619.0,385.0
2021-01-05 09:41:28.171,0.024,0.0241,46.0,0.0238,10.0,9619.0,385.0
2021-01-05 09:41:30.670,0.024,0.0241,46.0,0.0238,10.0,9619.0,385.0
2021-01-05 09:41:31.181,0.024,0.0241,24.0,0.0238,22.0,9619.0,385.0
2021-01-05 09:41:31.700,0.024,0.0241,34.0,0.0239,10.0,9619.0,385.0
2021-01-05 09:41:32.220,0.024,0.0241,24.0,0.0239,10.0,9619.0,385.0
2021-01-05 09:41:32.670,0.024,0.0241,24.0,0.0238,32.0,9619.0,385.0
2021-01-05 09:41:33.171,0.024,0.0241,34.0,0.024,10.0,9619.0,385.0
2021-01-05 09:41:33.680,0.024,0.0241,24.0,0.0239,12.0,9619.0,385.0
2021-01-05 09:41:34.120,0.024,0.0241,24.0,0.0239,12.0,9619.0,385.0
2021-01-05 09:41:34.720,0.024,0.0241,24.0,0.0238,32.0,9619.0,385.0
2021-01-05 09:41:35.221,0.024,0.0241,34.0,0.0238,32.0,9619.0,385.0
2021-01-05 09:41:36.070,0.024,0.0241,54.0,0.0238,32.0,9619.0,385.0
2021-01-05 09:41:36.720,0.024,0.0241,54.0,0.0238,22.0,9619.0,385.0
2021-01-05 09:41:37.210,0.024,0.0241,54.0,0.0239,12.0,9619.0,385.0
2021-01-05 09:41:37.711,0.024,0.0241,54.0,0.0238,10.0,9619.0,385.0
2021-01-05 09:41:38.220,0.024,0.0241,64.0,0.0238,10.0,9619.0,385.0
2021-01-05 09:41:38.710,0.024,0.0241,64.0,0.0238,22.0,9619.0,385.0
2021-01-05 09:41:39.221,0.024,0.0241,64.0,0.0238,22.0,9619.0,385.0
2021-01-05 09:41:39.521,0.024,0.0241,64.0,0.0238,22.0,9619.0,385.0
2021-01-05 09:41:40.721,0.024,0.0241,44.0,0.0238,22.0,9619.0,385.0
2021-01-05 09:41:42.700,0.024,0.0241,34.0,0.0238,32.0,9619.0,385.0
2021-01-05 09:41:43.080,0.024,0.0241,24.0,0.0238,32.0,9619.0,385.0
2021-01-05 09:41:44.671,0.024,0.0241,34.0,0.0238,32.0,9619.0,385.0
2021-01-05 09:41:45.701,0.024,0.0241,34.0,0.0239,12.0,9619.0,385.0
2021-01-05 09:41:46.241,0.024,0.0241,34.0,0.0239,12.0,9619.0,385.0
2021-01-05 09:41:46.661,0.024,0.0241,34.0,0.0239,12.0,9619.0,385.0
2021-01-05 09:41:47.170,0.024,0.0241,34.0,0.0238,32.0,9619.0,385.0
2021-01-05 09:41:47.741,0.024,0.0241,34.0,0.0239,12.0,9619.0,385.0
2021-01-05 09:41:48.181,0.024,0.0241,64.0,0.024,10.0,9619.0,385.0
2021-01-05 09:41:48.600,0.024,0.0241,64.0,0.0239,12.0,9629.0,395.0
2021-01-05 09:41:49.191,0.024,0.0241,44.0,0.0239,12.0,9629.0,395.0
2021-01-05 09:41:49.750,0.024,0.0241,64.0,0.0239,12.0,9629.0,395.0
2021-01-05 09:41:50.231,0.024,0.0241,64.0,0.0239,12.0,9629.0,395.0
2021-01-05 09:41:50.751,0.024,0.0241,64.0,0.0237,10.0,9629.0,395.0
2021-01-05 09:41:51.251,0.024,0.0241,64.0,0.0237,10.0,9629.0,395.0
2021-01-05 09:41:51.760,0.024,0.0241,56.0,0.0237,22.0,9629.0,395.0
2021-01-05 09:41:52.261,0.024,0.0241,76.0,0.0237,22.0,9629.0,395.0
2021-01-05 09:41:52.690,0.024,0.024,12.0,0.0237,10.0,9629.0,395.0
2021-01-05 09:41:53.151,0.024,0.024,22.0,0.0237,10.0,9629.0,395.0
2021-01-05 09:41:53.681,0.024,0.0239,14.0,0.0237,12.0,9629.0,395.0
2021-01-05 09:41:54.161,0.024,0.0239,14.0,0.0238,10.0,9629.0,395.0
2021-01-05 09:41:54.591,0.024,0.0239,24.0,0.0238,12.0,9629.0,395.0
2021-01-05 09:41:55.160,0.024,0.0239,24.0,0.0237,22.0,9629.0,395.0
2021-01-05 09:41:55.671,0.024,0.0239,34.0,0.0238,12.0,9629.0,395.0
2021-01-05 09:41:55.911,0.0239,0.0239,34.0,0.0237,12.0,9639.0,405.0
2021-01-05 09:41:56.680,0.0239,0.0239,34.0,0.0238,12.0,9639.0,405.0
2021-01-05 09:41:57.110,0.0239,0.0239,34.0,0.0237,12.0,9639.0,405.0
2021-01-05 09:41:57.640,0.0239,0.0239,44.0,0.0237,12.0,9639.0,405.0
2021-01-05 09:42:00.701,0.0239,0.0239,44.0,0.0236,22.0,9639.0,405.0
2021-01-05 09:42:01.190,0.0239,0.0239,44.0,0.0237,12.0,9639.0,405.0
2021-01-05 09:42:01.651,0.0239,0.0239,44.0,0.0237,10.0,9639.0,405.0
2021-01-05 09:42:02.201,0.0239,0.0239,44.0,0.0237,12.0,9639.0,405.0
2021-01-05 09:42:02.710,0.0239,0.0239,44.0,0.0238,10.0,9639.0,405.0
2021-01-05 09:42:03.161,0.0239,0.0239,34.0,0.0237,22.0,9639.0,405.0
2021-01-05 09:42:03.690,0.0239,0.0239,44.0,0.0237,10.0,9639.0,405.0
2021-01-05 09:42:04.110,0.0239,0.0239,44.0,0.0237,10.0,9639.0,405.0
2021-01-05 09:42:04.500,0.0239,0.0239,44.0,0.0237,22.0,9639.0,405.0
2021-01-05 09:42:05.211,0.0239,0.0239,44.0,0.0237,10.0,9639.0,405.0
2021-01-05 09:42:06.690,0.0239,0.0239,44.0,0.0237,22.0,9639.0,405.0
2021-01-05 09:42:07.230,0.0239,0.0239,44.0,0.0237,10.0,9639.0,405.0
2021-01-05 09:42:07.691,0.0239,0.0239,44.0,0.0237,10.0,9639.0,405.0
2021-01-05 09:42:09.230,0.0239,0.0239,44.0,0.0237,10.0,9639.0,405.0
2021-01-05 09:42:09.570,0.0239,0.0239,44.0,0.0237,10.0,9639.0,405.0
2021-01-05 09:42:10.681,0.0239,0.0239,44.0,0.0237,10.0,9639.0,405.0
2021-01-05 09:42:11.211,0.0239,0.0239,54.0,0.0237,10.0,9639.0,405.0
2021-01-05 09:42:11.720,0.0239,0.0239,54.0,0.0237,10.0,9639.0,405.0
2021-01-05 09:42:13.731,0.0239,0.0239,34.0,0.0237,10.0,9639.0,405.0
2021-01-05 09:42:15.151,0.0239,0.0239,34.0,0.0237,10.0,9639.0,405.0
2021-01-05 09:42:16.181,0.0239,0.0239,34.0,0.0237,10.0,9639.0,405.0
2021-01-05 09:42:17.241,0.0239,0.0239,34.0,0.0237,22.0,9639.0,405.0
2021-01-05 09:42:18.100,0.0239,0.0239,34.0,0.0237,22.0,9639.0,405.0
2021-01-05 09:42:18.701,0.0239,0.0239,34.0,0.0237,22.0,9639.0,405.0
2021-01-05 09:42:20.150,0.0239,0.0239,24.0,0.0237,22.0,9639.0,405.0
2021-01-05 09:42:20.751,0.0239,0.0239,24.0,0.0237,22.0,9639.0,405.0
2021-01-05 09:42:21.231,0.0239,0.0239,24.0,0.0237,22.0,9639.0,405.0
2021-01-05 09:42:21.621,0.0239,0.0239,24.0,0.0238,12.0,9639.0,405.0
2021-01-05 09:42:22.221,0.0239,0.0239,44.0,0.0237,22.0,9639.0,405.0
2021-01-05 09:42:22.570,0.0239,0.0239,44.0,0.0238,12.0,9639.0,405.0
2021-01-05 09:42:22.981,0.0239,0.0239,44.0,0.0238,12.0,9639.0,405.0
2021-01-05 09:42:23.631,0.0239,0.0239,44.0,0.0237,22.0,9639.0,405.0
2021-01-05 09:42:24.151,0.0239,0.0239,44.0,0.0237,22.0,9639.0,405.0
2021-01-05 09:42:26.130,0.0239,0.0239,44.0,0.0237,22.0,9639.0,405.0
2021-01-05 09:42:26.701,0.0239,0.0239,24.0,0.0237,22.0,9639.0,405.0
2021-01-05 09:42:27.171,0.0239,0.0239,24.0,0.0237,22.0,9639.0,405.0
2021-01-05 09:42:31.720,0.0239,0.0239,24.0,0.0237,22.0,9639.0,405.0
2021-01-05 09:42:32.721,0.0239,0.0239,24.0,0.0237,22.0,9639.0,405.0
2021-01-05 09:42:33.230,0.0239,0.0239,24.0,0.0237,22.0,9639.0,405.0
2021-01-05 09:42:34.210,0.0239,0.0239,24.0,0.0238,12.0,9639.0,405.0
2021-01-05 09:42:35.151,0.0239,0.0239,24.0,0.0237,22.0,9639.0,405.0
2021-01-05 09:42:36.650,0.0239,0.0239,24.0,0.0238,12.0,9639.0,405.0
2021-01-05 09:42:37.251,0.0239,0.0239,24.0,0.0237,22.0,9639.0,405.0
2021-01-05 09:42:40.221,0.0239,0.0239,24.0,0.0237,22.0,9639.0,405.0
2021-01-05 09:42:40.721,0.0239,0.0239,24.0,0.0237,22.0,9639.0,405.0
2021-01-05 09:42:41.161,0.0239,0.0239,24.0,0.0237,22.0,9639.0,405.0
2021-01-05 09:42:41.731,0.0239,0.0239,44.0,0.0237,22.0,9639.0,405.0
2021-01-05 09:42:43.251,0.0239,0.0239,44.0,0.0237,10.0,9639.0,405.0
2021-01-05 09:42:43.741,0.0239,0.0239,40.0,0.0237,22.0,9639.0,405.0
2021-01-05 09:42:44.211,0.0239,0.0239,40.0,0.0237,10.0,9639.0,405.0
2021-01-05 09:42:44.751,0.0239,0.0239,66.0,0.0237,10.0,9639.0,405.0
2021-01-05 09:42:45.191,0.0239,0.0239,54.0,0.0237,10.0,9639.0,405.0
2021-01-05 09:42:45.650,0.0239,0.0239,54.0,0.0237,10.0,9639.0,405.0
2021-01-05 09:42:46.240,0.0239,0.0239,54.0,0.0237,10.0,9639.0,405.0
2021-01-05 09:42:46.741,0.0239,0.0239,54.0,0.0237,10.0,9639.0,405.0
2021-01-05 09:42:47.231,0.0239,0.0239,54.0,0.0237,10.0,9639.0,405.0
2021-01-05 09:42:48.720,0.0239,0.0239,54.0,0.0237,22.0,9639.0,405.0
2021-01-05 09:42:49.750,0.0239,0.0239,54.0,0.0237,10.0,9639.0,405.0
2021-01-05 09:42:50.261,0.0239,0.0239,54.0,0.0237,22.0,9639.0,405.0
2021-01-05 09:42:52.601,0.0239,0.0239,54.0,0.0237,22.0,9639.0,405.0
2021-01-05 09:42:53.621,0.0239,0.0239,54.0,0.0237,10.0,9639.0,405.0
2021-01-05 09:42:54.191,0.0239,0.0239,54.0,0.0237,22.0,9639.0,405.0
2021-01-05 09:42:55.701,0.0239,0.0239,54.0,0.0237,10.0,9639.0,405.0
2021-01-05 09:42:57.171,0.0239,0.0239,54.0,0.0237,10.0,9639.0,405.0
2021-01-05 09:42:58.220,0.0239,0.0239,54.0,0.0237,10.0,9639.0,405.0
2021-01-05 09:42:58.731,0.0239,0.0239,54.0,0.0237,10.0,9639.0,405.0
2021-01-05 09:42:59.230,0.0239,0.0239,40.0,0.0237,22.0,9639.0,405.0
2021-01-05 09:42:59.730,0.0239,0.0239,40.0,0.0237,10.0,9639.0,405.0
2021-01-05 09:43:00.200,0.0239,0.0239,54.0,0.0237,10.0,9639.0,405.0
2021-01-05 09:43:01.211,0.0239,0.0239,54.0,0.0237,22.0,9639.0,405.0
2021-01-05 09:43:01.701,0.0239,0.0239,54.0,0.0237,10.0,9639.0,405.0
2021-01-05 09:43:02.150,0.0239,0.0239,54.0,0.0237,22.0,9639.0,405.0
2021-01-05 09:43:02.681,0.0239,0.0239,54.0,0.0237,10.0,9639.0,405.0
2021-01-05 09:43:03.241,0.0239,0.0239,54.0,0.0237,10.0,9639.0,405.0
2021-01-05 09:43:03.341,0.0239,0.0239,54.0,0.0237,22.0,9639.0,405.0
2021-01-05 09:43:04.740,0.0239,0.0239,54.0,0.0237,22.0,9639.0,405.0
2021-01-05 09:43:05.251,0.0239,0.0239,40.0,0.0237,22.0,9639.0,405.0
2021-01-05 09:43:05.731,0.0239,0.0239,40.0,0.0237,22.0,9639.0,405.0
2021-01-05 09:43:06.171,0.0239,0.0239,40.0,0.0237,22.0,9639.0,405.0
2021-01-05 09:43:07.231,0.0239,0.0239,30.0,0.0237,10.0,9639.0,405.0
2021-01-05 09:43:07.710,0.0239,0.0239,30.0,0.0238,12.0,9639.0,405.0
2021-01-05 09:43:08.701,0.0239,0.0239,30.0,0.0237,10.0,9639.0,405.0
2021-01-05 09:43:09.231,0.0239,0.0239,40.0,0.0237,22.0,9639.0,405.0
2021-01-05 09:43:09.740,0.0239,0.0239,40.0,0.0237,22.0,9639.0,405.0
2021-01-05 09:43:10.150,0.0239,0.0239,40.0,0.0237,22.0,9639.0,405.0
2021-01-05 09:43:10.720,0.0239,0.0239,40.0,0.0237,22.0,9639.0,405.0
2021-01-05 09:43:11.250,0.0239,0.0239,40.0,0.0237,22.0,9639.0,405.0
2021-01-05 09:43:13.210,0.0239,0.0239,40.0,0.0238,12.0,9639.0,405.0
2021-01-05 09:43:13.740,0.0239,0.0239,30.0,0.0238,12.0,9639.0,405.0
2021-01-05 09:43:14.270,0.0239,0.0239,30.0,0.0238,12.0,9639.0,405.0
2021-01-05 09:43:15.241,0.0239,0.0239,30.0,0.0238,12.0,9639.0,405.0
2021-01-05 09:43:15.771,0.0239,0.0239,20.0,0.0238,22.0,9649.0,415.0
2021-01-05 09:43:16.270,0.0239,0.0239,20.0,0.0238,22.0,9649.0,415.0
2021-01-05 09:43:16.720,0.0239,0.0239,30.0,0.0238,22.0,9649.0,415.0
2021-01-05 09:43:17.771,0.0239,0.0239,30.0,0.0238,22.0,9649.0,415.0
2021-01-05 09:43:18.270,0.0239,0.0239,30.0,0.0238,22.0,9649.0,415.0
2021-01-05 09:43:19.261,0.0239,0.0239,30.0,0.0238,10.0,9649.0,415.0
2021-01-05 09:43:20.731,0.0239,0.0239,30.0,0.0238,10.0,9649.0,415.0
2021-01-05 09:43:21.271,0.0239,0.0239,20.0,0.0238,10.0,9659.0,425.0
2021-01-05 09:43:21.701,0.0239,0.0239,20.0,0.0238,10.0,9659.0,425.0
2021-01-05 09:43:22.281,0.0239,0.0239,20.0,0.0238,10.0,9659.0,425.0
2021-01-05 09:43:22.671,0.0239,0.0239,20.0,0.0238,10.0,9659.0,425.0
2021-01-05 09:43:23.190,0.0239,0.0239,20.0,0.0238,10.0,9659.0,425.0
2021-01-05 09:43:24.661,0.0239,0.0239,20.0,0.0238,10.0,9659.0,425.0
2021-01-05 09:43:25.201,0.0239,0.0239,20.0,0.0238,10.0,9659.0,425.0
2021-01-05 09:43:25.701,0.0239,0.0239,32.0,0.0238,10.0,9659.0,425.0
2021-01-05 09:43:26.621,0.0239,0.0239,10.0,0.0238,10.0,9669.0,435.0
2021-01-05 09:43:27.190,0.0239,0.024,52.0,0.0238,10.0,9669.0,435.0
2021-01-05 09:43:27.591,0.0239,0.024,64.0,0.0238,10.0,9669.0,435.0
2021-01-05 09:43:28.091,0.0239,0.024,76.0,0.0238,10.0,9669.0,435.0
2021-01-05 09:43:31.111,0.0239,0.024,76.0,0.0238,10.0,9669.0,435.0
2021-01-05 09:43:32.701,0.0239,0.024,76.0,0.0238,20.0,9669.0,435.0
2021-01-05 09:43:33.141,0.0239,0.024,64.0,0.0238,20.0,9669.0,435.0
2021-01-05 09:43:34.221,0.0239,0.024,76.0,0.0238,20.0,9669.0,435.0
2021-01-05 09:43:34.691,0.0239,0.024,64.0,0.0238,20.0,9669.0,435.0
2021-01-05 09:43:35.160,0.0239,0.024,64.0,0.0238,20.0,9669.0,435.0
2021-01-05 09:43:36.661,0.0239,0.024,64.0,0.0238,20.0,9669.0,435.0
2021-01-05 09:43:37.181,0.0239,0.024,64.0,0.0238,20.0,9669.0,435.0
2021-01-05 09:43:38.680,0.0239,0.024,64.0,0.0239,12.0,9669.0,435.0
2021-01-05 09:43:39.241,0.0239,0.024,64.0,0.0238,32.0,9669.0,435.0
2021-01-05 09:43:39.700,0.0239,0.024,64.0,0.0239,12.0,9669.0,435.0
2021-01-05 09:43:40.230,0.0239,0.024,64.0,0.0239,12.0,9669.0,435.0
2021-01-05 09:43:40.731,0.0239,0.024,64.0,0.0239,12.0,9669.0,435.0
2021-01-05 09:43:41.730,0.0239,0.024,64.0,0.0239,12.0,9669.0,435.0
2021-01-05 09:43:42.191,0.0239,0.024,64.0,0.0239,12.0,9669.0,435.0
2021-01-05 09:43:43.231,0.024,0.024,8.0,0.0238,10.0,9679.0,457.0
2021-01-05 09:43:43.651,0.024,0.0241,10.0,0.024,2.0,9679.0,477.0
2021-01-05 09:43:43.990,0.024,0.0241,34.0,0.0239,2.0,9679.0,477.0
2021-01-05 09:43:44.670,0.0239,0.0239,12.0,0.0238,10.0,9679.0,479.0
2021-01-05 09:43:44.760,0.0239,0.024,10.0,0.0238,22.0,9679.0,479.0
2021-01-05 09:43:45.221,0.0239,0.024,10.0,0.0238,10.0,9679.0,479.0
2021-01-05 09:43:46.151,0.0239,0.024,36.0,0.0238,10.0,9679.0,479.0
2021-01-05 09:43:46.291,0.0239,0.024,24.0,0.0238,10.0,9679.0,479.0
2021-01-05 09:43:47.250,0.0239,0.024,36.0,0.0238,10.0,9679.0,479.0
2021-01-05 09:43:47.661,0.0239,0.024,46.0,0.0238,10.0,9679.0,479.0
2021-01-05 09:43:48.220,0.0239,0.024,34.0,0.0238,10.0,9679.0,479.0
2021-01-05 09:43:48.721,0.0239,0.024,34.0,0.0239,10.0,9679.0,479.0
2021-01-05 09:43:49.061,0.0239,0.024,10.0,0.0239,10.0,9679.0,479.0
2021-01-05 09:43:49.511,0.0239,0.024,12.0,0.0239,10.0,9679.0,479.0
2021-01-05 09:43:50.170,0.0239,0.024,10.0,0.0239,10.0,9679.0,479.0
2021-01-05 09:43:50.721,0.0239,0.0241,32.0,0.0239,10.0,9679.0,479.0
2021-01-05 09:43:51.221,0.0239,0.0241,36.0,0.0239,10.0,9679.0,479.0
2021-01-05 09:43:51.221,0.0239,0.024,12.0,0.0239,10.0,9679.0,479.0
2021-01-05 09:43:52.100,0.0239,0.024,12.0,0.0239,10.0,9679.0,479.0
2021-01-05 09:43:52.200,0.0239,0.024,10.0,0.0239,10.0,9679.0,479.0
2021-01-05 09:43:53.201,0.0239,0.024,12.0,0.0239,10.0,9679.0,479.0
2021-01-05 09:43:54.191,0.0239,0.024,22.0,0.0239,10.0,9679.0,479.0
2021-01-05 09:43:56.200,0.0239,0.024,22.0,0.0239,10.0,9679.0,479.0
2021-01-05 09:43:56.721,0.0239,0.024,36.0,0.0239,10.0,9679.0,479.0
2021-01-05 09:43:57.650,0.0239,0.024,36.0,0.0239,10.0,9679.0,479.0
2021-01-05 09:43:58.140,0.0239,0.024,46.0,0.0239,10.0,9679.0,479.0
2021-01-05 09:43:58.711,0.0239,0.024,34.0,0.0239,10.0,9679.0,479.0
2021-01-05 09:43:59.170,0.0239,0.024,46.0,0.0239,10.0,9679.0,479.0
2021-01-05 09:43:59.691,0.0239,0.024,34.0,0.0239,10.0,9679.0,479.0
2021-01-05 09:44:01.160,0.0239,0.024,46.0,0.0239,10.0,9679.0,479.0
2021-01-05 09:44:02.711,0.0239,0.024,34.0,0.0239,10.0,9679.0,479.0
2021-01-05 09:44:03.241,0.0239,0.024,34.0,0.0239,10.0,9679.0,479.0
2021-01-05 09:44:03.750,0.0239,0.024,34.0,0.0239,10.0,9679.0,479.0
2021-01-05 09:44:04.230,0.0239,0.024,24.0,0.0239,10.0,9679.0,479.0
2021-01-05 09:44:04.751,0.0239,0.024,24.0,0.0239,10.0,9679.0,479.0
2021-01-05 09:44:05.260,0.0239,0.024,20.0,0.0239,10.0,9679.0,479.0
2021-01-05 09:44:05.750,0.0239,0.024,36.0,0.0239,10.0,9679.0,479.0
2021-01-05 09:44:06.261,0.0239,0.024,34.0,0.0239,10.0,9679.0,479.0
2021-01-05 09:44:06.770,0.0239,0.024,24.0,0.0239,10.0,9679.0,479.0
2021-01-05 09:44:07.281,0.0239,0.024,34.0,0.0239,10.0,9679.0,479.0
2021-01-05 09:44:07.750,0.0239,0.024,24.0,0.0239,10.0,9679.0,479.0
2021-01-05 09:44:08.230,0.0239,0.024,24.0,0.0239,10.0,9679.0,479.0
2021-01-05 09:44:08.760,0.0239,0.024,24.0,0.0239,10.0,9679.0,479.0
2021-01-05 09:44:09.150,0.0239,0.024,24.0,0.0239,10.0,9679.0,479.0
2021-01-05 09:44:09.780,0.0239,0.024,24.0,0.0239,10.0,9679.0,479.0
2021-01-05 09:44:10.781,0.0239,0.024,34.0,0.0239,10.0,9679.0,479.0
2021-01-05 09:44:11.271,0.0239,0.024,34.0,0.0239,10.0,9679.0,479.0
2021-01-05 09:44:11.780,0.0239,0.024,24.0,0.0239,10.0,9679.0,479.0
2021-01-05 09:44:12.270,0.0239,0.024,24.0,0.0239,10.0,9679.0,479.0
2021-01-05 09:44:12.781,0.0239,0.024,24.0,0.0239,10.0,9679.0,479.0
2021-01-05 09:44:13.230,0.0239,0.024,14.0,0.0239,10.0,9679.0,479.0
2021-01-05 09:44:14.260,0.0239,0.024,14.0,0.0239,10.0,9679.0,479.0
2021-01-05 09:44:14.781,0.0239,0.024,14.0,0.0239,10.0,9679.0,479.0
2021-01-05 09:44:17.280,0.0239,0.024,14.0,0.0239,10.0,9679.0,479.0
2021-01-05 09:44:17.770,0.0239,0.024,14.0,0.0239,10.0,9679.0,479.0
2021-01-05 09:44:18.231,0.0239,0.024,24.0,0.0239,10.0,9679.0,479.0
2021-01-05 09:44:18.780,0.0239,0.024,36.0,0.0239,10.0,9679.0,479.0
2021-01-05 09:44:19.801,0.0239,0.024,36.0,0.0239,10.0,9679.0,479.0
2021-01-05 09:44:20.300,0.0239,0.024,36.0,0.0239,10.0,9679.0,479.0
2021-01-05 09:44:20.801,0.0239,0.024,36.0,0.0239,10.0,9679.0,479.0
2021-01-05 09:44:22.250,0.0239,0.024,26.0,0.0239,10.0,9679.0,479.0
2021-01-05 09:44:23.130,0.0239,0.024,36.0,0.0239,10.0,9679.0,479.0
2021-01-05 09:44:26.201,0.0239,0.024,26.0,0.0239,10.0,9679.0,479.0
2021-01-05 09:44:26.701,0.0239,0.024,14.0,0.0239,10.0,9679.0,479.0
2021-01-05 09:44:27.201,0.0239,0.024,26.0,0.0239,10.0,9679.0,479.0
2021-01-05 09:44:27.710,0.0239,0.024,14.0,0.0239,10.0,9679.0,479.0
2021-01-05 09:44:29.200,0.0239,0.024,14.0,0.0239,10.0,9679.0,479.0
2021-01-05 09:44:29.640,0.0239,0.024,14.0,0.0239,10.0,9679.0,479.0
2021-01-05 09:44:30.201,0.0239,0.024,14.0,0.0239,10.0,9679.0,479.0
2021-01-05 09:44:30.720,0.0239,0.024,14.0,0.0239,10.0,9679.0,479.0
2021-01-05 09:44:31.231,0.0239,0.024,14.0,0.0239,10.0,9679.0,479.0
2021-01-05 09:44:31.730,0.0239,0.0241,32.0,0.0239,10.0,9679.0,479.0
2021-01-05 09:44:32.220,0.0239,0.0241,32.0,0.0239,10.0,9679.0,479.0
2021-01-05 09:44:32.691,0.0239,0.0241,32.0,0.0239,10.0,9679.0,479.0
2021-01-05 09:44:33.240,0.0239,0.0241,22.0,0.0239,10.0,9679.0,479.0
2021-01-05 09:44:33.730,0.0239,0.024,14.0,0.0239,10.0,9679.0,479.0
2021-01-05 09:44:34.141,0.0239,0.024,10.0,0.0239,10.0,9679.0,479.0
2021-01-05 09:44:34.520,0.0239,0.024,14.0,0.0239,10.0,9679.0,479.0
2021-01-05 09:44:35.221,0.0239,0.024,14.0,0.0239,10.0,9679.0,479.0
2021-01-05 09:44:35.740,0.0239,0.024,14.0,0.0239,10.0,9679.0,479.0
2021-01-05 09:44:36.220,0.0239,0.024,14.0,0.0239,10.0,9679.0,479.0
2021-01-05 09:44:36.741,0.0239,0.024,14.0,0.0239,10.0,9679.0,479.0
2021-01-05 09:44:37.240,0.0239,0.024,14.0,0.0239,10.0,9679.0,479.0
2021-01-05 09:44:37.751,0.0239,0.024,14.0,0.0239,22.0,9679.0,479.0
2021-01-05 09:44:38.201,0.0239,0.024,14.0,0.0239,10.0,9679.0,479.0
2021-01-05 09:44:38.731,0.0239,0.024,14.0,0.0239,10.0,9679.0,479.0
2021-01-05 09:44:39.661,0.0239,0.0241,22.0,0.0239,10.0,9679.0,479.0
2021-01-05 09:44:40.250,0.0239,0.024,14.0,0.0239,10.0,9679.0,479.0
2021-01-05 09:44:41.730,0.0239,0.024,14.0,0.0239,10.0,9679.0,479.0
2021-01-05 09:44:42.250,0.0239,0.024,14.0,0.0239,10.0,9679.0,479.0
2021-01-05 09:44:42.731,0.0239,0.024,14.0,0.0239,10.0,9679.0,479.0
2021-01-05 09:44:43.760,0.0239,0.024,14.0,0.0239,10.0,9679.0,479.0
2021-01-05 09:44:44.260,0.0239,0.024,14.0,0.0239,10.0,9679.0,479.0
2021-01-05 09:44:44.761,0.0239,0.024,14.0,0.0239,22.0,9679.0,479.0
2021-01-05 09:44:45.261,0.0239,0.024,14.0,0.0239,10.0,9679.0,479.0
2021-01-05 09:44:45.760,0.0239,0.024,14.0,0.0239,12.0,9679.0,479.0
2021-01-05 09:44:46.271,0.024,0.024,2.0,0.0239,10.0,9679.0,491.0
2021-01-05 09:44:46.771,0.024,0.024,2.0,0.0239,10.0,9679.0,491.0
2021-01-05 09:44:47.251,0.024,0.024,2.0,0.0239,10.0,9679.0,491.0
2021-01-05 09:44:47.770,0.024,0.024,12.0,0.0239,10.0,9679.0,491.0
2021-01-05 09:44:48.271,0.024,0.024,2.0,0.0239,10.0,9679.0,491.0
2021-01-05 09:44:50.300,0.024,0.024,12.0,0.0239,10.0,9679.0,491.0
2021-01-05 09:44:50.811,0.024,0.024,14.0,0.0239,10.0,9679.0,491.0
2021-01-05 09:44:55.150,0.024,0.024,2.0,0.0239,10.0,9679.0,491.0
2021-01-05 09:44:55.700,0.024,0.024,14.0,0.0239,10.0,9679.0,491.0
2021-01-05 09:44:56.720,0.024,0.024,2.0,0.0239,10.0,9679.0,491.0
2021-01-05 09:44:57.680,0.024,0.024,2.0,0.0239,10.0,9679.0,491.0
2021-01-05 09:44:58.120,0.024,0.024,2.0,0.0239,10.0,9679.0,491.0
2021-01-05 09:44:58.720,0.024,0.0241,22.0,0.0239,10.0,9679.0,491.0
2021-01-05 09:44:59.190,0.024,0.0241,36.0,0.0239,10.0,9679.0,491.0
2021-01-05 09:44:59.711,0.024,0.0241,36.0,0.0239,10.0,9679.0,491.0
2021-01-05 09:45:00.061,0.024,0.0241,24.0,0.0239,10.0,9679.0,491.0
2021-01-05 09:45:00.591,0.024,0.0241,36.0,0.0239,10.0,9679.0,491.0
2021-01-05 09:45:01.221,0.024,0.0241,24.0,0.0239,10.0,9679.0,491.0
2021-01-05 09:45:01.680,0.024,0.0241,24.0,0.0239,10.0,9679.0,491.0
2021-01-05 09:45:02.061,0.024,0.0241,24.0,0.0239,10.0,9679.0,491.0
2021-01-05 09:45:03.190,0.024,0.0241,24.0,0.0239,10.0,9679.0,491.0
2021-01-05 09:45:03.680,0.024,0.0241,24.0,0.0239,10.0,9679.0,491.0
2021-01-05 09:45:04.191,0.024,0.0241,24.0,0.024,12.0,9679.0,491.0
2021-01-05 09:45:04.700,0.024,0.0241,14.0,0.024,12.0,9679.0,491.0
2021-01-05 09:45:05.221,0.024,0.0242,26.0,0.0241,10.0,9679.0,491.0
2021-01-05 09:45:05.720,0.024,0.0242,10.0,0.0241,10.0,9679.0,491.0
2021-01-05 09:45:06.220,0.024,0.0242,14.0,0.0241,10.0,9679.0,491.0
2021-01-05 09:45:06.721,0.024,0.0242,24.0,0.0241,10.0,9679.0,491.0
2021-01-05 09:45:07.130,0.024,0.0242,14.0,0.0241,10.0,9679.0,491.0
2021-01-05 09:45:07.720,0.024,0.0242,14.0,0.0241,10.0,9679.0,491.0
2021-01-05 09:45:08.181,0.024,0.0242,24.0,0.024,20.0,9679.0,491.0
2021-01-05 09:45:09.111,0.024,0.0242,24.0,0.0241,10.0,9679.0,491.0
2021-01-05 09:45:10.200,0.024,0.0242,14.0,0.0241,10.0,9679.0,491.0
2021-01-05 09:45:10.700,0.024,0.0242,24.0,0.0241,10.0,9679.0,491.0
2021-01-05 09:45:11.091,0.024,0.0242,14.0,0.0241,10.0,9679.0,491.0
2021-01-05 09:45:11.720,0.024,0.0242,24.0,0.0241,10.0,9679.0,491.0
2021-01-05 09:45:12.701,0.024,0.0242,24.0,0.0241,10.0,9679.0,491.0
2021-01-05 09:45:13.220,0.024,0.0242,24.0,0.0241,10.0,9679.0,491.0
2021-01-05 09:45:14.181,0.024,0.0242,24.0,0.0241,10.0,9679.0,491.0
2021-01-05 09:45:15.721,0.024,0.0242,14.0,0.0241,10.0,9679.0,491.0
2021-01-05 09:45:16.230,0.024,0.0242,14.0,0.0241,10.0,9679.0,491.0
2021-01-05 09:45:16.741,0.024,0.0242,14.0,0.0241,10.0,9679.0,491.0
2021-01-05 09:45:17.170,0.024,0.0242,26.0,0.0241,10.0,9679.0,491.0
2021-01-05 09:45:18.230,0.024,0.0242,36.0,0.0241,10.0,9679.0,491.0
2021-01-05 09:45:18.691,0.0241,0.0241,12.0,0.024,40.0,9689.0,501.0
2021-01-05 09:45:19.191,0.0241,0.0241,10.0,0.024,20.0,9689.0,501.0
2021-01-05 09:45:19.731,0.0241,0.0241,10.0,0.024,20.0,9689.0,501.0
2021-01-05 09:45:20.240,0.0241,0.0242,10.0,0.024,32.0,9689.0,501.0
2021-01-05 09:45:20.741,0.0241,0.0242,24.0,0.0241,12.0,9689.0,501.0
2021-01-05 09:45:21.191,0.0241,0.0242,14.0,0.024,10.0,9689.0,501.0
2021-01-05 09:45:21.731,0.0241,0.0242,36.0,0.0241,10.0,9689.0,501.0
2021-01-05 09:45:22.240,0.0241,0.0242,36.0,0.024,10.0,9689.0,501.0
2021-01-05 09:45:22.710,0.024,0.024,2.0,0.0239,10.0,9689.0,511.0
2021-01-05 09:45:23.160,0.024,0.024,12.0,0.0238,50.0,9689.0,511.0
2021-01-05 09:45:23.671,0.024,0.0241,10.0,0.0239,10.0,9689.0,511.0
2021-01-05 09:45:24.701,0.024,0.0241,10.0,0.024,10.0,9689.0,511.0
2021-01-05 09:45:25.131,0.024,0.0242,10.0,0.024,10.0,9689.0,511.0
2021-01-05 09:45:25.661,0.024,0.0242,24.0,0.024,10.0,9689.0,511.0
2021-01-05 09:45:26.220,0.024,0.0242,36.0,0.024,10.0,9689.0,511.0
2021-01-05 09:45:26.681,0.024,0.0242,24.0,0.024,10.0,9689.0,511.0
2021-01-05 09:45:27.211,0.024,0.0242,36.0,0.024,10.0,9689.0,511.0
2021-01-05 09:45:27.711,0.024,0.0242,24.0,0.024,10.0,9689.0,511.0
2021-01-05 09:45:28.220,0.024,0.0242,24.0,0.024,10.0,9689.0,511.0
2021-01-05 09:45:29.140,0.024,0.0242,36.0,0.024,10.0,9689.0,511.0
2021-01-05 09:45:30.191,0.024,0.0241,14.0,0.024,10.0,9689.0,511.0
2021-01-05 09:45:30.710,0.024,0.0241,14.0,0.024,10.0,9689.0,511.0
2021-01-05 09:45:31.701,0.024,0.0241,14.0,0.024,10.0,9689.0,511.0
2021-01-05 09:45:32.160,0.024,0.0241,14.0,0.024,10.0,9689.0,511.0
2021-01-05 09:45:33.180,0.024,0.0241,14.0,0.024,10.0,9689.0,511.0
2021-01-05 09:45:33.670,0.024,0.0241,14.0,0.024,10.0,9689.0,511.0
2021-01-05 09:45:34.220,0.024,0.0241,14.0,0.024,10.0,9689.0,511.0
2021-01-05 09:45:35.190,0.024,0.0241,14.0,0.024,10.0,9689.0,511.0
2021-01-05 09:45:35.651,0.024,0.0241,14.0,0.024,10.0,9689.0,511.0
2021-01-05 09:45:36.730,0.024,0.0241,14.0,0.024,10.0,9689.0,511.0
2021-01-05 09:45:37.241,0.024,0.0241,14.0,0.024,10.0,9689.0,511.0
2021-01-05 09:45:37.731,0.024,0.0242,20.0,0.024,10.0,9689.0,511.0
2021-01-05 09:45:38.240,0.024,0.0242,34.0,0.024,10.0,9689.0,511.0
2021-01-05 09:45:38.711,0.024,0.0242,34.0,0.024,10.0,9689.0,511.0
2021-01-05 09:45:39.210,0.024,0.0242,34.0,0.024,22.0,9689.0,511.0
2021-01-05 09:45:39.710,0.024,0.0242,34.0,0.024,10.0,9689.0,511.0
2021-01-05 09:45:40.240,0.024,0.0242,34.0,0.024,22.0,9689.0,511.0
2021-01-05 09:45:40.730,0.024,0.0242,34.0,0.024,10.0,9689.0,511.0
2021-01-05 09:45:42.240,0.024,0.0242,24.0,0.024,10.0,9689.0,511.0
2021-01-05 09:45:42.711,0.024,0.0242,24.0,0.024,22.0,9689.0,511.0
2021-01-05 09:45:43.220,0.024,0.0242,24.0,0.024,10.0,9689.0,511.0
2021-01-05 09:45:43.731,0.024,0.0242,24.0,0.024,22.0,9689.0,511.0
2021-01-05 09:45:44.201,0.024,0.0242,14.0,0.024,22.0,9689.0,511.0
2021-01-05 09:45:44.691,0.024,0.0242,14.0,0.024,10.0,9689.0,511.0
2021-01-05 09:45:45.220,0.024,0.0242,26.0,0.024,10.0,9689.0,511.0
2021-01-05 09:45:45.681,0.024,0.0242,14.0,0.024,10.0,9689.0,511.0
2021-01-05 09:45:46.240,0.024,0.0242,14.0,0.024,10.0,9689.0,511.0
2021-01-05 09:45:46.680,0.024,0.0242,14.0,0.024,10.0,9689.0,511.0
2021-01-05 09:45:47.241,0.024,0.0242,26.0,0.024,10.0,9689.0,511.0
2021-01-05 09:45:48.201,0.024,0.0242,12.0,0.024,10.0,9689.0,511.0
2021-01-05 09:45:48.741,0.024,0.0242,14.0,0.024,10.0,9689.0,511.0
2021-01-05 09:45:49.221,0.024,0.0242,14.0,0.024,10.0,9689.0,511.0
2021-01-05 09:45:49.751,0.024,0.0242,14.0,0.024,10.0,9689.0,511.0
2021-01-05 09:45:50.750,0.024,0.0242,26.0,0.024,10.0,9689.0,511.0
2021-01-05 09:45:51.721,0.024,0.0242,12.0,0.024,10.0,9689.0,511.0
2021-01-05 09:45:52.251,0.024,0.0241,14.0,0.024,10.0,9689.0,511.0
2021-01-05 09:45:52.641,0.024,0.0241,14.0,0.024,10.0,9689.0,511.0
2021-01-05 09:45:53.211,0.024,0.0241,14.0,0.024,10.0,9689.0,511.0
2021-01-05 09:45:55.230,0.024,0.0241,14.0,0.024,10.0,9689.0,511.0
2021-01-05 09:45:55.711,0.024,0.0241,14.0,0.024,10.0,9689.0,511.0
2021-01-05 09:45:56.120,0.024,0.0241,14.0,0.024,10.0,9689.0,511.0
2021-01-05 09:45:56.631,0.024,0.0241,14.0,0.024,10.0,9689.0,511.0
2021-01-05 09:45:57.451,0.024,0.0241,14.0,0.024,10.0,9689.0,511.0
2021-01-05 09:45:58.711,0.024,0.0241,14.0,0.024,10.0,9689.0,511.0
2021-01-05 09:45:59.230,0.024,0.0241,14.0,0.024,10.0,9689.0,511.0
2021-01-05 09:45:59.680,0.024,0.0241,14.0,0.024,10.0,9689.0,511.0
2021-01-05 09:46:00.210,0.024,0.0241,14.0,0.024,10.0,9689.0,511.0
2021-01-05 09:46:00.730,0.024,0.0241,14.0,0.024,10.0,9689.0,511.0
2021-01-05 09:46:01.061,0.024,0.0241,26.0,0.024,10.0,9689.0,511.0
2021-01-05 09:46:02.221,0.024,0.0241,26.0,0.024,10.0,9689.0,511.0
2021-01-05 09:46:02.711,0.024,0.024,12.0,0.0238,20.0,9699.0,521.0
2021-01-05 09:46:03.120,0.024,0.024,10.0,0.0238,10.0,9699.0,521.0
2021-01-05 09:46:03.731,0.024,0.024,24.0,0.0238,10.0,9699.0,521.0
2021-01-05 09:46:04.171,0.024,0.024,14.0,0.0238,10.0,9699.0,521.0
2021-01-05 09:46:05.161,0.024,0.024,24.0,0.0238,10.0,9699.0,521.0
2021-01-05 09:46:05.691,0.024,0.024,36.0,0.0238,10.0,9699.0,521.0
2021-01-05 09:46:06.221,0.024,0.024,36.0,0.0238,10.0,9699.0,521.0
2021-01-05 09:46:06.690,0.024,0.024,36.0,0.0238,10.0,9699.0,521.0
2021-01-05 09:46:07.231,0.024,0.024,22.0,0.0238,10.0,9699.0,521.0
2021-01-05 09:46:07.741,0.024,0.0239,14.0,0.0238,20.0,9699.0,521.0
2021-01-05 09:46:08.121,0.024,0.0239,14.0,0.0238,10.0,9699.0,521.0
2021-01-05 09:46:10.221,0.024,0.0239,26.0,0.0238,10.0,9699.0,521.0
2021-01-05 09:46:10.720,0.024,0.0239,14.0,0.0238,20.0,9699.0,521.0
2021-01-05 09:46:11.131,0.024,0.0239,14.0,0.0238,20.0,9699.0,521.0
2021-01-05 09:46:11.721,0.024,0.0239,14.0,0.0238,20.0,9699.0,521.0
2021-01-05 09:46:12.190,0.024,0.0239,14.0,0.0238,10.0,9699.0,521.0
2021-01-05 09:46:12.680,0.024,0.0239,14.0,0.0238,10.0,9699.0,521.0
2021-01-05 09:46:13.231,0.024,0.0239,14.0,0.0238,10.0,9699.0,521.0
2021-01-05 09:46:13.681,0.024,0.0239,36.0,0.0238,20.0,9699.0,521.0
2021-01-05 09:46:14.230,0.024,0.0239,36.0,0.0238,20.0,9699.0,521.0
2021-01-05 09:46:15.231,0.024,0.0239,26.0,0.0238,20.0,9699.0,521.0
2021-01-05 09:46:15.730,0.024,0.0239,36.0,0.0238,20.0,9699.0,521.0
2021-01-05 09:46:16.201,0.024,0.0239,36.0,0.0238,10.0,9699.0,521.0
2021-01-05 09:46:16.721,0.024,0.0239,26.0,0.0238,10.0,9699.0,521.0
2021-01-05 09:46:17.221,0.024,0.0239,36.0,0.0238,10.0,9699.0,521.0
2021-01-05 09:46:17.751,0.024,0.0239,36.0,0.0238,10.0,9699.0,521.0
2021-01-05 09:46:19.171,0.024,0.0239,26.0,0.0238,10.0,9699.0,521.0
2021-01-05 09:46:19.661,0.024,0.0239,36.0,0.0238,10.0,9699.0,521.0
2021-01-05 09:46:20.210,0.024,0.0239,36.0,0.0238,20.0,9699.0,521.0
2021-01-05 09:46:20.731,0.024,0.0239,26.0,0.0238,20.0,9699.0,521.0
2021-01-05 09:46:21.011,0.024,0.0239,36.0,0.0238,20.0,9699.0,521.0
2021-01-05 09:46:21.611,0.024,0.0239,26.0,0.0238,20.0,9699.0,521.0
2021-01-05 09:46:22.220,0.024,0.0239,36.0,0.0238,10.0,9699.0,521.0
2021-01-05 09:46:22.690,0.024,0.0239,36.0,0.0238,10.0,9699.0,521.0
2021-01-05 09:46:23.710,0.024,0.0239,36.0,0.0238,10.0,9699.0,521.0
2021-01-05 09:46:24.221,0.024,0.0239,36.0,0.0238,20.0,9699.0,521.0
2021-01-05 09:46:24.631,0.024,0.0239,36.0,0.0238,20.0,9699.0,521.0
2021-01-05 09:46:25.211,0.0238,0.0238,2.0,0.0236,20.0,9709.0,541.0
2021-01-05 09:46:25.651,0.0238,0.0239,10.0,0.0236,20.0,9709.0,541.0
2021-01-05 09:46:26.191,0.0238,0.0238,14.0,0.0236,20.0,9709.0,541.0
2021-01-05 09:46:26.711,0.0238,0.0238,14.0,0.0237,12.0,9709.0,541.0
2021-01-05 09:46:27.201,0.0238,0.0238,14.0,0.0237,22.0,9709.0,541.0
2021-01-05 09:46:27.720,0.0238,0.0238,4.0,0.0237,12.0,9719.0,551.0
2021-01-05 09:46:28.650,0.0238,0.0238,4.0,0.0236,32.0,9719.0,551.0
2021-01-05 09:46:29.151,0.0238,0.0238,4.0,0.0236,22.0,9719.0,551.0
2021-01-05 09:46:29.710,0.0238,0.0238,4.0,0.0236,32.0,9719.0,551.0
2021-01-05 09:46:30.211,0.0238,0.0238,4.0,0.0236,22.0,9719.0,551.0
2021-01-05 09:46:31.210,0.0238,0.0238,4.0,0.0237,12.0,9719.0,551.0
2021-01-05 09:46:31.700,0.0238,0.0238,4.0,0.0237,12.0,9719.0,551.0
2021-01-05 09:46:33.210,0.0238,0.0239,20.0,0.0238,6.0,9723.0,555.0
2021-01-05 09:46:33.660,0.0238,0.0239,24.0,0.0238,10.0,9723.0,555.0
2021-01-05 09:46:34.171,0.0238,0.0239,24.0,0.0237,20.0,9723.0,555.0
2021-01-05 09:46:34.691,0.0238,0.0239,36.0,0.0237,20.0,9723.0,555.0
2021-01-05 09:46:35.231,0.0238,0.0239,46.0,0.0237,20.0,9723.0,555.0
2021-01-05 09:46:35.721,0.0238,0.0239,34.0,0.0237,10.0,9723.0,555.0
2021-01-05 09:46:36.730,0.0238,0.0239,20.0,0.0237,10.0,9723.0,555.0
2021-01-05 09:46:37.241,0.0238,0.0238,14.0,0.0237,10.0,9723.0,555.0
2021-01-05 09:46:37.750,0.0238,0.0239,20.0,0.0237,10.0,9723.0,555.0
2021-01-05 09:46:38.151,0.0238,0.0239,24.0,0.0237,10.0,9723.0,555.0
2021-01-05 09:46:38.741,0.0238,0.0239,24.0,0.0237,20.0,9723.0,555.0
2021-01-05 09:46:39.210,0.0238,0.0239,24.0,0.0237,32.0,9723.0,555.0
2021-01-05 09:46:40.211,0.0238,0.0239,24.0,0.0237,20.0,9723.0,555.0
2021-01-05 09:46:40.301,0.0238,0.0239,24.0,0.0237,32.0,9723.0,555.0
2021-01-05 09:46:41.250,0.0238,0.0239,24.0,0.0237,20.0,9723.0,555.0
2021-01-05 09:46:41.730,0.0238,0.0239,24.0,0.0237,20.0,9723.0,555.0
2021-01-05 09:46:42.230,0.0238,0.0239,24.0,0.0237,32.0,9723.0,555.0
