,last,ask1,asize1,bid1,bsize1,oi,volume
2021-01-05 09:25:00.080,,0.0162,1.0,0.016,2.0,14178.0,
2021-01-05 09:30:00.451,,0.0168,1.0,0.0162,1.0,14178.0,
2021-01-05 09:30:00.991,,0.017,2.0,0.0158,20.0,14178.0,
2021-01-05 09:30:01.481,,0.017,2.0,0.0158,20.0,14178.0,
2021-01-05 09:30:01.990,,0.017,2.0,0.0158,20.0,14178.0,
2021-01-05 09:30:02.440,,0.017,2.0,0.0159,20.0,14178.0,
2021-01-05 09:30:03.010,,0.017,2.0,0.0158,20.0,14178.0,
2021-01-05 09:30:03.980,,0.017,2.0,0.0156,46.0,14178.0,
2021-01-05 09:30:04.430,,0.017,2.0,0.0157,20.0,14178.0,
2021-01-05 09:30:05.010,,0.017,2.0,0.0158,20.0,14178.0,
2021-01-05 09:30:05.990,,0.017,2.0,0.0159,20.0,14178.0,
2021-01-05 09:30:06.480,,0.017,2.0,0.016,20.0,14178.0,
2021-01-05 09:30:06.971,,0.017,2.0,0.0162,20.0,14178.0,
2021-01-05 09:30:08.960,,0.017,2.0,0.0161,20.0,14178.0,
2021-01-05 09:30:10.501,,0.017,2.0,0.0162,20.0,14178.0,
2021-01-05 09:30:13.000,,0.017,2.0,0.0161,20.0,14178.0,
2021-01-05 09:30:13.501,,0.017,2.0,0.016,20.0,14178.0,
2021-01-05 09:30:13.941,,0.017,2.0,0.0161,20.0,14178.0,
2021-01-05 09:30:15.040,,0.017,2.0,0.016,20.0,14178.0,
2021-01-05 09:30:15.520,,0.017,2.0,0.016,20.0,14178.0,
2021-01-05 09:30:15.991,,0.017,2.0,0.016,20.0,14178.0,
2021-01-05 09:30:16.531,,0.017,2.0,0.0161,20.0,14178.0,
2021-01-05 09:30:17.021,,0.017,2.0,0.0156,26.0,14178.0,
2021-01-05 09:30:17.641,,0.017,2.0,0.0157,20.0,14178.0,
2021-01-05 09:30:19.741,,0.017,2.0,0.0156,46.0,14178.0,
2021-01-05 09:30:20.740,,0.017,2.0,0.0157,20.0,14178.0,
2021-01-05 09:30:21.241,,0.017,2.0,0.0157,20.0,14178.0,
2021-01-05 09:30:22.240,,0.017,2.0,0.0158,20.0,14178.0,
2021-01-05 09:30:22.671,,0.017,2.0,0.0157,20.0,14178.0,
2021-01-05 09:30:23.670,,0.017,2.0,0.0158,20.0,14178.0,
2021-01-05 09:30:24.140,,0.017,2.0,0.0159,20.0,14178.0,
2021-01-05 09:30:25.160,,0.017,2.0,0.016,20.0,14178.0,
2021-01-05 09:30:26.670,,0.017,2.0,0.0159,20.0,14178.0,
2021-01-05 09:30:30.620,,0.017,2.0,0.0158,20.0,14178.0,
2021-01-05 09:30:31.661,,0.017,2.0,0.0157,20.0,14178.0,
2021-01-05 09:30:32.140,,0.017,2.0,0.0157,20.0,14178.0,
2021-01-05 09:30:34.670,,0.017,2.0,0.0157,20.0,14178.0,
2021-01-05 09:30:35.680,,0.017,2.0,0.0157,20.0,14178.0,
2021-01-05 09:30:36.170,,0.017,2.0,0.0157,20.0,14178.0,
2021-01-05 09:30:37.670,,0.017,2.0,0.0156,46.0,14178.0,
2021-01-05 09:30:38.141,,0.017,2.0,0.0156,46.0,14178.0,
2021-01-05 09:30:38.700,,0.017,2.0,0.0156,46.0,14178.0,
2021-01-05 09:30:39.680,,0.017,2.0,0.0157,20.0,14178.0,
2021-01-05 09:30:40.690,,0.017,2.0,0.0156,46.0,14178.0,
2021-01-05 09:30:41.701,,0.017,22.0,0.0156,46.0,14178.0,
2021-01-05 09:30:43.681,,0.017,22.0,0.0156,56.0,14178.0,
2021-01-05 09:30:45.161,,0.017,22.0,0.0156,56.0,14178.0,
2021-01-05 09:30:45.710,,0.017,22.0,0.0156,56.0,14178.0,
2021-01-05 09:30:51.181,,0.017,22.0,0.0156,57.0,14178.0,
2021-01-05 09:30:51.721,,0.017,22.0,0.0156,57.0,14178.0,
2021-01-05 09:30:53.120,,0.017,22.0,0.0156,57.0,14178.0,
2021-01-05 09:30:53.660,,0.017,22.0,0.0158,10.0,14178.0,
2021-01-05 09:30:54.130,,0.017,22.0,0.0158,10.0,14178.0,
2021-01-05 09:30:54.670,,0.017,22.0,0.0158,30.0,14178.0,
2021-01-05 09:30:55.081,,0.017,22.0,0.0158,10.0,14178.0,
2021-01-05 09:30:55.671,,0.017,22.0,0.0158,10.0,14178.0,
2021-01-05 09:30:58.140,,0.017,22.0,0.0158,10.0,14178.0,
2021-01-05 09:30:59.171,,0.017,22.0,0.0158,10.0,14178.0,
2021-01-05 09:31:00.161,,0.017,22.0,0.0158,10.0,14178.0,
2021-01-05 09:31:01.150,,0.017,22.0,0.0158,10.0,14178.0,
2021-01-05 09:31:02.170,,0.017,2.0,0.0158,10.0,14178.0,
2021-01-05 09:31:02.681,,0.017,2.0,0.0158,10.0,14178.0,
2021-01-05 09:31:03.680,,0.017,22.0,0.0158,10.0,14178.0,
2021-01-05 09:31:05.670,,0.017,22.0,0.0158,10.0,14178.0,
2021-01-05 09:31:06.160,,0.017,22.0,0.0158,10.0,14178.0,
2021-01-05 09:31:07.190,,0.017,22.0,0.0158,10.0,14178.0,
2021-01-05 09:31:08.650,,0.017,22.0,0.0158,10.0,14178.0,
2021-01-05 09:31:10.200,,0.0169,3.0,0.0158,10.0,14178.0,
2021-01-05 09:31:10.690,,0.0169,23.0,0.0158,10.0,14178.0,
2021-01-05 09:31:11.701,,0.0169,23.0,0.0158,10.0,14178.0,
2021-01-05 09:31:12.171,,0.0169,23.0,0.0159,2.0,14178.0,
2021-01-05 09:31:12.621,,0.0169,23.0,0.0159,2.0,14178.0,
2021-01-05 09:31:13.170,,0.0169,23.0,0.0159,2.0,14178.0,
2021-01-05 09:31:14.200,,0.0169,23.0,0.0158,10.0,14178.0,
2021-01-05 09:31:16.711,,0.0169,23.0,0.0158,10.0,14178.0,
2021-01-05 09:31:17.710,,0.0169,23.0,0.0158,10.0,14178.0,
2021-01-05 09:31:18.201,,0.0169,23.0,0.0158,10.0,14178.0,
2021-01-05 09:31:18.720,,0.0169,23.0,0.0158,10.0,14178.0,
2021-01-05 09:31:19.150,,0.0169,23.0,0.0158,10.0,14178.0,
2021-01-05 09:31:19.721,,0.0169,23.0,0.0158,10.0,14178.0,
2021-01-05 09:31:20.701,,0.0169,23.0,0.0158,10.0,14178.0,
2021-01-05 09:31:23.171,,0.0169,23.0,0.0158,10.0,14178.0,
2021-01-05 09:31:23.640,,0.0169,23.0,0.0158,10.0,14178.0,
2021-01-05 09:31:24.660,,0.0169,23.0,0.0158,10.0,14178.0,
2021-01-05 09:31:25.150,,0.0169,33.0,0.0158,10.0,14178.0,
2021-01-05 09:31:26.681,,0.0169,33.0,0.0158,10.0,14178.0,
2021-01-05 09:31:27.171,,0.0169,23.0,0.0158,10.0,14178.0,
2021-01-05 09:31:27.601,,0.0169,23.0,0.0158,10.0,14178.0,
2021-01-05 09:31:28.610,,0.0169,23.0,0.0158,20.0,14178.0,
2021-01-05 09:31:29.641,,0.0169,23.0,0.0158,20.0,14178.0,
2021-01-05 09:31:30.671,,0.0169,23.0,0.0158,10.0,14178.0,
2021-01-05 09:31:33.190,,0.0169,23.0,0.0158,10.0,14178.0,
2021-01-05 09:31:33.610,,0.0169,33.0,0.0158,10.0,14178.0,
2021-01-05 09:31:34.181,,0.0169,33.0,0.0158,20.0,14178.0,
2021-01-05 09:31:34.681,,0.0166,20.0,0.0159,10.0,14178.0,
2021-01-05 09:31:35.190,,0.0166,40.0,0.0159,10.0,14178.0,
2021-01-05 09:31:35.670,,0.0165,3.0,0.0158,10.0,14178.0,
2021-01-05 09:31:35.670,,0.0165,6.0,0.0158,10.0,14178.0,
2021-01-05 09:31:36.690,,0.0165,26.0,0.0158,20.0,14178.0,
2021-01-05 09:31:37.191,,0.0165,26.0,0.0158,10.0,14178.0,
2021-01-05 09:31:38.190,,0.0165,26.0,0.0158,10.0,14178.0,
2021-01-05 09:31:39.210,,0.0165,26.0,0.0158,10.0,14178.0,
2021-01-05 09:31:39.710,,0.0164,13.0,0.0158,10.0,14178.0,
2021-01-05 09:31:40.200,,0.0163,3.0,0.0158,10.0,14178.0,
2021-01-05 09:31:40.711,,0.0162,16.0,0.0158,10.0,14178.0,
2021-01-05 09:31:41.191,,0.0161,13.0,0.0158,10.0,14178.0,
2021-01-05 09:31:41.700,,0.0161,13.0,0.0158,10.0,14178.0,
2021-01-05 09:31:42.211,,0.016,3.0,0.0158,10.0,14178.0,
2021-01-05 09:31:43.710,,0.016,3.0,0.0158,10.0,14178.0,
2021-01-05 09:31:44.691,0.0158,0.016,3.0,0.0158,10.0,14188.0,10.0
2021-01-05 09:31:45.170,0.0158,0.016,3.0,0.0157,10.0,14188.0,10.0
2021-01-05 09:31:45.621,0.0158,0.016,3.0,0.0157,10.0,14188.0,10.0
2021-01-05 09:31:46.171,0.016,0.0161,13.0,0.016,7.0,14185.0,23.0
2021-01-05 09:31:46.701,0.016,0.0162,53.0,0.016,7.0,14185.0,23.0
2021-01-05 09:31:47.191,0.016,0.0162,53.0,0.016,5.0,14185.0,25.0
2021-01-05 09:31:48.670,0.016,0.0161,13.0,0.016,5.0,14185.0,25.0
2021-01-05 09:31:49.221,0.016,0.0161,13.0,0.0156,37.0,14185.0,30.0
2021-01-05 09:31:49.711,0.016,0.0161,33.0,0.0156,37.0,14185.0,30.0
2021-01-05 09:31:50.710,0.016,0.0161,33.0,0.0156,37.0,14185.0,30.0
2021-01-05 09:31:51.210,0.016,0.0161,33.0,0.0156,37.0,14185.0,30.0
2021-01-05 09:31:52.220,0.016,0.0161,33.0,0.0156,37.0,14185.0,30.0
2021-01-05 09:31:52.621,0.016,0.0161,33.0,0.0156,37.0,14185.0,30.0
2021-01-05 09:31:53.171,0.016,0.0161,33.0,0.0156,37.0,14185.0,30.0
2021-01-05 09:31:53.640,0.016,0.0161,33.0,0.0156,27.0,14185.0,30.0
2021-01-05 09:31:54.151,0.016,0.016,13.0,0.0156,27.0,14185.0,30.0
2021-01-05 09:31:54.641,0.016,0.016,20.0,0.0156,27.0,14185.0,30.0
2021-01-05 09:31:55.150,0.016,0.0159,13.0,0.0156,27.0,14185.0,30.0
2021-01-05 09:31:55.670,0.016,0.016,53.0,0.0156,27.0,14185.0,30.0
2021-01-05 09:31:56.110,0.016,0.0159,13.0,0.0156,27.0,14185.0,30.0
2021-01-05 09:31:56.681,0.016,0.016,53.0,0.0156,27.0,14185.0,30.0
2021-01-05 09:31:57.171,0.016,0.016,53.0,0.0156,27.0,14185.0,30.0
2021-01-05 09:31:58.640,0.016,0.0159,13.0,0.0156,27.0,14185.0,30.0
2021-01-05 09:31:59.660,0.016,0.016,53.0,0.0156,27.0,14185.0,30.0
2021-01-05 09:32:00.150,0.016,0.0159,3.0,0.0156,27.0,14185.0,30.0
2021-01-05 09:32:01.170,0.016,0.0159,3.0,0.0156,27.0,14185.0,30.0
2021-01-05 09:32:02.171,0.016,0.0159,3.0,0.0156,27.0,14185.0,30.0
2021-01-05 09:32:02.671,0.016,0.0159,3.0,0.0156,37.0,14185.0,30.0
2021-01-05 09:32:03.180,0.016,0.0159,3.0,0.0156,37.0,14185.0,30.0
2021-01-05 09:32:04.150,0.016,0.0159,3.0,0.0156,57.0,14185.0,30.0
2021-01-05 09:32:04.661,0.016,0.0159,3.0,0.0156,27.0,14185.0,30.0
2021-01-05 09:32:05.141,0.016,0.0159,3.0,0.0156,27.0,14185.0,30.0
2021-01-05 09:32:05.660,0.016,0.0159,3.0,0.0156,27.0,14185.0,30.0
2021-01-05 09:32:06.161,0.016,0.0159,3.0,0.0156,27.0,14185.0,30.0
2021-01-05 09:32:06.680,0.016,0.0159,3.0,0.0156,27.0,14185.0,30.0
2021-01-05 09:32:07.070,0.016,0.0159,3.0,0.0156,27.0,14185.0,30.0
2021-01-05 09:32:07.671,0.016,0.0159,3.0,0.0156,27.0,14185.0,30.0
2021-01-05 09:32:08.670,0.016,0.0159,3.0,0.0156,27.0,14185.0,30.0
2021-01-05 09:32:09.141,0.016,0.0159,16.0,0.0156,27.0,14185.0,30.0
2021-01-05 09:32:09.681,0.016,0.0159,3.0,0.0156,27.0,14185.0,30.0
2021-01-05 09:32:10.161,0.016,0.0159,3.0,0.0156,27.0,14185.0,30.0
2021-01-05 09:32:10.551,0.016,0.0159,3.0,0.0156,27.0,14185.0,30.0
2021-01-05 09:32:11.170,0.016,0.0159,16.0,0.0156,27.0,14185.0,30.0
2021-01-05 09:32:11.650,0.016,0.0159,3.0,0.0156,27.0,14185.0,30.0
2021-01-05 09:32:12.161,0.016,0.0159,3.0,0.0156,27.0,14185.0,30.0
2021-01-05 09:32:12.670,0.016,0.0159,3.0,0.0156,27.0,14185.0,30.0
2021-01-05 09:32:14.180,0.016,0.0159,16.0,0.0156,27.0,14185.0,30.0
2021-01-05 09:32:14.560,0.016,0.0159,3.0,0.0156,27.0,14185.0,30.0
2021-01-05 09:32:15.171,0.016,0.0159,16.0,0.0156,27.0,14185.0,30.0
2021-01-05 09:32:16.551,0.016,0.0159,16.0,0.0156,27.0,14185.0,30.0
2021-01-05 09:32:17.161,0.016,0.0159,3.0,0.0156,27.0,14185.0,30.0
2021-01-05 09:32:17.651,0.016,0.0159,16.0,0.0156,27.0,14185.0,30.0
2021-01-05 09:32:18.180,0.016,0.0158,13.0,0.0156,27.0,14185.0,30.0
2021-01-05 09:32:18.670,0.016,0.0158,13.0,0.0156,27.0,14185.0,30.0
2021-01-05 09:32:19.131,0.016,0.0157,3.0,0.0156,27.0,14185.0,30.0
2021-01-05 09:32:19.640,0.016,0.0157,16.0,0.0156,27.0,14185.0,30.0
2021-01-05 09:32:20.151,0.0157,0.0159,20.0,0.0157,7.0,14185.0,36.0
2021-01-05 09:32:20.671,0.0157,0.016,33.0,0.0159,20.0,14185.0,36.0
2021-01-05 09:32:21.171,0.0159,0.0159,13.0,0.0156,40.0,14185.0,56.0
2021-01-05 09:32:21.680,0.0159,0.0159,13.0,0.0156,40.0,14185.0,56.0
2021-01-05 09:32:22.181,0.0159,0.0159,13.0,0.0156,40.0,14185.0,56.0
2021-01-05 09:32:22.660,0.0159,0.016,13.0,0.0156,27.0,14185.0,56.0
2021-01-05 09:32:23.180,0.0159,0.016,16.0,0.0156,27.0,14185.0,56.0
2021-01-05 09:32:23.670,0.0159,0.0159,13.0,0.0156,40.0,14185.0,56.0
2021-01-05 09:32:24.160,0.0159,0.0159,13.0,0.0156,27.0,14185.0,56.0
2021-01-05 09:32:24.640,0.0159,0.0159,13.0,0.0156,27.0,14185.0,56.0
2021-01-05 09:32:25.170,0.0159,0.0159,13.0,0.0156,40.0,14185.0,56.0
2021-01-05 09:32:25.670,0.0159,0.0159,13.0,0.0156,40.0,14185.0,56.0
2021-01-05 09:32:26.171,0.0159,0.0159,16.0,0.0156,27.0,14185.0,56.0
2021-01-05 09:32:26.650,0.0159,0.0158,13.0,0.0156,27.0,14185.0,56.0
2021-01-05 09:32:27.670,0.0159,0.0158,13.0,0.0156,27.0,14185.0,56.0
2021-01-05 09:32:28.171,0.0159,0.0158,13.0,0.0156,27.0,14185.0,56.0
2021-01-05 09:32:28.630,0.0159,0.0158,13.0,0.0156,27.0,14185.0,56.0
2021-01-05 09:32:29.180,0.0159,0.0159,16.0,0.0156,40.0,14185.0,56.0
2021-01-05 09:32:30.171,0.0159,0.0159,16.0,0.0156,40.0,14185.0,56.0
2021-01-05 09:32:30.671,0.0159,0.0158,13.0,0.0156,27.0,14185.0,56.0
2021-01-05 09:32:31.151,0.0159,0.0158,13.0,0.0156,27.0,14185.0,56.0
2021-01-05 09:32:31.631,0.0159,0.0158,13.0,0.0156,27.0,14185.0,56.0
2021-01-05 09:32:32.121,0.0159,0.0158,13.0,0.0156,27.0,14185.0,56.0
2021-01-05 09:32:33.141,0.0159,0.0159,16.0,0.0156,40.0,14185.0,56.0
2021-01-05 09:32:33.671,0.0159,0.0159,16.0,0.0156,40.0,14185.0,56.0
2021-01-05 09:32:34.691,0.0159,0.0158,13.0,0.0156,27.0,14185.0,56.0
2021-01-05 09:32:36.190,0.0159,0.0158,3.0,0.0156,40.0,14185.0,56.0
2021-01-05 09:32:37.150,0.0159,0.0158,3.0,0.0156,40.0,14185.0,56.0
2021-01-05 09:32:38.670,0.0159,0.0158,3.0,0.0157,13.0,14185.0,56.0
2021-01-05 09:32:39.200,0.0159,0.0157,13.0,0.0156,27.0,14185.0,56.0
2021-01-05 09:32:39.630,0.0159,0.0157,13.0,0.0156,27.0,14185.0,56.0
2021-01-05 09:32:40.111,0.0156,0.0157,13.0,0.0156,24.0,14182.0,59.0
2021-01-05 09:32:41.200,0.0156,0.0158,16.0,0.0156,24.0,14182.0,59.0
2021-01-05 09:32:41.690,0.0156,0.0157,13.0,0.0156,24.0,14182.0,59.0
2021-01-05 09:32:42.161,0.0156,0.0158,16.0,0.0156,24.0,14182.0,59.0
2021-01-05 09:32:43.190,0.0156,0.0158,16.0,0.0156,24.0,14182.0,59.0
2021-01-05 09:32:44.151,0.0156,0.0158,16.0,0.0156,24.0,14182.0,59.0
2021-01-05 09:32:44.700,0.0156,0.0158,16.0,0.0156,24.0,14182.0,59.0
2021-01-05 09:32:45.580,0.0156,0.0158,16.0,0.0156,24.0,14182.0,59.0
2021-01-05 09:32:46.160,0.0156,0.0158,16.0,0.0156,24.0,14182.0,59.0
2021-01-05 09:32:47.201,0.0156,0.0158,16.0,0.0156,24.0,14182.0,59.0
2021-01-05 09:32:48.690,0.0156,0.0158,16.0,0.0156,24.0,14182.0,59.0
2021-01-05 09:32:49.190,0.0156,0.0158,16.0,0.0156,24.0,14182.0,59.0
2021-01-05 09:32:49.670,0.0156,0.0157,3.0,0.0156,24.0,14182.0,59.0
2021-01-05 09:32:50.171,0.0156,0.0157,16.0,0.0156,15.0,14179.0,68.0
2021-01-05 09:32:50.700,0.0156,0.0158,13.0,0.0156,9.0,14179.0,74.0
2021-01-05 09:32:51.170,0.0156,0.0157,3.0,0.0156,9.0,14179.0,74.0
2021-01-05 09:32:51.701,0.0156,0.0156,10.0,0.0153,63.0,14179.0,83.0
2021-01-05 09:32:52.191,0.0156,0.0157,13.0,0.0154,13.0,14179.0,83.0
2021-01-05 09:32:52.671,0.0156,0.0158,16.0,0.0152,13.0,14179.0,83.0
2021-01-05 09:32:53.161,0.0156,0.0158,3.0,0.0152,23.0,14179.0,83.0
2021-01-05 09:32:53.641,0.0156,0.0158,13.0,0.0153,13.0,14179.0,83.0
2021-01-05 09:32:54.181,0.0156,0.0158,13.0,0.0153,13.0,14179.0,83.0
2021-01-05 09:32:56.150,0.0156,0.0158,16.0,0.0153,13.0,14179.0,83.0
2021-01-05 09:32:56.611,0.0156,0.0158,3.0,0.0152,13.0,14179.0,83.0
2021-01-05 09:32:57.130,0.0156,0.0159,23.0,0.0153,13.0,14179.0,83.0
2021-01-05 09:32:57.600,0.0156,0.0159,23.0,0.0152,23.0,14179.0,83.0
2021-01-05 09:32:58.171,0.0156,0.0159,23.0,0.0153,13.0,14179.0,83.0
2021-01-05 09:32:58.651,0.0156,0.0159,23.0,0.0153,13.0,14179.0,83.0
2021-01-05 09:32:59.170,0.0156,0.0159,23.0,0.0153,13.0,14179.0,83.0
2021-01-05 09:32:59.621,0.0156,0.0159,23.0,0.0153,13.0,14179.0,83.0
2021-01-05 09:33:01.141,0.0156,0.0159,23.0,0.0153,33.0,14179.0,83.0
2021-01-05 09:33:01.661,0.0156,0.0158,20.0,0.0154,13.0,14179.0,83.0
2021-01-05 09:33:02.130,0.0156,0.0158,20.0,0.0154,33.0,14179.0,83.0
2021-01-05 09:33:02.651,0.0156,0.0158,20.0,0.0155,13.0,14179.0,83.0
2021-01-05 09:33:03.171,0.0156,0.0158,20.0,0.0155,33.0,14179.0,83.0
2021-01-05 09:33:03.681,0.0156,0.0159,13.0,0.0156,13.0,14179.0,83.0
2021-01-05 09:33:04.140,0.0156,0.0161,33.0,0.0156,13.0,14179.0,83.0
2021-01-05 09:33:04.651,0.0156,0.016,13.0,0.0156,33.0,14179.0,83.0
2021-01-05 09:33:05.181,0.0156,0.016,13.0,0.0157,13.0,14179.0,83.0
2021-01-05 09:33:05.690,0.0156,0.0161,33.0,0.0157,20.0,14179.0,83.0
2021-01-05 09:33:06.170,0.0156,0.016,13.0,0.0158,50.0,14179.0,83.0
2021-01-05 09:33:06.681,0.0156,0.016,13.0,0.0158,50.0,14179.0,83.0
2021-01-05 09:33:07.171,0.0156,0.0161,23.0,0.0158,50.0,14179.0,83.0
2021-01-05 09:33:07.601,0.0156,0.0161,36.0,0.0158,63.0,14179.0,83.0
2021-01-05 09:33:08.191,0.0156,0.0161,23.0,0.0158,50.0,14179.0,83.0
2021-01-05 09:33:08.681,0.0156,0.016,13.0,0.0158,50.0,14179.0,83.0
2021-01-05 09:33:09.181,0.0156,0.0161,23.0,0.0158,50.0,14179.0,83.0
2021-01-05 09:33:09.630,0.0156,0.0161,33.0,0.0158,63.0,14179.0,83.0
2021-01-05 09:33:10.180,0.0156,0.0161,33.0,0.0158,63.0,14179.0,83.0
2021-01-05 09:33:10.681,0.0156,0.016,33.0,0.0158,50.0,14179.0,83.0
2021-01-05 09:33:12.650,0.0156,0.016,13.0,0.0158,50.0,14179.0,83.0
2021-01-05 09:33:13.100,0.0156,0.0161,13.0,0.0158,50.0,14179.0,83.0
2021-01-05 09:33:13.691,0.0156,0.0161,33.0,0.0158,63.0,14179.0,83.0
2021-01-05 09:33:14.160,0.0156,0.016,13.0,0.0158,50.0,14179.0,83.0
2021-01-05 09:33:14.650,0.0156,0.0161,33.0,0.0158,50.0,14179.0,83.0
2021-01-05 09:33:15.140,0.0156,0.016,13.0,0.0158,50.0,14179.0,83.0
2021-01-05 09:33:15.651,0.0156,0.016,13.0,0.0158,50.0,14179.0,83.0
2021-01-05 09:33:16.181,0.0156,0.0161,13.0,0.0158,50.0,14179.0,83.0
2021-01-05 09:33:16.671,0.0156,0.0161,13.0,0.0158,63.0,14179.0,83.0
2021-01-05 09:33:17.190,0.0156,0.0162,13.0,0.0158,50.0,14179.0,83.0
2021-01-05 09:33:17.691,0.0156,0.0162,13.0,0.0158,50.0,14179.0,83.0
2021-01-05 09:33:18.160,0.0156,0.0162,13.0,0.0158,50.0,14179.0,83.0
2021-01-05 09:33:18.690,0.0156,0.0162,13.0,0.0161,50.0,14179.0,83.0
2021-01-05 09:33:19.191,0.0156,0.0162,13.0,0.0161,50.0,14179.0,83.0
2021-01-05 09:33:19.660,0.0156,0.0162,13.0,0.0161,50.0,14179.0,83.0
2021-01-05 09:33:20.171,0.0161,0.0162,13.0,0.0161,47.0,14176.0,86.0
2021-01-05 09:33:20.680,0.0161,0.0162,13.0,0.0161,47.0,14176.0,86.0
2021-01-05 09:33:21.160,0.0161,0.0162,13.0,0.0161,47.0,14176.0,86.0
2021-01-05 09:33:22.670,0.0161,0.0163,53.0,0.0161,47.0,14176.0,86.0
2021-01-05 09:33:23.051,0.0161,0.0163,33.0,0.0161,47.0,14176.0,86.0
2021-01-05 09:33:23.660,0.0161,0.0163,53.0,0.0162,50.0,14176.0,86.0
2021-01-05 09:33:24.171,0.0162,0.0163,40.0,0.0162,47.0,14176.0,119.0
2021-01-05 09:33:24.251,0.0162,0.0163,53.0,0.0162,45.0,14176.0,121.0
2021-01-05 09:33:25.151,0.0162,0.0163,53.0,0.0162,39.0,14176.0,127.0
2021-01-05 09:33:25.671,0.0162,0.0163,53.0,0.0162,33.0,14176.0,133.0
2021-01-05 09:33:26.161,0.0162,0.0163,53.0,0.0162,21.0,14176.0,145.0
2021-01-05 09:33:26.651,0.0162,0.0162,4.0,0.0161,47.0,14176.0,166.0
2021-01-05 09:33:27.171,0.0162,0.0163,20.0,0.0161,47.0,14176.0,166.0
2021-01-05 09:33:27.681,0.0162,0.0163,33.0,0.0161,47.0,14176.0,166.0
2021-01-05 09:33:28.180,0.0162,0.0163,43.0,0.0161,47.0,14176.0,166.0
2021-01-05 09:33:28.610,0.0162,0.0163,20.0,0.0161,60.0,14176.0,166.0
2021-01-05 09:33:29.171,0.0162,0.0163,33.0,0.0161,47.0,14176.0,166.0
2021-01-05 09:33:30.180,0.0162,0.0163,20.0,0.0161,60.0,14176.0,166.0
2021-01-05 09:33:30.670,0.0162,0.0163,33.0,0.0161,47.0,14176.0,166.0
2021-01-05 09:33:31.680,0.0162,0.0163,20.0,0.0161,60.0,14176.0,166.0
2021-01-05 09:33:32.170,0.0162,0.0163,33.0,0.0161,47.0,14176.0,166.0
2021-01-05 09:33:33.680,0.0162,0.0163,20.0,0.0161,47.0,14176.0,166.0
2021-01-05 09:33:34.070,0.0162,0.0163,33.0,0.0161,47.0,14176.0,166.0
2021-01-05 09:33:35.181,0.0162,0.0163,33.0,0.016,13.0,14176.0,166.0
2021-01-05 09:33:35.690,0.0162,0.0163,20.0,0.0158,13.0,14176.0,166.0
2021-01-05 09:33:36.101,0.0162,0.0163,20.0,0.0158,13.0,14176.0,166.0
2021-01-05 09:33:36.681,0.0162,0.0159,20.0,0.0158,13.0,14176.0,166.0
2021-01-05 09:33:37.190,0.0159,0.0159,8.0,0.0158,13.0,14176.0,178.0
2021-01-05 09:33:37.640,0.0159,0.0159,1.0,0.0158,20.0,14176.0,185.0
2021-01-05 09:33:38.120,0.0159,0.0163,10.0,0.0159,13.0,14176.0,185.0
2021-01-05 09:33:38.621,0.0159,0.0164,50.0,0.0158,13.0,14176.0,185.0
2021-01-05 09:33:39.201,0.0159,0.0164,50.0,0.0158,13.0,14176.0,185.0
2021-01-05 09:33:39.641,0.0159,0.0164,50.0,0.0158,13.0,14176.0,185.0
2021-01-05 09:33:39.760,0.0159,0.0163,3.0,0.0158,13.0,14176.0,185.0
2021-01-05 09:33:40.690,0.0159,0.0163,3.0,0.0158,13.0,14176.0,185.0
2021-01-05 09:33:41.161,0.0159,0.0163,23.0,0.0158,13.0,14176.0,185.0
2021-01-05 09:33:41.691,0.0159,0.0163,3.0,0.0158,13.0,14176.0,185.0
2021-01-05 09:33:42.160,0.0159,0.0163,23.0,0.0158,13.0,14176.0,185.0
2021-01-05 09:33:42.640,0.0159,0.0163,3.0,0.0158,13.0,14176.0,185.0
2021-01-05 09:33:43.180,0.0159,0.0163,3.0,0.0158,13.0,14176.0,185.0
2021-01-05 09:33:43.180,0.0159,0.0163,23.0,0.0158,13.0,14176.0,185.0
2021-01-05 09:33:44.110,0.0159,0.0163,23.0,0.0158,13.0,14176.0,185.0
2021-01-05 09:33:44.671,0.0159,0.0163,3.0,0.0158,13.0,14176.0,185.0
2021-01-05 09:33:45.180,0.0159,0.0163,3.0,0.0158,13.0,14176.0,185.0
2021-01-05 09:33:46.161,0.0159,0.0163,23.0,0.0158,13.0,14176.0,185.0
2021-01-05 09:33:47.191,0.0159,0.0163,23.0,0.0158,13.0,14176.0,185.0
2021-01-05 09:33:47.681,0.0159,0.0163,23.0,0.0158,13.0,14176.0,185.0
2021-01-05 09:33:48.171,0.0159,0.0163,23.0,0.0158,13.0,14176.0,185.0
2021-01-05 09:33:48.680,0.0159,0.0163,23.0,0.0158,13.0,14176.0,185.0
2021-01-05 09:33:49.120,0.0164,0.0164,23.0,0.0158,13.0,14173.0,235.0
2021-01-05 09:33:49.681,0.0164,0.0164,20.0,0.0158,13.0,14173.0,235.0
2021-01-05 09:33:50.040,0.0164,0.0161,20.0,0.0158,13.0,14173.0,235.0
2021-01-05 09:33:51.141,0.0164,0.0161,20.0,0.0158,13.0,14173.0,235.0
2021-01-05 09:33:51.581,0.0164,0.0161,20.0,0.0158,33.0,14173.0,235.0
2021-01-05 09:33:52.190,0.0164,0.0161,20.0,0.0159,13.0,14173.0,235.0
2021-01-05 09:33:52.661,0.0164,0.0161,20.0,0.0158,33.0,14173.0,235.0
2021-01-05 09:33:52.960,0.0164,0.0161,20.0,0.0159,13.0,14173.0,235.0
2021-01-05 09:33:53.650,0.0164,0.0161,20.0,0.0159,13.0,14173.0,235.0
2021-01-05 09:33:54.180,0.0164,0.0161,20.0,0.0159,13.0,14173.0,235.0
2021-01-05 09:33:54.610,0.0164,0.0161,20.0,0.0159,13.0,14173.0,235.0
2021-01-05 09:33:55.181,0.0164,0.0161,20.0,0.0159,13.0,14173.0,235.0
2021-01-05 09:33:57.171,0.0164,0.0161,20.0,0.0159,13.0,14173.0,235.0
2021-01-05 09:33:57.671,0.0164,0.0161,20.0,0.0158,13.0,14173.0,235.0
2021-01-05 09:33:58.170,0.0164,0.0161,20.0,0.0158,13.0,14173.0,235.0
2021-01-05 09:33:58.670,0.0164,0.0161,33.0,0.0158,13.0,14173.0,235.0
2021-01-05 09:33:59.140,0.0165,0.016,13.0,0.0157,23.0,14173.0,285.0
2021-01-05 09:33:59.690,0.0165,0.016,20.0,0.0157,10.0,14173.0,285.0
2021-01-05 09:34:00.191,0.0165,0.0159,3.0,0.0157,23.0,14173.0,285.0
2021-01-05 09:34:01.081,0.0165,0.0159,3.0,0.0158,13.0,14173.0,285.0
2021-01-05 09:34:01.661,0.0165,0.0159,3.0,0.0158,13.0,14173.0,285.0
2021-01-05 09:34:02.170,0.0165,0.0159,3.0,0.0158,13.0,14173.0,285.0
2021-01-05 09:34:02.671,0.0165,0.0159,3.0,0.0157,23.0,14173.0,285.0
2021-01-05 09:34:03.670,0.0165,0.0159,3.0,0.0157,23.0,14173.0,285.0
2021-01-05 09:34:04.671,0.0165,0.0159,3.0,0.0157,10.0,14173.0,285.0
2021-01-05 09:34:05.121,0.0165,0.0159,3.0,0.0158,13.0,14173.0,285.0
2021-01-05 09:34:08.171,0.0165,0.0159,3.0,0.0157,23.0,14173.0,285.0
2021-01-05 09:34:08.690,0.0165,0.0159,3.0,0.0157,23.0,14173.0,285.0
2021-01-05 09:34:09.170,0.0165,0.0159,3.0,0.0157,23.0,14173.0,285.0
2021-01-05 09:34:10.690,0.0165,0.0159,3.0,0.0157,23.0,14173.0,285.0
2021-01-05 09:34:11.151,0.0165,0.0159,3.0,0.0157,23.0,14173.0,285.0
2021-01-05 09:34:11.681,0.0165,0.0159,3.0,0.0157,43.0,14173.0,285.0
2021-01-05 09:34:12.640,0.0165,0.0159,3.0,0.0158,13.0,14173.0,285.0
2021-01-05 09:34:13.191,0.0165,0.0159,3.0,0.0157,10.0,14173.0,285.0
2021-01-05 09:34:13.521,0.0165,0.0159,3.0,0.0157,43.0,14173.0,285.0
2021-01-05 09:34:14.691,0.0165,0.0159,3.0,0.0157,23.0,14173.0,285.0
2021-01-05 09:34:15.181,0.0159,0.016,13.0,0.0157,43.0,14170.0,288.0
2021-01-05 09:34:15.681,0.0159,0.0162,13.0,0.0157,43.0,14170.0,288.0
2021-01-05 09:34:16.190,0.0159,0.0162,13.0,0.0157,30.0,14170.0,288.0
2021-01-05 09:34:16.620,0.0159,0.0162,13.0,0.0157,10.0,14170.0,288.0
2021-01-05 09:34:17.070,0.0159,0.0162,23.0,0.0157,23.0,14170.0,288.0
2021-01-05 09:34:17.690,0.0159,0.016,20.0,0.0158,13.0,14170.0,288.0
2021-01-05 09:34:18.201,0.0159,0.016,20.0,0.0158,13.0,14170.0,288.0
2021-01-05 09:34:19.700,0.0159,0.016,20.0,0.0158,13.0,14170.0,288.0
2021-01-05 09:34:20.180,0.0159,0.0159,3.0,0.0157,23.0,14170.0,288.0
2021-01-05 09:34:20.651,0.0163,0.0162,20.0,0.0157,10.0,14167.0,338.0
2021-01-05 09:34:21.200,0.0163,0.016,20.0,0.0157,10.0,14167.0,338.0
2021-01-05 09:34:21.690,0.0163,0.016,33.0,0.0157,23.0,14167.0,338.0
2021-01-05 09:34:22.651,0.0163,0.016,20.0,0.0158,13.0,14167.0,338.0
2021-01-05 09:34:23.181,0.0163,0.016,33.0,0.0157,23.0,14167.0,338.0
2021-01-05 09:34:23.661,0.0163,0.016,33.0,0.0157,23.0,14167.0,338.0
2021-01-05 09:34:24.170,0.0163,0.016,20.0,0.0158,13.0,14167.0,338.0
2021-01-05 09:34:26.170,0.0163,0.016,20.0,0.0158,13.0,14167.0,338.0
2021-01-05 09:34:26.641,0.0163,0.016,20.0,0.0158,13.0,14167.0,338.0
2021-01-05 09:34:27.150,0.0163,0.016,20.0,0.0158,13.0,14167.0,338.0
2021-01-05 09:34:28.120,0.0163,0.016,20.0,0.0158,13.0,14167.0,338.0
2021-01-05 09:34:28.621,0.0163,0.016,20.0,0.0158,13.0,14167.0,338.0
2021-01-05 09:34:29.171,0.016,0.016,13.0,0.0158,13.0,14167.0,345.0
2021-01-05 09:34:29.601,0.016,0.016,13.0,0.0158,13.0,14167.0,345.0
2021-01-05 09:34:30.681,0.016,0.0161,13.0,0.0158,13.0,14167.0,345.0
2021-01-05 09:34:31.190,0.016,0.0162,13.0,0.0157,23.0,14167.0,345.0
2021-01-05 09:34:31.280,0.016,0.0162,33.0,0.0157,23.0,14167.0,345.0
2021-01-05 09:34:32.150,0.016,0.0162,20.0,0.0158,13.0,14167.0,345.0
2021-01-05 09:34:32.690,0.016,0.0162,20.0,0.0158,13.0,14167.0,345.0
2021-01-05 09:34:33.090,0.016,0.0161,13.0,0.0158,13.0,14167.0,345.0
2021-01-05 09:34:33.691,0.016,0.0162,33.0,0.0157,23.0,14167.0,345.0
2021-01-05 09:34:34.171,0.016,0.0162,20.0,0.0158,13.0,14167.0,345.0
2021-01-05 09:34:34.640,0.016,0.0161,13.0,0.0158,13.0,14167.0,345.0
2021-01-05 09:34:35.691,0.016,0.0161,33.0,0.0158,13.0,14167.0,345.0
2021-01-05 09:34:37.700,0.016,0.0161,33.0,0.0158,13.0,14167.0,345.0
2021-01-05 09:34:38.690,0.016,0.016,13.0,0.0157,23.0,14167.0,345.0
2021-01-05 09:34:40.171,0.016,0.0159,3.0,0.0157,23.0,14167.0,345.0
2021-01-05 09:34:40.651,0.016,0.0159,3.0,0.0157,23.0,14167.0,345.0
2021-01-05 09:34:40.920,0.016,0.0159,3.0,0.0157,23.0,14167.0,345.0
2021-01-05 09:34:41.700,0.016,0.0159,3.0,0.0157,23.0,14167.0,345.0
2021-01-05 09:34:43.191,0.016,0.0159,3.0,0.0157,23.0,14167.0,345.0
2021-01-05 09:34:44.151,0.016,0.0159,3.0,0.0157,23.0,14167.0,345.0
2021-01-05 09:34:45.200,0.016,0.0159,16.0,0.0157,10.0,14167.0,345.0
2021-01-05 09:34:45.721,0.016,0.0159,3.0,0.0157,23.0,14167.0,345.0
2021-01-05 09:34:46.201,0.016,0.0159,3.0,0.0157,23.0,14167.0,345.0
2021-01-05 09:34:47.181,0.016,0.0159,16.0,0.0157,10.0,14167.0,345.0
2021-01-05 09:34:47.701,0.016,0.0158,13.0,0.0157,10.0,14167.0,345.0
2021-01-05 09:34:48.141,0.0157,0.0158,13.0,0.0157,7.0,14167.0,348.0
2021-01-05 09:34:48.141,0.0157,0.0159,13.0,0.0157,10.0,14167.0,348.0
2021-01-05 09:34:49.210,0.0157,0.016,13.0,0.0157,10.0,14167.0,348.0
2021-01-05 09:34:49.701,0.0157,0.016,13.0,0.0157,10.0,14167.0,348.0
2021-01-05 09:34:50.220,0.0157,0.016,13.0,0.0157,10.0,14167.0,348.0
2021-01-05 09:34:50.700,0.0157,0.016,13.0,0.0157,10.0,14167.0,348.0
2021-01-05 09:34:51.200,0.0157,0.0162,20.0,0.0157,10.0,14167.0,348.0
2021-01-05 09:34:51.521,0.0157,0.0161,13.0,0.0157,10.0,14167.0,348.0
2021-01-05 09:34:52.220,0.0157,0.0162,33.0,0.0157,10.0,14167.0,348.0
2021-01-05 09:34:52.650,0.0157,0.0161,13.0,0.0157,10.0,14167.0,348.0
2021-01-05 09:34:53.180,0.0157,0.0161,13.0,0.0157,10.0,14167.0,348.0
2021-01-05 09:34:53.651,0.0157,0.0161,13.0,0.0157,10.0,14167.0,348.0
2021-01-05 09:34:54.170,0.0157,0.0161,20.0,0.0157,10.0,14167.0,348.0
2021-01-05 09:34:54.631,0.0157,0.016,13.0,0.0157,10.0,14167.0,348.0
2021-01-05 09:34:55.161,0.0157,0.0159,20.0,0.0155,13.0,14167.0,348.0
2021-01-05 09:34:55.680,0.0157,0.0159,20.0,0.0155,13.0,14167.0,348.0
2021-01-05 09:34:56.141,0.0157,0.0159,20.0,0.0155,13.0,14167.0,348.0
2021-01-05 09:34:56.681,0.0157,0.0159,20.0,0.0154,13.0,14167.0,348.0
2021-01-05 09:34:57.171,0.0157,0.0159,20.0,0.0154,13.0,14167.0,348.0
2021-01-05 09:34:57.670,0.0157,0.0159,20.0,0.0154,13.0,14167.0,348.0
2021-01-05 09:34:58.160,0.0157,0.0159,20.0,0.0154,13.0,14167.0,348.0
2021-01-05 09:34:58.640,0.0157,0.0159,20.0,0.0154,13.0,14167.0,348.0
2021-01-05 09:34:59.660,0.0157,0.0159,20.0,0.0154,13.0,14167.0,348.0
2021-01-05 09:35:00.640,0.0157,0.0159,20.0,0.0154,13.0,14167.0,348.0
2021-01-05 09:35:01.070,0.0157,0.0159,33.0,0.0154,23.0,14167.0,348.0
2021-01-05 09:35:01.620,0.0157,0.0159,33.0,0.0155,13.0,14167.0,348.0
2021-01-05 09:35:02.181,0.0157,0.0159,20.0,0.0155,13.0,14167.0,348.0
2021-01-05 09:35:02.680,0.0157,0.0159,20.0,0.0155,13.0,14167.0,348.0
2021-01-05 09:35:03.660,0.0157,0.016,13.0,0.0155,13.0,14167.0,348.0
2021-01-05 09:35:04.181,0.0157,0.0162,53.0,0.0153,60.0,14167.0,348.0
2021-01-05 09:35:05.180,0.0157,0.0161,10.0,0.0155,13.0,14167.0,348.0
2021-01-05 09:35:05.671,0.0157,0.0161,43.0,0.0155,13.0,14167.0,348.0
2021-01-05 09:35:06.180,0.0157,0.0161,30.0,0.0155,13.0,14167.0,348.0
2021-01-05 09:35:06.680,0.0157,0.0161,30.0,0.0155,13.0,14167.0,348.0
2021-01-05 09:35:07.131,0.0157,0.0161,20.0,0.0154,13.0,14167.0,348.0
2021-01-05 09:35:07.650,0.0157,0.016,10.0,0.0154,23.0,14167.0,348.0
2021-01-05 09:35:08.190,0.0157,0.016,30.0,0.0155,13.0,14167.0,348.0
2021-01-05 09:35:08.680,0.0157,0.016,30.0,0.0155,13.0,14167.0,348.0
2021-01-05 09:35:09.191,0.0157,0.016,43.0,0.0155,13.0,14167.0,348.0
2021-01-05 09:35:10.691,0.0157,0.0159,13.0,0.0154,23.0,14167.0,348.0
2021-01-05 09:35:11.160,0.0157,0.0159,33.0,0.0154,23.0,14167.0,348.0
2021-01-05 09:35:11.680,0.0157,0.0158,33.0,0.0155,13.0,14167.0,348.0
2021-01-05 09:35:12.691,0.0157,0.0158,33.0,0.0155,13.0,14167.0,348.0
2021-01-05 09:35:13.181,0.0157,0.0158,20.0,0.0155,13.0,14167.0,348.0
2021-01-05 09:35:13.640,0.0157,0.0158,20.0,0.0155,13.0,14167.0,348.0
2021-01-05 09:35:14.191,0.0157,0.0158,20.0,0.0154,23.0,14167.0,348.0
2021-01-05 09:35:14.700,0.0157,0.0158,13.0,0.0155,23.0,14167.0,348.0
2021-01-05 09:35:15.200,0.0157,0.0161,13.0,0.0155,10.0,14167.0,348.0
2021-01-05 09:35:15.701,0.0157,0.0161,23.0,0.0155,10.0,14167.0,348.0
2021-01-05 09:35:16.201,0.0157,0.016,13.0,0.0154,23.0,14167.0,348.0
2021-01-05 09:35:16.660,0.0157,0.016,10.0,0.0155,13.0,14167.0,348.0
2021-01-05 09:35:17.190,0.0157,0.016,10.0,0.0155,13.0,14167.0,348.0
2021-01-05 09:35:17.680,0.0157,0.016,10.0,0.0155,13.0,14167.0,348.0
2021-01-05 09:35:18.170,0.0157,0.0162,40.0,0.0155,13.0,14167.0,348.0
2021-01-05 09:35:18.641,0.0157,0.0161,10.0,0.0155,10.0,14167.0,348.0
2021-01-05 09:35:19.180,0.0157,0.0161,10.0,0.0156,13.0,14167.0,348.0
2021-01-05 09:35:20.681,0.0157,0.0161,10.0,0.0156,13.0,14167.0,348.0
2021-01-05 09:35:21.620,0.0157,0.0161,30.0,0.0156,13.0,14167.0,348.0
2021-01-05 09:35:22.171,0.0157,0.0161,30.0,0.0154,13.0,14167.0,348.0
2021-01-05 09:35:22.650,0.0157,0.0161,30.0,0.0154,23.0,14167.0,348.0
2021-01-05 09:35:23.151,0.0157,0.0161,30.0,0.0155,13.0,14167.0,348.0
2021-01-05 09:35:24.171,0.0157,0.0161,30.0,0.0155,13.0,14167.0,348.0
2021-01-05 09:35:24.671,0.0157,0.0161,30.0,0.0155,13.0,14167.0,348.0
2021-01-05 09:35:26.651,0.0157,0.0159,20.0,0.0155,13.0,14167.0,348.0
2021-01-05 09:35:27.120,0.0157,0.0159,20.0,0.0155,10.0,14167.0,348.0
2021-01-05 09:35:27.641,0.0157,0.0159,20.0,0.0156,13.0,14167.0,348.0
2021-01-05 09:35:28.131,0.0157,0.0159,20.0,0.0156,13.0,14167.0,348.0
2021-01-05 09:35:30.121,0.0157,0.0159,33.0,0.0156,13.0,14167.0,348.0
2021-01-05 09:35:31.170,0.0157,0.0159,20.0,0.0156,13.0,14167.0,348.0
2021-01-05 09:35:31.700,0.0157,0.0159,20.0,0.0156,13.0,14167.0,348.0
2021-01-05 09:35:32.150,0.0157,0.0159,40.0,0.0156,13.0,14167.0,348.0
2021-01-05 09:35:32.630,0.0157,0.0159,20.0,0.0156,13.0,14167.0,348.0
2021-01-05 09:35:33.191,0.0157,0.0159,40.0,0.0156,13.0,14167.0,348.0
2021-01-05 09:35:33.650,0.0157,0.0159,53.0,0.0156,13.0,14167.0,348.0
2021-01-05 09:35:34.190,0.0157,0.0159,40.0,0.0154,13.0,14167.0,348.0
2021-01-05 09:35:34.691,0.0157,0.0159,20.0,0.0154,23.0,14167.0,348.0
2021-01-05 09:35:35.200,0.0157,0.0159,20.0,0.0155,13.0,14167.0,348.0
2021-01-05 09:35:35.690,0.0157,0.0159,40.0,0.0155,13.0,14167.0,348.0
2021-01-05 09:35:36.180,0.0157,0.0159,20.0,0.0155,13.0,14167.0,348.0
2021-01-05 09:35:36.620,0.0157,0.0159,40.0,0.0155,13.0,14167.0,348.0
2021-01-05 09:35:38.651,0.0157,0.0159,20.0,0.0155,13.0,14167.0,348.0
2021-01-05 09:35:40.191,0.0157,0.016,33.0,0.0155,13.0,14167.0,348.0
2021-01-05 09:35:40.691,0.0157,0.016,20.0,0.0155,23.0,14167.0,348.0
2021-01-05 09:35:41.190,0.0157,0.0159,13.0,0.0156,13.0,14167.0,348.0
2021-01-05 09:35:41.680,0.0157,0.016,33.0,0.0156,13.0,14167.0,348.0
2021-01-05 09:35:42.160,0.0157,0.0159,13.0,0.0156,13.0,14167.0,348.0
2021-01-05 09:35:43.190,0.0157,0.0159,13.0,0.0156,13.0,14167.0,348.0
2021-01-05 09:35:43.661,0.0157,0.016,20.0,0.0156,13.0,14167.0,348.0
2021-01-05 09:35:44.101,0.0157,0.0161,20.0,0.0153,60.0,14167.0,348.0
2021-01-05 09:35:44.600,0.0157,0.016,13.0,0.0154,10.0,14167.0,348.0
2021-01-05 09:35:45.071,0.0157,0.016,30.0,0.0154,10.0,14167.0,348.0
2021-01-05 09:35:45.670,0.0157,0.0159,13.0,0.0154,23.0,14167.0,348.0
2021-01-05 09:35:46.170,0.0157,0.0159,33.0,0.0154,23.0,14167.0,348.0
2021-01-05 09:35:46.700,0.0157,0.0158,13.0,0.0154,23.0,14167.0,348.0
2021-01-05 09:35:47.201,0.0157,0.0158,33.0,0.0154,10.0,14167.0,348.0
2021-01-05 09:35:48.181,0.0157,0.0157,13.0,0.0154,13.0,14167.0,348.0
2021-01-05 09:35:48.650,0.0157,0.0158,53.0,0.0154,13.0,14167.0,348.0
2021-01-05 09:35:49.180,0.0157,0.0157,13.0,0.0154,13.0,14167.0,348.0
2021-01-05 09:35:49.701,0.0157,0.0157,13.0,0.0154,13.0,14167.0,348.0
2021-01-05 09:35:50.680,0.0157,0.0158,53.0,0.0154,13.0,14167.0,348.0
2021-01-05 09:35:51.180,0.0157,0.0158,20.0,0.0154,23.0,14167.0,348.0
2021-01-05 09:35:51.710,0.0157,0.0158,13.0,0.0155,13.0,14167.0,348.0
2021-01-05 09:35:52.190,0.0157,0.0158,13.0,0.0155,13.0,14167.0,348.0
2021-01-05 09:35:54.161,0.0157,0.0158,13.0,0.0155,13.0,14167.0,348.0
2021-01-05 09:35:55.151,0.0157,0.016,43.0,0.0156,10.0,14167.0,348.0
2021-01-05 09:35:55.691,0.0157,0.0159,13.0,0.0154,53.0,14167.0,348.0
2021-01-05 09:35:56.121,0.0157,0.0159,13.0,0.0155,20.0,14167.0,348.0
2021-01-05 09:35:56.690,0.0157,0.0159,13.0,0.0155,20.0,14167.0,348.0
2021-01-05 09:35:57.160,0.0157,0.0159,13.0,0.0155,20.0,14167.0,348.0
2021-01-05 09:35:57.681,0.0157,0.0159,13.0,0.0155,23.0,14167.0,348.0
2021-01-05 09:35:58.150,0.0157,0.0159,20.0,0.0155,10.0,14167.0,348.0
2021-01-05 09:35:58.701,0.0157,0.0158,13.0,0.0155,23.0,14167.0,348.0
2021-01-05 09:35:59.160,0.0157,0.0159,33.0,0.0155,10.0,14167.0,348.0
2021-01-05 09:36:00.201,0.0157,0.0158,33.0,0.0155,10.0,14167.0,348.0
2021-01-05 09:36:00.680,0.0157,0.0158,33.0,0.0155,23.0,14167.0,348.0
2021-01-05 09:36:01.671,0.0157,0.0158,33.0,0.0155,23.0,14167.0,348.0
2021-01-05 09:36:02.170,0.0157,0.0158,13.0,0.0155,23.0,14167.0,348.0
2021-01-05 09:36:02.701,0.0157,0.0158,13.0,0.0155,23.0,14167.0,348.0
2021-01-05 09:36:03.150,0.0157,0.0158,13.0,0.0155,23.0,14167.0,348.0
2021-01-05 09:36:03.700,0.0157,0.0159,13.0,0.0155,10.0,14167.0,348.0
2021-01-05 09:36:04.201,0.0157,0.0159,13.0,0.0155,10.0,14167.0,348.0
2021-01-05 09:36:04.670,0.0157,0.0159,13.0,0.0155,10.0,14167.0,348.0
2021-01-05 09:36:05.590,0.0157,0.0159,33.0,0.0155,10.0,14167.0,348.0
2021-01-05 09:36:06.180,0.0157,0.0158,13.0,0.0155,10.0,14167.0,348.0
2021-01-05 09:36:06.700,0.0157,0.0158,13.0,0.0155,23.0,14167.0,348.0
2021-01-05 09:36:07.181,0.0157,0.0158,13.0,0.0155,10.0,14167.0,348.0
2021-01-05 09:36:07.640,0.0157,0.0159,13.0,0.0155,10.0,14167.0,348.0
2021-01-05 09:36:09.161,0.0157,0.0159,13.0,0.0155,10.0,14167.0,348.0
2021-01-05 09:36:09.691,0.0157,0.0159,13.0,0.0155,10.0,14167.0,348.0
2021-01-05 09:36:10.160,0.0157,0.0159,13.0,0.0155,10.0,14167.0,348.0
2021-01-05 09:36:10.671,0.0157,0.0159,13.0,0.0155,10.0,14167.0,348.0
2021-01-05 09:36:11.180,0.0157,0.0159,13.0,0.0155,10.0,14167.0,348.0
2021-01-05 09:36:11.651,0.0157,0.0159,13.0,0.0155,10.0,14167.0,348.0
2021-01-05 09:36:12.181,0.0157,0.0159,33.0,0.0155,10.0,14167.0,348.0
2021-01-05 09:36:12.690,0.0157,0.0158,13.0,0.0155,23.0,14167.0,348.0
2021-01-05 09:36:13.680,0.0157,0.0158,13.0,0.0155,10.0,14167.0,348.0
2021-01-05 09:36:14.150,0.0157,0.0158,13.0,0.0155,23.0,14167.0,348.0
2021-01-05 09:36:14.690,0.0157,0.0158,13.0,0.0155,10.0,14167.0,348.0
2021-01-05 09:36:15.170,0.0157,0.0158,13.0,0.0155,23.0,14167.0,348.0
2021-01-05 09:36:16.150,0.0157,0.0158,13.0,0.0155,23.0,14167.0,348.0
2021-01-05 09:36:16.650,0.0157,0.0159,33.0,0.0155,10.0,14167.0,348.0
2021-01-05 09:36:17.180,0.0157,0.0158,13.0,0.0155,10.0,14167.0,348.0
2021-01-05 09:36:18.181,0.0157,0.0158,13.0,0.0155,10.0,14167.0,348.0
2021-01-05 09:36:18.680,0.0157,0.0159,13.0,0.0155,10.0,14167.0,348.0
2021-01-05 09:36:19.151,0.0157,0.0159,33.0,0.0155,10.0,14167.0,348.0
2021-01-05 09:36:19.691,0.0157,0.0158,13.0,0.0155,23.0,14167.0,348.0
2021-01-05 09:36:20.161,0.0157,0.0159,13.0,0.0155,10.0,14167.0,348.0
2021-01-05 09:36:20.680,0.0157,0.0159,13.0,0.0155,10.0,14167.0,348.0
2021-01-05 09:36:21.120,0.0157,0.0159,13.0,0.0155,10.0,14167.0,348.0
2021-01-05 09:36:21.691,0.0157,0.0159,13.0,0.0155,10.0,14167.0,348.0
2021-01-05 09:36:22.171,0.0157,0.0159,13.0,0.0155,10.0,14167.0,348.0
2021-01-05 09:36:22.680,0.0157,0.0159,13.0,0.0155,10.0,14167.0,348.0
2021-01-05 09:36:23.191,0.0157,0.0159,13.0,0.0155,10.0,14167.0,348.0
2021-01-05 09:36:23.681,0.0157,0.0159,23.0,0.0155,10.0,14167.0,348.0
2021-01-05 09:36:24.171,0.0157,0.0158,13.0,0.0155,10.0,14167.0,348.0
2021-01-05 09:36:24.701,0.0157,0.0158,13.0,0.0155,10.0,14167.0,348.0
2021-01-05 09:36:25.181,0.0157,0.0158,13.0,0.0155,10.0,14167.0,348.0
2021-01-05 09:36:25.650,0.0157,0.0158,13.0,0.0155,10.0,14167.0,348.0
2021-01-05 09:36:26.171,0.0157,0.0158,13.0,0.0155,10.0,14167.0,348.0
2021-01-05 09:36:26.651,0.0157,0.0158,13.0,0.0155,10.0,14167.0,348.0
2021-01-05 09:36:27.070,0.0157,0.0158,33.0,0.0155,10.0,14167.0,348.0
2021-01-05 09:36:27.690,0.0157,0.0157,13.0,0.0155,10.0,14167.0,348.0
2021-01-05 09:36:28.190,0.0157,0.0158,20.0,0.0155,10.0,14167.0,348.0
2021-01-05 09:36:28.681,0.0157,0.0157,13.0,0.0155,10.0,14167.0,348.0
2021-01-05 09:36:29.171,0.0157,0.0157,13.0,0.0155,10.0,14167.0,348.0
2021-01-05 09:36:29.661,0.0157,0.0157,20.0,0.0155,10.0,14167.0,348.0
2021-01-05 09:36:30.161,0.0157,0.0156,13.0,0.0155,10.0,14167.0,348.0
2021-01-05 09:36:30.700,0.0157,0.0159,13.0,0.0155,10.0,14167.0,348.0
2021-01-05 09:36:31.181,0.0157,0.0157,20.0,0.0155,10.0,14167.0,348.0
2021-01-05 09:36:31.690,0.0157,0.0156,13.0,0.0155,10.0,14167.0,348.0
2021-01-05 09:36:32.130,0.0157,0.0158,13.0,0.0155,10.0,14167.0,348.0
2021-01-05 09:36:32.660,0.0157,0.0158,30.0,0.0155,10.0,14167.0,348.0
2021-01-05 09:36:33.200,0.0157,0.0157,13.0,0.0155,10.0,14167.0,348.0
2021-01-05 09:36:33.670,0.0157,0.0157,13.0,0.0155,10.0,14167.0,348.0
2021-01-05 09:36:34.091,0.0157,0.0157,13.0,0.0155,10.0,14167.0,348.0
2021-01-05 09:36:35.150,0.0157,0.0157,13.0,0.0155,10.0,14167.0,348.0
2021-01-05 09:36:35.701,0.0157,0.0157,13.0,0.0155,10.0,14167.0,348.0
2021-01-05 09:36:36.700,0.0157,0.0157,33.0,0.0155,10.0,14167.0,348.0
2021-01-05 09:36:37.190,0.0157,0.0156,13.0,0.0155,10.0,14167.0,348.0
2021-01-05 09:36:37.970,0.0157,0.0156,13.0,0.0155,10.0,14167.0,348.0
2021-01-05 09:36:38.640,0.0157,0.0157,33.0,0.0155,10.0,14167.0,348.0
2021-01-05 09:36:39.090,0.0157,0.0156,13.0,0.0155,10.0,14167.0,348.0
2021-01-05 09:36:39.090,0.0157,0.0156,13.0,0.0155,10.0,14167.0,348.0
2021-01-05 09:36:40.191,0.0157,0.0157,13.0,0.0155,10.0,14167.0,348.0
2021-01-05 09:36:40.700,0.0157,0.0157,13.0,0.0155,10.0,14167.0,348.0
2021-01-05 09:36:42.690,0.0157,0.0157,13.0,0.0155,10.0,14167.0,348.0
2021-01-05 09:36:43.700,0.0157,0.0157,13.0,0.0155,10.0,14167.0,348.0
2021-01-05 09:36:45.191,0.0157,0.0157,33.0,0.0155,10.0,14167.0,348.0
2021-01-05 09:36:45.631,0.0157,0.0156,13.0,0.0155,10.0,14167.0,348.0
2021-01-05 09:36:46.190,0.0157,0.0156,13.0,0.0155,10.0,14167.0,348.0
2021-01-05 09:36:47.130,0.0155,0.0156,33.0,0.0155,4.0,14173.0,354.0
2021-01-05 09:36:47.660,0.0155,0.0155,4.0,0.0152,33.0,14183.0,364.0
2021-01-05 09:36:48.130,0.0155,0.0156,20.0,0.0152,10.0,14193.0,374.0
2021-01-05 09:36:48.630,0.0155,0.0157,33.0,0.0156,10.0,14193.0,374.0
2021-01-05 09:36:48.711,0.0155,0.0156,13.0,0.0155,10.0,14193.0,374.0
2021-01-05 09:36:49.700,0.0156,0.0156,13.0,0.0153,13.0,14203.0,384.0
2021-01-05 09:36:50.201,0.0156,0.0156,33.0,0.0152,13.0,14203.0,384.0
2021-01-05 09:36:50.670,0.0156,0.0157,13.0,0.0153,10.0,14203.0,384.0
2021-01-05 09:36:51.171,0.0156,0.0157,23.0,0.0153,10.0,14203.0,384.0
2021-01-05 09:36:51.671,0.0156,0.0156,13.0,0.0152,10.0,14203.0,384.0
2021-01-05 09:36:52.180,0.0156,0.0156,33.0,0.0153,13.0,14203.0,384.0
2021-01-05 09:36:53.191,0.0156,0.0155,13.0,0.0154,10.0,14203.0,384.0
2021-01-05 09:36:53.680,0.0156,0.0155,13.0,0.0153,10.0,14203.0,384.0
2021-01-05 09:36:54.180,0.0156,0.0156,33.0,0.0153,23.0,14203.0,384.0
2021-01-05 09:36:54.631,0.0156,0.0156,13.0,0.0153,23.0,14203.0,384.0
2021-01-05 09:36:55.171,0.0156,0.0156,13.0,0.0153,10.0,14203.0,384.0
2021-01-05 09:36:55.651,0.0156,0.0157,33.0,0.0154,13.0,14203.0,384.0
2021-01-05 09:36:56.141,0.0156,0.0157,43.0,0.0154,13.0,14203.0,384.0
2021-01-05 09:36:57.171,0.0156,0.0157,43.0,0.0154,13.0,14203.0,384.0
2021-01-05 09:36:57.630,0.0156,0.0157,33.0,0.0155,10.0,14203.0,384.0
2021-01-05 09:36:58.160,0.0156,0.0157,33.0,0.0155,10.0,14203.0,384.0
2021-01-05 09:36:59.181,0.0156,0.0157,20.0,0.0154,10.0,14203.0,384.0
2021-01-05 09:36:59.690,0.0156,0.0156,13.0,0.0153,13.0,14213.0,394.0
2021-01-05 09:37:00.151,0.0156,0.0156,20.0,0.0153,13.0,14213.0,394.0
2021-01-05 09:37:00.700,0.0156,0.0158,33.0,0.0153,13.0,14213.0,394.0
2021-01-05 09:37:01.061,0.0156,0.0157,10.0,0.0153,13.0,14213.0,394.0
2021-01-05 09:37:01.640,0.0156,0.0157,10.0,0.0153,13.0,14213.0,394.0
2021-01-05 09:37:02.191,0.0156,0.0156,13.0,0.0153,13.0,14213.0,394.0
2021-01-05 09:37:02.640,0.0156,0.0158,33.0,0.0153,13.0,14213.0,394.0
2021-01-05 09:37:03.151,0.0156,0.0157,20.0,0.0153,13.0,14213.0,394.0
2021-01-05 09:37:03.630,0.0156,0.0158,33.0,0.0153,13.0,14213.0,394.0
2021-01-05 09:37:04.200,0.0156,0.0158,10.0,0.0153,13.0,14213.0,394.0
2021-01-05 09:37:04.690,0.0156,0.0158,23.0,0.0153,13.0,14213.0,394.0
2021-01-05 09:37:05.701,0.0156,0.0158,23.0,0.0154,10.0,14213.0,394.0
2021-01-05 09:37:06.171,0.0156,0.0158,10.0,0.0154,10.0,14213.0,394.0
2021-01-05 09:37:06.700,0.0156,0.0158,23.0,0.0155,10.0,14213.0,394.0
2021-01-05 09:37:07.180,0.0156,0.0157,13.0,0.0154,23.0,14213.0,394.0
2021-01-05 09:37:07.681,0.0156,0.0157,13.0,0.0154,23.0,14213.0,394.0
2021-01-05 09:37:08.200,0.0156,0.0158,13.0,0.0154,10.0,14213.0,394.0
2021-01-05 09:37:08.630,0.0156,0.0158,43.0,0.0154,10.0,14213.0,394.0
2021-01-05 09:37:09.170,0.0156,0.0157,13.0,0.0154,23.0,14213.0,394.0
2021-01-05 09:37:09.660,0.0156,0.0157,13.0,0.0154,23.0,14213.0,394.0
2021-01-05 09:37:10.140,0.0156,0.0158,20.0,0.0154,10.0,14213.0,394.0
2021-01-05 09:37:10.701,0.0156,0.0157,13.0,0.0154,10.0,14213.0,394.0
2021-01-05 09:37:11.201,0.0156,0.0157,13.0,0.0154,10.0,14213.0,394.0
2021-01-05 09:37:11.700,0.0156,0.0158,13.0,0.0154,10.0,14213.0,394.0
2021-01-05 09:37:12.620,0.0156,0.0158,13.0,0.0154,10.0,14213.0,394.0
2021-01-05 09:37:13.181,0.0156,0.0157,10.0,0.0154,10.0,14213.0,394.0
2021-01-05 09:37:13.681,0.0156,0.0156,13.0,0.0154,10.0,14213.0,394.0
2021-01-05 09:37:14.171,0.0156,0.0156,13.0,0.0154,10.0,14213.0,394.0
2021-01-05 09:37:14.701,0.0156,0.0157,33.0,0.0154,23.0,14213.0,394.0
2021-01-05 09:37:15.200,0.0156,0.0157,43.0,0.0154,23.0,14213.0,394.0
2021-01-05 09:37:15.700,0.0156,0.0157,43.0,0.0154,23.0,14213.0,394.0
2021-01-05 09:37:16.201,0.0156,0.0156,13.0,0.0154,10.0,14213.0,394.0
2021-01-05 09:37:16.461,0.0156,0.0157,13.0,0.0154,23.0,14213.0,394.0
2021-01-05 09:37:17.200,0.0156,0.0157,23.0,0.0154,23.0,14213.0,394.0
2021-01-05 09:37:17.671,0.0156,0.0157,43.0,0.0154,23.0,14213.0,394.0
2021-01-05 09:37:19.131,0.0156,0.0156,13.0,0.0154,10.0,14213.0,394.0
2021-01-05 09:37:19.711,0.0156,0.0157,33.0,0.0154,23.0,14213.0,394.0
2021-01-05 09:37:20.211,0.0156,0.0156,13.0,0.0154,10.0,14213.0,394.0
2021-01-05 09:37:20.691,0.0156,0.0156,13.0,0.0154,10.0,14213.0,394.0
2021-01-05 09:37:21.200,0.0156,0.0157,13.0,0.0154,23.0,14213.0,394.0
2021-01-05 09:37:21.701,0.0156,0.0157,23.0,0.0154,10.0,14213.0,394.0
2021-01-05 09:37:22.030,0.0156,0.0156,13.0,0.0154,10.0,14213.0,394.0
2021-01-05 09:37:22.641,0.0156,0.0156,13.0,0.0154,10.0,14213.0,394.0
2021-01-05 09:37:23.150,0.0156,0.0157,13.0,0.0154,10.0,14213.0,394.0
2021-01-05 09:37:23.701,0.0156,0.0157,23.0,0.0154,10.0,14213.0,394.0
2021-01-05 09:37:24.080,0.0156,0.0156,13.0,0.0154,10.0,14213.0,394.0
2021-01-05 09:37:24.631,0.0156,0.0157,13.0,0.0154,23.0,14213.0,394.0
2021-01-05 09:37:25.200,0.0156,0.0157,23.0,0.0154,10.0,14213.0,394.0
2021-01-05 09:37:25.670,0.0156,0.0156,13.0,0.0154,10.0,14213.0,394.0
2021-01-05 09:37:26.170,0.0156,0.0156,13.0,0.0154,10.0,14213.0,394.0
2021-01-05 09:37:26.650,0.0156,0.0156,13.0,0.0154,10.0,14213.0,394.0
2021-01-05 09:37:27.551,0.0156,0.0156,13.0,0.0154,10.0,14213.0,394.0
2021-01-05 09:37:28.151,0.0156,0.0157,20.0,0.0154,10.0,14213.0,394.0
2021-01-05 09:37:28.560,0.0156,0.0157,43.0,0.0154,23.0,14213.0,394.0
2021-01-05 09:37:29.130,0.0156,0.0157,43.0,0.0154,23.0,14213.0,394.0
2021-01-05 09:37:29.691,0.0156,0.0157,30.0,0.0154,10.0,14213.0,394.0
2021-01-05 09:37:30.191,0.0156,0.0157,43.0,0.0154,23.0,14213.0,394.0
2021-01-05 09:37:30.650,0.0156,0.0156,13.0,0.0154,10.0,14213.0,394.0
2021-01-05 09:37:31.190,0.0156,0.0157,33.0,0.0154,23.0,14213.0,394.0
2021-01-05 09:37:31.691,0.0156,0.0157,43.0,0.0154,23.0,14213.0,394.0
2021-01-05 09:37:32.651,0.0156,0.0157,43.0,0.0154,23.0,14213.0,394.0
2021-01-05 09:37:33.180,0.0156,0.0156,13.0,0.0154,10.0,14213.0,394.0
2021-01-05 09:37:33.701,0.0156,0.0156,23.0,0.0154,10.0,14213.0,394.0
2021-01-05 09:37:34.200,0.0156,0.0156,20.0,0.0154,23.0,14213.0,394.0
2021-01-05 09:37:34.500,0.0156,0.0156,13.0,0.0154,10.0,14213.0,394.0
2021-01-05 09:37:35.170,0.0156,0.0156,33.0,0.0154,10.0,14213.0,394.0
2021-01-05 09:37:35.650,0.0156,0.0156,13.0,0.0154,10.0,14213.0,394.0
2021-01-05 09:37:36.671,0.0156,0.0156,13.0,0.0154,10.0,14213.0,394.0
2021-01-05 09:37:37.180,0.0156,0.0157,13.0,0.0154,10.0,14213.0,394.0
2021-01-05 09:37:37.691,0.0156,0.0157,23.0,0.0154,10.0,14213.0,394.0
2021-01-05 09:37:38.161,0.0156,0.0156,13.0,0.0154,10.0,14213.0,394.0
2021-01-05 09:37:39.170,0.0156,0.0157,13.0,0.0154,23.0,14213.0,394.0
2021-01-05 09:37:39.700,0.0156,0.0157,23.0,0.0154,10.0,14213.0,394.0
2021-01-05 09:37:40.161,0.0156,0.0157,23.0,0.0154,23.0,14213.0,394.0
2021-01-05 09:37:40.701,0.0156,0.0157,23.0,0.0154,23.0,14213.0,394.0
2021-01-05 09:37:41.671,0.0156,0.0157,10.0,0.0154,10.0,14213.0,394.0
2021-01-05 09:37:42.130,0.0156,0.0157,23.0,0.0154,23.0,14213.0,394.0
2021-01-05 09:37:42.691,0.0156,0.0156,13.0,0.0154,10.0,14213.0,394.0
2021-01-05 09:37:43.181,0.0156,0.0157,13.0,0.0154,23.0,14213.0,394.0
2021-01-05 09:37:43.640,0.0156,0.0157,10.0,0.0154,10.0,14213.0,394.0
2021-01-05 09:37:44.190,0.0156,0.0157,10.0,0.0155,13.0,14213.0,394.0
2021-01-05 09:37:44.651,0.0156,0.0157,23.0,0.0154,23.0,14213.0,394.0
2021-01-05 09:37:45.191,0.0156,0.0157,10.0,0.0154,10.0,14213.0,394.0
2021-01-05 09:37:45.650,0.0156,0.0156,13.0,0.0154,10.0,14213.0,394.0
2021-01-05 09:37:46.161,0.0156,0.0156,13.0,0.0154,10.0,14213.0,394.0
2021-01-05 09:37:46.601,0.0156,0.0158,20.0,0.0154,10.0,14213.0,394.0
2021-01-05 09:37:47.210,0.0156,0.0157,23.0,0.0154,10.0,14213.0,394.0
2021-01-05 09:37:47.661,0.0156,0.0156,13.0,0.0154,10.0,14213.0,394.0
2021-01-05 09:37:48.201,0.0156,0.0156,13.0,0.0154,10.0,14213.0,394.0
2021-01-05 09:37:48.700,0.0156,0.0156,10.0,0.0154,10.0,14213.0,394.0
2021-01-05 09:37:49.190,0.0156,0.0155,13.0,0.0154,10.0,14213.0,394.0
2021-01-05 09:37:49.670,0.0156,0.0155,13.0,0.0154,10.0,14213.0,394.0
2021-01-05 09:37:50.220,0.0156,0.0156,13.0,0.0154,10.0,14213.0,394.0
2021-01-05 09:37:50.721,0.0156,0.0156,23.0,0.0154,10.0,14213.0,394.0
2021-01-05 09:37:51.161,0.0156,0.0155,13.0,0.0154,10.0,14213.0,394.0
2021-01-05 09:37:51.691,0.0156,0.0155,13.0,0.0154,10.0,14213.0,394.0
2021-01-05 09:37:52.191,0.0156,0.0155,13.0,0.0154,10.0,14213.0,394.0
2021-01-05 09:37:52.631,0.0156,0.0155,13.0,0.0154,10.0,14213.0,394.0
2021-01-05 09:37:53.161,0.0156,0.0156,13.0,0.0154,10.0,14213.0,394.0
2021-01-05 09:37:53.680,0.0156,0.0156,33.0,0.0154,10.0,14213.0,394.0
2021-01-05 09:37:54.160,0.0156,0.0155,10.0,0.0154,10.0,14213.0,394.0
2021-01-05 09:37:54.690,0.0156,0.0155,13.0,0.0154,10.0,14213.0,394.0
2021-01-05 09:37:55.190,0.0154,0.0156,13.0,0.0154,3.0,14220.0,401.0
2021-01-05 09:37:55.691,0.0154,0.0156,23.0,0.0152,1.0,14223.0,404.0
2021-01-05 09:37:56.100,0.0155,0.0155,13.0,0.0152,14.0,14233.0,414.0
2021-01-05 09:37:56.611,0.0155,0.0156,20.0,0.0152,1.0,14233.0,414.0
2021-01-05 09:37:57.170,0.0155,0.0156,10.0,0.0152,1.0,14233.0,414.0
2021-01-05 09:37:57.601,0.0155,0.0155,13.0,0.0152,14.0,14233.0,414.0
2021-01-05 09:37:58.091,0.0155,0.0155,13.0,0.0152,14.0,14233.0,414.0
2021-01-05 09:37:58.640,0.0155,0.0156,13.0,0.0153,13.0,14233.0,414.0
2021-01-05 09:37:59.130,0.0155,0.0156,43.0,0.0152,14.0,14233.0,414.0
2021-01-05 09:38:00.100,0.0155,0.0155,43.0,0.0152,14.0,14233.0,414.0
2021-01-05 09:38:00.680,0.0155,0.0155,45.0,0.0152,14.0,14233.0,414.0
2021-01-05 09:38:01.180,0.0155,0.0155,45.0,0.0152,14.0,14233.0,414.0
2021-01-05 09:38:02.190,0.0155,0.0155,45.0,0.0153,10.0,14233.0,414.0
2021-01-05 09:38:02.680,0.0155,0.0155,35.0,0.0152,24.0,14233.0,414.0
2021-01-05 09:38:03.191,0.0155,0.0155,45.0,0.0152,24.0,14233.0,414.0
2021-01-05 09:38:04.190,0.0155,0.0155,45.0,0.0152,24.0,14233.0,414.0
2021-01-05 09:38:04.680,0.0155,0.0154,13.0,0.0152,11.0,14233.0,414.0
2021-01-05 09:38:05.181,0.0155,0.0155,22.0,0.0152,24.0,14233.0,414.0
2021-01-05 09:38:05.671,0.0155,0.0155,32.0,0.0153,13.0,14233.0,414.0
2021-01-05 09:38:06.021,0.0153,0.0155,32.0,0.0153,13.0,14233.0,426.0
2021-01-05 09:38:06.691,0.0153,0.0155,45.0,0.0152,24.0,14233.0,426.0
2021-01-05 09:38:07.200,0.0154,0.0154,3.0,0.0152,1.0,14243.0,436.0
2021-01-05 09:38:07.590,0.0154,0.0154,23.0,0.0152,1.0,14243.0,436.0
2021-01-05 09:38:08.151,0.0154,0.0154,30.0,0.0152,14.0,14243.0,436.0
2021-01-05 09:38:09.160,0.0154,0.0154,43.0,0.0152,1.0,14243.0,436.0
2021-01-05 09:38:09.681,0.0154,0.0154,43.0,0.0152,1.0,14243.0,436.0
2021-01-05 09:38:10.180,0.0154,0.0154,30.0,0.0152,14.0,14243.0,436.0
2021-01-05 09:38:10.670,0.0152,0.0154,43.0,0.0151,13.0,14243.0,442.0
2021-01-05 09:38:11.141,0.0152,0.0154,43.0,0.0151,13.0,14243.0,442.0
2021-01-05 09:38:11.701,0.0152,0.0154,43.0,0.0151,13.0,14243.0,442.0
2021-01-05 09:38:12.191,0.0152,0.0154,23.0,0.0151,13.0,14243.0,442.0
2021-01-05 09:38:12.691,0.0152,0.0154,23.0,0.0152,10.0,14243.0,442.0
2021-01-05 09:38:13.110,0.0152,0.0153,13.0,0.0152,10.0,14243.0,442.0
2021-01-05 09:38:13.690,0.0152,0.0153,13.0,0.015,15.0,14253.0,452.0
2021-01-05 09:38:14.141,0.0152,0.0153,33.0,0.015,2.0,14253.0,452.0
2021-01-05 09:38:14.691,0.0152,0.0153,13.0,0.015,15.0,14253.0,452.0
2021-01-05 09:38:15.150,0.0152,0.0155,22.0,0.015,2.0,14253.0,452.0
2021-01-05 09:38:15.730,0.0152,0.0154,23.0,0.015,2.0,14253.0,452.0
2021-01-05 09:38:16.210,0.0152,0.0153,13.0,0.015,15.0,14253.0,452.0
2021-01-05 09:38:16.731,0.0152,0.0153,13.0,0.015,15.0,14253.0,452.0
2021-01-05 09:38:17.190,0.0152,0.0153,53.0,0.015,15.0,14253.0,452.0
2021-01-05 09:38:17.701,0.0152,0.0152,13.0,0.015,2.0,14253.0,452.0
2021-01-05 09:38:18.231,0.0152,0.0152,13.0,0.015,2.0,14253.0,452.0
2021-01-05 09:38:18.660,0.0152,0.0152,13.0,0.015,2.0,14253.0,452.0
2021-01-05 09:38:19.230,0.0152,0.0152,33.0,0.0151,10.0,14253.0,452.0
2021-01-05 09:38:19.670,0.0151,0.0151,13.0,0.015,2.0,14263.0,462.0
2021-01-05 09:38:20.231,0.0151,0.0152,33.0,0.015,2.0,14263.0,462.0
2021-01-05 09:38:20.671,0.0151,0.0151,13.0,0.015,2.0,14263.0,462.0
2021-01-05 09:38:22.661,0.0151,0.0151,33.0,0.015,2.0,14263.0,462.0
2021-01-05 09:38:23.201,0.015,0.0151,33.0,0.0148,13.0,14263.0,464.0
2021-01-05 09:38:24.141,0.015,0.0151,33.0,0.0148,13.0,14263.0,464.0
2021-01-05 09:38:24.690,0.015,0.0151,20.0,0.0147,13.0,14263.0,464.0
2021-01-05 09:38:25.101,0.015,0.0152,33.0,0.0149,10.0,14263.0,464.0
2021-01-05 09:38:25.700,0.015,0.0151,13.0,0.0148,23.0,14263.0,464.0
2021-01-05 09:38:26.100,0.015,0.0151,33.0,0.0148,23.0,14263.0,464.0
2021-01-05 09:38:26.701,0.015,0.0151,33.0,0.0148,23.0,14263.0,464.0
2021-01-05 09:38:27.691,0.015,0.015,1.0,0.0148,23.0,14263.0,464.0
2021-01-05 09:38:28.171,0.015,0.015,21.0,0.0148,23.0,14263.0,464.0
2021-01-05 09:38:29.641,0.015,0.015,21.0,0.0148,23.0,14263.0,464.0
2021-01-05 09:38:30.190,0.015,0.015,34.0,0.0148,10.0,14263.0,464.0
2021-01-05 09:38:30.670,0.015,0.015,21.0,0.0148,23.0,14263.0,464.0
2021-01-05 09:38:31.700,0.015,0.015,34.0,0.0148,10.0,14263.0,464.0
2021-01-05 09:38:32.171,0.0148,0.015,21.0,0.0148,13.0,14273.0,474.0
2021-01-05 09:38:32.701,0.0148,0.015,34.0,0.0147,13.0,14273.0,474.0
2021-01-05 09:38:33.191,0.0148,0.015,21.0,0.0146,10.0,14273.0,474.0
2021-01-05 09:38:33.700,0.0148,0.0149,13.0,0.0146,13.0,14273.0,474.0
2021-01-05 09:38:34.201,0.0148,0.0149,33.0,0.0146,13.0,14273.0,474.0
2021-01-05 09:38:35.200,0.0148,0.0148,22.0,0.0146,13.0,14273.0,474.0
2021-01-05 09:38:35.700,0.0148,0.0148,22.0,0.0146,13.0,14273.0,474.0
2021-01-05 09:38:36.691,0.0148,0.0148,22.0,0.0146,13.0,14273.0,474.0
2021-01-05 09:38:37.131,0.0148,0.0148,35.0,0.0145,23.0,14273.0,474.0
2021-01-05 09:38:37.680,0.0148,0.0148,35.0,0.0147,10.0,14273.0,474.0
2021-01-05 09:38:38.161,0.0147,0.0148,35.0,0.0145,23.0,14283.0,484.0
2021-01-05 09:38:38.660,0.0147,0.0148,22.0,0.0146,13.0,14283.0,484.0
2021-01-05 09:38:39.161,0.0147,0.0148,35.0,0.0145,13.0,14283.0,484.0
2021-01-05 09:38:39.661,0.0147,0.0148,32.0,0.0144,13.0,14283.0,484.0
2021-01-05 09:38:40.201,0.0147,0.0148,32.0,0.0144,13.0,14283.0,484.0
2021-01-05 09:38:41.190,0.0147,0.0148,2.0,0.0144,13.0,14283.0,484.0
2021-01-05 09:38:41.670,0.0147,0.0147,1.0,0.0144,13.0,14283.0,484.0
2021-01-05 09:38:42.191,0.0147,0.0147,1.0,0.0144,13.0,14283.0,484.0
2021-01-05 09:38:42.700,0.0147,0.0147,1.0,0.0143,13.0,14283.0,484.0
2021-01-05 09:38:43.150,0.0147,0.0147,1.0,0.0143,10.0,14283.0,484.0
2021-01-05 09:38:43.701,0.0147,0.0147,1.0,0.0145,10.0,14283.0,484.0
2021-01-05 09:38:44.200,0.0147,0.0147,1.0,0.0145,13.0,14283.0,484.0
2021-01-05 09:38:44.690,0.0147,0.0147,1.0,0.0145,13.0,14283.0,484.0
2021-01-05 09:38:45.201,0.0147,0.0147,1.0,0.0145,13.0,14283.0,484.0
2021-01-05 09:38:45.580,0.0147,0.0147,1.0,0.0145,13.0,14283.0,484.0
2021-01-05 09:38:46.200,0.0147,0.0147,1.0,0.0146,10.0,14283.0,484.0
2021-01-05 09:38:46.631,0.0147,0.0147,1.0,0.0146,10.0,14283.0,484.0
2021-01-05 09:38:47.140,0.0147,0.0148,2.0,0.0146,13.0,14282.0,485.0
2021-01-05 09:38:47.691,0.0147,0.0148,2.0,0.0146,13.0,14282.0,485.0
2021-01-05 09:38:48.650,0.0147,0.0148,2.0,0.0146,13.0,14282.0,485.0
2021-01-05 09:38:49.130,0.0147,0.0148,2.0,0.0146,13.0,14282.0,485.0
2021-01-05 09:38:49.670,0.0147,0.0148,2.0,0.0147,10.0,14282.0,485.0
2021-01-05 09:38:50.110,0.0147,0.0149,33.0,0.0146,23.0,14282.0,485.0
2021-01-05 09:38:50.651,0.0147,0.0149,43.0,0.0146,23.0,14282.0,485.0
2021-01-05 09:38:51.170,0.0147,0.0149,43.0,0.0146,23.0,14282.0,485.0
2021-01-05 09:38:51.691,0.0147,0.0149,33.0,0.0146,23.0,14282.0,485.0
2021-01-05 09:38:52.671,0.0146,0.0148,13.0,0.0146,8.0,14282.0,487.0
2021-01-05 09:38:53.191,0.0146,0.0148,23.0,0.0146,8.0,14282.0,487.0
2021-01-05 09:38:54.150,0.0146,0.0148,23.0,0.0146,10.0,14282.0,487.0
2021-01-05 09:38:54.690,0.0146,0.0148,43.0,0.0146,9.0,14283.0,488.0
2021-01-05 09:38:55.191,0.0146,0.0147,13.0,0.0146,10.0,14283.0,488.0
2021-01-05 09:38:55.700,0.0146,0.0147,13.0,0.0146,10.0,14283.0,488.0
2021-01-05 09:38:56.661,0.0146,0.0148,53.0,0.0146,8.0,14283.0,490.0
2021-01-05 09:38:57.200,0.0146,0.0148,43.0,0.0146,10.0,14283.0,490.0
2021-01-05 09:38:57.640,0.0146,0.0148,30.0,0.0146,10.0,14283.0,490.0
2021-01-05 09:38:58.161,0.0146,0.0148,50.0,0.0146,10.0,14283.0,490.0
2021-01-05 09:38:58.670,0.0146,0.0148,33.0,0.0146,10.0,14283.0,490.0
2021-01-05 09:38:59.060,0.0146,0.0148,13.0,0.0146,10.0,14283.0,490.0
2021-01-05 09:39:00.140,0.0146,0.0148,13.0,0.0146,10.0,14283.0,490.0
2021-01-05 09:39:00.660,0.0146,0.0148,13.0,0.0146,10.0,14283.0,490.0
2021-01-05 09:39:02.170,0.0146,0.0148,13.0,0.0146,10.0,14283.0,490.0
2021-01-05 09:39:02.660,0.0146,0.0148,13.0,0.0146,10.0,14283.0,490.0
2021-01-05 09:39:03.150,0.0146,0.0148,13.0,0.0146,10.0,14283.0,490.0
2021-01-05 09:39:04.161,0.0146,0.0148,13.0,0.0146,10.0,14283.0,490.0
2021-01-05 09:39:04.610,0.0146,0.0149,13.0,0.0146,10.0,14283.0,490.0
2021-01-05 09:39:05.211,0.0146,0.0149,23.0,0.0146,10.0,14283.0,490.0
2021-01-05 09:39:05.701,0.0146,0.0149,23.0,0.0146,23.0,14283.0,490.0
2021-01-05 09:39:06.191,0.0146,0.0148,13.0,0.0146,10.0,14283.0,490.0
2021-01-05 09:39:06.650,0.0146,0.015,30.0,0.0146,10.0,14283.0,490.0
2021-01-05 09:39:07.050,0.0146,0.0149,23.0,0.0146,23.0,14283.0,490.0
2021-01-05 09:39:07.680,0.0146,0.0149,43.0,0.0146,23.0,14283.0,490.0
2021-01-05 09:39:11.701,0.0146,0.0148,13.0,0.0146,10.0,14283.0,490.0
2021-01-05 09:39:12.220,0.0146,0.0148,13.0,0.0146,10.0,14283.0,490.0
2021-01-05 09:39:12.690,0.0146,0.0148,43.0,0.0146,10.0,14283.0,490.0
2021-01-05 09:39:13.720,0.0146,0.0148,13.0,0.0146,10.0,14283.0,490.0
2021-01-05 09:39:14.160,0.0146,0.0148,13.0,0.0146,10.0,14283.0,490.0
2021-01-05 09:39:15.220,0.0146,0.0148,10.0,0.0146,10.0,14283.0,490.0
2021-01-05 09:39:15.320,0.0146,0.0148,30.0,0.0146,10.0,14283.0,490.0
2021-01-05 09:39:16.121,0.0146,0.0147,13.0,0.0146,10.0,14283.0,490.0
2021-01-05 09:39:16.721,0.0146,0.0147,13.0,0.0146,10.0,14283.0,490.0
2021-01-05 09:39:17.191,0.0146,0.0148,20.0,0.0146,10.0,14283.0,490.0
2021-01-05 09:39:17.650,0.0146,0.0148,33.0,0.0146,10.0,14283.0,490.0
2021-01-05 09:39:18.221,0.0146,0.0148,13.0,0.0146,10.0,14283.0,490.0
2021-01-05 09:39:19.710,0.0146,0.0148,33.0,0.0146,10.0,14283.0,490.0
2021-01-05 09:39:20.221,0.0146,0.0148,33.0,0.0146,10.0,14283.0,490.0
2021-01-05 09:39:20.741,0.0146,0.0148,43.0,0.0146,10.0,14283.0,490.0
2021-01-05 09:39:22.651,0.0146,0.0147,13.0,0.0146,10.0,14283.0,490.0
2021-01-05 09:39:23.200,0.0146,0.0148,33.0,0.0146,10.0,14283.0,490.0
2021-01-05 09:39:24.151,0.0146,0.0147,13.0,0.0146,10.0,14283.0,490.0
2021-01-05 09:39:25.210,0.0146,0.0148,43.0,0.0146,10.0,14283.0,490.0
2021-01-05 09:39:26.161,0.0146,0.0147,13.0,0.0146,10.0,14283.0,490.0
2021-01-05 09:39:26.681,0.0146,0.0148,33.0,0.0146,10.0,14283.0,490.0
2021-01-05 09:39:27.210,0.0146,0.0148,30.0,0.0146,10.0,14283.0,490.0
2021-01-05 09:39:27.711,0.0146,0.0147,13.0,0.0146,10.0,14283.0,490.0
2021-01-05 09:39:28.220,0.0146,0.0148,33.0,0.0146,10.0,14283.0,490.0
2021-01-05 09:39:28.710,0.0146,0.0147,13.0,0.0146,10.0,14283.0,490.0
2021-01-05 09:39:29.100,0.0146,0.0147,13.0,0.0146,10.0,14283.0,490.0
2021-01-05 09:39:29.721,0.0146,0.0148,33.0,0.0146,10.0,14283.0,490.0
2021-01-05 09:39:30.220,0.0146,0.0148,23.0,0.0146,10.0,14283.0,490.0
2021-01-05 09:39:30.721,0.0146,0.0147,13.0,0.0146,10.0,14283.0,490.0
2021-01-05 09:39:31.121,0.0146,0.0147,13.0,0.0146,10.0,14283.0,490.0
2021-01-05 09:39:31.690,0.0146,0.0147,13.0,0.0146,10.0,14283.0,490.0
2021-01-05 09:39:32.141,0.0146,0.0148,13.0,0.0146,10.0,14283.0,490.0
2021-01-05 09:39:32.700,0.0146,0.0148,43.0,0.0146,10.0,14283.0,490.0
2021-01-05 09:39:33.180,0.0146,0.0148,30.0,0.0146,10.0,14283.0,490.0
2021-01-05 09:39:33.530,0.0146,0.0148,43.0,0.0146,10.0,14283.0,490.0
2021-01-05 09:39:34.210,0.0146,0.0148,43.0,0.0146,10.0,14283.0,490.0
2021-01-05 09:39:34.681,0.0146,0.0147,13.0,0.0146,10.0,14283.0,490.0
2021-01-05 09:39:35.171,0.0146,0.0148,13.0,0.0146,10.0,14283.0,490.0
2021-01-05 09:39:35.701,0.0146,0.0148,23.0,0.0146,10.0,14283.0,490.0
2021-01-05 09:39:36.231,0.0146,0.0147,13.0,0.0146,10.0,14283.0,490.0
2021-01-05 09:39:36.660,0.0146,0.0148,13.0,0.0146,10.0,14283.0,490.0
2021-01-05 09:39:37.221,0.0146,0.0148,23.0,0.0146,10.0,14283.0,490.0
2021-01-05 09:39:39.241,0.0146,0.0148,43.0,0.0146,10.0,14283.0,490.0
2021-01-05 09:39:41.220,0.0146,0.0148,23.0,0.0146,10.0,14283.0,490.0
2021-01-05 09:39:41.750,0.0146,0.0147,13.0,0.0146,10.0,14283.0,490.0
2021-01-05 09:39:42.210,0.0146,0.0148,13.0,0.0146,10.0,14283.0,490.0
2021-01-05 09:39:42.740,0.0146,0.0148,10.0,0.0146,10.0,14283.0,490.0
2021-01-05 09:39:43.191,0.0146,0.0148,10.0,0.0146,10.0,14283.0,490.0
2021-01-05 09:39:43.660,0.0146,0.0148,23.0,0.0146,10.0,14283.0,490.0
2021-01-05 09:39:44.680,0.0146,0.0147,13.0,0.0146,10.0,14283.0,490.0
2021-01-05 09:39:45.251,0.0146,0.0147,13.0,0.0146,10.0,14283.0,490.0
2021-01-05 09:39:45.750,0.0146,0.0149,13.0,0.0146,10.0,14283.0,490.0
2021-01-05 09:39:46.190,0.0146,0.0148,10.0,0.0146,10.0,14283.0,490.0
2021-01-05 09:39:46.711,0.0146,0.0147,13.0,0.0146,10.0,14283.0,490.0
2021-01-05 09:39:47.250,0.0146,0.0147,13.0,0.0146,10.0,14283.0,490.0
2021-01-05 09:39:47.731,0.0146,0.0148,13.0,0.0146,10.0,14283.0,490.0
2021-01-05 09:39:48.221,0.0146,0.0148,10.0,0.0146,10.0,14283.0,490.0
2021-01-05 09:39:48.720,0.0146,0.0147,13.0,0.0146,10.0,14283.0,490.0
2021-01-05 09:39:49.241,0.0146,0.0147,13.0,0.0146,10.0,14283.0,490.0
2021-01-05 09:39:49.711,0.0146,0.0149,33.0,0.0146,10.0,14283.0,490.0
2021-01-05 09:39:50.180,0.0146,0.0148,23.0,0.0146,10.0,14283.0,490.0
2021-01-05 09:39:50.710,0.0146,0.0147,13.0,0.0146,10.0,14283.0,490.0
2021-01-05 09:39:51.241,0.0146,0.0147,13.0,0.0146,10.0,14283.0,490.0
2021-01-05 09:39:51.730,0.0146,0.0147,13.0,0.0146,10.0,14283.0,490.0
2021-01-05 09:39:52.251,0.0146,0.0147,43.0,0.0144,13.0,14293.0,500.0
2021-01-05 09:39:52.670,0.0146,0.0147,13.0,0.0144,13.0,14293.0,500.0
2021-01-05 09:39:53.181,0.0146,0.0149,13.0,0.0142,23.0,14293.0,500.0
2021-01-05 09:39:53.600,0.0146,0.0148,10.0,0.0143,23.0,14293.0,500.0
2021-01-05 09:39:54.191,0.0146,0.0147,13.0,0.0143,10.0,14293.0,500.0
2021-01-05 09:39:54.691,0.0146,0.0147,13.0,0.0143,23.0,14293.0,500.0
2021-01-05 09:39:55.181,0.0146,0.0147,20.0,0.0143,10.0,14293.0,500.0
2021-01-05 09:39:55.461,0.0146,0.0148,33.0,0.0144,13.0,14293.0,500.0
2021-01-05 09:39:56.120,0.0146,0.0147,13.0,0.0143,13.0,14293.0,500.0
2021-01-05 09:39:56.691,0.0146,0.0147,13.0,0.0143,23.0,14293.0,500.0
2021-01-05 09:39:57.181,0.0146,0.0149,33.0,0.0143,10.0,14293.0,500.0
2021-01-05 09:39:57.580,0.0146,0.0148,23.0,0.0144,10.0,14293.0,500.0
2021-01-05 09:39:58.201,0.0146,0.0147,13.0,0.0144,13.0,14293.0,500.0
2021-01-05 09:39:58.600,0.0146,0.0147,13.0,0.0144,13.0,14293.0,500.0
2021-01-05 09:39:59.061,0.0146,0.0149,23.0,0.0145,10.0,14293.0,500.0
2021-01-05 09:39:59.670,0.0146,0.0148,23.0,0.0145,10.0,14293.0,500.0
2021-01-05 09:40:00.181,0.0146,0.0147,13.0,0.0145,10.0,14293.0,500.0
2021-01-05 09:40:00.610,0.0146,0.0147,13.0,0.0146,10.0,14293.0,500.0
2021-01-05 09:40:01.201,0.0146,0.0148,13.0,0.0145,10.0,14293.0,500.0
2021-01-05 09:40:01.570,0.0146,0.0148,23.0,0.0145,10.0,14293.0,500.0
2021-01-05 09:40:02.141,0.0146,0.0148,10.0,0.0145,10.0,14293.0,500.0
2021-01-05 09:40:02.671,0.0146,0.0147,15.0,0.0145,10.0,14293.0,500.0
2021-01-05 09:40:03.171,0.0146,0.0147,15.0,0.0145,10.0,14293.0,500.0
2021-01-05 09:40:03.691,0.0146,0.0148,15.0,0.0145,10.0,14293.0,500.0
2021-01-05 09:40:04.160,0.0146,0.0148,25.0,0.0145,10.0,14293.0,500.0
2021-01-05 09:40:04.700,0.0146,0.0147,15.0,0.0145,10.0,14293.0,500.0
2021-01-05 09:40:05.170,0.0146,0.0147,15.0,0.0145,10.0,14293.0,500.0
2021-01-05 09:40:05.701,0.0146,0.0148,15.0,0.0145,10.0,14293.0,500.0
2021-01-05 09:40:06.200,0.0146,0.0148,25.0,0.0145,10.0,14293.0,500.0
2021-01-05 09:40:06.701,0.0146,0.0147,15.0,0.0145,10.0,14293.0,500.0
2021-01-05 09:40:07.191,0.0146,0.0147,15.0,0.0145,10.0,14293.0,500.0
2021-01-05 09:40:07.700,0.0146,0.0148,15.0,0.0145,10.0,14293.0,500.0
2021-01-05 09:40:08.200,0.0146,0.0148,25.0,0.0145,10.0,14293.0,500.0
2021-01-05 09:40:08.690,0.0146,0.0147,15.0,0.0145,10.0,14293.0,500.0
2021-01-05 09:40:09.191,0.0146,0.0147,15.0,0.0145,10.0,14293.0,500.0
2021-01-05 09:40:09.691,0.0146,0.0149,15.0,0.0145,10.0,14293.0,500.0
2021-01-05 09:40:10.150,0.0146,0.0148,10.0,0.0145,10.0,14293.0,500.0
2021-01-05 09:40:10.680,0.0146,0.0147,15.0,0.0145,10.0,14293.0,500.0
2021-01-05 09:40:11.170,0.0146,0.0147,15.0,0.0145,10.0,14293.0,500.0
2021-01-05 09:40:11.671,0.0146,0.0148,15.0,0.0145,10.0,14293.0,500.0
2021-01-05 09:40:12.190,0.0146,0.0148,25.0,0.0145,10.0,14293.0,500.0
2021-01-05 09:40:12.680,0.0146,0.0148,25.0,0.0145,25.0,14293.0,500.0
2021-01-05 09:40:13.700,0.0146,0.0148,25.0,0.0145,25.0,14293.0,500.0
2021-01-05 09:40:14.701,0.0146,0.0148,25.0,0.0145,25.0,14293.0,500.0
2021-01-05 09:40:15.690,0.0146,0.0148,25.0,0.0145,25.0,14293.0,500.0
2021-01-05 09:40:16.140,0.0146,0.0148,10.0,0.0146,15.0,14293.0,500.0
2021-01-05 09:40:16.610,0.0146,0.0148,25.0,0.0145,25.0,14293.0,500.0
2021-01-05 09:40:17.191,0.0146,0.0148,10.0,0.0146,15.0,14293.0,500.0
2021-01-05 09:40:17.661,0.0146,0.0148,10.0,0.0146,15.0,14293.0,500.0
2021-01-05 09:40:18.161,0.0146,0.0148,25.0,0.0145,25.0,14293.0,500.0
2021-01-05 09:40:19.190,0.0146,0.0148,10.0,0.0146,15.0,14293.0,500.0
2021-01-05 09:40:20.191,0.0146,0.0148,25.0,0.0145,25.0,14293.0,500.0
2021-01-05 09:40:20.691,0.0146,0.0148,20.0,0.0146,15.0,14293.0,500.0
2021-01-05 09:40:21.200,0.0146,0.0148,20.0,0.0145,10.0,14293.0,500.0
2021-01-05 09:40:21.701,0.0146,0.0148,15.0,0.0145,25.0,14293.0,500.0
2021-01-05 09:40:22.210,0.0146,0.0149,15.0,0.0146,15.0,14293.0,500.0
2021-01-05 09:40:22.591,0.0146,0.0148,20.0,0.0145,10.0,14293.0,500.0
2021-01-05 09:40:23.200,0.0146,0.0149,40.0,0.0145,10.0,14293.0,500.0
2021-01-05 09:40:23.701,0.0146,0.0148,25.0,0.0145,25.0,14293.0,500.0
2021-01-05 09:40:24.160,0.0146,0.0148,15.0,0.0145,25.0,14293.0,500.0
2021-01-05 09:40:24.681,0.0146,0.0148,20.0,0.0146,15.0,14293.0,500.0
2021-01-05 09:40:25.121,0.0146,0.0149,55.0,0.0147,10.0,14293.0,500.0
2021-01-05 09:40:25.570,0.0147,0.0148,15.0,0.0145,15.0,14303.0,510.0
2021-01-05 09:40:26.181,0.0147,0.0149,40.0,0.0144,15.0,14303.0,510.0
2021-01-05 09:40:26.650,0.0147,0.0148,20.0,0.0144,25.0,14303.0,510.0
2021-01-05 09:40:27.140,0.0147,0.0149,40.0,0.0145,15.0,14303.0,510.0
2021-01-05 09:40:27.251,0.0147,0.0148,45.0,0.0145,15.0,14303.0,510.0
2021-01-05 09:40:28.110,0.0147,0.0148,25.0,0.0145,15.0,14303.0,510.0
2021-01-05 09:40:28.690,0.0147,0.0148,45.0,0.0145,15.0,14303.0,510.0
2021-01-05 09:40:29.170,0.0147,0.0147,15.0,0.0144,25.0,14303.0,510.0
2021-01-05 09:40:30.160,0.0147,0.0147,15.0,0.0144,25.0,14303.0,510.0
2021-01-05 09:40:30.700,0.0147,0.0147,15.0,0.0144,25.0,14303.0,510.0
2021-01-05 09:40:31.040,0.0147,0.0147,15.0,0.0144,25.0,14303.0,510.0
2021-01-05 09:40:32.611,0.0147,0.0148,35.0,0.0145,25.0,14303.0,510.0
2021-01-05 09:40:33.191,0.0147,0.0148,15.0,0.0145,15.0,14303.0,510.0
2021-01-05 09:40:33.681,0.0147,0.0149,40.0,0.0145,15.0,14303.0,510.0
2021-01-05 09:40:34.171,0.0147,0.0149,50.0,0.0145,15.0,14303.0,510.0
2021-01-05 09:40:34.601,0.0147,0.0148,15.0,0.0145,15.0,14303.0,510.0
2021-01-05 09:40:35.201,0.0147,0.0148,15.0,0.0145,15.0,14303.0,510.0
2021-01-05 09:40:36.040,0.0147,0.0148,15.0,0.0145,15.0,14303.0,510.0
2021-01-05 09:40:36.620,0.0147,0.0148,15.0,0.0145,15.0,14303.0,510.0
2021-01-05 09:40:37.201,0.0147,0.0148,35.0,0.0145,15.0,14303.0,510.0
2021-01-05 09:40:37.700,0.0147,0.0148,35.0,0.0145,15.0,14303.0,510.0
2021-01-05 09:40:38.130,0.0147,0.0148,20.0,0.0145,15.0,14303.0,510.0
2021-01-05 09:40:38.651,0.0147,0.0148,35.0,0.0145,15.0,14303.0,510.0
2021-01-05 09:40:39.681,0.0147,0.0148,35.0,0.0146,10.0,14303.0,510.0
2021-01-05 09:40:40.151,0.0147,0.0148,15.0,0.0145,25.0,14303.0,510.0
2021-01-05 09:40:41.191,0.0147,0.0149,55.0,0.0147,10.0,14303.0,510.0
2021-01-05 09:40:41.661,0.0147,0.0149,65.0,0.0146,25.0,14303.0,510.0
2021-01-05 09:40:42.201,0.0148,0.0148,5.0,0.0145,15.0,14313.0,520.0
2021-01-05 09:40:42.601,0.0148,0.0149,40.0,0.0145,10.0,14313.0,520.0
2021-01-05 09:40:43.191,0.0148,0.0149,50.0,0.0146,15.0,14313.0,520.0
2021-01-05 09:40:43.621,0.0148,0.0148,15.0,0.0145,10.0,14313.0,520.0
2021-01-05 09:40:44.161,0.0148,0.0148,15.0,0.0145,25.0,14313.0,520.0
2021-01-05 09:40:44.620,0.0148,0.0148,15.0,0.0145,10.0,14313.0,520.0
2021-01-05 09:40:45.131,0.0148,0.0148,15.0,0.0145,10.0,14313.0,520.0
2021-01-05 09:40:45.621,0.0148,0.0148,15.0,0.0145,10.0,14313.0,520.0
2021-01-05 09:40:46.161,0.0148,0.0148,15.0,0.0145,15.0,14313.0,520.0
2021-01-05 09:40:46.581,0.0148,0.0149,55.0,0.0144,15.0,14313.0,520.0
2021-01-05 09:40:47.211,0.0148,0.0149,50.0,0.0144,25.0,14313.0,520.0
2021-01-05 09:40:47.611,0.0148,0.0149,50.0,0.0144,10.0,14313.0,520.0
2021-01-05 09:40:48.160,0.0148,0.0149,50.0,0.0145,15.0,14313.0,520.0
2021-01-05 09:40:48.700,0.0148,0.0149,50.0,0.0146,10.0,14313.0,520.0
2021-01-05 09:40:49.111,0.0148,0.0149,65.0,0.0146,15.0,14313.0,520.0
2021-01-05 09:40:50.181,0.0148,0.0149,65.0,0.0147,10.0,14313.0,520.0
2021-01-05 09:40:50.671,0.0148,0.0149,65.0,0.0146,25.0,14313.0,520.0
2021-01-05 09:40:53.651,0.0148,0.0149,30.0,0.0147,15.0,14313.0,520.0
2021-01-05 09:40:54.141,0.0148,0.0149,65.0,0.0146,25.0,14313.0,520.0
2021-01-05 09:40:54.661,0.0148,0.0149,45.0,0.0146,25.0,14313.0,520.0
2021-01-05 09:40:55.111,0.0148,0.0148,15.0,0.0146,10.0,14313.0,520.0
2021-01-05 09:40:55.620,0.0148,0.0149,55.0,0.0146,25.0,14313.0,520.0
2021-01-05 09:40:56.121,0.0148,0.0148,15.0,0.0146,10.0,14313.0,520.0
2021-01-05 09:40:56.711,0.0148,0.0149,35.0,0.0146,25.0,14313.0,520.0
2021-01-05 09:40:57.180,0.0148,0.0149,30.0,0.0146,10.0,14313.0,520.0
2021-01-05 09:40:57.710,0.0148,0.0149,45.0,0.0146,25.0,14313.0,520.0
2021-01-05 09:40:59.721,0.0148,0.0149,45.0,0.0146,25.0,14313.0,520.0
2021-01-05 09:41:01.650,0.0148,0.0149,45.0,0.0146,25.0,14313.0,520.0
2021-01-05 09:41:02.190,0.0148,0.0149,45.0,0.0146,25.0,14313.0,520.0
2021-01-05 09:41:03.110,0.0148,0.0149,45.0,0.0146,25.0,14313.0,520.0
2021-01-05 09:41:06.221,0.0148,0.0148,15.0,0.0146,10.0,14313.0,520.0
2021-01-05 09:41:06.710,0.0148,0.0148,15.0,0.0146,10.0,14313.0,520.0
2021-01-05 09:41:07.100,0.0148,0.0148,30.0,0.0146,25.0,14313.0,520.0
2021-01-05 09:41:07.611,0.0148,0.0148,30.0,0.0146,25.0,14313.0,520.0
2021-01-05 09:41:08.701,0.0148,0.0148,10.0,0.0146,25.0,14313.0,520.0
2021-01-05 09:41:09.210,0.0148,0.0149,35.0,0.0146,25.0,14313.0,520.0
2021-01-05 09:41:09.661,0.0148,0.0148,15.0,0.0146,10.0,14313.0,520.0
2021-01-05 09:41:10.220,0.0148,0.0148,15.0,0.0146,10.0,14313.0,520.0
2021-01-05 09:41:10.710,0.0148,0.0148,25.0,0.0146,10.0,14313.0,520.0
2021-01-05 09:41:11.210,0.0148,0.0148,30.0,0.0146,25.0,14313.0,520.0
2021-01-05 09:41:11.711,0.0148,0.0148,10.0,0.0146,10.0,14313.0,520.0
2021-01-05 09:41:12.151,0.0148,0.0148,25.0,0.0146,10.0,14313.0,520.0
2021-01-05 09:41:12.710,0.0148,0.0148,45.0,0.0146,10.0,14313.0,520.0
2021-01-05 09:41:13.161,0.0148,0.0149,35.0,0.0146,25.0,14313.0,520.0
2021-01-05 09:41:13.711,0.0148,0.0149,45.0,0.0146,25.0,14313.0,520.0
2021-01-05 09:41:14.160,0.0148,0.0148,15.0,0.0146,10.0,14313.0,520.0
2021-01-05 09:41:15.180,0.0148,0.0149,25.0,0.0146,25.0,14313.0,520.0
2021-01-05 09:41:16.210,0.0148,0.0149,25.0,0.0146,25.0,14313.0,520.0
2021-01-05 09:41:16.500,0.0148,0.0148,15.0,0.0146,10.0,14313.0,520.0
2021-01-05 09:41:17.211,0.0148,0.0148,15.0,0.0146,10.0,14313.0,520.0
2021-01-05 09:41:17.670,0.0148,0.0149,15.0,0.0146,25.0,14313.0,520.0
2021-01-05 09:41:18.200,0.0148,0.0149,25.0,0.0146,25.0,14313.0,520.0
2021-01-05 09:41:18.600,0.0148,0.0148,15.0,0.0146,10.0,14313.0,520.0
2021-01-05 09:41:19.161,0.0148,0.0149,15.0,0.0146,25.0,14313.0,520.0
2021-01-05 09:41:19.570,0.0148,0.0149,25.0,0.0146,25.0,14313.0,520.0
2021-01-05 09:41:20.070,0.0148,0.0149,25.0,0.0146,25.0,14313.0,520.0
2021-01-05 09:41:20.721,0.0148,0.0148,15.0,0.0146,10.0,14313.0,520.0
2021-01-05 09:41:21.190,0.0148,0.0148,15.0,0.0146,10.0,14313.0,520.0
2021-01-05 09:41:22.190,0.0148,0.0149,17.0,0.0146,25.0,14313.0,520.0
2021-01-05 09:41:22.700,0.0148,0.0149,27.0,0.0146,25.0,14313.0,520.0
2021-01-05 09:41:24.651,0.0148,0.0148,15.0,0.0146,10.0,14313.0,520.0
2021-01-05 09:41:25.120,0.0148,0.0148,15.0,0.0146,10.0,14313.0,520.0
2021-01-05 09:41:25.641,0.0148,0.0148,35.0,0.0146,10.0,14313.0,520.0
2021-01-05 09:41:26.190,0.0148,0.0148,15.0,0.0146,10.0,14313.0,520.0
2021-01-05 09:41:26.670,0.0148,0.0148,45.0,0.0146,10.0,14313.0,520.0
2021-01-05 09:41:27.710,0.0148,0.0148,65.0,0.0146,10.0,14313.0,520.0
2021-01-05 09:41:29.690,0.0148,0.0148,50.0,0.0146,25.0,14313.0,520.0
2021-01-05 09:41:30.180,0.0148,0.0148,65.0,0.0146,10.0,14313.0,520.0
2021-01-05 09:41:31.181,0.0148,0.0148,50.0,0.0146,25.0,14313.0,520.0
2021-01-05 09:41:31.700,0.0148,0.0148,45.0,0.0146,10.0,14313.0,520.0
2021-01-05 09:41:32.670,0.0148,0.0148,10.0,0.0146,25.0,14313.0,520.0
2021-01-05 09:41:33.171,0.0148,0.0148,25.0,0.0146,10.0,14313.0,520.0
2021-01-05 09:41:33.680,0.0148,0.0148,10.0,0.0146,25.0,14313.0,520.0
2021-01-05 09:41:34.720,0.0148,0.0148,25.0,0.0146,10.0,14313.0,520.0
2021-01-05 09:41:35.721,0.0148,0.0148,50.0,0.0146,10.0,14313.0,520.0
2021-01-05 09:41:37.210,0.015,0.0151,33.0,0.015,113.0,14313.0,607.0
2021-01-05 09:41:37.711,0.015,0.0151,33.0,0.015,35.0,14313.0,685.0
2021-01-05 09:41:38.220,0.015,0.015,1.0,0.0148,10.0,14313.0,720.0
2021-01-05 09:41:38.650,0.0149,0.0149,6.0,0.0148,15.0,14323.0,730.0
2021-01-05 09:41:39.221,0.0148,0.0149,6.0,0.0145,20.0,14323.0,736.0
2021-01-05 09:41:39.521,0.0148,0.0149,6.0,0.0146,15.0,14323.0,736.0
2021-01-05 09:41:40.231,0.0148,0.0149,6.0,0.0146,15.0,14323.0,736.0
2021-01-05 09:41:40.721,0.0148,0.0149,6.0,0.0145,15.0,14323.0,736.0
2021-01-05 09:41:41.130,0.0148,0.0149,6.0,0.0147,10.0,14323.0,736.0
2021-01-05 09:41:41.730,0.0148,0.0149,6.0,0.0147,15.0,14323.0,736.0
2021-01-05 09:41:42.201,0.0148,0.0149,6.0,0.0146,10.0,14323.0,736.0
2021-01-05 09:41:42.700,0.0148,0.0149,6.0,0.0148,10.0,14323.0,736.0
2021-01-05 09:41:43.080,0.0148,0.0149,21.0,0.0148,10.0,14323.0,736.0
2021-01-05 09:41:43.720,0.0148,0.0149,6.0,0.0148,10.0,14323.0,736.0
2021-01-05 09:41:44.671,0.0149,0.0149,15.0,0.0146,15.0,14333.0,746.0
2021-01-05 09:41:45.190,0.0149,0.0148,10.0,0.0144,20.0,14343.0,756.0
2021-01-05 09:41:45.701,0.0149,0.0148,10.0,0.0145,15.0,14343.0,756.0
2021-01-05 09:41:46.241,0.0149,0.0148,10.0,0.0145,15.0,14343.0,756.0
2021-01-05 09:41:46.661,0.0149,0.0148,10.0,0.0145,15.0,14343.0,756.0
2021-01-05 09:41:47.201,0.0149,0.0148,10.0,0.0145,15.0,14343.0,756.0
2021-01-05 09:41:47.741,0.0149,0.0148,10.0,0.0145,15.0,14343.0,756.0
2021-01-05 09:41:48.181,0.0149,0.0148,10.0,0.0145,15.0,14343.0,756.0
2021-01-05 09:41:48.740,0.0149,0.0148,30.0,0.0145,15.0,14343.0,756.0
2021-01-05 09:41:49.191,0.0149,0.0148,10.0,0.0145,15.0,14343.0,756.0
2021-01-05 09:41:49.750,0.0149,0.0148,30.0,0.0145,15.0,14343.0,756.0
2021-01-05 09:41:50.231,0.0149,0.0148,10.0,0.0145,15.0,14343.0,756.0
2021-01-05 09:41:50.751,0.0149,0.0148,20.0,0.0146,10.0,14343.0,756.0
2021-01-05 09:41:51.251,0.0149,0.015,20.0,0.0145,10.0,14343.0,756.0
2021-01-05 09:41:51.760,0.0149,0.0149,35.0,0.0147,10.0,14343.0,756.0
2021-01-05 09:41:52.261,0.0149,0.0149,15.0,0.0146,25.0,14343.0,756.0
2021-01-05 09:41:52.690,0.0149,0.0149,45.0,0.0146,25.0,14343.0,756.0
2021-01-05 09:41:53.201,0.0149,0.0149,45.0,0.0146,25.0,14343.0,756.0
2021-01-05 09:41:53.650,0.0149,0.0149,45.0,0.0146,25.0,14343.0,756.0
2021-01-05 09:41:54.591,0.0149,0.0148,15.0,0.0146,10.0,14343.0,756.0
2021-01-05 09:41:55.160,0.0149,0.0148,35.0,0.0146,10.0,14343.0,756.0
2021-01-05 09:41:55.671,0.0149,0.0148,35.0,0.0146,10.0,14343.0,756.0
2021-01-05 09:41:56.151,0.0149,0.0147,20.0,0.0146,10.0,14343.0,756.0
2021-01-05 09:41:56.680,0.0149,0.0147,20.0,0.0146,10.0,14343.0,756.0
2021-01-05 09:41:57.110,0.0149,0.0147,20.0,0.0146,10.0,14343.0,756.0
2021-01-05 09:41:57.640,0.0149,0.0147,20.0,0.0146,25.0,14343.0,756.0
2021-01-05 09:42:00.701,0.0149,0.0147,20.0,0.0146,25.0,14343.0,756.0
2021-01-05 09:42:02.710,0.0149,0.0147,20.0,0.0146,10.0,14343.0,756.0
2021-01-05 09:42:03.161,0.0149,0.0147,20.0,0.0146,25.0,14343.0,756.0
2021-01-05 09:42:03.690,0.0149,0.0147,20.0,0.0146,25.0,14343.0,756.0
2021-01-05 09:42:05.711,0.0147,0.0147,5.0,0.0146,10.0,14343.0,771.0
2021-01-05 09:42:05.991,0.0147,0.0149,20.0,0.0146,10.0,14343.0,776.0
2021-01-05 09:42:06.690,0.0147,0.0148,45.0,0.0146,10.0,14343.0,776.0
2021-01-05 09:42:07.691,0.0147,0.0148,65.0,0.0146,10.0,14343.0,776.0
2021-01-05 09:42:08.660,0.0147,0.0148,50.0,0.0146,25.0,14343.0,776.0
2021-01-05 09:42:09.230,0.0147,0.0148,65.0,0.0146,10.0,14343.0,776.0
2021-01-05 09:42:11.211,0.0147,0.0148,65.0,0.0146,10.0,14343.0,776.0
2021-01-05 09:42:11.720,0.0147,0.0148,65.0,0.0146,10.0,14343.0,776.0
2021-01-05 09:42:13.211,0.0147,0.0148,45.0,0.0146,10.0,14343.0,776.0
2021-01-05 09:42:13.731,0.0147,0.0148,25.0,0.0146,10.0,14343.0,776.0
2021-01-05 09:42:15.170,0.0147,0.0148,15.0,0.0146,10.0,14343.0,776.0
2021-01-05 09:42:17.241,0.0147,0.0149,35.0,0.0146,25.0,14343.0,776.0
2021-01-05 09:42:17.681,0.0147,0.0149,45.0,0.0146,25.0,14343.0,776.0
2021-01-05 09:42:19.721,0.0147,0.0148,15.0,0.0146,10.0,14343.0,776.0
2021-01-05 09:42:20.150,0.0147,0.0148,15.0,0.0146,10.0,14343.0,776.0
2021-01-05 09:42:20.751,0.0147,0.0149,15.0,0.0146,10.0,14343.0,776.0
2021-01-05 09:42:21.231,0.0147,0.0149,25.0,0.0146,10.0,14343.0,776.0
2021-01-05 09:42:21.621,0.0147,0.0149,25.0,0.0146,25.0,14343.0,776.0
2021-01-05 09:42:22.221,0.0147,0.0149,45.0,0.0146,25.0,14343.0,776.0
2021-01-05 09:42:22.570,0.0147,0.0148,15.0,0.0146,10.0,14343.0,776.0
2021-01-05 09:42:23.170,0.0147,0.0149,35.0,0.0146,25.0,14343.0,776.0
2021-01-05 09:42:23.631,0.0147,0.0149,25.0,0.0146,25.0,14343.0,776.0
2021-01-05 09:42:24.151,0.0147,0.0148,15.0,0.0146,10.0,14343.0,776.0
2021-01-05 09:42:24.670,0.0147,0.0149,35.0,0.0146,25.0,14343.0,776.0
2021-01-05 09:42:25.200,0.0147,0.0149,45.0,0.0146,25.0,14343.0,776.0
2021-01-05 09:42:25.621,0.0147,0.0148,15.0,0.0146,10.0,14343.0,776.0
2021-01-05 09:42:26.130,0.0147,0.0149,35.0,0.0146,25.0,14343.0,776.0
2021-01-05 09:42:26.720,0.0147,0.0149,45.0,0.0146,25.0,14343.0,776.0
2021-01-05 09:42:28.130,0.0147,0.0148,15.0,0.0146,10.0,14343.0,776.0
2021-01-05 09:42:28.631,0.0147,0.0149,35.0,0.0146,25.0,14343.0,776.0
2021-01-05 09:42:29.100,0.0147,0.0149,45.0,0.0146,25.0,14343.0,776.0
2021-01-05 09:42:30.110,0.0147,0.0148,10.0,0.0146,25.0,14343.0,776.0
2021-01-05 09:42:30.710,0.0147,0.0148,10.0,0.0147,15.0,14343.0,776.0
2021-01-05 09:42:31.200,0.0147,0.0148,10.0,0.0146,25.0,14343.0,776.0
2021-01-05 09:42:31.720,0.0147,0.0148,10.0,0.0147,15.0,14343.0,776.0
2021-01-05 09:42:32.721,0.0147,0.0148,10.0,0.0147,15.0,14343.0,776.0
2021-01-05 09:42:33.230,0.0147,0.0148,10.0,0.0147,15.0,14343.0,776.0
2021-01-05 09:42:33.720,0.0148,0.015,35.0,0.0147,15.0,14353.0,786.0
2021-01-05 09:42:34.210,0.0148,0.015,20.0,0.0145,15.0,14353.0,786.0
2021-01-05 09:42:35.151,0.0148,0.0151,33.0,0.0145,15.0,14353.0,786.0
2021-01-05 09:42:36.650,0.0148,0.0151,33.0,0.0145,15.0,14353.0,786.0
2021-01-05 09:42:37.251,0.0148,0.0151,48.0,0.0145,15.0,14353.0,786.0
2021-01-05 09:42:37.751,0.0148,0.0151,33.0,0.0145,25.0,14353.0,786.0
2021-01-05 09:42:38.200,0.0148,0.0151,48.0,0.0146,15.0,14353.0,786.0
2021-01-05 09:42:40.221,0.0148,0.0151,48.0,0.0146,25.0,14353.0,786.0
2021-01-05 09:42:40.721,0.0148,0.015,15.0,0.0146,10.0,14353.0,786.0
2021-01-05 09:42:41.161,0.0148,0.0149,10.0,0.0146,10.0,14353.0,786.0
2021-01-05 09:42:41.731,0.0148,0.0149,25.0,0.0146,25.0,14353.0,786.0
2021-01-05 09:42:42.711,0.0148,0.0149,15.0,0.0146,25.0,14353.0,786.0
2021-01-05 09:42:43.251,0.0148,0.015,15.0,0.0147,15.0,14353.0,786.0
2021-01-05 09:42:43.741,0.0148,0.015,25.0,0.0147,15.0,14353.0,786.0
2021-01-05 09:42:44.211,0.0148,0.0149,15.0,0.0148,10.0,14353.0,786.0
2021-01-05 09:42:44.751,0.0148,0.0149,35.0,0.0147,4.0,14359.0,792.0
2021-01-05 09:42:45.191,0.0148,0.0149,15.0,0.0147,10.0,14359.0,792.0
2021-01-05 09:42:45.650,0.0148,0.015,15.0,0.0147,10.0,14359.0,792.0
2021-01-05 09:42:46.240,0.0148,0.015,25.0,0.0147,10.0,14359.0,792.0
2021-01-05 09:42:46.741,0.0148,0.0149,15.0,0.0147,10.0,14359.0,792.0
2021-01-05 09:42:47.231,0.0148,0.0149,15.0,0.0147,10.0,14359.0,792.0
2021-01-05 09:42:48.720,0.0148,0.015,15.0,0.0147,25.0,14359.0,792.0
2021-01-05 09:42:49.110,0.0148,0.015,25.0,0.0147,10.0,14359.0,792.0
2021-01-05 09:42:50.261,0.0148,0.0149,15.0,0.0147,10.0,14359.0,792.0
2021-01-05 09:42:50.720,0.0148,0.015,35.0,0.0147,10.0,14359.0,792.0
2021-01-05 09:42:51.060,0.0148,0.015,30.0,0.0147,10.0,14359.0,792.0
2021-01-05 09:42:51.761,0.0148,0.0149,15.0,0.0147,10.0,14359.0,792.0
2021-01-05 09:42:52.251,0.0148,0.0149,15.0,0.0147,10.0,14359.0,792.0
2021-01-05 09:42:52.601,0.0148,0.015,35.0,0.0147,10.0,14359.0,792.0
2021-01-05 09:42:53.140,0.0148,0.0149,15.0,0.0147,10.0,14359.0,792.0
2021-01-05 09:42:54.191,0.0148,0.015,15.0,0.0147,10.0,14359.0,792.0
2021-01-05 09:42:54.710,0.0148,0.015,25.0,0.0147,10.0,14359.0,792.0
2021-01-05 09:42:55.190,0.0148,0.015,25.0,0.0147,25.0,14359.0,792.0
2021-01-05 09:42:55.701,0.0148,0.0149,15.0,0.0147,10.0,14359.0,792.0
2021-01-05 09:42:56.191,0.0148,0.0149,15.0,0.0147,10.0,14359.0,792.0
2021-01-05 09:42:56.631,0.0148,0.015,15.0,0.0147,10.0,14359.0,792.0
2021-01-05 09:42:57.140,0.0148,0.015,25.0,0.0147,10.0,14359.0,792.0
2021-01-05 09:42:57.661,0.0148,0.0149,15.0,0.0147,10.0,14359.0,792.0
2021-01-05 09:42:58.220,0.0148,0.0149,15.0,0.0147,10.0,14359.0,792.0
2021-01-05 09:42:58.731,0.0148,0.015,15.0,0.0147,10.0,14359.0,792.0
2021-01-05 09:42:58.990,0.0148,0.015,25.0,0.0147,10.0,14359.0,792.0
2021-01-05 09:42:59.730,0.0148,0.0149,15.0,0.0147,10.0,14359.0,792.0
2021-01-05 09:43:00.131,0.0148,0.0149,15.0,0.0147,10.0,14359.0,792.0
2021-01-05 09:43:00.721,0.0148,0.015,15.0,0.0147,10.0,14359.0,792.0
2021-01-05 09:43:01.201,0.0148,0.015,25.0,0.0147,10.0,14359.0,792.0
2021-01-05 09:43:01.701,0.0148,0.0149,15.0,0.0147,10.0,14359.0,792.0
2021-01-05 09:43:02.150,0.0148,0.0149,15.0,0.0147,10.0,14359.0,792.0
2021-01-05 09:43:02.681,0.0148,0.015,15.0,0.0147,10.0,14359.0,792.0
2021-01-05 09:43:03.241,0.0148,0.0149,15.0,0.0147,10.0,14359.0,792.0
2021-01-05 09:43:03.701,0.0148,0.0149,15.0,0.0147,10.0,14359.0,792.0
2021-01-05 09:43:04.240,0.0148,0.0149,15.0,0.0147,10.0,14359.0,792.0
2021-01-05 09:43:04.740,0.0148,0.015,15.0,0.0147,10.0,14359.0,792.0
2021-01-05 09:43:05.251,0.0148,0.015,15.0,0.0147,10.0,14359.0,792.0
2021-01-05 09:43:05.681,0.0148,0.0151,15.0,0.0147,10.0,14359.0,792.0
2021-01-05 09:43:06.171,0.0148,0.0151,25.0,0.0147,10.0,14359.0,792.0
2021-01-05 09:43:06.471,0.0148,0.015,15.0,0.0147,10.0,14359.0,792.0
2021-01-05 09:43:07.231,0.0148,0.015,15.0,0.0147,10.0,14359.0,792.0
2021-01-05 09:43:07.710,0.0148,0.0151,15.0,0.0147,10.0,14359.0,792.0
2021-01-05 09:43:08.181,0.0148,0.0151,25.0,0.0147,10.0,14359.0,792.0
2021-01-05 09:43:08.640,0.0148,0.015,15.0,0.0147,10.0,14359.0,792.0
2021-01-05 09:43:09.231,0.0148,0.015,15.0,0.0147,10.0,14359.0,792.0
2021-01-05 09:43:09.740,0.0148,0.0151,15.0,0.0147,10.0,14359.0,792.0
2021-01-05 09:43:10.150,0.0148,0.0151,28.0,0.0147,10.0,14359.0,792.0
2021-01-05 09:43:10.761,0.0148,0.015,15.0,0.0147,10.0,14359.0,792.0
2021-01-05 09:43:11.250,0.0148,0.015,15.0,0.0147,10.0,14359.0,792.0
2021-01-05 09:43:11.750,0.0148,0.015,25.0,0.0147,10.0,14359.0,792.0
2021-01-05 09:43:12.171,0.0148,0.0149,15.0,0.0147,10.0,14359.0,792.0
2021-01-05 09:43:12.730,0.0148,0.0149,15.0,0.0147,10.0,14359.0,792.0
2021-01-05 09:43:13.210,0.0148,0.015,15.0,0.0147,10.0,14359.0,792.0
2021-01-05 09:43:13.740,0.0148,0.015,10.0,0.0147,10.0,14359.0,792.0
2021-01-05 09:43:14.270,0.0148,0.0149,15.0,0.0147,10.0,14359.0,792.0
2021-01-05 09:43:15.241,0.0148,0.0149,15.0,0.0147,10.0,14359.0,792.0
2021-01-05 09:43:15.771,0.0148,0.015,15.0,0.0147,10.0,14359.0,792.0
2021-01-05 09:43:16.270,0.0148,0.0151,15.0,0.0147,10.0,14359.0,792.0
2021-01-05 09:43:16.720,0.0148,0.0151,25.0,0.0147,10.0,14359.0,792.0
2021-01-05 09:43:17.271,0.0148,0.015,15.0,0.0147,10.0,14359.0,792.0
2021-01-05 09:43:17.771,0.0148,0.015,10.0,0.0147,10.0,14359.0,792.0
2021-01-05 09:43:18.270,0.0148,0.0149,15.0,0.0147,10.0,14359.0,792.0
2021-01-05 09:43:18.741,0.0148,0.0149,15.0,0.0147,10.0,14359.0,792.0
2021-01-05 09:43:19.261,0.0148,0.0151,15.0,0.0147,10.0,14359.0,792.0
2021-01-05 09:43:19.761,0.0148,0.0151,25.0,0.0147,10.0,14359.0,792.0
2021-01-05 09:43:20.281,0.0148,0.015,15.0,0.0147,10.0,14359.0,792.0
2021-01-05 09:43:20.731,0.0148,0.015,15.0,0.0147,10.0,14359.0,792.0
2021-01-05 09:43:21.271,0.0148,0.015,10.0,0.0147,10.0,14359.0,792.0
2021-01-05 09:43:21.701,0.0148,0.015,10.0,0.0147,10.0,14359.0,792.0
2021-01-05 09:43:22.281,0.0148,0.0149,15.0,0.0147,10.0,14359.0,792.0
2021-01-05 09:43:22.671,0.0148,0.0149,15.0,0.0147,10.0,14359.0,792.0
2021-01-05 09:43:23.201,0.0148,0.0151,15.0,0.0147,10.0,14359.0,792.0
2021-01-05 09:43:23.651,0.0148,0.015,10.0,0.0147,10.0,14359.0,792.0
2021-01-05 09:43:24.120,0.0148,0.0149,15.0,0.0147,10.0,14359.0,792.0
2021-01-05 09:43:24.661,0.0148,0.0149,15.0,0.0147,10.0,14359.0,792.0
2021-01-05 09:43:25.201,0.0148,0.0151,15.0,0.0147,10.0,14359.0,792.0
2021-01-05 09:43:25.701,0.0148,0.015,10.0,0.0147,10.0,14359.0,792.0
2021-01-05 09:43:26.181,0.0148,0.0149,15.0,0.0147,10.0,14359.0,792.0
2021-01-05 09:43:26.621,0.0148,0.0149,15.0,0.0147,10.0,14359.0,792.0
2021-01-05 09:43:27.190,0.0148,0.0151,15.0,0.0147,10.0,14359.0,792.0
2021-01-05 09:43:27.620,0.0148,0.015,10.0,0.0147,10.0,14359.0,792.0
2021-01-05 09:43:28.091,0.0148,0.0149,15.0,0.0147,10.0,14359.0,792.0
2021-01-05 09:43:28.650,0.0148,0.0149,15.0,0.0147,10.0,14359.0,792.0
2021-01-05 09:43:29.080,0.0148,0.0151,15.0,0.0147,10.0,14359.0,792.0
2021-01-05 09:43:30.050,0.0148,0.015,25.0,0.0147,25.0,14359.0,792.0
2021-01-05 09:43:30.701,0.0148,0.0149,15.0,0.0147,10.0,14359.0,792.0
2021-01-05 09:43:31.080,0.0148,0.0149,15.0,0.0147,10.0,14359.0,792.0
2021-01-05 09:43:31.720,0.0148,0.015,15.0,0.0147,10.0,14359.0,792.0
2021-01-05 09:43:32.181,0.0148,0.015,25.0,0.0147,10.0,14359.0,792.0
2021-01-05 09:43:32.680,0.0148,0.0149,15.0,0.0147,10.0,14359.0,792.0
2021-01-05 09:43:33.141,0.0148,0.015,15.0,0.0147,25.0,14359.0,792.0
2021-01-05 09:43:33.600,0.0148,0.015,25.0,0.0147,10.0,14359.0,792.0
2021-01-05 09:43:34.221,0.0148,0.0149,15.0,0.0147,10.0,14359.0,792.0
2021-01-05 09:43:34.661,0.0149,0.0149,15.0,0.0147,10.0,14359.0,793.0
2021-01-05 09:43:35.160,0.0149,0.0151,3.0,0.0147,10.0,14359.0,793.0
2021-01-05 09:43:35.610,0.0149,0.015,25.0,0.0147,10.0,14359.0,793.0
2021-01-05 09:43:36.221,0.0149,0.0149,15.0,0.0147,10.0,14359.0,793.0
2021-01-05 09:43:36.661,0.0149,0.015,15.0,0.0147,25.0,14359.0,793.0
2021-01-05 09:43:37.181,0.0149,0.015,25.0,0.0147,10.0,14359.0,793.0
2021-01-05 09:43:37.631,0.0149,0.0149,15.0,0.0147,10.0,14359.0,793.0
2021-01-05 09:43:38.221,0.0149,0.0149,15.0,0.0147,10.0,14359.0,793.0
2021-01-05 09:43:39.241,0.0149,0.015,25.0,0.0147,10.0,14359.0,793.0
2021-01-05 09:43:39.711,0.0149,0.0149,15.0,0.0147,10.0,14359.0,793.0
2021-01-05 09:43:40.230,0.0149,0.0149,15.0,0.0147,10.0,14359.0,793.0
2021-01-05 09:43:40.361,0.0149,0.015,15.0,0.0147,25.0,14359.0,793.0
2021-01-05 09:43:41.200,0.0149,0.015,25.0,0.0147,25.0,14359.0,793.0
2021-01-05 09:43:41.730,0.0149,0.0149,15.0,0.0147,10.0,14359.0,793.0
2021-01-05 09:43:42.191,0.0149,0.0149,15.0,0.0147,10.0,14359.0,793.0
2021-01-05 09:43:42.741,0.0149,0.015,15.0,0.0147,10.0,14359.0,793.0
2021-01-05 09:43:43.231,0.0149,0.015,25.0,0.0147,25.0,14359.0,793.0
2021-01-05 09:43:43.711,0.0149,0.0149,15.0,0.0147,10.0,14359.0,793.0
2021-01-05 09:43:44.251,0.0149,0.0149,15.0,0.0147,10.0,14359.0,793.0
2021-01-05 09:43:44.670,0.0149,0.0151,15.0,0.0147,10.0,14359.0,793.0
2021-01-05 09:43:45.221,0.0149,0.0149,15.0,0.0147,10.0,14359.0,793.0
2021-01-05 09:43:45.221,0.0149,0.0149,15.0,0.0147,10.0,14359.0,793.0
2021-01-05 09:43:46.151,0.0149,0.0151,15.0,0.0147,10.0,14359.0,793.0
2021-01-05 09:43:46.710,0.0149,0.015,10.0,0.0147,10.0,14359.0,793.0
2021-01-05 09:43:47.250,0.0149,0.0149,15.0,0.0147,10.0,14359.0,793.0
2021-01-05 09:43:47.661,0.0149,0.0149,15.0,0.0147,10.0,14359.0,793.0
2021-01-05 09:43:48.220,0.0149,0.0151,15.0,0.0147,10.0,14359.0,793.0
2021-01-05 09:43:48.641,0.0149,0.015,10.0,0.0147,10.0,14359.0,793.0
2021-01-05 09:43:49.221,0.0149,0.0149,15.0,0.0147,10.0,14359.0,793.0
2021-01-05 09:43:49.601,0.0149,0.0149,15.0,0.0147,10.0,14359.0,793.0
2021-01-05 09:43:50.110,0.0149,0.0151,15.0,0.0147,10.0,14359.0,793.0
2021-01-05 09:43:50.650,0.0149,0.0151,15.0,0.0147,30.0,14359.0,793.0
2021-01-05 09:43:57.650,0.0149,0.0151,25.0,0.0147,30.0,14359.0,793.0
2021-01-05 09:43:58.181,0.0149,0.015,15.0,0.0147,45.0,14359.0,793.0
2021-01-05 09:43:58.711,0.0149,0.015,15.0,0.0147,45.0,14359.0,793.0
2021-01-05 09:44:00.701,0.0149,0.015,15.0,0.0147,45.0,14359.0,793.0
2021-01-05 09:44:02.711,0.0149,0.0151,10.0,0.0147,30.0,14359.0,793.0
2021-01-05 09:44:03.241,0.0149,0.0151,35.0,0.0147,30.0,14359.0,793.0
2021-01-05 09:44:03.750,0.0149,0.0151,35.0,0.0148,15.0,14359.0,793.0
2021-01-05 09:44:04.230,0.0149,0.0151,20.0,0.0148,15.0,14359.0,793.0
2021-01-05 09:44:04.751,0.0149,0.0151,20.0,0.0148,15.0,14359.0,793.0
2021-01-05 09:44:05.260,0.0149,0.0151,20.0,0.0149,10.0,14359.0,793.0
2021-01-05 09:44:05.750,0.0149,0.0151,20.0,0.0149,15.0,14359.0,793.0
2021-01-05 09:44:06.261,0.0149,0.0151,20.0,0.0149,15.0,14359.0,793.0
2021-01-05 09:44:06.770,0.0149,0.0151,35.0,0.0148,45.0,14359.0,793.0
2021-01-05 09:44:07.281,0.0149,0.0151,20.0,0.0148,30.0,14359.0,793.0
2021-01-05 09:44:07.750,0.0149,0.0151,35.0,0.0148,45.0,14359.0,793.0
2021-01-05 09:44:09.150,0.0149,0.0151,35.0,0.0148,45.0,14359.0,793.0
2021-01-05 09:44:10.280,0.0149,0.0151,20.0,0.0148,30.0,14359.0,793.0
2021-01-05 09:44:10.781,0.0149,0.0151,35.0,0.0148,25.0,14359.0,793.0
2021-01-05 09:44:11.271,0.0149,0.0151,10.0,0.0148,10.0,14359.0,793.0
2021-01-05 09:44:11.770,0.0149,0.0151,20.0,0.0148,10.0,14359.0,793.0
2021-01-05 09:44:12.270,0.0149,0.0151,20.0,0.0148,30.0,14359.0,793.0
2021-01-05 09:44:12.781,0.0149,0.0151,35.0,0.0148,45.0,14359.0,793.0
2021-01-05 09:44:13.230,0.0149,0.0151,35.0,0.0148,25.0,14359.0,793.0
2021-01-05 09:44:13.770,0.0149,0.0151,35.0,0.0148,25.0,14359.0,793.0
2021-01-05 09:44:14.260,0.0149,0.0151,20.0,0.0149,15.0,14359.0,793.0
2021-01-05 09:44:14.781,0.0149,0.0151,20.0,0.0149,15.0,14359.0,793.0
2021-01-05 09:44:15.280,0.0149,0.0151,20.0,0.0149,15.0,14359.0,793.0
2021-01-05 09:44:15.780,0.0149,0.0151,20.0,0.0148,10.0,14359.0,793.0
2021-01-05 09:44:16.281,0.0149,0.0151,20.0,0.0149,15.0,14359.0,793.0
2021-01-05 09:44:17.770,0.0149,0.0151,35.0,0.0148,25.0,14359.0,793.0
2021-01-05 09:44:18.231,0.0149,0.0151,35.0,0.0148,25.0,14359.0,793.0
2021-01-05 09:44:19.801,0.0149,0.0151,35.0,0.0148,25.0,14359.0,793.0
2021-01-05 09:44:20.300,0.0149,0.015,15.0,0.0148,10.0,14359.0,793.0
2021-01-05 09:44:20.780,0.0149,0.0151,25.0,0.0148,25.0,14359.0,793.0
2021-01-05 09:44:21.270,0.0149,0.0151,35.0,0.0148,25.0,14359.0,793.0
2021-01-05 09:44:21.760,0.0149,0.0151,35.0,0.0148,25.0,14359.0,793.0
2021-01-05 09:44:22.250,0.0149,0.0151,20.0,0.0148,10.0,14359.0,793.0
2021-01-05 09:44:22.661,0.0149,0.0151,20.0,0.0148,25.0,14359.0,793.0
2021-01-05 09:44:23.130,0.0149,0.0151,20.0,0.0149,15.0,14359.0,793.0
2021-01-05 09:44:25.120,0.0149,0.0151,20.0,0.0148,10.0,14359.0,793.0
2021-01-05 09:44:25.660,0.0149,0.0151,35.0,0.0148,25.0,14359.0,793.0
2021-01-05 09:44:26.701,0.0149,0.0151,35.0,0.0148,25.0,14359.0,793.0
2021-01-05 09:44:27.201,0.0149,0.0151,35.0,0.0148,25.0,14359.0,793.0
2021-01-05 09:44:27.710,0.0149,0.0151,35.0,0.0148,25.0,14359.0,793.0
2021-01-05 09:44:28.680,0.0149,0.0151,35.0,0.0148,25.0,14359.0,793.0
2021-01-05 09:44:29.200,0.0149,0.0151,35.0,0.0148,25.0,14359.0,793.0
2021-01-05 09:44:29.631,0.0149,0.0151,20.0,0.0148,30.0,14359.0,793.0
2021-01-05 09:44:30.201,0.0149,0.015,20.0,0.0148,45.0,14359.0,793.0
2021-01-05 09:44:30.720,0.0149,0.015,35.0,0.0148,10.0,14359.0,793.0
2021-01-05 09:44:32.220,0.0149,0.015,20.0,0.0148,45.0,14359.0,793.0
2021-01-05 09:44:32.691,0.0149,0.015,20.0,0.0148,30.0,14359.0,793.0
2021-01-05 09:44:33.240,0.0149,0.015,35.0,0.0148,30.0,14359.0,793.0
2021-01-05 09:44:33.730,0.0149,0.015,20.0,0.0148,45.0,14359.0,793.0
2021-01-05 09:44:34.631,0.0149,0.015,20.0,0.0148,45.0,14359.0,793.0
2021-01-05 09:44:37.240,0.0149,0.015,20.0,0.0148,45.0,14359.0,793.0
2021-01-05 09:44:37.751,0.0149,0.015,20.0,0.0148,25.0,14359.0,793.0
2021-01-05 09:44:39.661,0.0149,0.015,20.0,0.0149,15.0,14359.0,793.0
2021-01-05 09:44:40.250,0.0149,0.015,20.0,0.0148,30.0,14359.0,793.0
2021-01-05 09:44:40.740,0.0149,0.015,20.0,0.0148,45.0,14359.0,793.0
2021-01-05 09:44:43.251,0.0149,0.015,20.0,0.0148,45.0,14359.0,793.0
2021-01-05 09:44:43.760,0.015,0.0151,25.0,0.015,1.0,14359.0,813.0
2021-01-05 09:44:44.260,0.015,0.0151,35.0,0.015,36.0,14359.0,814.0
2021-01-05 09:44:44.761,0.015,0.0151,35.0,0.015,40.0,14359.0,820.0
2021-01-05 09:44:45.261,0.015,0.0151,35.0,0.015,50.0,14359.0,820.0
2021-01-05 09:44:45.760,0.015,0.0151,20.0,0.015,32.0,14359.0,838.0
2021-01-05 09:44:46.271,0.015,0.0151,20.0,0.0147,15.0,14369.0,870.0
2021-01-05 09:44:46.771,0.015,0.0151,25.0,0.0148,15.0,14369.0,870.0
2021-01-05 09:44:47.251,0.0151,0.015,10.0,0.0149,15.0,14379.0,880.0
2021-01-05 09:44:47.770,0.0151,0.015,10.0,0.0148,15.0,14379.0,880.0
2021-01-05 09:44:48.271,0.0151,0.0153,48.0,0.0148,15.0,14379.0,880.0
2021-01-05 09:44:48.780,0.0151,0.0153,48.0,0.0148,15.0,14379.0,880.0
2021-01-05 09:44:49.800,0.0151,0.0153,33.0,0.0148,15.0,14379.0,880.0
2021-01-05 09:44:50.300,0.0151,0.0152,3.0,0.0148,15.0,14379.0,880.0
2021-01-05 09:44:50.811,0.0151,0.0151,30.0,0.0147,35.0,14379.0,880.0
2021-01-05 09:44:51.231,0.0151,0.0151,30.0,0.0148,15.0,14379.0,880.0
2021-01-05 09:44:51.650,0.0151,0.0151,45.0,0.0148,15.0,14379.0,880.0
2021-01-05 09:44:53.201,0.0151,0.0151,30.0,0.0148,15.0,14379.0,880.0
2021-01-05 09:44:53.621,0.0151,0.0151,30.0,0.0149,10.0,14379.0,880.0
2021-01-05 09:44:54.201,0.0151,0.0151,30.0,0.0149,25.0,14379.0,880.0
2021-01-05 09:44:55.150,0.0151,0.0151,30.0,0.0149,15.0,14379.0,880.0
2021-01-05 09:44:55.700,0.0151,0.0151,45.0,0.0148,25.0,14379.0,880.0
2021-01-05 09:44:56.220,0.0151,0.0151,45.0,0.0148,25.0,14379.0,880.0
2021-01-05 09:44:56.720,0.0151,0.0151,10.0,0.0149,15.0,14379.0,880.0
2021-01-05 09:44:57.680,0.0151,0.0151,10.0,0.0148,10.0,14379.0,880.0
2021-01-05 09:44:58.120,0.0151,0.0151,10.0,0.015,10.0,14379.0,880.0
2021-01-05 09:44:58.720,0.0151,0.0151,10.0,0.0149,25.0,14379.0,880.0
2021-01-05 09:44:59.190,0.0151,0.0151,15.0,0.0149,10.0,14379.0,880.0
2021-01-05 09:44:59.711,0.0151,0.0152,15.0,0.0151,10.0,14379.0,880.0
2021-01-05 09:45:00.061,0.0151,0.0152,25.0,0.0151,10.0,14379.0,880.0
2021-01-05 09:45:00.591,0.0152,0.0152,25.0,0.0149,15.0,14389.0,890.0
2021-01-05 09:45:01.221,0.0152,0.0152,10.0,0.0149,15.0,14399.0,900.0
2021-01-05 09:45:01.680,0.0152,0.0152,10.0,0.0149,15.0,14399.0,900.0
2021-01-05 09:45:02.061,0.0152,0.0152,10.0,0.0149,35.0,14399.0,900.0
2021-01-05 09:45:02.710,0.0152,0.0152,10.0,0.015,15.0,14399.0,900.0
2021-01-05 09:45:03.190,0.0152,0.0152,10.0,0.0149,20.0,14399.0,900.0
2021-01-05 09:45:03.680,0.0152,0.0152,10.0,0.015,15.0,14399.0,900.0
2021-01-05 09:45:04.191,0.0152,0.0152,10.0,0.0149,15.0,14399.0,900.0
2021-01-05 09:45:04.700,0.0152,0.0152,10.0,0.0148,35.0,14399.0,900.0
2021-01-05 09:45:05.221,0.0152,0.0152,25.0,0.0149,15.0,14399.0,900.0
2021-01-05 09:45:05.720,0.0152,0.0152,10.0,0.0149,15.0,14399.0,900.0
2021-01-05 09:45:06.220,0.0152,0.0152,10.0,0.0149,35.0,14399.0,900.0
2021-01-05 09:45:06.721,0.0152,0.0152,10.0,0.015,25.0,14399.0,900.0
2021-01-05 09:45:07.130,0.0152,0.0152,10.0,0.015,15.0,14399.0,900.0
2021-01-05 09:45:07.720,0.0152,0.0152,10.0,0.015,15.0,14399.0,900.0
2021-01-05 09:45:08.181,0.0152,0.0152,25.0,0.0149,25.0,14399.0,900.0
2021-01-05 09:45:08.700,0.0152,0.0152,10.0,0.015,15.0,14399.0,900.0
2021-01-05 09:45:09.720,0.0152,0.0152,10.0,0.0151,10.0,14399.0,900.0
2021-01-05 09:45:10.200,0.0152,0.0152,10.0,0.015,25.0,14399.0,900.0
2021-01-05 09:45:10.700,0.0152,0.0152,10.0,0.015,25.0,14399.0,900.0
2021-01-05 09:45:11.720,0.0152,0.0152,10.0,0.0151,15.0,14399.0,900.0
2021-01-05 09:45:12.150,0.0152,0.0152,10.0,0.015,10.0,14399.0,900.0
2021-01-05 09:45:13.220,0.0152,0.0152,10.0,0.015,10.0,14399.0,900.0
2021-01-05 09:45:13.681,0.0152,0.0152,10.0,0.015,10.0,14399.0,900.0
2021-01-05 09:45:14.181,0.0152,0.0152,10.0,0.015,10.0,14399.0,900.0
2021-01-05 09:45:15.230,0.0152,0.0152,10.0,0.015,10.0,14399.0,900.0
2021-01-05 09:45:15.721,0.0152,0.0152,25.0,0.015,10.0,14399.0,900.0
2021-01-05 09:45:16.230,0.0152,0.0152,10.0,0.015,25.0,14399.0,900.0
2021-01-05 09:45:17.731,0.0152,0.0152,10.0,0.0151,15.0,14399.0,900.0
2021-01-05 09:45:18.230,0.0152,0.0152,10.0,0.015,25.0,14399.0,900.0
2021-01-05 09:45:18.691,0.0152,0.0152,10.0,0.015,25.0,14399.0,900.0
2021-01-05 09:45:19.191,0.0152,0.0152,10.0,0.015,25.0,14399.0,900.0
2021-01-05 09:45:19.731,0.0152,0.0152,25.0,0.015,10.0,14399.0,900.0
2021-01-05 09:45:20.240,0.0152,0.0152,15.0,0.015,10.0,14399.0,900.0
2021-01-05 09:45:20.741,0.0152,0.0151,10.0,0.015,10.0,14399.0,900.0
2021-01-05 09:45:21.191,0.0152,0.0151,10.0,0.015,25.0,14399.0,900.0
2021-01-05 09:45:22.240,0.0152,0.0153,15.0,0.015,25.0,14399.0,900.0
2021-01-05 09:45:22.710,0.0152,0.0152,10.0,0.015,10.0,14399.0,900.0
2021-01-05 09:45:23.160,0.0152,0.0152,25.0,0.015,10.0,14399.0,900.0
2021-01-05 09:45:24.701,0.0152,0.0152,25.0,0.015,10.0,14399.0,900.0
2021-01-05 09:45:25.131,0.0152,0.0151,15.0,0.015,10.0,14399.0,900.0
2021-01-05 09:45:25.661,0.0152,0.0151,15.0,0.015,30.0,14399.0,900.0
2021-01-05 09:45:26.220,0.0152,0.0151,10.0,0.015,30.0,14399.0,900.0
2021-01-05 09:45:26.681,0.0152,0.0151,25.0,0.015,30.0,14399.0,900.0
2021-01-05 09:45:27.211,0.0152,0.0151,25.0,0.015,10.0,14399.0,900.0
2021-01-05 09:45:29.701,0.0152,0.0151,25.0,0.015,10.0,14399.0,900.0
2021-01-05 09:45:30.210,0.0152,0.0151,15.0,0.015,10.0,14399.0,900.0
2021-01-05 09:45:30.700,0.0152,0.0151,10.0,0.015,10.0,14399.0,900.0
2021-01-05 09:45:31.211,0.0152,0.0151,25.0,0.015,10.0,14399.0,900.0
2021-01-05 09:45:31.701,0.0152,0.0151,10.0,0.015,10.0,14399.0,900.0
2021-01-05 09:45:32.160,0.0152,0.0151,25.0,0.015,10.0,14399.0,900.0
2021-01-05 09:45:32.690,0.0152,0.0151,10.0,0.015,10.0,14399.0,900.0
2021-01-05 09:45:34.220,0.0152,0.0151,10.0,0.015,10.0,14399.0,900.0
2021-01-05 09:45:35.190,0.0152,0.0152,15.0,0.015,10.0,14399.0,900.0
2021-01-05 09:45:35.651,0.015,0.0152,28.0,0.015,3.0,14406.0,907.0
2021-01-05 09:45:36.240,0.015,0.0152,18.0,0.015,2.0,14407.0,908.0
2021-01-05 09:45:36.730,0.015,0.0151,10.0,0.015,2.0,14407.0,908.0
2021-01-05 09:45:37.230,0.015,0.015,15.0,0.0147,35.0,14409.0,910.0
2021-01-05 09:45:37.731,0.015,0.0152,3.0,0.0148,15.0,14409.0,910.0
2021-01-05 09:45:38.240,0.015,0.0152,3.0,0.0148,15.0,14409.0,910.0
2021-01-05 09:45:38.721,0.015,0.0151,25.0,0.0148,15.0,14409.0,910.0
2021-01-05 09:45:39.210,0.0151,0.0151,15.0,0.0148,35.0,14419.0,920.0
2021-01-05 09:45:39.700,0.0151,0.0151,25.0,0.0146,15.0,14419.0,920.0
2021-01-05 09:45:40.240,0.0151,0.0151,10.0,0.0148,20.0,14419.0,920.0
2021-01-05 09:45:40.730,0.0151,0.0151,10.0,0.0149,15.0,14419.0,920.0
2021-01-05 09:45:41.220,0.0151,0.0151,10.0,0.0147,15.0,14419.0,920.0
2021-01-05 09:45:41.700,0.0151,0.0151,10.0,0.0147,35.0,14419.0,920.0
2021-01-05 09:45:42.240,0.0151,0.0151,25.0,0.0148,15.0,14419.0,920.0
2021-01-05 09:45:42.711,0.0151,0.0151,10.0,0.0148,15.0,14419.0,920.0
2021-01-05 09:45:43.041,0.0151,0.0151,25.0,0.0148,15.0,14419.0,920.0
2021-01-05 09:45:43.731,0.0151,0.015,15.0,0.0147,35.0,14419.0,920.0
2021-01-05 09:45:44.201,0.0151,0.015,15.0,0.0147,35.0,14419.0,920.0
2021-01-05 09:45:44.711,0.0151,0.0151,15.0,0.0147,20.0,14419.0,920.0
2021-01-05 09:45:45.220,0.0149,0.0149,5.0,0.0147,20.0,14429.0,930.0
2021-01-05 09:45:45.681,0.0149,0.015,15.0,0.0147,15.0,14429.0,930.0
2021-01-05 09:45:46.240,0.0149,0.0151,15.0,0.0146,45.0,14429.0,930.0
2021-01-05 09:45:46.751,0.0149,0.0151,10.0,0.0147,35.0,14429.0,930.0
2021-01-05 09:45:47.241,0.0149,0.0151,25.0,0.0148,15.0,14429.0,930.0
2021-01-05 09:45:47.731,0.0149,0.0152,18.0,0.0147,35.0,14429.0,930.0
2021-01-05 09:45:48.201,0.0149,0.0151,28.0,0.0148,15.0,14429.0,930.0
2021-01-05 09:45:49.221,0.0149,0.0151,13.0,0.0147,20.0,14429.0,930.0
2021-01-05 09:45:50.251,0.0149,0.015,15.0,0.0147,15.0,14429.0,930.0
2021-01-05 09:45:50.691,0.0149,0.0151,18.0,0.0148,10.0,14429.0,930.0
2021-01-05 09:45:51.221,0.0149,0.015,15.0,0.0148,10.0,14429.0,930.0
2021-01-05 09:45:51.721,0.0149,0.015,15.0,0.0148,10.0,14429.0,930.0
2021-01-05 09:45:52.641,0.0149,0.015,15.0,0.0149,10.0,14429.0,930.0
2021-01-05 09:45:54.710,0.0149,0.015,15.0,0.0149,10.0,14429.0,930.0
2021-01-05 09:45:55.230,0.0149,0.015,15.0,0.0149,10.0,14429.0,930.0
