,last,ask1,asize1,bid1,bsize1,oi,volume
2021-01-05 09:25:00.080,,0.003,55.0,0.0029,1.0,35326.0,
2021-01-05 09:30:00.451,0.003,0.003,35.0,0.0029,21.0,35346.0,20.0
2021-01-05 09:30:00.991,0.003,0.0032,20.0,0.003,17.0,35381.0,55.0
2021-01-05 09:30:01.481,0.003,0.0032,20.0,0.003,7.0,35391.0,65.0
2021-01-05 09:30:01.990,0.003,0.0031,10.0,0.003,7.0,35391.0,65.0
2021-01-05 09:30:02.501,0.003,0.0032,30.0,0.003,7.0,35391.0,65.0
2021-01-05 09:30:02.870,0.003,0.0031,10.0,0.003,27.0,35391.0,65.0
2021-01-05 09:30:03.980,0.003,0.0031,10.0,0.003,27.0,35391.0,65.0
2021-01-05 09:30:04.430,0.003,0.0032,30.0,0.003,27.0,35391.0,65.0
2021-01-05 09:30:05.010,0.003,0.0032,30.0,0.003,27.0,35391.0,65.0
2021-01-05 09:30:05.471,0.003,0.0032,30.0,0.003,27.0,35391.0,65.0
2021-01-05 09:30:05.990,0.003,0.0032,30.0,0.003,7.0,35391.0,65.0
2021-01-05 09:30:06.480,0.003,0.0032,30.0,0.003,27.0,35391.0,65.0
2021-01-05 09:30:06.971,0.003,0.0032,20.0,0.003,27.0,35391.0,65.0
2021-01-05 09:30:07.471,0.003,0.0032,30.0,0.003,27.0,35391.0,65.0
2021-01-05 09:30:08.001,0.003,0.0032,20.0,0.003,27.0,35391.0,65.0
2021-01-05 09:30:08.520,0.003,0.0032,30.0,0.003,27.0,35391.0,65.0
2021-01-05 09:30:08.960,0.003,0.0032,20.0,0.003,27.0,35391.0,65.0
2021-01-05 09:30:09.490,0.003,0.0032,30.0,0.003,27.0,35391.0,65.0
2021-01-05 09:30:10.501,0.003,0.0032,30.0,0.003,27.0,35391.0,65.0
2021-01-05 09:30:11.521,0.003,0.0032,30.0,0.003,27.0,35391.0,65.0
2021-01-05 09:30:12.521,0.003,0.0032,30.0,0.003,27.0,35391.0,65.0
2021-01-05 09:30:12.900,0.003,0.0032,20.0,0.003,27.0,35391.0,65.0
2021-01-05 09:30:13.941,0.003,0.0032,30.0,0.003,27.0,35391.0,65.0
2021-01-05 09:30:15.520,0.003,0.0032,30.0,0.003,27.0,35391.0,65.0
2021-01-05 09:30:15.991,0.003,0.0032,20.0,0.003,27.0,35391.0,65.0
2021-01-05 09:30:15.991,0.003,0.0031,10.0,0.003,27.0,35391.0,65.0
2021-01-05 09:30:17.641,0.003,0.0031,10.0,0.003,27.0,35391.0,65.0
2021-01-05 09:30:18.231,0.003,0.0031,10.0,0.003,27.0,35391.0,65.0
2021-01-05 09:30:19.251,0.003,0.0031,10.0,0.003,7.0,35391.0,65.0
2021-01-05 09:30:19.751,0.0032,0.0033,20.0,0.003,7.0,35421.0,95.0
2021-01-05 09:30:20.240,0.0033,0.0034,15.0,0.003,7.0,35451.0,125.0
2021-01-05 09:30:20.740,0.0035,0.0035,15.0,0.003,27.0,35481.0,155.0
2021-01-05 09:30:21.241,0.0035,0.0035,15.0,0.003,7.0,35481.0,155.0
2021-01-05 09:30:21.741,0.0033,0.0038,32.0,0.0036,20.0,35521.0,195.0
2021-01-05 09:30:22.240,0.0036,0.0036,10.0,0.0033,10.0,35541.0,215.0
2021-01-05 09:30:22.671,0.0036,0.0036,10.0,0.0033,10.0,35571.0,245.0
2021-01-05 09:30:23.170,0.0036,0.0038,12.0,0.003,7.0,35591.0,275.0
2021-01-05 09:30:25.160,0.0036,0.0038,32.0,0.003,27.0,35591.0,275.0
2021-01-05 09:30:30.171,0.0036,0.0038,32.0,0.003,27.0,35591.0,275.0
2021-01-05 09:30:33.181,0.0036,0.0037,15.0,0.003,27.0,35591.0,275.0
2021-01-05 09:30:33.671,0.0036,0.0037,35.0,0.003,27.0,35591.0,275.0
2021-01-05 09:30:34.191,0.0036,0.0034,10.0,0.0031,10.0,35591.0,275.0
2021-01-05 09:30:34.670,0.0036,0.0033,15.0,0.0031,20.0,35591.0,275.0
2021-01-05 09:30:35.121,0.0036,0.0033,10.0,0.003,37.0,35591.0,275.0
2021-01-05 09:30:35.680,0.0036,0.0033,10.0,0.003,42.0,35591.0,275.0
2021-01-05 09:30:36.170,0.0036,0.0033,10.0,0.003,52.0,35591.0,275.0
2021-01-05 09:30:36.681,0.0036,0.0033,10.0,0.003,42.0,35591.0,275.0
2021-01-05 09:30:37.171,0.0036,0.0033,10.0,0.003,42.0,35591.0,275.0
2021-01-05 09:30:37.670,0.0036,0.0033,10.0,0.003,42.0,35591.0,275.0
2021-01-05 09:30:38.700,0.0036,0.0033,10.0,0.003,42.0,35591.0,275.0
2021-01-05 09:30:39.201,0.0036,0.0033,10.0,0.003,42.0,35591.0,275.0
2021-01-05 09:30:40.170,0.0036,0.0033,10.0,0.003,42.0,35591.0,275.0
2021-01-05 09:30:40.690,0.0036,0.0033,10.0,0.003,42.0,35591.0,275.0
2021-01-05 09:30:42.671,0.0036,0.0033,10.0,0.003,42.0,35591.0,275.0
2021-01-05 09:30:43.180,0.0036,0.0033,10.0,0.003,42.0,35591.0,275.0
2021-01-05 09:30:43.681,0.0036,0.0033,10.0,0.003,42.0,35591.0,275.0
2021-01-05 09:30:46.200,0.0036,0.0033,10.0,0.003,42.0,35591.0,275.0
2021-01-05 09:30:46.671,0.0036,0.0033,10.0,0.003,42.0,35591.0,275.0
2021-01-05 09:30:49.700,0.0036,0.0032,10.0,0.003,42.0,35591.0,275.0
2021-01-05 09:30:51.721,0.0036,0.0032,10.0,0.003,27.0,35591.0,275.0
2021-01-05 09:30:53.120,0.0036,0.0032,10.0,0.0031,15.0,35591.0,275.0
2021-01-05 09:30:53.660,0.0036,0.0034,30.0,0.0031,15.0,35591.0,275.0
2021-01-05 09:30:54.130,0.0036,0.0033,10.0,0.0031,15.0,35591.0,275.0
2021-01-05 09:30:55.671,0.0036,0.0033,10.0,0.0031,15.0,35591.0,275.0
2021-01-05 09:30:56.170,0.0036,0.0033,10.0,0.0031,15.0,35591.0,275.0
2021-01-05 09:30:56.660,0.0036,0.0033,10.0,0.0031,15.0,35591.0,275.0
2021-01-05 09:30:57.171,0.0036,0.0033,10.0,0.003,52.0,35591.0,275.0
2021-01-05 09:30:57.600,0.0036,0.0033,10.0,0.0031,15.0,35591.0,275.0
2021-01-05 09:30:58.091,0.0036,0.0033,40.0,0.0031,45.0,35591.0,275.0
2021-01-05 09:30:59.081,0.0036,0.0033,40.0,0.0031,30.0,35591.0,275.0
2021-01-05 09:31:00.161,0.0036,0.0033,40.0,0.0031,30.0,35591.0,275.0
2021-01-05 09:31:00.681,0.0036,0.0033,40.0,0.0031,30.0,35591.0,275.0
2021-01-05 09:31:01.140,0.0036,0.0033,40.0,0.0031,45.0,35591.0,275.0
2021-01-05 09:31:02.170,0.0036,0.0033,40.0,0.0031,45.0,35591.0,275.0
2021-01-05 09:31:02.681,0.0036,0.0033,40.0,0.0031,45.0,35591.0,275.0
2021-01-05 09:31:03.131,0.0036,0.0033,40.0,0.0031,45.0,35591.0,275.0
2021-01-05 09:31:03.680,0.0036,0.0033,40.0,0.0031,30.0,35591.0,275.0
2021-01-05 09:31:04.181,0.0036,0.0033,10.0,0.0032,15.0,35591.0,275.0
2021-01-05 09:31:04.671,0.0036,0.0034,40.0,0.0032,15.0,35591.0,275.0
2021-01-05 09:31:05.190,0.0036,0.0034,40.0,0.0032,45.0,35591.0,275.0
2021-01-05 09:31:05.661,0.0036,0.0034,40.0,0.0032,45.0,35591.0,275.0
2021-01-05 09:31:06.160,0.0036,0.0034,40.0,0.0032,30.0,35591.0,275.0
2021-01-05 09:31:06.681,0.0036,0.0034,40.0,0.0032,30.0,35591.0,275.0
2021-01-05 09:31:07.670,0.0036,0.0034,40.0,0.0032,30.0,35591.0,275.0
2021-01-05 09:31:08.200,0.0036,0.0034,55.0,0.0032,30.0,35591.0,275.0
2021-01-05 09:31:08.650,0.0036,0.0033,10.0,0.0031,30.0,35591.0,275.0
2021-01-05 09:31:09.701,0.0036,0.0033,10.0,0.0031,30.0,35591.0,275.0
2021-01-05 09:31:10.200,0.0036,0.0033,40.0,0.0031,30.0,35591.0,275.0
2021-01-05 09:31:11.701,0.0036,0.0033,40.0,0.0031,30.0,35591.0,275.0
2021-01-05 09:31:12.621,0.0036,0.0033,40.0,0.0031,50.0,35591.0,275.0
2021-01-05 09:31:13.170,0.0036,0.0033,40.0,0.0031,30.0,35591.0,275.0
2021-01-05 09:31:14.690,0.0036,0.0033,40.0,0.0031,50.0,35591.0,275.0
2021-01-05 09:31:16.711,0.0033,0.0033,10.0,0.0031,50.0,35621.0,305.0
2021-01-05 09:31:17.201,0.0033,0.0033,20.0,0.0031,50.0,35621.0,305.0
2021-01-05 09:31:17.710,0.0035,0.0035,25.0,0.0031,50.0,35681.0,365.0
2021-01-05 09:31:18.201,0.0035,0.0033,30.0,0.0031,50.0,35681.0,365.0
2021-01-05 09:31:18.720,0.0033,0.0034,35.0,0.0031,50.0,35711.0,395.0
2021-01-05 09:31:19.150,0.0034,0.0033,30.0,0.0031,30.0,35741.0,425.0
2021-01-05 09:31:19.721,0.0033,0.0034,15.0,0.0031,30.0,35771.0,455.0
2021-01-05 09:31:20.171,0.0033,0.0033,10.0,0.0031,30.0,35791.0,475.0
2021-01-05 09:31:20.701,0.0033,0.0033,10.0,0.0031,30.0,35791.0,475.0
2021-01-05 09:31:21.671,0.0033,0.0033,10.0,0.0031,30.0,35791.0,475.0
2021-01-05 09:31:23.171,0.0033,0.0034,45.0,0.0031,30.0,35791.0,475.0
2021-01-05 09:31:24.161,0.0033,0.0034,55.0,0.0031,40.0,35791.0,475.0
2021-01-05 09:31:25.150,0.0033,0.0034,55.0,0.0031,30.0,35791.0,475.0
2021-01-05 09:31:25.640,0.0033,0.0033,30.0,0.0031,30.0,35791.0,475.0
2021-01-05 09:31:26.681,0.0033,0.0033,30.0,0.0031,30.0,35791.0,475.0
2021-01-05 09:31:27.171,0.0033,0.0033,40.0,0.0031,30.0,35791.0,475.0
2021-01-05 09:31:27.590,0.0033,0.0033,45.0,0.0031,30.0,35791.0,475.0
2021-01-05 09:31:29.171,0.0033,0.0033,45.0,0.0031,30.0,35791.0,475.0
2021-01-05 09:31:30.671,0.0033,0.0033,45.0,0.0031,50.0,35791.0,475.0
2021-01-05 09:31:33.190,0.0033,0.0033,55.0,0.0031,50.0,35791.0,475.0
2021-01-05 09:31:33.680,0.0033,0.0033,30.0,0.0031,50.0,35791.0,475.0
2021-01-05 09:31:34.181,0.0033,0.0033,40.0,0.0031,50.0,35791.0,475.0
2021-01-05 09:31:34.681,0.0033,0.0033,30.0,0.0031,60.0,35791.0,475.0
2021-01-05 09:31:35.190,0.0033,0.0033,40.0,0.0031,50.0,35791.0,475.0
2021-01-05 09:31:35.670,0.0033,0.0033,30.0,0.0031,50.0,35791.0,475.0
2021-01-05 09:31:36.690,0.0033,0.0033,30.0,0.0031,50.0,35791.0,475.0
2021-01-05 09:31:37.191,0.0033,0.0033,40.0,0.0031,50.0,35791.0,475.0
2021-01-05 09:31:37.620,0.0033,0.0033,40.0,0.0031,50.0,35791.0,475.0
2021-01-05 09:31:38.690,0.0033,0.0033,30.0,0.0031,30.0,35791.0,475.0
2021-01-05 09:31:39.210,0.0033,0.0033,55.0,0.0031,30.0,35791.0,475.0
2021-01-05 09:31:39.710,0.0033,0.0033,55.0,0.0031,30.0,35791.0,475.0
2021-01-05 09:31:41.700,0.0033,0.0033,55.0,0.0031,30.0,35791.0,475.0
2021-01-05 09:31:42.211,0.0033,0.0033,45.0,0.0031,30.0,35791.0,475.0
2021-01-05 09:31:43.191,0.0033,0.0033,45.0,0.0031,30.0,35791.0,475.0
2021-01-05 09:31:43.710,0.0033,0.0033,45.0,0.0031,30.0,35791.0,475.0
2021-01-05 09:31:44.190,0.0033,0.0033,45.0,0.0031,30.0,35791.0,475.0
2021-01-05 09:31:45.170,0.0033,0.0033,55.0,0.0031,30.0,35791.0,475.0
2021-01-05 09:31:45.621,0.0033,0.0032,20.0,0.0031,30.0,35791.0,475.0
2021-01-05 09:31:46.171,0.0033,0.0032,20.0,0.0031,30.0,35791.0,475.0
2021-01-05 09:31:49.221,0.0033,0.0032,20.0,0.0031,30.0,35791.0,475.0
2021-01-05 09:31:50.191,0.0033,0.0032,20.0,0.003,67.0,35791.0,475.0
2021-01-05 09:31:50.710,0.0033,0.0032,20.0,0.003,57.0,35791.0,475.0
2021-01-05 09:31:51.210,0.0033,0.0032,20.0,0.003,67.0,35791.0,475.0
2021-01-05 09:31:51.701,0.0033,0.0032,20.0,0.003,57.0,35791.0,475.0
2021-01-05 09:31:52.621,0.0033,0.0032,20.0,0.003,57.0,35791.0,475.0
2021-01-05 09:31:53.640,0.0033,0.0032,50.0,0.003,57.0,35791.0,475.0
2021-01-05 09:31:54.151,0.0033,0.0032,60.0,0.003,57.0,35791.0,475.0
2021-01-05 09:31:54.641,0.0033,0.0032,50.0,0.003,57.0,35791.0,475.0
2021-01-05 09:31:55.670,0.0033,0.0032,60.0,0.003,57.0,35791.0,475.0
2021-01-05 09:31:56.110,0.0033,0.0032,50.0,0.003,57.0,35791.0,475.0
2021-01-05 09:31:56.681,0.0033,0.0032,50.0,0.003,57.0,35791.0,475.0
2021-01-05 09:31:57.171,0.0033,0.0032,65.0,0.003,57.0,35791.0,475.0
2021-01-05 09:31:57.180,0.0033,0.0032,65.0,0.003,57.0,35791.0,475.0
2021-01-05 09:31:58.150,0.0033,0.0032,65.0,0.003,57.0,35791.0,475.0
2021-01-05 09:31:58.640,0.0033,0.0032,65.0,0.003,57.0,35791.0,475.0
2021-01-05 09:31:59.660,0.0033,0.0032,65.0,0.003,57.0,35791.0,475.0
2021-01-05 09:32:00.150,0.0033,0.0032,50.0,0.003,67.0,35791.0,475.0
2021-01-05 09:32:00.650,0.0033,0.0032,50.0,0.003,57.0,35791.0,475.0
2021-01-05 09:32:01.170,0.0033,0.0032,50.0,0.003,37.0,35791.0,475.0
2021-01-05 09:32:01.670,0.0033,0.0032,50.0,0.003,47.0,35791.0,475.0
2021-01-05 09:32:02.171,0.0033,0.0032,50.0,0.003,67.0,35791.0,475.0
2021-01-05 09:32:03.180,0.0033,0.0032,50.0,0.003,67.0,35791.0,475.0
2021-01-05 09:32:04.630,0.0033,0.0032,30.0,0.003,57.0,35791.0,475.0
2021-01-05 09:32:05.660,0.0033,0.0032,30.0,0.003,37.0,35791.0,475.0
2021-01-05 09:32:06.161,0.0033,0.0032,30.0,0.003,37.0,35791.0,475.0
2021-01-05 09:32:06.680,0.0033,0.0032,30.0,0.003,47.0,35791.0,475.0
2021-01-05 09:32:07.671,0.0033,0.0032,40.0,0.003,37.0,35791.0,475.0
2021-01-05 09:32:08.171,0.0033,0.0032,40.0,0.003,37.0,35791.0,475.0
2021-01-05 09:32:09.141,0.0033,0.0032,40.0,0.003,37.0,35791.0,475.0
2021-01-05 09:32:10.161,0.0033,0.0032,40.0,0.003,37.0,35791.0,475.0
2021-01-05 09:32:10.630,0.0033,0.0032,40.0,0.003,37.0,35791.0,475.0
2021-01-05 09:32:11.650,0.0033,0.0032,40.0,0.003,37.0,35791.0,475.0
2021-01-05 09:32:12.161,0.0033,0.0032,40.0,0.003,37.0,35791.0,475.0
2021-01-05 09:32:13.171,0.0033,0.0032,40.0,0.003,37.0,35791.0,475.0
2021-01-05 09:32:14.660,0.0033,0.0032,40.0,0.003,37.0,35791.0,475.0
2021-01-05 09:32:15.671,0.0033,0.0032,40.0,0.003,37.0,35791.0,475.0
2021-01-05 09:32:16.551,0.0033,0.0032,40.0,0.003,37.0,35791.0,475.0
2021-01-05 09:32:18.130,0.0033,0.0032,53.0,0.003,37.0,35791.0,475.0
2021-01-05 09:32:19.131,0.0033,0.0032,40.0,0.003,50.0,35791.0,475.0
2021-01-05 09:32:26.171,0.0033,0.0032,40.0,0.003,50.0,35791.0,475.0
2021-01-05 09:32:27.670,0.0033,0.0032,40.0,0.003,50.0,35791.0,475.0
2021-01-05 09:32:28.171,0.0033,0.0032,40.0,0.003,50.0,35791.0,475.0
2021-01-05 09:32:36.190,0.0033,0.0032,40.0,0.003,50.0,35791.0,475.0
2021-01-05 09:32:41.690,0.0033,0.0032,53.0,0.003,37.0,35791.0,475.0
2021-01-05 09:32:42.151,0.003,0.0032,40.0,0.003,22.0,35798.0,490.0
2021-01-05 09:32:42.700,0.003,0.0032,40.0,0.003,35.0,35798.0,490.0
2021-01-05 09:32:44.971,0.003,0.0032,40.0,0.003,55.0,35798.0,490.0
2021-01-05 09:32:46.160,0.003,0.0032,40.0,0.003,35.0,35798.0,490.0
2021-01-05 09:32:49.670,0.003,0.0032,40.0,0.003,35.0,35798.0,490.0
2021-01-05 09:32:50.171,0.003,0.0032,30.0,0.003,13.0,35798.0,490.0
2021-01-05 09:32:50.700,0.003,0.0032,40.0,0.003,13.0,35798.0,490.0
2021-01-05 09:32:51.170,0.003,0.0032,40.0,0.0029,55.0,35798.0,490.0
2021-01-05 09:32:51.701,0.003,0.0032,53.0,0.0029,58.0,35798.0,490.0
2021-01-05 09:32:51.701,0.003,0.0032,68.0,0.0029,53.0,35798.0,490.0
2021-01-05 09:32:52.671,0.003,0.0032,68.0,0.0029,53.0,35798.0,490.0
2021-01-05 09:32:53.161,0.003,0.0032,68.0,0.003,30.0,35798.0,490.0
2021-01-05 09:32:53.641,0.003,0.0032,68.0,0.003,30.0,35798.0,490.0
2021-01-05 09:32:54.181,0.003,0.0032,68.0,0.003,30.0,35798.0,490.0
2021-01-05 09:32:54.671,0.003,0.0032,68.0,0.003,27.0,35798.0,493.0
2021-01-05 09:32:55.170,0.003,0.0032,68.0,0.003,27.0,35798.0,493.0
2021-01-05 09:32:55.650,0.003,0.0032,55.0,0.003,40.0,35798.0,493.0
2021-01-05 09:32:56.611,0.003,0.0032,40.0,0.003,40.0,35798.0,493.0
2021-01-05 09:32:57.181,0.003,0.0032,40.0,0.003,40.0,35798.0,493.0
2021-01-05 09:32:58.651,0.003,0.0032,53.0,0.003,27.0,35798.0,493.0
2021-01-05 09:32:58.920,0.003,0.0032,53.0,0.003,18.0,35798.0,502.0
2021-01-05 09:33:00.111,0.003,0.0032,55.0,0.003,31.0,35798.0,502.0
2021-01-05 09:33:00.651,0.003,0.0032,40.0,0.003,31.0,35798.0,502.0
2021-01-05 09:33:01.141,0.003,0.0032,53.0,0.003,18.0,35798.0,502.0
2021-01-05 09:33:01.661,0.003,0.0032,53.0,0.003,11.0,35798.0,509.0
2021-01-05 09:33:02.130,0.003,0.0032,68.0,0.003,11.0,35798.0,509.0
2021-01-05 09:33:03.171,0.003,0.0032,68.0,0.003,8.0,35798.0,512.0
2021-01-05 09:33:03.681,0.003,0.0032,40.0,0.003,21.0,35798.0,512.0
2021-01-05 09:33:04.140,0.003,0.0032,40.0,0.003,21.0,35798.0,512.0
2021-01-05 09:33:05.181,0.003,0.0032,40.0,0.003,41.0,35798.0,512.0
2021-01-05 09:33:05.690,0.003,0.0032,40.0,0.003,21.0,35798.0,512.0
2021-01-05 09:33:06.170,0.003,0.0032,30.0,0.003,21.0,35798.0,512.0
2021-01-05 09:33:06.681,0.003,0.0032,53.0,0.003,8.0,35798.0,512.0
2021-01-05 09:33:07.171,0.003,0.0032,30.0,0.003,28.0,35798.0,512.0
2021-01-05 09:33:07.601,0.003,0.0032,40.0,0.003,21.0,35798.0,512.0
2021-01-05 09:33:08.681,0.003,0.0032,40.0,0.003,21.0,35798.0,512.0
2021-01-05 09:33:09.181,0.003,0.0032,55.0,0.003,21.0,35798.0,512.0
2021-01-05 09:33:09.651,0.003,0.0032,40.0,0.003,21.0,35798.0,512.0
2021-01-05 09:33:12.181,0.003,0.0032,53.0,0.003,8.0,35798.0,512.0
2021-01-05 09:33:13.100,0.003,0.0032,68.0,0.003,8.0,35798.0,512.0
2021-01-05 09:33:13.691,0.003,0.0032,40.0,0.003,8.0,35798.0,512.0
2021-01-05 09:33:14.160,0.003,0.0032,68.0,0.003,8.0,35798.0,512.0
2021-01-05 09:33:15.651,0.003,0.0032,68.0,0.003,28.0,35798.0,512.0
2021-01-05 09:33:16.181,0.003,0.0032,55.0,0.003,41.0,35798.0,512.0
2021-01-05 09:33:16.671,0.003,0.0032,40.0,0.003,41.0,35798.0,512.0
2021-01-05 09:33:17.190,0.003,0.0032,53.0,0.003,28.0,35798.0,512.0
2021-01-05 09:33:17.691,0.003,0.0032,40.0,0.003,41.0,35798.0,512.0
2021-01-05 09:33:18.680,0.003,0.0032,53.0,0.003,28.0,35798.0,512.0
2021-01-05 09:33:19.191,0.003,0.0032,40.0,0.003,41.0,35798.0,512.0
2021-01-05 09:33:19.660,0.003,0.0032,40.0,0.003,41.0,35798.0,512.0
2021-01-05 09:33:20.171,0.003,0.0032,53.0,0.003,28.0,35798.0,512.0
2021-01-05 09:33:20.680,0.003,0.0032,40.0,0.003,28.0,35798.0,512.0
2021-01-05 09:33:21.160,0.003,0.0032,40.0,0.003,41.0,35798.0,512.0
2021-01-05 09:33:23.660,0.003,0.0032,53.0,0.003,28.0,35798.0,512.0
2021-01-05 09:33:24.171,0.003,0.0032,53.0,0.003,28.0,35798.0,512.0
2021-01-05 09:33:24.251,0.003,0.0032,40.0,0.003,41.0,35798.0,512.0
2021-01-05 09:33:25.151,0.003,0.0032,53.0,0.003,28.0,35798.0,512.0
2021-01-05 09:33:25.671,0.003,0.0032,53.0,0.003,8.0,35798.0,512.0
2021-01-05 09:33:26.651,0.003,0.0032,53.0,0.003,8.0,35798.0,512.0
2021-01-05 09:33:27.171,0.003,0.0032,30.0,0.003,21.0,35798.0,512.0
2021-01-05 09:33:27.681,0.003,0.0032,53.0,0.003,8.0,35798.0,512.0
2021-01-05 09:33:28.180,0.003,0.0032,40.0,0.003,21.0,35798.0,512.0
2021-01-05 09:33:29.171,0.003,0.0032,53.0,0.003,8.0,35798.0,512.0
2021-01-05 09:33:30.670,0.003,0.0032,40.0,0.003,8.0,35798.0,512.0
2021-01-05 09:33:31.131,0.003,0.0032,55.0,0.003,21.0,35798.0,512.0
2021-01-05 09:33:31.680,0.003,0.0032,55.0,0.003,8.0,35798.0,512.0
2021-01-05 09:33:32.170,0.003,0.0032,68.0,0.003,8.0,35798.0,512.0
2021-01-05 09:33:33.171,0.003,0.0032,68.0,0.003,8.0,35798.0,512.0
2021-01-05 09:33:33.680,0.003,0.0032,53.0,0.003,8.0,35798.0,512.0
2021-01-05 09:33:34.070,0.003,0.0032,53.0,0.003,7.0,35798.0,513.0
2021-01-05 09:33:34.671,0.0032,0.0032,51.0,0.003,7.0,35800.0,515.0
2021-01-05 09:33:35.150,0.0032,0.0032,66.0,0.003,7.0,35800.0,515.0
2021-01-05 09:33:36.681,0.0032,0.0032,38.0,0.003,20.0,35800.0,515.0
2021-01-05 09:33:37.640,0.0032,0.0032,38.0,0.003,40.0,35800.0,515.0
2021-01-05 09:33:39.641,0.0032,0.0032,38.0,0.003,20.0,35800.0,515.0
2021-01-05 09:33:42.640,0.0032,0.0032,38.0,0.003,13.0,35800.0,515.0
2021-01-05 09:33:43.180,0.0032,0.0032,51.0,0.0029,88.0,35800.0,515.0
2021-01-05 09:33:43.681,0.0032,0.0032,51.0,0.0029,78.0,35800.0,515.0
2021-01-05 09:33:44.110,0.0032,0.0031,30.0,0.0029,65.0,35800.0,515.0
2021-01-05 09:33:44.671,0.0032,0.0031,30.0,0.0029,78.0,35800.0,515.0
2021-01-05 09:33:45.180,0.0032,0.0031,30.0,0.0029,78.0,35800.0,515.0
2021-01-05 09:33:46.161,0.0032,0.0031,40.0,0.0029,78.0,35800.0,515.0
2021-01-05 09:33:47.191,0.0032,0.0031,40.0,0.0029,63.0,35800.0,515.0
2021-01-05 09:33:50.130,0.0032,0.0031,60.0,0.0029,63.0,35800.0,515.0
2021-01-05 09:33:53.650,0.0032,0.0031,60.0,0.003,13.0,35800.0,515.0
2021-01-05 09:33:54.180,0.0032,0.0031,50.0,0.0029,63.0,35800.0,515.0
2021-01-05 09:33:54.610,0.0032,0.0031,60.0,0.0029,63.0,35800.0,515.0
2021-01-05 09:33:55.650,0.0032,0.0031,60.0,0.0029,63.0,35800.0,515.0
2021-01-05 09:34:00.671,0.0032,0.0031,60.0,0.0029,63.0,35800.0,515.0
2021-01-05 09:34:01.661,0.0032,0.0031,50.0,0.0029,63.0,35800.0,515.0
2021-01-05 09:34:02.671,0.0032,0.0031,60.0,0.0029,63.0,35800.0,515.0
2021-01-05 09:34:03.670,0.0032,0.0031,50.0,0.0029,63.0,35800.0,515.0
2021-01-05 09:34:04.120,0.0032,0.0031,60.0,0.0029,63.0,35800.0,515.0
2021-01-05 09:34:05.121,0.0032,0.0031,60.0,0.0029,63.0,35800.0,515.0
2021-01-05 09:34:06.191,0.0032,0.0031,60.0,0.0029,63.0,35800.0,515.0
2021-01-05 09:34:07.630,0.0032,0.0031,60.0,0.0029,63.0,35800.0,515.0
2021-01-05 09:34:08.690,0.0032,0.0031,60.0,0.0029,43.0,35800.0,515.0
2021-01-05 09:34:09.670,0.0032,0.0031,60.0,0.0029,63.0,35800.0,515.0
2021-01-05 09:34:10.140,0.0032,0.0031,75.0,0.0029,63.0,35800.0,515.0
2021-01-05 09:34:10.690,0.0032,0.0031,50.0,0.0029,63.0,35800.0,515.0
2021-01-05 09:34:11.151,0.0032,0.0031,60.0,0.0029,63.0,35800.0,515.0
2021-01-05 09:34:11.681,0.0032,0.0031,50.0,0.0029,63.0,35800.0,515.0
2021-01-05 09:34:12.121,0.0032,0.0031,60.0,0.0029,63.0,35800.0,515.0
2021-01-05 09:34:12.640,0.0032,0.0031,73.0,0.0029,50.0,35800.0,515.0
2021-01-05 09:34:13.191,0.0032,0.0031,75.0,0.0029,63.0,35800.0,515.0
2021-01-05 09:34:13.671,0.0032,0.0031,60.0,0.0029,63.0,35800.0,515.0
2021-01-05 09:34:14.181,0.0032,0.0031,50.0,0.0029,63.0,35800.0,515.0
2021-01-05 09:34:14.691,0.0032,0.0031,60.0,0.0029,63.0,35800.0,515.0
2021-01-05 09:34:15.181,0.0032,0.0031,50.0,0.0029,63.0,35800.0,515.0
2021-01-05 09:34:15.681,0.0032,0.0031,60.0,0.0029,63.0,35800.0,515.0
2021-01-05 09:34:16.190,0.0032,0.0031,60.0,0.0029,63.0,35800.0,515.0
2021-01-05 09:34:16.630,0.0032,0.0031,60.0,0.0029,63.0,35800.0,515.0
2021-01-05 09:34:17.690,0.0032,0.0031,60.0,0.0029,43.0,35800.0,515.0
2021-01-05 09:34:19.091,0.0031,0.0031,59.0,0.0029,63.0,35800.0,516.0
2021-01-05 09:34:19.700,0.0031,0.0031,49.0,0.0029,63.0,35800.0,516.0
2021-01-05 09:34:20.180,0.0031,0.0031,59.0,0.0029,63.0,35800.0,516.0
2021-01-05 09:34:20.651,0.0031,0.0031,59.0,0.0029,63.0,35800.0,516.0
2021-01-05 09:34:21.690,0.0031,0.0031,59.0,0.0029,43.0,35800.0,516.0
2021-01-05 09:34:22.151,0.0031,0.0031,59.0,0.0029,43.0,35800.0,516.0
2021-01-05 09:34:24.170,0.0031,0.0031,59.0,0.0029,63.0,35800.0,516.0
2021-01-05 09:34:25.171,0.0031,0.0031,59.0,0.0029,43.0,35800.0,516.0
2021-01-05 09:34:31.190,0.0031,0.0031,59.0,0.0029,43.0,35800.0,516.0
2021-01-05 09:34:31.691,0.0031,0.0031,49.0,0.0029,43.0,35800.0,516.0
2021-01-05 09:34:32.121,0.0031,0.0031,49.0,0.0029,43.0,35800.0,516.0
2021-01-05 09:34:33.090,0.0031,0.0031,49.0,0.0029,43.0,35800.0,516.0
2021-01-05 09:34:34.171,0.0031,0.0031,49.0,0.0029,43.0,35800.0,516.0
2021-01-05 09:34:34.640,0.0031,0.0031,49.0,0.0029,43.0,35800.0,516.0
2021-01-05 09:34:37.161,0.0031,0.0031,49.0,0.0029,43.0,35800.0,516.0
2021-01-05 09:34:37.700,0.0031,0.0031,62.0,0.0029,30.0,35800.0,516.0
2021-01-05 09:34:38.171,0.0031,0.0031,77.0,0.0029,30.0,35800.0,516.0
2021-01-05 09:34:40.171,0.0031,0.0031,77.0,0.0028,63.0,35800.0,516.0
2021-01-05 09:34:40.651,0.0031,0.0031,77.0,0.0028,63.0,35800.0,516.0
2021-01-05 09:34:40.920,0.0031,0.0031,77.0,0.0028,63.0,35800.0,516.0
2021-01-05 09:34:41.700,0.0031,0.0031,77.0,0.0028,63.0,35800.0,516.0
2021-01-05 09:34:42.171,0.0031,0.0031,77.0,0.0028,63.0,35800.0,516.0
2021-01-05 09:34:42.680,0.0031,0.0031,74.0,0.0029,13.0,35800.0,516.0
2021-01-05 09:34:43.660,0.0031,0.0031,74.0,0.0029,13.0,35800.0,516.0
2021-01-05 09:34:44.011,0.0031,0.0031,75.0,0.0029,13.0,35800.0,516.0
2021-01-05 09:34:44.701,0.0031,0.0031,88.0,0.0028,73.0,35800.0,516.0
2021-01-05 09:34:45.200,0.0031,0.0031,88.0,0.0028,63.0,35800.0,516.0
2021-01-05 09:34:45.721,0.0031,0.0031,88.0,0.0028,73.0,35800.0,516.0
2021-01-05 09:34:46.140,0.0031,0.0031,88.0,0.0028,63.0,35800.0,516.0
2021-01-05 09:34:46.660,0.0031,0.0031,75.0,0.0029,13.0,35800.0,516.0
2021-01-05 09:34:47.701,0.0031,0.003,30.0,0.0028,73.0,35800.0,516.0
2021-01-05 09:34:48.141,0.0031,0.003,40.0,0.0028,63.0,35800.0,516.0
2021-01-05 09:34:48.700,0.0031,0.003,40.0,0.0029,13.0,35800.0,516.0
2021-01-05 09:34:49.210,0.0031,0.003,30.0,0.0028,73.0,35800.0,516.0
2021-01-05 09:34:49.701,0.0031,0.003,30.0,0.0028,63.0,35800.0,516.0
2021-01-05 09:34:50.161,0.0031,0.003,30.0,0.0028,63.0,35800.0,516.0
2021-01-05 09:34:50.700,0.0031,0.003,30.0,0.0028,63.0,35800.0,516.0
2021-01-05 09:34:51.200,0.0031,0.003,40.0,0.0028,63.0,35800.0,516.0
2021-01-05 09:34:51.651,0.0031,0.003,30.0,0.0028,63.0,35800.0,516.0
2021-01-05 09:34:52.220,0.0031,0.003,40.0,0.0028,63.0,35800.0,516.0
2021-01-05 09:34:54.170,0.0031,0.003,40.0,0.0028,63.0,35800.0,516.0
2021-01-05 09:34:54.631,0.0031,0.003,40.0,0.0028,63.0,35800.0,516.0
2021-01-05 09:34:55.161,0.0031,0.003,55.0,0.0028,63.0,35800.0,516.0
2021-01-05 09:34:55.591,0.0031,0.003,40.0,0.0028,43.0,35800.0,516.0
2021-01-05 09:34:58.640,0.0031,0.003,55.0,0.0028,43.0,35800.0,516.0
2021-01-05 09:34:59.170,0.0031,0.003,68.0,0.0028,30.0,35800.0,516.0
2021-01-05 09:35:00.160,0.0031,0.003,88.0,0.0028,30.0,35800.0,516.0
2021-01-05 09:35:00.640,0.0031,0.003,88.0,0.0028,30.0,35800.0,516.0
2021-01-05 09:35:01.620,0.0031,0.003,88.0,0.0028,30.0,35800.0,516.0
2021-01-05 09:35:02.181,0.0031,0.003,88.0,0.0028,30.0,35800.0,516.0
2021-01-05 09:35:02.680,0.0031,0.003,88.0,0.0028,30.0,35800.0,516.0
2021-01-05 09:35:03.180,0.0031,0.003,78.0,0.0028,30.0,35800.0,516.0
2021-01-05 09:35:03.660,0.0031,0.003,78.0,0.0028,30.0,35800.0,516.0
2021-01-05 09:35:04.181,0.0031,0.003,75.0,0.0028,30.0,35800.0,516.0
2021-01-05 09:35:05.180,0.0031,0.003,88.0,0.0028,30.0,35800.0,516.0
2021-01-05 09:35:05.671,0.0031,0.003,75.0,0.0028,43.0,35800.0,516.0
2021-01-05 09:35:07.650,0.0031,0.003,95.0,0.0028,43.0,35800.0,516.0
2021-01-05 09:35:08.171,0.0031,0.003,95.0,0.0028,13.0,35800.0,516.0
2021-01-05 09:35:09.191,0.0031,0.0029,30.0,0.0027,63.0,35800.0,516.0
2021-01-05 09:35:09.700,0.0031,0.0029,30.0,0.0027,53.0,35800.0,516.0
2021-01-05 09:35:10.180,0.0031,0.0029,30.0,0.0027,53.0,35800.0,516.0
2021-01-05 09:35:10.691,0.0031,0.0029,30.0,0.0027,53.0,35800.0,516.0
2021-01-05 09:35:11.160,0.0031,0.0029,30.0,0.0027,63.0,35800.0,516.0
2021-01-05 09:35:11.680,0.0031,0.0029,40.0,0.0027,63.0,35800.0,516.0
2021-01-05 09:35:12.101,0.0031,0.0029,30.0,0.0028,13.0,35800.0,516.0
2021-01-05 09:35:12.691,0.0031,0.0029,30.0,0.0027,63.0,35800.0,516.0
2021-01-05 09:35:13.160,0.0031,0.0029,30.0,0.0027,73.0,35800.0,516.0
2021-01-05 09:35:13.640,0.0031,0.003,75.0,0.0028,43.0,35800.0,516.0
2021-01-05 09:35:14.191,0.0031,0.003,65.0,0.0028,43.0,35800.0,516.0
2021-01-05 09:35:14.700,0.0031,0.003,65.0,0.0028,43.0,35800.0,516.0
2021-01-05 09:35:15.200,0.0031,0.003,88.0,0.0028,30.0,35800.0,516.0
2021-01-05 09:35:15.701,0.0031,0.003,88.0,0.0028,30.0,35800.0,516.0
2021-01-05 09:35:16.681,0.0031,0.003,75.0,0.0028,43.0,35800.0,516.0
2021-01-05 09:35:17.190,0.0031,0.003,60.0,0.0028,43.0,35800.0,516.0
2021-01-05 09:35:17.680,0.0031,0.003,60.0,0.0028,43.0,35800.0,516.0
2021-01-05 09:35:18.681,0.0031,0.003,60.0,0.0028,43.0,35800.0,516.0
2021-01-05 09:35:19.180,0.0031,0.003,60.0,0.0028,43.0,35800.0,516.0
2021-01-05 09:35:20.170,0.0031,0.003,60.0,0.0028,43.0,35800.0,516.0
2021-01-05 09:35:20.690,0.0031,0.003,88.0,0.0028,30.0,35800.0,516.0
2021-01-05 09:35:21.180,0.0031,0.003,88.0,0.0028,30.0,35800.0,516.0
2021-01-05 09:35:22.020,0.0031,0.003,75.0,0.0028,43.0,35800.0,516.0
2021-01-05 09:35:23.680,0.0031,0.003,88.0,0.0027,63.0,35800.0,516.0
2021-01-05 09:35:24.171,0.0031,0.003,88.0,0.0028,30.0,35800.0,516.0
2021-01-05 09:35:24.671,0.0031,0.003,88.0,0.0028,30.0,35800.0,516.0
2021-01-05 09:35:25.660,0.0031,0.003,88.0,0.0028,30.0,35800.0,516.0
2021-01-05 09:35:26.651,0.0031,0.0029,30.0,0.0027,63.0,35800.0,516.0
2021-01-05 09:35:27.130,0.0031,0.0029,40.0,0.0027,53.0,35800.0,516.0
2021-01-05 09:35:27.641,0.0031,0.0029,30.0,0.0028,13.0,35800.0,516.0
2021-01-05 09:35:28.171,0.0031,0.0029,30.0,0.0027,63.0,35800.0,516.0
2021-01-05 09:35:28.390,0.0031,0.0029,30.0,0.0027,53.0,35800.0,516.0
2021-01-05 09:35:29.641,0.0031,0.0029,30.0,0.0027,53.0,35800.0,516.0
2021-01-05 09:35:30.121,0.0031,0.0029,40.0,0.0027,53.0,35800.0,516.0
2021-01-05 09:35:31.170,0.0031,0.0029,30.0,0.0027,53.0,35800.0,516.0
2021-01-05 09:35:31.700,0.0031,0.0029,30.0,0.0027,73.0,35800.0,516.0
2021-01-05 09:35:32.161,0.0031,0.0029,40.0,0.0027,73.0,35800.0,516.0
2021-01-05 09:35:32.630,0.0031,0.0029,30.0,0.0027,73.0,35800.0,516.0
2021-01-05 09:35:33.191,0.0031,0.0029,40.0,0.0027,73.0,35800.0,516.0
2021-01-05 09:35:33.650,0.0031,0.0029,40.0,0.0027,53.0,35800.0,516.0
2021-01-05 09:35:34.190,0.0031,0.0029,40.0,0.0027,53.0,35800.0,516.0
2021-01-05 09:35:38.670,0.0031,0.0029,30.0,0.0027,53.0,35800.0,516.0
2021-01-05 09:35:40.691,0.0031,0.0029,40.0,0.0027,53.0,35800.0,516.0
2021-01-05 09:35:41.680,0.0031,0.0029,40.0,0.0027,53.0,35800.0,516.0
2021-01-05 09:35:43.661,0.0031,0.0029,30.0,0.0027,53.0,35800.0,516.0
2021-01-05 09:35:44.101,0.0031,0.0029,40.0,0.0027,53.0,35800.0,516.0
2021-01-05 09:35:46.170,0.0031,0.0029,40.0,0.0027,53.0,35800.0,516.0
2021-01-05 09:35:46.700,0.0031,0.0029,40.0,0.0027,53.0,35800.0,516.0
2021-01-05 09:35:47.691,0.0031,0.0029,60.0,0.0027,53.0,35800.0,516.0
2021-01-05 09:35:48.700,0.0031,0.0029,50.0,0.0027,53.0,35800.0,516.0
2021-01-05 09:35:49.190,0.0031,0.0029,60.0,0.0027,53.0,35800.0,516.0
2021-01-05 09:35:50.680,0.0031,0.0029,50.0,0.0027,53.0,35800.0,516.0
2021-01-05 09:35:51.180,0.0031,0.0029,60.0,0.0027,53.0,35800.0,516.0
2021-01-05 09:35:52.190,0.0031,0.0029,40.0,0.0027,53.0,35800.0,516.0
2021-01-05 09:35:54.640,0.0031,0.0029,30.0,0.0027,53.0,35800.0,516.0
2021-01-05 09:35:56.140,0.0031,0.0029,40.0,0.0027,53.0,35800.0,516.0
2021-01-05 09:35:57.160,0.0031,0.0029,30.0,0.0027,53.0,35800.0,516.0
2021-01-05 09:35:57.681,0.0031,0.0029,30.0,0.0027,63.0,35800.0,516.0
2021-01-05 09:35:58.150,0.0031,0.0029,40.0,0.0027,53.0,35800.0,516.0
2021-01-05 09:36:00.680,0.0031,0.0029,30.0,0.0027,53.0,35800.0,516.0
2021-01-05 09:36:02.170,0.0031,0.0029,30.0,0.0027,53.0,35800.0,516.0
2021-01-05 09:36:02.701,0.0027,0.0029,30.0,0.0027,73.0,35800.0,518.0
2021-01-05 09:36:03.150,0.0027,0.003,80.0,0.0028,43.0,35800.0,518.0
2021-01-05 09:36:03.700,0.0027,0.003,93.0,0.0028,30.0,35800.0,518.0
2021-01-05 09:36:04.201,0.0027,0.003,80.0,0.0028,43.0,35800.0,518.0
2021-01-05 09:36:04.670,0.0027,0.003,80.0,0.0028,30.0,35800.0,518.0
2021-01-05 09:36:05.150,0.0027,0.003,80.0,0.0028,43.0,35800.0,518.0
2021-01-05 09:36:05.690,0.0027,0.003,80.0,0.0028,43.0,35800.0,518.0
2021-01-05 09:36:06.180,0.0027,0.003,80.0,0.0028,43.0,35800.0,518.0
2021-01-05 09:36:09.691,0.0027,0.003,80.0,0.0028,43.0,35800.0,518.0
2021-01-05 09:36:10.671,0.0027,0.003,80.0,0.0029,3.0,35800.0,518.0
2021-01-05 09:36:11.180,0.0029,0.003,70.0,0.0028,53.0,35803.0,521.0
2021-01-05 09:36:11.651,0.0029,0.003,80.0,0.0028,43.0,35803.0,521.0
2021-01-05 09:36:13.680,0.0029,0.003,70.0,0.0028,43.0,35803.0,521.0
2021-01-05 09:36:14.150,0.0029,0.003,70.0,0.0028,43.0,35803.0,521.0
2021-01-05 09:36:14.690,0.0029,0.003,70.0,0.0028,43.0,35803.0,521.0
2021-01-05 09:36:15.140,0.0029,0.003,50.0,0.0028,43.0,35803.0,521.0
2021-01-05 09:36:16.150,0.0029,0.003,75.0,0.0028,30.0,35803.0,521.0
2021-01-05 09:36:16.650,0.003,0.003,72.0,0.0028,30.0,35809.0,527.0
2021-01-05 09:36:17.180,0.003,0.003,89.0,0.0028,43.0,35809.0,527.0
2021-01-05 09:36:18.181,0.003,0.003,69.0,0.0028,43.0,35809.0,527.0
2021-01-05 09:36:18.680,0.003,0.003,44.0,0.0028,43.0,35809.0,527.0
2021-01-05 09:36:18.780,0.003,0.003,69.0,0.0028,43.0,35809.0,527.0
2021-01-05 09:36:20.161,0.003,0.003,59.0,0.0028,43.0,35809.0,527.0
2021-01-05 09:36:21.120,0.003,0.003,44.0,0.0028,43.0,35809.0,527.0
2021-01-05 09:36:22.171,0.003,0.003,54.0,0.0028,43.0,35809.0,527.0
2021-01-05 09:36:24.171,0.003,0.003,74.0,0.0028,43.0,35809.0,527.0
2021-01-05 09:36:25.191,0.003,0.003,89.0,0.0028,43.0,35809.0,527.0
2021-01-05 09:36:25.650,0.003,0.003,79.0,0.0028,43.0,35809.0,527.0
2021-01-05 09:36:26.171,0.003,0.003,89.0,0.0028,43.0,35809.0,527.0
2021-01-05 09:36:26.651,0.003,0.003,102.0,0.0028,30.0,35809.0,527.0
2021-01-05 09:36:28.190,0.003,0.003,102.0,0.0028,30.0,35809.0,527.0
2021-01-05 09:36:28.681,0.003,0.003,102.0,0.0027,73.0,35809.0,527.0
2021-01-05 09:36:29.171,0.003,0.003,102.0,0.0027,73.0,35809.0,527.0
2021-01-05 09:36:30.161,0.003,0.003,102.0,0.0027,73.0,35809.0,527.0
2021-01-05 09:36:31.690,0.003,0.003,74.0,0.0028,13.0,35809.0,527.0
2021-01-05 09:36:32.130,0.003,0.003,74.0,0.0028,13.0,35809.0,527.0
2021-01-05 09:36:33.200,0.003,0.003,74.0,0.0028,13.0,35809.0,527.0
2021-01-05 09:36:35.150,0.003,0.003,54.0,0.0028,13.0,35809.0,527.0
2021-01-05 09:36:35.701,0.003,0.003,74.0,0.0027,75.0,35809.0,527.0
2021-01-05 09:36:36.191,0.003,0.003,74.0,0.0027,65.0,35809.0,527.0
2021-01-05 09:36:36.700,0.003,0.003,74.0,0.0028,13.0,35809.0,527.0
2021-01-05 09:36:37.190,0.003,0.003,74.0,0.0028,13.0,35809.0,527.0
2021-01-05 09:36:37.691,0.003,0.003,54.0,0.0028,13.0,35809.0,527.0
2021-01-05 09:36:38.640,0.003,0.003,54.0,0.0028,13.0,35809.0,527.0
2021-01-05 09:36:44.680,0.003,0.003,59.0,0.0028,13.0,35809.0,527.0
2021-01-05 09:36:45.631,0.003,0.003,79.0,0.0028,13.0,35809.0,527.0
2021-01-05 09:36:46.050,0.003,0.0029,30.0,0.0028,13.0,35809.0,527.0
2021-01-05 09:36:46.651,0.003,0.0029,30.0,0.0028,13.0,35809.0,527.0
2021-01-05 09:36:47.130,0.003,0.0029,30.0,0.0028,13.0,35809.0,527.0
2021-01-05 09:36:47.660,0.003,0.0029,30.0,0.0027,63.0,35809.0,527.0
2021-01-05 09:36:48.140,0.003,0.0029,40.0,0.0027,63.0,35809.0,527.0
2021-01-05 09:36:48.630,0.003,0.0029,40.0,0.0027,63.0,35809.0,527.0
2021-01-05 09:36:51.171,0.003,0.0029,40.0,0.0027,50.0,35809.0,527.0
2021-01-05 09:36:51.671,0.003,0.0029,40.0,0.0027,63.0,35809.0,527.0
2021-01-05 09:36:52.670,0.003,0.0029,40.0,0.0027,63.0,35809.0,527.0
2021-01-05 09:36:55.651,0.003,0.0029,30.0,0.0027,63.0,35809.0,527.0
2021-01-05 09:36:56.141,0.003,0.0029,40.0,0.0027,63.0,35809.0,527.0
2021-01-05 09:36:57.630,0.003,0.0029,40.0,0.0028,13.0,35809.0,527.0
2021-01-05 09:36:58.160,0.003,0.0029,30.0,0.0028,20.0,35809.0,527.0
2021-01-05 09:36:58.610,0.003,0.0029,30.0,0.0028,33.0,35809.0,527.0
2021-01-05 09:36:59.181,0.003,0.0029,30.0,0.0027,63.0,35809.0,527.0
2021-01-05 09:36:59.690,0.003,0.0029,40.0,0.0027,50.0,35809.0,527.0
2021-01-05 09:37:00.160,0.003,0.0029,40.0,0.0028,13.0,35809.0,527.0
2021-01-05 09:37:00.700,0.003,0.0029,30.0,0.0028,13.0,35809.0,527.0
2021-01-05 09:37:01.630,0.003,0.0029,30.0,0.0028,33.0,35809.0,527.0
2021-01-05 09:37:02.191,0.003,0.0029,30.0,0.0028,33.0,35809.0,527.0
2021-01-05 09:37:02.610,0.003,0.0029,30.0,0.0028,20.0,35809.0,527.0
2021-01-05 09:37:03.630,0.003,0.0029,30.0,0.0027,88.0,35809.0,527.0
2021-01-05 09:37:04.200,0.003,0.003,59.0,0.0028,43.0,35809.0,527.0
2021-01-05 09:37:04.690,0.003,0.003,59.0,0.0028,43.0,35809.0,527.0
2021-01-05 09:37:05.701,0.003,0.003,45.0,0.0028,43.0,35809.0,527.0
2021-01-05 09:37:06.700,0.003,0.003,45.0,0.0028,43.0,35809.0,527.0
2021-01-05 09:37:09.660,0.003,0.003,65.0,0.0028,43.0,35809.0,527.0
2021-01-05 09:37:10.140,0.003,0.003,65.0,0.0028,43.0,35809.0,527.0
2021-01-05 09:37:10.701,0.003,0.003,65.0,0.0028,43.0,35809.0,527.0
2021-01-05 09:37:11.201,0.003,0.003,78.0,0.0028,30.0,35809.0,527.0
2021-01-05 09:37:12.620,0.003,0.003,78.0,0.0028,30.0,35809.0,527.0
2021-01-05 09:37:13.181,0.003,0.003,80.0,0.0028,43.0,35809.0,527.0
2021-01-05 09:37:13.681,0.003,0.003,65.0,0.0028,43.0,35809.0,527.0
2021-01-05 09:37:14.171,0.003,0.003,65.0,0.0028,63.0,35809.0,527.0
2021-01-05 09:37:15.200,0.003,0.003,80.0,0.0028,63.0,35809.0,527.0
2021-01-05 09:37:16.201,0.003,0.003,93.0,0.0028,50.0,35809.0,527.0
2021-01-05 09:37:16.461,0.003,0.003,60.0,0.0028,63.0,35809.0,527.0
2021-01-05 09:37:17.200,0.003,0.003,45.0,0.0028,63.0,35809.0,527.0
2021-01-05 09:37:17.671,0.003,0.003,45.0,0.0028,50.0,35809.0,527.0
2021-01-05 09:37:17.740,0.003,0.003,60.0,0.0028,63.0,35809.0,527.0
2021-01-05 09:37:18.710,0.003,0.003,60.0,0.0028,50.0,35809.0,527.0
2021-01-05 09:37:19.131,0.003,0.003,60.0,0.0028,63.0,35809.0,527.0
2021-01-05 09:37:19.310,0.003,0.003,73.0,0.0028,50.0,35809.0,527.0
2021-01-05 09:37:21.200,0.003,0.003,60.0,0.0028,50.0,35809.0,527.0
2021-01-05 09:37:21.701,0.003,0.003,60.0,0.0028,63.0,35809.0,527.0
2021-01-05 09:37:22.030,0.003,0.003,60.0,0.0028,63.0,35809.0,527.0
2021-01-05 09:37:23.150,0.003,0.003,73.0,0.0028,50.0,35809.0,527.0
2021-01-05 09:37:23.701,0.003,0.003,60.0,0.0028,63.0,35809.0,527.0
2021-01-05 09:37:25.200,0.003,0.003,60.0,0.0028,63.0,35809.0,527.0
2021-01-05 09:37:26.170,0.003,0.003,73.0,0.0028,50.0,35809.0,527.0
2021-01-05 09:37:26.650,0.003,0.003,73.0,0.0028,50.0,35809.0,527.0
2021-01-05 09:37:27.130,0.003,0.003,60.0,0.0028,63.0,35809.0,527.0
2021-01-05 09:37:27.551,0.003,0.003,73.0,0.0028,50.0,35809.0,527.0
2021-01-05 09:37:28.151,0.003,0.003,60.0,0.0028,63.0,35809.0,527.0
2021-01-05 09:37:28.560,0.003,0.003,60.0,0.0028,63.0,35809.0,527.0
2021-01-05 09:37:29.130,0.003,0.003,73.0,0.0028,50.0,35809.0,527.0
2021-01-05 09:37:29.691,0.003,0.003,73.0,0.0028,50.0,35809.0,527.0
2021-01-05 09:37:30.191,0.003,0.003,73.0,0.0028,50.0,35809.0,527.0
2021-01-05 09:37:30.650,0.003,0.003,73.0,0.0028,50.0,35809.0,527.0
2021-01-05 09:37:31.190,0.003,0.003,73.0,0.0028,50.0,35809.0,527.0
2021-01-05 09:37:32.651,0.003,0.003,73.0,0.0028,50.0,35809.0,527.0
2021-01-05 09:37:33.180,0.003,0.003,73.0,0.0028,30.0,35809.0,527.0
2021-01-05 09:37:33.701,0.003,0.003,60.0,0.0028,50.0,35809.0,527.0
2021-01-05 09:37:34.200,0.003,0.003,60.0,0.0028,63.0,35809.0,527.0
2021-01-05 09:37:35.650,0.003,0.003,45.0,0.0028,63.0,35809.0,527.0
2021-01-05 09:37:36.140,0.003,0.003,45.0,0.0028,63.0,35809.0,527.0
2021-01-05 09:37:41.131,0.003,0.003,45.0,0.0028,43.0,35809.0,527.0
2021-01-05 09:37:41.660,0.003,0.003,45.0,0.0028,63.0,35809.0,527.0
2021-01-05 09:37:46.601,0.003,0.003,45.0,0.0028,63.0,35809.0,527.0
2021-01-05 09:37:49.190,0.003,0.003,45.0,0.0028,63.0,35809.0,527.0
2021-01-05 09:37:50.220,0.003,0.003,45.0,0.0028,63.0,35809.0,527.0
2021-01-05 09:37:51.161,0.003,0.003,60.0,0.0028,63.0,35809.0,527.0
2021-01-05 09:37:51.691,0.003,0.003,73.0,0.0028,30.0,35809.0,527.0
2021-01-05 09:37:52.191,0.003,0.003,60.0,0.0028,30.0,35809.0,527.0
2021-01-05 09:37:52.660,0.003,0.003,73.0,0.0028,30.0,35809.0,527.0
2021-01-05 09:37:55.190,0.003,0.003,73.0,0.0029,1.0,35809.0,527.0
2021-01-05 09:37:55.680,0.003,0.003,73.0,0.0029,1.0,35809.0,527.0
2021-01-05 09:37:56.100,0.003,0.003,60.0,0.0029,1.0,35809.0,527.0
2021-01-05 09:37:57.170,0.003,0.003,60.0,0.0029,1.0,35809.0,527.0
2021-01-05 09:37:57.601,0.003,0.003,60.0,0.0029,1.0,35809.0,527.0
2021-01-05 09:37:58.141,0.003,0.003,73.0,0.0029,1.0,35809.0,527.0
2021-01-05 09:37:58.640,0.003,0.003,60.0,0.0029,1.0,35809.0,527.0
2021-01-05 09:37:59.161,0.0029,0.003,60.0,0.0028,43.0,35810.0,528.0
2021-01-05 09:38:00.680,0.0029,0.003,80.0,0.0028,43.0,35810.0,528.0
2021-01-05 09:38:01.180,0.0029,0.003,93.0,0.0028,30.0,35810.0,528.0
2021-01-05 09:38:01.681,0.0029,0.003,80.0,0.0028,43.0,35810.0,528.0
2021-01-05 09:38:02.190,0.0029,0.003,93.0,0.0028,30.0,35810.0,528.0
2021-01-05 09:38:02.680,0.0029,0.003,80.0,0.0028,43.0,35810.0,528.0
2021-01-05 09:38:02.841,0.0029,0.003,93.0,0.0028,30.0,35810.0,528.0
2021-01-05 09:38:04.190,0.0029,0.0029,30.0,0.0027,73.0,35810.0,528.0
2021-01-05 09:38:04.680,0.0029,0.0029,40.0,0.0027,63.0,35810.0,528.0
2021-01-05 09:38:05.181,0.0029,0.0029,40.0,0.0027,63.0,35810.0,528.0
2021-01-05 09:38:05.681,0.0029,0.0029,40.0,0.0027,63.0,35810.0,528.0
2021-01-05 09:38:07.200,0.0029,0.0029,40.0,0.0027,63.0,35810.0,528.0
2021-01-05 09:38:07.690,0.0029,0.0029,40.0,0.0027,43.0,35810.0,528.0
2021-01-05 09:38:09.160,0.0029,0.0029,40.0,0.0027,43.0,35810.0,528.0
2021-01-05 09:38:12.191,0.0029,0.0029,40.0,0.0027,43.0,35810.0,528.0
2021-01-05 09:38:12.691,0.0027,0.0029,55.0,0.0027,42.0,35809.0,529.0
2021-01-05 09:38:13.110,0.0027,0.0029,55.0,0.0027,43.0,35809.0,529.0
2021-01-05 09:38:13.690,0.0027,0.0029,68.0,0.0027,30.0,35809.0,529.0
2021-01-05 09:38:14.141,0.0027,0.0029,55.0,0.0027,43.0,35809.0,529.0
2021-01-05 09:38:15.150,0.0027,0.0029,55.0,0.0027,43.0,35809.0,529.0
2021-01-05 09:38:15.730,0.0027,0.0029,55.0,0.0027,13.0,35809.0,529.0
2021-01-05 09:38:16.210,0.0027,0.0029,55.0,0.0027,43.0,35809.0,529.0
2021-01-05 09:38:16.731,0.0027,0.0029,55.0,0.0027,13.0,35809.0,529.0
2021-01-05 09:38:17.190,0.0027,0.0029,55.0,0.0027,43.0,35809.0,529.0
2021-01-05 09:38:17.701,0.0027,0.0029,55.0,0.0027,13.0,35809.0,529.0
2021-01-05 09:38:18.231,0.0027,0.0029,55.0,0.0027,43.0,35809.0,529.0
2021-01-05 09:38:18.660,0.0027,0.0029,68.0,0.0026,53.0,35809.0,529.0
2021-01-05 09:38:19.230,0.0027,0.0028,10.0,0.0027,13.0,35809.0,529.0
2021-01-05 09:38:19.670,0.0027,0.0029,55.0,0.0027,13.0,35809.0,529.0
2021-01-05 09:38:20.231,0.0027,0.0029,55.0,0.0027,13.0,35809.0,529.0
2021-01-05 09:38:20.671,0.0027,0.0029,55.0,0.0027,13.0,35809.0,529.0
2021-01-05 09:38:21.670,0.0027,0.0028,30.0,0.0027,13.0,35809.0,529.0
2021-01-05 09:38:22.210,0.0027,0.0028,30.0,0.0027,13.0,35809.0,529.0
2021-01-05 09:38:22.661,0.0027,0.0028,30.0,0.0027,13.0,35809.0,529.0
2021-01-05 09:38:23.201,0.0027,0.0028,40.0,0.0027,13.0,35809.0,529.0
2021-01-05 09:38:24.141,0.0027,0.0028,40.0,0.0027,13.0,35809.0,529.0
2021-01-05 09:38:24.690,0.0027,0.0028,40.0,0.0027,13.0,35809.0,529.0
2021-01-05 09:38:25.101,0.0027,0.0028,30.0,0.0027,13.0,35809.0,529.0
2021-01-05 09:38:25.700,0.0027,0.0028,30.0,0.0027,13.0,35809.0,529.0
2021-01-05 09:38:26.100,0.0027,0.0028,30.0,0.0027,13.0,35809.0,529.0
2021-01-05 09:38:26.701,0.0027,0.0028,30.0,0.0026,43.0,35809.0,529.0
2021-01-05 09:38:27.151,0.0027,0.0028,40.0,0.0027,13.0,35809.0,529.0
2021-01-05 09:38:27.550,0.0027,0.0028,30.0,0.0026,43.0,35809.0,529.0
2021-01-05 09:38:27.860,0.0027,0.0028,40.0,0.0026,43.0,35809.0,529.0
2021-01-05 09:38:28.680,0.0027,0.0028,40.0,0.0027,13.0,35809.0,529.0
2021-01-05 09:38:29.191,0.0027,0.0028,30.0,0.0027,13.0,35809.0,529.0
2021-01-05 09:38:29.621,0.0027,0.0028,30.0,0.0027,13.0,35809.0,529.0
2021-01-05 09:38:30.190,0.0027,0.0028,30.0,0.0026,43.0,35809.0,529.0
2021-01-05 09:38:30.670,0.0027,0.0028,40.0,0.0027,13.0,35809.0,529.0
2021-01-05 09:38:31.181,0.0027,0.0028,30.0,0.0026,43.0,35809.0,529.0
2021-01-05 09:38:31.650,0.0027,0.0028,40.0,0.0026,43.0,35809.0,529.0
2021-01-05 09:38:32.030,0.0027,0.0028,40.0,0.0026,43.0,35809.0,529.0
2021-01-05 09:38:32.701,0.0027,0.0028,40.0,0.0026,43.0,35809.0,529.0
2021-01-05 09:38:33.191,0.0027,0.0028,40.0,0.0026,43.0,35809.0,529.0
2021-01-05 09:38:34.201,0.0027,0.0028,40.0,0.0026,43.0,35809.0,529.0
2021-01-05 09:38:34.701,0.0027,0.0028,55.0,0.0026,43.0,35809.0,529.0
2021-01-05 09:38:35.700,0.0027,0.0028,68.0,0.0026,30.0,35809.0,529.0
2021-01-05 09:38:36.130,0.0027,0.0028,68.0,0.0026,30.0,35809.0,529.0
2021-01-05 09:38:37.160,0.0027,0.0028,68.0,0.0026,30.0,35809.0,529.0
2021-01-05 09:38:39.161,0.0027,0.0028,88.0,0.0026,30.0,35809.0,529.0
2021-01-05 09:38:40.201,0.0027,0.0028,68.0,0.0026,30.0,35809.0,529.0
2021-01-05 09:38:40.670,0.0027,0.0028,68.0,0.0025,103.0,35809.0,529.0
2021-01-05 09:38:41.190,0.0027,0.0028,68.0,0.0025,113.0,35809.0,529.0
2021-01-05 09:38:41.670,0.0027,0.0028,68.0,0.0025,113.0,35809.0,529.0
2021-01-05 09:38:42.191,0.0027,0.0028,68.0,0.0025,113.0,35809.0,529.0
2021-01-05 09:38:43.190,0.0027,0.0028,53.0,0.0026,30.0,35809.0,529.0
2021-01-05 09:38:43.701,0.0027,0.0028,53.0,0.0026,30.0,35809.0,529.0
2021-01-05 09:38:44.110,0.0027,0.0028,53.0,0.0026,30.0,35809.0,529.0
2021-01-05 09:38:44.621,0.0027,0.0028,40.0,0.0026,43.0,35809.0,529.0
2021-01-05 09:38:45.201,0.0027,0.0028,40.0,0.0026,43.0,35809.0,529.0
2021-01-05 09:38:46.200,0.0027,0.0028,53.0,0.0026,30.0,35809.0,529.0
2021-01-05 09:38:46.631,0.0027,0.0028,53.0,0.0026,30.0,35809.0,529.0
2021-01-05 09:38:47.140,0.0027,0.0028,53.0,0.0026,30.0,35809.0,529.0
2021-01-05 09:38:48.200,0.0027,0.0028,30.0,0.0026,43.0,35809.0,529.0
2021-01-05 09:38:48.650,0.0027,0.0028,53.0,0.0026,30.0,35809.0,529.0
2021-01-05 09:38:49.130,0.0027,0.0028,40.0,0.0026,43.0,35809.0,529.0
2021-01-05 09:38:50.110,0.0027,0.0028,53.0,0.0026,30.0,35809.0,529.0
2021-01-05 09:38:50.651,0.0027,0.0028,40.0,0.0026,43.0,35809.0,529.0
2021-01-05 09:38:51.691,0.0027,0.0028,40.0,0.0026,43.0,35809.0,529.0
2021-01-05 09:38:53.191,0.0027,0.0028,40.0,0.0026,43.0,35809.0,529.0
2021-01-05 09:38:54.690,0.0027,0.0028,40.0,0.0026,43.0,35809.0,529.0
2021-01-05 09:38:56.190,0.0027,0.0028,55.0,0.0026,43.0,35809.0,529.0
2021-01-05 09:38:57.200,0.0027,0.0028,45.0,0.0026,43.0,35809.0,529.0
2021-01-05 09:38:57.640,0.0027,0.0028,55.0,0.0026,30.0,35809.0,529.0
2021-01-05 09:38:58.161,0.0027,0.0028,45.0,0.0026,43.0,35809.0,529.0
2021-01-05 09:38:58.670,0.0027,0.0028,45.0,0.0026,43.0,35809.0,529.0
2021-01-05 09:38:59.060,0.0027,0.0028,45.0,0.0026,43.0,35809.0,529.0
2021-01-05 09:39:00.140,0.0027,0.0028,68.0,0.0026,30.0,35809.0,529.0
2021-01-05 09:39:00.660,0.0027,0.0028,40.0,0.0026,43.0,35809.0,529.0
2021-01-05 09:39:01.160,0.0027,0.0028,40.0,0.0026,43.0,35809.0,529.0
2021-01-05 09:39:01.700,0.0027,0.0028,40.0,0.0026,43.0,35809.0,529.0
2021-01-05 09:39:02.201,0.0027,0.0028,30.0,0.0026,43.0,35809.0,529.0
2021-01-05 09:39:02.660,0.0027,0.0028,40.0,0.0026,43.0,35809.0,529.0
2021-01-05 09:39:03.150,0.0027,0.0028,40.0,0.0026,43.0,35809.0,529.0
2021-01-05 09:39:04.161,0.0027,0.0028,30.0,0.0026,43.0,35809.0,529.0
2021-01-05 09:39:05.211,0.0027,0.0028,40.0,0.0026,43.0,35809.0,529.0
2021-01-05 09:39:05.701,0.0027,0.0028,30.0,0.0026,43.0,35809.0,529.0
2021-01-05 09:39:07.200,0.0027,0.0028,30.0,0.0026,63.0,35809.0,529.0
2021-01-05 09:39:07.680,0.0027,0.0028,40.0,0.0026,63.0,35809.0,529.0
2021-01-05 09:39:08.131,0.0027,0.0028,30.0,0.0026,63.0,35809.0,529.0
2021-01-05 09:39:09.161,0.0027,0.0028,40.0,0.0026,63.0,35809.0,529.0
2021-01-05 09:39:10.191,0.0027,0.0028,30.0,0.0026,63.0,35809.0,529.0
2021-01-05 09:39:10.721,0.0028,0.0028,30.0,0.0026,63.0,35809.0,539.0
2021-01-05 09:39:11.201,0.0028,0.0028,30.0,0.0026,63.0,35809.0,539.0
2021-01-05 09:39:12.220,0.0028,0.0028,20.0,0.0026,63.0,35809.0,539.0
2021-01-05 09:39:14.160,0.0028,0.0028,30.0,0.0026,63.0,35809.0,539.0
2021-01-05 09:39:15.220,0.0028,0.0028,45.0,0.0026,63.0,35809.0,539.0
2021-01-05 09:39:15.720,0.0028,0.0028,35.0,0.0026,63.0,35809.0,539.0
2021-01-05 09:39:17.191,0.0028,0.0028,45.0,0.0026,63.0,35809.0,539.0
2021-01-05 09:39:17.650,0.0028,0.0028,20.0,0.0026,63.0,35809.0,539.0
2021-01-05 09:39:19.710,0.0028,0.0028,33.0,0.0026,50.0,35809.0,539.0
2021-01-05 09:39:19.990,0.0028,0.0028,20.0,0.0026,63.0,35809.0,539.0
2021-01-05 09:39:20.741,0.0028,0.0028,20.0,0.0026,63.0,35809.0,539.0
2021-01-05 09:39:20.980,0.0028,0.0028,20.0,0.0026,63.0,35809.0,539.0
2021-01-05 09:39:22.651,0.0028,0.0028,30.0,0.0026,63.0,35809.0,539.0
2021-01-05 09:39:23.200,0.0028,0.0028,20.0,0.0026,73.0,35809.0,539.0
2021-01-05 09:39:24.151,0.0028,0.0028,20.0,0.0026,63.0,35809.0,539.0
2021-01-05 09:39:27.711,0.0028,0.0028,20.0,0.0026,63.0,35809.0,539.0
2021-01-05 09:39:28.220,0.0028,0.0028,20.0,0.0026,63.0,35809.0,539.0
2021-01-05 09:39:29.721,0.0028,0.0029,88.0,0.0027,30.0,35809.0,539.0
2021-01-05 09:39:30.220,0.0028,0.0029,78.0,0.0027,30.0,35809.0,539.0
2021-01-05 09:39:30.721,0.0028,0.0029,88.0,0.0027,30.0,35809.0,539.0
2021-01-05 09:39:31.121,0.0028,0.0029,78.0,0.0027,30.0,35809.0,539.0
2021-01-05 09:39:31.701,0.0028,0.0029,88.0,0.0027,30.0,35809.0,539.0
2021-01-05 09:39:33.180,0.0028,0.0029,68.0,0.0027,30.0,35809.0,539.0
2021-01-05 09:39:37.221,0.0028,0.0029,58.0,0.0027,30.0,35809.0,539.0
2021-01-05 09:39:37.730,0.0028,0.0029,68.0,0.0027,30.0,35809.0,539.0
2021-01-05 09:39:39.751,0.0028,0.0029,68.0,0.0027,50.0,35809.0,539.0
2021-01-05 09:39:40.721,0.0028,0.0029,58.0,0.0027,50.0,35809.0,539.0
2021-01-05 09:39:41.750,0.0028,0.0029,68.0,0.0027,30.0,35809.0,539.0
2021-01-05 09:39:42.210,0.0028,0.0029,58.0,0.0027,30.0,35809.0,539.0
2021-01-05 09:39:42.640,0.0028,0.0029,58.0,0.0027,30.0,35809.0,539.0
2021-01-05 09:39:44.231,0.0028,0.0029,58.0,0.0027,30.0,35809.0,539.0
2021-01-05 09:39:44.680,0.0028,0.0029,68.0,0.0027,30.0,35809.0,539.0
2021-01-05 09:39:48.221,0.0028,0.0029,58.0,0.0027,30.0,35809.0,539.0
2021-01-05 09:39:48.720,0.0028,0.0029,68.0,0.0027,30.0,35809.0,539.0
2021-01-05 09:39:51.241,0.0028,0.0029,68.0,0.0026,73.0,35809.0,539.0
2021-01-05 09:39:51.730,0.0028,0.0028,30.0,0.0026,73.0,35809.0,539.0
2021-01-05 09:39:52.251,0.0028,0.0028,30.0,0.0026,63.0,35809.0,539.0
2021-01-05 09:39:52.670,0.0028,0.0028,30.0,0.0026,63.0,35809.0,539.0
2021-01-05 09:39:53.181,0.0028,0.0028,30.0,0.0026,73.0,35809.0,539.0
2021-01-05 09:39:54.191,0.0028,0.0028,30.0,0.0026,63.0,35809.0,539.0
2021-01-05 09:39:55.181,0.0028,0.0028,30.0,0.0026,63.0,35809.0,539.0
2021-01-05 09:39:56.120,0.0028,0.0028,40.0,0.0026,63.0,35809.0,539.0
2021-01-05 09:39:56.691,0.0028,0.0028,30.0,0.0026,53.0,35809.0,539.0
2021-01-05 09:39:57.181,0.0028,0.0028,30.0,0.0026,73.0,35809.0,539.0
2021-01-05 09:39:57.580,0.0028,0.0028,30.0,0.0026,63.0,35809.0,539.0
2021-01-05 09:39:58.170,0.0028,0.0028,30.0,0.0026,73.0,35809.0,539.0
2021-01-05 09:39:58.600,0.0028,0.0028,30.0,0.0026,63.0,35809.0,539.0
2021-01-05 09:39:59.061,0.0028,0.0028,43.0,0.0026,50.0,35809.0,539.0
2021-01-05 09:39:59.670,0.0028,0.0028,30.0,0.0026,63.0,35809.0,539.0
2021-01-05 09:40:00.631,0.0028,0.0028,30.0,0.0026,63.0,35809.0,539.0
2021-01-05 09:40:01.570,0.0028,0.0028,30.0,0.0026,75.0,35809.0,539.0
2021-01-05 09:40:02.200,0.0028,0.0028,30.0,0.0026,75.0,35809.0,539.0
2021-01-05 09:40:03.171,0.0028,0.0028,30.0,0.0026,65.0,35809.0,539.0
2021-01-05 09:40:04.160,0.0028,0.0028,30.0,0.0026,65.0,35809.0,539.0
2021-01-05 09:40:04.700,0.0028,0.0028,30.0,0.0026,65.0,35809.0,539.0
2021-01-05 09:40:06.701,0.0028,0.0028,30.0,0.0026,65.0,35809.0,539.0
2021-01-05 09:40:07.191,0.0028,0.0028,30.0,0.0026,65.0,35809.0,539.0
2021-01-05 09:40:08.200,0.0028,0.0028,30.0,0.0026,75.0,35809.0,539.0
2021-01-05 09:40:09.191,0.0028,0.0029,70.0,0.0026,75.0,35809.0,539.0
2021-01-05 09:40:09.691,0.0028,0.0029,70.0,0.0026,75.0,35809.0,539.0
2021-01-05 09:40:09.900,0.0028,0.0028,15.0,0.0026,60.0,35809.0,539.0
2021-01-05 09:40:10.680,0.0028,0.0028,55.0,0.0026,50.0,35809.0,539.0
2021-01-05 09:40:11.170,0.0028,0.0028,60.0,0.0026,50.0,35809.0,539.0
2021-01-05 09:40:12.680,0.0028,0.0028,30.0,0.0026,75.0,35809.0,539.0
2021-01-05 09:40:13.170,0.0028,0.0028,30.0,0.0026,65.0,35809.0,539.0
2021-01-05 09:40:13.700,0.0028,0.0028,30.0,0.0026,75.0,35809.0,539.0
2021-01-05 09:40:14.150,0.0028,0.0029,70.0,0.0026,75.0,35809.0,539.0
2021-01-05 09:40:15.120,0.0028,0.0029,70.0,0.0027,30.0,35809.0,539.0
2021-01-05 09:40:15.690,0.0028,0.0029,70.0,0.0027,50.0,35809.0,539.0
2021-01-05 09:40:16.140,0.0028,0.0029,70.0,0.0027,50.0,35809.0,539.0
2021-01-05 09:40:16.610,0.0028,0.0029,70.0,0.0027,50.0,35809.0,539.0
2021-01-05 09:40:18.161,0.0028,0.0029,70.0,0.0027,50.0,35809.0,539.0
2021-01-05 09:40:20.191,0.0028,0.0029,70.0,0.0027,30.0,35809.0,539.0
2021-01-05 09:40:20.691,0.0028,0.0028,30.0,0.0026,75.0,35809.0,539.0
2021-01-05 09:40:21.200,0.0028,0.0028,30.0,0.0026,65.0,35809.0,539.0
2021-01-05 09:40:21.701,0.0028,0.0028,30.0,0.0026,65.0,35809.0,539.0
2021-01-05 09:40:22.210,0.0028,0.0028,30.0,0.0026,65.0,35809.0,539.0
2021-01-05 09:40:23.200,0.0028,0.0028,30.0,0.0026,65.0,35809.0,539.0
2021-01-05 09:40:27.701,0.0028,0.0028,40.0,0.0026,65.0,35809.0,539.0
2021-01-05 09:40:28.110,0.0028,0.0028,30.0,0.0026,65.0,35809.0,539.0
2021-01-05 09:40:28.690,0.0028,0.0028,45.0,0.0026,50.0,35809.0,539.0
2021-01-05 09:40:29.170,0.0028,0.0028,60.0,0.0026,50.0,35809.0,539.0
2021-01-05 09:40:30.150,0.0028,0.0028,55.0,0.0026,50.0,35809.0,539.0
2021-01-05 09:40:30.700,0.0028,0.0028,45.0,0.0026,65.0,35809.0,539.0
2021-01-05 09:40:31.101,0.0028,0.0028,55.0,0.0026,65.0,35809.0,539.0
2021-01-05 09:40:32.611,0.0028,0.0028,45.0,0.0026,65.0,35809.0,539.0
2021-01-05 09:40:33.681,0.0028,0.0028,45.0,0.0026,75.0,35809.0,539.0
2021-01-05 09:40:34.171,0.0028,0.0028,45.0,0.0026,65.0,35809.0,539.0
2021-01-05 09:40:35.201,0.0028,0.0028,40.0,0.0026,65.0,35809.0,539.0
2021-01-05 09:40:35.681,0.0028,0.0028,30.0,0.0026,65.0,35809.0,539.0
2021-01-05 09:40:36.161,0.0028,0.0028,40.0,0.0026,65.0,35809.0,539.0
2021-01-05 09:40:36.620,0.0028,0.0028,30.0,0.0026,65.0,35809.0,539.0
2021-01-05 09:40:40.151,0.0028,0.0028,30.0,0.0026,75.0,35809.0,539.0
2021-01-05 09:40:40.670,0.0028,0.0028,30.0,0.0026,65.0,35809.0,539.0
2021-01-05 09:40:42.201,0.0028,0.0028,30.0,0.0026,65.0,35809.0,539.0
2021-01-05 09:40:44.161,0.0028,0.0028,30.0,0.0026,75.0,35809.0,539.0
2021-01-05 09:40:44.620,0.0028,0.0028,30.0,0.0026,65.0,35809.0,539.0
2021-01-05 09:40:48.700,0.0028,0.0028,30.0,0.0026,75.0,35809.0,539.0
2021-01-05 09:40:49.111,0.0028,0.0028,30.0,0.0026,65.0,35809.0,539.0
2021-01-05 09:40:53.670,0.0028,0.0028,30.0,0.0026,75.0,35809.0,539.0
2021-01-05 09:40:54.141,0.0028,0.0028,30.0,0.0026,65.0,35809.0,539.0
2021-01-05 09:40:54.661,0.0028,0.0028,30.0,0.0026,75.0,35809.0,539.0
2021-01-05 09:40:55.111,0.0028,0.0028,30.0,0.0026,65.0,35809.0,539.0
2021-01-05 09:40:55.681,0.0028,0.0028,30.0,0.0026,65.0,35809.0,539.0
2021-01-05 09:40:56.121,0.0028,0.0028,30.0,0.0026,75.0,35809.0,539.0
2021-01-05 09:40:56.711,0.0028,0.0028,40.0,0.0026,65.0,35809.0,539.0
2021-01-05 09:40:57.180,0.0028,0.0028,30.0,0.0026,65.0,35809.0,539.0
2021-01-05 09:41:04.180,0.0028,0.0028,40.0,0.0026,65.0,35809.0,539.0
2021-01-05 09:41:04.680,0.0028,0.0028,30.0,0.0026,65.0,35809.0,539.0
2021-01-05 09:41:05.220,0.0028,0.0028,30.0,0.0026,75.0,35809.0,539.0
2021-01-05 09:41:05.660,0.0028,0.0028,30.0,0.0026,65.0,35809.0,539.0
2021-01-05 09:41:09.661,0.0028,0.0028,40.0,0.0026,65.0,35809.0,539.0
2021-01-05 09:41:10.220,0.0028,0.0028,30.0,0.0026,65.0,35809.0,539.0
2021-01-05 09:41:11.711,0.0028,0.0028,30.0,0.0026,75.0,35809.0,539.0
2021-01-05 09:41:12.151,0.0028,0.0028,30.0,0.0026,65.0,35809.0,539.0
2021-01-05 09:41:13.711,0.0028,0.0028,30.0,0.0026,75.0,35809.0,539.0
2021-01-05 09:41:14.160,0.0028,0.0028,40.0,0.0026,30.0,35809.0,539.0
2021-01-05 09:41:14.671,0.0028,0.0028,30.0,0.0027,15.0,35809.0,539.0
2021-01-05 09:41:15.180,0.0028,0.0028,30.0,0.0027,15.0,35809.0,539.0
2021-01-05 09:41:15.601,0.0028,0.0028,30.0,0.0027,15.0,35809.0,539.0
2021-01-05 09:41:16.500,0.0028,0.0028,30.0,0.0026,75.0,35809.0,539.0
2021-01-05 09:41:17.180,0.0028,0.0028,30.0,0.0026,65.0,35809.0,539.0
2021-01-05 09:41:17.670,0.0028,0.0028,30.0,0.0026,65.0,35809.0,539.0
2021-01-05 09:41:18.141,0.0028,0.0028,30.0,0.0026,75.0,35809.0,539.0
2021-01-05 09:41:18.600,0.0028,0.0028,30.0,0.0026,75.0,35809.0,539.0
2021-01-05 09:41:19.161,0.0028,0.0027,50.0,0.0026,65.0,35809.0,539.0
2021-01-05 09:41:19.570,0.0028,0.0027,50.0,0.0026,65.0,35809.0,539.0
2021-01-05 09:41:19.960,0.0028,0.0027,50.0,0.0026,65.0,35809.0,539.0
2021-01-05 09:41:22.190,0.0028,0.0027,50.0,0.0026,65.0,35809.0,539.0
2021-01-05 09:41:22.700,0.0028,0.0027,50.0,0.0026,45.0,35809.0,539.0
2021-01-05 09:41:24.171,0.0028,0.0027,50.0,0.0026,65.0,35809.0,539.0
2021-01-05 09:41:24.651,0.0028,0.0027,50.0,0.0026,65.0,35809.0,539.0
2021-01-05 09:41:30.711,0.0028,0.0027,50.0,0.0026,65.0,35809.0,539.0
2021-01-05 09:41:31.700,0.0028,0.0027,50.0,0.0026,65.0,35809.0,539.0
2021-01-05 09:41:32.220,0.0028,0.0027,50.0,0.0026,65.0,35809.0,539.0
2021-01-05 09:41:33.171,0.0028,0.0027,50.0,0.0026,65.0,35809.0,539.0
2021-01-05 09:41:34.720,0.0028,0.0027,50.0,0.0026,65.0,35809.0,539.0
2021-01-05 09:41:37.210,0.0028,0.0027,50.0,0.0026,65.0,35809.0,539.0
2021-01-05 09:41:38.220,0.0028,0.0027,50.0,0.0026,65.0,35809.0,539.0
2021-01-05 09:41:41.130,0.0028,0.0027,50.0,0.0026,50.0,35809.0,539.0
2021-01-05 09:41:41.730,0.0028,0.0027,50.0,0.0026,50.0,35809.0,539.0
2021-01-05 09:41:42.700,0.0028,0.0027,50.0,0.0026,65.0,35809.0,539.0
2021-01-05 09:41:43.080,0.0028,0.0027,50.0,0.0026,50.0,35809.0,539.0
2021-01-05 09:41:43.720,0.0028,0.0027,50.0,0.0026,50.0,35809.0,539.0
2021-01-05 09:41:44.220,0.0028,0.0027,50.0,0.0026,50.0,35809.0,539.0
2021-01-05 09:41:44.671,0.0028,0.0027,50.0,0.0026,50.0,35809.0,539.0
2021-01-05 09:41:45.190,0.0028,0.0027,50.0,0.0026,65.0,35809.0,539.0
2021-01-05 09:41:48.740,0.0028,0.0027,80.0,0.0026,35.0,35809.0,539.0
2021-01-05 09:41:54.161,0.0028,0.0027,80.0,0.0026,20.0,35809.0,539.0
2021-01-05 09:41:55.160,0.0028,0.0027,80.0,0.0025,145.0,35809.0,539.0
2021-01-05 09:41:55.671,0.0028,0.0027,80.0,0.0026,15.0,35809.0,539.0
2021-01-05 09:41:55.911,0.0028,0.0027,80.0,0.0026,35.0,35809.0,539.0
2021-01-05 09:41:56.620,0.0028,0.0027,80.0,0.0026,35.0,35809.0,539.0
2021-01-05 09:41:57.110,0.0028,0.0027,80.0,0.0026,20.0,35809.0,539.0
2021-01-05 09:41:57.640,0.0028,0.0027,80.0,0.0025,155.0,35809.0,539.0
2021-01-05 09:41:58.140,0.0028,0.0027,80.0,0.0025,145.0,35809.0,539.0
2021-01-05 09:41:58.660,0.0028,0.0027,80.0,0.0025,135.0,35809.0,539.0
2021-01-05 09:42:00.151,0.0028,0.0027,80.0,0.0026,15.0,35809.0,539.0
2021-01-05 09:42:00.701,0.0028,0.0027,80.0,0.0025,145.0,35809.0,539.0
2021-01-05 09:42:01.190,0.0028,0.0027,80.0,0.0025,135.0,35809.0,539.0
2021-01-05 09:42:01.651,0.0028,0.0027,80.0,0.0026,15.0,35809.0,539.0
2021-01-05 09:42:02.201,0.0028,0.0027,80.0,0.0026,15.0,35809.0,539.0
2021-01-05 09:42:02.641,0.0028,0.0027,80.0,0.0026,20.0,35809.0,539.0
2021-01-05 09:42:03.161,0.0028,0.0027,80.0,0.0025,130.0,35809.0,539.0
2021-01-05 09:42:03.690,0.0028,0.0027,80.0,0.0025,135.0,35809.0,539.0
2021-01-05 09:42:04.110,0.0028,0.0027,80.0,0.0025,135.0,35809.0,539.0
2021-01-05 09:42:04.641,0.0028,0.0027,80.0,0.0025,145.0,35809.0,539.0
2021-01-05 09:42:05.211,0.0028,0.0027,80.0,0.0025,135.0,35809.0,539.0
2021-01-05 09:42:06.181,0.0028,0.0027,80.0,0.0025,145.0,35809.0,539.0
2021-01-05 09:42:07.230,0.0028,0.0027,80.0,0.0025,145.0,35809.0,539.0
2021-01-05 09:42:09.230,0.0028,0.0027,80.0,0.0025,135.0,35809.0,539.0
2021-01-05 09:42:10.220,0.0028,0.0027,80.0,0.0025,145.0,35809.0,539.0
2021-01-05 09:42:11.691,0.0028,0.0027,80.0,0.0025,135.0,35809.0,539.0
2021-01-05 09:42:12.210,0.0028,0.0027,80.0,0.0025,145.0,35809.0,539.0
2021-01-05 09:42:12.721,0.0028,0.0027,80.0,0.0025,145.0,35809.0,539.0
2021-01-05 09:42:13.731,0.0028,0.0027,80.0,0.0025,145.0,35809.0,539.0
2021-01-05 09:42:16.181,0.0028,0.0027,80.0,0.0025,135.0,35809.0,539.0
2021-01-05 09:42:17.241,0.0028,0.0027,80.0,0.0025,145.0,35809.0,539.0
2021-01-05 09:42:17.681,0.0028,0.0027,80.0,0.0026,15.0,35809.0,539.0
2021-01-05 09:42:18.100,0.0028,0.0027,80.0,0.0025,130.0,35809.0,539.0
2021-01-05 09:42:18.701,0.0028,0.0027,80.0,0.0026,35.0,35809.0,539.0
2021-01-05 09:42:19.210,0.0028,0.0027,80.0,0.0025,145.0,35809.0,539.0
2021-01-05 09:42:19.721,0.0028,0.0027,80.0,0.0026,35.0,35809.0,539.0
2021-01-05 09:42:20.150,0.0028,0.0027,80.0,0.0026,15.0,35809.0,539.0
2021-01-05 09:42:20.720,0.0028,0.0027,80.0,0.0026,35.0,35809.0,539.0
2021-01-05 09:42:21.231,0.0028,0.0027,80.0,0.0025,130.0,35809.0,539.0
2021-01-05 09:42:21.621,0.0028,0.0027,80.0,0.0026,35.0,35809.0,539.0
2021-01-05 09:42:22.221,0.0028,0.0027,80.0,0.0025,160.0,35809.0,539.0
2021-01-05 09:42:22.570,0.0028,0.0027,80.0,0.0026,20.0,35809.0,539.0
2021-01-05 09:42:22.981,0.0028,0.0027,80.0,0.0026,15.0,35809.0,539.0
2021-01-05 09:42:23.631,0.0028,0.0027,80.0,0.0026,35.0,35809.0,539.0
2021-01-05 09:42:24.151,0.0028,0.0027,80.0,0.0026,35.0,35809.0,539.0
2021-01-05 09:42:24.601,0.0028,0.0027,80.0,0.0026,35.0,35809.0,539.0
2021-01-05 09:42:25.200,0.0028,0.0027,80.0,0.0026,35.0,35809.0,539.0
2021-01-05 09:42:26.701,0.0028,0.0027,80.0,0.0026,35.0,35809.0,539.0
2021-01-05 09:42:29.720,0.0028,0.0027,80.0,0.0026,35.0,35809.0,539.0
2021-01-05 09:42:30.110,0.0028,0.0027,80.0,0.0026,35.0,35809.0,539.0
2021-01-05 09:42:31.200,0.0027,0.0027,75.0,0.0026,35.0,35809.0,544.0
2021-01-05 09:42:33.121,0.0027,0.0027,75.0,0.0026,35.0,35809.0,544.0
2021-01-05 09:42:33.720,0.0027,0.0027,75.0,0.0026,35.0,35809.0,544.0
2021-01-05 09:42:34.210,0.0027,0.0027,75.0,0.0026,35.0,35809.0,544.0
2021-01-05 09:42:40.721,0.0027,0.0027,75.0,0.0026,35.0,35809.0,544.0
2021-01-05 09:42:42.711,0.0027,0.0027,75.0,0.0026,35.0,35809.0,544.0
2021-01-05 09:42:43.251,0.0027,0.0027,75.0,0.0026,35.0,35809.0,544.0
2021-01-05 09:42:43.741,0.0027,0.0027,75.0,0.0026,35.0,35809.0,544.0
2021-01-05 09:42:44.751,0.0027,0.0027,85.0,0.0026,35.0,35809.0,544.0
2021-01-05 09:42:45.191,0.0027,0.0027,75.0,0.0026,35.0,35809.0,544.0
2021-01-05 09:42:48.171,0.0027,0.0027,75.0,0.0026,35.0,35809.0,544.0
2021-01-05 09:42:53.640,0.0027,0.0027,78.0,0.0026,35.0,35809.0,544.0
2021-01-05 09:42:59.730,0.0027,0.0027,88.0,0.0026,35.0,35809.0,544.0
2021-01-05 09:43:00.200,0.0027,0.0027,78.0,0.0026,35.0,35809.0,544.0
2021-01-05 09:43:02.150,0.0027,0.0027,78.0,0.0026,20.0,35809.0,544.0
2021-01-05 09:43:02.681,0.0027,0.0027,88.0,0.0026,35.0,35809.0,544.0
2021-01-05 09:43:03.241,0.0027,0.0027,78.0,0.0026,35.0,35809.0,544.0
2021-01-05 09:43:04.740,0.0027,0.0027,78.0,0.0026,35.0,35809.0,544.0
2021-01-05 09:43:07.231,0.0027,0.0027,48.0,0.0026,65.0,35809.0,544.0
2021-01-05 09:43:08.701,0.0027,0.0027,48.0,0.0026,65.0,35809.0,544.0
2021-01-05 09:43:09.231,0.0027,0.0027,48.0,0.0026,65.0,35809.0,544.0
2021-01-05 09:43:10.150,0.0027,0.0027,48.0,0.0026,65.0,35809.0,544.0
2021-01-05 09:43:10.761,0.0027,0.0027,48.0,0.0026,65.0,35809.0,544.0
2021-01-05 09:43:11.250,0.0027,0.0027,48.0,0.0026,65.0,35809.0,544.0
2021-01-05 09:43:12.171,0.0027,0.0027,43.0,0.0026,65.0,35814.0,549.0
2021-01-05 09:43:13.740,0.0027,0.0027,43.0,0.0026,65.0,35814.0,549.0
2021-01-05 09:43:14.270,0.0027,0.0027,43.0,0.0026,65.0,35814.0,549.0
2021-01-05 09:43:15.241,0.0027,0.0027,40.0,0.0026,65.0,35814.0,549.0
2021-01-05 09:43:16.270,0.0027,0.0027,43.0,0.0026,65.0,35814.0,549.0
2021-01-05 09:43:17.771,0.0027,0.0027,43.0,0.0026,65.0,35814.0,549.0
2021-01-05 09:43:18.270,0.0027,0.0027,43.0,0.0026,65.0,35814.0,549.0
2021-01-05 09:43:19.761,0.0027,0.0027,43.0,0.0026,65.0,35814.0,549.0
2021-01-05 09:43:20.281,0.0027,0.0027,35.0,0.0026,65.0,35822.0,557.0
2021-01-05 09:43:21.271,0.0027,0.0027,35.0,0.0026,65.0,35822.0,557.0
2021-01-05 09:43:22.641,0.0027,0.0027,35.0,0.0026,65.0,35822.0,557.0
2021-01-05 09:43:23.201,0.0027,0.0027,35.0,0.0026,65.0,35822.0,557.0
2021-01-05 09:43:23.651,0.0027,0.0027,35.0,0.0026,65.0,35822.0,557.0
2021-01-05 09:43:24.120,0.0027,0.0027,35.0,0.0026,65.0,35822.0,557.0
2021-01-05 09:43:24.661,0.0027,0.0027,35.0,0.0026,65.0,35822.0,557.0
2021-01-05 09:43:24.661,0.0027,0.0027,35.0,0.0026,65.0,35822.0,557.0
2021-01-05 09:43:25.701,0.0027,0.0027,32.0,0.0026,65.0,35822.0,557.0
2021-01-05 09:43:26.181,0.0027,0.0027,32.0,0.0026,65.0,35822.0,557.0
2021-01-05 09:43:26.621,0.0027,0.0027,32.0,0.0026,65.0,35822.0,557.0
2021-01-05 09:43:27.190,0.0027,0.0027,32.0,0.0026,35.0,35822.0,557.0
2021-01-05 09:43:27.620,0.0027,0.0027,32.0,0.0026,35.0,35822.0,557.0
2021-01-05 09:43:28.091,0.0027,0.0027,32.0,0.0026,35.0,35822.0,557.0
2021-01-05 09:43:28.700,0.0027,0.0027,32.0,0.0026,35.0,35822.0,557.0
2021-01-05 09:43:30.701,0.0027,0.0027,32.0,0.0026,35.0,35822.0,557.0
2021-01-05 09:43:31.111,0.0027,0.0027,35.0,0.0026,35.0,35822.0,557.0
2021-01-05 09:43:31.720,0.0027,0.0027,35.0,0.0026,35.0,35822.0,557.0
2021-01-05 09:43:32.181,0.0027,0.0027,32.0,0.0026,35.0,35822.0,557.0
2021-01-05 09:43:33.141,0.0027,0.0027,32.0,0.0026,35.0,35822.0,557.0
2021-01-05 09:43:34.221,0.0027,0.0027,32.0,0.0026,20.0,35822.0,557.0
2021-01-05 09:43:34.661,0.0027,0.0027,32.0,0.0026,15.0,35822.0,557.0
2021-01-05 09:43:35.160,0.0027,0.0027,32.0,0.0026,35.0,35822.0,557.0
2021-01-05 09:43:35.681,0.0027,0.0027,32.0,0.0026,35.0,35822.0,557.0
2021-01-05 09:43:36.661,0.0027,0.0027,32.0,0.0026,35.0,35822.0,557.0
2021-01-05 09:43:39.241,0.0027,0.0027,32.0,0.0026,35.0,35822.0,557.0
2021-01-05 09:43:39.711,0.0027,0.0027,32.0,0.0026,35.0,35822.0,557.0
2021-01-05 09:43:40.230,0.0027,0.0027,62.0,0.0026,35.0,35822.0,557.0
2021-01-05 09:43:41.231,0.0027,0.0027,65.0,0.0026,35.0,35822.0,557.0
2021-01-05 09:43:43.231,0.0027,0.0027,62.0,0.0026,35.0,35822.0,557.0
2021-01-05 09:43:43.711,0.0027,0.0027,62.0,0.0026,35.0,35822.0,557.0
2021-01-05 09:43:47.250,0.0027,0.0027,62.0,0.0026,20.0,35822.0,557.0
2021-01-05 09:43:47.661,0.0027,0.0027,62.0,0.0025,120.0,35822.0,557.0
2021-01-05 09:43:48.220,0.0027,0.0027,72.0,0.0026,15.0,35822.0,557.0
2021-01-05 09:43:48.641,0.0027,0.0027,62.0,0.0026,35.0,35822.0,557.0
2021-01-05 09:43:49.221,0.0027,0.0027,62.0,0.0026,35.0,35822.0,557.0
2021-01-05 09:43:49.601,0.0027,0.0027,62.0,0.0026,35.0,35822.0,557.0
2021-01-05 09:43:50.170,0.0027,0.0027,62.0,0.0026,35.0,35822.0,557.0
2021-01-05 09:43:50.721,0.0027,0.0027,32.0,0.0026,35.0,35822.0,557.0
2021-01-05 09:43:51.221,0.0027,0.0027,35.0,0.0026,35.0,35822.0,557.0
2021-01-05 09:43:52.200,0.0027,0.0027,32.0,0.0026,35.0,35822.0,557.0
2021-01-05 09:43:55.660,0.0027,0.0027,32.0,0.0026,35.0,35822.0,557.0
2021-01-05 09:43:56.200,0.0027,0.0027,32.0,0.0026,35.0,35822.0,557.0
2021-01-05 09:43:58.711,0.0027,0.0027,32.0,0.0026,65.0,35822.0,557.0
2021-01-05 09:44:00.701,0.0027,0.0027,32.0,0.0026,50.0,35822.0,557.0
2021-01-05 09:44:01.160,0.0027,0.0027,32.0,0.0026,50.0,35822.0,557.0
2021-01-05 09:44:01.621,0.0027,0.0027,32.0,0.0026,65.0,35822.0,557.0
2021-01-05 09:44:02.031,0.0027,0.0027,32.0,0.0026,65.0,35822.0,557.0
2021-01-05 09:44:02.711,0.0027,0.0027,32.0,0.0026,65.0,35822.0,557.0
2021-01-05 09:44:03.241,0.0027,0.0027,32.0,0.0026,65.0,35822.0,557.0
2021-01-05 09:44:05.761,0.0027,0.0027,32.0,0.0026,65.0,35822.0,557.0
2021-01-05 09:44:06.261,0.0027,0.0027,32.0,0.0026,65.0,35822.0,557.0
2021-01-05 09:44:07.281,0.0027,0.0027,32.0,0.0026,65.0,35822.0,557.0
2021-01-05 09:44:08.261,0.0027,0.0027,32.0,0.0026,65.0,35822.0,557.0
2021-01-05 09:44:08.670,0.0027,0.0027,32.0,0.0026,50.0,35822.0,557.0
2021-01-05 09:44:09.150,0.0027,0.0027,32.0,0.0026,50.0,35822.0,557.0
2021-01-05 09:44:09.751,0.0027,0.0027,32.0,0.0026,50.0,35822.0,557.0
2021-01-05 09:44:10.280,0.0027,0.0027,32.0,0.0026,50.0,35822.0,557.0
2021-01-05 09:44:10.781,0.0027,0.0027,32.0,0.0026,50.0,35822.0,557.0
2021-01-05 09:44:12.781,0.0027,0.0027,32.0,0.0026,50.0,35822.0,557.0
2021-01-05 09:44:13.230,0.0027,0.0027,32.0,0.0026,50.0,35822.0,557.0
2021-01-05 09:44:15.280,0.0027,0.0027,65.0,0.0026,20.0,35822.0,557.0
2021-01-05 09:44:15.780,0.0027,0.0027,65.0,0.0025,135.0,35822.0,557.0
2021-01-05 09:44:16.281,0.0027,0.0027,75.0,0.0025,135.0,35822.0,557.0
2021-01-05 09:44:16.781,0.0027,0.0027,75.0,0.0025,135.0,35822.0,557.0
2021-01-05 09:44:17.280,0.0027,0.0027,75.0,0.0025,135.0,35822.0,557.0
2021-01-05 09:44:17.770,0.0027,0.0027,75.0,0.0025,135.0,35822.0,557.0
2021-01-05 09:44:20.240,0.0027,0.0027,90.0,0.0025,135.0,35822.0,557.0
2021-01-05 09:44:21.270,0.0027,0.0027,105.0,0.0026,4.0,35822.0,557.0
2021-01-05 09:44:21.760,0.0027,0.0027,95.0,0.0026,4.0,35822.0,557.0
2021-01-05 09:44:22.250,0.0027,0.0027,80.0,0.0026,4.0,35822.0,557.0
2021-01-05 09:44:22.661,0.0027,0.0027,95.0,0.0026,4.0,35822.0,557.0
2021-01-05 09:44:23.130,0.0027,0.0027,80.0,0.0026,4.0,35822.0,557.0
2021-01-05 09:44:25.120,0.0027,0.0027,65.0,0.0026,4.0,35822.0,557.0
2021-01-05 09:44:25.660,0.0027,0.0027,65.0,0.0026,4.0,35822.0,557.0
2021-01-05 09:44:26.201,0.0027,0.0027,90.0,0.0026,4.0,35822.0,557.0
2021-01-05 09:44:26.701,0.0027,0.0027,65.0,0.0026,24.0,35822.0,557.0
2021-01-05 09:44:27.201,0.0027,0.0027,90.0,0.0026,4.0,35822.0,557.0
2021-01-05 09:44:27.710,0.0027,0.0027,80.0,0.0026,4.0,35822.0,557.0
2021-01-05 09:44:28.680,0.0027,0.0027,105.0,0.0026,4.0,35822.0,557.0
2021-01-05 09:44:29.200,0.0027,0.0027,80.0,0.0026,4.0,35822.0,557.0
2021-01-05 09:44:29.640,0.0027,0.0027,90.0,0.0026,4.0,35822.0,557.0
2021-01-05 09:44:30.201,0.0027,0.0027,90.0,0.0026,4.0,35822.0,557.0
2021-01-05 09:44:30.720,0.0027,0.0027,105.0,0.0026,4.0,35822.0,557.0
2021-01-05 09:44:31.730,0.0027,0.0027,80.0,0.0026,4.0,35822.0,557.0
2021-01-05 09:44:32.220,0.0027,0.0027,90.0,0.0026,4.0,35822.0,557.0
2021-01-05 09:44:32.670,0.0027,0.0027,80.0,0.0026,4.0,35822.0,557.0
2021-01-05 09:44:33.231,0.0027,0.0027,90.0,0.0026,4.0,35822.0,557.0
2021-01-05 09:44:33.730,0.0027,0.0027,95.0,0.0026,4.0,35822.0,557.0
2021-01-05 09:44:34.241,0.0027,0.0027,105.0,0.0026,4.0,35822.0,557.0
2021-01-05 09:44:37.751,0.0027,0.0027,90.0,0.0026,4.0,35822.0,557.0
2021-01-05 09:44:38.731,0.0027,0.0027,105.0,0.0026,4.0,35822.0,557.0
2021-01-05 09:44:39.661,0.0027,0.0027,90.0,0.0026,4.0,35822.0,557.0
2021-01-05 09:44:40.740,0.0027,0.0027,80.0,0.0026,4.0,35822.0,557.0
2021-01-05 09:44:41.251,0.0027,0.0027,80.0,0.0026,4.0,35822.0,557.0
2021-01-05 09:44:41.730,0.0027,0.0027,95.0,0.0026,4.0,35822.0,557.0
2021-01-05 09:44:42.731,0.0027,0.0027,90.0,0.0026,4.0,35822.0,557.0
2021-01-05 09:44:42.731,0.0027,0.0027,90.0,0.0026,4.0,35822.0,557.0
2021-01-05 09:44:43.760,0.0027,0.0027,90.0,0.0026,4.0,35822.0,557.0
2021-01-05 09:44:44.260,0.0027,0.0027,90.0,0.0026,4.0,35822.0,557.0
2021-01-05 09:44:45.230,0.0026,0.0027,90.0,0.0025,119.0,35822.0,561.0
2021-01-05 09:44:45.760,0.0026,0.0026,3.0,0.0025,104.0,35822.0,561.0
2021-01-05 09:44:46.160,0.0026,0.0027,105.0,0.0025,104.0,35822.0,561.0
2021-01-05 09:44:46.771,0.0026,0.0027,105.0,0.0025,104.0,35822.0,561.0
2021-01-05 09:44:47.770,0.0026,0.0026,3.0,0.0025,104.0,35822.0,561.0
2021-01-05 09:44:48.281,0.0026,0.0026,13.0,0.0025,104.0,35822.0,561.0
2021-01-05 09:44:49.270,0.0026,0.0026,3.0,0.0025,104.0,35822.0,561.0
2021-01-05 09:44:49.800,0.0026,0.0026,13.0,0.0025,104.0,35822.0,561.0
2021-01-05 09:44:50.811,0.0026,0.0026,28.0,0.0025,104.0,35822.0,561.0
2021-01-05 09:44:51.270,0.0026,0.0026,13.0,0.0025,104.0,35822.0,561.0
2021-01-05 09:44:51.650,0.0026,0.0026,13.0,0.0025,104.0,35822.0,561.0
2021-01-05 09:44:52.311,0.0026,0.0026,13.0,0.0025,84.0,35822.0,561.0
2021-01-05 09:44:53.201,0.0026,0.0026,33.0,0.0025,104.0,35822.0,561.0
2021-01-05 09:44:53.621,0.0026,0.0026,43.0,0.0025,84.0,35822.0,561.0
2021-01-05 09:44:54.551,0.0026,0.0026,13.0,0.0025,104.0,35822.0,561.0
2021-01-05 09:44:54.970,0.0026,0.0026,3.0,0.0025,104.0,35822.0,561.0
2021-01-05 09:44:55.700,0.0026,0.0026,13.0,0.0025,104.0,35822.0,561.0
2021-01-05 09:44:56.220,0.0026,0.0026,13.0,0.0025,84.0,35822.0,561.0
2021-01-05 09:44:56.720,0.0026,0.0026,3.0,0.0025,104.0,35822.0,561.0
2021-01-05 09:44:57.160,0.0026,0.0026,13.0,0.0025,104.0,35822.0,561.0
2021-01-05 09:44:57.680,0.0026,0.0026,10.0,0.0025,104.0,35822.0,561.0
2021-01-05 09:44:58.120,0.0026,0.0027,105.0,0.0025,104.0,35822.0,561.0
2021-01-05 09:44:58.720,0.0026,0.0027,105.0,0.0025,104.0,35822.0,561.0
2021-01-05 09:44:59.190,0.0026,0.0026,3.0,0.0025,104.0,35822.0,561.0
2021-01-05 09:44:59.711,0.0026,0.0026,3.0,0.0025,104.0,35822.0,561.0
2021-01-05 09:45:00.061,0.0026,0.0026,13.0,0.0025,104.0,35822.0,561.0
2021-01-05 09:45:00.591,0.0026,0.0026,13.0,0.0025,104.0,35822.0,561.0
2021-01-05 09:45:01.221,0.0026,0.0026,3.0,0.0025,104.0,35822.0,561.0
2021-01-05 09:45:02.061,0.0026,0.0026,13.0,0.0025,104.0,35822.0,561.0
2021-01-05 09:45:03.680,0.0026,0.0026,13.0,0.0025,84.0,35822.0,561.0
2021-01-05 09:45:04.191,0.0025,0.0026,3.0,0.0025,88.0,35822.0,585.0
2021-01-05 09:45:04.700,0.0025,0.0026,3.0,0.0025,29.0,35789.0,644.0
2021-01-05 09:45:05.180,0.0025,0.0026,3.0,0.0025,45.0,35775.0,658.0
2021-01-05 09:45:05.620,0.0025,0.0025,29.0,0.0024,25.0,35745.0,696.0
2021-01-05 09:45:06.220,0.0025,0.0025,7.0,0.0024,25.0,35715.0,726.0
2021-01-05 09:45:06.721,0.0025,0.0025,23.0,0.0024,25.0,35685.0,756.0
2021-01-05 09:45:07.130,0.0025,0.0025,60.0,0.0024,25.0,35685.0,756.0
2021-01-05 09:45:07.651,0.0025,0.0025,34.0,0.0024,45.0,35685.0,787.0
2021-01-05 09:45:08.181,0.0025,0.0025,4.0,0.0024,45.0,35685.0,817.0
2021-01-05 09:45:08.700,0.0025,0.0026,13.0,0.0025,26.0,35685.0,821.0
2021-01-05 09:45:09.190,0.0025,0.0026,13.0,0.0025,26.0,35685.0,821.0
2021-01-05 09:45:09.720,0.0025,0.0026,3.0,0.0025,26.0,35685.0,821.0
2021-01-05 09:45:09.720,0.0025,0.0026,13.0,0.0025,26.0,35685.0,821.0
2021-01-05 09:45:11.720,0.0025,0.0026,3.0,0.0025,26.0,35685.0,821.0
2021-01-05 09:45:12.150,0.0025,0.0026,13.0,0.0025,26.0,35685.0,821.0
2021-01-05 09:45:15.721,0.0025,0.0026,3.0,0.0025,26.0,35685.0,821.0
2021-01-05 09:45:16.230,0.0025,0.0026,13.0,0.0025,26.0,35685.0,821.0
2021-01-05 09:45:17.731,0.0025,0.0026,3.0,0.0025,26.0,35685.0,821.0
2021-01-05 09:45:18.230,0.0025,0.0026,13.0,0.0025,26.0,35685.0,821.0
2021-01-05 09:45:18.691,0.0025,0.0026,13.0,0.0025,46.0,35685.0,821.0
2021-01-05 09:45:19.191,0.0025,0.0026,13.0,0.0025,46.0,35685.0,821.0
2021-01-05 09:45:21.191,0.0025,0.0026,23.0,0.0025,46.0,35685.0,821.0
2021-01-05 09:45:21.731,0.0026,0.0026,23.0,0.0025,46.0,35687.0,826.0
2021-01-05 09:45:22.240,0.0026,0.0026,23.0,0.0025,46.0,35687.0,826.0
2021-01-05 09:45:22.710,0.0026,0.0026,33.0,0.0025,46.0,35687.0,826.0
2021-01-05 09:45:23.160,0.0026,0.0026,30.0,0.0025,46.0,35687.0,826.0
2021-01-05 09:45:23.671,0.0026,0.0026,30.0,0.0025,46.0,35687.0,826.0
2021-01-05 09:45:24.201,0.0026,0.0026,33.0,0.0025,61.0,35687.0,826.0
2021-01-05 09:45:25.131,0.0026,0.0026,30.0,0.0025,46.0,35687.0,826.0
2021-01-05 09:45:25.590,0.0026,0.0026,30.0,0.0025,46.0,35687.0,826.0
2021-01-05 09:45:26.681,0.0026,0.0026,30.0,0.0025,46.0,35687.0,826.0
2021-01-05 09:45:27.211,0.0026,0.0026,23.0,0.0025,46.0,35687.0,826.0
2021-01-05 09:45:27.711,0.0026,0.0026,20.0,0.0025,46.0,35687.0,826.0
2021-01-05 09:45:28.220,0.0026,0.0026,30.0,0.0025,46.0,35687.0,826.0
2021-01-05 09:45:28.700,0.0026,0.0026,20.0,0.0025,46.0,35687.0,826.0
2021-01-05 09:45:29.140,0.0026,0.0026,30.0,0.0025,46.0,35687.0,826.0
2021-01-05 09:45:30.210,0.0026,0.0026,30.0,0.0025,46.0,35687.0,826.0
2021-01-05 09:45:31.701,0.0026,0.0026,60.0,0.0025,20.0,35687.0,826.0
2021-01-05 09:45:32.690,0.0026,0.0026,60.0,0.0024,75.0,35687.0,826.0
2021-01-05 09:45:33.180,0.0026,0.0026,60.0,0.0024,75.0,35687.0,826.0
2021-01-05 09:45:34.220,0.0026,0.0026,60.0,0.0024,75.0,35687.0,826.0
2021-01-05 09:45:37.731,0.0026,0.0026,60.0,0.0024,75.0,35687.0,826.0
2021-01-05 09:45:38.721,0.0026,0.0026,60.0,0.0024,75.0,35687.0,826.0
2021-01-05 09:45:39.700,0.0026,0.0026,63.0,0.0024,75.0,35687.0,826.0
2021-01-05 09:45:42.711,0.0026,0.0026,60.0,0.0024,75.0,35687.0,826.0
2021-01-05 09:45:43.220,0.0026,0.0026,78.0,0.0024,75.0,35687.0,826.0
2021-01-05 09:45:44.201,0.0026,0.0026,63.0,0.0024,75.0,35687.0,826.0
2021-01-05 09:45:45.220,0.0026,0.0026,63.0,0.0024,75.0,35687.0,826.0
2021-01-05 09:45:45.681,0.0026,0.0026,63.0,0.0024,75.0,35687.0,826.0
2021-01-05 09:45:46.240,0.0026,0.0026,78.0,0.0024,75.0,35687.0,826.0
2021-01-05 09:45:47.241,0.0026,0.0026,63.0,0.0024,75.0,35687.0,826.0
2021-01-05 09:46:00.730,0.0026,0.0026,63.0,0.0024,75.0,35687.0,826.0
2021-01-05 09:46:05.161,0.0026,0.0026,78.0,0.0024,75.0,35687.0,826.0
2021-01-05 09:46:05.691,0.0026,0.0026,63.0,0.0024,75.0,35687.0,826.0
2021-01-05 09:46:06.221,0.0026,0.0026,63.0,0.0024,75.0,35687.0,826.0
2021-01-05 09:46:08.121,0.0026,0.0026,63.0,0.0024,75.0,35687.0,826.0
2021-01-05 09:46:12.190,0.0026,0.0026,78.0,0.0024,60.0,35687.0,826.0
2021-01-05 09:46:12.601,0.0026,0.0026,63.0,0.0024,75.0,35687.0,826.0
2021-01-05 09:46:13.200,0.0026,0.0026,78.0,0.0024,75.0,35687.0,826.0
2021-01-05 09:46:14.230,0.0026,0.0026,93.0,0.0024,60.0,35687.0,826.0
2021-01-05 09:46:15.231,0.0026,0.0026,63.0,0.0024,75.0,35687.0,826.0
2021-01-05 09:46:15.730,0.0026,0.0026,78.0,0.0024,75.0,35687.0,826.0
2021-01-05 09:46:17.751,0.0026,0.0026,78.0,0.0024,75.0,35687.0,826.0
2021-01-05 09:46:19.171,0.0026,0.0026,63.0,0.0024,75.0,35687.0,826.0
2021-01-05 09:46:20.210,0.0026,0.0026,63.0,0.0024,75.0,35687.0,826.0
2021-01-05 09:46:29.151,0.0026,0.0026,65.0,0.0024,75.0,35687.0,826.0
2021-01-05 09:46:37.750,0.0026,0.0026,65.0,0.0024,75.0,35687.0,826.0
2021-01-05 09:46:38.151,0.0026,0.0026,80.0,0.0024,75.0,35687.0,826.0
2021-01-05 09:46:39.210,0.0026,0.0026,65.0,0.0024,75.0,35687.0,826.0
2021-01-05 09:46:40.230,0.0026,0.0026,65.0,0.0024,75.0,35687.0,826.0
2021-01-05 09:46:41.730,0.0026,0.0026,65.0,0.0024,75.0,35687.0,826.0
2021-01-05 09:46:42.230,0.0026,0.0026,65.0,0.0024,75.0,35687.0,826.0
2021-01-05 09:46:47.230,0.0026,0.0026,65.0,0.0024,75.0,35687.0,826.0
2021-01-05 09:46:48.761,0.0026,0.0026,62.0,0.0024,75.0,35687.0,826.0
2021-01-05 09:46:49.251,0.0026,0.0026,62.0,0.0024,75.0,35687.0,826.0
2021-01-05 09:46:49.730,0.0026,0.0026,62.0,0.0024,75.0,35687.0,826.0
2021-01-05 09:46:51.801,0.0026,0.0026,65.0,0.0025,11.0,35687.0,826.0
2021-01-05 09:46:52.711,0.0026,0.0026,55.0,0.0025,11.0,35687.0,826.0
2021-01-05 09:46:53.201,0.0026,0.0026,55.0,0.0025,11.0,35687.0,826.0
2021-01-05 09:46:53.681,0.0026,0.0026,55.0,0.0025,11.0,35687.0,826.0
2021-01-05 09:46:54.701,0.0026,0.0026,52.0,0.0025,11.0,35687.0,826.0
2021-01-05 09:46:54.751,0.0026,0.0026,52.0,0.0025,11.0,35687.0,826.0
2021-01-05 09:46:56.711,0.0026,0.0026,55.0,0.0025,11.0,35687.0,826.0
2021-01-05 09:46:57.080,0.0026,0.0026,52.0,0.0025,11.0,35687.0,826.0
2021-01-05 09:46:57.641,0.0026,0.0026,52.0,0.0025,31.0,35687.0,826.0
2021-01-05 09:46:58.131,0.0026,0.0026,52.0,0.0025,31.0,35687.0,826.0
2021-01-05 09:46:59.191,0.0026,0.0026,52.0,0.0025,31.0,35687.0,826.0
2021-01-05 09:46:59.681,0.0026,0.0026,55.0,0.0025,31.0,35687.0,826.0
2021-01-05 09:47:00.251,0.0026,0.0026,52.0,0.0025,31.0,35687.0,826.0
2021-01-05 09:47:01.721,0.0026,0.0026,55.0,0.0025,31.0,35687.0,826.0
2021-01-05 09:47:02.741,0.0026,0.0026,25.0,0.0025,31.0,35687.0,826.0
2021-01-05 09:47:03.220,0.0026,0.0026,25.0,0.0025,11.0,35687.0,826.0
2021-01-05 09:47:03.740,0.0026,0.0026,25.0,0.0025,41.0,35687.0,826.0
2021-01-05 09:47:04.211,0.0026,0.0026,25.0,0.0025,61.0,35687.0,826.0
2021-01-05 09:47:04.751,0.0026,0.0026,25.0,0.0025,61.0,35687.0,826.0
2021-01-05 09:47:05.250,0.0026,0.0026,23.0,0.0025,61.0,35687.0,826.0
2021-01-05 09:47:05.750,0.0026,0.0026,23.0,0.0025,61.0,35687.0,826.0
2021-01-05 09:47:06.750,0.0026,0.0026,23.0,0.0025,61.0,35687.0,826.0
2021-01-05 09:47:07.740,0.0026,0.0026,23.0,0.0025,41.0,35687.0,826.0
2021-01-05 09:47:10.721,0.0026,0.0026,23.0,0.0025,41.0,35687.0,826.0
2021-01-05 09:47:11.250,0.0026,0.0026,23.0,0.0025,41.0,35687.0,826.0
2021-01-05 09:47:13.201,0.0026,0.0026,23.0,0.0025,41.0,35687.0,826.0
2021-01-05 09:47:13.751,0.0026,0.0026,23.0,0.0025,41.0,35687.0,826.0
2021-01-05 09:47:14.220,0.0026,0.0026,23.0,0.0025,56.0,35687.0,826.0
2021-01-05 09:47:15.230,0.0026,0.0026,23.0,0.0025,61.0,35687.0,826.0
2021-01-05 09:47:16.731,0.0026,0.0026,23.0,0.0025,41.0,35687.0,826.0
2021-01-05 09:47:17.251,0.0026,0.0026,23.0,0.0025,41.0,35687.0,826.0
2021-01-05 09:47:17.760,0.0026,0.0026,23.0,0.0025,61.0,35687.0,826.0
2021-01-05 09:47:18.221,0.0026,0.0026,23.0,0.0025,41.0,35687.0,826.0
2021-01-05 09:47:19.111,0.0026,0.0026,20.0,0.0025,76.0,35687.0,826.0
2021-01-05 09:47:19.731,0.0026,0.0026,23.0,0.0025,76.0,35687.0,826.0
2021-01-05 09:47:20.160,0.0026,0.0026,23.0,0.0025,76.0,35687.0,826.0
2021-01-05 09:47:21.260,0.0026,0.0026,23.0,0.0025,76.0,35687.0,826.0
2021-01-05 09:47:21.760,0.0026,0.0026,23.0,0.0025,76.0,35687.0,826.0
2021-01-05 09:47:22.240,0.0026,0.0026,23.0,0.0025,76.0,35687.0,826.0
2021-01-05 09:47:23.151,0.0026,0.0026,20.0,0.0025,76.0,35687.0,826.0
2021-01-05 09:47:23.710,0.0026,0.0026,23.0,0.0025,76.0,35687.0,826.0
2021-01-05 09:47:24.221,0.0026,0.0026,23.0,0.0025,61.0,35687.0,826.0
2021-01-05 09:47:24.680,0.0026,0.0026,23.0,0.0025,61.0,35687.0,826.0
2021-01-05 09:47:25.241,0.0026,0.0026,20.0,0.0025,76.0,35687.0,826.0
2021-01-05 09:47:25.710,0.0026,0.0026,23.0,0.0025,76.0,35687.0,826.0
2021-01-05 09:47:26.180,0.0026,0.0026,23.0,0.0025,61.0,35687.0,826.0
2021-01-05 09:47:26.680,0.0026,0.0026,23.0,0.0025,76.0,35687.0,826.0
2021-01-05 09:47:27.241,0.0026,0.0026,23.0,0.0025,76.0,35687.0,826.0
2021-01-05 09:47:27.721,0.0026,0.0026,20.0,0.0025,76.0,35687.0,826.0
2021-01-05 09:47:30.720,0.0026,0.0026,20.0,0.0025,76.0,35687.0,826.0
2021-01-05 09:47:31.181,0.0026,0.0026,23.0,0.0025,76.0,35687.0,826.0
2021-01-05 09:47:32.681,0.0026,0.0026,23.0,0.0025,76.0,35687.0,826.0
2021-01-05 09:47:33.181,0.0026,0.0026,20.0,0.0025,76.0,35687.0,826.0
2021-01-05 09:47:34.231,0.0026,0.0026,20.0,0.0025,76.0,35687.0,826.0
2021-01-05 09:47:34.750,0.0026,0.0026,20.0,0.0025,76.0,35687.0,826.0
2021-01-05 09:47:35.221,0.0026,0.0026,20.0,0.0025,61.0,35687.0,826.0
2021-01-05 09:47:35.740,0.0026,0.0026,33.0,0.0025,61.0,35687.0,826.0
2021-01-05 09:47:36.241,0.0026,0.0026,20.0,0.0025,76.0,35687.0,826.0
2021-01-05 09:47:36.721,0.0026,0.0026,20.0,0.0025,76.0,35687.0,826.0
2021-01-05 09:47:37.761,0.0026,0.0026,20.0,0.0025,76.0,35687.0,826.0
2021-01-05 09:47:38.260,0.0026,0.0026,20.0,0.0025,76.0,35687.0,826.0
2021-01-05 09:47:38.760,0.0026,0.0026,20.0,0.0025,65.0,35687.0,826.0
2021-01-05 09:47:39.751,0.0026,0.0026,9.0,0.0025,65.0,35687.0,837.0
2021-01-05 09:47:40.260,0.0026,0.0026,9.0,0.0025,65.0,35687.0,837.0
2021-01-05 09:47:40.761,0.0026,0.0026,9.0,0.0025,65.0,35687.0,837.0
2021-01-05 09:47:41.251,0.0026,0.0026,9.0,0.0025,65.0,35687.0,837.0
2021-01-05 09:47:41.731,0.0026,0.0026,9.0,0.0025,65.0,35687.0,837.0
2021-01-05 09:47:44.260,0.0026,0.0026,9.0,0.0025,65.0,35687.0,837.0
2021-01-05 09:47:47.771,0.0026,0.0026,9.0,0.0025,65.0,35687.0,837.0
2021-01-05 09:47:48.261,0.0026,0.0026,9.0,0.0025,65.0,35687.0,837.0
2021-01-05 09:47:48.761,0.0026,0.0026,9.0,0.0025,65.0,35687.0,837.0
2021-01-05 09:47:49.771,0.0026,0.0026,9.0,0.0025,50.0,35687.0,837.0
2021-01-05 09:47:50.271,0.0026,0.0026,9.0,0.0025,50.0,35687.0,837.0
2021-01-05 09:47:51.241,0.0026,0.0026,9.0,0.0025,50.0,35687.0,837.0
2021-01-05 09:47:51.781,0.0026,0.0026,9.0,0.0025,65.0,35687.0,837.0
2021-01-05 09:47:52.221,0.0026,0.0026,9.0,0.0025,65.0,35687.0,837.0
2021-01-05 09:47:52.730,0.0026,0.0026,9.0,0.0025,65.0,35687.0,837.0
2021-01-05 09:47:53.740,0.0026,0.0026,9.0,0.0025,45.0,35687.0,837.0
2021-01-05 09:47:54.230,0.0026,0.0026,9.0,0.0025,45.0,35687.0,837.0
2021-01-05 09:47:55.241,0.0026,0.0026,9.0,0.0025,15.0,35687.0,837.0
2021-01-05 09:47:55.740,0.0026,0.0026,39.0,0.0025,15.0,35687.0,837.0
2021-01-05 09:47:56.751,0.0026,0.0026,39.0,0.0025,15.0,35687.0,837.0
2021-01-05 09:47:57.250,0.0026,0.0026,39.0,0.0025,15.0,35687.0,837.0
2021-01-05 09:47:57.750,0.0026,0.0026,39.0,0.0025,15.0,35687.0,837.0
2021-01-05 09:47:58.781,0.0026,0.0026,39.0,0.0025,35.0,35687.0,837.0
2021-01-05 09:47:59.140,0.0026,0.0026,39.0,0.0025,15.0,35687.0,837.0
2021-01-05 09:47:59.751,0.0026,0.0026,39.0,0.0025,15.0,35687.0,837.0
2021-01-05 09:48:00.791,0.0026,0.0026,39.0,0.0025,35.0,35687.0,837.0
2021-01-05 09:48:01.261,0.0026,0.0026,9.0,0.0025,35.0,35687.0,837.0
2021-01-05 09:48:01.791,0.0026,0.0026,9.0,0.0025,35.0,35687.0,837.0
2021-01-05 09:48:02.260,0.0026,0.0026,9.0,0.0025,35.0,35687.0,837.0
2021-01-05 09:48:02.781,0.0026,0.0026,9.0,0.0025,65.0,35687.0,837.0
2021-01-05 09:48:03.290,0.0026,0.0026,9.0,0.0025,65.0,35687.0,837.0
2021-01-05 09:48:03.791,0.0026,0.0026,9.0,0.0025,65.0,35687.0,837.0
2021-01-05 09:48:04.790,0.0026,0.0026,9.0,0.0025,65.0,35687.0,837.0
2021-01-05 09:48:05.290,0.0026,0.0026,9.0,0.0025,65.0,35687.0,837.0
2021-01-05 09:48:06.300,0.0026,0.0026,9.0,0.0025,65.0,35687.0,837.0
2021-01-05 09:48:06.781,0.0026,0.0026,9.0,0.0025,65.0,35687.0,837.0
2021-01-05 09:48:07.280,0.0026,0.0026,9.0,0.0025,65.0,35687.0,837.0
2021-01-05 09:48:07.760,0.0026,0.0026,9.0,0.0025,65.0,35687.0,837.0
2021-01-05 09:48:08.281,0.0026,0.0026,9.0,0.0025,65.0,35687.0,837.0
2021-01-05 09:48:09.291,0.0026,0.0026,12.0,0.0025,65.0,35687.0,837.0
2021-01-05 09:48:09.731,0.0026,0.0026,9.0,0.0025,65.0,35687.0,837.0
2021-01-05 09:48:10.231,0.0026,0.0026,9.0,0.0025,65.0,35687.0,837.0
2021-01-05 09:48:11.301,0.0026,0.0026,12.0,0.0025,65.0,35687.0,837.0
2021-01-05 09:48:11.791,0.0026,0.0026,9.0,0.0025,65.0,35687.0,837.0
2021-01-05 09:48:12.751,0.0026,0.0026,9.0,0.0025,65.0,35687.0,837.0
2021-01-05 09:48:15.831,0.0026,0.0026,9.0,0.0025,35.0,35687.0,837.0
2021-01-05 09:48:16.321,0.0026,0.0026,9.0,0.0025,35.0,35687.0,837.0
2021-01-05 09:48:16.801,0.0026,0.0026,9.0,0.0025,35.0,35687.0,837.0
2021-01-05 09:48:17.300,0.0026,0.0026,9.0,0.0025,35.0,35687.0,837.0
2021-01-05 09:48:18.330,0.0026,0.0026,9.0,0.0025,35.0,35687.0,837.0
2021-01-05 09:48:18.831,0.0026,0.0026,39.0,0.0025,35.0,35687.0,837.0
2021-01-05 09:48:20.791,0.0026,0.0026,39.0,0.0025,35.0,35687.0,837.0
2021-01-05 09:48:21.800,0.0026,0.0026,39.0,0.0025,35.0,35687.0,837.0
2021-01-05 09:48:22.301,0.0026,0.0026,39.0,0.0025,35.0,35687.0,837.0
2021-01-05 09:48:23.021,0.0026,0.0026,39.0,0.0025,20.0,35687.0,837.0
2021-01-05 09:48:23.730,0.0026,0.0026,15.0,0.0025,20.0,35687.0,861.0
2021-01-05 09:48:23.890,0.0026,0.0026,15.0,0.0024,75.0,35687.0,861.0
2021-01-05 09:48:24.731,0.0026,0.0026,15.0,0.0025,15.0,35687.0,861.0
2021-01-05 09:48:25.100,0.0026,0.0026,15.0,0.0025,35.0,35687.0,861.0
2021-01-05 09:48:25.730,0.0026,0.0026,15.0,0.0025,35.0,35687.0,861.0
2021-01-05 09:48:27.181,0.0026,0.0026,15.0,0.0025,15.0,35687.0,861.0
2021-01-05 09:48:27.701,0.0026,0.0026,15.0,0.0025,35.0,35687.0,861.0
2021-01-05 09:48:28.181,0.0026,0.0026,25.0,0.0025,15.0,35687.0,861.0
2021-01-05 09:48:28.731,0.0026,0.0026,15.0,0.0025,15.0,35687.0,861.0
2021-01-05 09:48:29.121,0.0026,0.0026,15.0,0.0025,15.0,35687.0,861.0
2021-01-05 09:48:30.210,0.0025,0.0026,15.0,0.0025,10.0,35687.0,881.0
2021-01-05 09:48:30.731,0.0025,0.0026,15.0,0.0025,15.0,35687.0,881.0
2021-01-05 09:48:32.200,0.0025,0.0026,25.0,0.0025,15.0,35687.0,881.0
2021-01-05 09:48:33.190,0.0025,0.0026,15.0,0.0025,15.0,35687.0,881.0
2021-01-05 09:48:34.141,0.0025,0.0026,15.0,0.0025,15.0,35687.0,881.0
2021-01-05 09:48:36.210,0.0025,0.0026,15.0,0.0025,30.0,35687.0,881.0
2021-01-05 09:48:36.730,0.0025,0.0026,15.0,0.0025,15.0,35687.0,881.0
2021-01-05 09:48:37.211,0.0025,0.0026,15.0,0.0025,15.0,35687.0,881.0
2021-01-05 09:48:38.211,0.0025,0.0027,77.0,0.0025,65.0,35687.0,881.0
2021-01-05 09:48:39.201,0.0025,0.0027,77.0,0.0025,65.0,35687.0,881.0
2021-01-05 09:48:39.600,0.0025,0.0027,77.0,0.0025,65.0,35687.0,881.0
2021-01-05 09:48:42.661,0.0025,0.0027,77.0,0.0025,45.0,35687.0,881.0
2021-01-05 09:48:43.740,0.0025,0.0027,77.0,0.0025,65.0,35687.0,881.0
2021-01-05 09:48:45.001,0.0025,0.0027,77.0,0.0025,45.0,35687.0,881.0
2021-01-05 09:48:46.510,0.0025,0.0027,77.0,0.0025,65.0,35687.0,881.0
2021-01-05 09:48:49.240,0.0025,0.0027,77.0,0.0025,215.0,35687.0,881.0
2021-01-05 09:48:50.030,0.0025,0.0027,77.0,0.0025,265.0,35687.0,881.0
2021-01-05 09:48:52.510,0.0025,0.0027,77.0,0.0025,245.0,35687.0,881.0
2021-01-05 09:49:01.261,0.0025,0.0027,77.0,0.0025,245.0,35687.0,881.0
2021-01-05 09:49:02.261,0.0025,0.0027,77.0,0.0025,265.0,35687.0,881.0
2021-01-05 09:49:03.291,0.0025,0.0027,77.0,0.0025,265.0,35687.0,881.0
2021-01-05 09:49:09.821,0.0025,0.0027,44.0,0.0026,30.0,35687.0,881.0
2021-01-05 09:49:10.330,0.0025,0.0027,37.0,0.0026,30.0,35687.0,881.0
2021-01-05 09:49:10.831,0.0025,0.0027,37.0,0.0026,30.0,35687.0,881.0
2021-01-05 09:49:11.260,0.0025,0.0027,37.0,0.0026,30.0,35687.0,881.0
2021-01-05 09:49:11.850,0.0025,0.0027,47.0,0.0026,30.0,35687.0,881.0
2021-01-05 09:49:12.270,0.0025,0.0027,37.0,0.0026,30.0,35687.0,881.0
2021-01-05 09:49:12.850,0.0025,0.0027,67.0,0.0025,245.0,35687.0,881.0
2021-01-05 09:49:13.310,0.0025,0.0027,77.0,0.0025,245.0,35687.0,881.0
2021-01-05 09:49:13.851,0.0025,0.0027,77.0,0.0025,265.0,35687.0,881.0
2021-01-05 09:49:15.340,0.0025,0.0027,77.0,0.0025,265.0,35687.0,881.0
2021-01-05 09:49:15.851,0.0025,0.0027,77.0,0.0025,265.0,35687.0,881.0
2021-01-05 09:49:16.341,0.0025,0.0027,77.0,0.0025,245.0,35687.0,881.0
2021-01-05 09:49:19.330,0.0025,0.0027,77.0,0.0025,265.0,35687.0,881.0
2021-01-05 09:49:21.330,0.0025,0.0027,77.0,0.0025,265.0,35687.0,881.0
2021-01-05 09:49:29.210,0.0025,0.0027,92.0,0.0025,265.0,35687.0,881.0
2021-01-05 09:49:29.691,0.0025,0.0027,77.0,0.0025,265.0,35687.0,881.0
2021-01-05 09:49:32.701,0.0025,0.0027,77.0,0.0025,245.0,35687.0,881.0
2021-01-05 09:49:39.231,0.0025,0.0027,77.0,0.0025,230.0,35687.0,881.0
2021-01-05 09:49:39.761,0.0025,0.0027,77.0,0.0025,245.0,35687.0,881.0
2021-01-05 09:49:42.210,0.0025,0.0027,92.0,0.0025,245.0,35687.0,881.0
2021-01-05 09:49:42.700,0.0025,0.0027,77.0,0.0025,245.0,35687.0,881.0
2021-01-05 09:49:46.170,0.0025,0.0027,92.0,0.0025,245.0,35687.0,881.0
2021-01-05 09:49:46.610,0.0025,0.0027,77.0,0.0025,245.0,35687.0,881.0
2021-01-05 09:49:47.040,0.0025,0.0026,3.0,0.0025,245.0,35687.0,881.0
2021-01-05 09:49:47.691,0.0025,0.0027,92.0,0.0025,245.0,35687.0,881.0
2021-01-05 09:49:48.260,0.0025,0.0027,92.0,0.0025,245.0,35687.0,881.0
2021-01-05 09:49:51.760,0.0025,0.0027,77.0,0.0025,245.0,35687.0,881.0
2021-01-05 09:49:55.681,0.0025,0.0027,47.0,0.0025,245.0,35687.0,881.0
2021-01-05 09:49:57.141,0.0025,0.0027,47.0,0.0026,30.0,35687.0,881.0
2021-01-05 09:49:57.491,0.0025,0.0027,37.0,0.0026,30.0,35687.0,881.0
2021-01-05 09:49:58.240,0.0025,0.0027,47.0,0.0026,30.0,35687.0,881.0
2021-01-05 09:49:58.680,0.0025,0.0027,37.0,0.0026,30.0,35687.0,881.0
2021-01-05 09:49:59.220,0.0025,0.0027,37.0,0.0026,30.0,35687.0,881.0
2021-01-05 09:49:59.731,0.0025,0.0027,37.0,0.0026,30.0,35687.0,881.0
2021-01-05 09:50:00.720,0.0025,0.0027,37.0,0.0026,30.0,35687.0,881.0
2021-01-05 09:50:00.810,0.0025,0.0027,52.0,0.0026,30.0,35687.0,881.0
2021-01-05 09:50:01.621,0.0025,0.0027,62.0,0.0026,30.0,35687.0,881.0
2021-01-05 09:50:02.241,0.0025,0.0027,52.0,0.0026,30.0,35687.0,881.0
2021-01-05 09:50:03.730,0.0025,0.0027,37.0,0.0026,30.0,35687.0,881.0
2021-01-05 09:50:04.241,0.0025,0.0027,37.0,0.0026,30.0,35687.0,881.0
2021-01-05 09:50:04.710,0.0025,0.0027,37.0,0.0026,30.0,35687.0,881.0
2021-01-05 09:50:06.710,0.0025,0.0027,47.0,0.0026,30.0,35687.0,881.0
2021-01-05 09:50:07.211,0.0025,0.0027,37.0,0.0026,30.0,35687.0,881.0
2021-01-05 09:50:07.740,0.0025,0.0027,47.0,0.0026,30.0,35687.0,881.0
2021-01-05 09:50:08.251,0.0025,0.0027,37.0,0.0026,30.0,35687.0,881.0
2021-01-05 09:50:10.641,0.0025,0.0027,47.0,0.0026,30.0,35687.0,881.0
2021-01-05 09:50:11.240,0.0025,0.0027,37.0,0.0026,30.0,35687.0,881.0
2021-01-05 09:50:11.761,0.0025,0.0027,47.0,0.0026,30.0,35687.0,881.0
2021-01-05 09:50:12.170,0.0025,0.0027,37.0,0.0026,30.0,35687.0,881.0
2021-01-05 09:50:12.761,0.0025,0.0027,47.0,0.0026,30.0,35687.0,881.0
2021-01-05 09:50:13.230,0.0025,0.0027,37.0,0.0026,30.0,35687.0,881.0
2021-01-05 09:50:14.241,0.0025,0.0027,37.0,0.0026,30.0,35687.0,881.0
2021-01-05 09:50:14.700,0.0025,0.0027,37.0,0.0026,30.0,35687.0,881.0
2021-01-05 09:50:15.211,0.0025,0.0027,37.0,0.0026,30.0,35687.0,881.0
2021-01-05 09:50:15.741,0.0025,0.0027,37.0,0.0026,30.0,35687.0,881.0
2021-01-05 09:50:16.721,0.0025,0.0027,77.0,0.0026,30.0,35687.0,881.0
2021-01-05 09:50:17.230,0.0025,0.0027,67.0,0.0026,30.0,35687.0,881.0
2021-01-05 09:50:17.691,0.0025,0.0027,67.0,0.0026,30.0,35687.0,881.0
2021-01-05 09:50:18.271,0.0025,0.0027,77.0,0.0025,245.0,35687.0,881.0
2021-01-05 09:50:18.740,0.0025,0.0026,3.0,0.0025,245.0,35687.0,881.0
2021-01-05 09:50:19.260,0.0025,0.0027,77.0,0.0025,245.0,35687.0,881.0
2021-01-05 09:50:19.700,0.0025,0.0027,77.0,0.0025,245.0,35687.0,881.0
2021-01-05 09:50:20.231,0.0025,0.0026,3.0,0.0025,245.0,35687.0,881.0
2021-01-05 09:50:20.680,0.0025,0.0026,3.0,0.0025,245.0,35687.0,881.0
2021-01-05 09:50:22.580,0.0025,0.0027,77.0,0.0025,245.0,35687.0,881.0
2021-01-05 09:50:23.220,0.0025,0.0026,3.0,0.0025,245.0,35687.0,881.0
2021-01-05 09:50:23.710,0.0025,0.0026,3.0,0.0025,245.0,35687.0,881.0
2021-01-05 09:50:24.240,0.0025,0.0026,3.0,0.0025,245.0,35687.0,881.0
2021-01-05 09:50:24.720,0.0025,0.0027,77.0,0.0025,245.0,35687.0,881.0
2021-01-05 09:50:25.740,0.0025,0.0026,3.0,0.0025,245.0,35687.0,881.0
2021-01-05 09:50:26.741,0.0025,0.0026,3.0,0.0025,245.0,35687.0,881.0
2021-01-05 09:50:27.590,0.0025,0.0026,3.0,0.0025,245.0,35687.0,881.0
2021-01-05 09:50:28.731,0.0025,0.0026,3.0,0.0025,265.0,35687.0,881.0
2021-01-05 09:50:29.160,0.0025,0.0026,3.0,0.0025,265.0,35687.0,881.0
2021-01-05 09:50:29.730,0.0025,0.0026,3.0,0.0025,265.0,35687.0,881.0
2021-01-05 09:50:30.170,0.0025,0.0026,3.0,0.0025,265.0,35687.0,881.0
2021-01-05 09:50:31.740,0.0025,0.0026,3.0,0.0025,265.0,35687.0,881.0
2021-01-05 09:50:32.251,0.0025,0.0026,3.0,0.0025,265.0,35687.0,881.0
2021-01-05 09:50:32.681,0.0025,0.0027,77.0,0.0025,265.0,35687.0,881.0
2021-01-05 09:50:33.730,0.0025,0.0027,77.0,0.0025,265.0,35687.0,881.0
2021-01-05 09:50:34.241,0.0025,0.0027,77.0,0.0025,265.0,35687.0,881.0
2021-01-05 09:50:35.240,0.0025,0.0026,3.0,0.0025,265.0,35687.0,881.0
2021-01-05 09:50:35.711,0.0025,0.0026,3.0,0.0025,265.0,35687.0,881.0
2021-01-05 09:50:36.681,0.0025,0.0026,3.0,0.0025,265.0,35687.0,881.0
2021-01-05 09:50:37.221,0.0025,0.0026,3.0,0.0025,265.0,35687.0,881.0
2021-01-05 09:50:38.260,0.0025,0.0026,3.0,0.0025,265.0,35687.0,881.0
2021-01-05 09:50:40.511,0.0025,0.0026,3.0,0.0025,265.0,35687.0,881.0
2021-01-05 09:50:42.260,0.0025,0.0026,3.0,0.0025,245.0,35687.0,881.0
2021-01-05 09:50:42.730,0.0025,0.0027,77.0,0.0025,265.0,35687.0,881.0
2021-01-05 09:50:43.111,0.0025,0.0026,3.0,0.0025,245.0,35687.0,881.0
2021-01-05 09:50:43.760,0.0025,0.0027,77.0,0.0025,265.0,35687.0,881.0
2021-01-05 09:50:44.250,0.0025,0.0026,3.0,0.0025,265.0,35687.0,881.0
2021-01-05 09:50:44.751,0.0025,0.0026,3.0,0.0025,245.0,35687.0,881.0
2021-01-05 09:50:45.681,0.0025,0.0026,3.0,0.0025,245.0,35687.0,881.0
2021-01-05 09:50:46.740,0.0025,0.0026,3.0,0.0025,245.0,35687.0,881.0
2021-01-05 09:50:48.770,0.0026,0.0027,77.0,0.0026,4.0,35681.0,887.0
2021-01-05 09:50:49.070,0.0026,0.0027,77.0,0.0026,16.0,35678.0,890.0
2021-01-05 09:50:50.271,0.0026,0.0027,77.0,0.0026,41.0,35678.0,890.0
2021-01-05 09:50:52.730,0.0026,0.0027,77.0,0.0026,41.0,35678.0,890.0
2021-01-05 09:50:54.230,0.0026,0.0027,67.0,0.0026,41.0,35678.0,890.0
2021-01-05 09:50:54.680,0.0026,0.0027,77.0,0.0026,41.0,35678.0,890.0
2021-01-05 09:50:56.241,0.0026,0.0027,67.0,0.0026,41.0,35678.0,890.0
2021-01-05 09:50:56.691,0.0026,0.0027,77.0,0.0026,41.0,35678.0,890.0
2021-01-05 09:51:00.260,0.0026,0.0027,77.0,0.0026,41.0,35678.0,890.0
2021-01-05 09:51:02.681,0.0026,0.0027,77.0,0.0026,41.0,35678.0,890.0
2021-01-05 09:51:03.161,0.0026,0.0027,77.0,0.0026,41.0,35678.0,890.0
2021-01-05 09:51:05.240,0.0026,0.0027,92.0,0.0026,41.0,35678.0,890.0
2021-01-05 09:51:06.260,0.0026,0.0027,92.0,0.0026,41.0,35678.0,890.0
2021-01-05 09:51:06.740,0.0026,0.0027,77.0,0.0026,41.0,35678.0,890.0
2021-01-05 09:51:07.251,0.0026,0.0027,92.0,0.0026,41.0,35678.0,890.0
2021-01-05 09:51:08.711,0.0026,0.0027,77.0,0.0026,41.0,35678.0,890.0
2021-01-05 09:51:10.260,0.0026,0.0027,77.0,0.0026,41.0,35678.0,890.0
2021-01-05 09:51:11.270,0.0026,0.0027,77.0,0.0026,41.0,35678.0,890.0
2021-01-05 09:51:11.781,0.0026,0.0027,92.0,0.0026,41.0,35678.0,890.0
2021-01-05 09:51:12.791,0.0026,0.0027,77.0,0.0026,41.0,35678.0,890.0
2021-01-05 09:51:13.810,0.0026,0.0027,92.0,0.0026,41.0,35678.0,890.0
2021-01-05 09:51:14.791,0.0026,0.0027,92.0,0.0026,41.0,35678.0,890.0
2021-01-05 09:51:15.250,0.0026,0.0027,107.0,0.0026,41.0,35678.0,890.0
2021-01-05 09:51:15.771,0.0026,0.0027,92.0,0.0026,41.0,35678.0,890.0
2021-01-05 09:51:16.280,0.0026,0.0027,107.0,0.0026,41.0,35678.0,890.0
2021-01-05 09:51:17.310,0.0026,0.0027,92.0,0.0026,41.0,35678.0,890.0
2021-01-05 09:51:17.811,0.0026,0.0027,107.0,0.0026,41.0,35678.0,890.0
2021-01-05 09:51:18.311,0.0026,0.0027,77.0,0.0026,41.0,35678.0,890.0
2021-01-05 09:51:18.791,0.0026,0.0027,67.0,0.0026,41.0,35678.0,890.0
2021-01-05 09:51:19.300,0.0027,0.0027,72.0,0.0026,41.0,35678.0,910.0
2021-01-05 09:51:19.800,0.0027,0.0027,87.0,0.0026,41.0,35678.0,910.0
2021-01-05 09:51:22.301,0.0027,0.0027,87.0,0.0026,41.0,35678.0,910.0
2021-01-05 09:51:22.691,0.0027,0.0027,72.0,0.0026,41.0,35678.0,910.0
2021-01-05 09:51:23.121,0.0027,0.0027,87.0,0.0026,41.0,35678.0,910.0
2021-01-05 09:51:24.251,0.0027,0.0027,57.0,0.0026,41.0,35678.0,910.0
2021-01-05 09:51:24.760,0.0027,0.0027,87.0,0.0026,41.0,35678.0,910.0
2021-01-05 09:51:25.221,0.0027,0.0027,72.0,0.0026,41.0,35678.0,910.0
2021-01-05 09:51:25.530,0.0027,0.0027,57.0,0.0026,41.0,35678.0,910.0
2021-01-05 09:51:26.010,0.0027,0.0027,57.0,0.0026,41.0,35678.0,910.0
2021-01-05 09:51:26.771,0.0027,0.0027,57.0,0.0026,41.0,35678.0,910.0
2021-01-05 09:51:27.770,0.0027,0.0027,57.0,0.0026,41.0,35678.0,910.0
2021-01-05 09:51:32.250,0.0027,0.0027,57.0,0.0026,41.0,35678.0,910.0
2021-01-05 09:51:37.791,0.0027,0.0027,57.0,0.0026,41.0,35678.0,910.0
2021-01-05 09:51:38.290,0.0027,0.0027,72.0,0.0026,41.0,35678.0,910.0
2021-01-05 09:51:39.771,0.0027,0.0027,57.0,0.0026,41.0,35678.0,910.0
2021-01-05 09:51:42.791,0.0027,0.0027,72.0,0.0026,41.0,35678.0,910.0
2021-01-05 09:51:43.260,0.0027,0.0027,57.0,0.0026,41.0,35678.0,910.0
2021-01-05 09:51:45.260,0.0027,0.0027,44.0,0.0026,41.0,35678.0,910.0
2021-01-05 09:51:45.811,0.0027,0.0027,44.0,0.0026,41.0,35678.0,910.0
2021-01-05 09:51:46.311,0.0027,0.0027,62.0,0.0026,41.0,35678.0,910.0
2021-01-05 09:51:46.800,0.0027,0.0027,62.0,0.0026,41.0,35678.0,910.0
2021-01-05 09:51:47.331,0.0027,0.0027,72.0,0.0026,41.0,35678.0,910.0
2021-01-05 09:51:47.811,0.0027,0.0027,87.0,0.0026,41.0,35678.0,910.0
2021-01-05 09:51:48.251,0.0027,0.0027,62.0,0.0026,41.0,35678.0,910.0
2021-01-05 09:51:48.771,0.0027,0.0027,62.0,0.0026,41.0,35678.0,910.0
2021-01-05 09:51:49.281,0.0027,0.0027,72.0,0.0026,41.0,35678.0,910.0
2021-01-05 09:51:49.820,0.0027,0.0027,57.0,0.0026,41.0,35678.0,910.0
2021-01-05 09:51:50.331,0.0027,0.0027,72.0,0.0026,41.0,35678.0,910.0
2021-01-05 09:51:50.800,0.0027,0.0027,57.0,0.0026,41.0,35678.0,910.0
2021-01-05 09:51:51.301,0.0027,0.0027,47.0,0.0026,41.0,35678.0,910.0
2021-01-05 09:51:51.830,0.0027,0.0027,17.0,0.0026,41.0,35678.0,910.0
2021-01-05 09:51:52.301,0.0027,0.0027,17.0,0.0026,41.0,35678.0,910.0
2021-01-05 09:51:52.731,0.0027,0.0027,27.0,0.0026,41.0,35678.0,910.0
2021-01-05 09:51:53.221,0.0027,0.0027,27.0,0.0026,41.0,35678.0,910.0
2021-01-05 09:51:54.231,0.0027,0.0027,27.0,0.0026,41.0,35678.0,910.0
2021-01-05 09:51:54.711,0.0027,0.0027,17.0,0.0026,71.0,35678.0,910.0
2021-01-05 09:51:55.230,0.0027,0.0027,42.0,0.0026,71.0,35678.0,910.0
2021-01-05 09:51:56.740,0.0027,0.0027,32.0,0.0026,71.0,35678.0,910.0
2021-01-05 09:51:57.311,0.0027,0.0027,42.0,0.0026,71.0,35678.0,910.0
2021-01-05 09:51:58.240,0.0027,0.0027,27.0,0.0026,71.0,35678.0,910.0
2021-01-05 09:51:59.211,0.0027,0.0027,42.0,0.0026,71.0,35678.0,910.0
2021-01-05 09:51:59.750,0.0027,0.0027,27.0,0.0026,71.0,35678.0,910.0
2021-01-05 09:52:00.250,0.0027,0.0027,72.0,0.0026,41.0,35678.0,910.0
2021-01-05 09:52:02.250,0.0027,0.0027,72.0,0.0026,41.0,35678.0,910.0
2021-01-05 09:52:02.751,0.0027,0.0027,87.0,0.0026,41.0,35678.0,910.0
2021-01-05 09:52:04.240,0.0027,0.0027,72.0,0.0026,41.0,35678.0,910.0
2021-01-05 09:52:04.651,0.0027,0.0027,87.0,0.0026,41.0,35678.0,910.0
2021-01-05 09:52:05.681,0.0027,0.0027,72.0,0.0026,41.0,35678.0,910.0
2021-01-05 09:52:06.261,0.0027,0.0027,87.0,0.0026,41.0,35678.0,910.0
2021-01-05 09:52:06.751,0.0027,0.0027,72.0,0.0026,41.0,35678.0,910.0
2021-01-05 09:52:07.250,0.0027,0.0027,72.0,0.0026,41.0,35678.0,910.0
2021-01-05 09:52:07.671,0.0027,0.0027,87.0,0.0026,41.0,35678.0,910.0
2021-01-05 09:52:08.180,0.0027,0.0027,72.0,0.0026,41.0,35678.0,910.0
2021-01-05 09:52:09.711,0.0027,0.0027,87.0,0.0026,41.0,35678.0,910.0
2021-01-05 09:52:10.251,0.0027,0.0027,72.0,0.0026,41.0,35678.0,910.0
2021-01-05 09:52:10.591,0.0027,0.0027,87.0,0.0026,41.0,35678.0,910.0
2021-01-05 09:52:12.230,0.0027,0.0027,72.0,0.0026,41.0,35678.0,910.0
2021-01-05 09:52:12.731,0.0027,0.0027,72.0,0.0026,41.0,35678.0,910.0
2021-01-05 09:52:13.260,0.0027,0.0027,57.0,0.0026,41.0,35678.0,910.0
2021-01-05 09:52:14.180,0.0027,0.0027,57.0,0.0026,41.0,35678.0,910.0
2021-01-05 09:52:20.750,0.0027,0.0027,57.0,0.0026,41.0,35678.0,910.0
2021-01-05 09:52:21.130,0.0027,0.0027,72.0,0.0026,41.0,35678.0,910.0
2021-01-05 09:52:21.580,0.0027,0.0027,57.0,0.0026,41.0,35678.0,910.0
2021-01-05 09:52:22.131,0.0026,0.0027,57.0,0.0026,21.0,35678.0,930.0
2021-01-05 09:52:22.740,0.0026,0.0027,57.0,0.0026,11.0,35678.0,940.0
2021-01-05 09:52:23.241,0.0026,0.0027,72.0,0.0026,11.0,35678.0,940.0
2021-01-05 09:52:23.751,0.0026,0.0027,57.0,0.0026,11.0,35678.0,940.0
2021-01-05 09:52:24.600,0.0026,0.0027,77.0,0.0026,11.0,35678.0,940.0
2021-01-05 09:52:25.220,0.0026,0.0027,77.0,0.0026,11.0,35678.0,940.0
2021-01-05 09:52:28.250,0.0026,0.0027,57.0,0.0026,11.0,35678.0,940.0
2021-01-05 09:52:29.251,0.0026,0.0027,77.0,0.0026,11.0,35678.0,940.0
2021-01-05 09:52:30.271,0.0026,0.0027,57.0,0.0026,11.0,35678.0,940.0
2021-01-05 09:52:31.270,0.0027,0.0027,10.0,0.0026,11.0,35725.0,990.0
2021-01-05 09:52:31.760,0.0027,0.0027,19.0,0.0026,11.0,35766.0,1040.0
2021-01-05 09:52:35.801,0.0027,0.0027,39.0,0.0026,11.0,35766.0,1040.0
2021-01-05 09:52:40.291,0.0027,0.0027,54.0,0.0026,11.0,35766.0,1040.0
2021-01-05 09:52:40.800,0.0027,0.0027,19.0,0.0026,11.0,35766.0,1040.0
2021-01-05 09:52:41.290,0.0026,0.0027,39.0,0.0026,8.0,35766.0,1043.0
2021-01-05 09:52:41.780,0.0026,0.0027,19.0,0.0026,8.0,35766.0,1043.0
2021-01-05 09:52:42.291,0.0026,0.0027,39.0,0.0026,8.0,35766.0,1043.0
2021-01-05 09:52:42.790,0.0026,0.0027,19.0,0.0026,8.0,35766.0,1043.0
2021-01-05 09:52:43.791,0.0026,0.0027,19.0,0.0026,8.0,35766.0,1043.0
2021-01-05 09:52:48.331,0.0026,0.0027,19.0,0.0026,8.0,35766.0,1043.0
2021-01-05 09:52:48.800,0.0026,0.0027,34.0,0.0026,8.0,35766.0,1043.0
2021-01-05 09:52:49.211,0.0026,0.0027,19.0,0.0026,8.0,35766.0,1043.0
2021-01-05 09:52:51.820,0.0026,0.0027,19.0,0.0026,8.0,35766.0,1043.0
2021-01-05 09:52:53.231,0.0026,0.0027,19.0,0.0026,8.0,35766.0,1043.0
2021-01-05 09:52:54.250,0.0026,0.0027,34.0,0.0026,8.0,35766.0,1043.0
2021-01-05 09:52:54.751,0.0026,0.0027,19.0,0.0026,8.0,35766.0,1043.0
