,last,ask1,asize1,bid1,bsize1,oi,volume
2021-01-05 09:25:00.080,,0.0431,1.0,0.0398,1.0,16764.0,
2021-01-05 09:30:00.451,,0.0431,1.0,0.039,1.0,16764.0,
2021-01-05 09:30:00.991,,0.0444,1.0,0.0398,7.0,16764.0,
2021-01-05 09:30:01.481,,0.0444,1.0,0.0398,7.0,16764.0,
2021-01-05 09:30:02.011,,0.0419,20.0,0.0398,7.0,16764.0,
2021-01-05 09:30:02.440,,0.0417,20.0,0.0398,7.0,16764.0,
2021-01-05 09:30:03.010,,0.0419,20.0,0.0398,7.0,16764.0,
2021-01-05 09:30:05.010,,0.0419,20.0,0.0398,7.0,16764.0,
2021-01-05 09:30:05.481,,0.0415,20.0,0.0398,7.0,16764.0,
2021-01-05 09:30:05.990,,0.0419,20.0,0.0398,7.0,16764.0,
2021-01-05 09:30:06.480,,0.0415,20.0,0.0398,7.0,16764.0,
2021-01-05 09:30:06.971,,0.0411,20.0,0.0398,7.0,16764.0,
2021-01-05 09:30:08.001,0.0398,0.0411,20.0,0.0386,30.0,16771.0,7.0
2021-01-05 09:30:11.000,0.0398,0.0409,20.0,0.0386,30.0,16771.0,7.0
2021-01-05 09:30:13.000,0.0398,0.0411,20.0,0.0386,30.0,16771.0,7.0
2021-01-05 09:30:14.521,0.0398,0.0413,20.0,0.0386,50.0,16771.0,7.0
2021-01-05 09:30:15.991,0.0398,0.0413,20.0,0.0386,50.0,16771.0,7.0
2021-01-05 09:30:17.021,0.0398,0.0415,20.0,0.0386,50.0,16771.0,7.0
2021-01-05 09:30:17.870,0.0398,0.0446,30.0,0.0386,30.0,16771.0,7.0
2021-01-05 09:30:18.750,0.0398,0.0417,20.0,0.0386,50.0,16771.0,7.0
2021-01-05 09:30:19.251,0.0398,0.0417,20.0,0.0386,50.0,16771.0,7.0
2021-01-05 09:30:19.751,0.0398,0.0417,20.0,0.0386,50.0,16771.0,7.0
2021-01-05 09:30:21.741,0.0398,0.0419,20.0,0.0386,50.0,16771.0,7.0
2021-01-05 09:30:22.240,0.0398,0.0417,20.0,0.0386,50.0,16771.0,7.0
2021-01-05 09:30:23.670,0.0398,0.0417,20.0,0.0386,50.0,16771.0,7.0
2021-01-05 09:30:24.161,0.0398,0.0415,20.0,0.0386,50.0,16771.0,7.0
2021-01-05 09:30:25.160,0.0398,0.0417,20.0,0.0386,30.0,16771.0,7.0
2021-01-05 09:30:25.671,0.0398,0.0414,20.0,0.0386,50.0,16771.0,7.0
2021-01-05 09:30:28.161,0.0398,0.0414,30.0,0.0386,50.0,16771.0,7.0
2021-01-05 09:30:32.140,0.0398,0.0414,30.0,0.0387,2.0,16771.0,7.0
2021-01-05 09:30:43.180,0.0398,0.0414,55.0,0.0387,27.0,16771.0,7.0
2021-01-05 09:30:44.181,0.0398,0.0414,55.0,0.0387,27.0,16771.0,7.0
2021-01-05 09:30:44.650,0.0398,0.0414,55.0,0.0387,27.0,16771.0,7.0
2021-01-05 09:30:55.671,0.0398,0.0414,55.0,0.0387,27.0,16771.0,7.0
2021-01-05 09:30:56.660,0.0398,0.0406,10.0,0.0387,27.0,16771.0,7.0
2021-01-05 09:30:57.171,0.0398,0.0406,35.0,0.0387,27.0,16771.0,7.0
2021-01-05 09:30:57.600,0.0398,0.0406,35.0,0.0387,27.0,16771.0,7.0
2021-01-05 09:30:58.660,0.0398,0.0406,35.0,0.0387,27.0,16771.0,7.0
2021-01-05 09:31:02.170,0.0398,0.0406,35.0,0.0387,27.0,16771.0,7.0
2021-01-05 09:31:02.681,0.0398,0.0406,35.0,0.0387,47.0,16771.0,7.0
2021-01-05 09:31:03.680,0.0398,0.0406,35.0,0.0387,27.0,16771.0,7.0
2021-01-05 09:31:06.681,0.0398,0.0406,35.0,0.0387,27.0,16771.0,7.0
2021-01-05 09:31:08.650,0.0398,0.0406,35.0,0.0387,27.0,16771.0,7.0
2021-01-05 09:31:09.051,0.0398,0.0406,35.0,0.0387,27.0,16771.0,7.0
2021-01-05 09:31:17.710,0.0398,0.0399,10.0,0.0387,27.0,16771.0,7.0
2021-01-05 09:31:18.201,0.0398,0.0399,10.0,0.0387,27.0,16771.0,7.0
2021-01-05 09:31:18.720,0.0398,0.0399,10.0,0.0387,27.0,16771.0,7.0
2021-01-05 09:31:19.150,0.0398,0.0399,10.0,0.0387,27.0,16771.0,7.0
2021-01-05 09:31:19.721,0.0398,0.0399,10.0,0.0387,47.0,16771.0,7.0
2021-01-05 09:31:20.701,0.0398,0.0399,10.0,0.0387,47.0,16771.0,7.0
2021-01-05 09:31:21.671,0.0398,0.0399,10.0,0.0387,47.0,16771.0,7.0
2021-01-05 09:31:23.171,0.0398,0.0399,10.0,0.0387,47.0,16771.0,7.0
2021-01-05 09:31:23.640,0.0398,0.0399,10.0,0.0387,47.0,16771.0,7.0
2021-01-05 09:31:25.150,0.0398,0.0399,10.0,0.0387,47.0,16771.0,7.0
2021-01-05 09:31:25.640,0.0398,0.0399,10.0,0.0387,47.0,16771.0,7.0
2021-01-05 09:31:26.141,0.0398,0.0399,10.0,0.0387,47.0,16771.0,7.0
2021-01-05 09:31:26.681,0.0398,0.0399,10.0,0.0387,47.0,16771.0,7.0
2021-01-05 09:31:27.601,0.0398,0.0399,10.0,0.0387,47.0,16771.0,7.0
2021-01-05 09:31:28.610,0.0398,0.0399,10.0,0.0387,47.0,16771.0,7.0
2021-01-05 09:31:29.171,0.0398,0.0399,10.0,0.0387,47.0,16771.0,7.0
2021-01-05 09:31:30.671,0.0398,0.0399,30.0,0.0387,47.0,16771.0,7.0
2021-01-05 09:31:34.681,0.0398,0.0399,30.0,0.0387,47.0,16771.0,7.0
2021-01-05 09:31:35.670,0.0398,0.0399,30.0,0.0387,47.0,16771.0,7.0
2021-01-05 09:31:36.181,0.0398,0.0399,33.0,0.0387,47.0,16771.0,7.0
2021-01-05 09:31:36.690,0.0398,0.0399,33.0,0.0387,47.0,16771.0,7.0
2021-01-05 09:31:37.191,0.0398,0.0399,33.0,0.0387,47.0,16771.0,7.0
2021-01-05 09:31:38.190,0.0398,0.0397,10.0,0.0387,47.0,16771.0,7.0
2021-01-05 09:31:39.210,0.0398,0.0397,35.0,0.0387,47.0,16771.0,7.0
2021-01-05 09:31:39.710,0.0398,0.0397,35.0,0.0389,12.0,16771.0,7.0
2021-01-05 09:31:40.200,0.0398,0.0397,10.0,0.0389,12.0,16771.0,7.0
2021-01-05 09:31:40.711,0.0398,0.0397,10.0,0.039,12.0,16771.0,7.0
2021-01-05 09:31:41.191,0.0398,0.0397,10.0,0.0389,25.0,16771.0,7.0
2021-01-05 09:31:41.700,0.0398,0.0397,35.0,0.0388,47.0,16771.0,7.0
2021-01-05 09:31:42.211,0.0398,0.0397,35.0,0.0389,12.0,16771.0,7.0
2021-01-05 09:31:42.711,0.0398,0.0397,35.0,0.0388,37.0,16771.0,7.0
2021-01-05 09:31:43.191,0.0398,0.0397,35.0,0.0388,25.0,16771.0,7.0
2021-01-05 09:31:44.190,0.0398,0.0397,35.0,0.0388,25.0,16771.0,7.0
2021-01-05 09:31:45.170,0.0398,0.0397,35.0,0.0388,37.0,16771.0,7.0
2021-01-05 09:31:45.700,0.0398,0.0397,35.0,0.0388,25.0,16771.0,7.0
2021-01-05 09:31:46.171,0.0398,0.0397,35.0,0.0388,25.0,16771.0,7.0
2021-01-05 09:31:46.970,0.0398,0.0397,35.0,0.0389,12.0,16771.0,7.0
2021-01-05 09:31:47.690,0.0398,0.0397,25.0,0.039,12.0,16771.0,7.0
2021-01-05 09:31:48.211,0.0398,0.0398,25.0,0.039,37.0,16771.0,7.0
2021-01-05 09:31:48.670,0.0398,0.0398,25.0,0.039,25.0,16771.0,7.0
2021-01-05 09:31:49.221,0.0398,0.0398,25.0,0.039,25.0,16771.0,7.0
2021-01-05 09:31:49.711,0.0398,0.0398,25.0,0.039,45.0,16771.0,7.0
2021-01-05 09:31:50.191,0.0398,0.0399,35.0,0.039,57.0,16771.0,7.0
2021-01-05 09:31:50.710,0.0398,0.0399,35.0,0.039,45.0,16771.0,7.0
2021-01-05 09:31:51.210,0.0398,0.0399,35.0,0.039,45.0,16771.0,7.0
2021-01-05 09:31:52.220,0.0398,0.0399,25.0,0.0393,10.0,16771.0,7.0
2021-01-05 09:31:52.621,0.0398,0.04,28.0,0.0393,55.0,16771.0,7.0
2021-01-05 09:31:53.171,0.0398,0.04,28.0,0.0393,55.0,16771.0,7.0
2021-01-05 09:31:53.640,0.0398,0.04,28.0,0.0393,55.0,16771.0,7.0
2021-01-05 09:31:54.151,0.0398,0.04,25.0,0.0393,55.0,16771.0,7.0
2021-01-05 09:31:54.641,0.0398,0.0401,25.0,0.0393,55.0,16771.0,7.0
2021-01-05 09:31:55.670,0.0398,0.0401,25.0,0.0395,10.0,16771.0,7.0
2021-01-05 09:31:56.110,0.0398,0.0402,25.0,0.0395,10.0,16771.0,7.0
2021-01-05 09:31:56.591,0.0398,0.0403,28.0,0.0395,10.0,16771.0,7.0
2021-01-05 09:31:57.171,0.0398,0.0403,3.0,0.0395,35.0,16771.0,7.0
2021-01-05 09:31:58.150,0.0398,0.0404,45.0,0.0395,10.0,16771.0,7.0
2021-01-05 09:31:59.180,0.0398,0.0404,45.0,0.0395,35.0,16771.0,7.0
2021-01-05 09:32:00.150,0.0398,0.0404,20.0,0.0395,35.0,16771.0,7.0
2021-01-05 09:32:00.650,0.0398,0.0404,45.0,0.0395,35.0,16771.0,7.0
2021-01-05 09:32:01.170,0.0398,0.0404,20.0,0.0395,35.0,16771.0,7.0
2021-01-05 09:32:01.670,0.0398,0.0404,20.0,0.0395,35.0,16771.0,7.0
2021-01-05 09:32:02.671,0.0398,0.0404,20.0,0.0395,35.0,16771.0,7.0
2021-01-05 09:32:03.180,0.0398,0.0404,45.0,0.0395,10.0,16771.0,7.0
2021-01-05 09:32:04.150,0.0398,0.0402,10.0,0.0394,25.0,16771.0,7.0
2021-01-05 09:32:04.661,0.0398,0.0402,45.0,0.0393,25.0,16771.0,7.0
2021-01-05 09:32:05.141,0.0398,0.0402,45.0,0.0393,25.0,16771.0,7.0
2021-01-05 09:32:05.660,0.0398,0.0402,45.0,0.0393,25.0,16771.0,7.0
2021-01-05 09:32:06.161,0.0398,0.0402,45.0,0.0393,37.0,16771.0,7.0
2021-01-05 09:32:06.680,0.0398,0.0402,25.0,0.0393,37.0,16771.0,7.0
2021-01-05 09:32:07.070,0.0398,0.0402,25.0,0.0393,25.0,16771.0,7.0
2021-01-05 09:32:07.671,0.0398,0.0402,25.0,0.0392,25.0,16771.0,7.0
2021-01-05 09:32:08.171,0.0398,0.0402,25.0,0.0392,47.0,16771.0,7.0
2021-01-05 09:32:08.670,0.0398,0.0402,25.0,0.0393,22.0,16771.0,7.0
2021-01-05 09:32:09.141,0.0398,0.0402,25.0,0.0393,22.0,16771.0,7.0
2021-01-05 09:32:09.681,0.0398,0.0402,25.0,0.0393,12.0,16771.0,7.0
2021-01-05 09:32:10.161,0.0398,0.0402,25.0,0.0392,35.0,16771.0,7.0
2021-01-05 09:32:10.630,0.0398,0.0402,25.0,0.0392,47.0,16771.0,7.0
2021-01-05 09:32:11.650,0.0398,0.0402,25.0,0.0392,25.0,16771.0,7.0
2021-01-05 09:32:12.161,0.0398,0.0402,25.0,0.0392,25.0,16771.0,7.0
2021-01-05 09:32:12.161,0.0398,0.0402,25.0,0.0392,25.0,16771.0,7.0
2021-01-05 09:32:13.680,0.0398,0.0402,25.0,0.0392,25.0,16771.0,7.0
2021-01-05 09:32:14.180,0.0398,0.0402,25.0,0.0395,3.0,16771.0,7.0
2021-01-05 09:32:14.560,0.0398,0.0402,25.0,0.0395,28.0,16771.0,7.0
2021-01-05 09:32:15.671,0.0398,0.0402,25.0,0.0395,28.0,16771.0,7.0
2021-01-05 09:32:16.551,0.0398,0.0402,25.0,0.0395,28.0,16771.0,7.0
2021-01-05 09:32:17.161,0.0398,0.0402,25.0,0.0395,28.0,16771.0,7.0
2021-01-05 09:32:17.651,0.0398,0.0402,25.0,0.0395,28.0,16771.0,7.0
2021-01-05 09:32:18.130,0.0398,0.0402,25.0,0.0395,3.0,16771.0,7.0
2021-01-05 09:32:18.670,0.0398,0.0403,45.0,0.0395,3.0,16771.0,7.0
2021-01-05 09:32:19.640,0.0398,0.0403,45.0,0.0397,10.0,16771.0,7.0
2021-01-05 09:32:20.151,0.0398,0.0403,23.0,0.0397,10.0,16771.0,7.0
2021-01-05 09:32:20.600,0.0398,0.0403,23.0,0.0397,10.0,16771.0,7.0
2021-01-05 09:32:21.171,0.0398,0.0403,23.0,0.0397,10.0,16771.0,7.0
2021-01-05 09:32:21.680,0.0398,0.0403,23.0,0.0397,10.0,16771.0,7.0
2021-01-05 09:32:22.181,0.0398,0.0403,23.0,0.0397,10.0,16771.0,7.0
2021-01-05 09:32:22.660,0.0398,0.0403,23.0,0.0396,25.0,16771.0,7.0
2021-01-05 09:32:23.180,0.0398,0.0403,48.0,0.0396,25.0,16771.0,7.0
2021-01-05 09:32:24.160,0.0398,0.0403,48.0,0.0396,25.0,16771.0,7.0
2021-01-05 09:32:25.170,0.0398,0.0403,48.0,0.0396,25.0,16771.0,7.0
2021-01-05 09:32:25.670,0.0398,0.0403,23.0,0.0396,25.0,16771.0,7.0
2021-01-05 09:32:26.171,0.0398,0.0403,23.0,0.0395,3.0,16771.0,7.0
2021-01-05 09:32:26.650,0.0398,0.0403,28.0,0.0395,28.0,16771.0,7.0
2021-01-05 09:32:27.151,0.0398,0.0403,28.0,0.0399,5.0,16771.0,7.0
2021-01-05 09:32:27.641,0.0398,0.0403,3.0,0.0399,5.0,16771.0,7.0
2021-01-05 09:32:28.171,0.0398,0.0403,3.0,0.0399,5.0,16771.0,7.0
2021-01-05 09:32:28.630,0.0398,0.0405,35.0,0.0399,5.0,16771.0,7.0
2021-01-05 09:32:29.180,0.0398,0.0405,35.0,0.0399,5.0,16771.0,7.0
2021-01-05 09:32:30.171,0.0398,0.0405,35.0,0.0399,5.0,16771.0,7.0
2021-01-05 09:32:31.151,0.0398,0.0405,35.0,0.0399,5.0,16771.0,7.0
2021-01-05 09:32:31.691,0.0398,0.0405,35.0,0.0399,5.0,16771.0,7.0
2021-01-05 09:32:32.121,0.0398,0.0405,35.0,0.0399,5.0,16771.0,7.0
2021-01-05 09:32:32.690,0.0398,0.0405,10.0,0.0399,5.0,16771.0,7.0
2021-01-05 09:32:33.671,0.0398,0.0405,10.0,0.0399,5.0,16771.0,7.0
2021-01-05 09:32:34.171,0.0398,0.0405,10.0,0.0399,5.0,16771.0,7.0
2021-01-05 09:32:35.170,0.0398,0.0405,35.0,0.0399,5.0,16771.0,7.0
2021-01-05 09:32:36.190,0.0398,0.0405,55.0,0.0399,5.0,16771.0,7.0
2021-01-05 09:32:38.190,0.0398,0.0405,55.0,0.0399,5.0,16771.0,7.0
2021-01-05 09:32:38.670,0.0398,0.0405,58.0,0.0399,5.0,16771.0,7.0
2021-01-05 09:32:39.630,0.0398,0.0405,58.0,0.0399,5.0,16771.0,7.0
2021-01-05 09:32:41.690,0.0398,0.0405,58.0,0.0399,5.0,16771.0,7.0
2021-01-05 09:32:42.201,0.0398,0.0405,58.0,0.0399,5.0,16771.0,7.0
2021-01-05 09:32:42.700,0.0398,0.0405,58.0,0.0399,5.0,16771.0,7.0
2021-01-05 09:32:43.190,0.0398,0.0405,58.0,0.0399,5.0,16771.0,7.0
2021-01-05 09:32:43.580,0.0398,0.0405,58.0,0.0399,5.0,16771.0,7.0
2021-01-05 09:32:44.700,0.0398,0.0405,58.0,0.0399,5.0,16771.0,7.0
2021-01-05 09:32:45.580,0.0398,0.0405,58.0,0.0399,5.0,16771.0,7.0
2021-01-05 09:32:46.160,0.0398,0.0405,58.0,0.0399,5.0,16771.0,7.0
2021-01-05 09:32:46.621,0.0398,0.0405,58.0,0.0399,5.0,16771.0,7.0
2021-01-05 09:32:47.701,0.0398,0.0405,58.0,0.0399,5.0,16771.0,7.0
2021-01-05 09:32:48.181,0.0398,0.0405,58.0,0.0399,5.0,16771.0,7.0
2021-01-05 09:32:48.690,0.0398,0.0405,38.0,0.0399,5.0,16771.0,7.0
2021-01-05 09:32:49.190,0.0398,0.0405,38.0,0.0399,5.0,16771.0,7.0
2021-01-05 09:32:49.670,0.0398,0.0405,10.0,0.0399,5.0,16771.0,7.0
2021-01-05 09:32:50.171,0.0398,0.0406,25.0,0.0399,5.0,16771.0,7.0
2021-01-05 09:32:50.650,0.0398,0.0408,3.0,0.0399,5.0,16771.0,7.0
2021-01-05 09:32:50.990,0.0398,0.0408,3.0,0.0399,30.0,16771.0,7.0
2021-01-05 09:32:51.641,0.0398,0.0408,3.0,0.0399,30.0,16771.0,7.0
2021-01-05 09:32:52.191,0.0398,0.0408,3.0,0.0399,30.0,16771.0,7.0
2021-01-05 09:32:52.671,0.0398,0.0408,3.0,0.0399,30.0,16771.0,7.0
2021-01-05 09:32:53.161,0.0398,0.0408,3.0,0.0399,30.0,16771.0,7.0
2021-01-05 09:32:53.641,0.0398,0.0408,3.0,0.0399,30.0,16771.0,7.0
2021-01-05 09:32:54.181,0.0398,0.0408,3.0,0.0399,30.0,16771.0,7.0
2021-01-05 09:32:54.671,0.0398,0.0408,3.0,0.0399,30.0,16771.0,7.0
2021-01-05 09:32:55.670,0.0398,0.0408,3.0,0.0399,30.0,16771.0,7.0
2021-01-05 09:32:56.150,0.0398,0.0408,3.0,0.0399,30.0,16771.0,7.0
2021-01-05 09:32:57.181,0.0398,0.0408,3.0,0.0399,30.0,16771.0,7.0
2021-01-05 09:32:57.600,0.0398,0.0408,3.0,0.0399,30.0,16771.0,7.0
2021-01-05 09:32:58.171,0.0398,0.0408,3.0,0.0399,30.0,16771.0,7.0
2021-01-05 09:32:59.170,0.0398,0.0408,3.0,0.0399,30.0,16771.0,7.0
2021-01-05 09:32:59.621,0.0398,0.0408,3.0,0.0399,30.0,16771.0,7.0
2021-01-05 09:33:00.180,0.0398,0.0407,3.0,0.0399,30.0,16771.0,7.0
2021-01-05 09:33:00.651,0.0398,0.0407,3.0,0.0399,30.0,16771.0,7.0
2021-01-05 09:33:01.141,0.0398,0.0407,3.0,0.0399,30.0,16771.0,7.0
2021-01-05 09:33:01.661,0.0398,0.0407,3.0,0.0399,50.0,16771.0,7.0
2021-01-05 09:33:02.130,0.0398,0.0407,13.0,0.0399,50.0,16771.0,7.0
2021-01-05 09:33:02.620,0.0398,0.0407,13.0,0.0399,30.0,16771.0,7.0
2021-01-05 09:33:03.171,0.0398,0.0407,13.0,0.0399,30.0,16771.0,7.0
2021-01-05 09:33:03.681,0.0398,0.0407,13.0,0.0399,30.0,16771.0,7.0
2021-01-05 09:33:04.140,0.0398,0.0407,13.0,0.0399,30.0,16771.0,7.0
2021-01-05 09:33:04.651,0.0398,0.0407,38.0,0.0399,30.0,16771.0,7.0
2021-01-05 09:33:05.181,0.0398,0.0407,13.0,0.0399,30.0,16771.0,7.0
2021-01-05 09:33:05.690,0.0398,0.0407,13.0,0.0399,30.0,16771.0,7.0
2021-01-05 09:33:06.170,0.0398,0.0407,13.0,0.0399,30.0,16771.0,7.0
2021-01-05 09:33:06.681,0.0398,0.0407,13.0,0.0399,30.0,16771.0,7.0
2021-01-05 09:33:07.171,0.0398,0.0404,10.0,0.0399,30.0,16771.0,7.0
2021-01-05 09:33:07.171,0.0398,0.0404,10.0,0.0399,5.0,16771.0,7.0
2021-01-05 09:33:08.191,0.0398,0.0404,30.0,0.0399,5.0,16771.0,7.0
2021-01-05 09:33:08.681,0.0398,0.0404,30.0,0.0399,5.0,16771.0,7.0
2021-01-05 09:33:09.181,0.0398,0.0404,10.0,0.0399,5.0,16771.0,7.0
2021-01-05 09:33:09.630,0.0398,0.0404,10.0,0.0399,5.0,16771.0,7.0
2021-01-05 09:33:10.180,0.0398,0.0404,10.0,0.0399,5.0,16771.0,7.0
2021-01-05 09:33:10.681,0.0398,0.0404,30.0,0.0399,5.0,16771.0,7.0
2021-01-05 09:33:11.180,0.0398,0.0404,30.0,0.0399,5.0,16771.0,7.0
2021-01-05 09:33:12.181,0.0398,0.0404,30.0,0.0399,5.0,16771.0,7.0
2021-01-05 09:33:12.650,0.0398,0.0404,30.0,0.0399,5.0,16771.0,7.0
2021-01-05 09:33:13.100,0.0398,0.0404,10.0,0.0399,5.0,16771.0,7.0
2021-01-05 09:33:13.691,0.0398,0.0404,10.0,0.0399,5.0,16771.0,7.0
2021-01-05 09:33:14.160,0.0398,0.0404,10.0,0.0399,5.0,16771.0,7.0
2021-01-05 09:33:14.650,0.0398,0.0404,10.0,0.0399,5.0,16771.0,7.0
2021-01-05 09:33:15.140,0.0398,0.0404,10.0,0.0399,5.0,16771.0,7.0
2021-01-05 09:33:15.651,0.0398,0.0404,33.0,0.0399,5.0,16771.0,7.0
2021-01-05 09:33:16.181,0.0398,0.0404,13.0,0.0399,5.0,16771.0,7.0
2021-01-05 09:33:16.671,0.0398,0.0404,33.0,0.0399,5.0,16771.0,7.0
2021-01-05 09:33:17.190,0.0398,0.04,10.0,0.0399,5.0,16771.0,7.0
2021-01-05 09:33:17.691,0.0398,0.04,10.0,0.0399,5.0,16771.0,7.0
2021-01-05 09:33:18.160,0.0398,0.04,10.0,0.0399,5.0,16771.0,7.0
2021-01-05 09:33:18.680,0.0398,0.04,10.0,0.0399,5.0,16771.0,7.0
2021-01-05 09:33:18.921,0.0398,0.04,10.0,0.0399,5.0,16771.0,7.0
2021-01-05 09:33:19.660,0.0399,0.04,10.0,0.0399,4.0,16772.0,8.0
2021-01-05 09:33:19.950,0.0399,0.04,10.0,0.0399,4.0,16772.0,8.0
2021-01-05 09:33:20.680,0.0399,0.04,10.0,0.0399,4.0,16772.0,8.0
2021-01-05 09:33:21.160,0.0399,0.04,10.0,0.0399,4.0,16772.0,8.0
2021-01-05 09:33:21.681,0.0399,0.04,10.0,0.0399,4.0,16772.0,8.0
2021-01-05 09:33:22.150,0.0399,0.04,10.0,0.0399,4.0,16772.0,8.0
2021-01-05 09:33:22.670,0.0399,0.04,10.0,0.0399,4.0,16772.0,8.0
2021-01-05 09:33:22.961,0.0399,0.04,10.0,0.0399,4.0,16772.0,8.0
2021-01-05 09:33:23.660,0.0399,0.04,10.0,0.0399,4.0,16772.0,8.0
2021-01-05 09:33:24.171,0.0399,0.04,10.0,0.0399,4.0,16772.0,8.0
2021-01-05 09:33:24.661,0.0399,0.04,10.0,0.0399,4.0,16772.0,8.0
2021-01-05 09:33:25.151,0.0399,0.04,10.0,0.0399,4.0,16772.0,8.0
2021-01-05 09:33:25.671,0.0399,0.04,10.0,0.0399,4.0,16772.0,8.0
2021-01-05 09:33:26.161,0.0399,0.04,10.0,0.0399,4.0,16772.0,8.0
2021-01-05 09:33:26.651,0.0399,0.04,10.0,0.0399,4.0,16772.0,8.0
2021-01-05 09:33:27.171,0.0399,0.04,10.0,0.0399,4.0,16772.0,8.0
2021-01-05 09:33:27.681,0.0399,0.04,10.0,0.0399,4.0,16772.0,8.0
2021-01-05 09:33:28.180,0.0399,0.04,10.0,0.0399,4.0,16772.0,8.0
2021-01-05 09:33:28.670,0.0399,0.04,10.0,0.0399,4.0,16772.0,8.0
2021-01-05 09:33:29.171,0.0399,0.04,10.0,0.0399,4.0,16772.0,8.0
2021-01-05 09:33:29.681,0.0399,0.04,10.0,0.0399,4.0,16772.0,8.0
2021-01-05 09:33:31.181,0.0399,0.04,10.0,0.0399,4.0,16772.0,8.0
2021-01-05 09:33:35.690,0.0399,0.04,10.0,0.0399,4.0,16772.0,8.0
2021-01-05 09:33:36.101,0.0399,0.04,10.0,0.0399,4.0,16772.0,8.0
2021-01-05 09:33:36.681,0.0399,0.04,10.0,0.0399,4.0,16772.0,8.0
2021-01-05 09:33:37.640,0.0399,0.04,10.0,0.0399,4.0,16772.0,8.0
2021-01-05 09:33:38.120,0.0399,0.04,35.0,0.0399,4.0,16772.0,8.0
2021-01-05 09:33:38.571,0.0399,0.04,10.0,0.0399,3.0,16773.0,9.0
2021-01-05 09:33:39.641,0.0399,0.04,10.0,0.0399,3.0,16773.0,9.0
2021-01-05 09:33:40.690,0.0399,0.0401,25.0,0.0399,3.0,16773.0,9.0
2021-01-05 09:33:41.161,0.0399,0.0401,25.0,0.0399,3.0,16773.0,9.0
2021-01-05 09:33:41.691,0.0399,0.0401,25.0,0.0399,3.0,16773.0,9.0
2021-01-05 09:33:42.160,0.0399,0.0401,25.0,0.0399,3.0,16773.0,9.0
2021-01-05 09:33:42.640,0.0399,0.0402,25.0,0.0399,3.0,16773.0,9.0
2021-01-05 09:33:43.180,0.0399,0.0403,28.0,0.0399,3.0,16773.0,9.0
2021-01-05 09:33:43.681,0.0399,0.0403,25.0,0.0399,3.0,16773.0,9.0
2021-01-05 09:33:44.110,0.0399,0.0403,25.0,0.0399,2.0,16774.0,10.0
2021-01-05 09:33:44.671,0.0399,0.0403,25.0,0.0399,2.0,16774.0,10.0
2021-01-05 09:33:45.180,0.0399,0.0403,39.0,0.0399,2.0,16774.0,10.0
2021-01-05 09:33:45.660,0.0399,0.0403,39.0,0.0399,2.0,16774.0,10.0
2021-01-05 09:33:46.161,0.0399,0.0403,25.0,0.0399,2.0,16774.0,10.0
2021-01-05 09:33:46.680,0.0399,0.0403,25.0,0.0399,2.0,16774.0,10.0
2021-01-05 09:33:47.191,0.0399,0.0403,39.0,0.0399,2.0,16774.0,10.0
2021-01-05 09:33:48.680,0.0399,0.0403,25.0,0.0399,2.0,16774.0,10.0
2021-01-05 09:33:49.051,0.0399,0.0403,25.0,0.0399,2.0,16774.0,10.0
2021-01-05 09:33:49.681,0.0399,0.0403,39.0,0.0399,2.0,16774.0,10.0
2021-01-05 09:33:50.130,0.0399,0.0403,42.0,0.0399,2.0,16774.0,10.0
2021-01-05 09:33:50.670,0.0399,0.0403,42.0,0.0396,25.0,16776.0,12.0
2021-01-05 09:33:51.141,0.0399,0.0403,28.0,0.0395,23.0,16776.0,12.0
2021-01-05 09:33:51.581,0.0399,0.0402,14.0,0.0395,23.0,16776.0,12.0
2021-01-05 09:33:52.190,0.0399,0.0401,3.0,0.0395,23.0,16776.0,12.0
2021-01-05 09:33:52.570,0.0399,0.0401,28.0,0.0395,23.0,16776.0,12.0
2021-01-05 09:33:52.960,0.0399,0.0401,42.0,0.0395,23.0,16776.0,12.0
2021-01-05 09:33:53.650,0.0399,0.0401,42.0,0.0395,23.0,16776.0,12.0
2021-01-05 09:33:54.180,0.0399,0.0401,42.0,0.0395,23.0,16776.0,12.0
2021-01-05 09:33:55.650,0.0399,0.0401,42.0,0.0395,23.0,16776.0,12.0
2021-01-05 09:33:56.120,0.0399,0.0401,42.0,0.0395,23.0,16776.0,12.0
2021-01-05 09:33:57.671,0.0399,0.0401,42.0,0.0395,23.0,16776.0,12.0
2021-01-05 09:33:58.170,0.0399,0.0401,28.0,0.0395,23.0,16776.0,12.0
2021-01-05 09:33:58.670,0.0399,0.0401,28.0,0.0395,23.0,16776.0,12.0
2021-01-05 09:33:59.140,0.0399,0.0401,28.0,0.0395,23.0,16776.0,12.0
2021-01-05 09:34:00.671,0.0399,0.0401,25.0,0.0395,23.0,16776.0,12.0
2021-01-05 09:34:01.081,0.0399,0.0401,25.0,0.0395,23.0,16776.0,12.0
2021-01-05 09:34:01.661,0.0399,0.0401,25.0,0.0395,23.0,16776.0,12.0
2021-01-05 09:34:02.671,0.0399,0.0401,25.0,0.0395,23.0,16776.0,12.0
2021-01-05 09:34:03.171,0.0399,0.0401,25.0,0.0395,23.0,16776.0,12.0
2021-01-05 09:34:04.671,0.0399,0.0401,25.0,0.0395,23.0,16776.0,12.0
2021-01-05 09:34:05.121,0.0399,0.0401,25.0,0.0395,23.0,16776.0,12.0
2021-01-05 09:34:06.671,0.0399,0.0401,25.0,0.0396,10.0,16776.0,12.0
2021-01-05 09:34:07.130,0.0399,0.0401,25.0,0.0396,10.0,16776.0,12.0
2021-01-05 09:34:07.651,0.0399,0.0401,25.0,0.0396,10.0,16776.0,12.0
2021-01-05 09:34:08.171,0.0399,0.0401,25.0,0.0396,10.0,16776.0,12.0
2021-01-05 09:34:08.690,0.0399,0.0402,25.0,0.0396,30.0,16776.0,12.0
2021-01-05 09:34:09.170,0.0399,0.0403,25.0,0.0396,45.0,16776.0,12.0
2021-01-05 09:34:09.670,0.0399,0.0403,25.0,0.0396,20.0,16776.0,12.0
2021-01-05 09:34:10.140,0.0399,0.0403,25.0,0.0396,20.0,16776.0,12.0
2021-01-05 09:34:10.690,0.0399,0.0401,10.0,0.0395,48.0,16776.0,12.0
2021-01-05 09:34:11.151,0.0399,0.0401,10.0,0.0395,23.0,16776.0,12.0
2021-01-05 09:34:11.681,0.0399,0.0401,10.0,0.0395,23.0,16776.0,12.0
2021-01-05 09:34:12.081,0.0399,0.0401,10.0,0.0395,23.0,16776.0,12.0
2021-01-05 09:34:12.640,0.0399,0.0401,10.0,0.0395,23.0,16776.0,12.0
2021-01-05 09:34:13.191,0.0399,0.0401,35.0,0.0395,23.0,16776.0,12.0
2021-01-05 09:34:13.671,0.0399,0.0401,35.0,0.0395,23.0,16776.0,12.0
2021-01-05 09:34:14.181,0.0399,0.0401,35.0,0.0395,23.0,16776.0,12.0
2021-01-05 09:34:14.691,0.0399,0.0398,10.0,0.0395,23.0,16776.0,12.0
2021-01-05 09:34:15.181,0.0399,0.0398,10.0,0.0395,23.0,16776.0,12.0
2021-01-05 09:34:15.681,0.0399,0.0398,35.0,0.0395,23.0,16776.0,12.0
2021-01-05 09:34:16.190,0.0399,0.0398,10.0,0.0395,23.0,16776.0,12.0
2021-01-05 09:34:16.630,0.0399,0.0399,25.0,0.0395,23.0,16776.0,12.0
2021-01-05 09:34:17.070,0.0399,0.04,25.0,0.0395,23.0,16776.0,12.0
2021-01-05 09:34:17.690,0.0399,0.0401,35.0,0.0395,23.0,16776.0,12.0
2021-01-05 09:34:18.201,0.0399,0.0401,35.0,0.0395,23.0,16776.0,12.0
2021-01-05 09:34:18.620,0.0399,0.0401,35.0,0.0395,48.0,16776.0,12.0
2021-01-05 09:34:19.700,0.0399,0.0401,35.0,0.0395,48.0,16776.0,12.0
2021-01-05 09:34:20.180,0.0399,0.0401,35.0,0.0395,48.0,16776.0,12.0
2021-01-05 09:34:20.651,0.0399,0.0401,10.0,0.0395,48.0,16776.0,12.0
2021-01-05 09:34:21.200,0.0399,0.0401,35.0,0.0395,48.0,16776.0,12.0
2021-01-05 09:34:21.250,0.0399,0.0401,35.0,0.0395,48.0,16776.0,12.0
2021-01-05 09:34:22.151,0.0399,0.0402,25.0,0.0395,23.0,16776.0,12.0
2021-01-05 09:34:22.651,0.0399,0.0402,25.0,0.0395,48.0,16776.0,12.0
2021-01-05 09:34:23.181,0.0402,0.0402,24.0,0.0395,48.0,16777.0,13.0
2021-01-05 09:34:24.600,0.0402,0.0402,24.0,0.0395,48.0,16777.0,13.0
2021-01-05 09:34:25.171,0.0402,0.0402,24.0,0.0395,48.0,16777.0,13.0
2021-01-05 09:34:26.641,0.0402,0.04,12.0,0.0396,12.0,16777.0,13.0
2021-01-05 09:34:27.150,0.0402,0.04,37.0,0.0395,60.0,16777.0,13.0
2021-01-05 09:34:27.690,0.0402,0.0399,12.0,0.0395,60.0,16777.0,13.0
2021-01-05 09:34:28.120,0.0402,0.0399,12.0,0.0395,35.0,16777.0,13.0
2021-01-05 09:34:29.601,0.0402,0.0399,12.0,0.0395,35.0,16777.0,13.0
2021-01-05 09:34:30.141,0.0402,0.0399,37.0,0.0395,35.0,16777.0,13.0
2021-01-05 09:34:30.681,0.0402,0.0398,12.0,0.0395,23.0,16777.0,13.0
2021-01-05 09:34:31.190,0.0402,0.0399,37.0,0.0395,35.0,16777.0,13.0
2021-01-05 09:34:31.691,0.0402,0.0399,12.0,0.0395,35.0,16777.0,13.0
2021-01-05 09:34:32.690,0.0402,0.0398,12.0,0.0395,23.0,16777.0,13.0
2021-01-05 09:34:33.090,0.0402,0.0399,37.0,0.0395,35.0,16777.0,13.0
2021-01-05 09:34:33.691,0.0402,0.04,37.0,0.0396,12.0,16777.0,13.0
2021-01-05 09:34:34.171,0.0402,0.0401,25.0,0.0397,12.0,16777.0,13.0
2021-01-05 09:34:34.640,0.0402,0.0401,12.0,0.0397,12.0,16777.0,13.0
2021-01-05 09:34:35.130,0.0402,0.0402,25.0,0.0397,12.0,16777.0,13.0
2021-01-05 09:34:35.670,0.0402,0.0403,47.0,0.0397,12.0,16777.0,13.0
2021-01-05 09:34:36.171,0.0402,0.0402,12.0,0.0397,37.0,16777.0,13.0
2021-01-05 09:34:36.680,0.0402,0.0401,12.0,0.0397,37.0,16777.0,13.0
2021-01-05 09:34:37.161,0.0402,0.0401,37.0,0.0397,12.0,16777.0,13.0
2021-01-05 09:34:37.700,0.0402,0.0401,25.0,0.0398,12.0,16777.0,13.0
2021-01-05 09:34:38.171,0.0402,0.0401,25.0,0.0399,12.0,16777.0,13.0
2021-01-05 09:34:38.690,0.0402,0.0402,25.0,0.0399,12.0,16777.0,13.0
2021-01-05 09:34:39.091,0.0402,0.0402,25.0,0.0399,22.0,16777.0,13.0
2021-01-05 09:34:40.171,0.0402,0.0402,25.0,0.0401,12.0,16777.0,13.0
2021-01-05 09:34:40.651,0.0402,0.0403,37.0,0.0399,22.0,16777.0,13.0
2021-01-05 09:34:41.201,0.0402,0.0403,25.0,0.0401,12.0,16777.0,13.0
2021-01-05 09:34:41.700,0.0402,0.0404,25.0,0.0401,12.0,16777.0,13.0
2021-01-05 09:34:42.100,0.0402,0.0405,25.0,0.0401,12.0,16777.0,13.0
2021-01-05 09:34:42.680,0.0402,0.0406,57.0,0.0401,12.0,16777.0,13.0
2021-01-05 09:34:42.680,0.0402,0.0406,45.0,0.0401,12.0,16777.0,13.0
2021-01-05 09:34:44.701,0.0402,0.0405,12.0,0.0401,12.0,16777.0,13.0
2021-01-05 09:34:45.200,0.0402,0.0405,25.0,0.0401,12.0,16777.0,13.0
2021-01-05 09:34:46.201,0.0402,0.0405,25.0,0.0401,12.0,16777.0,13.0
2021-01-05 09:34:46.660,0.0402,0.0406,45.0,0.0401,12.0,16777.0,13.0
2021-01-05 09:34:47.181,0.0402,0.0405,12.0,0.0401,12.0,16777.0,13.0
2021-01-05 09:34:48.141,0.0402,0.0406,45.0,0.0401,12.0,16777.0,13.0
2021-01-05 09:34:49.701,0.0402,0.0406,45.0,0.0401,12.0,16777.0,13.0
2021-01-05 09:34:50.161,0.0402,0.0406,20.0,0.0401,12.0,16777.0,13.0
2021-01-05 09:34:51.200,0.0402,0.0406,20.0,0.0401,12.0,16777.0,13.0
2021-01-05 09:34:51.651,0.0402,0.0406,20.0,0.0401,12.0,16777.0,13.0
2021-01-05 09:34:52.151,0.0402,0.0406,45.0,0.0402,12.0,16777.0,13.0
2021-01-05 09:34:52.650,0.0402,0.0405,12.0,0.0401,12.0,16777.0,13.0
2021-01-05 09:34:53.180,0.0402,0.0404,12.0,0.04,22.0,16777.0,13.0
2021-01-05 09:34:53.651,0.0402,0.0404,12.0,0.04,22.0,16777.0,13.0
2021-01-05 09:34:54.170,0.0402,0.0404,12.0,0.04,22.0,16777.0,13.0
2021-01-05 09:34:54.631,0.0402,0.0405,25.0,0.0402,12.0,16777.0,13.0
2021-01-05 09:34:55.161,0.0402,0.0407,25.0,0.0402,12.0,16777.0,13.0
2021-01-05 09:34:55.680,0.0402,0.0407,25.0,0.0403,12.0,16777.0,13.0
2021-01-05 09:34:56.131,0.0402,0.0406,12.0,0.0402,12.0,16777.0,13.0
2021-01-05 09:34:56.600,0.0402,0.0406,12.0,0.0402,12.0,16777.0,13.0
2021-01-05 09:34:58.160,0.0402,0.0407,37.0,0.0403,12.0,16777.0,13.0
2021-01-05 09:34:58.640,0.0402,0.0405,12.0,0.0401,47.0,16777.0,13.0
2021-01-05 09:34:59.151,0.0402,0.0406,37.0,0.0402,12.0,16777.0,13.0
2021-01-05 09:35:00.160,0.0402,0.0406,37.0,0.0402,12.0,16777.0,13.0
2021-01-05 09:35:00.630,0.0402,0.0406,12.0,0.0402,12.0,16777.0,13.0
2021-01-05 09:35:01.620,0.0402,0.0405,12.0,0.0401,22.0,16777.0,13.0
2021-01-05 09:35:02.160,0.0402,0.0405,12.0,0.0401,22.0,16777.0,13.0
2021-01-05 09:35:02.680,0.0402,0.0404,12.0,0.0401,10.0,16777.0,13.0
2021-01-05 09:35:03.180,0.0402,0.0404,12.0,0.0402,10.0,16777.0,13.0
2021-01-05 09:35:03.631,0.0402,0.0404,12.0,0.0402,10.0,16777.0,13.0
2021-01-05 09:35:04.181,0.0402,0.0406,12.0,0.0402,22.0,16777.0,13.0
2021-01-05 09:35:05.180,0.0402,0.0407,37.0,0.0403,12.0,16777.0,13.0
2021-01-05 09:35:05.671,0.0402,0.0406,12.0,0.0402,47.0,16777.0,13.0
2021-01-05 09:35:06.180,0.0402,0.0407,37.0,0.0403,12.0,16777.0,13.0
2021-01-05 09:35:06.680,0.0402,0.0407,12.0,0.0403,12.0,16777.0,13.0
2021-01-05 09:35:07.131,0.0402,0.0408,35.0,0.0404,12.0,16777.0,13.0
2021-01-05 09:35:07.650,0.0402,0.0408,12.0,0.0405,10.0,16777.0,13.0
2021-01-05 09:35:08.171,0.0402,0.0408,26.0,0.0405,10.0,16777.0,13.0
2021-01-05 09:35:09.191,0.0402,0.0408,12.0,0.0405,10.0,16777.0,13.0
2021-01-05 09:35:09.341,0.0402,0.0407,12.0,0.0405,20.0,16777.0,13.0
2021-01-05 09:35:10.180,0.0402,0.0408,12.0,0.0405,20.0,16777.0,13.0
2021-01-05 09:35:10.190,0.0402,0.0407,12.0,0.0405,40.0,16777.0,13.0
2021-01-05 09:35:11.160,0.0402,0.0408,12.0,0.0405,40.0,16777.0,13.0
2021-01-05 09:35:11.671,0.0402,0.0409,12.0,0.0405,52.0,16777.0,13.0
2021-01-05 09:35:12.101,0.0402,0.0409,12.0,0.0405,77.0,16777.0,13.0
2021-01-05 09:35:12.691,0.0402,0.0409,12.0,0.0405,52.0,16777.0,13.0
2021-01-05 09:35:13.181,0.0402,0.0409,12.0,0.0405,40.0,16777.0,13.0
2021-01-05 09:35:13.640,0.0402,0.0409,12.0,0.0405,20.0,16777.0,13.0
2021-01-05 09:35:14.191,0.0402,0.0409,12.0,0.0405,20.0,16777.0,13.0
2021-01-05 09:35:14.691,0.0402,0.041,25.0,0.0405,10.0,16777.0,13.0
2021-01-05 09:35:15.171,0.0402,0.0408,12.0,0.0405,10.0,16777.0,13.0
2021-01-05 09:35:15.701,0.0402,0.0407,12.0,0.0405,10.0,16777.0,13.0
2021-01-05 09:35:16.141,0.0407,0.0407,12.0,0.0405,10.0,16777.0,14.0
2021-01-05 09:35:16.660,0.0405,0.0405,10.0,0.0402,25.0,16779.0,27.0
2021-01-05 09:35:17.190,0.0405,0.0407,12.0,0.0403,12.0,16779.0,28.0
2021-01-05 09:35:18.170,0.0405,0.0408,25.0,0.0404,12.0,16779.0,28.0
2021-01-05 09:35:18.641,0.0405,0.0407,12.0,0.0403,37.0,16779.0,28.0
2021-01-05 09:35:19.180,0.0405,0.0408,12.0,0.0404,12.0,16779.0,28.0
2021-01-05 09:35:19.670,0.0405,0.0408,12.0,0.0404,12.0,16779.0,28.0
2021-01-05 09:35:20.170,0.0405,0.0408,12.0,0.0404,12.0,16779.0,28.0
2021-01-05 09:35:20.681,0.0405,0.0409,25.0,0.0405,12.0,16779.0,28.0
2021-01-05 09:35:21.180,0.0405,0.041,25.0,0.0407,12.0,16779.0,28.0
2021-01-05 09:35:21.340,0.0405,0.0411,26.0,0.0406,12.0,16779.0,28.0
2021-01-05 09:35:22.171,0.0405,0.0411,26.0,0.0407,22.0,16779.0,28.0
2021-01-05 09:35:22.650,0.0405,0.0411,1.0,0.0409,12.0,16779.0,28.0
2021-01-05 09:35:23.130,0.0405,0.0411,1.0,0.0408,12.0,16779.0,28.0
2021-01-05 09:35:23.680,0.0405,0.0411,38.0,0.0409,10.0,16779.0,28.0
2021-01-05 09:35:24.171,0.0405,0.0411,26.0,0.0405,25.0,16779.0,28.0
2021-01-05 09:35:24.671,0.041,0.041,12.0,0.0406,12.0,16779.0,38.0
2021-01-05 09:35:25.170,0.041,0.041,25.0,0.0405,14.0,16779.0,38.0
2021-01-05 09:35:25.660,0.041,0.041,25.0,0.0407,12.0,16779.0,38.0
2021-01-05 09:35:26.171,0.041,0.041,25.0,0.0406,12.0,16779.0,38.0
2021-01-05 09:35:26.651,0.041,0.041,25.0,0.0406,12.0,16779.0,38.0
2021-01-05 09:35:27.641,0.041,0.041,25.0,0.0406,12.0,16779.0,38.0
2021-01-05 09:35:28.171,0.041,0.041,25.0,0.0406,12.0,16779.0,38.0
2021-01-05 09:35:29.641,0.041,0.041,25.0,0.0406,12.0,16779.0,38.0
2021-01-05 09:35:30.121,0.041,0.041,25.0,0.0407,10.0,16779.0,38.0
2021-01-05 09:35:30.690,0.041,0.041,25.0,0.0409,12.0,16779.0,38.0
2021-01-05 09:35:31.170,0.041,0.041,25.0,0.0408,12.0,16779.0,38.0
2021-01-05 09:35:31.600,0.041,0.0411,26.0,0.0409,10.0,16779.0,38.0
2021-01-05 09:35:32.150,0.041,0.0411,1.0,0.0409,10.0,16779.0,38.0
2021-01-05 09:35:32.691,0.041,0.041,12.0,0.0409,10.0,16779.0,38.0
2021-01-05 09:35:33.160,0.041,0.0411,13.0,0.041,20.0,16779.0,38.0
2021-01-05 09:35:33.650,0.041,0.0411,13.0,0.041,30.0,16779.0,38.0
2021-01-05 09:35:34.190,0.041,0.0411,1.0,0.041,6.0,16799.0,62.0
2021-01-05 09:35:34.691,0.041,0.0411,13.0,0.041,10.0,16799.0,62.0
2021-01-05 09:35:35.200,0.041,0.0411,1.0,0.041,10.0,16799.0,62.0
2021-01-05 09:35:35.600,0.041,0.0411,1.0,0.041,22.0,16799.0,62.0
2021-01-05 09:35:36.601,0.041,0.0411,1.0,0.041,22.0,16799.0,62.0
2021-01-05 09:35:38.190,0.041,0.0411,1.0,0.041,22.0,16799.0,62.0
2021-01-05 09:35:38.651,0.041,0.0411,1.0,0.0409,10.0,16799.0,62.0
2021-01-05 09:35:39.140,0.041,0.0411,1.0,0.0409,22.0,16799.0,62.0
2021-01-05 09:35:39.690,0.041,0.0411,1.0,0.0409,22.0,16799.0,62.0
2021-01-05 09:35:40.191,0.041,0.0411,1.0,0.0409,10.0,16799.0,62.0
2021-01-05 09:35:40.691,0.041,0.0411,13.0,0.0409,10.0,16799.0,62.0
2021-01-05 09:35:41.190,0.041,0.0411,13.0,0.0409,10.0,16799.0,62.0
2021-01-05 09:35:42.160,0.041,0.0411,13.0,0.0409,10.0,16799.0,62.0
2021-01-05 09:35:43.190,0.041,0.0411,1.0,0.0409,10.0,16799.0,62.0
2021-01-05 09:35:43.661,0.041,0.0411,13.0,0.0409,10.0,16799.0,62.0
2021-01-05 09:35:44.101,0.041,0.0411,1.0,0.0409,10.0,16799.0,62.0
2021-01-05 09:35:44.600,0.041,0.0411,1.0,0.0409,22.0,16799.0,62.0
2021-01-05 09:35:45.071,0.041,0.0411,1.0,0.041,10.0,16799.0,62.0
2021-01-05 09:35:45.651,0.0411,0.0413,25.0,0.0411,12.0,16800.0,63.0
2021-01-05 09:35:46.141,0.0411,0.0415,37.0,0.0411,12.0,16800.0,63.0
2021-01-05 09:35:46.170,0.0411,0.0415,37.0,0.0412,10.0,16800.0,63.0
2021-01-05 09:35:47.201,0.0411,0.0415,37.0,0.0412,10.0,16800.0,63.0
2021-01-05 09:35:47.691,0.0411,0.0415,12.0,0.0411,22.0,16800.0,63.0
2021-01-05 09:35:48.181,0.0411,0.0415,12.0,0.0411,32.0,16800.0,63.0
2021-01-05 09:35:48.181,0.0411,0.0415,37.0,0.0411,32.0,16800.0,63.0
2021-01-05 09:35:49.180,0.0411,0.0415,12.0,0.0411,32.0,16800.0,63.0
2021-01-05 09:35:49.701,0.0411,0.0415,12.0,0.0411,32.0,16800.0,63.0
2021-01-05 09:35:50.150,0.0411,0.0416,47.0,0.0412,12.0,16800.0,63.0
2021-01-05 09:35:50.630,0.0411,0.0416,10.0,0.0413,12.0,16800.0,63.0
2021-01-05 09:35:51.180,0.0411,0.0416,10.0,0.0413,12.0,16800.0,63.0
2021-01-05 09:35:51.710,0.0411,0.0416,22.0,0.0414,10.0,16800.0,63.0
2021-01-05 09:35:52.100,0.0411,0.0415,12.0,0.0411,57.0,16800.0,63.0
2021-01-05 09:35:52.661,0.0411,0.0415,12.0,0.0411,32.0,16800.0,63.0
2021-01-05 09:35:53.111,0.0411,0.0415,37.0,0.0414,10.0,16800.0,63.0
2021-01-05 09:35:53.570,0.0411,0.0415,12.0,0.0414,10.0,16800.0,63.0
2021-01-05 09:35:54.161,0.0411,0.0415,12.0,0.0413,10.0,16800.0,63.0
2021-01-05 09:35:54.640,0.0411,0.0416,10.0,0.0413,22.0,16800.0,63.0
2021-01-05 09:35:55.141,0.0411,0.0414,10.0,0.0412,10.0,16800.0,63.0
2021-01-05 09:35:55.691,0.0411,0.0414,10.0,0.0412,10.0,16800.0,63.0
2021-01-05 09:35:56.071,0.0411,0.0414,10.0,0.0412,10.0,16800.0,63.0
2021-01-05 09:35:56.690,0.0411,0.0415,25.0,0.0413,12.0,16800.0,63.0
2021-01-05 09:35:57.141,0.0411,0.0415,25.0,0.0413,12.0,16800.0,63.0
2021-01-05 09:35:57.681,0.0411,0.0416,45.0,0.0414,12.0,16800.0,63.0
2021-01-05 09:35:58.150,0.0411,0.0416,45.0,0.0414,12.0,16800.0,63.0
2021-01-05 09:35:58.701,0.0411,0.0416,20.0,0.0414,12.0,16800.0,63.0
2021-01-05 09:35:59.160,0.0411,0.0416,20.0,0.0414,22.0,16800.0,63.0
2021-01-05 09:36:00.201,0.0411,0.0416,10.0,0.0414,20.0,16800.0,63.0
2021-01-05 09:36:00.680,0.0416,0.0418,25.0,0.0415,12.0,16800.0,73.0
2021-01-05 09:36:01.181,0.0416,0.0418,32.0,0.0414,32.0,16800.0,73.0
2021-01-05 09:36:01.671,0.0416,0.0417,12.0,0.0414,20.0,16800.0,73.0
2021-01-05 09:36:02.170,0.0416,0.0416,22.0,0.0414,10.0,16800.0,73.0
2021-01-05 09:36:02.701,0.0416,0.0415,12.0,0.0414,10.0,16800.0,73.0
2021-01-05 09:36:03.150,0.0416,0.0415,12.0,0.0414,10.0,16800.0,73.0
2021-01-05 09:36:03.700,0.0414,0.0416,35.0,0.0414,9.0,16800.0,74.0
2021-01-05 09:36:04.201,0.0414,0.0416,47.0,0.0412,12.0,16800.0,74.0
2021-01-05 09:36:04.620,0.0414,0.0416,35.0,0.0414,10.0,16800.0,74.0
2021-01-05 09:36:05.150,0.0414,0.0416,35.0,0.0413,12.0,16800.0,74.0
2021-01-05 09:36:05.690,0.0414,0.0416,35.0,0.0414,12.0,16800.0,74.0
2021-01-05 09:36:06.180,0.0414,0.0416,35.0,0.0414,12.0,16800.0,74.0
2021-01-05 09:36:06.700,0.0414,0.0416,35.0,0.0414,12.0,16800.0,74.0
2021-01-05 09:36:07.640,0.0414,0.0416,35.0,0.0414,12.0,16800.0,74.0
2021-01-05 09:36:09.161,0.0414,0.0416,35.0,0.0414,12.0,16800.0,74.0
2021-01-05 09:36:09.691,0.0414,0.0416,35.0,0.0414,12.0,16800.0,74.0
2021-01-05 09:36:10.160,0.0414,0.0416,10.0,0.0413,12.0,16800.0,74.0
2021-01-05 09:36:10.671,0.0414,0.0414,10.0,0.0412,12.0,16800.0,74.0
2021-01-05 09:36:11.180,0.0414,0.0414,10.0,0.0412,12.0,16800.0,74.0
2021-01-05 09:36:11.651,0.0414,0.0415,25.0,0.0413,12.0,16800.0,74.0
2021-01-05 09:36:12.181,0.0414,0.0416,35.0,0.0414,12.0,16800.0,74.0
2021-01-05 09:36:12.690,0.0414,0.0416,10.0,0.0414,12.0,16800.0,74.0
2021-01-05 09:36:13.190,0.0414,0.0416,10.0,0.0414,12.0,16800.0,74.0
2021-01-05 09:36:14.150,0.0414,0.0416,10.0,0.0414,12.0,16800.0,74.0
2021-01-05 09:36:14.690,0.0414,0.0416,10.0,0.0414,12.0,16800.0,74.0
2021-01-05 09:36:15.170,0.0414,0.0416,10.0,0.0414,12.0,16800.0,74.0
2021-01-05 09:36:15.660,0.0414,0.0416,10.0,0.0414,12.0,16800.0,74.0
2021-01-05 09:36:16.150,0.0414,0.0416,10.0,0.0414,12.0,16800.0,74.0
2021-01-05 09:36:16.680,0.0414,0.0416,10.0,0.0414,12.0,16800.0,74.0
2021-01-05 09:36:18.181,0.0414,0.0416,10.0,0.0414,12.0,16800.0,74.0
2021-01-05 09:36:18.680,0.0414,0.0416,10.0,0.0413,10.0,16800.0,74.0
2021-01-05 09:36:19.120,0.0414,0.0416,10.0,0.0413,22.0,16800.0,74.0
2021-01-05 09:36:20.161,0.0414,0.0416,10.0,0.0414,12.0,16800.0,74.0
2021-01-05 09:36:21.191,0.0414,0.0416,10.0,0.0413,22.0,16800.0,74.0
2021-01-05 09:36:21.691,0.0414,0.0416,47.0,0.0412,22.0,16800.0,74.0
2021-01-05 09:36:22.171,0.0414,0.0416,47.0,0.0413,10.0,16800.0,74.0
2021-01-05 09:36:22.680,0.0414,0.0416,47.0,0.0412,32.0,16800.0,74.0
2021-01-05 09:36:23.191,0.0414,0.0416,35.0,0.0413,22.0,16800.0,74.0
2021-01-05 09:36:23.681,0.0414,0.0416,35.0,0.0413,22.0,16800.0,74.0
2021-01-05 09:36:24.171,0.0414,0.0417,25.0,0.0414,22.0,16800.0,74.0
2021-01-05 09:36:24.701,0.0414,0.0417,25.0,0.0415,12.0,16800.0,74.0
2021-01-05 09:36:25.191,0.0414,0.0418,35.0,0.0415,12.0,16800.0,74.0
2021-01-05 09:36:25.650,0.0414,0.0417,10.0,0.0414,12.0,16800.0,74.0
2021-01-05 09:36:26.171,0.0414,0.0417,35.0,0.0414,12.0,16800.0,74.0
2021-01-05 09:36:26.651,0.0414,0.0417,25.0,0.0415,12.0,16800.0,74.0
2021-01-05 09:36:27.070,0.0417,0.0418,25.0,0.0415,12.0,16800.0,94.0
2021-01-05 09:36:27.690,0.0417,0.0418,25.0,0.0416,12.0,16800.0,94.0
2021-01-05 09:36:28.120,0.0417,0.0419,25.0,0.0416,12.0,16800.0,94.0
2021-01-05 09:36:28.681,0.0417,0.042,35.0,0.0417,12.0,16800.0,94.0
2021-01-05 09:36:29.100,0.0417,0.0421,55.0,0.0417,12.0,16800.0,94.0
2021-01-05 09:36:29.661,0.0417,0.0421,69.0,0.0418,12.0,16800.0,94.0
2021-01-05 09:36:30.161,0.0417,0.0421,44.0,0.0418,12.0,16800.0,94.0
2021-01-05 09:36:30.700,0.0417,0.0421,46.0,0.0417,12.0,16800.0,94.0
2021-01-05 09:36:31.181,0.0417,0.0421,71.0,0.0417,12.0,16800.0,94.0
2021-01-05 09:36:31.690,0.0417,0.042,10.0,0.0416,20.0,16800.0,94.0
2021-01-05 09:36:32.130,0.0417,0.0419,12.0,0.0416,20.0,16800.0,94.0
2021-01-05 09:36:32.660,0.0417,0.0419,12.0,0.0416,20.0,16800.0,94.0
2021-01-05 09:36:33.200,0.0417,0.0419,12.0,0.0416,10.0,16800.0,94.0
2021-01-05 09:36:33.670,0.0417,0.042,32.0,0.0416,22.0,16800.0,94.0
2021-01-05 09:36:34.091,0.0417,0.042,22.0,0.0416,32.0,16800.0,94.0
2021-01-05 09:36:35.150,0.0417,0.0419,12.0,0.0416,10.0,16800.0,94.0
2021-01-05 09:36:35.701,0.0417,0.0419,12.0,0.0416,20.0,16800.0,94.0
2021-01-05 09:36:36.700,0.0417,0.042,12.0,0.0416,32.0,16800.0,94.0
2021-01-05 09:36:37.190,0.0417,0.042,12.0,0.0416,32.0,16800.0,94.0
2021-01-05 09:36:38.041,0.0417,0.042,12.0,0.0416,32.0,16800.0,94.0
2021-01-05 09:36:40.191,0.0417,0.0419,12.0,0.0416,20.0,16800.0,94.0
2021-01-05 09:36:40.700,0.0417,0.0418,12.0,0.0416,20.0,16800.0,94.0
2021-01-05 09:36:41.201,0.0417,0.042,35.0,0.0416,20.0,16800.0,94.0
2021-01-05 09:36:41.641,0.0417,0.042,22.0,0.0416,32.0,16800.0,94.0
2021-01-05 09:36:42.200,0.0417,0.042,10.0,0.0417,12.0,16800.0,94.0
2021-01-05 09:36:42.690,0.0417,0.042,10.0,0.0416,10.0,16800.0,94.0
2021-01-05 09:36:43.180,0.0417,0.0419,12.0,0.0416,10.0,16800.0,94.0
2021-01-05 09:36:43.700,0.0417,0.042,22.0,0.0416,20.0,16800.0,94.0
2021-01-05 09:36:44.200,0.0417,0.042,22.0,0.0416,32.0,16800.0,94.0
2021-01-05 09:36:44.680,0.0417,0.042,22.0,0.0416,32.0,16800.0,94.0
2021-01-05 09:36:45.191,0.0417,0.0421,57.0,0.0417,12.0,16800.0,94.0
2021-01-05 09:36:45.631,0.0417,0.0421,57.0,0.0417,22.0,16800.0,94.0
2021-01-05 09:36:46.190,0.0417,0.0421,32.0,0.0417,22.0,16800.0,94.0
2021-01-05 09:36:46.651,0.0417,0.0421,22.0,0.0417,22.0,16800.0,94.0
2021-01-05 09:36:47.130,0.0417,0.0421,32.0,0.0417,47.0,16800.0,94.0
2021-01-05 09:36:47.660,0.0417,0.0421,10.0,0.0418,22.0,16800.0,94.0
2021-01-05 09:36:48.130,0.0417,0.0421,12.0,0.0418,10.0,16800.0,94.0
2021-01-05 09:36:48.630,0.0417,0.0421,10.0,0.0418,10.0,16800.0,94.0
2021-01-05 09:36:49.181,0.0417,0.042,12.0,0.0418,10.0,16800.0,94.0
2021-01-05 09:36:49.181,0.0417,0.042,10.0,0.0418,10.0,16800.0,94.0
2021-01-05 09:36:50.190,0.0417,0.0421,22.0,0.0418,10.0,16800.0,94.0
2021-01-05 09:36:50.670,0.0417,0.042,10.0,0.0418,10.0,16800.0,94.0
2021-01-05 09:36:51.171,0.0417,0.042,10.0,0.0418,10.0,16800.0,94.0
2021-01-05 09:36:51.671,0.0417,0.0421,12.0,0.0418,10.0,16800.0,94.0
2021-01-05 09:36:52.180,0.0417,0.0421,12.0,0.0418,10.0,16800.0,94.0
2021-01-05 09:36:53.191,0.0417,0.0421,12.0,0.0418,10.0,16800.0,94.0
2021-01-05 09:36:54.180,0.0417,0.0421,22.0,0.0418,10.0,16800.0,94.0
2021-01-05 09:36:54.631,0.0417,0.042,12.0,0.0417,10.0,16800.0,94.0
2021-01-05 09:36:55.171,0.0417,0.0421,20.0,0.0417,10.0,16800.0,94.0
2021-01-05 09:36:55.651,0.0417,0.0419,12.0,0.0416,10.0,16800.0,94.0
2021-01-05 09:36:56.141,0.0417,0.0419,12.0,0.0416,10.0,16800.0,94.0
2021-01-05 09:36:56.691,0.0417,0.042,12.0,0.0416,22.0,16800.0,94.0
2021-01-05 09:36:57.630,0.0417,0.042,22.0,0.0416,22.0,16800.0,94.0
2021-01-05 09:36:58.160,0.0417,0.042,22.0,0.0416,22.0,16800.0,94.0
2021-01-05 09:36:58.610,0.0417,0.042,32.0,0.0416,22.0,16800.0,94.0
2021-01-05 09:36:59.181,0.0417,0.042,20.0,0.0417,22.0,16800.0,94.0
2021-01-05 09:36:59.690,0.0417,0.042,10.0,0.0418,12.0,16800.0,94.0
2021-01-05 09:37:00.151,0.0417,0.042,10.0,0.0418,12.0,16800.0,94.0
2021-01-05 09:37:00.700,0.0417,0.042,10.0,0.0418,12.0,16800.0,94.0
2021-01-05 09:37:01.640,0.0417,0.042,10.0,0.0417,22.0,16800.0,94.0
2021-01-05 09:37:02.191,0.0417,0.042,22.0,0.0416,32.0,16800.0,94.0
2021-01-05 09:37:02.640,0.0417,0.042,42.0,0.0416,22.0,16800.0,94.0
2021-01-05 09:37:03.151,0.0417,0.042,20.0,0.0417,12.0,16800.0,94.0
2021-01-05 09:37:03.630,0.0417,0.042,30.0,0.0417,12.0,16800.0,94.0
2021-01-05 09:37:04.200,0.0417,0.0419,22.0,0.0415,12.0,16800.0,94.0
2021-01-05 09:37:04.690,0.0417,0.0419,10.0,0.0414,10.0,16800.0,94.0
2021-01-05 09:37:05.140,0.0417,0.0419,10.0,0.0416,12.0,16800.0,94.0
2021-01-05 09:37:05.701,0.0417,0.0419,20.0,0.0416,12.0,16800.0,94.0
2021-01-05 09:37:06.700,0.0417,0.0419,20.0,0.0416,12.0,16800.0,94.0
2021-01-05 09:37:07.681,0.0417,0.0419,20.0,0.0416,12.0,16800.0,94.0
2021-01-05 09:37:08.200,0.0417,0.0419,20.0,0.0416,12.0,16800.0,94.0
2021-01-05 09:37:08.630,0.0417,0.0419,20.0,0.0417,12.0,16800.0,94.0
2021-01-05 09:37:09.170,0.0417,0.0419,10.0,0.0417,12.0,16800.0,94.0
2021-01-05 09:37:09.660,0.0417,0.0419,10.0,0.0417,12.0,16800.0,94.0
2021-01-05 09:37:10.121,0.0417,0.0419,20.0,0.0416,12.0,16800.0,94.0
2021-01-05 09:37:10.701,0.0417,0.0418,22.0,0.0414,22.0,16800.0,94.0
2021-01-05 09:37:11.201,0.0417,0.0418,22.0,0.0414,22.0,16800.0,94.0
2021-01-05 09:37:11.641,0.0417,0.0418,47.0,0.0414,22.0,16800.0,94.0
2021-01-05 09:37:12.131,0.0417,0.0418,47.0,0.0414,22.0,16800.0,94.0
2021-01-05 09:37:12.620,0.0417,0.0417,10.0,0.0414,22.0,16800.0,94.0
2021-01-05 09:37:13.181,0.0417,0.0418,57.0,0.0414,12.0,16800.0,94.0
2021-01-05 09:37:13.181,0.0417,0.0418,45.0,0.0414,22.0,16800.0,94.0
2021-01-05 09:37:14.171,0.0417,0.0418,35.0,0.0416,12.0,16800.0,94.0
2021-01-05 09:37:14.651,0.0417,0.0418,10.0,0.0416,12.0,16800.0,94.0
2021-01-05 09:37:15.160,0.0417,0.0418,10.0,0.0416,12.0,16800.0,94.0
2021-01-05 09:37:15.700,0.0417,0.0418,10.0,0.0416,12.0,16800.0,94.0
2021-01-05 09:37:16.201,0.0417,0.0418,10.0,0.0416,12.0,16800.0,94.0
2021-01-05 09:37:16.461,0.0417,0.0418,20.0,0.0415,12.0,16800.0,94.0
2021-01-05 09:37:17.200,0.0417,0.0418,22.0,0.0414,22.0,16800.0,94.0
2021-01-05 09:37:17.671,0.0417,0.0418,47.0,0.0414,32.0,16800.0,94.0
2021-01-05 09:37:19.021,0.0417,0.0418,37.0,0.0414,22.0,16800.0,94.0
2021-01-05 09:37:19.711,0.0417,0.0418,47.0,0.0414,36.0,16800.0,94.0
2021-01-05 09:37:20.211,0.0417,0.0418,25.0,0.0415,12.0,16800.0,94.0
2021-01-05 09:37:20.691,0.0417,0.0419,57.0,0.0415,12.0,16800.0,94.0
2021-01-05 09:37:21.200,0.0417,0.0418,20.0,0.0415,12.0,16800.0,94.0
2021-01-05 09:37:21.701,0.0417,0.0417,12.0,0.0413,12.0,16800.0,94.0
2021-01-05 09:37:22.030,0.0417,0.0417,12.0,0.0413,26.0,16800.0,94.0
2021-01-05 09:37:22.641,0.0417,0.0417,12.0,0.0413,12.0,16800.0,94.0
2021-01-05 09:37:23.150,0.0417,0.0417,32.0,0.0413,12.0,16800.0,94.0
2021-01-05 09:37:23.701,0.0417,0.0417,57.0,0.0414,8.0,16800.0,94.0
2021-01-05 09:37:24.080,0.0417,0.0417,10.0,0.0414,20.0,16800.0,94.0
2021-01-05 09:37:24.631,0.0417,0.0417,20.0,0.0414,20.0,16800.0,94.0
2021-01-05 09:37:25.200,0.0417,0.0417,10.0,0.0414,20.0,16800.0,94.0
2021-01-05 09:37:25.670,0.0417,0.0417,10.0,0.0414,20.0,16800.0,94.0
2021-01-05 09:37:26.650,0.0417,0.0417,20.0,0.0414,20.0,16800.0,94.0
2021-01-05 09:37:27.130,0.0417,0.0417,10.0,0.0414,20.0,16800.0,94.0
2021-01-05 09:37:30.191,0.0417,0.0416,10.0,0.0414,8.0,16800.0,94.0
2021-01-05 09:37:30.590,0.0417,0.0417,25.0,0.0414,20.0,16800.0,94.0
2021-01-05 09:37:31.190,0.0417,0.0417,10.0,0.0414,20.0,16800.0,94.0
2021-01-05 09:37:32.181,0.0417,0.0418,57.0,0.0414,20.0,16800.0,94.0
2021-01-05 09:37:32.651,0.0417,0.0418,35.0,0.0415,12.0,16800.0,94.0
2021-01-05 09:37:33.180,0.0417,0.0419,25.0,0.0416,12.0,16800.0,94.0
2021-01-05 09:37:33.681,0.0417,0.0418,10.0,0.0417,12.0,16800.0,94.0
2021-01-05 09:37:34.200,0.0417,0.0419,10.0,0.0416,12.0,16800.0,94.0
2021-01-05 09:37:35.170,0.0417,0.0418,10.0,0.0416,12.0,16800.0,94.0
2021-01-05 09:37:35.650,0.0417,0.0418,10.0,0.0415,12.0,16800.0,94.0
2021-01-05 09:37:36.140,0.0417,0.0418,10.0,0.0416,12.0,16800.0,94.0
2021-01-05 09:37:36.671,0.0417,0.0418,10.0,0.0415,12.0,16800.0,94.0
2021-01-05 09:37:37.180,0.0417,0.0418,22.0,0.0414,30.0,16800.0,94.0
2021-01-05 09:37:37.691,0.0417,0.0418,47.0,0.0414,30.0,16800.0,94.0
2021-01-05 09:37:38.651,0.0417,0.0417,10.0,0.0414,20.0,16800.0,94.0
2021-01-05 09:37:39.170,0.0417,0.0417,32.0,0.0414,8.0,16800.0,94.0
2021-01-05 09:37:39.700,0.0417,0.0417,20.0,0.0414,20.0,16800.0,94.0
2021-01-05 09:37:40.701,0.0417,0.0416,10.0,0.0414,20.0,16800.0,94.0
2021-01-05 09:37:41.131,0.0417,0.0417,75.0,0.0414,20.0,16800.0,94.0
2021-01-05 09:37:41.671,0.0417,0.0417,75.0,0.0414,20.0,16800.0,94.0
2021-01-05 09:37:42.691,0.0417,0.0416,10.0,0.0414,20.0,16800.0,94.0
2021-01-05 09:37:43.640,0.0417,0.0416,10.0,0.0414,8.0,16800.0,94.0
2021-01-05 09:37:44.190,0.0417,0.0416,10.0,0.0414,8.0,16800.0,94.0
2021-01-05 09:37:45.191,0.0414,0.0416,10.0,0.0413,12.0,16808.0,102.0
2021-01-05 09:37:45.650,0.0414,0.0416,35.0,0.0413,12.0,16808.0,102.0
2021-01-05 09:37:46.180,0.0414,0.0416,10.0,0.0413,12.0,16808.0,102.0
2021-01-05 09:37:46.601,0.0414,0.0416,20.0,0.0413,12.0,16808.0,102.0
2021-01-05 09:37:47.210,0.0414,0.0416,20.0,0.0413,12.0,16808.0,102.0
2021-01-05 09:37:47.661,0.0414,0.0416,10.0,0.0414,12.0,16808.0,102.0
2021-01-05 09:37:48.201,0.0414,0.0417,65.0,0.0414,12.0,16808.0,102.0
2021-01-05 09:37:48.700,0.0414,0.0416,10.0,0.0415,12.0,16808.0,102.0
2021-01-05 09:37:49.190,0.0413,0.0417,75.0,0.0414,12.0,16808.0,104.0
2021-01-05 09:37:49.670,0.0413,0.0416,20.0,0.0413,12.0,16808.0,104.0
2021-01-05 09:37:50.220,0.0413,0.0416,35.0,0.0413,22.0,16808.0,104.0
2021-01-05 09:37:50.681,0.0413,0.0415,10.0,0.0414,12.0,16808.0,104.0
2021-01-05 09:37:51.691,0.0415,0.0417,35.0,0.0415,2.0,16808.0,114.0
2021-01-05 09:37:52.191,0.0415,0.0415,8.0,0.0413,10.0,16808.0,116.0
2021-01-05 09:37:52.660,0.0415,0.0415,8.0,0.0413,20.0,16808.0,116.0
2021-01-05 09:37:53.161,0.0415,0.0415,8.0,0.0413,20.0,16808.0,116.0
2021-01-05 09:37:53.680,0.0415,0.0415,8.0,0.0413,32.0,16808.0,116.0
2021-01-05 09:37:54.160,0.0415,0.0415,8.0,0.0413,10.0,16808.0,116.0
2021-01-05 09:37:55.190,0.0415,0.0415,8.0,0.0413,10.0,16808.0,116.0
2021-01-05 09:37:55.691,0.0415,0.0415,8.0,0.0413,10.0,16808.0,116.0
2021-01-05 09:37:56.121,0.0415,0.0415,8.0,0.0413,10.0,16808.0,116.0
2021-01-05 09:37:56.611,0.0415,0.0415,8.0,0.0413,10.0,16808.0,116.0
2021-01-05 09:37:57.170,0.0415,0.0415,20.0,0.0411,32.0,16808.0,116.0
2021-01-05 09:37:57.601,0.0415,0.0413,12.0,0.0411,10.0,16808.0,116.0
2021-01-05 09:37:58.091,0.0415,0.0414,37.0,0.0411,20.0,16808.0,116.0
2021-01-05 09:37:59.130,0.0415,0.0415,33.0,0.0412,12.0,16808.0,116.0
2021-01-05 09:38:00.680,0.0415,0.0413,10.0,0.0412,22.0,16808.0,116.0
2021-01-05 09:38:01.180,0.0415,0.0413,10.0,0.0412,10.0,16808.0,116.0
2021-01-05 09:38:02.181,0.0415,0.0413,10.0,0.0412,20.0,16808.0,116.0
2021-01-05 09:38:03.191,0.0412,0.0413,10.0,0.0412,5.0,16813.0,121.0
2021-01-05 09:38:03.691,0.0412,0.0413,10.0,0.0412,5.0,16813.0,121.0
2021-01-05 09:38:04.190,0.0412,0.0413,10.0,0.0412,27.0,16813.0,121.0
2021-01-05 09:38:04.680,0.0412,0.0413,10.0,0.0412,27.0,16813.0,121.0
2021-01-05 09:38:05.181,0.0412,0.0413,10.0,0.0412,27.0,16813.0,121.0
2021-01-05 09:38:05.681,0.0412,0.0413,10.0,0.0412,17.0,16813.0,121.0
2021-01-05 09:38:06.151,0.0412,0.0413,10.0,0.0412,17.0,16813.0,121.0
2021-01-05 09:38:06.691,0.0412,0.0413,10.0,0.0412,27.0,16813.0,121.0
2021-01-05 09:38:07.200,0.0412,0.0413,10.0,0.0412,27.0,16813.0,121.0
2021-01-05 09:38:07.690,0.0413,0.0415,25.0,0.0413,3.0,16813.0,131.0
2021-01-05 09:38:08.021,0.0413,0.0415,10.0,0.0412,32.0,16813.0,131.0
2021-01-05 09:38:09.160,0.0413,0.0415,10.0,0.0413,12.0,16813.0,131.0
2021-01-05 09:38:09.611,0.0413,0.0416,37.0,0.0414,10.0,16813.0,131.0
2021-01-05 09:38:10.180,0.0413,0.0417,12.0,0.0413,22.0,16813.0,131.0
2021-01-05 09:38:10.370,0.0413,0.0417,12.0,0.0413,32.0,16813.0,131.0
2021-01-05 09:38:11.141,0.0413,0.0417,12.0,0.0413,32.0,16813.0,131.0
2021-01-05 09:38:12.191,0.0413,0.0415,10.0,0.0412,10.0,16813.0,131.0
2021-01-05 09:38:12.531,0.0413,0.0415,12.0,0.0413,10.0,16813.0,131.0
2021-01-05 09:38:13.110,0.0413,0.0417,35.0,0.0413,20.0,16813.0,131.0
2021-01-05 09:38:13.371,0.0413,0.0416,12.0,0.0413,20.0,16813.0,131.0
2021-01-05 09:38:14.141,0.0413,0.0416,12.0,0.0413,20.0,16813.0,131.0
2021-01-05 09:38:14.691,0.0413,0.0417,12.0,0.0413,32.0,16813.0,131.0
2021-01-05 09:38:15.150,0.0413,0.0418,37.0,0.0414,22.0,16813.0,131.0
2021-01-05 09:38:15.730,0.0413,0.0418,12.0,0.0415,10.0,16813.0,131.0
2021-01-05 09:38:16.210,0.0413,0.0417,12.0,0.0414,20.0,16813.0,131.0
2021-01-05 09:38:16.731,0.0413,0.0417,12.0,0.0414,20.0,16813.0,131.0
2021-01-05 09:38:19.230,0.0413,0.0417,12.0,0.0414,20.0,16813.0,131.0
2021-01-05 09:38:20.231,0.0413,0.0417,12.0,0.0415,10.0,16813.0,131.0
2021-01-05 09:38:20.650,0.0413,0.0417,12.0,0.0415,20.0,16813.0,131.0
2021-01-05 09:38:21.240,0.0413,0.0418,25.0,0.0415,20.0,16813.0,131.0
2021-01-05 09:38:21.670,0.0413,0.0419,37.0,0.0415,32.0,16813.0,131.0
2021-01-05 09:38:22.210,0.0413,0.0419,12.0,0.0416,20.0,16813.0,131.0
2021-01-05 09:38:22.661,0.0413,0.0419,12.0,0.0416,20.0,16813.0,131.0
2021-01-05 09:38:23.201,0.0413,0.0419,12.0,0.0416,20.0,16813.0,131.0
2021-01-05 09:38:23.681,0.0413,0.0419,12.0,0.0416,20.0,16813.0,131.0
2021-01-05 09:38:24.690,0.0413,0.042,37.0,0.0416,32.0,16813.0,131.0
2021-01-05 09:38:25.101,0.0413,0.042,12.0,0.0416,32.0,16813.0,131.0
2021-01-05 09:38:25.700,0.0413,0.042,12.0,0.0416,32.0,16813.0,131.0
2021-01-05 09:38:26.100,0.0413,0.0421,47.0,0.0417,12.0,16813.0,131.0
2021-01-05 09:38:26.701,0.0413,0.0421,47.0,0.0417,12.0,16813.0,131.0
2021-01-05 09:38:27.151,0.0413,0.0421,47.0,0.0417,12.0,16813.0,131.0
2021-01-05 09:38:27.691,0.0413,0.042,12.0,0.0416,32.0,16813.0,131.0
2021-01-05 09:38:28.171,0.0413,0.0421,37.0,0.0418,10.0,16813.0,131.0
2021-01-05 09:38:28.680,0.0413,0.042,12.0,0.0417,20.0,16813.0,131.0
2021-01-05 09:38:29.191,0.0413,0.042,12.0,0.0417,20.0,16813.0,131.0
2021-01-05 09:38:29.621,0.0413,0.042,12.0,0.0417,20.0,16813.0,131.0
2021-01-05 09:38:30.190,0.0413,0.0421,22.0,0.0417,32.0,16813.0,131.0
2021-01-05 09:38:30.670,0.0413,0.0421,22.0,0.0417,32.0,16813.0,131.0
2021-01-05 09:38:31.640,0.0413,0.0421,22.0,0.0417,32.0,16813.0,131.0
2021-01-05 09:38:32.090,0.0413,0.0421,25.0,0.0418,12.0,16813.0,131.0
2021-01-05 09:38:32.701,0.0413,0.0421,25.0,0.0418,22.0,16813.0,131.0
2021-01-05 09:38:33.191,0.0413,0.0421,25.0,0.0419,12.0,16813.0,131.0
2021-01-05 09:38:33.700,0.0413,0.0422,25.0,0.042,10.0,16813.0,131.0
2021-01-05 09:38:34.201,0.0413,0.0423,37.0,0.0419,32.0,16813.0,131.0
2021-01-05 09:38:35.200,0.0413,0.0424,37.0,0.0421,10.0,16813.0,131.0
2021-01-05 09:38:35.700,0.0413,0.0424,12.0,0.0421,20.0,16813.0,131.0
2021-01-05 09:38:36.691,0.0413,0.0424,12.0,0.0421,20.0,16813.0,131.0
2021-01-05 09:38:37.680,0.0413,0.0425,25.0,0.0422,12.0,16813.0,131.0
2021-01-05 09:38:38.161,0.0413,0.0424,12.0,0.0422,20.0,16813.0,131.0
2021-01-05 09:38:38.601,0.0413,0.0425,37.0,0.0422,20.0,16813.0,131.0
2021-01-05 09:38:39.161,0.0413,0.0426,37.0,0.0422,32.0,16813.0,131.0
2021-01-05 09:38:39.661,0.0413,0.0426,25.0,0.0422,20.0,16813.0,131.0
2021-01-05 09:38:40.201,0.0413,0.0427,37.0,0.0423,32.0,16813.0,131.0
2021-01-05 09:38:40.591,0.0413,0.0426,12.0,0.0423,20.0,16813.0,131.0
2021-01-05 09:38:41.190,0.0413,0.0426,12.0,0.0423,20.0,16813.0,131.0
2021-01-05 09:38:41.670,0.0413,0.0427,37.0,0.0423,32.0,16813.0,131.0
2021-01-05 09:38:42.191,0.0413,0.0425,12.0,0.0423,20.0,16813.0,131.0
2021-01-05 09:38:42.700,0.0413,0.0426,12.0,0.0423,34.0,16813.0,131.0
2021-01-05 09:38:43.190,0.0413,0.0426,12.0,0.0423,20.0,16813.0,131.0
2021-01-05 09:38:43.701,0.0413,0.0427,37.0,0.0423,32.0,16813.0,131.0
2021-01-05 09:38:44.200,0.0413,0.0427,12.0,0.0423,32.0,16813.0,131.0
2021-01-05 09:38:44.690,0.0413,0.0426,22.0,0.0423,10.0,16813.0,131.0
2021-01-05 09:38:45.201,0.0413,0.0426,22.0,0.0423,20.0,16813.0,131.0
2021-01-05 09:38:45.580,0.0413,0.0425,12.0,0.0422,10.0,16813.0,131.0
2021-01-05 09:38:46.200,0.0413,0.0425,12.0,0.0423,10.0,16813.0,131.0
2021-01-05 09:38:46.631,0.0413,0.0425,12.0,0.0423,10.0,16813.0,131.0
2021-01-05 09:38:47.140,0.0413,0.0424,12.0,0.0422,10.0,16813.0,131.0
2021-01-05 09:38:47.691,0.0413,0.0424,12.0,0.0423,10.0,16813.0,131.0
2021-01-05 09:38:48.200,0.0413,0.0424,22.0,0.0421,20.0,16813.0,131.0
2021-01-05 09:38:48.650,0.0413,0.0424,10.0,0.0421,20.0,16813.0,131.0
2021-01-05 09:38:49.130,0.0413,0.0423,12.0,0.0421,20.0,16813.0,131.0
2021-01-05 09:38:49.670,0.0413,0.0423,12.0,0.0421,20.0,16813.0,131.0
2021-01-05 09:38:50.091,0.0413,0.0424,47.0,0.0421,20.0,16813.0,131.0
2021-01-05 09:38:51.170,0.0413,0.0424,10.0,0.0421,32.0,16813.0,131.0
2021-01-05 09:38:51.691,0.0413,0.0425,25.0,0.0422,12.0,16813.0,131.0
2021-01-05 09:38:52.140,0.0413,0.0426,47.0,0.0423,10.0,16813.0,131.0
2021-01-05 09:38:52.671,0.0413,0.0426,37.0,0.0422,32.0,16813.0,131.0
2021-01-05 09:38:53.191,0.0413,0.0427,47.0,0.0423,12.0,16813.0,131.0
2021-01-05 09:38:54.200,0.0413,0.0427,22.0,0.0423,12.0,16813.0,131.0
2021-01-05 09:38:54.690,0.0413,0.0427,10.0,0.0425,10.0,16813.0,131.0
2021-01-05 09:38:55.191,0.0413,0.0426,12.0,0.0425,10.0,16813.0,131.0
2021-01-05 09:38:55.650,0.0426,0.0427,22.0,0.0425,10.0,16813.0,132.0
2021-01-05 09:38:56.190,0.0426,0.0427,12.0,0.0425,10.0,16813.0,132.0
2021-01-05 09:38:56.661,0.0426,0.0427,12.0,0.0425,10.0,16813.0,132.0
2021-01-05 09:38:57.181,0.0426,0.0426,10.0,0.0423,10.0,16813.0,132.0
2021-01-05 09:38:57.640,0.0426,0.0426,22.0,0.0423,10.0,16813.0,132.0
2021-01-05 09:38:58.190,0.0426,0.0426,10.0,0.0423,10.0,16813.0,132.0
2021-01-05 09:38:58.670,0.0426,0.0425,12.0,0.0422,20.0,16813.0,132.0
2021-01-05 09:38:59.060,0.0426,0.0424,22.0,0.0422,20.0,16813.0,132.0
2021-01-05 09:38:59.700,0.0426,0.0424,22.0,0.0422,20.0,16813.0,132.0
2021-01-05 09:39:00.660,0.0426,0.0424,10.0,0.0422,10.0,16813.0,132.0
2021-01-05 09:39:01.160,0.0426,0.0425,25.0,0.0422,20.0,16813.0,132.0
2021-01-05 09:39:01.700,0.0426,0.0426,35.0,0.0423,12.0,16813.0,132.0
2021-01-05 09:39:02.170,0.0426,0.0425,10.0,0.0422,22.0,16813.0,132.0
2021-01-05 09:39:02.620,0.0426,0.0425,10.0,0.0423,12.0,16813.0,132.0
2021-01-05 09:39:03.150,0.0426,0.0425,10.0,0.0422,22.0,16813.0,132.0
2021-01-05 09:39:03.671,0.0426,0.0423,3.0,0.0422,22.0,16813.0,132.0
2021-01-05 09:39:04.161,0.0426,0.0423,3.0,0.0422,10.0,16813.0,132.0
2021-01-05 09:39:04.610,0.0426,0.0423,3.0,0.0422,22.0,16813.0,132.0
2021-01-05 09:39:05.211,0.0426,0.0423,3.0,0.0422,22.0,16813.0,132.0
2021-01-05 09:39:05.701,0.0426,0.0423,3.0,0.0422,22.0,16813.0,132.0
2021-01-05 09:39:07.200,0.0426,0.0423,3.0,0.0422,22.0,16813.0,132.0
2021-01-05 09:39:08.131,0.0426,0.0423,3.0,0.0422,10.0,16813.0,132.0
2021-01-05 09:39:08.690,0.0426,0.0423,3.0,0.0422,22.0,16813.0,132.0
2021-01-05 09:39:09.161,0.0426,0.0423,3.0,0.0422,32.0,16813.0,132.0
2021-01-05 09:39:09.601,0.0423,0.0423,2.0,0.0422,32.0,16814.0,133.0
2021-01-05 09:39:10.191,0.0423,0.0423,2.0,0.0422,22.0,16814.0,133.0
2021-01-05 09:39:10.681,0.0423,0.0423,1.0,0.0422,32.0,16814.0,134.0
2021-01-05 09:39:11.201,0.0423,0.0426,25.0,0.0423,22.0,16815.0,135.0
2021-01-05 09:39:11.701,0.0423,0.0427,25.0,0.0424,12.0,16815.0,135.0
2021-01-05 09:39:12.220,0.0423,0.0427,32.0,0.0423,22.0,16815.0,135.0
2021-01-05 09:39:12.690,0.0423,0.0427,61.0,0.0423,32.0,16815.0,135.0
2021-01-05 09:39:13.720,0.0423,0.0426,10.0,0.0423,12.0,16815.0,135.0
2021-01-05 09:39:14.160,0.0423,0.0427,35.0,0.0424,10.0,16815.0,135.0
2021-01-05 09:39:15.220,0.0423,0.0428,35.0,0.0425,12.0,16815.0,135.0
2021-01-05 09:39:15.720,0.0423,0.0428,46.0,0.0424,12.0,16815.0,135.0
2021-01-05 09:39:16.121,0.0423,0.0428,61.0,0.0424,12.0,16815.0,135.0
2021-01-05 09:39:16.711,0.0423,0.0428,61.0,0.0424,22.0,16815.0,135.0
2021-01-05 09:39:17.191,0.0423,0.0428,36.0,0.0424,22.0,16815.0,135.0
2021-01-05 09:39:17.650,0.0423,0.0427,12.0,0.0423,62.0,16815.0,135.0
2021-01-05 09:39:18.221,0.0423,0.0427,22.0,0.0423,52.0,16815.0,135.0
2021-01-05 09:39:18.671,0.0423,0.0427,22.0,0.0423,52.0,16815.0,135.0
2021-01-05 09:39:19.710,0.0423,0.0427,10.0,0.0424,12.0,16815.0,135.0
2021-01-05 09:39:20.180,0.0423,0.0427,10.0,0.0424,12.0,16815.0,135.0
2021-01-05 09:39:20.741,0.0423,0.0428,25.0,0.0425,12.0,16815.0,135.0
2021-01-05 09:39:21.231,0.0423,0.0427,10.0,0.0424,12.0,16815.0,135.0
2021-01-05 09:39:21.671,0.0423,0.0428,35.0,0.0425,12.0,16815.0,135.0
2021-01-05 09:39:22.211,0.0423,0.0428,10.0,0.0425,12.0,16815.0,135.0
2021-01-05 09:39:22.651,0.0423,0.0429,35.0,0.0425,12.0,16815.0,135.0
2021-01-05 09:39:23.150,0.0423,0.0427,10.0,0.0424,22.0,16815.0,135.0
2021-01-05 09:39:24.151,0.0423,0.0428,35.0,0.0425,12.0,16815.0,135.0
2021-01-05 09:39:24.670,0.0423,0.0428,10.0,0.0425,12.0,16815.0,135.0
2021-01-05 09:39:25.700,0.0423,0.0428,10.0,0.0425,12.0,16815.0,135.0
2021-01-05 09:39:27.210,0.0423,0.0428,10.0,0.0425,12.0,16815.0,135.0
2021-01-05 09:39:27.711,0.0423,0.0428,10.0,0.0425,12.0,16815.0,135.0
2021-01-05 09:39:28.220,0.0423,0.0428,10.0,0.0425,12.0,16815.0,135.0
2021-01-05 09:39:29.231,0.0423,0.0428,10.0,0.0426,12.0,16815.0,135.0
2021-01-05 09:39:29.721,0.0423,0.0428,10.0,0.0425,12.0,16815.0,135.0
2021-01-05 09:39:30.220,0.0423,0.0426,10.0,0.0425,10.0,16815.0,135.0
2021-01-05 09:39:30.721,0.0423,0.0428,22.0,0.0425,10.0,16815.0,135.0
2021-01-05 09:39:31.121,0.0423,0.0427,10.0,0.0425,10.0,16815.0,135.0
2021-01-05 09:39:31.690,0.0423,0.0427,10.0,0.0425,10.0,16815.0,135.0
2021-01-05 09:39:32.141,0.0423,0.0427,10.0,0.0425,22.0,16815.0,135.0
2021-01-05 09:39:32.700,0.0423,0.0428,10.0,0.0426,10.0,16815.0,135.0
2021-01-05 09:39:33.180,0.0423,0.0428,10.0,0.0426,10.0,16815.0,135.0
2021-01-05 09:39:33.530,0.0423,0.0428,10.0,0.0426,22.0,16815.0,135.0
2021-01-05 09:39:34.681,0.0423,0.0428,10.0,0.0426,10.0,16815.0,135.0
2021-01-05 09:39:35.171,0.0423,0.0428,10.0,0.0426,10.0,16815.0,135.0
2021-01-05 09:39:35.701,0.0423,0.0428,10.0,0.0426,10.0,16815.0,135.0
2021-01-05 09:39:36.231,0.0423,0.0428,10.0,0.0426,22.0,16815.0,135.0
2021-01-05 09:39:36.660,0.0423,0.0428,10.0,0.0426,10.0,16815.0,135.0
2021-01-05 09:39:37.221,0.0423,0.0428,10.0,0.0426,10.0,16815.0,135.0
2021-01-05 09:39:37.730,0.0423,0.0429,32.0,0.0426,10.0,16815.0,135.0
2021-01-05 09:39:38.221,0.0423,0.0429,46.0,0.0426,10.0,16815.0,135.0
2021-01-05 09:39:38.650,0.0423,0.0429,46.0,0.0426,10.0,16815.0,135.0
2021-01-05 09:39:39.241,0.0423,0.043,57.0,0.0426,12.0,16815.0,135.0
2021-01-05 09:39:39.751,0.0423,0.043,34.0,0.0427,12.0,16815.0,135.0
2021-01-05 09:39:40.200,0.0423,0.043,34.0,0.0427,12.0,16815.0,135.0
2021-01-05 09:39:41.220,0.0423,0.0429,10.0,0.0425,35.0,16815.0,135.0
2021-01-05 09:39:41.750,0.0423,0.0431,45.0,0.0427,22.0,16815.0,135.0
2021-01-05 09:39:42.210,0.0423,0.0429,22.0,0.0425,47.0,16815.0,135.0
2021-01-05 09:39:42.740,0.0423,0.0429,22.0,0.0425,12.0,16815.0,135.0
2021-01-05 09:39:43.660,0.0423,0.0428,12.0,0.0424,57.0,16815.0,135.0
2021-01-05 09:39:44.231,0.0423,0.0428,12.0,0.0424,46.0,16815.0,135.0
2021-01-05 09:39:44.640,0.0423,0.0429,22.0,0.0425,32.0,16815.0,135.0
2021-01-05 09:39:45.251,0.0423,0.0429,10.0,0.0425,20.0,16815.0,135.0
2021-01-05 09:39:45.750,0.0423,0.0429,10.0,0.0426,12.0,16815.0,135.0
2021-01-05 09:39:46.190,0.0423,0.0431,35.0,0.0427,12.0,16815.0,135.0
2021-01-05 09:39:46.630,0.0423,0.0431,24.0,0.0428,12.0,16815.0,135.0
2021-01-05 09:39:47.250,0.0423,0.0431,24.0,0.0429,12.0,16815.0,135.0
2021-01-05 09:39:47.710,0.0423,0.0431,36.0,0.0428,25.0,16815.0,135.0
2021-01-05 09:39:48.221,0.0423,0.0431,36.0,0.0427,47.0,16815.0,135.0
2021-01-05 09:39:48.720,0.0423,0.0431,36.0,0.0427,22.0,16815.0,135.0
2021-01-05 09:39:49.241,0.0423,0.0431,22.0,0.0428,10.0,16815.0,135.0
2021-01-05 09:39:49.711,0.0423,0.0432,22.0,0.0428,12.0,16815.0,135.0
2021-01-05 09:39:50.121,0.0423,0.0432,36.0,0.0428,12.0,16815.0,135.0
2021-01-05 09:39:50.710,0.0423,0.0432,10.0,0.0429,12.0,16815.0,135.0
2021-01-05 09:39:51.241,0.0423,0.0434,45.0,0.0429,10.0,16815.0,135.0
2021-01-05 09:39:51.730,0.0423,0.0434,10.0,0.0429,32.0,16815.0,135.0
2021-01-05 09:39:52.251,0.0423,0.0434,46.0,0.043,12.0,16815.0,135.0
2021-01-05 09:39:52.670,0.0423,0.0433,10.0,0.043,12.0,16815.0,135.0
2021-01-05 09:39:53.181,0.0423,0.0433,10.0,0.043,12.0,16815.0,135.0
2021-01-05 09:39:53.630,0.0423,0.0431,10.0,0.0429,25.0,16815.0,135.0
2021-01-05 09:39:54.191,0.0423,0.0432,12.0,0.0428,57.0,16815.0,135.0
2021-01-05 09:39:54.691,0.0423,0.0433,22.0,0.0429,12.0,16815.0,135.0
2021-01-05 09:39:55.181,0.0423,0.0435,55.0,0.043,10.0,16815.0,135.0
2021-01-05 09:39:55.361,0.0423,0.0434,46.0,0.043,22.0,16815.0,135.0
2021-01-05 09:39:56.120,0.0423,0.0434,14.0,0.0432,12.0,16815.0,135.0
2021-01-05 09:39:56.691,0.0423,0.0434,24.0,0.0431,37.0,16815.0,135.0
2021-01-05 09:39:57.181,0.0423,0.0434,36.0,0.0431,25.0,16815.0,135.0
2021-01-05 09:39:57.580,0.0423,0.0434,46.0,0.043,37.0,16815.0,135.0
2021-01-05 09:39:58.170,0.0423,0.0432,10.0,0.0429,25.0,16815.0,135.0
2021-01-05 09:39:58.600,0.0423,0.0432,12.0,0.0428,57.0,16815.0,135.0
2021-01-05 09:39:59.061,0.0423,0.0433,22.0,0.043,10.0,16815.0,135.0
2021-01-05 09:39:59.670,0.0423,0.0433,36.0,0.043,10.0,16815.0,135.0
2021-01-05 09:40:01.201,0.0423,0.0433,36.0,0.0429,57.0,16815.0,135.0
2021-01-05 09:40:01.201,0.0423,0.0433,36.0,0.0429,57.0,16815.0,135.0
2021-01-05 09:40:02.200,0.0423,0.0433,20.0,0.0429,20.0,16815.0,135.0
2021-01-05 09:40:02.671,0.0423,0.0432,36.0,0.0428,47.0,16815.0,135.0
2021-01-05 09:40:03.171,0.0423,0.0431,12.0,0.0428,10.0,16815.0,135.0
2021-01-05 09:40:03.691,0.0423,0.0431,12.0,0.0428,10.0,16815.0,135.0
2021-01-05 09:40:04.160,0.0423,0.0432,22.0,0.0428,32.0,16815.0,135.0
2021-01-05 09:40:04.700,0.0423,0.0432,36.0,0.0428,32.0,16815.0,135.0
2021-01-05 09:40:05.170,0.0423,0.0431,12.0,0.0428,10.0,16815.0,135.0
2021-01-05 09:40:05.701,0.0423,0.0432,47.0,0.0428,22.0,16815.0,135.0
2021-01-05 09:40:06.701,0.0423,0.0431,10.0,0.0428,12.0,16815.0,135.0
2021-01-05 09:40:07.191,0.0423,0.0431,36.0,0.0427,32.0,16815.0,135.0
2021-01-05 09:40:07.700,0.0423,0.0431,61.0,0.0427,32.0,16815.0,135.0
2021-01-05 09:40:08.200,0.0423,0.043,22.0,0.0426,47.0,16815.0,135.0
2021-01-05 09:40:08.690,0.0423,0.043,36.0,0.0426,22.0,16815.0,135.0
2021-01-05 09:40:09.191,0.0423,0.0429,10.0,0.0426,10.0,16815.0,135.0
2021-01-05 09:40:09.691,0.0423,0.0429,22.0,0.0426,10.0,16815.0,135.0
2021-01-05 09:40:10.150,0.0423,0.0429,10.0,0.0426,22.0,16815.0,135.0
2021-01-05 09:40:10.680,0.0423,0.043,25.0,0.0427,12.0,16815.0,135.0
2021-01-05 09:40:11.170,0.0423,0.043,24.0,0.0427,12.0,16815.0,135.0
2021-01-05 09:40:11.671,0.0423,0.043,24.0,0.0427,12.0,16815.0,135.0
2021-01-05 09:40:12.190,0.0423,0.0429,10.0,0.0427,12.0,16815.0,135.0
2021-01-05 09:40:12.680,0.0423,0.0429,24.0,0.0426,12.0,16815.0,135.0
2021-01-05 09:40:13.170,0.0423,0.0429,24.0,0.0425,35.0,16815.0,135.0
2021-01-05 09:40:13.700,0.0427,0.043,10.0,0.0424,35.0,16825.0,145.0
2021-01-05 09:40:14.150,0.0427,0.0428,10.0,0.0425,10.0,16825.0,145.0
2021-01-05 09:40:14.701,0.0425,0.0428,22.0,0.0424,21.0,16825.0,146.0
2021-01-05 09:40:15.120,0.0425,0.0428,36.0,0.0424,21.0,16825.0,146.0
2021-01-05 09:40:15.690,0.0425,0.0428,36.0,0.0424,22.0,16825.0,146.0
2021-01-05 09:40:16.610,0.0425,0.0428,24.0,0.0425,12.0,16825.0,146.0
2021-01-05 09:40:17.191,0.0425,0.0428,36.0,0.0424,47.0,16825.0,146.0
2021-01-05 09:40:17.661,0.0425,0.0428,36.0,0.0424,47.0,16825.0,146.0
2021-01-05 09:40:18.161,0.0425,0.0428,36.0,0.0424,47.0,16825.0,146.0
2021-01-05 09:40:18.460,0.0425,0.0428,36.0,0.0424,22.0,16825.0,146.0
2021-01-05 09:40:19.711,0.0425,0.0428,24.0,0.0425,12.0,16825.0,146.0
2021-01-05 09:40:20.191,0.0425,0.043,45.0,0.0426,22.0,16825.0,146.0
2021-01-05 09:40:20.691,0.0425,0.0429,14.0,0.0427,12.0,16825.0,146.0
2021-01-05 09:40:21.200,0.0425,0.0429,14.0,0.0427,12.0,16825.0,146.0
2021-01-05 09:40:21.701,0.0425,0.0429,14.0,0.0427,12.0,16825.0,146.0
2021-01-05 09:40:22.210,0.0425,0.0429,14.0,0.0426,57.0,16825.0,146.0
2021-01-05 09:40:22.591,0.0425,0.0429,14.0,0.0427,22.0,16825.0,146.0
2021-01-05 09:40:23.150,0.0425,0.0431,47.0,0.0427,22.0,16825.0,146.0
2021-01-05 09:40:23.701,0.0425,0.043,14.0,0.0427,22.0,16825.0,146.0
2021-01-05 09:40:24.681,0.0425,0.043,14.0,0.0427,22.0,16825.0,146.0
2021-01-05 09:40:25.121,0.0425,0.043,26.0,0.0427,10.0,16825.0,146.0
2021-01-05 09:40:25.570,0.0425,0.043,14.0,0.0427,22.0,16825.0,146.0
2021-01-05 09:40:26.181,0.0425,0.043,14.0,0.0427,22.0,16825.0,146.0
2021-01-05 09:40:26.621,0.0425,0.043,14.0,0.0427,32.0,16825.0,146.0
2021-01-05 09:40:27.140,0.0425,0.043,14.0,0.0427,42.0,16825.0,146.0
2021-01-05 09:40:27.701,0.0425,0.0432,12.0,0.0428,12.0,16825.0,146.0
2021-01-05 09:40:27.770,0.0425,0.0431,26.0,0.0427,67.0,16825.0,146.0
2021-01-05 09:40:28.690,0.0425,0.0431,26.0,0.0427,42.0,16825.0,146.0
2021-01-05 09:40:29.681,0.0425,0.0431,26.0,0.0427,42.0,16825.0,146.0
2021-01-05 09:40:31.101,0.0425,0.0431,26.0,0.0427,42.0,16825.0,146.0
2021-01-05 09:40:32.611,0.0425,0.0431,36.0,0.0427,42.0,16825.0,146.0
2021-01-05 09:40:33.191,0.0425,0.043,22.0,0.0427,10.0,16825.0,146.0
2021-01-05 09:40:33.681,0.0425,0.043,10.0,0.0427,10.0,16825.0,146.0
2021-01-05 09:40:34.171,0.0425,0.0428,12.0,0.0427,10.0,16825.0,146.0
2021-01-05 09:40:34.561,0.0425,0.043,10.0,0.0427,10.0,16825.0,146.0
2021-01-05 09:40:35.201,0.0425,0.043,36.0,0.0427,10.0,16825.0,146.0
2021-01-05 09:40:35.681,0.0425,0.043,24.0,0.0427,22.0,16825.0,146.0
2021-01-05 09:40:36.161,0.0425,0.043,24.0,0.0427,22.0,16825.0,146.0
2021-01-05 09:40:36.620,0.0425,0.043,10.0,0.0427,22.0,16825.0,146.0
2021-01-05 09:40:37.700,0.0425,0.0432,57.0,0.0428,12.0,16825.0,146.0
2021-01-05 09:40:38.130,0.0425,0.0431,46.0,0.0427,57.0,16825.0,146.0
2021-01-05 09:40:38.651,0.0425,0.0431,46.0,0.0427,32.0,16825.0,146.0
2021-01-05 09:40:39.681,0.0425,0.043,12.0,0.0427,20.0,16825.0,146.0
2021-01-05 09:40:40.151,0.0425,0.0429,12.0,0.0427,10.0,16825.0,146.0
2021-01-05 09:40:40.670,0.0425,0.0429,12.0,0.0427,10.0,16825.0,146.0
2021-01-05 09:40:41.191,0.0425,0.043,10.0,0.0427,22.0,16825.0,146.0
2021-01-05 09:40:41.640,0.0425,0.0429,14.0,0.0426,37.0,16825.0,146.0
2021-01-05 09:40:42.180,0.0425,0.043,10.0,0.0425,20.0,16825.0,146.0
2021-01-05 09:40:42.601,0.0425,0.043,24.0,0.0427,12.0,16825.0,146.0
2021-01-05 09:40:43.191,0.0425,0.043,24.0,0.0427,12.0,16825.0,146.0
2021-01-05 09:40:43.621,0.0425,0.043,24.0,0.0427,12.0,16825.0,146.0
2021-01-05 09:40:44.161,0.0425,0.043,34.0,0.0427,12.0,16825.0,146.0
2021-01-05 09:40:45.131,0.0425,0.043,32.0,0.0426,12.0,16825.0,146.0
2021-01-05 09:40:45.621,0.0425,0.0429,14.0,0.0426,12.0,16825.0,146.0
2021-01-05 09:40:46.161,0.0425,0.0429,14.0,0.0426,12.0,16825.0,146.0
2021-01-05 09:40:47.611,0.0425,0.0429,14.0,0.0426,12.0,16825.0,146.0
2021-01-05 09:40:48.700,0.0425,0.0429,26.0,0.0425,57.0,16825.0,146.0
2021-01-05 09:40:49.111,0.0425,0.0429,14.0,0.0425,20.0,16825.0,146.0
2021-01-05 09:40:49.640,0.0425,0.0429,14.0,0.0426,12.0,16825.0,146.0
2021-01-05 09:40:51.601,0.0425,0.0429,26.0,0.0425,32.0,16825.0,146.0
2021-01-05 09:40:52.181,0.0425,0.0429,26.0,0.0425,32.0,16825.0,146.0
2021-01-05 09:40:52.661,0.0425,0.0429,14.0,0.0427,12.0,16825.0,146.0
2021-01-05 09:40:53.180,0.0425,0.0429,14.0,0.0427,12.0,16825.0,146.0
2021-01-05 09:40:53.651,0.0425,0.043,20.0,0.0427,12.0,16825.0,146.0
2021-01-05 09:40:54.141,0.0425,0.043,34.0,0.0427,12.0,16825.0,146.0
2021-01-05 09:40:54.521,0.0425,0.0429,20.0,0.0426,25.0,16825.0,146.0
2021-01-05 09:40:55.111,0.0425,0.0429,10.0,0.0428,12.0,16825.0,146.0
2021-01-05 09:40:55.240,0.0425,0.043,20.0,0.0427,12.0,16825.0,146.0
2021-01-05 09:40:56.121,0.0425,0.043,20.0,0.0427,12.0,16825.0,146.0
2021-01-05 09:40:56.600,0.0425,0.0431,10.0,0.0428,12.0,16825.0,146.0
2021-01-05 09:40:57.180,0.0425,0.0431,24.0,0.0427,10.0,16825.0,146.0
2021-01-05 09:40:57.560,0.0425,0.0431,34.0,0.0429,12.0,16825.0,146.0
2021-01-05 09:40:58.200,0.0425,0.0431,34.0,0.0429,12.0,16825.0,146.0
2021-01-05 09:40:58.721,0.0425,0.0431,34.0,0.0429,12.0,16825.0,146.0
2021-01-05 09:40:58.980,0.0425,0.0431,34.0,0.0428,12.0,16825.0,146.0
2021-01-05 09:40:59.721,0.0425,0.0431,20.0,0.0428,12.0,16825.0,146.0
2021-01-05 09:41:00.150,0.0425,0.0431,34.0,0.0428,12.0,16825.0,146.0
2021-01-05 09:41:01.041,0.0425,0.0431,34.0,0.0428,12.0,16825.0,146.0
2021-01-05 09:41:01.650,0.0425,0.0431,20.0,0.0428,12.0,16825.0,146.0
2021-01-05 09:41:02.190,0.0425,0.043,14.0,0.0428,12.0,16825.0,146.0
2021-01-05 09:41:02.661,0.0425,0.043,14.0,0.0428,12.0,16825.0,146.0
2021-01-05 09:41:03.110,0.0425,0.0431,10.0,0.0428,12.0,16825.0,146.0
2021-01-05 09:41:03.721,0.0425,0.0431,34.0,0.0429,12.0,16825.0,146.0
2021-01-05 09:41:04.180,0.0425,0.0431,14.0,0.0429,12.0,16825.0,146.0
2021-01-05 09:41:04.680,0.0425,0.0431,14.0,0.0429,12.0,16825.0,146.0
2021-01-05 09:41:05.220,0.0425,0.0431,20.0,0.0428,12.0,16825.0,146.0
2021-01-05 09:41:05.660,0.0425,0.0431,20.0,0.0427,10.0,16825.0,146.0
2021-01-05 09:41:06.221,0.0425,0.0431,10.0,0.0429,12.0,16825.0,146.0
2021-01-05 09:41:06.620,0.0425,0.0432,20.0,0.0429,12.0,16825.0,146.0
2021-01-05 09:41:07.100,0.0425,0.0432,10.0,0.0429,22.0,16825.0,146.0
2021-01-05 09:41:07.611,0.0425,0.0432,10.0,0.043,12.0,16825.0,146.0
2021-01-05 09:41:08.130,0.0425,0.0432,10.0,0.0431,12.0,16825.0,146.0
2021-01-05 09:41:08.701,0.0425,0.0432,10.0,0.0429,32.0,16825.0,146.0
2021-01-05 09:41:09.210,0.0429,0.0432,10.0,0.0429,19.0,16825.0,147.0
2021-01-05 09:41:09.650,0.0429,0.0432,12.0,0.0429,19.0,16825.0,147.0
2021-01-05 09:41:10.220,0.0429,0.0432,22.0,0.0429,19.0,16825.0,147.0
2021-01-05 09:41:10.710,0.0429,0.0433,35.0,0.043,12.0,16825.0,147.0
2021-01-05 09:41:11.210,0.0429,0.0434,77.0,0.043,12.0,16825.0,147.0
2021-01-05 09:41:11.711,0.0429,0.0433,22.0,0.0429,32.0,16825.0,147.0
2021-01-05 09:41:12.151,0.0429,0.0433,10.0,0.0429,20.0,16825.0,147.0
2021-01-05 09:41:12.710,0.0429,0.0433,12.0,0.0429,42.0,16825.0,147.0
2021-01-05 09:41:13.161,0.0429,0.0432,12.0,0.0429,20.0,16825.0,147.0
2021-01-05 09:41:13.701,0.0429,0.0431,12.0,0.0427,57.0,16825.0,147.0
2021-01-05 09:41:14.160,0.0429,0.0432,25.0,0.043,10.0,16825.0,147.0
2021-01-05 09:41:14.671,0.0429,0.0432,10.0,0.043,12.0,16825.0,147.0
2021-01-05 09:41:15.180,0.043,0.0431,10.0,0.0428,10.0,16826.0,148.0
2021-01-05 09:41:15.601,0.043,0.0431,20.0,0.0429,12.0,16826.0,148.0
2021-01-05 09:41:16.210,0.043,0.0431,20.0,0.0428,12.0,16826.0,148.0
2021-01-05 09:41:16.500,0.043,0.0431,10.0,0.0429,12.0,16826.0,148.0
2021-01-05 09:41:17.211,0.043,0.0431,10.0,0.043,12.0,16826.0,148.0
2021-01-05 09:41:17.670,0.043,0.0431,10.0,0.043,12.0,16826.0,148.0
2021-01-05 09:41:18.141,0.043,0.0432,10.0,0.043,12.0,16826.0,148.0
2021-01-05 09:41:18.600,0.043,0.0433,20.0,0.043,12.0,16826.0,148.0
2021-01-05 09:41:19.161,0.043,0.0433,44.0,0.043,12.0,16826.0,148.0
2021-01-05 09:41:20.070,0.043,0.0433,44.0,0.043,12.0,16826.0,148.0
2021-01-05 09:41:22.190,0.043,0.0433,44.0,0.043,12.0,16826.0,148.0
2021-01-05 09:41:22.600,0.043,0.0433,10.0,0.0431,12.0,16826.0,148.0
2021-01-05 09:41:23.061,0.043,0.0434,32.0,0.043,22.0,16826.0,148.0
2021-01-05 09:41:24.171,0.043,0.0433,12.0,0.043,10.0,16826.0,148.0
2021-01-05 09:41:24.651,0.043,0.0433,26.0,0.043,10.0,16826.0,148.0
2021-01-05 09:41:25.120,0.043,0.0433,12.0,0.043,20.0,16826.0,148.0
2021-01-05 09:41:25.641,0.043,0.0434,57.0,0.043,32.0,16826.0,148.0
2021-01-05 09:41:26.190,0.043,0.0434,32.0,0.043,32.0,16826.0,148.0
2021-01-05 09:41:26.670,0.043,0.0434,32.0,0.043,42.0,16826.0,148.0
2021-01-05 09:41:27.710,0.043,0.0434,10.0,0.0431,22.0,16826.0,148.0
2021-01-05 09:41:28.011,0.043,0.0433,12.0,0.0431,10.0,16826.0,148.0
2021-01-05 09:41:28.540,0.043,0.0433,12.0,0.0431,10.0,16826.0,148.0
2021-01-05 09:41:29.001,0.043,0.0434,37.0,0.0431,10.0,16826.0,148.0
2021-01-05 09:41:29.690,0.043,0.0434,22.0,0.0431,10.0,16826.0,148.0
2021-01-05 09:41:30.711,0.043,0.0434,10.0,0.0431,22.0,16826.0,148.0
2021-01-05 09:41:31.181,0.043,0.0435,57.0,0.0431,12.0,16826.0,148.0
2021-01-05 09:41:31.700,0.043,0.0435,81.0,0.0434,5.0,16826.0,148.0
2021-01-05 09:41:31.961,0.0434,0.0435,56.0,0.0434,3.0,16826.0,150.0
2021-01-05 09:41:32.670,0.0434,0.0434,10.0,0.043,47.0,16826.0,153.0
2021-01-05 09:41:33.000,0.0434,0.0434,37.0,0.0431,10.0,16826.0,153.0
2021-01-05 09:41:33.680,0.0434,0.0434,12.0,0.0431,10.0,16826.0,153.0
2021-01-05 09:41:33.990,0.0434,0.0434,32.0,0.043,12.0,16826.0,153.0
2021-01-05 09:41:34.720,0.0434,0.0434,57.0,0.043,12.0,16826.0,153.0
2021-01-05 09:41:35.221,0.0434,0.0434,25.0,0.0431,22.0,16826.0,153.0
2021-01-05 09:41:35.721,0.0434,0.0435,35.0,0.0431,20.0,16826.0,153.0
2021-01-05 09:41:36.070,0.0434,0.0435,35.0,0.0432,12.0,16826.0,153.0
2021-01-05 09:41:36.720,0.0434,0.0435,10.0,0.0433,22.0,16826.0,153.0
2021-01-05 09:41:37.210,0.0434,0.0436,47.0,0.0432,12.0,16826.0,153.0
2021-01-05 09:41:37.711,0.0434,0.0436,35.0,0.0433,10.0,16826.0,153.0
2021-01-05 09:41:38.220,0.0434,0.0436,10.0,0.0433,32.0,16826.0,153.0
2021-01-05 09:41:38.650,0.0434,0.0436,22.0,0.0433,10.0,16826.0,153.0
2021-01-05 09:41:39.221,0.0434,0.0436,46.0,0.0433,10.0,16826.0,153.0
2021-01-05 09:41:40.231,0.0434,0.0435,12.0,0.0433,10.0,16826.0,153.0
2021-01-05 09:41:40.721,0.0434,0.0435,12.0,0.0433,10.0,16826.0,153.0
2021-01-05 09:41:41.130,0.0434,0.0435,12.0,0.0433,10.0,16826.0,153.0
2021-01-05 09:41:41.730,0.0434,0.0434,12.0,0.0431,20.0,16826.0,153.0
2021-01-05 09:41:42.201,0.0434,0.0435,25.0,0.0431,20.0,16826.0,153.0
2021-01-05 09:41:42.690,0.0434,0.0434,10.0,0.0431,22.0,16826.0,153.0
2021-01-05 09:41:43.080,0.0434,0.0435,47.0,0.0431,22.0,16826.0,153.0
2021-01-05 09:41:43.720,0.0434,0.0435,46.0,0.0431,22.0,16826.0,153.0
2021-01-05 09:41:44.220,0.0434,0.0435,71.0,0.0431,22.0,16826.0,153.0
2021-01-05 09:41:44.671,0.0434,0.0435,46.0,0.0431,32.0,16826.0,153.0
2021-01-05 09:41:45.190,0.0434,0.0435,22.0,0.0431,32.0,16826.0,153.0
2021-01-05 09:41:45.701,0.0434,0.0435,22.0,0.0431,32.0,16826.0,153.0
2021-01-05 09:41:46.241,0.0434,0.0435,22.0,0.0431,32.0,16826.0,153.0
2021-01-05 09:41:46.661,0.0434,0.0435,22.0,0.0431,32.0,16826.0,153.0
2021-01-05 09:41:47.201,0.0434,0.0435,10.0,0.0432,22.0,16826.0,153.0
2021-01-05 09:41:47.741,0.0434,0.0436,57.0,0.0432,22.0,16826.0,153.0
2021-01-05 09:41:48.181,0.0434,0.0436,10.0,0.0433,10.0,16826.0,153.0
2021-01-05 09:41:48.600,0.0434,0.0438,77.0,0.0433,22.0,16826.0,153.0
2021-01-05 09:41:49.191,0.0434,0.0436,22.0,0.0432,47.0,16826.0,153.0
2021-01-05 09:41:49.750,0.0434,0.0436,10.0,0.0433,22.0,16826.0,153.0
2021-01-05 09:41:50.231,0.0434,0.0438,45.0,0.0435,12.0,16826.0,153.0
2021-01-05 09:41:50.751,0.0434,0.0437,10.0,0.0434,22.0,16826.0,153.0
2021-01-05 09:41:51.251,0.0434,0.0436,12.0,0.0434,10.0,16826.0,153.0
2021-01-05 09:41:51.760,0.0434,0.0436,22.0,0.0434,10.0,16826.0,153.0
2021-01-05 09:41:52.261,0.0434,0.0436,10.0,0.0434,10.0,16826.0,153.0
2021-01-05 09:41:52.690,0.0434,0.0438,45.0,0.0434,20.0,16826.0,153.0
2021-01-05 09:41:53.151,0.0434,0.0438,42.0,0.0435,10.0,16826.0,153.0
2021-01-05 09:41:54.161,0.0434,0.0438,10.0,0.0435,22.0,16826.0,153.0
2021-01-05 09:41:54.591,0.0434,0.0439,12.0,0.0435,22.0,16826.0,153.0
2021-01-05 09:41:55.160,0.0434,0.0439,10.0,0.0436,12.0,16826.0,153.0
2021-01-05 09:41:55.671,0.0434,0.0437,12.0,0.0435,20.0,16826.0,153.0
2021-01-05 09:41:56.151,0.0434,0.0438,12.0,0.0435,20.0,16826.0,153.0
2021-01-05 09:41:56.670,0.0434,0.0437,10.0,0.0435,10.0,16826.0,153.0
2021-01-05 09:41:57.110,0.0434,0.0439,37.0,0.0436,10.0,16826.0,153.0
2021-01-05 09:41:57.640,0.0434,0.0437,12.0,0.0435,20.0,16826.0,153.0
2021-01-05 09:41:58.140,0.0434,0.0437,12.0,0.0435,20.0,16826.0,153.0
2021-01-05 09:41:58.660,0.0434,0.0437,12.0,0.0435,20.0,16826.0,153.0
2021-01-05 09:41:59.700,0.0434,0.0437,12.0,0.0435,20.0,16826.0,153.0
2021-01-05 09:42:00.151,0.0434,0.0437,12.0,0.0435,20.0,16826.0,153.0
2021-01-05 09:42:00.701,0.0434,0.0437,12.0,0.0435,20.0,16826.0,153.0
2021-01-05 09:42:01.190,0.0434,0.0438,22.0,0.0435,20.0,16826.0,153.0
2021-01-05 09:42:01.651,0.0434,0.0438,22.0,0.0435,20.0,16826.0,153.0
2021-01-05 09:42:02.201,0.0434,0.0438,22.0,0.0435,20.0,16826.0,153.0
2021-01-05 09:42:03.161,0.0434,0.0438,22.0,0.0435,20.0,16826.0,153.0
2021-01-05 09:42:04.641,0.0434,0.0437,12.0,0.0435,20.0,16826.0,153.0
2021-01-05 09:42:05.211,0.0434,0.0437,12.0,0.0435,20.0,16826.0,153.0
2021-01-05 09:42:06.181,0.0434,0.0437,12.0,0.0435,20.0,16826.0,153.0
2021-01-05 09:42:06.690,0.0434,0.0437,12.0,0.0435,20.0,16826.0,153.0
2021-01-05 09:42:08.220,0.0434,0.0437,12.0,0.0435,20.0,16826.0,153.0
2021-01-05 09:42:09.230,0.0434,0.0437,12.0,0.0435,20.0,16826.0,153.0
2021-01-05 09:42:09.570,0.0434,0.0437,12.0,0.0435,20.0,16826.0,153.0
2021-01-05 09:42:11.211,0.0434,0.0438,22.0,0.0436,10.0,16826.0,153.0
2021-01-05 09:42:11.651,0.0434,0.0438,10.0,0.0436,10.0,16826.0,153.0
2021-01-05 09:42:12.210,0.0434,0.0439,12.0,0.0436,10.0,16826.0,153.0
2021-01-05 09:42:12.721,0.0434,0.0439,22.0,0.0438,10.0,16826.0,153.0
2021-01-05 09:42:13.211,0.0434,0.0439,22.0,0.0438,10.0,16826.0,153.0
2021-01-05 09:42:13.731,0.0438,0.0438,2.0,0.0436,10.0,16826.0,163.0
2021-01-05 09:42:14.050,0.0438,0.0439,32.0,0.0436,10.0,16826.0,163.0
2021-01-05 09:42:15.170,0.0438,0.0439,32.0,0.0435,42.0,16826.0,163.0
2021-01-05 09:42:15.650,0.0438,0.0439,32.0,0.0435,56.0,16826.0,163.0
2021-01-05 09:42:16.181,0.0438,0.0439,32.0,0.0436,10.0,16826.0,163.0
2021-01-05 09:42:16.651,0.0438,0.0439,32.0,0.0436,10.0,16826.0,163.0
2021-01-05 09:42:17.241,0.0438,0.0438,20.0,0.0436,10.0,16826.0,163.0
2021-01-05 09:42:17.681,0.0438,0.0438,20.0,0.0436,22.0,16826.0,163.0
2021-01-05 09:42:18.100,0.0438,0.0438,20.0,0.0436,10.0,16826.0,163.0
2021-01-05 09:42:18.651,0.0438,0.0438,20.0,0.0435,32.0,16826.0,163.0
2021-01-05 09:42:19.210,0.0438,0.0438,20.0,0.0435,32.0,16826.0,163.0
2021-01-05 09:42:22.221,0.0438,0.0438,20.0,0.0436,12.0,16826.0,163.0
2021-01-05 09:42:23.631,0.0438,0.0438,20.0,0.0436,12.0,16826.0,163.0
2021-01-05 09:42:24.151,0.0438,0.0438,20.0,0.0436,12.0,16826.0,163.0
2021-01-05 09:42:24.670,0.0438,0.0438,20.0,0.0436,12.0,16826.0,163.0
2021-01-05 09:42:25.200,0.0438,0.0438,20.0,0.0436,12.0,16826.0,163.0
2021-01-05 09:42:25.511,0.0438,0.0438,20.0,0.0437,32.0,16826.0,163.0
2021-01-05 09:42:26.130,0.0438,0.0438,20.0,0.0437,32.0,16826.0,163.0
2021-01-05 09:42:27.171,0.0438,0.0438,20.0,0.0437,22.0,16826.0,163.0
2021-01-05 09:42:29.720,0.0438,0.0438,20.0,0.0437,20.0,16826.0,163.0
2021-01-05 09:42:30.110,0.0438,0.0438,20.0,0.0437,20.0,16826.0,163.0
2021-01-05 09:42:30.710,0.0438,0.0438,20.0,0.0437,10.0,16826.0,163.0
2021-01-05 09:42:31.200,0.0438,0.0438,20.0,0.0437,32.0,16826.0,163.0
2021-01-05 09:42:31.720,0.0438,0.0438,20.0,0.0437,32.0,16826.0,163.0
2021-01-05 09:42:34.210,0.0438,0.0438,20.0,0.0437,20.0,16826.0,163.0
2021-01-05 09:42:35.701,0.0438,0.0438,20.0,0.0437,20.0,16826.0,163.0
2021-01-05 09:42:36.650,0.0438,0.0438,20.0,0.0437,20.0,16826.0,163.0
2021-01-05 09:42:37.251,0.0438,0.0438,20.0,0.0437,32.0,16826.0,163.0
2021-01-05 09:42:40.721,0.0438,0.0438,19.0,0.0437,32.0,16825.0,164.0
2021-01-05 09:42:41.731,0.0438,0.0439,10.0,0.0438,5.0,16806.0,183.0
2021-01-05 09:42:42.250,0.0438,0.0441,10.0,0.0437,30.0,16806.0,183.0
2021-01-05 09:42:42.711,0.0438,0.0439,12.0,0.0437,69.0,16806.0,183.0
2021-01-05 09:42:43.251,0.0438,0.0439,12.0,0.0437,44.0,16806.0,183.0
2021-01-05 09:42:43.741,0.0438,0.0439,32.0,0.0437,20.0,16806.0,183.0
2021-01-05 09:42:44.211,0.0438,0.0438,12.0,0.0437,20.0,16806.0,183.0
2021-01-05 09:42:44.751,0.0438,0.0439,10.0,0.0437,44.0,16806.0,184.0
2021-01-05 09:42:45.191,0.0438,0.044,22.0,0.0437,30.0,16806.0,184.0
2021-01-05 09:42:45.650,0.0438,0.044,20.0,0.0437,56.0,16806.0,184.0
2021-01-05 09:42:46.240,0.0438,0.044,10.0,0.0437,56.0,16806.0,184.0
2021-01-05 09:42:46.741,0.0438,0.0441,10.0,0.0438,12.0,16806.0,184.0
2021-01-05 09:42:47.231,0.0438,0.0441,10.0,0.0438,12.0,16806.0,184.0
2021-01-05 09:42:47.690,0.0438,0.0441,10.0,0.0438,12.0,16806.0,184.0
2021-01-05 09:42:48.720,0.0438,0.0441,22.0,0.0437,56.0,16806.0,184.0
2021-01-05 09:42:49.110,0.0438,0.0441,22.0,0.0437,56.0,16806.0,184.0
2021-01-05 09:42:50.261,0.0438,0.0441,10.0,0.0438,12.0,16806.0,184.0
2021-01-05 09:42:51.060,0.0438,0.0441,10.0,0.0438,12.0,16806.0,184.0
2021-01-05 09:42:52.251,0.0438,0.0441,10.0,0.0438,22.0,16806.0,184.0
2021-01-05 09:42:52.601,0.0438,0.0441,10.0,0.0438,22.0,16806.0,184.0
2021-01-05 09:42:53.640,0.0438,0.0442,32.0,0.0438,22.0,16806.0,184.0
2021-01-05 09:42:54.191,0.0438,0.0442,20.0,0.0439,12.0,16806.0,184.0
2021-01-05 09:42:54.710,0.0438,0.0442,20.0,0.0441,10.0,16806.0,184.0
2021-01-05 09:42:55.161,0.0441,0.0442,22.0,0.0438,47.0,16806.0,194.0
2021-01-05 09:42:55.701,0.0441,0.0442,32.0,0.044,10.0,16806.0,194.0
2021-01-05 09:42:56.191,0.0441,0.0442,20.0,0.044,10.0,16806.0,194.0
2021-01-05 09:42:56.631,0.0441,0.0442,32.0,0.044,10.0,16806.0,194.0
2021-01-05 09:42:57.171,0.0441,0.0442,32.0,0.044,10.0,16806.0,194.0
2021-01-05 09:42:57.661,0.0441,0.0442,32.0,0.044,10.0,16806.0,194.0
2021-01-05 09:42:58.220,0.0441,0.0442,20.0,0.044,10.0,16806.0,194.0
2021-01-05 09:42:58.731,0.0441,0.0442,32.0,0.044,10.0,16806.0,194.0
2021-01-05 09:42:59.230,0.0441,0.0442,32.0,0.044,10.0,16806.0,194.0
2021-01-05 09:42:59.730,0.0441,0.0442,22.0,0.044,10.0,16806.0,194.0
2021-01-05 09:43:00.721,0.0441,0.0442,10.0,0.044,10.0,16806.0,194.0
2021-01-05 09:43:01.211,0.0441,0.0442,10.0,0.044,10.0,16806.0,194.0
2021-01-05 09:43:01.701,0.0441,0.0442,10.0,0.044,10.0,16806.0,194.0
2021-01-05 09:43:02.100,0.0441,0.0443,32.0,0.044,10.0,16806.0,194.0
2021-01-05 09:43:02.681,0.0441,0.0443,10.0,0.044,42.0,16806.0,194.0
2021-01-05 09:43:03.241,0.0441,0.0443,22.0,0.044,30.0,16806.0,194.0
2021-01-05 09:43:03.701,0.0441,0.0444,22.0,0.044,42.0,16806.0,194.0
2021-01-05 09:43:04.231,0.0441,0.0444,32.0,0.044,42.0,16806.0,194.0
2021-01-05 09:43:04.740,0.0441,0.0443,22.0,0.044,10.0,16806.0,194.0
2021-01-05 09:43:04.970,0.0441,0.0441,12.0,0.044,10.0,16806.0,194.0
2021-01-05 09:43:05.681,0.0441,0.0441,12.0,0.044,10.0,16806.0,194.0
2021-01-05 09:43:06.171,0.044,0.0441,10.0,0.0438,10.0,16806.0,204.0
2021-01-05 09:43:06.680,0.044,0.0442,22.0,0.0438,32.0,16806.0,204.0
2021-01-05 09:43:07.231,0.044,0.0442,32.0,0.0438,32.0,16806.0,204.0
2021-01-05 09:43:07.710,0.044,0.0442,32.0,0.0438,32.0,16806.0,204.0
2021-01-05 09:43:08.200,0.044,0.0442,32.0,0.0438,22.0,16806.0,204.0
2021-01-05 09:43:09.231,0.044,0.0442,32.0,0.0438,32.0,16806.0,204.0
2021-01-05 09:43:09.740,0.044,0.0442,32.0,0.0438,22.0,16806.0,204.0
2021-01-05 09:43:10.150,0.044,0.0442,10.0,0.0439,22.0,16806.0,204.0
2021-01-05 09:43:10.150,0.044,0.0443,22.0,0.0439,22.0,16806.0,204.0
2021-01-05 09:43:11.250,0.044,0.0443,32.0,0.0439,22.0,16806.0,204.0
2021-01-05 09:43:11.750,0.044,0.0443,32.0,0.0439,32.0,16806.0,204.0
2021-01-05 09:43:13.210,0.044,0.0442,12.0,0.0438,57.0,16806.0,204.0
2021-01-05 09:43:13.740,0.044,0.0442,22.0,0.0438,32.0,16806.0,204.0
2021-01-05 09:43:14.270,0.044,0.0442,22.0,0.0438,22.0,16806.0,204.0
2021-01-05 09:43:15.241,0.044,0.0441,12.0,0.0438,10.0,16806.0,204.0
2021-01-05 09:43:15.771,0.044,0.0441,12.0,0.0438,10.0,16806.0,204.0
2021-01-05 09:43:16.270,0.044,0.0441,22.0,0.0438,10.0,16806.0,204.0
2021-01-05 09:43:16.720,0.044,0.0441,10.0,0.0438,42.0,16806.0,204.0
2021-01-05 09:43:17.271,0.044,0.0442,32.0,0.0438,32.0,16806.0,204.0
2021-01-05 09:43:17.771,0.044,0.0442,20.0,0.0439,12.0,16806.0,204.0
2021-01-05 09:43:18.270,0.044,0.0442,20.0,0.0439,12.0,16806.0,204.0
2021-01-05 09:43:18.741,0.044,0.0442,32.0,0.0438,22.0,16806.0,204.0
2021-01-05 09:43:19.261,0.044,0.0441,12.0,0.0438,10.0,16806.0,204.0
2021-01-05 09:43:20.731,0.044,0.0441,12.0,0.0438,10.0,16806.0,204.0
2021-01-05 09:43:21.271,0.044,0.0442,32.0,0.0438,42.0,16806.0,204.0
2021-01-05 09:43:21.701,0.044,0.0442,22.0,0.0438,56.0,16806.0,204.0
2021-01-05 09:43:22.281,0.044,0.0442,22.0,0.0438,56.0,16806.0,204.0
2021-01-05 09:43:22.671,0.044,0.0442,22.0,0.0438,56.0,16806.0,204.0
2021-01-05 09:43:23.190,0.044,0.0442,22.0,0.0438,56.0,16806.0,204.0
2021-01-05 09:43:24.120,0.044,0.0442,22.0,0.0439,10.0,16806.0,204.0
2021-01-05 09:43:25.201,0.044,0.0442,10.0,0.0439,22.0,16806.0,204.0
2021-01-05 09:43:25.701,0.044,0.0443,20.0,0.0439,10.0,16806.0,204.0
2021-01-05 09:43:26.060,0.044,0.0441,12.0,0.0439,10.0,16806.0,204.0
2021-01-05 09:43:26.621,0.044,0.0441,12.0,0.0439,10.0,16806.0,204.0
2021-01-05 09:43:27.190,0.044,0.0441,10.0,0.0439,10.0,16806.0,204.0
2021-01-05 09:43:27.591,0.044,0.0441,12.0,0.0438,45.0,16806.0,204.0
2021-01-05 09:43:28.091,0.044,0.044,12.0,0.0438,20.0,16806.0,204.0
2021-01-05 09:43:28.700,0.044,0.044,12.0,0.0438,20.0,16806.0,204.0
2021-01-05 09:43:29.080,0.044,0.044,12.0,0.0438,20.0,16806.0,204.0
2021-01-05 09:43:30.050,0.044,0.0441,22.0,0.0438,30.0,16806.0,204.0
2021-01-05 09:43:30.701,0.044,0.0441,22.0,0.0438,20.0,16806.0,204.0
2021-01-05 09:43:31.720,0.044,0.0441,22.0,0.0438,20.0,16806.0,204.0
2021-01-05 09:43:32.181,0.044,0.0441,10.0,0.0439,12.0,16806.0,204.0
2021-01-05 09:43:32.680,0.044,0.0443,32.0,0.0439,12.0,16806.0,204.0
2021-01-05 09:43:33.141,0.044,0.0442,42.0,0.0438,57.0,16806.0,204.0
2021-01-05 09:43:33.600,0.044,0.0442,42.0,0.0438,32.0,16806.0,204.0
2021-01-05 09:43:34.221,0.044,0.0442,32.0,0.0438,42.0,16806.0,204.0
2021-01-05 09:43:34.691,0.044,0.0442,20.0,0.0439,12.0,16806.0,204.0
2021-01-05 09:43:35.160,0.044,0.0442,32.0,0.0438,57.0,16806.0,204.0
2021-01-05 09:43:35.681,0.044,0.0442,32.0,0.0438,32.0,16806.0,204.0
2021-01-05 09:43:36.661,0.044,0.0442,42.0,0.0438,32.0,16806.0,204.0
2021-01-05 09:43:37.181,0.044,0.0442,42.0,0.0438,32.0,16806.0,204.0
2021-01-05 09:43:37.631,0.044,0.0442,32.0,0.0438,32.0,16806.0,204.0
2021-01-05 09:43:38.221,0.044,0.0442,32.0,0.0438,42.0,16806.0,204.0
2021-01-05 09:43:38.680,0.044,0.0442,20.0,0.0439,12.0,16806.0,204.0
2021-01-05 09:43:39.241,0.044,0.0442,10.0,0.044,12.0,16806.0,204.0
2021-01-05 09:43:39.700,0.044,0.0443,20.0,0.044,12.0,16806.0,204.0
2021-01-05 09:43:40.230,0.044,0.0443,30.0,0.044,12.0,16806.0,204.0
2021-01-05 09:43:40.731,0.044,0.0442,10.0,0.044,12.0,16806.0,204.0
2021-01-05 09:43:41.231,0.044,0.0442,10.0,0.044,12.0,16806.0,204.0
2021-01-05 09:43:41.730,0.044,0.0443,30.0,0.044,12.0,16806.0,204.0
2021-01-05 09:43:42.191,0.044,0.0443,30.0,0.044,12.0,16806.0,204.0
2021-01-05 09:43:43.231,0.044,0.0441,10.0,0.0439,12.0,16806.0,204.0
2021-01-05 09:43:43.711,0.044,0.0442,10.0,0.0439,12.0,16806.0,204.0
2021-01-05 09:43:44.251,0.044,0.0441,12.0,0.0438,35.0,16806.0,204.0
2021-01-05 09:43:44.670,0.044,0.0441,22.0,0.0438,10.0,16806.0,204.0
2021-01-05 09:43:44.670,0.044,0.0441,10.0,0.0439,12.0,16806.0,204.0
2021-01-05 09:43:45.720,0.044,0.0442,10.0,0.0439,12.0,16806.0,204.0
2021-01-05 09:43:46.151,0.044,0.0443,42.0,0.0439,12.0,16806.0,204.0
2021-01-05 09:43:46.750,0.044,0.0442,10.0,0.0439,12.0,16806.0,204.0
2021-01-05 09:43:47.250,0.044,0.0443,30.0,0.044,12.0,16806.0,204.0
2021-01-05 09:43:47.661,0.044,0.0443,42.0,0.0439,37.0,16806.0,204.0
2021-01-05 09:43:48.220,0.044,0.0441,10.0,0.0439,25.0,16806.0,204.0
2021-01-05 09:43:48.641,0.044,0.0441,32.0,0.0438,25.0,16806.0,204.0
2021-01-05 09:43:49.061,0.044,0.0441,32.0,0.0437,47.0,16806.0,204.0
2021-01-05 09:43:49.511,0.044,0.0441,32.0,0.0437,47.0,16806.0,204.0
2021-01-05 09:43:50.170,0.044,0.044,10.0,0.0437,47.0,16806.0,204.0
2021-01-05 09:43:50.721,0.044,0.044,12.0,0.0437,10.0,16806.0,204.0
2021-01-05 09:43:51.221,0.044,0.044,12.0,0.0437,10.0,16806.0,204.0
2021-01-05 09:43:51.660,0.044,0.044,22.0,0.0437,10.0,16806.0,204.0
2021-01-05 09:43:52.200,0.044,0.044,22.0,0.0437,10.0,16806.0,204.0
2021-01-05 09:43:52.200,0.044,0.044,32.0,0.0436,47.0,16806.0,204.0
2021-01-05 09:43:53.201,0.044,0.044,32.0,0.0436,22.0,16806.0,204.0
2021-01-05 09:43:54.680,0.044,0.044,32.0,0.0436,22.0,16806.0,204.0
2021-01-05 09:43:57.650,0.044,0.044,20.0,0.0437,12.0,16806.0,204.0
2021-01-05 09:43:58.181,0.044,0.044,20.0,0.0437,12.0,16806.0,204.0
2021-01-05 09:43:58.711,0.044,0.044,20.0,0.0437,12.0,16806.0,204.0
2021-01-05 09:43:59.170,0.044,0.044,20.0,0.0437,12.0,16806.0,204.0
2021-01-05 09:44:00.131,0.044,0.044,32.0,0.0436,22.0,16806.0,204.0
2021-01-05 09:44:00.561,0.044,0.0439,10.0,0.0436,12.0,16806.0,204.0
2021-01-05 09:44:01.160,0.044,0.0439,10.0,0.0436,12.0,16806.0,204.0
2021-01-05 09:44:01.621,0.044,0.0439,10.0,0.0436,12.0,16806.0,204.0
2021-01-05 09:44:03.231,0.044,0.0439,22.0,0.0435,47.0,16806.0,204.0
2021-01-05 09:44:03.241,0.044,0.0438,32.0,0.0435,10.0,16806.0,204.0
2021-01-05 09:44:04.230,0.044,0.0438,32.0,0.0435,10.0,16806.0,204.0
2021-01-05 09:44:04.751,0.044,0.0437,10.0,0.0435,10.0,16806.0,204.0
2021-01-05 09:44:05.260,0.044,0.0437,22.0,0.0435,10.0,16806.0,204.0
2021-01-05 09:44:05.681,0.044,0.0437,10.0,0.0435,10.0,16806.0,204.0
2021-01-05 09:44:05.761,0.044,0.0437,22.0,0.0433,47.0,16806.0,204.0
2021-01-05 09:44:06.770,0.044,0.0437,10.0,0.0434,12.0,16806.0,204.0
2021-01-05 09:44:07.281,0.044,0.0437,20.0,0.0434,12.0,16806.0,204.0
2021-01-05 09:44:07.750,0.044,0.0437,20.0,0.0434,12.0,16806.0,204.0
2021-01-05 09:44:08.230,0.044,0.0437,20.0,0.0434,12.0,16806.0,204.0
2021-01-05 09:44:09.150,0.044,0.0437,20.0,0.0434,12.0,16806.0,204.0
2021-01-05 09:44:09.780,0.044,0.0437,30.0,0.0434,12.0,16806.0,204.0
2021-01-05 09:44:10.280,0.044,0.0437,20.0,0.0434,12.0,16806.0,204.0
2021-01-05 09:44:10.781,0.044,0.0437,20.0,0.0433,35.0,16806.0,204.0
2021-01-05 09:44:11.271,0.044,0.0437,20.0,0.0433,35.0,16806.0,204.0
2021-01-05 09:44:11.780,0.044,0.0437,20.0,0.0434,12.0,16806.0,204.0
2021-01-05 09:44:12.781,0.044,0.0437,20.0,0.0434,12.0,16806.0,204.0
2021-01-05 09:44:13.230,0.044,0.0437,20.0,0.0434,12.0,16806.0,204.0
2021-01-05 09:44:14.260,0.044,0.0437,20.0,0.0434,12.0,16806.0,204.0
2021-01-05 09:44:15.280,0.044,0.0437,20.0,0.0434,12.0,16806.0,204.0
2021-01-05 09:44:16.281,0.044,0.0437,10.0,0.0434,12.0,16806.0,204.0
2021-01-05 09:44:17.280,0.044,0.0437,10.0,0.0434,22.0,16806.0,204.0
2021-01-05 09:44:17.770,0.044,0.0437,10.0,0.0435,12.0,16806.0,204.0
2021-01-05 09:44:18.231,0.044,0.0437,10.0,0.0435,12.0,16806.0,204.0
2021-01-05 09:44:18.780,0.044,0.0437,10.0,0.0435,12.0,16806.0,204.0
2021-01-05 09:44:19.261,0.044,0.0438,30.0,0.0434,10.0,16806.0,204.0
2021-01-05 09:44:19.801,0.044,0.0438,10.0,0.0434,10.0,16806.0,204.0
2021-01-05 09:44:20.300,0.044,0.0439,32.0,0.0435,12.0,16806.0,204.0
2021-01-05 09:44:20.780,0.044,0.0438,22.0,0.0434,47.0,16806.0,204.0
2021-01-05 09:44:21.270,0.044,0.0435,10.0,0.0434,22.0,16806.0,204.0
2021-01-05 09:44:21.760,0.044,0.0435,10.0,0.0434,22.0,16806.0,204.0
2021-01-05 09:44:21.981,0.0435,0.0435,9.0,0.0434,32.0,16807.0,205.0
2021-01-05 09:44:22.651,0.0435,0.0435,9.0,0.0434,32.0,16807.0,205.0
2021-01-05 09:44:25.660,0.0435,0.0435,19.0,0.0434,32.0,16807.0,205.0
2021-01-05 09:44:26.201,0.0434,0.0435,9.0,0.0434,22.0,16807.0,215.0
2021-01-05 09:44:26.701,0.0434,0.0435,9.0,0.0434,22.0,16807.0,215.0
2021-01-05 09:44:27.201,0.0434,0.0435,9.0,0.0434,22.0,16807.0,215.0
2021-01-05 09:44:28.680,0.0434,0.0435,9.0,0.0434,22.0,16807.0,215.0
2021-01-05 09:44:29.200,0.0434,0.0435,9.0,0.0434,22.0,16807.0,215.0
2021-01-05 09:44:29.640,0.0434,0.0435,9.0,0.0434,22.0,16807.0,215.0
2021-01-05 09:44:30.201,0.0434,0.0435,9.0,0.0434,12.0,16807.0,215.0
2021-01-05 09:44:30.720,0.0435,0.0436,10.0,0.0433,10.0,16807.0,224.0
2021-01-05 09:44:31.231,0.0435,0.0437,22.0,0.0433,22.0,16807.0,224.0
2021-01-05 09:44:31.730,0.0435,0.0437,32.0,0.0433,22.0,16807.0,224.0
2021-01-05 09:44:32.220,0.0435,0.0436,22.0,0.0433,10.0,16807.0,224.0
2021-01-05 09:44:32.691,0.0435,0.0436,10.0,0.0432,35.0,16807.0,224.0
2021-01-05 09:44:33.240,0.0435,0.0436,10.0,0.0434,12.0,16807.0,224.0
2021-01-05 09:44:33.730,0.0435,0.0436,10.0,0.0432,49.0,16807.0,224.0
2021-01-05 09:44:34.211,0.0435,0.0436,10.0,0.0433,12.0,16807.0,224.0
2021-01-05 09:44:34.510,0.0435,0.0436,20.0,0.0433,12.0,16807.0,224.0
2021-01-05 09:44:35.740,0.0435,0.0436,20.0,0.0434,12.0,16807.0,224.0
2021-01-05 09:44:36.220,0.0435,0.0436,20.0,0.0432,35.0,16807.0,224.0
2021-01-05 09:44:36.741,0.0435,0.0436,20.0,0.0434,12.0,16807.0,224.0
2021-01-05 09:44:37.240,0.0435,0.0436,20.0,0.0434,12.0,16807.0,224.0
2021-01-05 09:44:37.751,0.0435,0.0436,20.0,0.0433,12.0,16807.0,224.0
2021-01-05 09:44:38.201,0.0435,0.0436,20.0,0.0434,12.0,16807.0,224.0
2021-01-05 09:44:38.731,0.0435,0.0436,20.0,0.0433,12.0,16807.0,224.0
2021-01-05 09:44:39.661,0.0435,0.0436,20.0,0.0433,12.0,16807.0,224.0
2021-01-05 09:44:40.250,0.0435,0.0436,20.0,0.0432,25.0,16807.0,224.0
2021-01-05 09:44:40.740,0.0435,0.0436,32.0,0.0432,12.0,16807.0,224.0
2021-01-05 09:44:42.250,0.0435,0.0436,32.0,0.0432,12.0,16807.0,224.0
2021-01-05 09:44:42.731,0.0435,0.0436,32.0,0.0432,12.0,16807.0,224.0
2021-01-05 09:44:43.760,0.0435,0.0436,32.0,0.0432,22.0,16807.0,224.0
2021-01-05 09:44:43.981,0.0435,0.0436,20.0,0.0434,12.0,16807.0,224.0
2021-01-05 09:44:44.661,0.0435,0.0436,20.0,0.0433,12.0,16807.0,224.0
2021-01-05 09:44:45.261,0.0435,0.0436,20.0,0.0433,12.0,16807.0,224.0
2021-01-05 09:44:45.760,0.0435,0.0436,10.0,0.0434,12.0,16807.0,224.0
2021-01-05 09:44:46.271,0.0435,0.0436,10.0,0.0433,22.0,16807.0,224.0
2021-01-05 09:44:47.251,0.0435,0.0436,22.0,0.0433,10.0,16807.0,224.0
2021-01-05 09:44:47.770,0.0435,0.0436,22.0,0.0433,10.0,16807.0,224.0
2021-01-05 09:44:48.271,0.0435,0.0436,10.0,0.0433,22.0,16807.0,224.0
2021-01-05 09:44:48.780,0.0435,0.0436,22.0,0.0433,10.0,16807.0,224.0
2021-01-05 09:44:50.300,0.0435,0.0436,22.0,0.0433,10.0,16807.0,224.0
2021-01-05 09:44:50.811,0.0435,0.0436,10.0,0.0433,22.0,16807.0,224.0
2021-01-05 09:44:51.270,0.0435,0.0436,10.0,0.0433,22.0,16807.0,224.0
2021-01-05 09:44:51.810,0.0435,0.0436,10.0,0.0433,22.0,16807.0,224.0
2021-01-05 09:44:52.311,0.0435,0.0436,10.0,0.0434,10.0,16807.0,224.0
2021-01-05 09:44:52.711,0.0435,0.0436,10.0,0.0434,10.0,16807.0,224.0
2021-01-05 09:44:53.001,0.0434,0.0436,22.0,0.0434,9.0,16807.0,225.0
2021-01-05 09:44:53.621,0.0434,0.0436,22.0,0.0434,9.0,16807.0,225.0
2021-01-05 09:44:54.201,0.0434,0.0436,22.0,0.0434,9.0,16807.0,225.0
2021-01-05 09:44:54.960,0.0434,0.0435,12.0,0.0434,9.0,16807.0,225.0
2021-01-05 09:44:55.700,0.0434,0.0435,12.0,0.0434,9.0,16807.0,225.0
2021-01-05 09:44:56.220,0.0434,0.0435,10.0,0.0434,9.0,16807.0,225.0
2021-01-05 09:44:56.720,0.0434,0.0436,22.0,0.0434,9.0,16807.0,225.0
2021-01-05 09:44:57.160,0.0434,0.0436,20.0,0.0434,9.0,16807.0,225.0
2021-01-05 09:44:57.680,0.0434,0.0436,20.0,0.0434,9.0,16807.0,225.0
2021-01-05 09:44:58.120,0.0434,0.0436,42.0,0.0434,8.0,16807.0,226.0
2021-01-05 09:44:58.720,0.0434,0.0436,42.0,0.0432,37.0,16807.0,226.0
2021-01-05 09:44:59.190,0.0434,0.0436,56.0,0.0432,12.0,16807.0,226.0
2021-01-05 09:44:59.711,0.0434,0.0435,22.0,0.0431,32.0,16807.0,226.0
2021-01-05 09:45:00.061,0.0434,0.0435,22.0,0.0431,22.0,16807.0,226.0
2021-01-05 09:45:00.401,0.0434,0.0435,10.0,0.0432,12.0,16807.0,226.0
2021-01-05 09:45:01.221,0.0434,0.0435,22.0,0.0431,22.0,16807.0,226.0
2021-01-05 09:45:01.680,0.0434,0.0434,10.0,0.0431,22.0,16807.0,226.0
2021-01-05 09:45:02.061,0.0434,0.0434,32.0,0.0431,10.0,16807.0,226.0
2021-01-05 09:45:02.621,0.0434,0.0434,42.0,0.043,12.0,16807.0,226.0
2021-01-05 09:45:03.190,0.0434,0.0434,77.0,0.043,26.0,16807.0,226.0
2021-01-05 09:45:03.680,0.0434,0.0434,30.0,0.0431,12.0,16807.0,226.0
2021-01-05 09:45:04.191,0.0434,0.0434,30.0,0.0431,12.0,16807.0,226.0
2021-01-05 09:45:04.700,0.0434,0.0434,30.0,0.0431,12.0,16807.0,226.0
2021-01-05 09:45:05.221,0.0434,0.0433,20.0,0.043,26.0,16807.0,226.0
2021-01-05 09:45:05.720,0.0434,0.0433,57.0,0.0429,12.0,16807.0,226.0
2021-01-05 09:45:06.220,0.0434,0.0433,32.0,0.0429,26.0,16807.0,226.0
2021-01-05 09:45:06.721,0.0434,0.0432,12.0,0.0428,12.0,16807.0,226.0
2021-01-05 09:45:07.130,0.0434,0.0433,45.0,0.0429,26.0,16807.0,226.0
2021-01-05 09:45:07.720,0.0434,0.0433,30.0,0.043,12.0,16807.0,226.0
2021-01-05 09:45:08.181,0.0434,0.0433,20.0,0.0431,12.0,16807.0,226.0
2021-01-05 09:45:08.700,0.0431,0.0431,10.0,0.0429,25.0,16807.0,227.0
2021-01-05 09:45:09.190,0.0431,0.0432,20.0,0.043,12.0,16807.0,227.0
2021-01-05 09:45:09.720,0.0431,0.0432,32.0,0.0428,12.0,16807.0,227.0
2021-01-05 09:45:10.200,0.0431,0.0432,10.0,0.0429,12.0,16807.0,227.0
2021-01-05 09:45:10.700,0.0431,0.0432,10.0,0.0429,12.0,16807.0,227.0
2021-01-05 09:45:11.051,0.0431,0.0433,57.0,0.0429,12.0,16807.0,227.0
2021-01-05 09:45:11.720,0.0431,0.0432,32.0,0.0428,36.0,16807.0,227.0
2021-01-05 09:45:12.150,0.0428,0.0432,32.0,0.0428,25.0,16808.0,228.0
2021-01-05 09:45:12.701,0.0428,0.0432,45.0,0.0428,13.0,16808.0,228.0
2021-01-05 09:45:13.220,0.0428,0.0431,22.0,0.0427,12.0,16809.0,229.0
2021-01-05 09:45:13.681,0.0428,0.0431,22.0,0.0427,26.0,16809.0,229.0
2021-01-05 09:45:14.131,0.0428,0.0431,32.0,0.0427,26.0,16809.0,229.0
2021-01-05 09:45:15.230,0.0428,0.0431,67.0,0.0427,26.0,16809.0,229.0
2021-01-05 09:45:15.721,0.0428,0.043,10.0,0.0427,12.0,16809.0,229.0
2021-01-05 09:45:16.230,0.0428,0.043,20.0,0.0427,12.0,16809.0,229.0
2021-01-05 09:45:16.741,0.0428,0.043,20.0,0.0427,12.0,16809.0,229.0
2021-01-05 09:45:17.170,0.0427,0.043,32.0,0.0426,12.0,16809.0,230.0
2021-01-05 09:45:17.731,0.0427,0.0429,22.0,0.0425,37.0,16809.0,230.0
2021-01-05 09:45:18.161,0.0427,0.0429,22.0,0.0425,26.0,16809.0,230.0
2021-01-05 09:45:18.691,0.0427,0.0429,32.0,0.0425,26.0,16809.0,230.0
2021-01-05 09:45:19.191,0.0427,0.0429,45.0,0.0426,12.0,16809.0,230.0
2021-01-05 09:45:19.731,0.0427,0.0429,10.0,0.0427,12.0,16809.0,230.0
2021-01-05 09:45:20.240,0.0427,0.043,45.0,0.0428,12.0,16809.0,230.0
2021-01-05 09:45:20.741,0.0427,0.043,30.0,0.0428,12.0,16809.0,230.0
2021-01-05 09:45:21.191,0.0427,0.0429,10.0,0.0428,12.0,16809.0,230.0
2021-01-05 09:45:21.731,0.0427,0.0429,10.0,0.0427,12.0,16809.0,230.0
2021-01-05 09:45:22.240,0.0427,0.0429,10.0,0.0426,12.0,16809.0,230.0
2021-01-05 09:45:22.710,0.0427,0.0429,10.0,0.0427,12.0,16809.0,230.0
2021-01-05 09:45:23.160,0.0427,0.043,30.0,0.0427,12.0,16809.0,230.0
2021-01-05 09:45:23.671,0.0427,0.043,20.0,0.0428,12.0,16809.0,230.0
2021-01-05 09:45:24.201,0.0427,0.043,20.0,0.0428,12.0,16809.0,230.0
2021-01-05 09:45:24.701,0.0427,0.043,20.0,0.0428,12.0,16809.0,230.0
2021-01-05 09:45:25.131,0.0427,0.043,30.0,0.0428,12.0,16809.0,230.0
2021-01-05 09:45:25.690,0.0427,0.043,30.0,0.0428,12.0,16809.0,230.0
2021-01-05 09:45:26.220,0.0427,0.043,10.0,0.0428,12.0,16809.0,230.0
2021-01-05 09:45:26.681,0.0427,0.043,10.0,0.0428,12.0,16809.0,230.0
2021-01-05 09:45:27.211,0.0427,0.0431,75.0,0.0428,12.0,16809.0,230.0
2021-01-05 09:45:27.711,0.0427,0.043,10.0,0.0428,12.0,16809.0,230.0
2021-01-05 09:45:28.220,0.0427,0.0431,50.0,0.0428,12.0,16809.0,230.0
2021-01-05 09:45:29.140,0.0427,0.0431,40.0,0.0428,12.0,16809.0,230.0
2021-01-05 09:45:30.210,0.0427,0.0431,30.0,0.0429,12.0,16809.0,230.0
2021-01-05 09:45:30.710,0.0427,0.0431,10.0,0.0429,12.0,16809.0,230.0
2021-01-05 09:45:31.211,0.0427,0.0433,75.0,0.0429,12.0,16809.0,230.0
2021-01-05 09:45:31.701,0.0427,0.0433,62.0,0.0429,12.0,16809.0,230.0
2021-01-05 09:45:32.151,0.0427,0.0432,20.0,0.0428,10.0,16809.0,230.0
2021-01-05 09:45:32.690,0.0427,0.0432,32.0,0.0428,22.0,16809.0,230.0
2021-01-05 09:45:33.180,0.0427,0.0432,32.0,0.0428,36.0,16809.0,230.0
2021-01-05 09:45:33.180,0.0427,0.0432,32.0,0.0428,36.0,16809.0,230.0
