,last,ask1,asize1,bid1,bsize1,oi,volume
2021-01-05 09:24:34.720,0.0093,0.0093,1.0,0.0093,1.0,15496.0,
2021-01-05 09:24:50.290,0.0095,0.0095,1.0,0.0095,1.0,15496.0,
2021-01-05 09:25:00.080,0.0095,0.0103,3.0,0.0093,1.0,15497.0,1.0
2021-01-05 09:30:00.451,0.0095,0.0103,1.0,0.0093,1.0,15497.0,1.0
2021-01-05 09:30:00.991,0.0095,0.0107,1.0,0.0086,8.0,15497.0,1.0
2021-01-05 09:30:01.481,0.0095,0.0107,1.0,0.0086,8.0,15497.0,1.0
2021-01-05 09:30:01.990,0.0095,0.0107,1.0,0.0093,20.0,15497.0,1.0
2021-01-05 09:30:02.501,0.0095,0.0107,20.0,0.0093,20.0,15497.0,1.0
2021-01-05 09:30:03.010,0.0095,0.0113,20.0,0.0093,20.0,15497.0,1.0
2021-01-05 09:30:03.471,0.0095,0.0112,20.0,0.0092,20.0,15497.0,1.0
2021-01-05 09:30:03.980,0.0095,0.0111,20.0,0.0091,20.0,15497.0,1.0
2021-01-05 09:30:04.430,0.0095,0.0112,20.0,0.0092,20.0,15497.0,1.0
2021-01-05 09:30:05.010,0.0095,0.0113,20.0,0.0093,20.0,15497.0,1.0
2021-01-05 09:30:05.481,0.0095,0.0112,20.0,0.0093,20.0,15497.0,1.0
2021-01-05 09:30:05.990,0.0095,0.0118,5.0,0.0093,20.0,15497.0,1.0
2021-01-05 09:30:06.480,0.0095,0.0114,20.0,0.0094,20.0,15497.0,1.0
2021-01-05 09:30:06.971,0.0095,0.0118,5.0,0.0094,20.0,15497.0,1.0
2021-01-05 09:30:07.471,0.0095,0.0114,20.0,0.0095,20.0,15497.0,1.0
2021-01-05 09:30:08.001,0.0095,0.0115,20.0,0.0095,20.0,15497.0,1.0
2021-01-05 09:30:08.520,0.0095,0.0114,20.0,0.0094,20.0,15497.0,1.0
2021-01-05 09:30:11.521,0.0095,0.0115,20.0,0.0095,20.0,15497.0,1.0
2021-01-05 09:30:11.980,0.0095,0.0114,20.0,0.0094,20.0,15497.0,1.0
2021-01-05 09:30:15.991,0.0095,0.0114,20.0,0.0094,20.0,15497.0,1.0
2021-01-05 09:30:17.021,0.0095,0.0113,20.0,0.0093,20.0,15497.0,1.0
2021-01-05 09:30:18.231,0.0095,0.0114,20.0,0.0086,8.0,15497.0,1.0
2021-01-05 09:30:18.750,0.0095,0.0113,20.0,0.0093,20.0,15497.0,1.0
2021-01-05 09:30:19.751,0.0095,0.0112,20.0,0.0092,20.0,15497.0,1.0
2021-01-05 09:30:20.740,0.0095,0.0113,20.0,0.0093,20.0,15497.0,1.0
2021-01-05 09:30:22.240,0.0095,0.0114,20.0,0.0094,20.0,15497.0,1.0
2021-01-05 09:30:22.671,0.0095,0.0113,20.0,0.0093,20.0,15497.0,1.0
2021-01-05 09:30:23.670,0.0095,0.0114,20.0,0.0094,20.0,15497.0,1.0
2021-01-05 09:30:25.160,0.0095,0.0118,5.0,0.0093,20.0,15497.0,1.0
2021-01-05 09:30:25.671,0.0095,0.0114,20.0,0.0094,20.0,15497.0,1.0
2021-01-05 09:30:30.620,0.0095,0.0113,20.0,0.0093,20.0,15497.0,1.0
2021-01-05 09:30:40.690,0.0095,0.0113,20.0,0.0094,14.0,15497.0,1.0
2021-01-05 09:30:41.151,0.0095,0.0113,20.0,0.0094,34.0,15497.0,1.0
2021-01-05 09:30:43.180,0.0095,0.0113,50.0,0.0094,64.0,15497.0,1.0
2021-01-05 09:30:45.710,0.0095,0.0112,20.0,0.0094,64.0,15497.0,1.0
2021-01-05 09:30:53.120,0.0095,0.0111,20.0,0.0094,64.0,15497.0,1.0
2021-01-05 09:30:53.660,0.0095,0.0112,20.0,0.0094,34.0,15497.0,1.0
2021-01-05 09:30:54.130,0.0095,0.0111,30.0,0.0094,64.0,15497.0,1.0
2021-01-05 09:30:54.670,0.0095,0.0111,50.0,0.0094,64.0,15497.0,1.0
2021-01-05 09:30:58.660,0.0095,0.0107,20.0,0.0094,64.0,15497.0,1.0
2021-01-05 09:30:59.171,0.0095,0.0107,70.0,0.0094,64.0,15497.0,1.0
2021-01-05 09:31:00.681,0.0095,0.0107,70.0,0.0094,64.0,15497.0,1.0
2021-01-05 09:31:01.140,0.0095,0.0107,70.0,0.0094,64.0,15497.0,1.0
2021-01-05 09:31:02.170,0.0095,0.0107,50.0,0.0094,44.0,15497.0,1.0
2021-01-05 09:31:02.681,0.0095,0.0107,70.0,0.0094,64.0,15497.0,1.0
2021-01-05 09:31:05.670,0.0095,0.0107,70.0,0.0094,64.0,15497.0,1.0
2021-01-05 09:31:19.150,0.0095,0.0107,50.0,0.0094,44.0,15497.0,1.0
2021-01-05 09:31:19.721,0.0095,0.0107,70.0,0.0094,64.0,15497.0,1.0
2021-01-05 09:31:22.211,0.0095,0.0107,70.0,0.0094,50.0,15497.0,1.0
2021-01-05 09:31:22.620,0.0095,0.0106,14.0,0.0095,14.0,15497.0,1.0
2021-01-05 09:31:23.171,0.0095,0.0106,34.0,0.0095,34.0,15497.0,1.0
2021-01-05 09:31:27.171,0.0095,0.0106,34.0,0.0095,14.0,15497.0,1.0
2021-01-05 09:31:28.101,0.0095,0.0106,34.0,0.0095,34.0,15497.0,1.0
2021-01-05 09:31:29.171,0.0095,0.0106,34.0,0.0095,14.0,15497.0,1.0
2021-01-05 09:31:30.671,0.0095,0.0106,34.0,0.0095,34.0,15497.0,1.0
2021-01-05 09:31:35.190,0.0095,0.0106,34.0,0.0095,20.0,15497.0,1.0
2021-01-05 09:31:35.651,0.0095,0.0106,34.0,0.0094,50.0,15497.0,1.0
2021-01-05 09:31:36.181,0.0095,0.0105,3.0,0.0094,64.0,15497.0,1.0
2021-01-05 09:31:36.690,0.0095,0.0105,53.0,0.0094,64.0,15497.0,1.0
2021-01-05 09:31:37.191,0.0095,0.0104,14.0,0.0094,64.0,15497.0,1.0
2021-01-05 09:31:37.620,0.0095,0.0104,77.0,0.0094,74.0,15497.0,1.0
2021-01-05 09:31:38.190,0.0095,0.0104,77.0,0.0094,74.0,15497.0,1.0
2021-01-05 09:31:39.210,0.0095,0.0104,77.0,0.0094,60.0,15497.0,1.0
2021-01-05 09:31:39.710,0.0095,0.0104,77.0,0.0096,12.0,15497.0,1.0
2021-01-05 09:31:40.200,0.0095,0.0104,77.0,0.0096,12.0,15497.0,1.0
2021-01-05 09:31:40.711,0.0095,0.0104,77.0,0.0097,12.0,15497.0,1.0
2021-01-05 09:31:41.191,0.0095,0.0104,89.0,0.0097,30.0,15497.0,1.0
2021-01-05 09:31:41.700,0.0095,0.0103,12.0,0.0097,30.0,15497.0,1.0
2021-01-05 09:31:42.211,0.0095,0.0103,30.0,0.0097,30.0,15497.0,1.0
2021-01-05 09:31:42.711,0.0095,0.0103,76.0,0.0097,30.0,15497.0,1.0
2021-01-05 09:31:43.191,0.0095,0.0103,62.0,0.0097,30.0,15497.0,1.0
2021-01-05 09:31:45.621,0.0095,0.0102,20.0,0.0097,30.0,15497.0,1.0
2021-01-05 09:31:46.101,0.0095,0.0102,40.0,0.0097,30.0,15497.0,1.0
2021-01-05 09:31:46.701,0.0095,0.0102,40.0,0.0097,30.0,15497.0,1.0
2021-01-05 09:31:47.191,0.0095,0.0102,40.0,0.0097,30.0,15497.0,1.0
2021-01-05 09:31:49.711,0.0095,0.0102,40.0,0.0097,30.0,15497.0,1.0
2021-01-05 09:31:50.191,0.0095,0.0102,54.0,0.0097,30.0,15497.0,1.0
2021-01-05 09:31:58.150,0.0095,0.0102,57.0,0.0097,30.0,15497.0,1.0
2021-01-05 09:32:00.150,0.0095,0.0102,57.0,0.0097,30.0,15497.0,1.0
2021-01-05 09:32:00.650,0.0095,0.0102,57.0,0.0097,30.0,15497.0,1.0
2021-01-05 09:32:01.170,0.0095,0.0102,57.0,0.0097,30.0,15497.0,1.0
2021-01-05 09:32:01.670,0.0095,0.0102,57.0,0.0097,30.0,15497.0,1.0
2021-01-05 09:32:02.171,0.0095,0.0102,57.0,0.0097,30.0,15497.0,1.0
2021-01-05 09:32:03.180,0.0095,0.0102,37.0,0.0097,30.0,15497.0,1.0
2021-01-05 09:32:03.641,0.0095,0.0102,43.0,0.0097,30.0,15497.0,1.0
2021-01-05 09:32:04.661,0.0095,0.0102,43.0,0.0097,30.0,15497.0,1.0
2021-01-05 09:32:05.141,0.0095,0.0102,43.0,0.0097,30.0,15497.0,1.0
2021-01-05 09:32:06.161,0.0095,0.0102,43.0,0.0097,30.0,15497.0,1.0
2021-01-05 09:32:06.680,0.0095,0.0102,57.0,0.0097,30.0,15497.0,1.0
2021-01-05 09:32:07.070,0.0095,0.0102,57.0,0.0097,30.0,15497.0,1.0
2021-01-05 09:32:09.141,0.0095,0.0102,57.0,0.0097,30.0,15497.0,1.0
2021-01-05 09:32:10.161,0.0095,0.0102,54.0,0.0097,30.0,15497.0,1.0
2021-01-05 09:32:10.630,0.0095,0.0102,54.0,0.0097,30.0,15497.0,1.0
2021-01-05 09:32:11.650,0.0095,0.0102,54.0,0.0097,30.0,15497.0,1.0
2021-01-05 09:32:13.680,0.0095,0.0102,66.0,0.0097,30.0,15497.0,1.0
2021-01-05 09:32:14.560,0.0095,0.0102,54.0,0.0097,30.0,15497.0,1.0
2021-01-05 09:32:15.171,0.0095,0.0102,66.0,0.0097,30.0,15497.0,1.0
2021-01-05 09:32:16.551,0.0095,0.0102,66.0,0.0097,30.0,15497.0,1.0
2021-01-05 09:32:19.670,0.0095,0.0102,66.0,0.0097,30.0,15497.0,1.0
2021-01-05 09:32:20.151,0.0095,0.0102,66.0,0.0097,30.0,15497.0,1.0
2021-01-05 09:32:25.170,0.0095,0.0102,52.0,0.0097,30.0,15497.0,1.0
2021-01-05 09:32:25.670,0.0095,0.0102,40.0,0.0097,30.0,15497.0,1.0
2021-01-05 09:32:26.171,0.0095,0.0102,52.0,0.0097,30.0,15497.0,1.0
2021-01-05 09:32:26.650,0.0095,0.0102,52.0,0.0097,30.0,15497.0,1.0
2021-01-05 09:32:27.670,0.0095,0.0099,20.0,0.0097,30.0,15497.0,1.0
2021-01-05 09:32:28.171,0.0095,0.0099,20.0,0.0096,30.0,15497.0,1.0
2021-01-05 09:32:28.630,0.0095,0.0099,20.0,0.0095,30.0,15497.0,1.0
2021-01-05 09:32:29.180,0.0095,0.0099,20.0,0.0095,30.0,15497.0,1.0
2021-01-05 09:32:30.171,0.0095,0.0099,20.0,0.0095,30.0,15497.0,1.0
2021-01-05 09:32:30.671,0.0095,0.0099,20.0,0.0095,30.0,15497.0,1.0
2021-01-05 09:32:31.691,0.0095,0.0099,20.0,0.0095,30.0,15497.0,1.0
2021-01-05 09:32:32.690,0.0095,0.0099,20.0,0.0095,30.0,15497.0,1.0
2021-01-05 09:32:33.141,0.0095,0.0099,20.0,0.0095,30.0,15497.0,1.0
2021-01-05 09:32:34.171,0.0095,0.0099,20.0,0.0095,30.0,15497.0,1.0
2021-01-05 09:32:34.691,0.0095,0.0099,20.0,0.0095,30.0,15497.0,1.0
2021-01-05 09:32:36.190,0.0095,0.0099,20.0,0.0095,30.0,15497.0,1.0
2021-01-05 09:32:41.690,0.0095,0.0099,40.0,0.0095,30.0,15497.0,1.0
2021-01-05 09:32:42.201,0.0095,0.0099,20.0,0.0095,30.0,15497.0,1.0
2021-01-05 09:32:42.700,0.0095,0.0099,40.0,0.0095,30.0,15497.0,1.0
2021-01-05 09:32:44.151,0.0095,0.0099,20.0,0.0095,30.0,15497.0,1.0
2021-01-05 09:32:47.201,0.0095,0.0099,40.0,0.0095,30.0,15497.0,1.0
2021-01-05 09:32:48.181,0.0095,0.0099,40.0,0.0095,30.0,15497.0,1.0
2021-01-05 09:32:49.670,0.0095,0.01,82.0,0.0095,30.0,15497.0,1.0
2021-01-05 09:32:50.171,0.0095,0.01,70.0,0.0095,30.0,15497.0,1.0
2021-01-05 09:32:50.650,0.0095,0.01,62.0,0.0095,30.0,15497.0,1.0
2021-01-05 09:32:51.170,0.0095,0.01,62.0,0.0095,30.0,15497.0,1.0
2021-01-05 09:32:53.161,0.0095,0.01,50.0,0.0095,30.0,15497.0,1.0
2021-01-05 09:32:54.181,0.0095,0.01,50.0,0.0095,30.0,15497.0,1.0
2021-01-05 09:32:54.490,0.0095,0.01,50.0,0.0095,30.0,15497.0,1.0
2021-01-05 09:32:56.150,0.0095,0.01,50.0,0.0095,30.0,15497.0,1.0
2021-01-05 09:32:57.600,0.0095,0.01,50.0,0.0095,30.0,15497.0,1.0
2021-01-05 09:32:58.651,0.0095,0.01,50.0,0.0095,30.0,15497.0,1.0
2021-01-05 09:32:59.621,0.0095,0.01,50.0,0.0095,30.0,15497.0,1.0
2021-01-05 09:33:00.180,0.0095,0.01,50.0,0.0095,30.0,15497.0,1.0
2021-01-05 09:33:00.651,0.0095,0.01,50.0,0.0095,30.0,15497.0,1.0
2021-01-05 09:33:01.141,0.0095,0.01,70.0,0.0095,30.0,15497.0,1.0
2021-01-05 09:33:01.671,0.0095,0.01,70.0,0.0095,30.0,15497.0,1.0
2021-01-05 09:33:02.130,0.0095,0.01,70.0,0.0095,30.0,15497.0,1.0
2021-01-05 09:33:02.651,0.0095,0.01,70.0,0.0095,42.0,15497.0,1.0
2021-01-05 09:33:03.681,0.0095,0.01,70.0,0.0095,30.0,15497.0,1.0
2021-01-05 09:33:04.140,0.0095,0.01,70.0,0.0095,42.0,15497.0,1.0
2021-01-05 09:33:05.181,0.0095,0.01,70.0,0.0095,62.0,15497.0,1.0
2021-01-05 09:33:05.690,0.0095,0.01,50.0,0.0095,62.0,15497.0,1.0
2021-01-05 09:33:06.170,0.0095,0.01,50.0,0.0095,62.0,15497.0,1.0
2021-01-05 09:33:07.601,0.0095,0.01,50.0,0.0096,12.0,15497.0,1.0
2021-01-05 09:33:08.191,0.0095,0.01,70.0,0.0096,12.0,15497.0,1.0
2021-01-05 09:33:08.681,0.0095,0.01,70.0,0.0096,12.0,15497.0,1.0
2021-01-05 09:33:09.181,0.0095,0.01,70.0,0.0095,30.0,15497.0,1.0
2021-01-05 09:33:09.630,0.0095,0.01,70.0,0.0095,42.0,15497.0,1.0
2021-01-05 09:33:10.180,0.0095,0.01,70.0,0.0095,42.0,15497.0,1.0
2021-01-05 09:33:10.681,0.0095,0.01,50.0,0.0096,12.0,15497.0,1.0
2021-01-05 09:33:11.180,0.0095,0.01,50.0,0.0095,62.0,15497.0,1.0
2021-01-05 09:33:11.670,0.0095,0.01,50.0,0.0096,12.0,15497.0,1.0
2021-01-05 09:33:12.181,0.0095,0.01,50.0,0.0095,62.0,15497.0,1.0
2021-01-05 09:33:12.650,0.0095,0.01,70.0,0.0096,12.0,15497.0,1.0
2021-01-05 09:33:13.100,0.0095,0.01,70.0,0.0096,12.0,15497.0,1.0
2021-01-05 09:33:14.650,0.0095,0.01,70.0,0.0096,12.0,15497.0,1.0
2021-01-05 09:33:15.651,0.0095,0.01,50.0,0.0096,12.0,15497.0,1.0
2021-01-05 09:33:16.671,0.0095,0.01,50.0,0.0097,12.0,15497.0,1.0
2021-01-05 09:33:17.190,0.0095,0.01,50.0,0.0097,42.0,15497.0,1.0
2021-01-05 09:33:17.691,0.0095,0.01,50.0,0.0097,30.0,15497.0,1.0
2021-01-05 09:33:18.160,0.0095,0.01,50.0,0.0097,30.0,15497.0,1.0
2021-01-05 09:33:19.660,0.0095,0.01,50.0,0.0097,42.0,15497.0,1.0
2021-01-05 09:33:22.670,0.0095,0.01,50.0,0.0097,42.0,15497.0,1.0
2021-01-05 09:33:23.660,0.0095,0.01,50.0,0.0097,30.0,15497.0,1.0
2021-01-05 09:33:26.161,0.0095,0.01,50.0,0.0097,30.0,15497.0,1.0
2021-01-05 09:33:26.651,0.0095,0.01,64.0,0.0097,30.0,15497.0,1.0
2021-01-05 09:33:27.171,0.0095,0.01,64.0,0.0097,30.0,15497.0,1.0
2021-01-05 09:33:27.681,0.0095,0.01,64.0,0.0097,30.0,15497.0,1.0
2021-01-05 09:33:28.180,0.0095,0.01,64.0,0.0097,30.0,15497.0,1.0
2021-01-05 09:33:29.681,0.0095,0.01,64.0,0.0097,30.0,15497.0,1.0
2021-01-05 09:33:37.640,0.0095,0.01,64.0,0.0097,30.0,15497.0,1.0
2021-01-05 09:33:40.690,0.0095,0.01,44.0,0.0097,30.0,15497.0,1.0
2021-01-05 09:33:42.640,0.0095,0.01,50.0,0.0097,30.0,15497.0,1.0
2021-01-05 09:33:43.180,0.0095,0.0099,14.0,0.0097,30.0,15497.0,1.0
2021-01-05 09:33:43.681,0.0095,0.0099,14.0,0.0096,30.0,15497.0,1.0
2021-01-05 09:33:44.110,0.0095,0.0099,14.0,0.0095,42.0,15497.0,1.0
2021-01-05 09:33:44.671,0.0095,0.0099,14.0,0.0095,42.0,15497.0,1.0
2021-01-05 09:33:45.180,0.0095,0.0099,14.0,0.0095,42.0,15497.0,1.0
2021-01-05 09:33:45.660,0.0095,0.0099,14.0,0.0095,42.0,15497.0,1.0
2021-01-05 09:33:46.161,0.0095,0.0099,14.0,0.0095,42.0,15497.0,1.0
2021-01-05 09:33:46.680,0.0095,0.01,50.0,0.0095,42.0,15497.0,1.0
2021-01-05 09:33:47.191,0.0095,0.01,64.0,0.0095,42.0,15497.0,1.0
2021-01-05 09:33:47.681,0.0095,0.01,64.0,0.0095,30.0,15497.0,1.0
2021-01-05 09:33:48.171,0.0095,0.01,64.0,0.0095,30.0,15497.0,1.0
2021-01-05 09:33:49.051,0.0095,0.01,64.0,0.0095,30.0,15497.0,1.0
2021-01-05 09:33:49.681,0.0095,0.01,64.0,0.0095,30.0,15497.0,1.0
2021-01-05 09:33:50.670,0.0095,0.01,50.0,0.0095,30.0,15497.0,1.0
2021-01-05 09:33:51.581,0.0095,0.01,50.0,0.0095,30.0,15497.0,1.0
2021-01-05 09:33:52.190,0.0095,0.0099,14.0,0.0095,30.0,15497.0,1.0
2021-01-05 09:33:52.661,0.0095,0.0099,14.0,0.0095,30.0,15497.0,1.0
2021-01-05 09:33:53.171,0.0095,0.0099,34.0,0.0095,30.0,15497.0,1.0
2021-01-05 09:33:53.650,0.0095,0.0099,34.0,0.0095,30.0,15497.0,1.0
2021-01-05 09:33:55.650,0.0095,0.0099,34.0,0.0095,30.0,15497.0,1.0
2021-01-05 09:33:57.671,0.0095,0.0099,34.0,0.0095,30.0,15497.0,1.0
2021-01-05 09:33:58.170,0.0095,0.0099,46.0,0.0095,30.0,15497.0,1.0
2021-01-05 09:33:58.670,0.0095,0.0099,34.0,0.0095,30.0,15497.0,1.0
2021-01-05 09:33:59.140,0.0095,0.0099,46.0,0.0095,30.0,15497.0,1.0
2021-01-05 09:34:00.671,0.0095,0.0099,46.0,0.0095,30.0,15497.0,1.0
2021-01-05 09:34:01.661,0.0095,0.0099,34.0,0.0095,30.0,15497.0,1.0
2021-01-05 09:34:05.121,0.0095,0.0099,34.0,0.0095,30.0,15497.0,1.0
2021-01-05 09:34:05.630,0.0095,0.0099,34.0,0.0095,30.0,15497.0,1.0
2021-01-05 09:34:06.191,0.0095,0.0099,34.0,0.0095,30.0,15497.0,1.0
2021-01-05 09:34:07.130,0.0095,0.0099,34.0,0.0095,30.0,15497.0,1.0
2021-01-05 09:34:07.630,0.0095,0.0099,34.0,0.0095,10.0,15517.0,21.0
2021-01-05 09:34:09.670,0.0095,0.0099,46.0,0.0095,10.0,15517.0,21.0
2021-01-05 09:34:10.690,0.0095,0.0099,49.0,0.0095,10.0,15517.0,21.0
2021-01-05 09:34:12.640,0.0095,0.0099,37.0,0.0095,10.0,15517.0,21.0
2021-01-05 09:34:13.191,0.0095,0.0099,49.0,0.0095,10.0,15517.0,21.0
2021-01-05 09:34:14.181,0.0095,0.0099,49.0,0.0095,10.0,15517.0,21.0
2021-01-05 09:34:14.691,0.0095,0.0099,17.0,0.0095,10.0,15517.0,21.0
2021-01-05 09:34:15.681,0.0095,0.0099,37.0,0.0095,10.0,15517.0,21.0
2021-01-05 09:34:16.630,0.0095,0.0099,49.0,0.0095,10.0,15517.0,21.0
2021-01-05 09:34:17.181,0.0095,0.0099,37.0,0.0095,10.0,15517.0,21.0
2021-01-05 09:34:18.620,0.0095,0.0099,34.0,0.0095,10.0,15517.0,21.0
2021-01-05 09:34:19.041,0.0095,0.0099,46.0,0.0095,10.0,15517.0,21.0
2021-01-05 09:34:19.700,0.0095,0.0099,34.0,0.0095,10.0,15517.0,21.0
2021-01-05 09:34:21.690,0.0095,0.0099,34.0,0.0095,10.0,15517.0,21.0
2021-01-05 09:34:22.151,0.0095,0.0099,34.0,0.0095,10.0,15517.0,21.0
2021-01-05 09:34:22.651,0.0095,0.0099,34.0,0.0095,10.0,15517.0,21.0
2021-01-05 09:34:23.181,0.0095,0.0099,34.0,0.0095,10.0,15517.0,21.0
2021-01-05 09:34:23.640,0.0095,0.0099,46.0,0.0095,10.0,15517.0,21.0
2021-01-05 09:34:25.671,0.0095,0.0098,12.0,0.0095,10.0,15517.0,21.0
2021-01-05 09:34:26.170,0.0095,0.0098,62.0,0.0095,30.0,15517.0,21.0
2021-01-05 09:34:26.641,0.0095,0.0096,12.0,0.0095,30.0,15517.0,21.0
2021-01-05 09:34:27.150,0.0095,0.0096,42.0,0.0094,30.0,15517.0,21.0
2021-01-05 09:34:27.690,0.0095,0.0096,76.0,0.0094,30.0,15517.0,21.0
2021-01-05 09:34:28.120,0.0095,0.0096,76.0,0.0094,30.0,15517.0,21.0
2021-01-05 09:34:28.621,0.0095,0.0095,12.0,0.0094,30.0,15517.0,21.0
2021-01-05 09:34:29.090,0.0095,0.0095,12.0,0.0094,30.0,15517.0,21.0
2021-01-05 09:34:29.601,0.0095,0.0095,12.0,0.0094,30.0,15517.0,21.0
2021-01-05 09:34:30.141,0.0095,0.0095,12.0,0.0094,30.0,15517.0,21.0
2021-01-05 09:34:31.190,0.0095,0.0095,12.0,0.0094,30.0,15517.0,21.0
2021-01-05 09:34:31.280,0.0095,0.0095,26.0,0.0094,30.0,15517.0,21.0
2021-01-05 09:34:32.150,0.0095,0.0095,12.0,0.0094,30.0,15517.0,21.0
2021-01-05 09:34:33.090,0.0095,0.0095,42.0,0.0094,30.0,15517.0,21.0
2021-01-05 09:34:33.691,0.0095,0.0095,32.0,0.0094,30.0,15517.0,21.0
2021-01-05 09:34:34.640,0.0095,0.0095,12.0,0.0094,30.0,15517.0,21.0
2021-01-05 09:34:35.130,0.0095,0.0095,12.0,0.0093,30.0,15517.0,21.0
2021-01-05 09:34:35.670,0.0095,0.0095,62.0,0.0092,30.0,15517.0,21.0
2021-01-05 09:34:36.171,0.0095,0.0095,42.0,0.0092,30.0,15517.0,21.0
2021-01-05 09:34:36.680,0.0095,0.0095,62.0,0.0092,30.0,15517.0,21.0
2021-01-05 09:34:37.161,0.0095,0.0095,62.0,0.0092,30.0,15517.0,21.0
2021-01-05 09:34:38.171,0.0095,0.0095,62.0,0.0092,30.0,15517.0,21.0
2021-01-05 09:34:39.091,0.0095,0.0095,62.0,0.0092,30.0,15517.0,21.0
2021-01-05 09:34:40.171,0.0095,0.0095,62.0,0.0092,30.0,15517.0,21.0
2021-01-05 09:34:40.651,0.0095,0.0095,62.0,0.0092,30.0,15517.0,21.0
2021-01-05 09:34:42.680,0.0095,0.0095,50.0,0.0092,42.0,15517.0,21.0
2021-01-05 09:34:47.701,0.0095,0.0095,62.0,0.0092,30.0,15517.0,21.0
2021-01-05 09:34:49.701,0.0095,0.0095,50.0,0.0092,42.0,15517.0,21.0
2021-01-05 09:34:52.650,0.0095,0.0095,62.0,0.0092,30.0,15517.0,21.0
2021-01-05 09:34:53.180,0.0095,0.0094,12.0,0.0092,30.0,15517.0,21.0
2021-01-05 09:34:53.651,0.0095,0.0094,62.0,0.0092,30.0,15517.0,21.0
2021-01-05 09:34:54.170,0.0095,0.0094,62.0,0.0092,30.0,15517.0,21.0
2021-01-05 09:34:54.631,0.0095,0.0093,12.0,0.0092,30.0,15517.0,21.0
2021-01-05 09:34:55.161,0.0095,0.0094,62.0,0.0092,30.0,15517.0,21.0
2021-01-05 09:34:55.680,0.0095,0.0094,42.0,0.0092,30.0,15517.0,21.0
2021-01-05 09:34:56.141,0.0095,0.0094,42.0,0.0092,30.0,15517.0,21.0
2021-01-05 09:34:56.681,0.0095,0.0094,62.0,0.0092,30.0,15517.0,21.0
2021-01-05 09:34:57.670,0.0095,0.0094,62.0,0.0092,30.0,15517.0,21.0
2021-01-05 09:34:58.131,0.0095,0.0094,76.0,0.0092,30.0,15517.0,21.0
2021-01-05 09:34:59.660,0.0095,0.0093,12.0,0.0092,30.0,15517.0,21.0
2021-01-05 09:34:59.991,0.0095,0.0093,30.0,0.0092,30.0,15517.0,21.0
2021-01-05 09:35:00.630,0.0095,0.0094,50.0,0.0092,30.0,15517.0,21.0
2021-01-05 09:35:01.070,0.0095,0.0093,14.0,0.0092,30.0,15517.0,21.0
2021-01-05 09:35:01.620,0.0095,0.0093,14.0,0.0092,30.0,15517.0,21.0
2021-01-05 09:35:02.160,0.0095,0.0093,14.0,0.0092,30.0,15517.0,21.0
2021-01-05 09:35:02.680,0.0095,0.0093,14.0,0.0092,30.0,15517.0,21.0
2021-01-05 09:35:03.180,0.0095,0.0093,44.0,0.0092,30.0,15517.0,21.0
2021-01-05 09:35:03.660,0.0095,0.0093,14.0,0.0092,30.0,15517.0,21.0
2021-01-05 09:35:04.661,0.0095,0.0094,30.0,0.0092,30.0,15517.0,21.0
2021-01-05 09:35:05.180,0.0095,0.0094,30.0,0.0092,30.0,15517.0,21.0
2021-01-05 09:35:05.671,0.0095,0.0094,50.0,0.0092,30.0,15517.0,21.0
2021-01-05 09:35:06.180,0.0095,0.0094,50.0,0.0092,42.0,15517.0,21.0
2021-01-05 09:35:06.680,0.0095,0.0094,50.0,0.0092,30.0,15517.0,21.0
2021-01-05 09:35:07.131,0.0095,0.0094,50.0,0.0092,42.0,15517.0,21.0
2021-01-05 09:35:07.650,0.0095,0.0094,62.0,0.0092,30.0,15517.0,21.0
2021-01-05 09:35:08.190,0.0095,0.0094,50.0,0.0092,30.0,15517.0,21.0
2021-01-05 09:35:08.661,0.0095,0.0093,12.0,0.0092,30.0,15517.0,21.0
2021-01-05 09:35:09.191,0.0092,0.0093,12.0,0.0091,30.0,15537.0,41.0
2021-01-05 09:35:09.700,0.0092,0.0093,62.0,0.0091,30.0,15537.0,41.0
2021-01-05 09:35:10.180,0.0092,0.0093,62.0,0.0091,30.0,15537.0,41.0
2021-01-05 09:35:10.691,0.0092,0.0093,62.0,0.0091,30.0,15537.0,41.0
2021-01-05 09:35:11.160,0.0092,0.0093,62.0,0.0091,30.0,15537.0,41.0
2021-01-05 09:35:13.181,0.0092,0.0093,30.0,0.0091,30.0,15537.0,41.0
2021-01-05 09:35:13.640,0.0092,0.0094,42.0,0.0091,30.0,15537.0,41.0
2021-01-05 09:35:14.191,0.0092,0.0094,56.0,0.0091,30.0,15537.0,41.0
2021-01-05 09:35:14.691,0.0092,0.0094,44.0,0.0091,30.0,15537.0,41.0
2021-01-05 09:35:15.200,0.0092,0.0094,56.0,0.0091,30.0,15537.0,41.0
2021-01-05 09:35:15.701,0.0092,0.0094,56.0,0.0091,30.0,15537.0,41.0
2021-01-05 09:35:16.201,0.0092,0.0093,12.0,0.0091,30.0,15537.0,41.0
2021-01-05 09:35:16.681,0.0092,0.0092,12.0,0.0091,30.0,15537.0,41.0
2021-01-05 09:35:17.190,0.0092,0.0093,42.0,0.0091,30.0,15537.0,41.0
2021-01-05 09:35:17.680,0.0092,0.0092,12.0,0.0091,30.0,15537.0,41.0
2021-01-05 09:35:18.170,0.0092,0.0093,42.0,0.0091,30.0,15537.0,41.0
2021-01-05 09:35:18.641,0.0092,0.0093,56.0,0.0091,30.0,15537.0,41.0
2021-01-05 09:35:19.180,0.0092,0.0093,26.0,0.0091,30.0,15537.0,41.0
2021-01-05 09:35:19.641,0.0092,0.0093,14.0,0.0091,30.0,15537.0,41.0
2021-01-05 09:35:20.170,0.0092,0.0092,12.0,0.0091,30.0,15537.0,41.0
2021-01-05 09:35:20.681,0.0092,0.0092,12.0,0.0091,30.0,15537.0,41.0
2021-01-05 09:35:21.180,0.0092,0.0093,42.0,0.0091,30.0,15537.0,41.0
2021-01-05 09:35:21.601,0.0092,0.0093,56.0,0.0091,30.0,15537.0,41.0
2021-01-05 09:35:22.171,0.0092,0.0093,56.0,0.0091,30.0,15537.0,41.0
2021-01-05 09:35:22.650,0.0092,0.0093,44.0,0.0091,30.0,15537.0,41.0
2021-01-05 09:35:23.680,0.0092,0.0093,56.0,0.0091,30.0,15537.0,41.0
2021-01-05 09:35:27.641,0.0092,0.0093,44.0,0.0091,30.0,15537.0,41.0
2021-01-05 09:35:30.121,0.0092,0.0093,44.0,0.0091,30.0,15537.0,41.0
2021-01-05 09:35:30.690,0.0092,0.0093,56.0,0.0091,30.0,15537.0,41.0
2021-01-05 09:35:31.170,0.0092,0.0093,44.0,0.0091,30.0,15537.0,41.0
2021-01-05 09:35:31.700,0.0092,0.0093,44.0,0.0091,30.0,15537.0,41.0
2021-01-05 09:35:32.161,0.0092,0.0093,56.0,0.0091,30.0,15537.0,41.0
2021-01-05 09:35:33.650,0.0092,0.0093,42.0,0.0091,30.0,15537.0,41.0
2021-01-05 09:35:34.190,0.0092,0.0092,26.0,0.0091,30.0,15537.0,41.0
2021-01-05 09:35:34.691,0.0092,0.0092,14.0,0.0091,30.0,15537.0,41.0
2021-01-05 09:35:35.200,0.0092,0.0093,50.0,0.0091,30.0,15537.0,41.0
2021-01-05 09:35:35.600,0.0092,0.0093,50.0,0.0091,30.0,15537.0,41.0
2021-01-05 09:35:36.180,0.0092,0.0092,14.0,0.0091,30.0,15537.0,41.0
2021-01-05 09:35:36.620,0.0092,0.0092,14.0,0.0091,30.0,15537.0,41.0
2021-01-05 09:35:37.171,0.0092,0.0092,14.0,0.0091,30.0,15537.0,41.0
2021-01-05 09:35:37.640,0.0092,0.0092,14.0,0.0091,30.0,15537.0,41.0
2021-01-05 09:35:38.190,0.0092,0.0093,50.0,0.0091,30.0,15537.0,41.0
2021-01-05 09:35:38.651,0.0092,0.0093,64.0,0.0091,42.0,15537.0,41.0
2021-01-05 09:35:39.140,0.0092,0.0093,64.0,0.0091,42.0,15537.0,41.0
2021-01-05 09:35:39.690,0.0092,0.0093,44.0,0.0091,42.0,15537.0,41.0
2021-01-05 09:35:40.191,0.0092,0.0093,44.0,0.0091,30.0,15537.0,41.0
2021-01-05 09:35:42.160,0.0092,0.0093,56.0,0.0091,30.0,15537.0,41.0
2021-01-05 09:35:43.190,0.0092,0.0093,76.0,0.0091,30.0,15537.0,41.0
2021-01-05 09:35:43.661,0.0092,0.0093,44.0,0.0091,30.0,15537.0,41.0
2021-01-05 09:35:44.101,0.0092,0.0093,44.0,0.0091,30.0,15537.0,41.0
2021-01-05 09:35:44.600,0.0092,0.0093,76.0,0.0091,30.0,15537.0,41.0
2021-01-05 09:35:45.071,0.0092,0.0093,76.0,0.0091,30.0,15537.0,41.0
2021-01-05 09:35:46.170,0.0092,0.0093,56.0,0.0091,30.0,15537.0,41.0
2021-01-05 09:35:46.700,0.0092,0.0093,76.0,0.0091,30.0,15537.0,41.0
2021-01-05 09:35:47.691,0.0092,0.0093,62.0,0.0091,30.0,15537.0,41.0
2021-01-05 09:35:48.181,0.0092,0.0092,14.0,0.0091,30.0,15537.0,41.0
2021-01-05 09:35:49.190,0.0092,0.0092,14.0,0.0091,30.0,15537.0,41.0
2021-01-05 09:35:49.701,0.0092,0.0092,14.0,0.0091,30.0,15537.0,41.0
2021-01-05 09:35:51.710,0.0092,0.0092,14.0,0.0091,30.0,15537.0,41.0
2021-01-05 09:35:52.100,0.0092,0.0093,62.0,0.0091,30.0,15537.0,41.0
2021-01-05 09:35:52.661,0.0092,0.0093,62.0,0.0091,30.0,15537.0,41.0
2021-01-05 09:35:53.111,0.0092,0.0093,76.0,0.0091,30.0,15537.0,41.0
2021-01-05 09:35:54.640,0.0092,0.0093,64.0,0.0091,30.0,15537.0,41.0
2021-01-05 09:35:55.181,0.0092,0.0093,44.0,0.0091,30.0,15537.0,41.0
2021-01-05 09:35:57.681,0.0092,0.0093,44.0,0.0091,42.0,15537.0,41.0
2021-01-05 09:35:58.150,0.0092,0.0093,44.0,0.0091,30.0,15537.0,41.0
2021-01-05 09:35:58.701,0.0092,0.0093,44.0,0.0091,42.0,15537.0,41.0
2021-01-05 09:36:00.680,0.0092,0.0093,64.0,0.0091,42.0,15537.0,41.0
2021-01-05 09:36:01.671,0.0092,0.0093,64.0,0.0091,30.0,15537.0,41.0
2021-01-05 09:36:02.170,0.0092,0.0093,44.0,0.0091,30.0,15537.0,41.0
2021-01-05 09:36:04.201,0.0092,0.0093,44.0,0.0091,30.0,15537.0,41.0
2021-01-05 09:36:04.670,0.0092,0.0093,44.0,0.0091,42.0,15537.0,41.0
2021-01-05 09:36:10.160,0.0092,0.0093,44.0,0.0091,42.0,15537.0,41.0
2021-01-05 09:36:11.180,0.0092,0.0093,44.0,0.0091,30.0,15537.0,41.0
2021-01-05 09:36:11.651,0.0092,0.0093,56.0,0.0091,30.0,15537.0,41.0
2021-01-05 09:36:12.690,0.0092,0.0093,56.0,0.0091,30.0,15537.0,41.0
2021-01-05 09:36:14.150,0.0092,0.0093,56.0,0.0091,30.0,15537.0,41.0
2021-01-05 09:36:14.690,0.0092,0.0093,14.0,0.0091,30.0,15537.0,41.0
2021-01-05 09:36:15.170,0.0092,0.0093,44.0,0.0091,30.0,15537.0,41.0
2021-01-05 09:36:15.660,0.0092,0.0093,14.0,0.0091,30.0,15537.0,41.0
2021-01-05 09:36:19.151,0.0092,0.0093,56.0,0.0091,30.0,15537.0,41.0
2021-01-05 09:36:19.691,0.0092,0.0093,14.0,0.0091,30.0,15537.0,41.0
2021-01-05 09:36:21.120,0.0092,0.0093,14.0,0.0091,30.0,15537.0,41.0
2021-01-05 09:36:21.691,0.0092,0.0093,44.0,0.0091,30.0,15537.0,41.0
2021-01-05 09:36:22.171,0.0092,0.0093,26.0,0.0091,30.0,15537.0,41.0
2021-01-05 09:36:23.191,0.0092,0.0093,26.0,0.0091,30.0,15537.0,41.0
2021-01-05 09:36:24.171,0.0092,0.0093,56.0,0.0091,30.0,15537.0,41.0
2021-01-05 09:36:24.701,0.0092,0.0093,44.0,0.0091,30.0,15537.0,41.0
2021-01-05 09:36:26.171,0.0092,0.0093,26.0,0.0091,30.0,15537.0,41.0
2021-01-05 09:36:26.651,0.0092,0.0093,56.0,0.0091,30.0,15537.0,41.0
2021-01-05 09:36:27.160,0.0092,0.0093,26.0,0.0091,30.0,15537.0,41.0
2021-01-05 09:36:27.690,0.0092,0.0093,56.0,0.0091,30.0,15537.0,41.0
2021-01-05 09:36:28.190,0.0092,0.0093,26.0,0.0091,30.0,15537.0,41.0
2021-01-05 09:36:28.681,0.0092,0.0093,14.0,0.0091,30.0,15537.0,41.0
2021-01-05 09:36:29.171,0.0092,0.0093,56.0,0.0091,30.0,15537.0,41.0
2021-01-05 09:36:29.661,0.0093,0.0093,39.0,0.0091,30.0,15542.0,46.0
2021-01-05 09:36:30.161,0.0093,0.0094,62.0,0.0091,30.0,15542.0,46.0
2021-01-05 09:36:30.700,0.0093,0.0093,14.0,0.0091,30.0,15542.0,46.0
2021-01-05 09:36:31.181,0.0093,0.0093,26.0,0.0091,30.0,15542.0,46.0
2021-01-05 09:36:31.690,0.0093,0.0093,26.0,0.0091,30.0,15542.0,46.0
2021-01-05 09:36:33.200,0.0093,0.0093,14.0,0.0091,30.0,15542.0,46.0
2021-01-05 09:36:33.670,0.0093,0.0093,14.0,0.0091,42.0,15542.0,46.0
2021-01-05 09:36:34.091,0.0093,0.0093,26.0,0.0091,30.0,15542.0,46.0
2021-01-05 09:36:34.691,0.0093,0.0093,14.0,0.0091,30.0,15542.0,46.0
2021-01-05 09:36:35.701,0.0093,0.0093,26.0,0.0091,30.0,15542.0,46.0
2021-01-05 09:36:36.700,0.0093,0.0093,26.0,0.0091,30.0,15542.0,46.0
2021-01-05 09:36:38.041,0.0093,0.0093,26.0,0.0091,30.0,15542.0,46.0
2021-01-05 09:36:38.640,0.0093,0.0093,26.0,0.0091,30.0,15542.0,46.0
2021-01-05 09:36:39.090,0.0093,0.0093,26.0,0.0091,30.0,15542.0,46.0
2021-01-05 09:36:40.700,0.0093,0.0092,12.0,0.0091,30.0,15542.0,46.0
2021-01-05 09:36:41.201,0.0093,0.0093,42.0,0.0091,30.0,15542.0,46.0
2021-01-05 09:36:41.641,0.0093,0.0092,14.0,0.0091,30.0,15542.0,46.0
2021-01-05 09:36:42.200,0.0093,0.0092,14.0,0.0091,30.0,15542.0,46.0
2021-01-05 09:36:42.690,0.0093,0.0092,14.0,0.0091,30.0,15542.0,46.0
2021-01-05 09:36:43.700,0.0093,0.0092,14.0,0.0091,30.0,15542.0,46.0
2021-01-05 09:36:44.200,0.0093,0.0092,14.0,0.0091,30.0,15542.0,46.0
2021-01-05 09:36:44.680,0.0093,0.0092,14.0,0.0091,30.0,15542.0,46.0
2021-01-05 09:36:45.191,0.0093,0.0092,14.0,0.0091,30.0,15542.0,46.0
2021-01-05 09:36:46.651,0.0093,0.0092,26.0,0.0091,30.0,15542.0,46.0
2021-01-05 09:36:47.130,0.0093,0.0092,26.0,0.0091,30.0,15542.0,46.0
2021-01-05 09:36:47.660,0.0093,0.0092,26.0,0.0091,30.0,15542.0,46.0
2021-01-05 09:36:48.630,0.0093,0.0092,14.0,0.0091,30.0,15542.0,46.0
2021-01-05 09:36:49.181,0.0093,0.0092,14.0,0.0091,30.0,15542.0,46.0
2021-01-05 09:36:49.700,0.0093,0.0092,14.0,0.0091,30.0,15542.0,46.0
2021-01-05 09:36:52.691,0.0093,0.0093,62.0,0.0091,30.0,15542.0,46.0
2021-01-05 09:36:53.191,0.0093,0.0093,46.0,0.0091,30.0,15542.0,46.0
2021-01-05 09:36:54.180,0.0093,0.0093,26.0,0.0091,30.0,15542.0,46.0
2021-01-05 09:36:55.171,0.0093,0.0092,12.0,0.0091,30.0,15542.0,46.0
2021-01-05 09:36:55.651,0.0093,0.0092,12.0,0.0091,30.0,15542.0,46.0
2021-01-05 09:36:56.141,0.0093,0.0092,12.0,0.0091,30.0,15542.0,46.0
2021-01-05 09:36:57.630,0.0093,0.0093,42.0,0.0091,30.0,15542.0,46.0
2021-01-05 09:36:58.160,0.0093,0.0093,26.0,0.0091,30.0,15542.0,46.0
2021-01-05 09:36:58.610,0.0093,0.0093,26.0,0.0091,30.0,15542.0,46.0
2021-01-05 09:36:59.181,0.0093,0.0093,26.0,0.0091,30.0,15542.0,46.0
2021-01-05 09:37:00.700,0.0093,0.0093,14.0,0.0091,30.0,15542.0,46.0
2021-01-05 09:37:04.200,0.0093,0.0093,14.0,0.0091,30.0,15542.0,46.0
2021-01-05 09:37:04.690,0.0093,0.0093,44.0,0.0091,30.0,15542.0,46.0
2021-01-05 09:37:05.140,0.0093,0.0093,14.0,0.0091,30.0,15542.0,46.0
2021-01-05 09:37:05.701,0.0093,0.0093,44.0,0.0091,30.0,15542.0,46.0
2021-01-05 09:37:07.180,0.0093,0.0093,44.0,0.0091,30.0,15542.0,46.0
2021-01-05 09:37:07.681,0.0093,0.0093,14.0,0.0091,30.0,15542.0,46.0
2021-01-05 09:37:08.200,0.0093,0.0093,56.0,0.0091,30.0,15542.0,46.0
2021-01-05 09:37:08.630,0.0093,0.0093,44.0,0.0091,30.0,15542.0,46.0
2021-01-05 09:37:09.170,0.0093,0.0093,42.0,0.0091,30.0,15542.0,46.0
2021-01-05 09:37:09.660,0.0093,0.0092,14.0,0.0091,30.0,15542.0,46.0
2021-01-05 09:37:10.140,0.0093,0.0092,14.0,0.0091,30.0,15542.0,46.0
2021-01-05 09:37:10.701,0.0093,0.0093,42.0,0.0091,30.0,15542.0,46.0
2021-01-05 09:37:11.201,0.0093,0.0093,56.0,0.0091,30.0,15542.0,46.0
2021-01-05 09:37:11.700,0.0093,0.0093,56.0,0.0091,30.0,15542.0,46.0
2021-01-05 09:37:12.131,0.0093,0.0093,42.0,0.0091,30.0,15542.0,46.0
2021-01-05 09:37:12.620,0.0093,0.0092,14.0,0.0091,30.0,15542.0,46.0
2021-01-05 09:37:13.181,0.0093,0.0092,14.0,0.0091,30.0,15542.0,46.0
2021-01-05 09:37:13.681,0.0093,0.0092,14.0,0.0091,30.0,15542.0,46.0
2021-01-05 09:37:14.171,0.0093,0.0092,14.0,0.0091,30.0,15542.0,46.0
2021-01-05 09:37:15.200,0.0093,0.0092,14.0,0.0091,30.0,15542.0,46.0
2021-01-05 09:37:15.700,0.0093,0.0092,14.0,0.0091,30.0,15542.0,46.0
2021-01-05 09:37:16.201,0.0093,0.0092,14.0,0.0091,30.0,15542.0,46.0
2021-01-05 09:37:16.501,0.0093,0.0092,14.0,0.0091,30.0,15542.0,46.0
2021-01-05 09:37:17.200,0.0093,0.0092,14.0,0.0091,30.0,15542.0,46.0
2021-01-05 09:37:17.671,0.0093,0.0092,14.0,0.0091,30.0,15542.0,46.0
2021-01-05 09:37:21.200,0.0093,0.0092,14.0,0.0091,30.0,15542.0,46.0
2021-01-05 09:37:22.641,0.0093,0.0092,14.0,0.0091,30.0,15542.0,46.0
2021-01-05 09:37:31.190,0.0093,0.0092,14.0,0.0091,30.0,15542.0,46.0
2021-01-05 09:37:33.180,0.0093,0.0092,14.0,0.0091,30.0,15542.0,46.0
2021-01-05 09:37:35.170,0.0093,0.0092,14.0,0.0091,30.0,15542.0,46.0
2021-01-05 09:37:36.671,0.0093,0.0092,16.0,0.0091,30.0,15542.0,46.0
2021-01-05 09:37:42.130,0.0093,0.0092,2.0,0.0091,30.0,15542.0,46.0
2021-01-05 09:37:43.181,0.0093,0.0092,2.0,0.0091,30.0,15542.0,46.0
2021-01-05 09:37:44.651,0.0093,0.0092,2.0,0.0091,30.0,15542.0,46.0
2021-01-05 09:37:46.180,0.0093,0.0093,32.0,0.0091,30.0,15542.0,46.0
2021-01-05 09:37:46.601,0.0093,0.0093,34.0,0.0091,42.0,15542.0,46.0
2021-01-05 09:37:47.210,0.0093,0.0093,34.0,0.0091,42.0,15542.0,46.0
2021-01-05 09:37:47.661,0.0093,0.0093,34.0,0.0091,42.0,15542.0,46.0
2021-01-05 09:37:48.201,0.0093,0.0093,34.0,0.0091,42.0,15542.0,46.0
2021-01-05 09:37:48.700,0.0093,0.0093,34.0,0.0091,42.0,15542.0,46.0
2021-01-05 09:37:49.190,0.0093,0.0093,4.0,0.0091,42.0,15542.0,46.0
2021-01-05 09:37:49.670,0.0093,0.0093,34.0,0.0091,42.0,15542.0,46.0
2021-01-05 09:37:51.691,0.0093,0.0093,34.0,0.0091,30.0,15542.0,46.0
2021-01-05 09:37:54.690,0.0093,0.0093,4.0,0.0091,30.0,15542.0,46.0
2021-01-05 09:37:55.190,0.0093,0.0093,34.0,0.0091,30.0,15542.0,46.0
2021-01-05 09:37:55.691,0.0093,0.0093,4.0,0.0091,30.0,15542.0,46.0
2021-01-05 09:37:56.121,0.0093,0.0093,34.0,0.0091,30.0,15542.0,46.0
2021-01-05 09:37:57.170,0.0093,0.0093,34.0,0.0091,30.0,15542.0,46.0
2021-01-05 09:37:57.601,0.0093,0.0093,34.0,0.0091,30.0,15542.0,46.0
2021-01-05 09:37:59.161,0.0093,0.0093,4.0,0.0091,30.0,15542.0,46.0
2021-01-05 09:38:00.131,0.0093,0.0093,4.0,0.0091,30.0,15542.0,46.0
2021-01-05 09:38:00.680,0.0093,0.0093,34.0,0.0091,30.0,15542.0,46.0
2021-01-05 09:38:04.190,0.0093,0.0093,46.0,0.0091,30.0,15542.0,46.0
2021-01-05 09:38:04.680,0.0093,0.0093,34.0,0.0091,30.0,15542.0,46.0
2021-01-05 09:38:06.691,0.0093,0.0093,46.0,0.0091,30.0,15542.0,46.0
2021-01-05 09:38:07.200,0.0093,0.0093,60.0,0.0091,30.0,15542.0,46.0
2021-01-05 09:38:07.690,0.0093,0.0093,80.0,0.0091,30.0,15542.0,46.0
2021-01-05 09:38:08.151,0.0093,0.0093,60.0,0.0091,30.0,15542.0,46.0
2021-01-05 09:38:08.670,0.0093,0.0093,80.0,0.0091,30.0,15542.0,46.0
2021-01-05 09:38:10.180,0.0093,0.0093,80.0,0.0091,30.0,15542.0,46.0
2021-01-05 09:38:12.191,0.0093,0.0093,60.0,0.0091,30.0,15542.0,46.0
2021-01-05 09:38:12.691,0.0093,0.0093,60.0,0.0091,30.0,15542.0,46.0
2021-01-05 09:38:13.110,0.0093,0.0093,60.0,0.0091,30.0,15542.0,46.0
2021-01-05 09:38:13.690,0.0093,0.0093,60.0,0.0091,30.0,15542.0,46.0
2021-01-05 09:38:18.660,0.0093,0.0092,12.0,0.0091,30.0,15542.0,46.0
2021-01-05 09:38:19.230,0.0093,0.0092,12.0,0.0091,30.0,15542.0,46.0
2021-01-05 09:38:19.670,0.0093,0.0092,12.0,0.0091,30.0,15542.0,46.0
2021-01-05 09:38:21.240,0.0093,0.0093,34.0,0.0091,30.0,15542.0,46.0
2021-01-05 09:38:21.670,0.0093,0.0092,12.0,0.0091,30.0,15542.0,46.0
2021-01-05 09:38:22.210,0.0093,0.0092,12.0,0.0091,30.0,15542.0,46.0
2021-01-05 09:38:22.661,0.0093,0.0092,32.0,0.0091,30.0,15542.0,46.0
2021-01-05 09:38:23.201,0.0093,0.0092,32.0,0.0091,30.0,15542.0,46.0
2021-01-05 09:38:23.681,0.0093,0.0092,76.0,0.0091,30.0,15542.0,46.0
2021-01-05 09:38:24.690,0.0093,0.0092,76.0,0.0091,30.0,15542.0,46.0
2021-01-05 09:38:25.101,0.0093,0.0092,34.0,0.0091,30.0,15542.0,46.0
2021-01-05 09:38:25.700,0.0093,0.0092,34.0,0.0091,30.0,15542.0,46.0
2021-01-05 09:38:26.701,0.0093,0.0092,20.0,0.0091,30.0,15542.0,46.0
2021-01-05 09:38:27.201,0.0093,0.0092,20.0,0.0091,30.0,15542.0,46.0
2021-01-05 09:38:27.691,0.0093,0.0093,66.0,0.0091,30.0,15542.0,46.0
2021-01-05 09:38:28.171,0.0093,0.0092,12.0,0.0091,30.0,15542.0,46.0
2021-01-05 09:38:28.680,0.0093,0.0092,32.0,0.0091,30.0,15542.0,46.0
2021-01-05 09:38:29.191,0.0093,0.0092,32.0,0.009,30.0,15542.0,46.0
2021-01-05 09:38:29.641,0.0093,0.0092,62.0,0.009,30.0,15542.0,46.0
2021-01-05 09:38:30.190,0.0093,0.0092,62.0,0.009,30.0,15542.0,46.0
2021-01-05 09:38:30.670,0.0093,0.0092,62.0,0.009,30.0,15542.0,46.0
2021-01-05 09:38:31.700,0.0093,0.0092,62.0,0.009,80.0,15542.0,46.0
2021-01-05 09:38:35.200,0.0093,0.0092,50.0,0.009,80.0,15542.0,46.0
2021-01-05 09:38:35.700,0.0093,0.0092,76.0,0.009,80.0,15542.0,46.0
2021-01-05 09:38:37.680,0.0093,0.0092,76.0,0.009,80.0,15542.0,46.0
2021-01-05 09:38:39.661,0.0093,0.0091,12.0,0.009,80.0,15542.0,46.0
2021-01-05 09:38:40.201,0.0093,0.0091,12.0,0.009,50.0,15542.0,46.0
2021-01-05 09:38:40.670,0.009,0.0091,30.0,0.009,68.0,15554.0,58.0
2021-01-05 09:38:41.190,0.009,0.0092,62.0,0.009,38.0,15554.0,58.0
2021-01-05 09:38:41.670,0.009,0.0091,12.0,0.009,68.0,15554.0,58.0
2021-01-05 09:38:42.191,0.009,0.0091,30.0,0.009,38.0,15554.0,58.0
2021-01-05 09:38:42.700,0.009,0.0091,42.0,0.009,38.0,15554.0,58.0
2021-01-05 09:38:43.190,0.009,0.0091,30.0,0.009,38.0,15554.0,58.0
2021-01-05 09:38:45.201,0.009,0.0092,62.0,0.009,38.0,15554.0,58.0
2021-01-05 09:38:45.580,0.009,0.0092,76.0,0.009,68.0,15554.0,58.0
2021-01-05 09:38:46.200,0.009,0.0092,76.0,0.009,68.0,15554.0,58.0
2021-01-05 09:38:48.200,0.009,0.0092,56.0,0.009,68.0,15554.0,58.0
2021-01-05 09:38:48.650,0.009,0.0091,12.0,0.009,68.0,15554.0,58.0
2021-01-05 09:38:49.130,0.009,0.0091,12.0,0.009,68.0,15554.0,58.0
2021-01-05 09:38:49.670,0.009,0.0091,30.0,0.009,68.0,15554.0,58.0
2021-01-05 09:38:50.110,0.009,0.0092,62.0,0.009,68.0,15554.0,58.0
2021-01-05 09:38:50.651,0.009,0.0092,76.0,0.009,68.0,15554.0,58.0
2021-01-05 09:38:51.170,0.009,0.0092,76.0,0.009,68.0,15554.0,58.0
2021-01-05 09:38:51.691,0.009,0.0092,76.0,0.009,68.0,15554.0,58.0
2021-01-05 09:38:54.690,0.009,0.0092,76.0,0.009,68.0,15554.0,58.0
2021-01-05 09:38:55.700,0.009,0.0092,62.0,0.009,68.0,15554.0,58.0
2021-01-05 09:38:56.190,0.009,0.0091,26.0,0.009,68.0,15554.0,58.0
2021-01-05 09:38:56.661,0.009,0.0091,26.0,0.009,38.0,15554.0,58.0
2021-01-05 09:38:57.181,0.009,0.0091,56.0,0.009,38.0,15554.0,58.0
2021-01-05 09:38:57.640,0.009,0.0091,56.0,0.009,38.0,15554.0,58.0
2021-01-05 09:38:58.190,0.009,0.0091,12.0,0.009,38.0,15554.0,58.0
2021-01-05 09:38:58.670,0.009,0.0091,42.0,0.009,38.0,15554.0,58.0
2021-01-05 09:38:59.700,0.009,0.0091,42.0,0.009,68.0,15554.0,58.0
2021-01-05 09:39:00.111,0.009,0.0091,12.0,0.009,68.0,15554.0,58.0
2021-01-05 09:39:01.700,0.009,0.0091,12.0,0.009,38.0,15554.0,58.0
2021-01-05 09:39:02.170,0.009,0.0091,26.0,0.009,38.0,15554.0,58.0
2021-01-05 09:39:03.671,0.009,0.0091,56.0,0.009,38.0,15554.0,58.0
2021-01-05 09:39:04.161,0.009,0.0091,14.0,0.009,38.0,15554.0,58.0
2021-01-05 09:39:05.211,0.009,0.0091,14.0,0.009,38.0,15554.0,58.0
2021-01-05 09:39:05.701,0.009,0.0091,14.0,0.009,38.0,15554.0,58.0
2021-01-05 09:39:07.200,0.009,0.0091,34.0,0.009,38.0,15554.0,58.0
2021-01-05 09:39:08.131,0.009,0.0091,34.0,0.009,68.0,15554.0,58.0
2021-01-05 09:39:08.690,0.009,0.0091,76.0,0.009,38.0,15554.0,58.0
2021-01-05 09:39:09.161,0.009,0.0091,46.0,0.009,68.0,15554.0,58.0
2021-01-05 09:39:09.601,0.009,0.0091,76.0,0.009,68.0,15554.0,58.0
2021-01-05 09:39:10.191,0.009,0.0091,64.0,0.009,68.0,15554.0,58.0
2021-01-05 09:39:10.721,0.009,0.0091,46.0,0.009,38.0,15554.0,58.0
2021-01-05 09:39:11.201,0.009,0.0091,46.0,0.009,48.0,15574.0,78.0
2021-01-05 09:39:11.701,0.009,0.0091,34.0,0.009,48.0,15574.0,78.0
2021-01-05 09:39:12.220,0.009,0.0091,64.0,0.009,18.0,15574.0,78.0
2021-01-05 09:39:12.690,0.009,0.0091,76.0,0.009,18.0,15574.0,78.0
2021-01-05 09:39:13.720,0.009,0.0091,64.0,0.009,18.0,15574.0,78.0
2021-01-05 09:39:14.160,0.009,0.0091,64.0,0.009,18.0,15574.0,78.0
2021-01-05 09:39:14.650,0.009,0.0091,76.0,0.0089,30.0,15592.0,96.0
2021-01-05 09:39:15.220,0.009,0.0091,76.0,0.0089,30.0,15592.0,96.0
2021-01-05 09:39:15.720,0.009,0.0091,76.0,0.0089,30.0,15592.0,96.0
2021-01-05 09:39:18.671,0.009,0.0091,56.0,0.0089,30.0,15592.0,96.0
2021-01-05 09:39:19.710,0.009,0.0091,76.0,0.0089,30.0,15592.0,96.0
2021-01-05 09:39:22.651,0.009,0.009,12.0,0.0089,30.0,15592.0,96.0
2021-01-05 09:39:23.200,0.009,0.0091,64.0,0.0089,30.0,15592.0,96.0
2021-01-05 09:39:24.151,0.009,0.0091,78.0,0.0089,30.0,15592.0,96.0
2021-01-05 09:39:24.670,0.009,0.0091,78.0,0.0089,30.0,15592.0,96.0
2021-01-05 09:39:25.700,0.009,0.0091,78.0,0.0089,30.0,15592.0,96.0
2021-01-05 09:39:30.220,0.009,0.0091,28.0,0.0089,30.0,15592.0,96.0
2021-01-05 09:39:30.721,0.009,0.0091,48.0,0.0089,30.0,15592.0,96.0
2021-01-05 09:39:31.701,0.009,0.0091,28.0,0.0089,30.0,15592.0,96.0
2021-01-05 09:39:32.700,0.009,0.0091,48.0,0.0089,30.0,15592.0,96.0
2021-01-05 09:39:34.681,0.009,0.0091,28.0,0.0089,30.0,15592.0,96.0
2021-01-05 09:39:35.701,0.009,0.0091,16.0,0.0089,30.0,15592.0,96.0
2021-01-05 09:39:39.241,0.009,0.0091,36.0,0.0089,30.0,15592.0,96.0
2021-01-05 09:39:40.721,0.009,0.0091,16.0,0.0089,30.0,15592.0,96.0
2021-01-05 09:39:41.220,0.009,0.0091,2.0,0.0089,42.0,15592.0,96.0
2021-01-05 09:39:41.750,0.009,0.0091,2.0,0.0089,30.0,15592.0,96.0
2021-01-05 09:39:46.711,0.009,0.0091,2.0,0.0089,30.0,15592.0,96.0
2021-01-05 09:39:47.250,0.009,0.0091,16.0,0.0089,42.0,15592.0,96.0
2021-01-05 09:39:47.731,0.009,0.0091,16.0,0.0089,30.0,15592.0,96.0
2021-01-05 09:39:49.241,0.009,0.0091,2.0,0.0089,30.0,15592.0,96.0
2021-01-05 09:39:50.710,0.009,0.0091,2.0,0.0089,30.0,15592.0,96.0
2021-01-05 09:39:51.241,0.009,0.0091,16.0,0.0089,30.0,15592.0,96.0
2021-01-05 09:39:52.251,0.009,0.0091,36.0,0.0089,30.0,15592.0,96.0
2021-01-05 09:39:52.670,0.009,0.0091,22.0,0.0089,30.0,15592.0,96.0
2021-01-05 09:39:53.181,0.009,0.0091,2.0,0.0089,30.0,15592.0,96.0
2021-01-05 09:39:53.640,0.009,0.0091,2.0,0.0089,30.0,15592.0,96.0
2021-01-05 09:39:54.691,0.009,0.0091,2.0,0.0089,30.0,15592.0,96.0
2021-01-05 09:39:55.181,0.009,0.0091,22.0,0.0089,30.0,15592.0,96.0
2021-01-05 09:39:55.640,0.009,0.0091,22.0,0.0089,42.0,15592.0,96.0
2021-01-05 09:39:56.120,0.009,0.0091,22.0,0.0089,30.0,15592.0,96.0
2021-01-05 09:39:56.691,0.009,0.0091,2.0,0.0089,42.0,15592.0,96.0
2021-01-05 09:39:57.181,0.009,0.0091,2.0,0.0089,30.0,15592.0,96.0
2021-01-05 09:39:57.580,0.009,0.0091,2.0,0.0089,42.0,15592.0,96.0
2021-01-05 09:40:02.671,0.009,0.0091,2.0,0.0089,42.0,15592.0,96.0
2021-01-05 09:40:03.171,0.009,0.0091,2.0,0.0089,42.0,15592.0,96.0
2021-01-05 09:40:04.160,0.009,0.0091,2.0,0.0089,42.0,15592.0,96.0
2021-01-05 09:40:06.200,0.009,0.0091,2.0,0.0089,42.0,15592.0,96.0
2021-01-05 09:40:06.701,0.009,0.0091,2.0,0.0089,42.0,15592.0,96.0
2021-01-05 09:40:08.690,0.009,0.0091,2.0,0.0089,42.0,15592.0,96.0
2021-01-05 09:40:09.191,0.009,0.0091,2.0,0.0089,56.0,15592.0,96.0
2021-01-05 09:40:10.150,0.009,0.0091,2.0,0.0089,44.0,15592.0,96.0
2021-01-05 09:40:10.680,0.009,0.0091,2.0,0.0089,42.0,15592.0,96.0
2021-01-05 09:40:11.170,0.009,0.0091,2.0,0.0089,56.0,15592.0,96.0
2021-01-05 09:40:11.671,0.009,0.0091,2.0,0.0089,56.0,15592.0,96.0
2021-01-05 09:40:13.700,0.009,0.0091,2.0,0.009,12.0,15592.0,96.0
2021-01-05 09:40:14.150,0.009,0.0091,2.0,0.009,30.0,15592.0,96.0
2021-01-05 09:40:14.701,0.009,0.0091,2.0,0.009,30.0,15592.0,96.0
2021-01-05 09:40:15.191,0.009,0.0091,2.0,0.009,30.0,15592.0,96.0
2021-01-05 09:40:16.610,0.009,0.0091,2.0,0.009,30.0,15592.0,96.0
2021-01-05 09:40:17.661,0.009,0.0091,2.0,0.009,30.0,15592.0,96.0
2021-01-05 09:40:18.120,0.009,0.0091,2.0,0.009,30.0,15592.0,96.0
2021-01-05 09:40:21.200,0.009,0.0091,2.0,0.009,30.0,15592.0,96.0
2021-01-05 09:40:22.210,0.009,0.0091,2.0,0.009,30.0,15592.0,96.0
2021-01-05 09:40:22.591,0.009,0.0091,2.0,0.009,30.0,15592.0,96.0
2021-01-05 09:40:25.121,0.009,0.0091,2.0,0.009,30.0,15592.0,96.0
2021-01-05 09:40:25.570,0.009,0.0091,2.0,0.009,30.0,15592.0,96.0
2021-01-05 09:40:27.140,0.009,0.0091,2.0,0.009,30.0,15592.0,96.0
2021-01-05 09:40:28.690,0.009,0.0091,2.0,0.009,30.0,15592.0,96.0
2021-01-05 09:40:33.681,0.009,0.0091,2.0,0.009,30.0,15592.0,96.0
2021-01-05 09:40:34.601,0.009,0.0091,2.0,0.009,30.0,15592.0,96.0
2021-01-05 09:40:35.681,0.009,0.0091,2.0,0.009,30.0,15592.0,96.0
2021-01-05 09:40:38.130,0.009,0.0091,2.0,0.009,30.0,15592.0,96.0
2021-01-05 09:40:38.651,0.009,0.0091,2.0,0.009,30.0,15592.0,96.0
2021-01-05 09:40:39.041,0.009,0.0091,2.0,0.009,30.0,15592.0,96.0
2021-01-05 09:40:39.681,0.009,0.0091,2.0,0.009,30.0,15592.0,96.0
2021-01-05 09:40:40.670,0.009,0.0091,2.0,0.009,30.0,15592.0,96.0
2021-01-05 09:40:41.191,0.009,0.0091,2.0,0.009,30.0,15592.0,96.0
2021-01-05 09:40:42.180,0.009,0.0091,2.0,0.009,30.0,15592.0,96.0
2021-01-05 09:40:42.601,0.009,0.0091,2.0,0.009,30.0,15592.0,96.0
2021-01-05 09:40:43.191,0.009,0.0091,2.0,0.009,30.0,15592.0,96.0
2021-01-05 09:40:47.611,0.009,0.0091,2.0,0.009,30.0,15592.0,96.0
2021-01-05 09:40:49.111,0.009,0.0091,2.0,0.009,30.0,15592.0,96.0
2021-01-05 09:40:52.661,0.009,0.0091,2.0,0.009,30.0,15592.0,96.0
2021-01-05 09:40:53.651,0.009,0.0091,2.0,0.009,30.0,15592.0,96.0
2021-01-05 09:40:54.661,0.009,0.0091,2.0,0.009,42.0,15592.0,96.0
2021-01-05 09:40:55.111,0.009,0.0091,2.0,0.009,30.0,15592.0,96.0
2021-01-05 09:40:56.121,0.009,0.0091,2.0,0.009,42.0,15592.0,96.0
2021-01-05 09:40:56.711,0.009,0.0091,2.0,0.009,30.0,15592.0,96.0
2021-01-05 09:40:57.180,0.009,0.0091,2.0,0.009,30.0,15592.0,96.0
2021-01-05 09:40:57.710,0.009,0.0091,2.0,0.009,42.0,15592.0,96.0
2021-01-05 09:40:58.200,0.009,0.0091,2.0,0.009,30.0,15592.0,96.0
2021-01-05 09:41:02.661,0.009,0.0091,2.0,0.009,30.0,15592.0,96.0
2021-01-05 09:41:03.110,0.009,0.0091,2.0,0.009,30.0,15592.0,96.0
2021-01-05 09:41:04.180,0.009,0.0091,2.0,0.009,30.0,15592.0,96.0
2021-01-05 09:41:04.680,0.009,0.0091,2.0,0.009,30.0,15592.0,96.0
2021-01-05 09:41:06.620,0.009,0.0091,2.0,0.009,30.0,15592.0,96.0
2021-01-05 09:41:07.100,0.009,0.0091,2.0,0.009,30.0,15592.0,96.0
2021-01-05 09:41:07.611,0.009,0.0091,2.0,0.009,30.0,15592.0,96.0
2021-01-05 09:41:08.201,0.009,0.0091,2.0,0.009,30.0,15592.0,96.0
2021-01-05 09:41:08.701,0.009,0.0091,2.0,0.009,30.0,15592.0,96.0
2021-01-05 09:41:09.210,0.009,0.0091,2.0,0.009,30.0,15592.0,96.0
2021-01-05 09:41:10.220,0.009,0.0091,2.0,0.009,30.0,15592.0,96.0
2021-01-05 09:41:10.710,0.009,0.0091,2.0,0.009,30.0,15592.0,96.0
2021-01-05 09:41:11.711,0.009,0.0091,2.0,0.009,30.0,15592.0,96.0
2021-01-05 09:41:12.151,0.009,0.0091,2.0,0.009,30.0,15592.0,96.0
2021-01-05 09:41:12.710,0.009,0.0091,2.0,0.009,30.0,15592.0,96.0
2021-01-05 09:41:13.161,0.009,0.0091,2.0,0.009,30.0,15592.0,96.0
2021-01-05 09:41:13.711,0.009,0.0091,2.0,0.009,30.0,15592.0,96.0
2021-01-05 09:41:14.160,0.009,0.0091,2.0,0.009,30.0,15592.0,96.0
2021-01-05 09:41:14.671,0.009,0.0091,2.0,0.009,30.0,15592.0,96.0
2021-01-05 09:41:15.180,0.009,0.0091,2.0,0.009,30.0,15592.0,96.0
2021-01-05 09:41:15.651,0.009,0.0091,2.0,0.009,40.0,15592.0,96.0
2021-01-05 09:41:16.210,0.009,0.0091,2.0,0.009,40.0,15592.0,96.0
2021-01-05 09:41:16.500,0.009,0.0091,2.0,0.009,40.0,15592.0,96.0
2021-01-05 09:41:17.670,0.009,0.0091,2.0,0.009,40.0,15592.0,96.0
2021-01-05 09:41:18.141,0.009,0.0091,16.0,0.009,40.0,15592.0,96.0
2021-01-05 09:41:18.600,0.009,0.0091,16.0,0.009,40.0,15592.0,96.0
2021-01-05 09:41:20.070,0.009,0.0091,2.0,0.009,40.0,15592.0,96.0
2021-01-05 09:41:23.061,0.009,0.0091,2.0,0.009,40.0,15592.0,96.0
2021-01-05 09:41:23.610,0.009,0.0091,16.0,0.009,40.0,15592.0,96.0
2021-01-05 09:41:24.171,0.009,0.0091,2.0,0.009,40.0,15592.0,96.0
2021-01-05 09:41:24.651,0.009,0.0091,2.0,0.009,40.0,15592.0,96.0
2021-01-05 09:41:25.120,0.009,0.0091,2.0,0.009,40.0,15592.0,96.0
2021-01-05 09:41:25.641,0.009,0.0091,16.0,0.009,40.0,15592.0,96.0
2021-01-05 09:41:27.710,0.009,0.0091,16.0,0.009,30.0,15592.0,96.0
2021-01-05 09:41:28.171,0.009,0.0091,16.0,0.009,30.0,15592.0,96.0
2021-01-05 09:41:29.010,0.009,0.0091,16.0,0.009,30.0,15592.0,96.0
2021-01-05 09:41:29.690,0.009,0.0091,16.0,0.009,40.0,15592.0,96.0
2021-01-05 09:41:30.670,0.009,0.0091,16.0,0.009,40.0,15592.0,96.0
2021-01-05 09:41:31.181,0.009,0.0091,2.0,0.009,30.0,15592.0,96.0
2021-01-05 09:41:31.700,0.009,0.0091,2.0,0.009,30.0,15592.0,96.0
2021-01-05 09:41:32.220,0.009,0.0091,16.0,0.009,30.0,15592.0,96.0
2021-01-05 09:41:32.670,0.009,0.0091,2.0,0.009,40.0,15592.0,96.0
2021-01-05 09:41:33.680,0.009,0.0091,2.0,0.009,30.0,15592.0,96.0
2021-01-05 09:41:34.120,0.009,0.0091,2.0,0.009,30.0,15592.0,96.0
2021-01-05 09:41:34.720,0.009,0.0091,2.0,0.009,30.0,15592.0,96.0
2021-01-05 09:41:35.221,0.009,0.0091,2.0,0.009,40.0,15592.0,96.0
2021-01-05 09:41:35.721,0.009,0.0091,16.0,0.009,30.0,15592.0,96.0
2021-01-05 09:41:36.111,0.009,0.0091,16.0,0.009,30.0,15592.0,96.0
2021-01-05 09:41:41.130,0.009,0.0091,16.0,0.009,30.0,15592.0,96.0
2021-01-05 09:41:42.690,0.009,0.0091,2.0,0.009,30.0,15592.0,96.0
2021-01-05 09:41:43.080,0.009,0.0091,2.0,0.009,30.0,15592.0,96.0
2021-01-05 09:41:48.181,0.009,0.0091,2.0,0.009,30.0,15592.0,96.0
2021-01-05 09:41:48.740,0.009,0.0091,16.0,0.009,30.0,15592.0,96.0
2021-01-05 09:41:49.191,0.009,0.0091,16.0,0.009,30.0,15592.0,96.0
2021-01-05 09:41:49.750,0.009,0.0091,16.0,0.009,30.0,15592.0,96.0
2021-01-05 09:41:50.751,0.009,0.0091,16.0,0.009,30.0,15592.0,96.0
2021-01-05 09:41:51.251,0.009,0.0091,16.0,0.009,30.0,15592.0,96.0
2021-01-05 09:41:51.760,0.009,0.0091,16.0,0.009,30.0,15592.0,96.0
2021-01-05 09:41:52.261,0.009,0.0091,16.0,0.009,30.0,15592.0,96.0
2021-01-05 09:41:53.201,0.009,0.0091,16.0,0.009,30.0,15592.0,96.0
2021-01-05 09:41:53.681,0.009,0.0091,16.0,0.009,30.0,15592.0,96.0
2021-01-05 09:41:55.671,0.009,0.0091,16.0,0.009,30.0,15592.0,96.0
2021-01-05 09:41:56.151,0.009,0.0091,16.0,0.009,30.0,15592.0,96.0
2021-01-05 09:41:56.680,0.009,0.0091,16.0,0.009,30.0,15592.0,96.0
2021-01-05 09:41:57.110,0.009,0.0091,16.0,0.009,30.0,15592.0,96.0
2021-01-05 09:41:57.640,0.009,0.0091,16.0,0.009,30.0,15592.0,96.0
2021-01-05 09:41:58.140,0.009,0.0091,16.0,0.009,30.0,15592.0,96.0
2021-01-05 09:41:58.660,0.009,0.0091,16.0,0.009,30.0,15592.0,96.0
2021-01-05 09:42:02.201,0.009,0.0091,16.0,0.009,30.0,15592.0,96.0
2021-01-05 09:42:02.641,0.009,0.0091,16.0,0.009,30.0,15592.0,96.0
2021-01-05 09:42:05.211,0.009,0.0091,16.0,0.009,30.0,15592.0,96.0
2021-01-05 09:42:05.711,0.009,0.0091,16.0,0.009,30.0,15592.0,96.0
2021-01-05 09:42:06.181,0.009,0.0091,16.0,0.009,30.0,15592.0,96.0
2021-01-05 09:42:06.690,0.009,0.0091,16.0,0.009,30.0,15592.0,96.0
2021-01-05 09:42:07.230,0.009,0.0091,16.0,0.009,30.0,15592.0,96.0
2021-01-05 09:42:11.720,0.0089,0.0091,66.0,0.0089,21.0,15592.0,105.0
2021-01-05 09:42:13.211,0.0089,0.0091,46.0,0.0089,21.0,15592.0,105.0
2021-01-05 09:42:18.701,0.0089,0.0091,46.0,0.0089,33.0,15592.0,105.0
2021-01-05 09:42:19.721,0.0089,0.0091,46.0,0.0089,21.0,15592.0,105.0
2021-01-05 09:42:20.171,0.0089,0.0091,46.0,0.0089,33.0,15592.0,105.0
2021-01-05 09:42:22.221,0.0089,0.0091,46.0,0.0089,21.0,15592.0,105.0
2021-01-05 09:42:22.570,0.0089,0.0091,46.0,0.0089,21.0,15592.0,105.0
2021-01-05 09:42:22.981,0.0089,0.0091,46.0,0.0089,33.0,15592.0,105.0
2021-01-05 09:42:29.720,0.0089,0.0091,46.0,0.0089,21.0,15592.0,105.0
2021-01-05 09:42:30.220,0.0089,0.0091,46.0,0.0089,21.0,15592.0,105.0
2021-01-05 09:42:30.710,0.0089,0.0091,46.0,0.0089,33.0,15592.0,105.0
2021-01-05 09:42:31.200,0.0089,0.0091,46.0,0.0089,21.0,15592.0,105.0
2021-01-05 09:42:31.720,0.0089,0.0091,46.0,0.0089,33.0,15592.0,105.0
2021-01-05 09:42:42.250,0.0089,0.0091,46.0,0.0089,21.0,15592.0,105.0
2021-01-05 09:42:43.741,0.0089,0.0091,32.0,0.0089,21.0,15592.0,105.0
2021-01-05 09:42:44.211,0.0089,0.0091,46.0,0.0089,21.0,15592.0,105.0
2021-01-05 09:42:44.751,0.0089,0.0091,46.0,0.0089,21.0,15592.0,105.0
2021-01-05 09:42:45.191,0.0089,0.0091,46.0,0.0089,21.0,15592.0,105.0
2021-01-05 09:42:45.650,0.0089,0.0091,56.0,0.0089,21.0,15592.0,105.0
2021-01-05 09:42:46.240,0.0089,0.0091,46.0,0.0089,21.0,15592.0,105.0
2021-01-05 09:42:46.741,0.0089,0.0091,56.0,0.0089,21.0,15592.0,105.0
2021-01-05 09:42:52.601,0.0089,0.0091,46.0,0.0089,21.0,15592.0,105.0
2021-01-05 09:42:53.621,0.0089,0.0091,56.0,0.0089,21.0,15592.0,105.0
2021-01-05 09:42:59.230,0.0089,0.0091,42.0,0.0089,21.0,15592.0,105.0
2021-01-05 09:43:05.681,0.0089,0.0091,42.0,0.0089,21.0,15592.0,105.0
2021-01-05 09:43:07.231,0.0089,0.0091,32.0,0.0089,30.0,15592.0,105.0
2021-01-05 09:43:07.710,0.0089,0.0091,32.0,0.0089,42.0,15592.0,105.0
2021-01-05 09:43:08.701,0.0089,0.0091,2.0,0.0089,42.0,15592.0,105.0
2021-01-05 09:43:09.740,0.0089,0.0091,2.0,0.0089,42.0,15592.0,105.0
2021-01-05 09:43:10.150,0.0089,0.0091,2.0,0.0089,30.0,15592.0,105.0
2021-01-05 09:43:10.761,0.0089,0.0091,32.0,0.0089,42.0,15592.0,105.0
2021-01-05 09:43:11.250,0.0089,0.0091,2.0,0.0089,42.0,15592.0,105.0
2021-01-05 09:43:13.210,0.0089,0.0091,32.0,0.0089,42.0,15592.0,105.0
2021-01-05 09:43:13.740,0.0089,0.0091,32.0,0.0089,42.0,15592.0,105.0
2021-01-05 09:43:14.270,0.0089,0.0091,2.0,0.0089,42.0,15592.0,105.0
2021-01-05 09:43:16.720,0.0089,0.0091,32.0,0.0089,42.0,15592.0,105.0
2021-01-05 09:43:17.271,0.0089,0.0091,2.0,0.0089,42.0,15592.0,105.0
2021-01-05 09:43:18.270,0.0089,0.0091,32.0,0.0089,42.0,15592.0,105.0
2021-01-05 09:43:18.741,0.0089,0.0091,2.0,0.0089,42.0,15592.0,105.0
2021-01-05 09:43:19.261,0.0089,0.0091,2.0,0.0089,30.0,15592.0,105.0
2021-01-05 09:43:20.731,0.0089,0.0091,2.0,0.0089,30.0,15592.0,105.0
2021-01-05 09:43:21.271,0.0089,0.0091,2.0,0.0089,30.0,15592.0,105.0
2021-01-05 09:43:21.701,0.0089,0.0091,32.0,0.0089,30.0,15592.0,105.0
2021-01-05 09:43:22.671,0.0089,0.0091,32.0,0.0089,30.0,15592.0,105.0
2021-01-05 09:43:23.651,0.0089,0.0091,32.0,0.0089,30.0,15592.0,105.0
2021-01-05 09:43:24.120,0.0089,0.0091,12.0,0.0089,30.0,15592.0,105.0
2021-01-05 09:43:24.631,0.0089,0.0091,32.0,0.0089,30.0,15592.0,105.0
2021-01-05 09:43:25.201,0.0089,0.0091,42.0,0.0089,30.0,15592.0,105.0
2021-01-05 09:43:25.701,0.0089,0.0091,54.0,0.0089,30.0,15592.0,105.0
2021-01-05 09:43:26.181,0.0089,0.0091,24.0,0.0089,30.0,15592.0,105.0
2021-01-05 09:43:26.621,0.0089,0.0091,42.0,0.0089,30.0,15592.0,105.0
2021-01-05 09:43:27.620,0.0089,0.0091,12.0,0.0089,30.0,15592.0,105.0
2021-01-05 09:43:28.091,0.0089,0.0091,42.0,0.0089,30.0,15592.0,105.0
2021-01-05 09:43:29.080,0.0089,0.0091,42.0,0.0089,30.0,15592.0,105.0
2021-01-05 09:43:30.050,0.0089,0.0091,42.0,0.0089,30.0,15592.0,105.0
2021-01-05 09:43:31.111,0.0089,0.0091,42.0,0.0089,30.0,15592.0,105.0
2021-01-05 09:43:32.181,0.0089,0.0091,12.0,0.0089,30.0,15592.0,105.0
2021-01-05 09:43:33.141,0.0089,0.0091,12.0,0.0089,30.0,15592.0,105.0
2021-01-05 09:43:33.670,0.0089,0.0091,42.0,0.0089,30.0,15592.0,105.0
2021-01-05 09:43:34.691,0.0089,0.0091,12.0,0.0089,30.0,15592.0,105.0
2021-01-05 09:43:35.160,0.0089,0.0091,42.0,0.0089,30.0,15592.0,105.0
2021-01-05 09:43:35.681,0.0089,0.0091,42.0,0.0089,30.0,15592.0,105.0
2021-01-05 09:43:38.680,0.0089,0.0091,42.0,0.0089,42.0,15592.0,105.0
2021-01-05 09:43:39.241,0.0089,0.0091,42.0,0.0089,42.0,15592.0,105.0
2021-01-05 09:43:39.711,0.0089,0.0091,42.0,0.009,12.0,15592.0,105.0
2021-01-05 09:43:40.230,0.0089,0.0091,12.0,0.009,42.0,15592.0,105.0
2021-01-05 09:43:40.731,0.0089,0.0091,12.0,0.009,30.0,15592.0,105.0
2021-01-05 09:43:41.671,0.0089,0.0091,12.0,0.009,30.0,15592.0,105.0
2021-01-05 09:43:42.741,0.0089,0.0091,12.0,0.009,30.0,15592.0,105.0
2021-01-05 09:43:43.231,0.0089,0.0091,12.0,0.009,42.0,15592.0,105.0
2021-01-05 09:43:43.711,0.0089,0.0091,2.0,0.009,42.0,15592.0,105.0
2021-01-05 09:43:44.251,0.0089,0.0091,14.0,0.009,30.0,15592.0,105.0
2021-01-05 09:43:44.670,0.0089,0.0091,14.0,0.009,30.0,15592.0,105.0
2021-01-05 09:43:44.760,0.0089,0.0091,12.0,0.009,30.0,15592.0,105.0
2021-01-05 09:43:45.221,0.0089,0.0091,12.0,0.009,30.0,15592.0,105.0
2021-01-05 09:43:46.151,0.0089,0.0091,2.0,0.009,30.0,15592.0,105.0
2021-01-05 09:43:46.750,0.0089,0.0091,12.0,0.009,30.0,15592.0,105.0
2021-01-05 09:43:47.250,0.0089,0.0091,2.0,0.009,30.0,15592.0,105.0
2021-01-05 09:43:47.661,0.0089,0.0091,12.0,0.009,30.0,15592.0,105.0
2021-01-05 09:43:48.220,0.0089,0.0091,12.0,0.009,30.0,15592.0,105.0
2021-01-05 09:43:48.641,0.0089,0.0091,2.0,0.009,30.0,15592.0,105.0
2021-01-05 09:43:49.061,0.0089,0.0091,2.0,0.009,30.0,15592.0,105.0
2021-01-05 09:43:50.721,0.0089,0.0091,2.0,0.009,30.0,15592.0,105.0
2021-01-05 09:43:51.660,0.0089,0.0091,2.0,0.009,30.0,15592.0,105.0
2021-01-05 09:43:53.201,0.0089,0.0091,2.0,0.009,30.0,15592.0,105.0
2021-01-05 09:43:59.170,0.0089,0.0091,2.0,0.009,30.0,15592.0,105.0
2021-01-05 09:44:00.131,0.0089,0.0091,16.0,0.009,30.0,15592.0,105.0
2021-01-05 09:44:00.640,0.0089,0.0091,16.0,0.009,30.0,15592.0,105.0
2021-01-05 09:44:01.160,0.0089,0.0091,16.0,0.009,30.0,15592.0,105.0
2021-01-05 09:44:03.241,0.0089,0.0091,16.0,0.009,30.0,15592.0,105.0
2021-01-05 09:44:03.731,0.0089,0.0091,2.0,0.009,30.0,15592.0,105.0
2021-01-05 09:44:07.281,0.0089,0.0091,2.0,0.009,30.0,15592.0,105.0
2021-01-05 09:44:08.230,0.0089,0.0091,2.0,0.009,30.0,15592.0,105.0
2021-01-05 09:44:08.760,0.0089,0.0091,2.0,0.009,30.0,15592.0,105.0
2021-01-05 09:44:09.751,0.0089,0.0091,2.0,0.009,30.0,15592.0,105.0
2021-01-05 09:44:10.251,0.0089,0.0091,2.0,0.009,30.0,15592.0,105.0
2021-01-05 09:44:10.781,0.0089,0.0091,2.0,0.009,30.0,15592.0,105.0
2021-01-05 09:44:11.271,0.0089,0.0091,2.0,0.009,30.0,15592.0,105.0
2021-01-05 09:44:11.780,0.0089,0.0091,2.0,0.009,30.0,15592.0,105.0
2021-01-05 09:44:12.270,0.0089,0.0091,2.0,0.009,40.0,15592.0,105.0
2021-01-05 09:44:12.781,0.0089,0.0091,2.0,0.009,40.0,15592.0,105.0
2021-01-05 09:44:13.230,0.0089,0.0091,2.0,0.009,40.0,15592.0,105.0
2021-01-05 09:44:13.770,0.0089,0.0091,2.0,0.009,40.0,15592.0,105.0
2021-01-05 09:44:14.260,0.0089,0.0091,16.0,0.009,40.0,15592.0,105.0
2021-01-05 09:44:14.781,0.0089,0.0091,2.0,0.009,40.0,15592.0,105.0
2021-01-05 09:44:17.770,0.0089,0.0091,2.0,0.009,40.0,15592.0,105.0
2021-01-05 09:44:18.231,0.0089,0.0091,16.0,0.009,40.0,15592.0,105.0
2021-01-05 09:44:19.801,0.0089,0.0091,16.0,0.009,40.0,15592.0,105.0
2021-01-05 09:44:29.200,0.0089,0.0091,16.0,0.009,40.0,15592.0,105.0
2021-01-05 09:44:29.631,0.0089,0.0091,2.0,0.009,40.0,15592.0,105.0
2021-01-05 09:44:30.201,0.0089,0.0091,2.0,0.009,40.0,15592.0,105.0
2021-01-05 09:44:30.720,0.0089,0.0091,2.0,0.009,40.0,15592.0,105.0
2021-01-05 09:44:31.231,0.0089,0.0091,2.0,0.009,40.0,15592.0,105.0
2021-01-05 09:44:32.220,0.0089,0.0091,2.0,0.009,40.0,15592.0,105.0
2021-01-05 09:44:32.691,0.0089,0.0091,2.0,0.009,40.0,15592.0,105.0
2021-01-05 09:44:33.240,0.0089,0.0091,16.0,0.009,40.0,15592.0,105.0
2021-01-05 09:44:34.141,0.0089,0.0091,2.0,0.009,40.0,15592.0,105.0
2021-01-05 09:44:34.520,0.0089,0.0091,16.0,0.009,40.0,15592.0,105.0
2021-01-05 09:44:38.731,0.0089,0.0091,16.0,0.009,40.0,15592.0,105.0
2021-01-05 09:44:39.661,0.0089,0.0091,16.0,0.009,40.0,15592.0,105.0
2021-01-05 09:44:43.760,0.0089,0.0091,16.0,0.009,40.0,15592.0,105.0
2021-01-05 09:44:44.761,0.0089,0.0091,16.0,0.009,52.0,15592.0,105.0
2021-01-05 09:44:45.261,0.0089,0.0091,16.0,0.009,40.0,15592.0,105.0
2021-01-05 09:44:45.760,0.0089,0.0091,16.0,0.009,40.0,15592.0,105.0
2021-01-05 09:44:46.271,0.0089,0.0091,16.0,0.009,40.0,15592.0,105.0
2021-01-05 09:44:46.771,0.0089,0.0091,16.0,0.009,40.0,15592.0,105.0
2021-01-05 09:44:47.251,0.0089,0.0091,16.0,0.009,40.0,15592.0,105.0
2021-01-05 09:44:47.770,0.0089,0.0091,16.0,0.009,40.0,15592.0,105.0
2021-01-05 09:44:47.770,0.0089,0.0091,16.0,0.009,40.0,15592.0,105.0
2021-01-05 09:44:49.270,0.0089,0.0091,16.0,0.009,40.0,15592.0,105.0
2021-01-05 09:44:49.800,0.0089,0.0091,16.0,0.009,40.0,15592.0,105.0
2021-01-05 09:44:53.201,0.0089,0.0091,16.0,0.009,40.0,15592.0,105.0
2021-01-05 09:44:53.710,0.0089,0.0091,16.0,0.009,40.0,15592.0,105.0
2021-01-05 09:44:54.970,0.0089,0.0091,16.0,0.009,40.0,15592.0,105.0
2021-01-05 09:44:56.220,0.0089,0.0091,16.0,0.009,40.0,15592.0,105.0
2021-01-05 09:44:56.720,0.0089,0.0091,16.0,0.009,40.0,15592.0,105.0
2021-01-05 09:44:58.720,0.0089,0.0091,2.0,0.009,40.0,15592.0,105.0
2021-01-05 09:45:01.680,0.0089,0.0091,2.0,0.009,40.0,15592.0,105.0
2021-01-05 09:45:01.980,0.0089,0.0091,2.0,0.009,40.0,15592.0,105.0
2021-01-05 09:45:03.680,0.0089,0.0091,2.0,0.009,40.0,15592.0,105.0
2021-01-05 09:45:04.191,0.0089,0.0091,2.0,0.009,40.0,15592.0,105.0
2021-01-05 09:45:04.700,0.0089,0.0091,2.0,0.009,40.0,15592.0,105.0
2021-01-05 09:45:05.221,0.0089,0.0091,2.0,0.009,40.0,15592.0,105.0
2021-01-05 09:45:05.720,0.0089,0.0091,2.0,0.009,52.0,15592.0,105.0
2021-01-05 09:45:06.220,0.0089,0.0091,2.0,0.009,52.0,15592.0,105.0
2021-01-05 09:45:07.130,0.0089,0.0091,2.0,0.009,40.0,15592.0,105.0
2021-01-05 09:45:07.720,0.0089,0.0091,2.0,0.009,40.0,15592.0,105.0
2021-01-05 09:45:08.700,0.0089,0.0091,2.0,0.009,40.0,15592.0,105.0
2021-01-05 09:45:09.111,0.0089,0.0091,2.0,0.009,52.0,15592.0,105.0
2021-01-05 09:45:09.720,0.0089,0.0091,2.0,0.009,40.0,15592.0,105.0
2021-01-05 09:45:12.701,0.0089,0.0091,2.0,0.009,40.0,15592.0,105.0
2021-01-05 09:45:16.741,0.0089,0.0091,2.0,0.009,40.0,15592.0,105.0
2021-01-05 09:45:17.220,0.0089,0.0091,2.0,0.009,40.0,15592.0,105.0
2021-01-05 09:45:17.731,0.0089,0.0091,2.0,0.009,40.0,15592.0,105.0
2021-01-05 09:45:18.691,0.0089,0.0091,2.0,0.009,40.0,15592.0,105.0
2021-01-05 09:45:19.191,0.0089,0.0091,2.0,0.009,40.0,15592.0,105.0
2021-01-05 09:45:20.720,0.0089,0.0091,2.0,0.009,52.0,15592.0,105.0
2021-01-05 09:45:21.191,0.0089,0.0091,2.0,0.009,40.0,15592.0,105.0
2021-01-05 09:45:21.731,0.0089,0.0091,2.0,0.009,40.0,15592.0,105.0
2021-01-05 09:45:22.710,0.0089,0.0091,2.0,0.009,40.0,15592.0,105.0
2021-01-05 09:45:23.160,0.0089,0.0091,2.0,0.009,40.0,15592.0,105.0
2021-01-05 09:45:23.671,0.0089,0.0091,2.0,0.009,40.0,15592.0,105.0
2021-01-05 09:45:25.131,0.0089,0.0091,2.0,0.009,40.0,15592.0,105.0
2021-01-05 09:45:25.661,0.0089,0.0091,2.0,0.009,40.0,15592.0,105.0
2021-01-05 09:45:33.180,0.0089,0.0091,2.0,0.009,40.0,15592.0,105.0
2021-01-05 09:45:33.670,0.0089,0.0091,2.0,0.009,40.0,15592.0,105.0
2021-01-05 09:45:35.731,0.0089,0.0091,2.0,0.009,40.0,15592.0,105.0
2021-01-05 09:45:36.730,0.0089,0.0091,2.0,0.009,40.0,15592.0,105.0
2021-01-05 09:45:37.241,0.0089,0.0091,2.0,0.009,40.0,15592.0,105.0
2021-01-05 09:45:39.210,0.0089,0.0091,2.0,0.009,40.0,15592.0,105.0
2021-01-05 09:45:39.710,0.0089,0.0091,2.0,0.009,40.0,15592.0,105.0
2021-01-05 09:45:42.711,0.0089,0.0091,2.0,0.009,52.0,15592.0,105.0
2021-01-05 09:45:43.220,0.0089,0.0091,2.0,0.009,40.0,15592.0,105.0
2021-01-05 09:45:43.731,0.0089,0.0091,2.0,0.009,52.0,15592.0,105.0
2021-01-05 09:45:44.201,0.0089,0.0091,2.0,0.009,40.0,15592.0,105.0
2021-01-05 09:45:47.241,0.0089,0.0091,2.0,0.009,40.0,15592.0,105.0
2021-01-05 09:45:47.731,0.0089,0.0091,2.0,0.009,40.0,15592.0,105.0
2021-01-05 09:45:49.751,0.0089,0.0091,2.0,0.009,40.0,15592.0,105.0
2021-01-05 09:45:50.251,0.0089,0.0091,2.0,0.009,40.0,15592.0,105.0
2021-01-05 09:45:58.711,0.0089,0.0091,2.0,0.009,40.0,15592.0,105.0
2021-01-05 09:45:59.230,0.0089,0.0091,2.0,0.009,40.0,15592.0,105.0
2021-01-05 09:45:59.680,0.0089,0.0091,2.0,0.009,40.0,15592.0,105.0
2021-01-05 09:46:00.730,0.0089,0.0091,2.0,0.009,40.0,15592.0,105.0
2021-01-05 09:46:01.230,0.0089,0.0091,2.0,0.009,40.0,15592.0,105.0
2021-01-05 09:46:01.670,0.0089,0.0091,2.0,0.009,40.0,15592.0,105.0
2021-01-05 09:46:03.731,0.0089,0.0091,2.0,0.009,40.0,15592.0,105.0
2021-01-05 09:46:04.171,0.0089,0.0091,16.0,0.009,40.0,15592.0,105.0
2021-01-05 09:46:05.691,0.0089,0.0091,16.0,0.009,40.0,15592.0,105.0
2021-01-05 09:46:06.221,0.0089,0.0091,16.0,0.009,40.0,15592.0,105.0
2021-01-05 09:46:07.231,0.0089,0.0091,16.0,0.009,30.0,15592.0,105.0
2021-01-05 09:46:07.681,0.0089,0.0091,16.0,0.009,30.0,15592.0,105.0
2021-01-05 09:46:10.230,0.0089,0.0091,28.0,0.009,30.0,15592.0,105.0
2021-01-05 09:46:10.720,0.0089,0.0091,16.0,0.009,30.0,15592.0,105.0
2021-01-05 09:46:11.131,0.0089,0.0091,16.0,0.009,30.0,15592.0,105.0
2021-01-05 09:46:13.231,0.0089,0.0091,16.0,0.009,30.0,15592.0,105.0
2021-01-05 09:46:13.681,0.0089,0.0091,28.0,0.009,30.0,15592.0,105.0
2021-01-05 09:46:14.230,0.0089,0.0091,28.0,0.009,30.0,15592.0,105.0
2021-01-05 09:46:14.731,0.0089,0.0091,28.0,0.009,30.0,15592.0,105.0
2021-01-05 09:46:16.651,0.0089,0.0091,28.0,0.009,30.0,15592.0,105.0
2021-01-05 09:46:17.221,0.0089,0.0091,28.0,0.009,30.0,15592.0,105.0
2021-01-05 09:46:20.210,0.0089,0.0091,28.0,0.009,30.0,15592.0,105.0
2021-01-05 09:46:23.710,0.009,0.0091,28.0,0.009,28.0,15592.0,107.0
2021-01-05 09:46:25.211,0.009,0.0091,28.0,0.009,28.0,15592.0,107.0
2021-01-05 09:46:25.651,0.009,0.0091,16.0,0.009,28.0,15592.0,107.0
2021-01-05 09:46:26.191,0.009,0.0091,16.0,0.009,28.0,15592.0,107.0
2021-01-05 09:46:26.711,0.009,0.0091,16.0,0.009,28.0,15592.0,107.0
2021-01-05 09:46:27.201,0.009,0.0091,16.0,0.009,28.0,15592.0,107.0
2021-01-05 09:46:27.720,0.009,0.0091,16.0,0.009,28.0,15592.0,107.0
2021-01-05 09:46:28.200,0.009,0.0091,16.0,0.009,28.0,15592.0,107.0
2021-01-05 09:46:28.650,0.009,0.0091,16.0,0.009,28.0,15592.0,107.0
2021-01-05 09:46:29.710,0.009,0.0091,16.0,0.009,28.0,15592.0,107.0
2021-01-05 09:46:30.721,0.009,0.0091,16.0,0.009,28.0,15592.0,107.0
2021-01-05 09:46:32.100,0.009,0.0091,16.0,0.009,28.0,15592.0,107.0
2021-01-05 09:46:33.660,0.009,0.0091,16.0,0.009,28.0,15592.0,107.0
2021-01-05 09:46:34.691,0.009,0.0091,16.0,0.009,28.0,15592.0,107.0
2021-01-05 09:46:36.221,0.009,0.0091,46.0,0.009,30.0,15592.0,107.0
2021-01-05 09:46:36.730,0.009,0.0091,46.0,0.009,30.0,15592.0,107.0
2021-01-05 09:46:37.241,0.009,0.0091,16.0,0.009,30.0,15592.0,107.0
2021-01-05 09:46:37.750,0.009,0.0091,46.0,0.009,30.0,15592.0,107.0
2021-01-05 09:46:38.201,0.009,0.0091,46.0,0.009,30.0,15592.0,107.0
2021-01-05 09:46:38.741,0.009,0.0091,46.0,0.009,30.0,15592.0,107.0
2021-01-05 09:46:39.730,0.009,0.0091,46.0,0.009,30.0,15592.0,107.0
2021-01-05 09:46:40.230,0.009,0.0091,46.0,0.009,30.0,15592.0,107.0
2021-01-05 09:46:40.670,0.009,0.0091,16.0,0.009,30.0,15592.0,107.0
2021-01-05 09:46:41.250,0.009,0.0091,16.0,0.009,30.0,15592.0,107.0
2021-01-05 09:46:41.730,0.009,0.0091,16.0,0.009,30.0,15592.0,107.0
2021-01-05 09:46:42.230,0.009,0.0091,46.0,0.009,30.0,15592.0,107.0
2021-01-05 09:46:46.251,0.009,0.0091,46.0,0.009,30.0,15592.0,107.0
2021-01-05 09:46:47.230,0.009,0.0091,46.0,0.009,30.0,15592.0,107.0
2021-01-05 09:46:47.701,0.009,0.0091,46.0,0.009,30.0,15592.0,107.0
2021-01-05 09:46:48.081,0.009,0.0091,46.0,0.009,30.0,15592.0,107.0
2021-01-05 09:46:49.251,0.009,0.0091,46.0,0.009,30.0,15592.0,107.0
2021-01-05 09:46:49.730,0.009,0.0091,46.0,0.009,30.0,15592.0,107.0
2021-01-05 09:46:50.170,0.009,0.0091,46.0,0.009,30.0,15592.0,107.0
2021-01-05 09:46:53.681,0.009,0.0091,46.0,0.009,30.0,15592.0,107.0
2021-01-05 09:46:57.080,0.009,0.0091,46.0,0.0089,40.0,15592.0,107.0
2021-01-05 09:46:58.720,0.009,0.0091,46.0,0.0089,40.0,15592.0,107.0
2021-01-05 09:47:00.741,0.009,0.0091,46.0,0.0089,40.0,15592.0,107.0
2021-01-05 09:47:02.230,0.009,0.0091,46.0,0.0089,40.0,15592.0,107.0
2021-01-05 09:47:02.741,0.009,0.0091,46.0,0.0089,40.0,15592.0,107.0
2021-01-05 09:47:03.220,0.009,0.0091,46.0,0.0089,40.0,15592.0,107.0
2021-01-05 09:47:03.740,0.009,0.0091,32.0,0.0089,40.0,15592.0,107.0
2021-01-05 09:47:04.751,0.009,0.0091,32.0,0.0089,52.0,15592.0,107.0
2021-01-05 09:47:05.250,0.009,0.0091,32.0,0.0089,52.0,15592.0,107.0
2021-01-05 09:47:06.251,0.009,0.0091,32.0,0.0089,52.0,15592.0,107.0
2021-01-05 09:47:06.750,0.009,0.0091,32.0,0.0089,52.0,15592.0,107.0
2021-01-05 09:47:07.221,0.009,0.0091,32.0,0.0089,40.0,15592.0,107.0
2021-01-05 09:47:07.740,0.009,0.0091,32.0,0.0089,52.0,15592.0,107.0
2021-01-05 09:47:08.700,0.009,0.0091,32.0,0.009,12.0,15592.0,107.0
2021-01-05 09:47:09.221,0.009,0.0091,32.0,0.009,42.0,15592.0,107.0
2021-01-05 09:47:09.751,0.009,0.0091,32.0,0.009,40.0,15592.0,107.0
2021-01-05 09:47:10.260,0.009,0.0091,2.0,0.009,40.0,15592.0,107.0
2021-01-05 09:47:11.250,0.009,0.0091,2.0,0.009,40.0,15592.0,107.0
2021-01-05 09:47:11.751,0.009,0.0091,2.0,0.009,40.0,15592.0,107.0
2021-01-05 09:47:12.241,0.009,0.0091,2.0,0.009,40.0,15592.0,107.0
2021-01-05 09:47:12.731,0.009,0.0091,2.0,0.009,40.0,15592.0,107.0
2021-01-05 09:47:13.751,0.009,0.0091,32.0,0.009,40.0,15592.0,107.0
2021-01-05 09:47:14.220,0.009,0.0091,2.0,0.009,40.0,15592.0,107.0
2021-01-05 09:47:15.230,0.009,0.0091,2.0,0.009,40.0,15592.0,107.0
2021-01-05 09:47:16.731,0.009,0.0091,44.0,0.009,40.0,15592.0,107.0
2021-01-05 09:47:17.251,0.009,0.0091,2.0,0.009,40.0,15592.0,107.0
2021-01-05 09:47:17.731,0.009,0.0091,2.0,0.009,40.0,15592.0,107.0
2021-01-05 09:47:19.111,0.009,0.0091,2.0,0.009,52.0,15592.0,107.0
2021-01-05 09:47:20.761,0.0091,0.0092,30.0,0.009,40.0,15592.0,109.0
2021-01-05 09:47:21.260,0.0091,0.0092,44.0,0.009,40.0,15592.0,109.0
2021-01-05 09:47:21.760,0.0091,0.0092,56.0,0.009,40.0,15592.0,109.0
2021-01-05 09:47:22.240,0.0091,0.0092,44.0,0.009,40.0,15592.0,109.0
2021-01-05 09:47:22.701,0.0091,0.0092,56.0,0.009,40.0,15592.0,109.0
2021-01-05 09:47:25.241,0.0091,0.0092,44.0,0.009,40.0,15592.0,109.0
2021-01-05 09:47:25.710,0.0091,0.0092,56.0,0.009,40.0,15592.0,109.0
2021-01-05 09:47:26.180,0.0091,0.0092,44.0,0.009,40.0,15592.0,109.0
2021-01-05 09:47:27.721,0.0091,0.0092,44.0,0.009,40.0,15592.0,109.0
2021-01-05 09:47:28.230,0.0091,0.0092,44.0,0.009,40.0,15592.0,109.0
2021-01-05 09:47:28.420,0.0091,0.0092,56.0,0.009,40.0,15592.0,109.0
2021-01-05 09:47:32.681,0.0091,0.0092,44.0,0.009,40.0,15592.0,109.0
2021-01-05 09:47:33.181,0.0091,0.0092,44.0,0.009,40.0,15592.0,109.0
2021-01-05 09:47:33.701,0.0091,0.0092,44.0,0.009,52.0,15592.0,109.0
2021-01-05 09:47:34.231,0.0091,0.0092,44.0,0.009,52.0,15592.0,109.0
2021-01-05 09:47:34.750,0.0091,0.0092,44.0,0.009,52.0,15592.0,109.0
2021-01-05 09:47:35.221,0.0091,0.0092,44.0,0.009,52.0,15592.0,109.0
2021-01-05 09:47:35.740,0.0091,0.0092,30.0,0.009,52.0,15592.0,109.0
2021-01-05 09:47:37.251,0.0091,0.0092,30.0,0.009,52.0,15592.0,109.0
2021-01-05 09:47:37.761,0.0091,0.0092,30.0,0.009,52.0,15592.0,109.0
2021-01-05 09:47:38.260,0.0091,0.0092,30.0,0.009,52.0,15592.0,109.0
2021-01-05 09:47:38.760,0.0091,0.0092,30.0,0.009,52.0,15592.0,109.0
2021-01-05 09:47:39.751,0.0091,0.0092,30.0,0.009,52.0,15592.0,109.0
2021-01-05 09:47:41.261,0.0091,0.0092,30.0,0.009,52.0,15592.0,109.0
2021-01-05 09:47:41.731,0.0091,0.0092,30.0,0.009,52.0,15592.0,109.0
2021-01-05 09:47:47.270,0.0091,0.0092,30.0,0.009,40.0,15592.0,109.0
2021-01-05 09:47:48.761,0.0091,0.0092,30.0,0.009,40.0,15592.0,109.0
2021-01-05 09:47:49.260,0.0091,0.0092,42.0,0.009,40.0,15592.0,109.0
2021-01-05 09:47:49.771,0.0091,0.0092,42.0,0.009,40.0,15592.0,109.0
2021-01-05 09:47:50.271,0.0091,0.0092,42.0,0.009,40.0,15592.0,109.0
2021-01-05 09:47:51.270,0.0091,0.0092,42.0,0.009,40.0,15592.0,109.0
2021-01-05 09:47:51.781,0.0091,0.0092,56.0,0.009,40.0,15592.0,109.0
2021-01-05 09:47:52.730,0.0091,0.0092,44.0,0.009,40.0,15592.0,109.0
2021-01-05 09:47:53.221,0.0091,0.0092,56.0,0.009,40.0,15592.0,109.0
2021-01-05 09:47:54.230,0.0091,0.0092,42.0,0.009,40.0,15592.0,109.0
2021-01-05 09:47:54.741,0.0091,0.0092,42.0,0.009,40.0,15592.0,109.0
2021-01-05 09:47:55.241,0.0091,0.0092,56.0,0.009,40.0,15592.0,109.0
2021-01-05 09:47:58.261,0.0091,0.0092,42.0,0.009,40.0,15592.0,109.0
2021-01-05 09:47:58.781,0.0091,0.0092,42.0,0.009,40.0,15592.0,109.0
2021-01-05 09:47:59.200,0.0091,0.0091,12.0,0.009,40.0,15592.0,109.0
2021-01-05 09:48:00.791,0.0091,0.0092,30.0,0.009,40.0,15592.0,109.0
2021-01-05 09:48:01.261,0.0091,0.0092,42.0,0.009,40.0,15592.0,109.0
2021-01-05 09:48:03.791,0.0091,0.0092,42.0,0.009,40.0,15592.0,109.0
2021-01-05 09:48:04.250,0.0091,0.0092,42.0,0.009,40.0,15592.0,109.0
2021-01-05 09:48:05.290,0.0091,0.0092,42.0,0.009,40.0,15592.0,109.0
2021-01-05 09:48:05.760,0.0091,0.0092,12.0,0.009,10.0,15592.0,109.0
2021-01-05 09:48:06.300,0.0091,0.0092,12.0,0.009,30.0,15592.0,109.0
2021-01-05 09:48:06.781,0.0091,0.0092,42.0,0.009,30.0,15592.0,109.0
2021-01-05 09:48:07.280,0.0091,0.0092,12.0,0.0088,42.0,15592.0,109.0
2021-01-05 09:48:07.760,0.0091,0.0092,42.0,0.0089,14.0,15592.0,109.0
2021-01-05 09:48:08.281,0.0091,0.0092,42.0,0.0089,44.0,15592.0,109.0
2021-01-05 09:48:08.761,0.0091,0.0092,42.0,0.0089,44.0,15592.0,109.0
2021-01-05 09:48:09.291,0.0091,0.0092,42.0,0.0089,54.0,15592.0,109.0
2021-01-05 09:48:10.110,0.0091,0.0092,30.0,0.0089,66.0,15592.0,109.0
2021-01-05 09:48:11.791,0.0091,0.0092,30.0,0.0089,54.0,15592.0,109.0
2021-01-05 09:48:12.300,0.0091,0.0092,30.0,0.0089,66.0,15592.0,109.0
2021-01-05 09:48:12.751,0.0091,0.0092,30.0,0.0089,86.0,15592.0,109.0
2021-01-05 09:48:13.281,0.0091,0.0092,30.0,0.0089,86.0,15592.0,109.0
2021-01-05 09:48:15.831,0.0091,0.0092,30.0,0.0089,66.0,15592.0,109.0
2021-01-05 09:48:16.321,0.0091,0.0092,30.0,0.0089,54.0,15592.0,109.0
2021-01-05 09:48:16.801,0.0091,0.0092,30.0,0.0089,54.0,15592.0,109.0
2021-01-05 09:48:17.300,0.0091,0.0092,30.0,0.009,12.0,15592.0,109.0
2021-01-05 09:48:17.811,0.0091,0.0092,30.0,0.009,30.0,15592.0,109.0
2021-01-05 09:48:18.330,0.0091,0.0092,30.0,0.009,40.0,15592.0,109.0
2021-01-05 09:48:19.331,0.0091,0.0092,42.0,0.009,40.0,15592.0,109.0
2021-01-05 09:48:19.800,0.0091,0.0092,42.0,0.009,40.0,15592.0,109.0
2021-01-05 09:48:20.311,0.0091,0.0092,42.0,0.009,40.0,15592.0,109.0
2021-01-05 09:48:20.791,0.0091,0.0092,42.0,0.009,40.0,15592.0,109.0
2021-01-05 09:48:21.340,0.0091,0.0092,42.0,0.009,40.0,15592.0,109.0
2021-01-05 09:48:21.800,0.0091,0.0092,42.0,0.009,40.0,15592.0,109.0
2021-01-05 09:48:26.621,0.0091,0.0092,42.0,0.009,40.0,15592.0,109.0
2021-01-05 09:48:27.701,0.0091,0.0092,42.0,0.009,40.0,15592.0,109.0
2021-01-05 09:48:28.181,0.0091,0.0092,42.0,0.009,40.0,15592.0,109.0
2021-01-05 09:48:28.731,0.0091,0.0092,42.0,0.009,40.0,15592.0,109.0
2021-01-05 09:48:32.700,0.0091,0.0092,30.0,0.009,40.0,15592.0,109.0
2021-01-05 09:48:33.190,0.0091,0.0092,56.0,0.009,40.0,15592.0,109.0
2021-01-05 09:48:33.680,0.0091,0.0091,12.0,0.009,40.0,15592.0,109.0
2021-01-05 09:48:34.141,0.0091,0.0091,30.0,0.009,40.0,15592.0,109.0
2021-01-05 09:48:34.721,0.0091,0.0091,42.0,0.009,40.0,15592.0,109.0
2021-01-05 09:48:35.220,0.0091,0.0091,42.0,0.009,40.0,15592.0,109.0
2021-01-05 09:48:35.691,0.0091,0.0091,42.0,0.009,40.0,15592.0,109.0
2021-01-05 09:48:37.211,0.0091,0.0091,42.0,0.009,40.0,15592.0,109.0
2021-01-05 09:48:38.211,0.0091,0.0091,42.0,0.009,40.0,15592.0,109.0
2021-01-05 09:48:41.681,0.0091,0.0091,30.0,0.009,40.0,15592.0,109.0
2021-01-05 09:48:42.661,0.0091,0.0091,42.0,0.009,90.0,15592.0,109.0
2021-01-05 09:48:43.740,0.0091,0.0091,30.0,0.009,90.0,15592.0,109.0
2021-01-05 09:48:45.020,0.0091,0.0091,42.0,0.009,90.0,15592.0,109.0
2021-01-05 09:48:46.011,0.0091,0.0091,30.0,0.009,90.0,15592.0,109.0
2021-01-05 09:48:46.391,0.0091,0.0091,30.0,0.009,90.0,15592.0,109.0
2021-01-05 09:48:47.021,0.0091,0.0091,42.0,0.009,90.0,15592.0,109.0
2021-01-05 09:48:47.911,0.0091,0.0091,42.0,0.009,90.0,15592.0,109.0
2021-01-05 09:48:50.030,0.0091,0.0091,42.0,0.009,90.0,15592.0,109.0
2021-01-05 09:48:51.031,0.0091,0.0091,42.0,0.009,90.0,15592.0,109.0
2021-01-05 09:48:52.510,0.0091,0.0091,42.0,0.009,90.0,15592.0,109.0
2021-01-05 09:48:52.700,0.0091,0.0091,42.0,0.009,90.0,15592.0,109.0
2021-01-05 09:48:53.711,0.0091,0.0091,42.0,0.009,90.0,15592.0,109.0
2021-01-05 09:48:54.091,0.0091,0.0091,42.0,0.009,80.0,15592.0,109.0
2021-01-05 09:48:54.681,0.0091,0.0091,42.0,0.009,80.0,15592.0,109.0
2021-01-05 09:48:58.160,0.0091,0.0091,42.0,0.009,50.0,15592.0,109.0
2021-01-05 09:48:59.161,0.0091,0.0091,42.0,0.009,80.0,15592.0,109.0
2021-01-05 09:49:01.261,0.0091,0.0091,42.0,0.009,80.0,15592.0,109.0
2021-01-05 09:49:02.790,0.0091,0.0091,42.0,0.009,80.0,15592.0,109.0
2021-01-05 09:49:03.291,0.0091,0.0091,42.0,0.009,80.0,15592.0,109.0
2021-01-05 09:49:03.760,0.0091,0.0091,42.0,0.009,80.0,15592.0,109.0
2021-01-05 09:49:04.250,0.0091,0.0091,42.0,0.009,80.0,15592.0,109.0
2021-01-05 09:49:04.780,0.0091,0.0091,42.0,0.009,80.0,15592.0,109.0
2021-01-05 09:49:08.791,0.0091,0.0091,42.0,0.009,80.0,15592.0,109.0
2021-01-05 09:49:09.821,0.0091,0.0091,12.0,0.009,50.0,15592.0,109.0
2021-01-05 09:49:10.330,0.0091,0.0092,42.0,0.009,80.0,15592.0,109.0
2021-01-05 09:49:10.831,0.0091,0.0091,12.0,0.009,90.0,15592.0,109.0
2021-01-05 09:49:11.341,0.0091,0.0093,24.0,0.009,60.0,15592.0,109.0
2021-01-05 09:49:11.850,0.0091,0.0092,14.0,0.009,90.0,15592.0,109.0
2021-01-05 09:49:12.270,0.0091,0.0092,56.0,0.009,90.0,15592.0,109.0
2021-01-05 09:49:12.850,0.0091,0.0092,56.0,0.009,90.0,15592.0,109.0
2021-01-05 09:49:13.851,0.0091,0.0092,56.0,0.009,90.0,15592.0,109.0
2021-01-05 09:49:14.261,0.0091,0.0092,56.0,0.009,90.0,15592.0,109.0
2021-01-05 09:49:21.330,0.0091,0.0092,76.0,0.009,90.0,15592.0,109.0
2021-01-05 09:49:21.831,0.0091,0.0092,76.0,0.009,80.0,15592.0,109.0
2021-01-05 09:49:22.300,0.0091,0.0092,56.0,0.009,80.0,15592.0,109.0
2021-01-05 09:49:23.201,0.0091,0.0092,56.0,0.009,80.0,15592.0,109.0
2021-01-05 09:49:23.651,0.0091,0.0092,56.0,0.009,80.0,15592.0,109.0
2021-01-05 09:49:24.241,0.0091,0.0092,56.0,0.009,80.0,15592.0,109.0
2021-01-05 09:49:24.671,0.0091,0.0091,12.0,0.009,80.0,15592.0,109.0
2021-01-05 09:49:25.080,0.0091,0.0091,30.0,0.009,80.0,15592.0,109.0
2021-01-05 09:49:25.710,0.0091,0.0091,30.0,0.009,80.0,15592.0,109.0
2021-01-05 09:49:26.171,0.0091,0.0091,56.0,0.009,80.0,15592.0,109.0
2021-01-05 09:49:27.120,0.0091,0.0091,42.0,0.009,80.0,15592.0,109.0
2021-01-05 09:49:27.731,0.0091,0.0091,56.0,0.009,80.0,15592.0,109.0
2021-01-05 09:49:29.210,0.0091,0.0091,56.0,0.009,80.0,15592.0,109.0
2021-01-05 09:49:29.691,0.0091,0.0091,26.0,0.009,80.0,15592.0,109.0
2021-01-05 09:49:30.140,0.0091,0.0091,56.0,0.009,80.0,15592.0,109.0
2021-01-05 09:49:30.640,0.0091,0.0091,56.0,0.009,80.0,15592.0,109.0
2021-01-05 09:49:36.171,0.0091,0.0091,56.0,0.009,80.0,15592.0,109.0
2021-01-05 09:49:37.260,0.0091,0.0091,56.0,0.009,80.0,15592.0,109.0
2021-01-05 09:49:37.680,0.0091,0.0091,44.0,0.009,80.0,15592.0,109.0
2021-01-05 09:49:38.061,0.0091,0.0091,44.0,0.009,80.0,15592.0,109.0
2021-01-05 09:49:38.760,0.0091,0.0091,44.0,0.009,80.0,15592.0,109.0
2021-01-05 09:49:39.231,0.0091,0.0091,44.0,0.009,80.0,15592.0,109.0
2021-01-05 09:49:41.701,0.0091,0.0091,44.0,0.009,80.0,15592.0,109.0
2021-01-05 09:49:42.700,0.0091,0.0091,14.0,0.009,80.0,15592.0,109.0
2021-01-05 09:49:43.111,0.0091,0.0091,44.0,0.009,80.0,15592.0,109.0
2021-01-05 09:49:43.670,0.0091,0.0091,44.0,0.009,80.0,15592.0,109.0
2021-01-05 09:49:44.220,0.0091,0.0091,44.0,0.009,80.0,15592.0,109.0
2021-01-05 09:49:47.691,0.0091,0.0091,44.0,0.009,80.0,15592.0,109.0
2021-01-05 09:49:48.260,0.0091,0.0091,14.0,0.009,80.0,15592.0,109.0
2021-01-05 09:49:48.761,0.0091,0.0091,44.0,0.009,80.0,15592.0,109.0
2021-01-05 09:49:49.741,0.0091,0.0091,44.0,0.009,80.0,15592.0,109.0
2021-01-05 09:49:50.221,0.0091,0.0091,44.0,0.009,80.0,15592.0,109.0
2021-01-05 09:49:51.760,0.0091,0.0091,44.0,0.009,80.0,15592.0,109.0
2021-01-05 09:49:52.260,0.0091,0.0091,44.0,0.009,80.0,15592.0,109.0
2021-01-05 09:49:52.711,0.0091,0.0091,44.0,0.009,80.0,15592.0,109.0
2021-01-05 09:49:53.220,0.0091,0.0091,14.0,0.009,50.0,15592.0,109.0
2021-01-05 09:49:53.700,0.0091,0.0091,44.0,0.009,80.0,15592.0,109.0
2021-01-05 09:49:54.231,0.0091,0.0091,56.0,0.009,80.0,15592.0,109.0
2021-01-05 09:49:56.230,0.0091,0.0091,42.0,0.009,80.0,15592.0,109.0
2021-01-05 09:49:57.631,0.0091,0.0091,12.0,0.009,80.0,15592.0,109.0
2021-01-05 09:49:58.240,0.0091,0.0091,42.0,0.009,90.0,15592.0,109.0
2021-01-05 09:49:58.680,0.0091,0.0092,30.0,0.009,90.0,15592.0,109.0
2021-01-05 09:49:59.020,0.0091,0.0092,56.0,0.009,90.0,15592.0,109.0
2021-01-05 09:49:59.731,0.0091,0.0091,12.0,0.009,90.0,15592.0,109.0
2021-01-05 09:50:00.230,0.0091,0.0091,42.0,0.009,90.0,15592.0,109.0
2021-01-05 09:50:00.720,0.0091,0.0091,42.0,0.009,90.0,15592.0,109.0
2021-01-05 09:50:01.231,0.0091,0.0091,42.0,0.009,90.0,15592.0,109.0
2021-01-05 09:50:02.680,0.0091,0.0091,12.0,0.009,90.0,15592.0,109.0
2021-01-05 09:50:03.210,0.0091,0.0091,30.0,0.009,90.0,15592.0,109.0
2021-01-05 09:50:03.730,0.0091,0.0091,42.0,0.009,90.0,15592.0,109.0
2021-01-05 09:50:04.241,0.0091,0.0092,30.0,0.009,90.0,15592.0,109.0
2021-01-05 09:50:04.451,0.0091,0.0092,44.0,0.009,90.0,15592.0,109.0
2021-01-05 09:50:05.231,0.0091,0.0092,56.0,0.009,90.0,15592.0,109.0
2021-01-05 09:50:05.690,0.0091,0.0092,56.0,0.009,90.0,15592.0,109.0
2021-01-05 09:50:06.180,0.0091,0.0092,56.0,0.009,90.0,15592.0,109.0
2021-01-05 09:50:06.570,0.0091,0.0092,56.0,0.009,90.0,15592.0,109.0
2021-01-05 09:50:07.211,0.0091,0.0092,56.0,0.009,90.0,15592.0,109.0
2021-01-05 09:50:08.251,0.0091,0.0092,44.0,0.009,90.0,15592.0,109.0
2021-01-05 09:50:10.210,0.0091,0.0092,56.0,0.009,90.0,15592.0,109.0
2021-01-05 09:50:12.761,0.0091,0.0092,44.0,0.009,90.0,15592.0,109.0
2021-01-05 09:50:13.670,0.0091,0.0092,44.0,0.009,90.0,15592.0,109.0
2021-01-05 09:50:14.241,0.0091,0.0092,44.0,0.009,110.0,15592.0,109.0
2021-01-05 09:50:16.761,0.0091,0.0092,56.0,0.009,90.0,15592.0,109.0
2021-01-05 09:50:17.230,0.0091,0.0092,44.0,0.009,110.0,15592.0,109.0
2021-01-05 09:50:17.770,0.0091,0.0092,44.0,0.009,110.0,15592.0,109.0
2021-01-05 09:50:18.271,0.0091,0.0092,44.0,0.009,90.0,15592.0,109.0
2021-01-05 09:50:23.220,0.0091,0.0092,44.0,0.009,90.0,15592.0,109.0
2021-01-05 09:50:23.710,0.0091,0.0092,56.0,0.009,90.0,15592.0,109.0
2021-01-05 09:50:28.251,0.0091,0.0092,56.0,0.009,90.0,15592.0,109.0
2021-01-05 09:50:31.740,0.0091,0.0092,56.0,0.009,90.0,15592.0,109.0
2021-01-05 09:50:32.251,0.0091,0.0092,56.0,0.009,90.0,15592.0,109.0
2021-01-05 09:50:34.241,0.0091,0.0092,56.0,0.009,90.0,15592.0,109.0
2021-01-05 09:50:37.701,0.0091,0.0092,42.0,0.009,90.0,15592.0,109.0
2021-01-05 09:50:38.260,0.0091,0.0091,14.0,0.009,90.0,15592.0,109.0
2021-01-05 09:50:38.750,0.0091,0.0091,44.0,0.009,90.0,15592.0,109.0
2021-01-05 09:50:39.591,0.0091,0.0091,44.0,0.009,90.0,15592.0,109.0
2021-01-05 09:50:40.511,0.0091,0.0091,30.0,0.009,90.0,15592.0,109.0
2021-01-05 09:50:42.260,0.0091,0.0091,30.0,0.009,90.0,15592.0,109.0
2021-01-05 09:50:42.730,0.0091,0.0091,44.0,0.009,90.0,15592.0,109.0
2021-01-05 09:50:43.111,0.0091,0.0091,44.0,0.009,90.0,15592.0,109.0
2021-01-05 09:50:43.760,0.0091,0.0091,30.0,0.009,90.0,15592.0,109.0
2021-01-05 09:50:44.250,0.0091,0.0091,30.0,0.009,90.0,15592.0,109.0
2021-01-05 09:50:44.680,0.0091,0.0091,14.0,0.009,60.0,15592.0,109.0
2021-01-05 09:50:45.191,0.0091,0.0091,44.0,0.009,60.0,15592.0,109.0
2021-01-05 09:50:45.741,0.0091,0.0091,56.0,0.009,60.0,15592.0,109.0
2021-01-05 09:50:47.260,0.0091,0.0091,44.0,0.009,60.0,15592.0,109.0
2021-01-05 09:50:47.710,0.0091,0.0091,44.0,0.009,60.0,15592.0,109.0
2021-01-05 09:50:49.191,0.0091,0.0091,44.0,0.009,60.0,15592.0,109.0
2021-01-05 09:50:50.271,0.0091,0.0091,44.0,0.009,60.0,15592.0,109.0
2021-01-05 09:50:52.230,0.0091,0.0091,44.0,0.009,60.0,15592.0,109.0
2021-01-05 09:50:52.730,0.0091,0.0091,44.0,0.009,60.0,15592.0,109.0
2021-01-05 09:50:53.721,0.0091,0.0091,44.0,0.009,60.0,15592.0,109.0
2021-01-05 09:50:54.230,0.0091,0.0091,44.0,0.009,90.0,15592.0,109.0
2021-01-05 09:50:55.640,0.0091,0.0091,44.0,0.009,90.0,15592.0,109.0
2021-01-05 09:50:56.691,0.0091,0.0091,44.0,0.009,90.0,15592.0,109.0
2021-01-05 09:50:58.130,0.0091,0.0091,30.0,0.009,90.0,15592.0,109.0
2021-01-05 09:50:59.090,0.0091,0.0091,30.0,0.009,60.0,15592.0,109.0
2021-01-05 09:51:00.260,0.0091,0.0091,42.0,0.009,60.0,15592.0,109.0
2021-01-05 09:51:00.710,0.0091,0.0091,42.0,0.009,60.0,15592.0,109.0
2021-01-05 09:51:01.190,0.0091,0.0091,30.0,0.009,90.0,15592.0,109.0
2021-01-05 09:51:01.661,0.0091,0.0091,42.0,0.009,90.0,15592.0,109.0
2021-01-05 09:51:05.011,0.0091,0.0091,30.0,0.009,90.0,15592.0,109.0
2021-01-05 09:51:06.260,0.0091,0.0092,12.0,0.009,60.0,15592.0,109.0
2021-01-05 09:51:06.740,0.0091,0.0092,56.0,0.009,90.0,15592.0,109.0
2021-01-05 09:51:08.250,0.0091,0.0092,56.0,0.009,90.0,15592.0,109.0
2021-01-05 09:51:10.260,0.0091,0.0092,44.0,0.009,90.0,15592.0,109.0
2021-01-05 09:51:10.761,0.0091,0.0092,44.0,0.009,90.0,15592.0,109.0
2021-01-05 09:51:11.270,0.0091,0.0092,44.0,0.009,90.0,15592.0,109.0
2021-01-05 09:51:11.781,0.0091,0.0092,56.0,0.009,90.0,15592.0,109.0
2021-01-05 09:51:13.291,0.0091,0.0092,56.0,0.009,90.0,15592.0,109.0
2021-01-05 09:51:13.810,0.0091,0.0092,76.0,0.009,90.0,15592.0,109.0
2021-01-05 09:51:14.791,0.0091,0.0092,96.0,0.009,90.0,15592.0,109.0
2021-01-05 09:51:15.250,0.0091,0.0092,84.0,0.009,80.0,15592.0,109.0
2021-01-05 09:51:15.761,0.0091,0.0092,76.0,0.009,80.0,15592.0,109.0
2021-01-05 09:51:16.280,0.0091,0.0092,64.0,0.009,80.0,15592.0,109.0
2021-01-05 09:51:16.730,0.0091,0.0091,12.0,0.009,80.0,15592.0,109.0
2021-01-05 09:51:17.310,0.0091,0.0091,42.0,0.009,90.0,15592.0,109.0
2021-01-05 09:51:17.811,0.0091,0.0091,42.0,0.009,80.0,15592.0,109.0
2021-01-05 09:51:18.311,0.0091,0.0091,42.0,0.009,90.0,15592.0,109.0
2021-01-05 09:51:18.791,0.0091,0.0091,42.0,0.009,90.0,15592.0,109.0
2021-01-05 09:51:19.281,0.0091,0.0091,42.0,0.009,90.0,15592.0,109.0
2021-01-05 09:51:19.800,0.0091,0.0091,42.0,0.009,90.0,15592.0,109.0
2021-01-05 09:51:20.261,0.0091,0.0091,42.0,0.009,90.0,15592.0,109.0
2021-01-05 09:51:23.250,0.0091,0.0091,12.0,0.009,60.0,15592.0,109.0
2021-01-05 09:51:24.251,0.0091,0.0091,14.0,0.009,50.0,15592.0,109.0
2021-01-05 09:51:24.760,0.0091,0.0091,14.0,0.009,50.0,15592.0,109.0
2021-01-05 09:51:25.221,0.0091,0.0091,44.0,0.009,90.0,15592.0,109.0
2021-01-05 09:51:28.001,0.0091,0.0091,44.0,0.009,90.0,15592.0,109.0
2021-01-05 09:51:29.271,0.0091,0.0091,44.0,0.009,80.0,15592.0,109.0
2021-01-05 09:51:29.770,0.0091,0.0091,14.0,0.009,50.0,15592.0,109.0
2021-01-05 09:51:30.260,0.0091,0.0091,44.0,0.009,80.0,15592.0,109.0
2021-01-05 09:51:32.250,0.0091,0.0091,44.0,0.009,80.0,15592.0,109.0
2021-01-05 09:51:32.780,0.0091,0.0091,44.0,0.009,80.0,15592.0,109.0
2021-01-05 09:51:33.291,0.0091,0.0091,44.0,0.009,80.0,15592.0,109.0
2021-01-05 09:51:37.270,0.0091,0.0091,14.0,0.009,50.0,15592.0,109.0
2021-01-05 09:51:37.710,0.0091,0.0091,44.0,0.009,80.0,15592.0,109.0
2021-01-05 09:51:38.290,0.0091,0.0091,44.0,0.009,80.0,15592.0,109.0
2021-01-05 09:51:41.690,0.0091,0.0091,56.0,0.009,80.0,15592.0,109.0
2021-01-05 09:51:42.271,0.0091,0.0091,56.0,0.009,80.0,15592.0,109.0
2021-01-05 09:51:42.791,0.0091,0.0091,44.0,0.009,80.0,15592.0,109.0
2021-01-05 09:51:43.260,0.0091,0.0091,76.0,0.009,80.0,15592.0,109.0
2021-01-05 09:51:44.280,0.0091,0.0091,64.0,0.009,80.0,15592.0,109.0
2021-01-05 09:51:44.781,0.0091,0.0091,64.0,0.009,80.0,15592.0,109.0
2021-01-05 09:51:45.260,0.0091,0.0091,76.0,0.009,80.0,15592.0,109.0
2021-01-05 09:51:45.811,0.0091,0.0091,64.0,0.009,80.0,15592.0,109.0
2021-01-05 09:51:46.311,0.0091,0.0091,50.0,0.009,80.0,15592.0,109.0
2021-01-05 09:51:48.260,0.0091,0.0091,50.0,0.009,80.0,15592.0,109.0
2021-01-05 09:51:48.771,0.0091,0.0091,50.0,0.009,80.0,15592.0,109.0
2021-01-05 09:51:50.800,0.0091,0.0091,50.0,0.009,80.0,15592.0,109.0
2021-01-05 09:51:51.301,0.0091,0.0091,62.0,0.009,80.0,15592.0,109.0
2021-01-05 09:51:52.301,0.0091,0.0091,62.0,0.009,80.0,15592.0,109.0
2021-01-05 09:51:52.731,0.0091,0.0091,42.0,0.009,60.0,15592.0,109.0
2021-01-05 09:51:53.741,0.0091,0.0091,42.0,0.009,50.0,15592.0,109.0
2021-01-05 09:51:54.231,0.0091,0.0091,42.0,0.009,80.0,15592.0,109.0
2021-01-05 09:51:54.711,0.0091,0.0091,42.0,0.009,80.0,15592.0,109.0
2021-01-05 09:51:55.230,0.0091,0.0091,30.0,0.009,90.0,15592.0,109.0
2021-01-05 09:51:55.620,0.0091,0.0091,42.0,0.009,90.0,15592.0,109.0
2021-01-05 09:51:56.210,0.0091,0.0091,12.0,0.009,60.0,15592.0,109.0
2021-01-05 09:51:56.740,0.0091,0.0091,42.0,0.009,90.0,15592.0,109.0
2021-01-05 09:51:59.750,0.0091,0.0091,30.0,0.009,90.0,15592.0,109.0
2021-01-05 09:52:00.250,0.0091,0.0091,42.0,0.009,80.0,15592.0,109.0
2021-01-05 09:52:00.751,0.0091,0.0091,30.0,0.009,80.0,15592.0,109.0
2021-01-05 09:52:01.041,0.0091,0.0091,30.0,0.009,80.0,15592.0,109.0
2021-01-05 09:52:02.250,0.0091,0.0091,30.0,0.009,80.0,15592.0,109.0
2021-01-05 09:52:02.751,0.0091,0.0091,30.0,0.009,80.0,15592.0,109.0
2021-01-05 09:52:03.550,0.0091,0.0092,42.0,0.009,80.0,15592.0,109.0
2021-01-05 09:52:04.741,0.0091,0.0092,56.0,0.009,80.0,15592.0,109.0
2021-01-05 09:52:05.260,0.0091,0.0091,12.0,0.009,80.0,15592.0,109.0
2021-01-05 09:52:05.681,0.0091,0.0091,30.0,0.009,80.0,15592.0,109.0
2021-01-05 09:52:06.261,0.0091,0.0092,42.0,0.009,80.0,15592.0,109.0
2021-01-05 09:52:06.751,0.0091,0.0092,56.0,0.009,80.0,15592.0,109.0
2021-01-05 09:52:07.250,0.0091,0.0092,56.0,0.009,80.0,15592.0,109.0
2021-01-05 09:52:07.740,0.0091,0.0092,56.0,0.009,80.0,15592.0,109.0
2021-01-05 09:52:08.180,0.0091,0.0092,56.0,0.009,80.0,15592.0,109.0
2021-01-05 09:52:09.711,0.0091,0.0092,56.0,0.009,80.0,15592.0,109.0
2021-01-05 09:52:10.251,0.0091,0.0092,56.0,0.009,90.0,15592.0,109.0
2021-01-05 09:52:11.761,0.0091,0.0092,56.0,0.009,80.0,15592.0,109.0
2021-01-05 09:52:12.230,0.0091,0.0092,56.0,0.009,80.0,15592.0,109.0
2021-01-05 09:52:12.230,0.0091,0.0092,44.0,0.009,80.0,15592.0,109.0
2021-01-05 09:52:13.260,0.0091,0.0092,30.0,0.009,80.0,15592.0,109.0
2021-01-05 09:52:18.750,0.0091,0.0092,30.0,0.009,80.0,15592.0,109.0
2021-01-05 09:52:19.230,0.0091,0.0092,42.0,0.009,80.0,15592.0,109.0
2021-01-05 09:52:20.270,0.0091,0.0092,42.0,0.009,80.0,15592.0,109.0
2021-01-05 09:52:20.750,0.0091,0.0092,42.0,0.009,80.0,15592.0,109.0
2021-01-05 09:52:23.241,0.0091,0.0092,30.0,0.009,80.0,15592.0,109.0
2021-01-05 09:52:23.751,0.0091,0.0091,12.0,0.009,80.0,15592.0,109.0
2021-01-05 09:52:24.181,0.0091,0.0091,42.0,0.009,80.0,15592.0,109.0
2021-01-05 09:52:26.751,0.0091,0.0091,42.0,0.009,80.0,15592.0,109.0
2021-01-05 09:52:28.271,0.0091,0.0091,30.0,0.009,80.0,15592.0,109.0
2021-01-05 09:52:28.761,0.0091,0.0091,30.0,0.009,90.0,15592.0,109.0
2021-01-05 09:52:29.260,0.0091,0.0091,30.0,0.009,80.0,15592.0,109.0
2021-01-05 09:52:29.771,0.0091,0.0091,30.0,0.009,80.0,15592.0,109.0
2021-01-05 09:52:30.271,0.0091,0.0091,30.0,0.009,80.0,15592.0,109.0
2021-01-05 09:52:33.231,0.0091,0.0091,30.0,0.009,80.0,15592.0,109.0
2021-01-05 09:52:35.200,0.0091,0.0091,42.0,0.009,80.0,15592.0,109.0
2021-01-05 09:52:36.770,0.0091,0.0091,42.0,0.009,80.0,15592.0,109.0
2021-01-05 09:52:37.300,0.0091,0.0091,30.0,0.009,80.0,15592.0,109.0
2021-01-05 09:52:37.761,0.0091,0.0091,30.0,0.009,80.0,15592.0,109.0
2021-01-05 09:52:38.170,0.0091,0.0091,42.0,0.009,80.0,15592.0,109.0
2021-01-05 09:52:39.801,0.0091,0.0091,42.0,0.009,80.0,15592.0,109.0
2021-01-05 09:52:40.291,0.0091,0.0091,42.0,0.009,80.0,15592.0,109.0
2021-01-05 09:52:40.800,0.0091,0.0091,42.0,0.009,80.0,15592.0,109.0
2021-01-05 09:52:41.300,0.0091,0.0091,12.0,0.009,50.0,15592.0,109.0
2021-01-05 09:52:42.790,0.009,0.0092,10.0,0.009,38.0,15604.0,121.0
2021-01-05 09:52:43.290,0.009,0.0092,64.0,0.009,68.0,15604.0,121.0
2021-01-05 09:52:43.780,0.009,0.0091,12.0,0.009,68.0,15604.0,121.0
2021-01-05 09:52:44.291,0.009,0.0091,30.0,0.009,38.0,15604.0,121.0
2021-01-05 09:52:44.781,0.009,0.0091,30.0,0.009,68.0,15604.0,121.0
2021-01-05 09:52:45.311,0.009,0.0091,30.0,0.009,68.0,15604.0,121.0
2021-01-05 09:52:45.810,0.009,0.0091,44.0,0.009,68.0,15604.0,121.0
2021-01-05 09:52:46.291,0.009,0.0091,56.0,0.009,68.0,15604.0,121.0
2021-01-05 09:52:48.750,0.009,0.0091,56.0,0.009,68.0,15604.0,121.0
2021-01-05 09:52:49.211,0.009,0.0091,56.0,0.009,68.0,15604.0,121.0
2021-01-05 09:52:50.801,0.009,0.0091,44.0,0.009,68.0,15604.0,121.0
2021-01-05 09:52:51.820,0.009,0.0091,44.0,0.009,68.0,15604.0,121.0
2021-01-05 09:52:52.701,0.009,0.0091,56.0,0.009,68.0,15604.0,121.0
2021-01-05 09:52:53.231,0.009,0.0091,42.0,0.009,68.0,15604.0,121.0
2021-01-05 09:52:54.250,0.009,0.0091,42.0,0.009,68.0,15604.0,121.0
2021-01-05 09:52:55.760,0.009,0.0092,10.0,0.009,38.0,15604.0,121.0
2021-01-05 09:52:56.261,0.009,0.0091,14.0,0.009,68.0,15604.0,121.0
2021-01-05 09:52:56.761,0.009,0.0091,44.0,0.009,68.0,15604.0,121.0
2021-01-05 09:52:57.260,0.009,0.0091,30.0,0.009,68.0,15604.0,121.0
2021-01-05 09:52:57.761,0.009,0.0091,30.0,0.009,68.0,15604.0,121.0
2021-01-05 09:52:58.261,0.009,0.0091,30.0,0.009,68.0,15604.0,121.0
2021-01-05 09:52:58.770,0.009,0.0091,30.0,0.009,68.0,15604.0,121.0
2021-01-05 09:52:59.260,0.009,0.0091,44.0,0.009,68.0,15604.0,121.0
2021-01-05 09:53:00.241,0.009,0.0091,44.0,0.009,38.0,15604.0,121.0
2021-01-05 09:53:00.770,0.009,0.0091,44.0,0.009,68.0,15604.0,121.0
2021-01-05 09:53:01.041,0.009,0.0091,14.0,0.009,38.0,15604.0,121.0
2021-01-05 09:53:01.761,0.009,0.0091,44.0,0.009,68.0,15604.0,121.0
2021-01-05 09:53:02.011,0.009,0.0091,44.0,0.009,38.0,15604.0,121.0
2021-01-05 09:53:02.760,0.009,0.0091,44.0,0.009,68.0,15604.0,121.0
2021-01-05 09:53:02.991,0.009,0.0091,14.0,0.009,38.0,15604.0,121.0
2021-01-05 09:53:03.761,0.009,0.0091,44.0,0.009,38.0,15604.0,121.0
2021-01-05 09:53:04.770,0.009,0.0091,44.0,0.009,68.0,15604.0,121.0
2021-01-05 09:53:05.281,0.009,0.0091,44.0,0.009,68.0,15604.0,121.0
2021-01-05 09:53:05.761,0.009,0.0091,26.0,0.009,38.0,15604.0,121.0
2021-01-05 09:53:06.220,0.009,0.0091,56.0,0.009,38.0,15604.0,121.0
2021-01-05 09:53:06.760,0.009,0.0091,56.0,0.009,68.0,15604.0,121.0
2021-01-05 09:53:07.000,0.009,0.0091,56.0,0.009,67.0,15605.0,122.0
2021-01-05 09:53:07.761,0.009,0.0091,14.0,0.009,37.0,15605.0,122.0
2021-01-05 09:53:08.281,0.009,0.0091,56.0,0.009,37.0,15605.0,122.0
2021-01-05 09:53:09.301,0.009,0.0091,44.0,0.009,67.0,15605.0,122.0
2021-01-05 09:53:09.640,0.009,0.0091,56.0,0.009,67.0,15605.0,122.0
2021-01-05 09:53:10.300,0.009,0.0091,56.0,0.009,67.0,15605.0,122.0
2021-01-05 09:53:10.781,0.009,0.0091,56.0,0.009,67.0,15605.0,122.0
2021-01-05 09:53:12.790,0.009,0.0091,56.0,0.009,37.0,15605.0,122.0
2021-01-05 09:53:13.301,0.009,0.0091,42.0,0.009,37.0,15605.0,122.0
2021-01-05 09:53:13.801,0.009,0.0091,42.0,0.009,67.0,15605.0,122.0
2021-01-05 09:53:14.321,0.009,0.0091,42.0,0.009,67.0,15605.0,122.0
2021-01-05 09:53:16.321,0.009,0.0091,30.0,0.009,67.0,15605.0,122.0
2021-01-05 09:53:16.771,0.009,0.0091,30.0,0.009,37.0,15605.0,122.0
2021-01-05 09:53:17.291,0.009,0.0091,12.0,0.009,37.0,15605.0,122.0
2021-01-05 09:53:17.820,0.009,0.0091,14.0,0.009,37.0,15605.0,122.0
2021-01-05 09:53:18.811,0.009,0.0091,44.0,0.009,67.0,15605.0,122.0
2021-01-05 09:53:19.291,0.009,0.0091,14.0,0.009,37.0,15605.0,122.0
2021-01-05 09:53:19.810,0.009,0.0091,44.0,0.009,67.0,15605.0,122.0
2021-01-05 09:53:20.311,0.009,0.0091,56.0,0.009,67.0,15605.0,122.0
2021-01-05 09:53:20.830,0.009,0.0091,44.0,0.009,67.0,15605.0,122.0
2021-01-05 09:53:24.140,0.009,0.0091,56.0,0.009,67.0,15605.0,122.0
2021-01-05 09:53:24.751,0.009,0.0091,56.0,0.009,67.0,15605.0,122.0
2021-01-05 09:53:26.751,0.009,0.0091,44.0,0.009,67.0,15605.0,122.0
2021-01-05 09:53:28.230,0.009,0.0091,30.0,0.009,67.0,15605.0,122.0
2021-01-05 09:53:28.750,0.009,0.0091,30.0,0.009,67.0,15605.0,122.0
2021-01-05 09:53:29.231,0.009,0.0091,56.0,0.009,67.0,15605.0,122.0
2021-01-05 09:53:31.021,0.009,0.0091,44.0,0.009,67.0,15605.0,122.0
2021-01-05 09:53:31.740,0.009,0.0091,44.0,0.009,67.0,15605.0,122.0
2021-01-05 09:53:32.210,0.009,0.0091,44.0,0.009,67.0,15605.0,122.0
2021-01-05 09:53:33.240,0.009,0.0091,44.0,0.009,67.0,15605.0,122.0
2021-01-05 09:53:35.720,0.009,0.0091,56.0,0.009,67.0,15605.0,122.0
2021-01-05 09:53:37.710,0.009,0.0091,56.0,0.009,37.0,15605.0,122.0
2021-01-05 09:53:38.100,0.009,0.0091,56.0,0.009,67.0,15605.0,122.0
2021-01-05 09:53:38.761,0.009,0.0091,56.0,0.009,67.0,15605.0,122.0
2021-01-05 09:53:39.261,0.009,0.0091,26.0,0.009,67.0,15605.0,122.0
2021-01-05 09:53:39.770,0.009,0.0091,14.0,0.009,67.0,15605.0,122.0
2021-01-05 09:53:40.271,0.009,0.0091,26.0,0.009,67.0,15605.0,122.0
2021-01-05 09:53:41.211,0.009,0.0091,26.0,0.009,67.0,15605.0,122.0
2021-01-05 09:53:41.701,0.009,0.0091,26.0,0.009,67.0,15605.0,122.0
2021-01-05 09:53:46.261,0.009,0.0091,26.0,0.009,67.0,15605.0,122.0
2021-01-05 09:53:46.791,0.009,0.0091,26.0,0.009,67.0,15605.0,122.0
2021-01-05 09:53:47.281,0.009,0.0091,26.0,0.009,67.0,15605.0,122.0
2021-01-05 09:53:48.801,0.009,0.0091,26.0,0.009,67.0,15605.0,122.0
2021-01-05 09:53:49.281,0.009,0.0091,26.0,0.009,67.0,15605.0,122.0
2021-01-05 09:53:49.811,0.009,0.0091,56.0,0.009,67.0,15605.0,122.0
2021-01-05 09:53:50.280,0.009,0.0091,26.0,0.009,67.0,15605.0,122.0
2021-01-05 09:53:50.820,0.009,0.0091,14.0,0.009,37.0,15605.0,122.0
2021-01-05 09:53:51.310,0.009,0.0091,44.0,0.009,67.0,15605.0,122.0
2021-01-05 09:53:52.311,0.009,0.0091,56.0,0.009,67.0,15605.0,122.0
2021-01-05 09:53:52.610,0.009,0.0091,56.0,0.009,67.0,15605.0,122.0
2021-01-05 09:53:55.090,0.009,0.0091,44.0,0.009,67.0,15605.0,122.0
2021-01-05 09:53:55.730,0.009,0.0091,14.0,0.009,67.0,15605.0,122.0
2021-01-05 09:53:56.220,0.009,0.0091,44.0,0.009,67.0,15605.0,122.0
2021-01-05 09:53:56.691,0.009,0.0091,56.0,0.009,67.0,15605.0,122.0
2021-01-05 09:53:58.270,0.009,0.0091,44.0,0.009,67.0,15605.0,122.0
2021-01-05 09:53:59.071,0.009,0.0091,44.0,0.009,67.0,15605.0,122.0
2021-01-05 09:53:59.701,0.009,0.0091,44.0,0.009,67.0,15605.0,122.0
2021-01-05 09:54:01.161,0.009,0.0091,56.0,0.009,67.0,15605.0,122.0
2021-01-05 09:54:05.270,0.009,0.0091,56.0,0.009,67.0,15605.0,122.0
2021-01-05 09:54:05.741,0.009,0.0091,56.0,0.009,65.0,15607.0,124.0
2021-01-05 09:54:07.241,0.009,0.0091,56.0,0.009,35.0,15607.0,124.0
2021-01-05 09:54:08.701,0.009,0.0091,56.0,0.009,65.0,15607.0,124.0
2021-01-05 09:54:09.201,0.009,0.0091,56.0,0.009,65.0,15607.0,124.0
2021-01-05 09:54:09.691,0.009,0.0091,56.0,0.009,34.0,15608.0,125.0
2021-01-05 09:54:10.240,0.009,0.0091,56.0,0.009,33.0,15609.0,126.0
2021-01-05 09:54:10.651,0.009,0.0091,14.0,0.009,33.0,15609.0,126.0
2021-01-05 09:54:11.231,0.009,0.0091,56.0,0.009,33.0,15609.0,126.0
2021-01-05 09:54:11.700,0.009,0.0091,56.0,0.009,33.0,15609.0,126.0
2021-01-05 09:54:12.250,0.009,0.0091,56.0,0.009,33.0,15609.0,126.0
2021-01-05 09:54:12.751,0.009,0.0091,56.0,0.009,63.0,15609.0,126.0
2021-01-05 09:54:13.201,0.009,0.0091,56.0,0.009,33.0,15609.0,126.0
2021-01-05 09:54:13.761,0.009,0.0091,56.0,0.009,33.0,15609.0,126.0
2021-01-05 09:54:14.100,0.009,0.0091,56.0,0.009,33.0,15609.0,126.0
2021-01-05 09:54:15.260,0.009,0.0091,56.0,0.009,33.0,15609.0,126.0
2021-01-05 09:54:15.740,0.009,0.0091,56.0,0.009,33.0,15609.0,126.0
2021-01-05 09:54:17.191,0.009,0.0091,56.0,0.009,33.0,15609.0,126.0
2021-01-05 09:54:17.700,0.009,0.0091,56.0,0.009,63.0,15609.0,126.0
2021-01-05 09:54:18.241,0.009,0.0091,26.0,0.009,33.0,15609.0,126.0
2021-01-05 09:54:18.751,0.009,0.0091,56.0,0.009,63.0,15609.0,126.0
2021-01-05 09:54:19.680,0.009,0.0091,56.0,0.009,63.0,15609.0,126.0
2021-01-05 09:54:20.241,0.009,0.0091,56.0,0.009,63.0,15609.0,126.0
2021-01-05 09:54:20.700,0.009,0.0091,44.0,0.009,63.0,15609.0,126.0
2021-01-05 09:54:21.761,0.009,0.0091,44.0,0.009,63.0,15609.0,126.0
2021-01-05 09:54:22.130,0.009,0.0091,26.0,0.009,62.0,15610.0,127.0
2021-01-05 09:54:22.681,0.009,0.0091,14.0,0.009,50.0,15622.0,139.0
2021-01-05 09:54:23.181,0.009,0.0091,14.0,0.009,38.0,15634.0,151.0
2021-01-05 09:54:23.701,0.009,0.0091,26.0,0.009,38.0,15634.0,151.0
2021-01-05 09:54:24.631,0.009,0.0091,56.0,0.009,38.0,15634.0,151.0
2021-01-05 09:54:25.670,0.009,0.0091,56.0,0.009,38.0,15634.0,151.0
2021-01-05 09:54:26.671,0.009,0.0091,26.0,0.009,8.0,15634.0,151.0
2021-01-05 09:54:26.671,0.009,0.0091,56.0,0.009,38.0,15634.0,151.0
2021-01-05 09:54:32.700,0.009,0.0091,56.0,0.009,8.0,15634.0,151.0
2021-01-05 09:54:37.251,0.009,0.0091,56.0,0.009,38.0,15634.0,151.0
2021-01-05 09:54:37.600,0.009,0.0091,56.0,0.009,38.0,15634.0,151.0
2021-01-05 09:54:38.250,0.009,0.0091,56.0,0.009,8.0,15634.0,151.0
2021-01-05 09:54:38.680,0.009,0.0091,56.0,0.009,38.0,15634.0,151.0
2021-01-05 09:54:39.031,0.009,0.0091,56.0,0.009,8.0,15634.0,151.0
2021-01-05 09:54:39.610,0.009,0.0091,56.0,0.009,38.0,15634.0,151.0
2021-01-05 09:54:41.250,0.009,0.0091,56.0,0.009,8.0,15634.0,151.0
2021-01-05 09:54:41.771,0.009,0.0091,56.0,0.009,8.0,15634.0,151.0
2021-01-05 09:54:42.781,0.009,0.0091,56.0,0.009,38.0,15634.0,151.0
2021-01-05 09:54:45.150,0.009,0.0091,56.0,0.009,8.0,15634.0,151.0
2021-01-05 09:54:45.990,0.009,0.0091,56.0,0.009,38.0,15634.0,151.0
2021-01-05 09:54:47.190,0.009,0.0091,56.0,0.009,8.0,15634.0,151.0
2021-01-05 09:54:47.761,0.009,0.0091,56.0,0.009,8.0,15634.0,151.0
2021-01-05 09:54:48.220,0.009,0.0091,56.0,0.009,38.0,15634.0,151.0
2021-01-05 09:54:49.061,0.009,0.0091,56.0,0.009,8.0,15634.0,151.0
2021-01-05 09:54:52.761,0.009,0.0091,56.0,0.009,8.0,15634.0,151.0
2021-01-05 09:54:53.251,0.009,0.0091,56.0,0.009,38.0,15634.0,151.0
2021-01-05 09:54:56.690,0.009,0.0091,44.0,0.009,38.0,15634.0,151.0
2021-01-05 09:54:57.710,0.009,0.0091,44.0,0.009,8.0,15634.0,151.0
2021-01-05 09:54:58.261,0.009,0.0091,44.0,0.009,38.0,15634.0,151.0
2021-01-05 09:54:58.680,0.009,0.0091,44.0,0.009,8.0,15634.0,151.0
2021-01-05 09:54:59.681,0.009,0.0091,44.0,0.009,38.0,15634.0,151.0
2021-01-05 09:55:00.240,0.009,0.0091,44.0,0.009,38.0,15634.0,151.0
2021-01-05 09:55:00.780,0.009,0.0091,44.0,0.009,48.0,15634.0,151.0
2021-01-05 09:55:01.191,0.009,0.0091,44.0,0.009,48.0,15634.0,151.0
2021-01-05 09:55:02.780,0.009,0.0091,44.0,0.009,18.0,15634.0,151.0
2021-01-05 09:55:03.281,0.009,0.0091,44.0,0.009,48.0,15634.0,151.0
2021-01-05 09:55:03.721,0.009,0.0091,44.0,0.009,48.0,15634.0,151.0
2021-01-05 09:55:04.280,0.009,0.0091,44.0,0.009,48.0,15634.0,151.0
2021-01-05 09:55:04.720,0.009,0.0091,44.0,0.009,48.0,15634.0,151.0
2021-01-05 09:55:05.271,0.009,0.0091,44.0,0.009,18.0,15634.0,151.0
2021-01-05 09:55:05.690,0.009,0.0091,44.0,0.009,48.0,15634.0,151.0
2021-01-05 09:55:06.211,0.009,0.0091,44.0,0.009,18.0,15634.0,151.0
2021-01-05 09:55:06.741,0.009,0.0091,44.0,0.009,18.0,15634.0,151.0
2021-01-05 09:55:07.281,0.009,0.0091,44.0,0.009,18.0,15634.0,151.0
2021-01-05 09:55:07.650,0.009,0.0091,44.0,0.009,48.0,15634.0,151.0
2021-01-05 09:55:08.220,0.009,0.0091,44.0,0.009,18.0,15634.0,151.0
2021-01-05 09:55:09.281,0.009,0.0091,44.0,0.009,18.0,15634.0,151.0
2021-01-05 09:55:10.161,0.009,0.0091,44.0,0.009,48.0,15634.0,151.0
2021-01-05 09:55:10.760,0.009,0.0091,44.0,0.009,18.0,15634.0,151.0
