,last,ask1,asize1,bid1,bsize1,oi,volume
2021-01-05 09:25:00.080,,0.8847,1.0,0.7914,1.0,1342.0,
2021-01-05 09:30:00.451,,0.8788,5.0,0.7914,1.0,1342.0,
2021-01-05 09:30:00.991,,0.8418,20.0,0.7777,10.0,1342.0,
2021-01-05 09:30:01.481,,0.8418,20.0,0.7777,10.0,1342.0,
2021-01-05 09:30:01.990,,0.8383,20.0,0.8268,20.0,1342.0,
2021-01-05 09:30:02.501,0.8383,0.8373,20.0,0.8257,20.0,1342.0,4.0
2021-01-05 09:30:03.471,0.8383,0.8395,20.0,0.8279,20.0,1342.0,4.0
2021-01-05 09:30:04.430,0.8383,0.8385,20.0,0.827,20.0,1342.0,4.0
2021-01-05 09:30:05.010,0.8383,0.8375,20.0,0.8257,20.0,1342.0,4.0
2021-01-05 09:30:05.990,0.8383,0.8375,20.0,0.7777,10.0,1342.0,4.0
2021-01-05 09:30:06.971,0.8383,0.8341,20.0,0.8226,20.0,1342.0,4.0
2021-01-05 09:30:08.001,0.8333,0.8333,18.0,0.8217,20.0,1342.0,6.0
2021-01-05 09:30:08.520,0.8333,0.8333,20.0,0.8217,20.0,1342.0,7.0
2021-01-05 09:30:08.960,0.8333,0.8333,11.0,0.8217,20.0,1342.0,13.0
2021-01-05 09:30:09.490,0.8333,0.8333,20.0,0.8217,20.0,1342.0,13.0
2021-01-05 09:30:09.970,0.8333,0.8333,19.0,0.8217,20.0,1342.0,14.0
2021-01-05 09:30:10.501,0.8333,0.8333,20.0,0.8217,20.0,1342.0,14.0
2021-01-05 09:30:11.000,0.8333,0.8333,6.0,0.8217,20.0,1342.0,28.0
2021-01-05 09:30:11.521,0.8333,0.8333,11.0,0.8217,20.0,1342.0,33.0
2021-01-05 09:30:11.980,0.8333,0.8324,20.0,0.8208,20.0,1342.0,33.0
2021-01-05 09:30:13.000,0.8324,0.8333,20.0,0.8224,20.0,1342.0,43.0
2021-01-05 09:30:13.501,0.8324,0.8345,20.0,0.8224,20.0,1342.0,43.0
2021-01-05 09:30:13.941,0.8345,0.8345,18.0,0.8224,20.0,1342.0,45.0
2021-01-05 09:30:14.521,0.8345,0.8345,20.0,0.8224,20.0,1342.0,45.0
2021-01-05 09:30:15.040,0.8345,0.8345,19.0,0.8224,20.0,1342.0,47.0
2021-01-05 09:30:15.520,0.8345,0.8345,20.0,0.8232,20.0,1342.0,48.0
2021-01-05 09:30:15.991,0.8345,0.8345,20.0,0.8232,20.0,1342.0,49.0
2021-01-05 09:30:17.021,0.8345,0.8357,20.0,0.8242,20.0,1342.0,49.0
2021-01-05 09:30:17.641,0.8345,0.8357,20.0,0.8242,20.0,1342.0,49.0
2021-01-05 09:30:18.231,0.8345,0.8357,20.0,0.8256,20.0,1342.0,49.0
2021-01-05 09:30:18.750,0.8345,0.8357,20.0,0.8256,20.0,1342.0,49.0
2021-01-05 09:30:19.251,0.8345,0.8371,20.0,0.8256,20.0,1342.0,49.0
2021-01-05 09:30:19.751,0.8345,0.838,20.0,0.8264,20.0,1342.0,49.0
2021-01-05 09:30:20.740,0.8345,0.8372,20.0,0.8256,20.0,1342.0,49.0
2021-01-05 09:30:22.240,0.8345,0.8362,20.0,0.8247,20.0,1342.0,49.0
2021-01-05 09:30:22.671,0.8345,0.8362,20.0,0.8247,20.0,1342.0,49.0
2021-01-05 09:30:24.161,0.8345,0.8352,20.0,0.8236,20.0,1342.0,49.0
2021-01-05 09:30:24.661,0.8345,0.8352,20.0,0.8236,20.0,1342.0,49.0
2021-01-05 09:30:25.160,0.8345,0.8352,20.0,0.8236,20.0,1342.0,49.0
2021-01-05 09:30:25.671,0.8345,0.8342,20.0,0.8226,20.0,1342.0,49.0
2021-01-05 09:30:26.670,0.8345,0.8342,20.0,0.8226,20.0,1342.0,49.0
2021-01-05 09:30:28.641,0.8345,0.8342,20.0,0.8226,20.0,1342.0,49.0
2021-01-05 09:30:30.620,0.8345,0.8352,20.0,0.8237,20.0,1342.0,49.0
2021-01-05 09:30:31.121,0.8345,0.8352,20.0,0.8237,20.0,1342.0,49.0
2021-01-05 09:30:31.631,0.8345,0.8352,20.0,0.8237,20.0,1342.0,49.0
2021-01-05 09:30:32.140,0.8345,0.836,20.0,0.8237,20.0,1342.0,49.0
2021-01-05 09:30:32.631,0.8345,0.836,20.0,0.8251,20.0,1342.0,49.0
2021-01-05 09:30:33.171,0.8345,0.836,20.0,0.8251,20.0,1342.0,49.0
2021-01-05 09:30:33.651,0.8345,0.836,20.0,0.8251,20.0,1342.0,49.0
2021-01-05 09:30:36.170,0.8345,0.836,20.0,0.8237,20.0,1342.0,49.0
2021-01-05 09:30:36.691,0.8345,0.836,20.0,0.8248,20.0,1342.0,49.0
2021-01-05 09:30:37.670,0.8345,0.836,20.0,0.8248,20.0,1342.0,49.0
2021-01-05 09:30:43.480,0.8345,0.836,20.0,0.8248,20.0,1342.0,49.0
2021-01-05 09:30:44.181,0.8345,0.836,20.0,0.826,20.0,1342.0,49.0
2021-01-05 09:30:44.650,0.8345,0.836,20.0,0.826,20.0,1342.0,49.0
2021-01-05 09:30:45.161,0.8345,0.836,20.0,0.826,20.0,1342.0,49.0
2021-01-05 09:30:47.691,0.8345,0.836,20.0,0.8273,20.0,1342.0,49.0
2021-01-05 09:30:48.711,0.8345,0.836,20.0,0.8273,20.0,1342.0,49.0
2021-01-05 09:30:49.210,0.8345,0.836,20.0,0.8273,20.0,1342.0,49.0
2021-01-05 09:30:50.720,0.8345,0.836,20.0,0.8273,20.0,1342.0,49.0
2021-01-05 09:30:51.721,0.8273,0.836,20.0,0.8273,19.0,1341.0,50.0
2021-01-05 09:30:52.221,0.8273,0.836,20.0,0.8273,20.0,1341.0,50.0
2021-01-05 09:30:52.651,0.8273,0.836,20.0,0.8273,20.0,1341.0,50.0
2021-01-05 09:30:55.081,0.8273,0.836,20.0,0.8283,20.0,1341.0,50.0
2021-01-05 09:30:55.671,0.8273,0.836,20.0,0.8283,20.0,1341.0,50.0
2021-01-05 09:30:56.170,0.8273,0.836,20.0,0.8283,20.0,1341.0,50.0
2021-01-05 09:30:58.140,0.8273,0.836,20.0,0.8273,20.0,1341.0,50.0
2021-01-05 09:30:59.171,0.8273,0.836,20.0,0.8273,20.0,1341.0,50.0
2021-01-05 09:30:59.640,0.8273,0.836,20.0,0.8273,20.0,1341.0,50.0
2021-01-05 09:31:00.161,0.8273,0.836,20.0,0.8263,20.0,1341.0,50.0
2021-01-05 09:31:00.681,0.8273,0.836,20.0,0.8275,20.0,1341.0,50.0
2021-01-05 09:31:01.150,0.8273,0.836,20.0,0.8263,20.0,1341.0,50.0
2021-01-05 09:31:01.680,0.8273,0.836,20.0,0.8263,20.0,1341.0,50.0
2021-01-05 09:31:02.170,0.8273,0.836,10.0,0.8223,10.0,1341.0,50.0
2021-01-05 09:31:02.681,0.8273,0.836,30.0,0.8257,20.0,1341.0,50.0
2021-01-05 09:31:03.131,0.8273,0.836,30.0,0.8257,20.0,1341.0,50.0
2021-01-05 09:31:04.181,0.8273,0.836,30.0,0.8246,20.0,1341.0,50.0
2021-01-05 09:31:04.671,0.8273,0.836,30.0,0.8246,20.0,1341.0,50.0
2021-01-05 09:31:05.190,0.8273,0.836,30.0,0.8246,20.0,1341.0,50.0
2021-01-05 09:31:06.681,0.8273,0.836,30.0,0.8261,20.0,1341.0,50.0
2021-01-05 09:31:07.190,0.8273,0.836,30.0,0.8261,20.0,1341.0,50.0
2021-01-05 09:31:07.670,0.8273,0.836,30.0,0.8261,20.0,1341.0,50.0
2021-01-05 09:31:08.650,0.8273,0.836,30.0,0.8273,20.0,1341.0,50.0
2021-01-05 09:31:09.101,0.8273,0.836,30.0,0.8261,20.0,1341.0,50.0
2021-01-05 09:31:09.701,0.8273,0.836,20.0,0.8261,20.0,1341.0,50.0
2021-01-05 09:31:10.690,0.8273,0.836,20.0,0.8269,20.0,1341.0,50.0
2021-01-05 09:31:11.170,0.8273,0.836,20.0,0.8269,20.0,1341.0,50.0
2021-01-05 09:31:11.701,0.8273,0.836,20.0,0.8269,20.0,1341.0,50.0
2021-01-05 09:31:12.621,0.8273,0.836,30.0,0.8261,20.0,1341.0,50.0
2021-01-05 09:31:13.170,0.8273,0.836,30.0,0.8261,20.0,1341.0,50.0
2021-01-05 09:31:13.710,0.8273,0.836,30.0,0.8261,20.0,1341.0,50.0
2021-01-05 09:31:18.720,0.8273,0.836,30.0,0.8271,20.0,1341.0,50.0
2021-01-05 09:31:19.150,0.8273,0.836,10.0,0.8271,20.0,1341.0,50.0
2021-01-05 09:31:19.721,0.8273,0.836,20.0,0.8271,20.0,1341.0,50.0
2021-01-05 09:31:22.620,0.8273,0.836,20.0,0.826,20.0,1341.0,50.0
2021-01-05 09:31:23.171,0.8273,0.8327,10.0,0.827,10.0,1341.0,50.0
2021-01-05 09:31:23.640,0.8273,0.8327,10.0,0.827,20.0,1341.0,50.0
2021-01-05 09:31:24.161,0.8273,0.8327,10.0,0.826,20.0,1341.0,50.0
2021-01-05 09:31:24.660,0.8273,0.8327,10.0,0.826,20.0,1341.0,50.0
2021-01-05 09:31:25.150,0.8273,0.8327,10.0,0.826,20.0,1341.0,50.0
2021-01-05 09:31:25.640,0.8273,0.8327,10.0,0.8268,20.0,1341.0,50.0
2021-01-05 09:31:26.141,0.8273,0.8327,10.0,0.8268,20.0,1341.0,50.0
2021-01-05 09:31:26.520,0.8273,0.8327,10.0,0.8268,20.0,1341.0,50.0
2021-01-05 09:31:28.101,0.8273,0.8327,10.0,0.826,20.0,1341.0,50.0
2021-01-05 09:31:28.610,0.8273,0.8327,10.0,0.826,20.0,1341.0,50.0
2021-01-05 09:31:29.171,0.8273,0.8327,10.0,0.826,20.0,1341.0,50.0
2021-01-05 09:31:30.170,0.8273,0.8327,10.0,0.826,20.0,1341.0,50.0
2021-01-05 09:31:32.191,0.8273,0.8327,10.0,0.826,20.0,1341.0,50.0
2021-01-05 09:31:38.190,0.8273,0.8338,10.0,0.8271,20.0,1341.0,50.0
2021-01-05 09:31:38.690,0.8273,0.8338,10.0,0.8271,20.0,1341.0,50.0
2021-01-05 09:31:39.710,0.8273,0.8338,10.0,0.8271,20.0,1341.0,50.0
2021-01-05 09:31:40.711,0.8273,0.8338,10.0,0.828,20.0,1341.0,50.0
2021-01-05 09:31:41.191,0.8273,0.8338,10.0,0.828,20.0,1341.0,50.0
2021-01-05 09:31:41.700,0.8273,0.8338,10.0,0.828,20.0,1341.0,50.0
2021-01-05 09:31:42.211,0.8273,0.8338,10.0,0.828,20.0,1341.0,50.0
2021-01-05 09:31:42.711,0.8273,0.8338,10.0,0.8281,2.0,1341.0,50.0
2021-01-05 09:31:43.191,0.8273,0.8354,10.0,0.8281,2.0,1341.0,50.0
2021-01-05 09:31:44.691,0.8273,0.8359,10.0,0.8281,2.0,1341.0,50.0
2021-01-05 09:31:45.170,0.8273,0.8359,10.0,0.8281,2.0,1341.0,50.0
2021-01-05 09:31:46.701,0.8273,0.8359,10.0,0.8281,2.0,1341.0,50.0
2021-01-05 09:31:49.711,0.8273,0.8359,10.0,0.8281,2.0,1341.0,50.0
2021-01-05 09:31:50.191,0.8273,0.836,20.0,0.8281,2.0,1341.0,50.0
2021-01-05 09:31:50.710,0.8273,0.836,20.0,0.829,20.0,1341.0,50.0
2021-01-05 09:31:51.210,0.8273,0.836,20.0,0.8291,2.0,1341.0,50.0
2021-01-05 09:31:52.220,0.8273,0.8365,10.0,0.8291,2.0,1341.0,50.0
2021-01-05 09:31:52.621,0.8273,0.8365,10.0,0.8291,2.0,1341.0,50.0
2021-01-05 09:31:53.171,0.8273,0.837,20.0,0.8298,20.0,1341.0,50.0
2021-01-05 09:31:54.151,0.8273,0.8378,20.0,0.8298,20.0,1341.0,50.0
2021-01-05 09:31:54.641,0.8273,0.8378,20.0,0.8298,20.0,1341.0,50.0
2021-01-05 09:31:55.150,0.8273,0.8378,20.0,0.8313,10.0,1341.0,50.0
2021-01-05 09:31:55.670,0.8273,0.8378,20.0,0.8313,30.0,1341.0,50.0
2021-01-05 09:31:57.171,0.8273,0.8378,20.0,0.8313,30.0,1341.0,50.0
2021-01-05 09:31:58.171,0.8273,0.8378,20.0,0.8313,30.0,1341.0,50.0
2021-01-05 09:31:58.640,0.8273,0.8388,36.0,0.8313,30.0,1341.0,50.0
2021-01-05 09:32:00.150,0.8273,0.8388,36.0,0.8313,30.0,1341.0,50.0
2021-01-05 09:32:00.650,0.8273,0.8388,36.0,0.8314,2.0,1341.0,50.0
2021-01-05 09:32:01.670,0.8273,0.8388,36.0,0.8313,30.0,1341.0,50.0
2021-01-05 09:32:02.671,0.8273,0.8388,36.0,0.8313,30.0,1341.0,50.0
2021-01-05 09:32:03.180,0.8273,0.8388,16.0,0.8313,10.0,1341.0,50.0
2021-01-05 09:32:03.641,0.8273,0.8388,36.0,0.8313,30.0,1341.0,50.0
2021-01-05 09:32:04.661,0.8273,0.8388,36.0,0.8313,20.0,1341.0,50.0
2021-01-05 09:32:05.141,0.8273,0.8388,36.0,0.8314,2.0,1341.0,50.0
2021-01-05 09:32:06.680,0.8273,0.8388,36.0,0.8314,22.0,1341.0,50.0
2021-01-05 09:32:10.630,0.8273,0.8388,20.0,0.8314,22.0,1341.0,50.0
2021-01-05 09:32:11.170,0.8273,0.8396,30.0,0.8314,22.0,1341.0,50.0
2021-01-05 09:32:11.650,0.8273,0.8396,20.0,0.8314,22.0,1341.0,50.0
2021-01-05 09:32:12.161,0.8273,0.8396,20.0,0.8314,20.0,1341.0,50.0
2021-01-05 09:32:13.171,0.8273,0.8396,20.0,0.8314,20.0,1341.0,50.0
2021-01-05 09:32:14.660,0.8273,0.8396,20.0,0.8315,2.0,1341.0,50.0
2021-01-05 09:32:15.171,0.8273,0.8396,20.0,0.8315,2.0,1341.0,50.0
2021-01-05 09:32:16.151,0.8273,0.8395,1.0,0.8315,2.0,1341.0,50.0
2021-01-05 09:32:17.161,0.8273,0.8395,1.0,0.8314,20.0,1341.0,50.0
2021-01-05 09:32:18.670,0.8273,0.8395,1.0,0.8314,20.0,1341.0,50.0
2021-01-05 09:32:19.150,0.8273,0.8395,1.0,0.8315,2.0,1341.0,50.0
2021-01-05 09:32:20.671,0.8273,0.8395,1.0,0.8314,20.0,1341.0,50.0
2021-01-05 09:32:21.171,0.8273,0.8395,1.0,0.8314,20.0,1341.0,50.0
2021-01-05 09:32:24.160,0.8273,0.8395,1.0,0.8315,2.0,1341.0,50.0
2021-01-05 09:32:25.670,0.8273,0.8395,1.0,0.8315,2.0,1341.0,50.0
2021-01-05 09:32:29.180,0.8273,0.8396,20.0,0.8315,2.0,1341.0,50.0
2021-01-05 09:32:29.650,0.8273,0.8396,20.0,0.8315,2.0,1341.0,50.0
2021-01-05 09:32:34.171,0.8273,0.8396,20.0,0.8316,2.0,1341.0,50.0
2021-01-05 09:32:41.690,0.8273,0.8396,20.0,0.832,10.0,1341.0,50.0
2021-01-05 09:32:42.201,0.8273,0.8396,20.0,0.832,12.0,1341.0,50.0
2021-01-05 09:32:43.190,0.8273,0.8396,20.0,0.832,12.0,1341.0,50.0
2021-01-05 09:32:44.700,0.8273,0.8396,20.0,0.832,10.0,1341.0,50.0
2021-01-05 09:32:45.580,0.8273,0.8396,20.0,0.832,10.0,1341.0,50.0
2021-01-05 09:32:46.610,0.832,0.8396,20.0,0.832,5.0,1336.0,55.0
2021-01-05 09:32:47.201,0.832,0.8396,20.0,0.832,7.0,1336.0,55.0
2021-01-05 09:32:49.670,0.832,0.8403,10.0,0.8325,20.0,1336.0,55.0
2021-01-05 09:32:50.171,0.832,0.8409,10.0,0.8339,20.0,1336.0,55.0
2021-01-05 09:32:50.650,0.832,0.8407,20.0,0.8329,10.0,1336.0,55.0
2021-01-05 09:32:51.170,0.832,0.8419,30.0,0.8329,10.0,1336.0,55.0
2021-01-05 09:32:51.701,0.832,0.8413,10.0,0.8326,2.0,1336.0,55.0
2021-01-05 09:32:52.191,0.832,0.8413,10.0,0.8326,2.0,1336.0,55.0
2021-01-05 09:32:52.671,0.832,0.8413,10.0,0.8326,2.0,1336.0,55.0
2021-01-05 09:32:54.671,0.832,0.8414,10.0,0.8326,2.0,1336.0,55.0
2021-01-05 09:32:55.670,0.832,0.8415,10.0,0.8326,2.0,1336.0,55.0
2021-01-05 09:33:00.111,0.832,0.8415,10.0,0.8327,2.0,1336.0,55.0
2021-01-05 09:33:00.651,0.832,0.8416,10.0,0.8327,2.0,1336.0,55.0
2021-01-05 09:33:01.661,0.832,0.8417,10.0,0.8327,2.0,1336.0,55.0
2021-01-05 09:33:02.130,0.832,0.8417,10.0,0.8327,2.0,1336.0,55.0
2021-01-05 09:33:03.171,0.832,0.8393,10.0,0.8327,22.0,1336.0,55.0
2021-01-05 09:33:04.140,0.832,0.8393,30.0,0.8327,22.0,1336.0,55.0
2021-01-05 09:33:04.651,0.832,0.8393,20.0,0.8327,20.0,1336.0,55.0
2021-01-05 09:33:05.181,0.832,0.8393,20.0,0.8327,20.0,1336.0,55.0
2021-01-05 09:33:05.690,0.832,0.8393,20.0,0.8315,30.0,1336.0,55.0
2021-01-05 09:33:06.651,0.832,0.8393,20.0,0.8315,30.0,1336.0,55.0
2021-01-05 09:33:07.171,0.832,0.8393,20.0,0.8315,20.0,1336.0,55.0
2021-01-05 09:33:07.601,0.832,0.8393,20.0,0.8315,20.0,1336.0,55.0
2021-01-05 09:33:10.681,0.832,0.8393,20.0,0.8316,2.0,1336.0,55.0
2021-01-05 09:33:13.100,0.832,0.8393,20.0,0.8316,2.0,1336.0,55.0
2021-01-05 09:33:14.650,0.832,0.8393,20.0,0.8316,2.0,1336.0,55.0
2021-01-05 09:33:15.651,0.832,0.8366,10.0,0.8315,20.0,1336.0,55.0
2021-01-05 09:33:16.671,0.832,0.8366,30.0,0.8315,20.0,1336.0,55.0
2021-01-05 09:33:17.190,0.832,0.8366,30.0,0.8315,20.0,1336.0,55.0
2021-01-05 09:33:18.160,0.832,0.8366,30.0,0.8299,30.0,1336.0,55.0
2021-01-05 09:33:18.680,0.832,0.8366,30.0,0.8299,30.0,1336.0,55.0
2021-01-05 09:33:19.191,0.832,0.8366,30.0,0.8299,30.0,1336.0,55.0
2021-01-05 09:33:19.591,0.832,0.8366,30.0,0.8299,30.0,1336.0,55.0
2021-01-05 09:33:20.171,0.832,0.8366,30.0,0.8299,30.0,1336.0,55.0
2021-01-05 09:33:20.680,0.832,0.8366,30.0,0.8299,30.0,1336.0,55.0
2021-01-05 09:33:21.160,0.832,0.8366,30.0,0.8299,30.0,1336.0,55.0
2021-01-05 09:33:21.681,0.832,0.8366,30.0,0.8299,30.0,1336.0,55.0
2021-01-05 09:33:23.151,0.832,0.8344,10.0,0.8299,20.0,1336.0,55.0
2021-01-05 09:33:24.171,0.832,0.8344,30.0,0.8288,30.0,1336.0,55.0
2021-01-05 09:33:24.651,0.832,0.8344,30.0,0.8288,20.0,1336.0,55.0
2021-01-05 09:33:25.151,0.832,0.8344,30.0,0.8277,30.0,1336.0,55.0
2021-01-05 09:33:25.581,0.832,0.8344,30.0,0.8278,2.0,1336.0,55.0
2021-01-05 09:33:26.161,0.832,0.8344,30.0,0.8293,16.0,1336.0,55.0
2021-01-05 09:33:27.171,0.832,0.8344,30.0,0.8293,36.0,1336.0,55.0
2021-01-05 09:33:27.441,0.832,0.8344,10.0,0.8293,36.0,1336.0,55.0
2021-01-05 09:33:28.180,0.832,0.8363,10.0,0.8298,10.0,1336.0,55.0
2021-01-05 09:33:28.670,0.832,0.8349,20.0,0.8298,10.0,1336.0,55.0
2021-01-05 09:33:29.171,0.832,0.8363,10.0,0.8298,10.0,1336.0,55.0
2021-01-05 09:33:35.690,0.832,0.8363,10.0,0.8298,10.0,1336.0,55.0
2021-01-05 09:33:38.120,0.832,0.8363,10.0,0.8298,10.0,1336.0,55.0
2021-01-05 09:33:38.621,0.832,0.8363,10.0,0.8298,10.0,1336.0,55.0
2021-01-05 09:33:39.201,0.832,0.8365,20.0,0.8298,10.0,1336.0,55.0
2021-01-05 09:33:40.160,0.832,0.8365,10.0,0.8298,10.0,1336.0,55.0
2021-01-05 09:33:40.690,0.832,0.8366,20.0,0.8293,36.0,1336.0,55.0
2021-01-05 09:33:42.160,0.832,0.8366,20.0,0.8293,36.0,1336.0,55.0
2021-01-05 09:33:44.110,0.832,0.8366,20.0,0.8293,36.0,1336.0,55.0
2021-01-05 09:33:44.671,0.832,0.8366,20.0,0.8293,36.0,1336.0,55.0
2021-01-05 09:33:45.180,0.832,0.8366,20.0,0.8293,36.0,1336.0,55.0
2021-01-05 09:33:47.191,0.832,0.8366,20.0,0.8294,2.0,1336.0,55.0
2021-01-05 09:33:49.051,0.832,0.8366,20.0,0.8294,2.0,1336.0,55.0
2021-01-05 09:33:50.180,0.832,0.8366,20.0,0.8317,10.0,1336.0,55.0
2021-01-05 09:33:51.141,0.832,0.8366,20.0,0.8317,30.0,1336.0,55.0
2021-01-05 09:33:51.581,0.832,0.8366,20.0,0.8317,30.0,1336.0,55.0
2021-01-05 09:33:57.171,0.832,0.8366,20.0,0.8317,20.0,1336.0,55.0
2021-01-05 09:33:58.170,0.832,0.8375,20.0,0.8307,16.0,1336.0,55.0
2021-01-05 09:33:58.670,0.832,0.8384,36.0,0.8307,16.0,1336.0,55.0
2021-01-05 09:33:59.140,0.832,0.8384,36.0,0.831,20.0,1336.0,55.0
2021-01-05 09:33:59.690,0.832,0.8384,36.0,0.831,20.0,1336.0,55.0
2021-01-05 09:34:00.191,0.832,0.8384,36.0,0.831,20.0,1336.0,55.0
2021-01-05 09:34:00.671,0.832,0.8384,36.0,0.8311,2.0,1336.0,55.0
2021-01-05 09:34:01.081,0.832,0.8384,36.0,0.8311,2.0,1336.0,55.0
2021-01-05 09:34:06.191,0.832,0.8384,36.0,0.8311,2.0,1336.0,55.0
2021-01-05 09:34:06.671,0.832,0.8384,20.0,0.8335,10.0,1336.0,55.0
2021-01-05 09:34:07.130,0.832,0.8392,30.0,0.8335,30.0,1336.0,55.0
2021-01-05 09:34:07.311,0.832,0.8392,20.0,0.8335,30.0,1336.0,55.0
2021-01-05 09:34:08.171,0.832,0.8392,20.0,0.8336,2.0,1336.0,55.0
2021-01-05 09:34:08.690,0.832,0.8397,16.0,0.8336,2.0,1336.0,55.0
2021-01-05 09:34:09.170,0.832,0.8397,16.0,0.8335,30.0,1336.0,55.0
2021-01-05 09:34:09.670,0.832,0.8397,16.0,0.8335,30.0,1336.0,55.0
2021-01-05 09:34:14.691,0.832,0.838,10.0,0.8321,26.0,1336.0,55.0
2021-01-05 09:34:15.181,0.832,0.838,10.0,0.8333,20.0,1336.0,55.0
2021-01-05 09:34:15.681,0.832,0.838,10.0,0.8321,46.0,1336.0,55.0
2021-01-05 09:34:16.190,0.832,0.838,10.0,0.8321,46.0,1336.0,55.0
2021-01-05 09:34:16.630,0.832,0.838,30.0,0.8321,46.0,1336.0,55.0
2021-01-05 09:34:17.181,0.832,0.838,30.0,0.8321,36.0,1336.0,55.0
2021-01-05 09:34:18.201,0.832,0.838,10.0,0.8321,36.0,1336.0,55.0
2021-01-05 09:34:19.041,0.832,0.838,10.0,0.8322,2.0,1336.0,55.0
2021-01-05 09:34:19.700,0.832,0.838,10.0,0.8322,2.0,1336.0,55.0
2021-01-05 09:34:21.690,0.832,0.8395,10.0,0.8334,10.0,1336.0,55.0
2021-01-05 09:34:22.151,0.832,0.8395,10.0,0.8334,30.0,1336.0,55.0
2021-01-05 09:34:22.191,0.832,0.8397,36.0,0.8334,30.0,1336.0,55.0
2021-01-05 09:34:23.181,0.832,0.8397,36.0,0.8334,32.0,1336.0,55.0
2021-01-05 09:34:25.671,0.832,0.8397,36.0,0.8334,30.0,1336.0,55.0
2021-01-05 09:34:28.120,0.832,0.8397,36.0,0.8334,30.0,1336.0,55.0
2021-01-05 09:34:28.621,0.832,0.8397,36.0,0.8334,30.0,1336.0,55.0
2021-01-05 09:34:29.171,0.832,0.8397,36.0,0.8334,30.0,1336.0,55.0
2021-01-05 09:34:31.190,0.832,0.8397,36.0,0.8334,30.0,1336.0,55.0
2021-01-05 09:34:32.690,0.832,0.8397,36.0,0.8334,30.0,1336.0,55.0
2021-01-05 09:34:33.090,0.832,0.8397,36.0,0.8334,30.0,1336.0,55.0
2021-01-05 09:34:33.691,0.832,0.8397,20.0,0.8338,16.0,1336.0,55.0
2021-01-05 09:34:34.171,0.832,0.8397,20.0,0.8338,16.0,1336.0,55.0
2021-01-05 09:34:34.540,0.832,0.8397,20.0,0.8338,16.0,1336.0,55.0
2021-01-05 09:34:35.691,0.832,0.8397,20.0,0.8338,16.0,1336.0,55.0
2021-01-05 09:34:36.171,0.832,0.8397,20.0,0.8338,16.0,1336.0,55.0
2021-01-05 09:34:37.161,0.832,0.8401,10.0,0.8338,16.0,1336.0,55.0
2021-01-05 09:34:37.700,0.832,0.8405,20.0,0.8355,10.0,1336.0,55.0
2021-01-05 09:34:38.171,0.832,0.8405,20.0,0.8355,30.0,1336.0,55.0
2021-01-05 09:34:38.611,0.832,0.8414,46.0,0.8355,32.0,1336.0,55.0
2021-01-05 09:34:39.470,0.832,0.8414,30.0,0.8355,32.0,1336.0,55.0
2021-01-05 09:34:40.171,0.832,0.8414,30.0,0.8355,22.0,1336.0,55.0
2021-01-05 09:34:40.651,0.832,0.8414,20.0,0.8355,22.0,1336.0,55.0
2021-01-05 09:34:40.920,0.832,0.8428,36.0,0.8355,22.0,1336.0,55.0
2021-01-05 09:34:41.700,0.832,0.8428,36.0,0.8355,22.0,1336.0,55.0
2021-01-05 09:34:42.171,0.832,0.8428,36.0,0.8355,22.0,1336.0,55.0
2021-01-05 09:34:42.680,0.832,0.8428,36.0,0.8355,28.0,1336.0,55.0
2021-01-05 09:34:44.151,0.832,0.8428,36.0,0.8355,22.0,1336.0,55.0
2021-01-05 09:34:44.701,0.832,0.8428,36.0,0.8355,28.0,1336.0,55.0
2021-01-05 09:34:45.200,0.832,0.8428,36.0,0.8355,22.0,1336.0,55.0
2021-01-05 09:34:47.181,0.832,0.8428,36.0,0.8355,28.0,1336.0,55.0
2021-01-05 09:34:47.701,0.832,0.8428,36.0,0.8355,22.0,1336.0,55.0
2021-01-05 09:34:48.700,0.832,0.8428,36.0,0.8356,2.0,1336.0,55.0
2021-01-05 09:34:49.701,0.832,0.8428,36.0,0.8356,2.0,1336.0,55.0
2021-01-05 09:34:50.220,0.832,0.8428,36.0,0.8356,2.0,1336.0,55.0
2021-01-05 09:34:51.200,0.832,0.8428,36.0,0.8356,8.0,1336.0,55.0
2021-01-05 09:34:51.701,0.832,0.8428,36.0,0.8356,2.0,1336.0,55.0
2021-01-05 09:34:53.651,0.832,0.8428,36.0,0.8356,2.0,1336.0,55.0
2021-01-05 09:34:54.631,0.832,0.8428,20.0,0.837,16.0,1336.0,55.0
2021-01-05 09:34:55.161,0.832,0.8437,30.0,0.8389,10.0,1336.0,55.0
2021-01-05 09:34:55.680,0.832,0.8437,30.0,0.8389,10.0,1336.0,55.0
2021-01-05 09:34:56.131,0.832,0.8437,20.0,0.8389,30.0,1336.0,55.0
2021-01-05 09:34:56.681,0.832,0.8452,20.0,0.8389,30.0,1336.0,55.0
2021-01-05 09:34:57.130,0.832,0.8452,20.0,0.839,2.0,1336.0,55.0
2021-01-05 09:34:58.160,0.832,0.8452,20.0,0.839,2.0,1336.0,55.0
2021-01-05 09:35:02.181,0.832,0.8452,20.0,0.8389,30.0,1336.0,55.0
2021-01-05 09:35:02.680,0.832,0.8452,20.0,0.8389,30.0,1336.0,55.0
2021-01-05 09:35:03.180,0.832,0.8452,20.0,0.8389,30.0,1336.0,55.0
2021-01-05 09:35:03.660,0.832,0.8449,16.0,0.8389,30.0,1336.0,55.0
2021-01-05 09:35:04.181,0.832,0.8449,16.0,0.8389,20.0,1336.0,55.0
2021-01-05 09:35:05.180,0.832,0.8449,16.0,0.8387,2.0,1336.0,55.0
2021-01-05 09:35:05.671,0.832,0.8449,16.0,0.8387,20.0,1336.0,55.0
2021-01-05 09:35:06.180,0.832,0.8449,16.0,0.8387,20.0,1336.0,55.0
2021-01-05 09:35:07.131,0.832,0.843,2.0,0.8391,16.0,1336.0,55.0
2021-01-05 09:35:07.650,0.832,0.843,2.0,0.8402,16.0,1336.0,55.0
2021-01-05 09:35:08.190,0.843,0.8452,20.0,0.8402,36.0,1334.0,57.0
2021-01-05 09:35:09.191,0.843,0.8461,10.0,0.8415,16.0,1334.0,57.0
2021-01-05 09:35:09.700,0.843,0.8461,10.0,0.8415,16.0,1334.0,57.0
2021-01-05 09:35:10.180,0.843,0.8463,20.0,0.8415,36.0,1334.0,57.0
2021-01-05 09:35:10.691,0.843,0.8463,20.0,0.8415,36.0,1334.0,57.0
2021-01-05 09:35:11.160,0.843,0.8463,20.0,0.8415,36.0,1334.0,57.0
2021-01-05 09:35:12.101,0.843,0.8463,20.0,0.8415,42.0,1334.0,57.0
2021-01-05 09:35:12.691,0.843,0.8463,20.0,0.8415,36.0,1334.0,57.0
2021-01-05 09:35:13.640,0.843,0.8463,20.0,0.8415,36.0,1334.0,57.0
2021-01-05 09:35:14.191,0.843,0.8454,16.0,0.8415,20.0,1334.0,57.0
2021-01-05 09:35:14.700,0.843,0.8454,16.0,0.8399,16.0,1334.0,57.0
2021-01-05 09:35:15.200,0.843,0.8454,36.0,0.8399,16.0,1334.0,57.0
2021-01-05 09:35:15.701,0.843,0.8454,16.0,0.8399,16.0,1334.0,57.0
2021-01-05 09:35:16.151,0.843,0.8454,36.0,0.8399,16.0,1334.0,57.0
2021-01-05 09:35:17.680,0.843,0.8454,36.0,0.8399,16.0,1334.0,57.0
2021-01-05 09:35:18.681,0.843,0.8454,36.0,0.8399,16.0,1334.0,57.0
2021-01-05 09:35:20.690,0.843,0.8454,36.0,0.8399,16.0,1334.0,57.0
2021-01-05 09:35:21.620,0.843,0.8454,36.0,0.8399,22.0,1334.0,57.0
2021-01-05 09:35:22.171,0.843,0.8454,20.0,0.841,16.0,1334.0,57.0
2021-01-05 09:35:22.650,0.843,0.8454,20.0,0.841,18.0,1334.0,57.0
2021-01-05 09:35:23.151,0.843,0.8465,16.0,0.841,38.0,1334.0,57.0
2021-01-05 09:35:23.680,0.843,0.8465,16.0,0.841,38.0,1334.0,57.0
2021-01-05 09:35:24.171,0.843,0.8465,16.0,0.841,36.0,1334.0,57.0
2021-01-05 09:35:25.170,0.843,0.8465,16.0,0.841,38.0,1334.0,57.0
2021-01-05 09:35:29.641,0.843,0.8465,16.0,0.841,36.0,1334.0,57.0
2021-01-05 09:35:33.650,0.843,0.8465,16.0,0.8411,2.0,1334.0,57.0
2021-01-05 09:35:34.190,0.843,0.8469,10.0,0.842,16.0,1334.0,57.0
2021-01-05 09:35:35.200,0.843,0.8469,10.0,0.842,36.0,1334.0,57.0
2021-01-05 09:35:35.600,0.843,0.8469,10.0,0.842,36.0,1334.0,57.0
2021-01-05 09:35:36.601,0.843,0.847,20.0,0.8423,10.0,1334.0,57.0
2021-01-05 09:35:37.581,0.843,0.847,20.0,0.8423,10.0,1334.0,57.0
2021-01-05 09:35:39.140,0.843,0.847,20.0,0.8423,10.0,1334.0,57.0
2021-01-05 09:35:40.191,0.843,0.847,20.0,0.8423,10.0,1334.0,57.0
2021-01-05 09:35:43.190,0.843,0.847,20.0,0.8424,2.0,1334.0,57.0
2021-01-05 09:35:43.661,0.843,0.847,20.0,0.8423,10.0,1334.0,57.0
2021-01-05 09:35:44.101,0.843,0.847,20.0,0.8424,2.0,1334.0,57.0
2021-01-05 09:35:45.670,0.843,0.847,20.0,0.8434,16.0,1334.0,57.0
2021-01-05 09:35:46.170,0.843,0.8489,36.0,0.8434,36.0,1334.0,57.0
2021-01-05 09:35:46.441,0.843,0.8489,36.0,0.8434,38.0,1334.0,57.0
2021-01-05 09:35:48.181,0.843,0.8489,36.0,0.8434,38.0,1334.0,57.0
2021-01-05 09:35:48.181,0.843,0.8489,36.0,0.8434,38.0,1334.0,57.0
2021-01-05 09:35:53.111,0.843,0.8489,36.0,0.8434,44.0,1334.0,57.0
2021-01-05 09:35:54.161,0.843,0.8489,36.0,0.8434,38.0,1334.0,57.0
2021-01-05 09:35:54.640,0.843,0.8489,36.0,0.8434,36.0,1334.0,57.0
2021-01-05 09:35:55.181,0.843,0.8489,36.0,0.8434,36.0,1334.0,57.0
2021-01-05 09:35:55.691,0.843,0.8489,36.0,0.8434,16.0,1334.0,57.0
2021-01-05 09:35:56.140,0.843,0.8478,16.0,0.8431,20.0,1334.0,57.0
2021-01-05 09:35:57.160,0.843,0.8478,36.0,0.8423,26.0,1334.0,57.0
2021-01-05 09:35:57.681,0.843,0.8478,36.0,0.8424,2.0,1334.0,57.0
2021-01-05 09:35:58.150,0.843,0.8478,36.0,0.8424,2.0,1334.0,57.0
2021-01-05 09:35:58.970,0.843,0.8478,36.0,0.8424,8.0,1334.0,57.0
2021-01-05 09:35:59.640,0.843,0.8478,20.0,0.8434,16.0,1334.0,57.0
2021-01-05 09:36:00.611,0.843,0.8489,36.0,0.8434,36.0,1334.0,57.0
2021-01-05 09:36:01.181,0.843,0.8489,36.0,0.8434,36.0,1334.0,57.0
2021-01-05 09:36:01.671,0.843,0.8489,36.0,0.8435,2.0,1334.0,57.0
2021-01-05 09:36:02.170,0.843,0.8489,36.0,0.8434,36.0,1334.0,57.0
2021-01-05 09:36:02.701,0.843,0.8489,36.0,0.8434,36.0,1334.0,57.0
2021-01-05 09:36:03.150,0.843,0.8489,36.0,0.8434,36.0,1334.0,57.0
2021-01-05 09:36:04.201,0.843,0.8478,16.0,0.8434,20.0,1334.0,57.0
2021-01-05 09:36:04.670,0.843,0.8478,16.0,0.8434,20.0,1334.0,57.0
2021-01-05 09:36:05.150,0.843,0.8478,36.0,0.8423,16.0,1334.0,57.0
2021-01-05 09:36:05.690,0.843,0.8478,36.0,0.8423,16.0,1334.0,57.0
2021-01-05 09:36:09.161,0.843,0.8478,36.0,0.8423,16.0,1334.0,57.0
2021-01-05 09:36:10.160,0.843,0.8478,36.0,0.8423,16.0,1334.0,57.0
2021-01-05 09:36:25.191,0.843,0.8478,36.0,0.8423,16.0,1334.0,57.0
2021-01-05 09:36:25.690,0.843,0.8478,36.0,0.8423,16.0,1334.0,57.0
2021-01-05 09:36:26.651,0.843,0.8478,36.0,0.8423,16.0,1334.0,57.0
2021-01-05 09:36:27.690,0.843,0.8478,36.0,0.8423,22.0,1334.0,57.0
2021-01-05 09:36:28.120,0.843,0.8478,20.0,0.8437,16.0,1334.0,57.0
2021-01-05 09:36:28.681,0.843,0.8478,20.0,0.8437,16.0,1334.0,57.0
2021-01-05 09:36:29.171,0.843,0.8489,20.0,0.8437,36.0,1334.0,57.0
2021-01-05 09:36:29.661,0.843,0.8489,20.0,0.8437,16.0,1334.0,57.0
2021-01-05 09:36:30.161,0.843,0.8489,20.0,0.8437,36.0,1334.0,57.0
2021-01-05 09:36:30.700,0.843,0.8489,20.0,0.8437,22.0,1334.0,57.0
2021-01-05 09:36:31.181,0.843,0.8489,20.0,0.8437,36.0,1334.0,57.0
2021-01-05 09:36:36.700,0.843,0.8489,20.0,0.8438,12.0,1334.0,57.0
2021-01-05 09:36:38.120,0.843,0.8489,20.0,0.8438,12.0,1334.0,57.0
2021-01-05 09:36:40.191,0.843,0.8489,20.0,0.8438,10.0,1334.0,57.0
2021-01-05 09:36:40.700,0.843,0.8489,20.0,0.8438,10.0,1334.0,57.0
2021-01-05 09:36:41.201,0.843,0.8489,20.0,0.8438,12.0,1334.0,57.0
2021-01-05 09:36:41.641,0.843,0.8489,20.0,0.8438,10.0,1334.0,57.0
2021-01-05 09:36:43.700,0.843,0.8489,20.0,0.8439,2.0,1334.0,57.0
2021-01-05 09:36:45.631,0.843,0.8489,20.0,0.8439,8.0,1334.0,57.0
2021-01-05 09:36:46.190,0.843,0.8489,20.0,0.8448,16.0,1334.0,57.0
2021-01-05 09:36:47.130,0.843,0.8503,36.0,0.8449,2.0,1334.0,57.0
2021-01-05 09:36:47.660,0.843,0.8503,36.0,0.8459,10.0,1334.0,57.0
2021-01-05 09:36:48.630,0.843,0.8503,36.0,0.8459,30.0,1334.0,57.0
2021-01-05 09:36:49.700,0.843,0.8503,36.0,0.8459,30.0,1334.0,57.0
2021-01-05 09:36:52.691,0.843,0.8503,36.0,0.846,2.0,1334.0,57.0
2021-01-05 09:36:53.191,0.843,0.8503,20.0,0.846,2.0,1334.0,57.0
2021-01-05 09:36:54.180,0.843,0.8514,36.0,0.8459,46.0,1334.0,57.0
2021-01-05 09:36:55.171,0.843,0.8514,36.0,0.8459,46.0,1334.0,57.0
2021-01-05 09:36:55.651,0.843,0.8514,36.0,0.8459,36.0,1334.0,57.0
2021-01-05 09:36:58.610,0.843,0.8504,16.0,0.8459,20.0,1334.0,57.0
2021-01-05 09:36:59.181,0.843,0.8504,16.0,0.8459,20.0,1334.0,57.0
2021-01-05 09:36:59.690,0.843,0.8504,36.0,0.8457,2.0,1334.0,57.0
2021-01-05 09:37:00.151,0.843,0.8504,36.0,0.8457,22.0,1334.0,57.0
2021-01-05 09:37:01.640,0.843,0.8504,36.0,0.8457,20.0,1334.0,57.0
2021-01-05 09:37:02.640,0.843,0.8504,36.0,0.8449,16.0,1334.0,57.0
2021-01-05 09:37:03.151,0.843,0.8504,36.0,0.845,2.0,1334.0,57.0
2021-01-05 09:37:04.200,0.843,0.8504,36.0,0.8449,16.0,1334.0,57.0
2021-01-05 09:37:04.690,0.843,0.8504,36.0,0.8449,16.0,1334.0,57.0
2021-01-05 09:37:05.701,0.843,0.8493,16.0,0.8438,16.0,1334.0,57.0
2021-01-05 09:37:06.171,0.843,0.8492,1.0,0.8438,16.0,1334.0,57.0
2021-01-05 09:37:06.700,0.843,0.8492,1.0,0.8438,16.0,1334.0,57.0
2021-01-05 09:37:08.190,0.843,0.8493,36.0,0.8438,16.0,1334.0,57.0
2021-01-05 09:37:08.630,0.843,0.8493,36.0,0.8438,18.0,1334.0,57.0
2021-01-05 09:37:09.170,0.843,0.8493,20.0,0.8449,16.0,1334.0,57.0
2021-01-05 09:37:09.660,0.843,0.8504,36.0,0.8449,36.0,1334.0,57.0
2021-01-05 09:37:10.140,0.843,0.8504,36.0,0.8449,36.0,1334.0,57.0
2021-01-05 09:37:10.701,0.843,0.8504,36.0,0.8449,16.0,1334.0,57.0
2021-01-05 09:37:11.201,0.843,0.8494,16.0,0.8439,16.0,1334.0,57.0
2021-01-05 09:37:12.131,0.843,0.8494,36.0,0.8439,16.0,1334.0,57.0
2021-01-05 09:37:12.620,0.843,0.8494,36.0,0.8439,16.0,1334.0,57.0
2021-01-05 09:37:13.681,0.843,0.8494,36.0,0.8439,16.0,1334.0,57.0
2021-01-05 09:37:15.700,0.843,0.8494,36.0,0.844,2.0,1334.0,57.0
2021-01-05 09:37:16.201,0.843,0.8494,36.0,0.844,2.0,1334.0,57.0
2021-01-05 09:37:16.461,0.843,0.8494,36.0,0.8439,16.0,1334.0,57.0
2021-01-05 09:37:17.200,0.843,0.8494,36.0,0.8439,16.0,1334.0,57.0
2021-01-05 09:37:18.710,0.843,0.8494,36.0,0.8439,16.0,1334.0,57.0
2021-01-05 09:37:21.200,0.843,0.8494,36.0,0.8439,16.0,1334.0,57.0
2021-01-05 09:37:23.150,0.843,0.8494,36.0,0.8439,16.0,1334.0,57.0
2021-01-05 09:37:33.180,0.843,0.8494,36.0,0.844,2.0,1334.0,57.0
2021-01-05 09:37:33.701,0.843,0.8494,36.0,0.844,2.0,1334.0,57.0
2021-01-05 09:37:35.170,0.843,0.8494,36.0,0.8439,16.0,1334.0,57.0
2021-01-05 09:37:35.650,0.843,0.8494,36.0,0.8439,16.0,1334.0,57.0
2021-01-05 09:37:38.651,0.843,0.8484,16.0,0.8437,20.0,1334.0,57.0
2021-01-05 09:37:39.641,0.843,0.8484,36.0,0.8437,20.0,1334.0,57.0
2021-01-05 09:37:40.701,0.843,0.8484,36.0,0.8437,20.0,1334.0,57.0
2021-01-05 09:37:43.671,0.843,0.8484,36.0,0.8435,16.0,1334.0,57.0
2021-01-05 09:37:44.651,0.843,0.8473,16.0,0.8428,20.0,1334.0,57.0
2021-01-05 09:37:45.191,0.843,0.8473,36.0,0.8428,20.0,1334.0,57.0
2021-01-05 09:37:46.601,0.843,0.8473,36.0,0.8428,20.0,1334.0,57.0
2021-01-05 09:37:47.210,0.843,0.8473,36.0,0.8428,20.0,1334.0,57.0
2021-01-05 09:37:51.691,0.843,0.8473,20.0,0.8436,16.0,1334.0,57.0
2021-01-05 09:37:52.660,0.843,0.8481,10.0,0.8436,36.0,1334.0,57.0
2021-01-05 09:37:56.611,0.843,0.8481,10.0,0.8436,36.0,1334.0,57.0
2021-01-05 09:37:57.170,0.843,0.8475,16.0,0.8428,20.0,1334.0,57.0
2021-01-05 09:37:57.601,0.843,0.8475,36.0,0.8428,20.0,1334.0,57.0
2021-01-05 09:37:59.130,0.843,0.8475,36.0,0.8428,20.0,1334.0,57.0
2021-01-05 09:38:06.691,0.843,0.8475,20.0,0.8436,16.0,1334.0,57.0
2021-01-05 09:38:07.200,0.843,0.8481,10.0,0.8436,36.0,1334.0,57.0
2021-01-05 09:38:07.590,0.843,0.848,1.0,0.8436,36.0,1334.0,57.0
2021-01-05 09:38:08.151,0.843,0.8484,20.0,0.8436,36.0,1334.0,57.0
2021-01-05 09:38:09.160,0.843,0.8484,20.0,0.8447,16.0,1334.0,57.0
2021-01-05 09:38:09.681,0.843,0.8484,20.0,0.8447,16.0,1334.0,57.0
2021-01-05 09:38:10.180,0.843,0.8496,36.0,0.8447,36.0,1334.0,57.0
2021-01-05 09:38:12.191,0.843,0.8496,36.0,0.8447,36.0,1334.0,57.0
2021-01-05 09:38:12.691,0.843,0.8496,36.0,0.8447,36.0,1334.0,57.0
2021-01-05 09:38:13.110,0.843,0.8496,36.0,0.8447,42.0,1334.0,57.0
2021-01-05 09:38:13.690,0.843,0.8496,36.0,0.8447,42.0,1334.0,57.0
2021-01-05 09:38:14.141,0.843,0.8496,36.0,0.8447,42.0,1334.0,57.0
2021-01-05 09:38:14.691,0.843,0.8496,36.0,0.8447,36.0,1334.0,57.0
2021-01-05 09:38:15.150,0.843,0.8506,36.0,0.8456,16.0,1334.0,57.0
2021-01-05 09:38:15.730,0.843,0.8506,36.0,0.8457,10.0,1334.0,57.0
2021-01-05 09:38:16.210,0.843,0.8506,36.0,0.8456,46.0,1334.0,57.0
2021-01-05 09:38:17.190,0.843,0.8506,36.0,0.8456,46.0,1334.0,57.0
2021-01-05 09:38:18.231,0.843,0.8506,36.0,0.8456,46.0,1334.0,57.0
2021-01-05 09:38:18.660,0.843,0.8506,36.0,0.8456,46.0,1334.0,57.0
2021-01-05 09:38:19.670,0.843,0.8506,36.0,0.8456,52.0,1334.0,57.0
2021-01-05 09:38:20.231,0.843,0.8506,36.0,0.8456,46.0,1334.0,57.0
2021-01-05 09:38:20.690,0.843,0.8506,36.0,0.8456,52.0,1334.0,57.0
2021-01-05 09:38:21.240,0.843,0.8506,36.0,0.8456,46.0,1334.0,57.0
2021-01-05 09:38:21.670,0.843,0.8514,20.0,0.8466,16.0,1334.0,57.0
2021-01-05 09:38:22.210,0.843,0.8514,20.0,0.8467,10.0,1334.0,57.0
2021-01-05 09:38:22.661,0.843,0.8514,20.0,0.8467,10.0,1334.0,57.0
2021-01-05 09:38:23.681,0.843,0.8514,20.0,0.8467,10.0,1334.0,57.0
2021-01-05 09:38:24.141,0.843,0.8514,20.0,0.8467,10.0,1334.0,57.0
2021-01-05 09:38:24.690,0.843,0.8514,20.0,0.8476,16.0,1334.0,57.0
2021-01-05 09:38:25.101,0.843,0.8525,36.0,0.8476,36.0,1334.0,57.0
2021-01-05 09:38:26.100,0.843,0.8525,36.0,0.8476,36.0,1334.0,57.0
2021-01-05 09:38:26.701,0.843,0.8525,36.0,0.8476,46.0,1334.0,57.0
2021-01-05 09:38:28.171,0.843,0.8525,36.0,0.8476,52.0,1334.0,57.0
2021-01-05 09:38:28.680,0.843,0.8525,36.0,0.8476,46.0,1334.0,57.0
2021-01-05 09:38:29.191,0.843,0.8525,36.0,0.8476,46.0,1334.0,57.0
2021-01-05 09:38:29.641,0.843,0.8525,36.0,0.8476,46.0,1334.0,57.0
2021-01-05 09:38:30.670,0.843,0.8525,36.0,0.8476,46.0,1334.0,57.0
2021-01-05 09:38:31.181,0.843,0.8525,36.0,0.8476,46.0,1334.0,57.0
2021-01-05 09:38:32.171,0.843,0.8525,36.0,0.8476,46.0,1334.0,57.0
2021-01-05 09:38:32.701,0.843,0.8525,36.0,0.8476,46.0,1334.0,57.0
2021-01-05 09:38:33.191,0.843,0.8525,20.0,0.8484,16.0,1334.0,57.0
2021-01-05 09:38:33.700,0.843,0.8536,16.0,0.8485,10.0,1334.0,57.0
2021-01-05 09:38:34.201,0.843,0.8536,16.0,0.8484,46.0,1334.0,57.0
2021-01-05 09:38:35.200,0.843,0.8548,36.0,0.8497,36.0,1334.0,57.0
2021-01-05 09:38:35.621,0.843,0.8548,36.0,0.8498,10.0,1334.0,57.0
2021-01-05 09:38:36.130,0.843,0.8548,36.0,0.8497,46.0,1334.0,57.0
2021-01-05 09:38:37.131,0.843,0.8548,36.0,0.8497,46.0,1334.0,57.0
2021-01-05 09:38:37.680,0.843,0.8548,36.0,0.8497,46.0,1334.0,57.0
2021-01-05 09:38:38.161,0.843,0.8548,36.0,0.8497,46.0,1334.0,57.0
2021-01-05 09:38:38.601,0.843,0.8548,20.0,0.8507,16.0,1334.0,57.0
2021-01-05 09:38:39.161,0.843,0.8558,16.0,0.8507,36.0,1334.0,57.0
2021-01-05 09:38:39.901,0.843,0.8572,16.0,0.852,16.0,1334.0,57.0
2021-01-05 09:38:41.190,0.843,0.8572,16.0,0.8521,10.0,1334.0,57.0
2021-01-05 09:38:41.670,0.843,0.8572,16.0,0.8521,10.0,1334.0,57.0
2021-01-05 09:38:42.191,0.843,0.8572,16.0,0.8521,10.0,1334.0,57.0
2021-01-05 09:38:42.700,0.843,0.8572,16.0,0.8521,10.0,1334.0,57.0
2021-01-05 09:38:43.190,0.843,0.8572,16.0,0.8521,10.0,1334.0,57.0
2021-01-05 09:38:43.701,0.843,0.8572,16.0,0.8521,10.0,1334.0,57.0
2021-01-05 09:38:44.200,0.843,0.8572,16.0,0.8521,10.0,1334.0,57.0
2021-01-05 09:38:44.690,0.843,0.8572,16.0,0.8521,10.0,1334.0,57.0
2021-01-05 09:38:45.201,0.843,0.8572,16.0,0.8521,10.0,1334.0,57.0
2021-01-05 09:38:45.580,0.843,0.8572,16.0,0.852,46.0,1334.0,57.0
2021-01-05 09:38:46.200,0.843,0.8562,16.0,0.8522,10.0,1334.0,57.0
2021-01-05 09:38:46.631,0.843,0.8562,16.0,0.8521,10.0,1334.0,57.0
2021-01-05 09:38:47.140,0.843,0.8562,16.0,0.852,30.0,1334.0,57.0
2021-01-05 09:38:47.691,0.843,0.8562,16.0,0.8522,10.0,1334.0,57.0
2021-01-05 09:38:48.200,0.843,0.8562,16.0,0.8514,10.0,1334.0,57.0
2021-01-05 09:38:48.650,0.843,0.8551,16.0,0.8514,10.0,1334.0,57.0
2021-01-05 09:38:49.130,0.843,0.8551,36.0,0.8507,20.0,1334.0,57.0
2021-01-05 09:38:49.670,0.843,0.8551,36.0,0.8511,10.0,1334.0,57.0
2021-01-05 09:38:50.651,0.843,0.8551,36.0,0.8511,30.0,1334.0,57.0
2021-01-05 09:38:51.170,0.843,0.8551,36.0,0.8511,30.0,1334.0,57.0
2021-01-05 09:38:51.691,0.843,0.8551,16.0,0.8511,30.0,1334.0,57.0
2021-01-05 09:38:52.150,0.843,0.8563,36.0,0.8512,16.0,1334.0,57.0
2021-01-05 09:38:52.671,0.843,0.8563,36.0,0.8512,16.0,1334.0,57.0
2021-01-05 09:38:53.620,0.843,0.8563,36.0,0.8512,16.0,1334.0,57.0
2021-01-05 09:38:54.690,0.843,0.8563,16.0,0.8512,16.0,1334.0,57.0
2021-01-05 09:38:55.191,0.843,0.8563,16.0,0.8513,10.0,1334.0,57.0
2021-01-05 09:38:55.700,0.843,0.8571,20.0,0.8523,16.0,1334.0,57.0
2021-01-05 09:38:56.190,0.843,0.8571,20.0,0.8523,36.0,1334.0,57.0
2021-01-05 09:38:57.200,0.843,0.8571,20.0,0.8523,36.0,1334.0,57.0
2021-01-05 09:38:57.640,0.843,0.8571,20.0,0.8524,10.0,1334.0,57.0
2021-01-05 09:38:58.161,0.843,0.8571,20.0,0.8523,36.0,1334.0,57.0
2021-01-05 09:38:58.670,0.843,0.8562,16.0,0.8523,20.0,1334.0,57.0
2021-01-05 09:38:59.060,0.843,0.8562,36.0,0.8517,10.0,1334.0,57.0
2021-01-05 09:39:00.660,0.843,0.8562,36.0,0.8513,26.0,1334.0,57.0
2021-01-05 09:39:01.160,0.843,0.8562,36.0,0.8518,10.0,1334.0,57.0
2021-01-05 09:39:01.700,0.8518,0.8562,36.0,0.8518,9.0,1333.0,58.0
2021-01-05 09:39:02.201,0.8518,0.8562,36.0,0.8513,26.0,1333.0,58.0
2021-01-05 09:39:02.620,0.8518,0.8562,36.0,0.8519,10.0,1333.0,58.0
2021-01-05 09:39:03.150,0.8518,0.8562,36.0,0.8515,10.0,1333.0,58.0
2021-01-05 09:39:04.161,0.8518,0.8562,36.0,0.8513,16.0,1333.0,58.0
2021-01-05 09:39:04.610,0.8518,0.8562,36.0,0.8513,26.0,1333.0,58.0
2021-01-05 09:39:05.211,0.8518,0.8562,36.0,0.8514,10.0,1333.0,58.0
2021-01-05 09:39:07.200,0.8518,0.8562,36.0,0.8513,16.0,1333.0,58.0
2021-01-05 09:39:07.680,0.8518,0.8562,36.0,0.8513,26.0,1333.0,58.0
2021-01-05 09:39:08.131,0.8518,0.8562,36.0,0.8513,16.0,1333.0,58.0
2021-01-05 09:39:08.690,0.8518,0.8562,36.0,0.8514,10.0,1333.0,58.0
2021-01-05 09:39:09.161,0.8518,0.8562,36.0,0.8513,26.0,1333.0,58.0
2021-01-05 09:39:09.601,0.8518,0.8562,36.0,0.8515,10.0,1333.0,58.0
2021-01-05 09:39:10.191,0.8518,0.8562,36.0,0.8514,10.0,1333.0,58.0
2021-01-05 09:39:10.721,0.8518,0.8562,36.0,0.8516,10.0,1333.0,58.0
2021-01-05 09:39:11.201,0.8518,0.8562,36.0,0.8516,10.0,1333.0,58.0
2021-01-05 09:39:11.701,0.8518,0.8562,36.0,0.8516,10.0,1333.0,58.0
2021-01-05 09:39:12.220,0.8518,0.8562,36.0,0.8516,10.0,1333.0,58.0
2021-01-05 09:39:12.690,0.8518,0.8562,36.0,0.8516,10.0,1333.0,58.0
2021-01-05 09:39:13.720,0.8518,0.8562,36.0,0.8516,10.0,1333.0,58.0
2021-01-05 09:39:14.160,0.8518,0.8562,36.0,0.8516,10.0,1333.0,58.0
2021-01-05 09:39:15.220,0.8518,0.8562,20.0,0.8523,16.0,1333.0,58.0
2021-01-05 09:39:15.720,0.8518,0.8562,20.0,0.8524,10.0,1333.0,58.0
2021-01-05 09:39:16.121,0.8518,0.8571,20.0,0.8523,46.0,1333.0,58.0
2021-01-05 09:39:16.721,0.8518,0.8571,20.0,0.8523,46.0,1333.0,58.0
2021-01-05 09:39:17.650,0.8518,0.8571,20.0,0.8523,46.0,1333.0,58.0
2021-01-05 09:39:18.221,0.8518,0.8571,20.0,0.8523,46.0,1333.0,58.0
2021-01-05 09:39:20.221,0.8518,0.8571,20.0,0.8523,46.0,1333.0,58.0
2021-01-05 09:39:20.741,0.8518,0.8571,20.0,0.8523,46.0,1333.0,58.0
2021-01-05 09:39:21.231,0.8518,0.8571,20.0,0.8523,46.0,1333.0,58.0
2021-01-05 09:39:21.671,0.8518,0.8571,20.0,0.8523,46.0,1333.0,58.0
2021-01-05 09:39:22.651,0.8518,0.8571,20.0,0.8523,46.0,1333.0,58.0
2021-01-05 09:39:23.200,0.8518,0.8571,20.0,0.8523,46.0,1333.0,58.0
2021-01-05 09:39:23.710,0.8518,0.8571,20.0,0.8523,46.0,1333.0,58.0
2021-01-05 09:39:24.151,0.8518,0.8571,20.0,0.8523,46.0,1333.0,58.0
2021-01-05 09:39:25.700,0.8518,0.8571,20.0,0.8523,46.0,1333.0,58.0
2021-01-05 09:39:27.210,0.8518,0.8571,20.0,0.8523,46.0,1333.0,58.0
2021-01-05 09:39:27.711,0.8518,0.8571,20.0,0.8523,46.0,1333.0,58.0
2021-01-05 09:39:29.231,0.8518,0.8571,20.0,0.8523,46.0,1333.0,58.0
2021-01-05 09:39:29.721,0.8518,0.8571,20.0,0.8523,46.0,1333.0,58.0
2021-01-05 09:39:30.220,0.8518,0.8571,20.0,0.8523,46.0,1333.0,58.0
2021-01-05 09:39:30.721,0.8518,0.8571,20.0,0.8523,46.0,1333.0,58.0
2021-01-05 09:39:31.121,0.8518,0.8571,20.0,0.8523,46.0,1333.0,58.0
2021-01-05 09:39:31.701,0.8518,0.8571,20.0,0.8523,46.0,1333.0,58.0
2021-01-05 09:39:32.700,0.8518,0.8571,20.0,0.8523,46.0,1333.0,58.0
2021-01-05 09:39:34.210,0.8518,0.8571,20.0,0.8523,46.0,1333.0,58.0
2021-01-05 09:39:34.681,0.8518,0.8571,20.0,0.8523,36.0,1333.0,58.0
2021-01-05 09:39:35.701,0.8518,0.8571,20.0,0.8523,36.0,1333.0,58.0
2021-01-05 09:39:36.231,0.8518,0.8571,20.0,0.8523,46.0,1333.0,58.0
2021-01-05 09:39:36.660,0.8518,0.8571,20.0,0.8523,36.0,1333.0,58.0
2021-01-05 09:39:37.221,0.8518,0.8571,20.0,0.8523,36.0,1333.0,58.0
2021-01-05 09:39:39.241,0.8518,0.8571,20.0,0.8523,46.0,1333.0,58.0
2021-01-05 09:39:41.220,0.8518,0.8562,16.0,0.8523,20.0,1333.0,58.0
2021-01-05 09:39:41.750,0.8518,0.8562,16.0,0.8524,10.0,1333.0,58.0
2021-01-05 09:39:42.210,0.8518,0.8562,36.0,0.8518,10.0,1333.0,58.0
2021-01-05 09:39:42.580,0.8518,0.8562,16.0,0.8515,10.0,1333.0,58.0
2021-01-05 09:39:43.191,0.8518,0.8562,36.0,0.8513,26.0,1333.0,58.0
2021-01-05 09:39:43.660,0.8518,0.8562,36.0,0.8513,16.0,1333.0,58.0
2021-01-05 09:39:44.231,0.8518,0.8562,36.0,0.8513,16.0,1333.0,58.0
2021-01-05 09:39:44.680,0.8518,0.8562,36.0,0.8514,10.0,1333.0,58.0
2021-01-05 09:39:45.251,0.8518,0.8562,36.0,0.8513,26.0,1333.0,58.0
2021-01-05 09:39:45.750,0.8518,0.8562,36.0,0.8513,26.0,1333.0,58.0
2021-01-05 09:39:46.190,0.8518,0.8562,36.0,0.8515,10.0,1333.0,58.0
2021-01-05 09:39:46.711,0.8518,0.8562,20.0,0.8523,16.0,1333.0,58.0
2021-01-05 09:39:47.250,0.8518,0.8562,20.0,0.8523,16.0,1333.0,58.0
2021-01-05 09:39:47.731,0.8518,0.8572,36.0,0.8523,16.0,1333.0,58.0
2021-01-05 09:39:48.221,0.8518,0.8572,36.0,0.8523,16.0,1333.0,58.0
2021-01-05 09:39:48.711,0.8518,0.8572,36.0,0.8523,16.0,1333.0,58.0
2021-01-05 09:39:49.241,0.8518,0.8572,36.0,0.8524,10.0,1333.0,58.0
2021-01-05 09:39:49.711,0.8518,0.8572,36.0,0.8523,26.0,1333.0,58.0
2021-01-05 09:39:50.710,0.8518,0.8572,36.0,0.8523,31.0,1333.0,58.0
2021-01-05 09:39:51.241,0.8518,0.8581,20.0,0.8534,16.0,1333.0,58.0
2021-01-05 09:39:51.730,0.8518,0.8581,20.0,0.8534,17.0,1333.0,58.0
2021-01-05 09:39:52.251,0.8518,0.8581,20.0,0.8534,37.0,1333.0,58.0
2021-01-05 09:39:52.670,0.8518,0.8581,20.0,0.8534,36.0,1333.0,58.0
2021-01-05 09:39:53.181,0.8518,0.8581,20.0,0.8534,36.0,1333.0,58.0
2021-01-05 09:39:53.630,0.8518,0.8579,10.0,0.8534,16.0,1333.0,58.0
2021-01-05 09:39:54.191,0.8518,0.8581,20.0,0.8534,16.0,1333.0,58.0
2021-01-05 09:39:54.691,0.8518,0.8581,20.0,0.8534,16.0,1333.0,58.0
2021-01-05 09:39:55.181,0.8518,0.8581,20.0,0.8535,10.0,1333.0,58.0
2021-01-05 09:39:55.640,0.8518,0.8581,20.0,0.8534,16.0,1333.0,58.0
2021-01-05 09:39:56.120,0.8518,0.8581,20.0,0.8536,10.0,1333.0,58.0
2021-01-05 09:39:56.691,0.8518,0.8582,10.0,0.8535,10.0,1333.0,58.0
2021-01-05 09:39:57.181,0.8518,0.8582,30.0,0.8536,10.0,1333.0,58.0
2021-01-05 09:39:57.580,0.8518,0.8582,30.0,0.8534,16.0,1333.0,58.0
2021-01-05 09:39:58.201,0.8518,0.8582,30.0,0.8534,16.0,1333.0,58.0
2021-01-05 09:39:58.600,0.8518,0.8582,30.0,0.8534,16.0,1333.0,58.0
2021-01-05 09:39:59.061,0.8518,0.8582,30.0,0.8534,16.0,1333.0,58.0
2021-01-05 09:40:00.631,0.8518,0.8582,30.0,0.8535,10.0,1333.0,58.0
2021-01-05 09:40:01.201,0.8518,0.8582,30.0,0.8534,16.0,1333.0,58.0
2021-01-05 09:40:01.570,0.8518,0.8573,16.0,0.8528,10.0,1333.0,58.0
2021-01-05 09:40:02.200,0.8518,0.8573,36.0,0.8528,10.0,1333.0,58.0
2021-01-05 09:40:02.671,0.8518,0.8573,36.0,0.8523,16.0,1333.0,58.0
2021-01-05 09:40:03.171,0.8518,0.8573,36.0,0.8523,16.0,1333.0,58.0
2021-01-05 09:40:03.691,0.8518,0.8573,36.0,0.8523,26.0,1333.0,58.0
2021-01-05 09:40:04.160,0.8518,0.8573,36.0,0.8523,26.0,1333.0,58.0
2021-01-05 09:40:04.700,0.8518,0.8573,36.0,0.8523,16.0,1333.0,58.0
2021-01-05 09:40:05.701,0.8518,0.8573,36.0,0.8523,16.0,1333.0,58.0
2021-01-05 09:40:06.200,0.8518,0.8573,36.0,0.8523,16.0,1333.0,58.0
2021-01-05 09:40:06.701,0.8518,0.8563,16.0,0.852,20.0,1333.0,58.0
2021-01-05 09:40:07.191,0.8518,0.8563,36.0,0.852,20.0,1333.0,58.0
2021-01-05 09:40:07.700,0.8518,0.8563,36.0,0.852,20.0,1333.0,58.0
2021-01-05 09:40:08.200,0.8518,0.8563,36.0,0.852,20.0,1333.0,58.0
2021-01-05 09:40:09.191,0.8518,0.8553,16.0,0.8512,20.0,1333.0,58.0
2021-01-05 09:40:10.150,0.8518,0.8553,36.0,0.8513,10.0,1333.0,58.0
2021-01-05 09:40:10.680,0.8518,0.8553,36.0,0.8512,30.0,1333.0,58.0
2021-01-05 09:40:11.170,0.8518,0.8553,36.0,0.8512,30.0,1333.0,58.0
2021-01-05 09:40:11.671,0.8518,0.8553,36.0,0.8512,20.0,1333.0,58.0
2021-01-05 09:40:12.190,0.8518,0.8553,36.0,0.8512,20.0,1333.0,58.0
2021-01-05 09:40:12.680,0.8518,0.8553,36.0,0.8512,20.0,1333.0,58.0
2021-01-05 09:40:13.170,0.8518,0.8553,36.0,0.8504,36.0,1333.0,58.0
2021-01-05 09:40:13.400,0.8518,0.8552,10.0,0.8504,36.0,1333.0,58.0
2021-01-05 09:40:14.150,0.8518,0.8544,16.0,0.8504,20.0,1333.0,58.0
2021-01-05 09:40:14.701,0.8518,0.8544,16.0,0.8504,20.0,1333.0,58.0
2021-01-05 09:40:15.120,0.8518,0.8544,36.0,0.8504,20.0,1333.0,58.0
2021-01-05 09:40:15.690,0.8518,0.8544,36.0,0.8497,10.0,1333.0,58.0
2021-01-05 09:40:15.690,0.8518,0.8544,36.0,0.8497,15.0,1333.0,58.0
2021-01-05 09:40:16.610,0.8518,0.8544,36.0,0.8497,15.0,1333.0,58.0
2021-01-05 09:40:17.191,0.8518,0.8541,10.0,0.8497,5.0,1333.0,58.0
2021-01-05 09:40:17.661,0.8518,0.8541,10.0,0.8497,5.0,1333.0,58.0
2021-01-05 09:40:17.661,0.8518,0.8541,10.0,0.8497,5.0,1333.0,58.0
2021-01-05 09:40:18.701,0.8518,0.8541,10.0,0.8497,5.0,1333.0,58.0
2021-01-05 09:40:19.711,0.8518,0.8541,10.0,0.8498,10.0,1333.0,58.0
2021-01-05 09:40:20.191,0.8518,0.8541,10.0,0.8498,2.0,1333.0,58.0
2021-01-05 09:40:21.200,0.8518,0.8544,16.0,0.8498,17.0,1333.0,58.0
2021-01-05 09:40:21.701,0.8518,0.8553,20.0,0.8505,16.0,1333.0,58.0
2021-01-05 09:40:22.210,0.8518,0.8553,20.0,0.8505,21.0,1333.0,58.0
2021-01-05 09:40:22.591,0.8518,0.8553,20.0,0.8505,41.0,1333.0,58.0
2021-01-05 09:40:23.200,0.8518,0.8553,20.0,0.8505,46.0,1333.0,58.0
2021-01-05 09:40:24.160,0.8518,0.8553,20.0,0.8505,52.0,1333.0,58.0
2021-01-05 09:40:24.681,0.8518,0.8553,20.0,0.8506,10.0,1333.0,58.0
2021-01-05 09:40:25.121,0.8518,0.8553,20.0,0.8506,7.0,1333.0,58.0
2021-01-05 09:40:25.570,0.8518,0.8553,20.0,0.8506,7.0,1333.0,58.0
2021-01-05 09:40:26.181,0.8518,0.8553,20.0,0.8506,7.0,1333.0,58.0
2021-01-05 09:40:26.650,0.8518,0.8553,20.0,0.8506,7.0,1333.0,58.0
2021-01-05 09:40:27.140,0.8518,0.8553,20.0,0.8507,10.0,1333.0,58.0
2021-01-05 09:40:27.701,0.8518,0.8553,20.0,0.8514,16.0,1333.0,58.0
2021-01-05 09:40:28.110,0.8518,0.8553,20.0,0.8514,16.0,1333.0,58.0
2021-01-05 09:40:28.690,0.8518,0.8563,36.0,0.8515,10.0,1333.0,58.0
2021-01-05 09:40:29.170,0.8518,0.8563,36.0,0.8514,32.0,1333.0,58.0
2021-01-05 09:40:29.681,0.8518,0.8563,36.0,0.8514,52.0,1333.0,58.0
2021-01-05 09:40:33.191,0.8518,0.8563,36.0,0.8514,42.0,1333.0,58.0
2021-01-05 09:40:33.681,0.8518,0.8563,36.0,0.8514,36.0,1333.0,58.0
2021-01-05 09:40:34.171,0.8518,0.8554,16.0,0.8514,20.0,1333.0,58.0
2021-01-05 09:40:34.601,0.8518,0.8554,16.0,0.8514,20.0,1333.0,58.0
2021-01-05 09:40:35.201,0.8518,0.8554,36.0,0.8511,10.0,1333.0,58.0
2021-01-05 09:40:36.161,0.8518,0.8554,36.0,0.8511,15.0,1333.0,58.0
2021-01-05 09:40:36.620,0.8518,0.8554,36.0,0.8511,20.0,1333.0,58.0
2021-01-05 09:40:37.700,0.8518,0.8554,36.0,0.8511,26.0,1333.0,58.0
2021-01-05 09:40:38.130,0.8518,0.8554,36.0,0.8511,20.0,1333.0,58.0
2021-01-05 09:40:39.041,0.8518,0.8554,36.0,0.8511,15.0,1333.0,58.0
2021-01-05 09:40:39.681,0.8518,0.8554,36.0,0.8511,5.0,1333.0,58.0
2021-01-05 09:40:40.151,0.8518,0.8554,36.0,0.8508,10.0,1333.0,58.0
2021-01-05 09:40:41.191,0.8518,0.8554,36.0,0.8507,10.0,1333.0,58.0
2021-01-05 09:40:41.640,0.8518,0.8554,36.0,0.8505,30.0,1333.0,58.0
2021-01-05 09:40:42.201,0.8518,0.8554,36.0,0.8506,10.0,1333.0,58.0
2021-01-05 09:40:44.180,0.8518,0.8554,36.0,0.8505,20.0,1333.0,58.0
2021-01-05 09:40:44.610,0.8518,0.8554,36.0,0.8505,30.0,1333.0,58.0
2021-01-05 09:40:48.700,0.8518,0.8554,36.0,0.8505,20.0,1333.0,58.0
2021-01-05 09:40:49.111,0.8518,0.8554,36.0,0.8506,10.0,1333.0,58.0
2021-01-05 09:40:50.181,0.8518,0.8554,36.0,0.8505,20.0,1333.0,58.0
2021-01-05 09:40:50.671,0.8518,0.8554,36.0,0.8505,20.0,1333.0,58.0
2021-01-05 09:40:51.601,0.8518,0.8554,36.0,0.8505,20.0,1333.0,58.0
2021-01-05 09:40:53.651,0.8518,0.8554,46.0,0.8505,20.0,1333.0,58.0
2021-01-05 09:40:54.141,0.8518,0.8554,46.0,0.8505,20.0,1333.0,58.0
2021-01-05 09:40:54.661,0.8518,0.8551,10.0,0.8505,20.0,1333.0,58.0
2021-01-05 09:40:55.111,0.8518,0.8554,36.0,0.8505,20.0,1333.0,58.0
2021-01-05 09:40:55.681,0.8518,0.8554,36.0,0.8505,20.0,1333.0,58.0
2021-01-05 09:40:56.121,0.8518,0.8554,36.0,0.8505,20.0,1333.0,58.0
2021-01-05 09:40:56.711,0.8518,0.8554,36.0,0.8506,10.0,1333.0,58.0
2021-01-05 09:40:57.180,0.8518,0.8554,36.0,0.8505,30.0,1333.0,58.0
2021-01-05 09:40:57.560,0.8518,0.8554,36.0,0.8505,30.0,1333.0,58.0
2021-01-05 09:40:58.721,0.8518,0.8554,36.0,0.8505,20.0,1333.0,58.0
2021-01-05 09:40:58.980,0.8518,0.8554,36.0,0.8506,10.0,1333.0,58.0
2021-01-05 09:40:59.721,0.8518,0.8554,36.0,0.8505,20.0,1333.0,58.0
2021-01-05 09:41:01.041,0.8518,0.8554,36.0,0.8507,10.0,1333.0,58.0
2021-01-05 09:41:01.650,0.8518,0.8554,36.0,0.8505,20.0,1333.0,58.0
2021-01-05 09:41:02.190,0.8518,0.8554,36.0,0.8505,20.0,1333.0,58.0
2021-01-05 09:41:02.661,0.8518,0.8554,36.0,0.8505,30.0,1333.0,58.0
2021-01-05 09:41:03.110,0.8518,0.8554,36.0,0.8505,30.0,1333.0,58.0
2021-01-05 09:41:03.721,0.8518,0.8554,36.0,0.8505,30.0,1333.0,58.0
2021-01-05 09:41:04.180,0.8518,0.8554,36.0,0.8505,35.0,1333.0,58.0
2021-01-05 09:41:04.680,0.8518,0.8554,36.0,0.8505,35.0,1333.0,58.0
2021-01-05 09:41:05.220,0.8518,0.8554,36.0,0.8505,30.0,1333.0,58.0
2021-01-05 09:41:06.221,0.8518,0.8554,36.0,0.8505,30.0,1333.0,58.0
2021-01-05 09:41:07.100,0.8518,0.8554,36.0,0.8505,46.0,1333.0,58.0
2021-01-05 09:41:07.631,0.8518,0.8554,36.0,0.8505,40.0,1333.0,58.0
2021-01-05 09:41:08.201,0.8518,0.8554,36.0,0.8505,45.0,1333.0,58.0
2021-01-05 09:41:08.701,0.8518,0.8554,36.0,0.8505,40.0,1333.0,58.0
2021-01-05 09:41:09.661,0.8518,0.8554,36.0,0.8505,56.0,1333.0,58.0
2021-01-05 09:41:10.220,0.8518,0.8554,36.0,0.8505,45.0,1333.0,58.0
2021-01-05 09:41:10.710,0.8518,0.8563,36.0,0.8514,16.0,1333.0,58.0
2021-01-05 09:41:11.711,0.8518,0.8563,36.0,0.8514,36.0,1333.0,58.0
2021-01-05 09:41:12.151,0.8518,0.8563,36.0,0.8514,45.0,1333.0,58.0
2021-01-05 09:41:12.710,0.8518,0.8563,36.0,0.8514,39.0,1333.0,58.0
2021-01-05 09:41:13.161,0.8518,0.8563,36.0,0.8514,39.0,1333.0,58.0
2021-01-05 09:41:13.711,0.8518,0.8563,36.0,0.8514,38.0,1333.0,58.0
2021-01-05 09:41:14.160,0.8518,0.8563,36.0,0.8515,10.0,1333.0,58.0
2021-01-05 09:41:14.671,0.8518,0.8563,36.0,0.8515,5.0,1333.0,58.0
2021-01-05 09:41:15.180,0.8518,0.8563,36.0,0.8514,36.0,1333.0,58.0
2021-01-05 09:41:15.651,0.8518,0.8563,36.0,0.8514,36.0,1333.0,58.0
2021-01-05 09:41:18.200,0.8518,0.8563,36.0,0.8514,36.0,1333.0,58.0
2021-01-05 09:41:18.600,0.8518,0.8563,36.0,0.8515,10.0,1333.0,58.0
2021-01-05 09:41:19.161,0.8518,0.8563,36.0,0.8514,46.0,1333.0,58.0
2021-01-05 09:41:19.601,0.8518,0.8563,36.0,0.8514,51.0,1333.0,58.0
2021-01-05 09:41:20.070,0.8518,0.8563,36.0,0.8514,36.0,1333.0,58.0
2021-01-05 09:41:22.700,0.8518,0.8563,36.0,0.8515,10.0,1333.0,58.0
2021-01-05 09:41:23.061,0.8518,0.8563,36.0,0.8514,51.0,1333.0,58.0
2021-01-05 09:41:24.171,0.8518,0.8563,36.0,0.8514,36.0,1333.0,58.0
2021-01-05 09:41:24.651,0.8518,0.8563,36.0,0.8514,46.0,1333.0,58.0
2021-01-05 09:41:25.120,0.8518,0.8563,36.0,0.8516,10.0,1333.0,58.0
2021-01-05 09:41:25.641,0.8518,0.8563,36.0,0.8515,10.0,1333.0,58.0
2021-01-05 09:41:26.670,0.8518,0.8563,36.0,0.8515,11.0,1333.0,58.0
2021-01-05 09:41:27.131,0.8518,0.8563,36.0,0.8515,13.0,1333.0,58.0
2021-01-05 09:41:27.710,0.8518,0.8563,36.0,0.8515,29.0,1333.0,58.0
2021-01-05 09:41:28.171,0.8518,0.8563,36.0,0.8515,13.0,1333.0,58.0
2021-01-05 09:41:28.540,0.8518,0.8563,36.0,0.8515,13.0,1333.0,58.0
2021-01-05 09:41:29.001,0.8518,0.8563,36.0,0.8515,13.0,1333.0,58.0
2021-01-05 09:41:29.690,0.8518,0.8563,36.0,0.8515,13.0,1333.0,58.0
2021-01-05 09:41:30.711,0.8518,0.8563,36.0,0.8515,18.0,1333.0,58.0
2021-01-05 09:41:31.181,0.8518,0.8563,36.0,0.8515,13.0,1333.0,58.0
2021-01-05 09:41:32.220,0.8518,0.8563,36.0,0.8515,19.0,1333.0,58.0
2021-01-05 09:41:32.670,0.8518,0.8563,36.0,0.8515,9.0,1333.0,58.0
2021-01-05 09:41:33.171,0.8518,0.8563,36.0,0.8516,10.0,1333.0,58.0
2021-01-05 09:41:33.680,0.8518,0.8563,36.0,0.8515,13.0,1333.0,58.0
2021-01-05 09:41:34.120,0.8518,0.8563,36.0,0.8515,3.0,1333.0,58.0
2021-01-05 09:41:35.221,0.8518,0.8563,36.0,0.8517,10.0,1333.0,58.0
2021-01-05 09:41:35.721,0.8518,0.8563,36.0,0.8517,10.0,1333.0,58.0
2021-01-05 09:41:36.070,0.8518,0.8573,20.0,0.8526,16.0,1333.0,58.0
2021-01-05 09:41:36.720,0.8518,0.8573,20.0,0.8527,10.0,1333.0,58.0
2021-01-05 09:41:37.210,0.8518,0.8573,20.0,0.8526,36.0,1333.0,58.0
2021-01-05 09:41:37.711,0.8518,0.8573,20.0,0.8526,46.0,1333.0,58.0
2021-01-05 09:41:38.220,0.8518,0.8575,16.0,0.8528,10.0,1333.0,58.0
2021-01-05 09:41:38.710,0.8518,0.8575,16.0,0.8527,11.0,1333.0,58.0
2021-01-05 09:41:39.521,0.8518,0.8575,16.0,0.8527,13.0,1333.0,58.0
2021-01-05 09:41:41.130,0.8518,0.8575,16.0,0.8528,10.0,1333.0,58.0
2021-01-05 09:41:41.730,0.8518,0.8575,16.0,0.8527,13.0,1333.0,58.0
2021-01-05 09:41:42.201,0.8518,0.8575,16.0,0.8527,11.0,1333.0,58.0
2021-01-05 09:41:42.700,0.8518,0.8575,16.0,0.8527,10.0,1333.0,58.0
2021-01-05 09:41:44.671,0.8518,0.8575,16.0,0.8527,10.0,1333.0,58.0
2021-01-05 09:41:45.190,0.8518,0.8575,16.0,0.8527,20.0,1333.0,58.0
2021-01-05 09:41:45.701,0.8518,0.8575,16.0,0.8527,10.0,1333.0,58.0
2021-01-05 09:41:46.241,0.8518,0.8575,16.0,0.8527,20.0,1333.0,58.0
2021-01-05 09:41:46.661,0.8518,0.8575,16.0,0.8527,10.0,1333.0,58.0
2021-01-05 09:41:47.201,0.8518,0.8575,16.0,0.8528,10.0,1333.0,58.0
2021-01-05 09:41:48.181,0.8518,0.8575,16.0,0.8527,10.0,1333.0,58.0
2021-01-05 09:41:49.191,0.8518,0.8575,16.0,0.8527,10.0,1333.0,58.0
2021-01-05 09:41:49.750,0.8518,0.8575,16.0,0.8527,10.0,1333.0,58.0
2021-01-05 09:41:50.231,0.8518,0.8575,16.0,0.8527,31.0,1333.0,58.0
2021-01-05 09:41:50.751,0.8518,0.8575,16.0,0.8527,25.0,1333.0,58.0
2021-01-05 09:41:51.251,0.8518,0.8575,16.0,0.8527,10.0,1333.0,58.0
2021-01-05 09:41:51.760,0.8518,0.8575,16.0,0.8527,10.0,1333.0,58.0
2021-01-05 09:41:52.261,0.8518,0.8575,16.0,0.8527,26.0,1333.0,58.0
2021-01-05 09:41:52.690,0.8518,0.8582,20.0,0.8537,16.0,1333.0,58.0
2021-01-05 09:41:53.201,0.8518,0.8582,20.0,0.8537,36.0,1333.0,58.0
2021-01-05 09:41:54.161,0.8518,0.8582,20.0,0.8537,36.0,1333.0,58.0
2021-01-05 09:41:55.160,0.8518,0.8587,16.0,0.8537,42.0,1333.0,58.0
2021-01-05 09:41:55.671,0.8518,0.8587,16.0,0.8538,10.0,1333.0,58.0
2021-01-05 09:41:56.151,0.8518,0.8587,16.0,0.8537,46.0,1333.0,58.0
2021-01-05 09:41:56.680,0.8518,0.8587,16.0,0.8537,46.0,1333.0,58.0
2021-01-05 09:41:57.110,0.8518,0.8587,16.0,0.8537,49.0,1333.0,58.0
2021-01-05 09:41:57.640,0.8518,0.8587,16.0,0.8537,49.0,1333.0,58.0
2021-01-05 09:41:58.140,0.8518,0.8587,16.0,0.8537,49.0,1333.0,58.0
2021-01-05 09:41:58.660,0.8518,0.8587,16.0,0.8537,49.0,1333.0,58.0
2021-01-05 09:41:59.700,0.8518,0.8587,16.0,0.8537,49.0,1333.0,58.0
2021-01-05 09:42:00.151,0.8518,0.8587,16.0,0.8537,49.0,1333.0,58.0
2021-01-05 09:42:00.701,0.8518,0.8587,16.0,0.8537,49.0,1333.0,58.0
2021-01-05 09:42:01.651,0.8518,0.8587,16.0,0.8537,55.0,1333.0,58.0
2021-01-05 09:42:02.201,0.8518,0.8587,16.0,0.8537,55.0,1333.0,58.0
2021-01-05 09:42:02.641,0.8518,0.8595,16.0,0.8546,16.0,1333.0,58.0
2021-01-05 09:42:03.690,0.8518,0.8595,16.0,0.8546,36.0,1333.0,58.0
2021-01-05 09:42:04.110,0.8518,0.8595,16.0,0.8547,10.0,1333.0,58.0
2021-01-05 09:42:04.641,0.8518,0.8595,16.0,0.8546,46.0,1333.0,58.0
2021-01-05 09:42:06.181,0.8518,0.8595,16.0,0.8546,46.0,1333.0,58.0
2021-01-05 09:42:06.690,0.8518,0.8595,16.0,0.8546,46.0,1333.0,58.0
2021-01-05 09:42:09.230,0.8518,0.8595,16.0,0.8546,46.0,1333.0,58.0
2021-01-05 09:42:11.211,0.8518,0.8595,16.0,0.8546,46.0,1333.0,58.0
2021-01-05 09:42:11.691,0.8518,0.8595,16.0,0.8546,51.0,1333.0,58.0
2021-01-05 09:42:12.210,0.8518,0.8599,20.0,0.8558,16.0,1333.0,58.0
2021-01-05 09:42:12.721,0.8518,0.8599,20.0,0.8558,36.0,1333.0,58.0
2021-01-05 09:42:13.211,0.8518,0.8599,20.0,0.8559,10.0,1333.0,58.0
2021-01-05 09:42:13.731,0.8518,0.8599,20.0,0.8559,10.0,1333.0,58.0
2021-01-05 09:42:14.671,0.8518,0.8607,36.0,0.8559,10.0,1333.0,58.0
2021-01-05 09:42:15.170,0.8518,0.8607,36.0,0.8558,36.0,1333.0,58.0
2021-01-05 09:42:16.181,0.8518,0.8607,36.0,0.8559,10.0,1333.0,58.0
2021-01-05 09:42:16.701,0.8518,0.8607,36.0,0.8559,10.0,1333.0,58.0
2021-01-05 09:42:17.241,0.8518,0.8607,36.0,0.8559,10.0,1333.0,58.0
2021-01-05 09:42:18.701,0.8518,0.8597,16.0,0.8558,20.0,1333.0,58.0
2021-01-05 09:42:19.721,0.8518,0.8597,36.0,0.8558,20.0,1333.0,58.0
2021-01-05 09:42:20.150,0.8518,0.8597,36.0,0.8558,20.0,1333.0,58.0
2021-01-05 09:42:20.751,0.8518,0.8597,36.0,0.8558,20.0,1333.0,58.0
2021-01-05 09:42:21.621,0.8518,0.8597,36.0,0.8558,20.0,1333.0,58.0
2021-01-05 09:42:22.221,0.8518,0.8597,36.0,0.8558,30.0,1333.0,58.0
2021-01-05 09:42:24.151,0.8518,0.8597,36.0,0.8558,30.0,1333.0,58.0
2021-01-05 09:42:24.670,0.8518,0.8597,36.0,0.8558,30.0,1333.0,58.0
2021-01-05 09:42:25.621,0.8518,0.8597,36.0,0.8558,30.0,1333.0,58.0
2021-01-05 09:42:27.171,0.8518,0.8597,36.0,0.8558,30.0,1333.0,58.0
2021-01-05 09:42:30.710,0.8518,0.8597,36.0,0.8558,30.0,1333.0,58.0
2021-01-05 09:42:31.200,0.8518,0.8597,36.0,0.8558,30.0,1333.0,58.0
2021-01-05 09:42:31.720,0.8518,0.8597,20.0,0.8558,30.0,1333.0,58.0
2021-01-05 09:42:31.991,0.8518,0.8597,20.0,0.8558,30.0,1333.0,58.0
2021-01-05 09:42:32.721,0.8518,0.8606,16.0,0.8558,30.0,1333.0,58.0
2021-01-05 09:42:33.230,0.8518,0.8606,16.0,0.8558,30.0,1333.0,58.0
2021-01-05 09:42:34.210,0.8518,0.8606,16.0,0.8558,30.0,1333.0,58.0
2021-01-05 09:42:36.650,0.8518,0.8606,16.0,0.8558,30.0,1333.0,58.0
2021-01-05 09:42:37.251,0.8518,0.8606,16.0,0.8558,30.0,1333.0,58.0
2021-01-05 09:42:41.731,0.8518,0.8606,16.0,0.8558,30.0,1333.0,58.0
2021-01-05 09:42:42.250,0.8518,0.8606,16.0,0.8558,30.0,1333.0,58.0
2021-01-05 09:42:42.711,0.8518,0.8606,16.0,0.8558,30.0,1333.0,58.0
2021-01-05 09:42:43.251,0.8518,0.8606,16.0,0.8558,30.0,1333.0,58.0
2021-01-05 09:42:43.741,0.8518,0.8606,16.0,0.8558,30.0,1333.0,58.0
2021-01-05 09:42:44.211,0.8518,0.8606,16.0,0.8558,30.0,1333.0,58.0
2021-01-05 09:42:44.751,0.8518,0.8606,16.0,0.8558,30.0,1333.0,58.0
2021-01-05 09:42:45.191,0.8518,0.8606,16.0,0.8558,30.0,1333.0,58.0
2021-01-05 09:42:46.741,0.8518,0.8606,16.0,0.8558,30.0,1333.0,58.0
2021-01-05 09:42:48.720,0.8518,0.8606,16.0,0.8558,30.0,1333.0,58.0
2021-01-05 09:42:51.060,0.8518,0.8606,16.0,0.8558,30.0,1333.0,58.0
2021-01-05 09:42:52.251,0.8518,0.8606,16.0,0.8558,30.0,1333.0,58.0
2021-01-05 09:42:53.640,0.8518,0.8606,16.0,0.8558,35.0,1333.0,58.0
2021-01-05 09:42:55.190,0.8518,0.8606,16.0,0.8558,30.0,1333.0,58.0
2021-01-05 09:42:55.701,0.8518,0.8606,16.0,0.8558,30.0,1333.0,58.0
2021-01-05 09:42:56.191,0.8518,0.8606,16.0,0.8558,46.0,1333.0,58.0
2021-01-05 09:42:56.650,0.8518,0.8606,16.0,0.8558,35.0,1333.0,58.0
2021-01-05 09:42:57.661,0.8518,0.8607,20.0,0.8567,16.0,1333.0,58.0
2021-01-05 09:42:58.220,0.8518,0.8616,36.0,0.8567,36.0,1333.0,58.0
2021-01-05 09:42:58.731,0.8518,0.8616,36.0,0.8567,36.0,1333.0,58.0
2021-01-05 09:42:59.230,0.8518,0.8616,36.0,0.8567,36.0,1333.0,58.0
2021-01-05 09:42:59.651,0.8518,0.8616,36.0,0.8567,36.0,1333.0,58.0
2021-01-05 09:43:00.200,0.8518,0.8616,36.0,0.8567,36.0,1333.0,58.0
2021-01-05 09:43:00.721,0.8518,0.8616,36.0,0.8568,10.0,1333.0,58.0
2021-01-05 09:43:01.211,0.8518,0.8616,36.0,0.8567,46.0,1333.0,58.0
2021-01-05 09:43:02.150,0.8518,0.8616,36.0,0.8567,46.0,1333.0,58.0
2021-01-05 09:43:02.681,0.8518,0.8616,36.0,0.8567,46.0,1333.0,58.0
2021-01-05 09:43:04.240,0.8518,0.8616,36.0,0.8596,2.0,1333.0,58.0
2021-01-05 09:43:04.740,0.8596,0.8616,36.0,0.8567,46.0,1335.0,60.0
2021-01-05 09:43:05.251,0.8596,0.8616,36.0,0.8567,46.0,1335.0,60.0
2021-01-05 09:43:05.731,0.8596,0.8616,36.0,0.8567,46.0,1335.0,60.0
2021-01-05 09:43:06.171,0.8596,0.8616,36.0,0.8567,36.0,1335.0,60.0
2021-01-05 09:43:06.751,0.8596,0.8616,36.0,0.8567,36.0,1335.0,60.0
2021-01-05 09:43:07.231,0.8596,0.8616,36.0,0.8567,36.0,1335.0,60.0
2021-01-05 09:43:07.710,0.8596,0.8616,36.0,0.8567,36.0,1335.0,60.0
2021-01-05 09:43:08.181,0.8596,0.8607,16.0,0.8567,20.0,1335.0,60.0
2021-01-05 09:43:08.701,0.8596,0.8607,36.0,0.8562,10.0,1335.0,60.0
2021-01-05 09:43:09.231,0.8596,0.8607,36.0,0.8564,10.0,1335.0,60.0
2021-01-05 09:43:09.740,0.8596,0.8607,36.0,0.8561,10.0,1335.0,60.0
2021-01-05 09:43:10.150,0.8596,0.8607,16.0,0.8568,10.0,1335.0,60.0
2021-01-05 09:43:10.761,0.8596,0.8607,16.0,0.8568,30.0,1335.0,60.0
2021-01-05 09:43:13.210,0.8596,0.8607,16.0,0.8564,10.0,1335.0,60.0
2021-01-05 09:43:13.740,0.8596,0.8607,16.0,0.8562,10.0,1335.0,60.0
2021-01-05 09:43:14.270,0.8596,0.8607,16.0,0.8559,10.0,1335.0,60.0
2021-01-05 09:43:15.771,0.8596,0.8607,16.0,0.8558,20.0,1335.0,60.0
2021-01-05 09:43:16.270,0.8596,0.8607,16.0,0.8558,20.0,1335.0,60.0
2021-01-05 09:43:16.720,0.8596,0.8607,16.0,0.856,10.0,1335.0,60.0
2021-01-05 09:43:17.271,0.8596,0.8607,16.0,0.8559,10.0,1335.0,60.0
2021-01-05 09:43:17.771,0.8596,0.8607,16.0,0.8559,10.0,1335.0,60.0
2021-01-05 09:43:18.270,0.8596,0.8607,16.0,0.8559,10.0,1335.0,60.0
2021-01-05 09:43:21.271,0.8596,0.8607,16.0,0.8559,10.0,1335.0,60.0
2021-01-05 09:43:22.281,0.8596,0.8607,16.0,0.8559,10.0,1335.0,60.0
2021-01-05 09:43:22.671,0.8596,0.8607,16.0,0.8559,10.0,1335.0,60.0
2021-01-05 09:43:23.190,0.8596,0.8607,16.0,0.8559,10.0,1335.0,60.0
2021-01-05 09:43:24.120,0.8596,0.8607,16.0,0.8559,10.0,1335.0,60.0
2021-01-05 09:43:25.701,0.8596,0.8607,16.0,0.8559,10.0,1335.0,60.0
2021-01-05 09:43:26.181,0.8596,0.8608,20.0,0.8567,16.0,1335.0,60.0
2021-01-05 09:43:26.621,0.8596,0.8616,36.0,0.8567,36.0,1335.0,60.0
2021-01-05 09:43:27.190,0.8596,0.8616,36.0,0.8567,36.0,1335.0,60.0
2021-01-05 09:43:27.591,0.8596,0.8616,36.0,0.8567,46.0,1335.0,60.0
2021-01-05 09:43:31.111,0.8596,0.8616,36.0,0.8567,46.0,1335.0,60.0
2021-01-05 09:43:32.701,0.8596,0.8616,36.0,0.8567,46.0,1335.0,60.0
2021-01-05 09:43:33.141,0.8596,0.8616,36.0,0.8567,46.0,1335.0,60.0
2021-01-05 09:43:34.691,0.8596,0.8616,36.0,0.8567,46.0,1335.0,60.0
2021-01-05 09:43:35.160,0.8596,0.8616,36.0,0.8567,46.0,1335.0,60.0
2021-01-05 09:43:36.661,0.8596,0.8616,36.0,0.8567,36.0,1335.0,60.0
2021-01-05 09:43:37.631,0.8596,0.8616,36.0,0.8568,10.0,1335.0,60.0
2021-01-05 09:43:38.221,0.8596,0.8616,36.0,0.8567,46.0,1335.0,60.0
2021-01-05 09:43:38.680,0.8596,0.8616,36.0,0.8568,10.0,1335.0,60.0
2021-01-05 09:43:39.241,0.8596,0.8616,36.0,0.8568,10.0,1335.0,60.0
2021-01-05 09:43:40.731,0.8596,0.8616,36.0,0.8568,10.0,1335.0,60.0
2021-01-05 09:43:43.231,0.8596,0.8613,10.0,0.8567,36.0,1335.0,60.0
2021-01-05 09:43:43.711,0.8596,0.8616,36.0,0.8567,46.0,1335.0,60.0
2021-01-05 09:43:44.670,0.8596,0.8616,36.0,0.8567,36.0,1335.0,60.0
2021-01-05 09:43:45.221,0.8596,0.8616,36.0,0.8567,36.0,1335.0,60.0
2021-01-05 09:43:45.720,0.8596,0.8616,36.0,0.8567,46.0,1335.0,60.0
2021-01-05 09:43:46.750,0.8596,0.8616,36.0,0.8567,36.0,1335.0,60.0
2021-01-05 09:43:47.250,0.8596,0.8616,36.0,0.8568,10.0,1335.0,60.0
2021-01-05 09:43:47.661,0.8596,0.8616,36.0,0.8567,46.0,1335.0,60.0
2021-01-05 09:43:48.220,0.8596,0.8616,36.0,0.8567,36.0,1335.0,60.0
2021-01-05 09:43:48.721,0.8596,0.8615,10.0,0.8567,36.0,1335.0,60.0
2021-01-05 09:43:49.221,0.8596,0.8605,16.0,0.8567,20.0,1335.0,60.0
2021-01-05 09:43:49.511,0.8596,0.8605,36.0,0.8562,10.0,1335.0,60.0
2021-01-05 09:43:50.170,0.8596,0.8605,36.0,0.8558,20.0,1335.0,60.0
2021-01-05 09:43:50.721,0.8596,0.8605,36.0,0.8558,20.0,1335.0,60.0
2021-01-05 09:43:51.660,0.8596,0.8605,36.0,0.8558,20.0,1335.0,60.0
2021-01-05 09:43:52.200,0.8596,0.8605,36.0,0.8558,20.0,1335.0,60.0
2021-01-05 09:43:52.681,0.8596,0.8605,36.0,0.8558,20.0,1335.0,60.0
2021-01-05 09:43:53.201,0.8596,0.8605,36.0,0.8558,20.0,1335.0,60.0
2021-01-05 09:43:53.610,0.8596,0.8605,36.0,0.8558,20.0,1335.0,60.0
2021-01-05 09:43:54.191,0.8596,0.8605,46.0,0.8558,20.0,1335.0,60.0
2021-01-05 09:43:55.660,0.8596,0.8605,46.0,0.8558,20.0,1335.0,60.0
2021-01-05 09:43:56.200,0.8596,0.8595,16.0,0.8558,20.0,1335.0,60.0
2021-01-05 09:43:56.721,0.8596,0.8595,36.0,0.8558,20.0,1335.0,60.0
2021-01-05 09:43:57.650,0.8596,0.8595,36.0,0.8558,20.0,1335.0,60.0
2021-01-05 09:43:58.190,0.8596,0.8595,36.0,0.8558,20.0,1335.0,60.0
2021-01-05 09:43:58.711,0.8596,0.8595,36.0,0.8558,20.0,1335.0,60.0
2021-01-05 09:43:59.170,0.8596,0.8595,36.0,0.8558,20.0,1335.0,60.0
2021-01-05 09:44:00.131,0.8596,0.8595,36.0,0.8558,20.0,1335.0,60.0
2021-01-05 09:44:00.701,0.8596,0.8595,36.0,0.8558,20.0,1335.0,60.0
2021-01-05 09:44:01.160,0.8596,0.8595,36.0,0.855,30.0,1335.0,60.0
2021-01-05 09:44:01.621,0.8596,0.8595,36.0,0.8551,10.0,1335.0,60.0
2021-01-05 09:44:02.711,0.8596,0.8595,36.0,0.855,30.0,1335.0,60.0
2021-01-05 09:44:03.241,0.8596,0.8595,36.0,0.855,20.0,1335.0,60.0
2021-01-05 09:44:03.750,0.8596,0.8595,36.0,0.855,20.0,1335.0,60.0
2021-01-05 09:44:04.230,0.8596,0.8595,20.0,0.855,20.0,1335.0,60.0
2021-01-05 09:44:04.751,0.8596,0.8583,16.0,0.854,20.0,1335.0,60.0
2021-01-05 09:44:05.260,0.8596,0.8583,36.0,0.854,20.0,1335.0,60.0
2021-01-05 09:44:05.750,0.8596,0.8583,36.0,0.8543,10.0,1335.0,60.0
2021-01-05 09:44:06.261,0.8596,0.8583,36.0,0.854,20.0,1335.0,60.0
2021-01-05 09:44:06.770,0.8596,0.8583,36.0,0.8542,10.0,1335.0,60.0
2021-01-05 09:44:07.281,0.8596,0.8583,36.0,0.854,20.0,1335.0,60.0
2021-01-05 09:44:07.750,0.8596,0.8583,36.0,0.854,20.0,1335.0,60.0
2021-01-05 09:44:08.261,0.8596,0.8583,36.0,0.854,20.0,1335.0,60.0
2021-01-05 09:44:08.760,0.8596,0.8583,36.0,0.854,20.0,1335.0,60.0
2021-01-05 09:44:09.780,0.8596,0.8583,36.0,0.854,20.0,1335.0,60.0
2021-01-05 09:44:10.280,0.8596,0.8583,36.0,0.854,20.0,1335.0,60.0
2021-01-05 09:44:10.781,0.8596,0.8583,36.0,0.854,20.0,1335.0,60.0
2021-01-05 09:44:11.271,0.8596,0.8583,36.0,0.854,20.0,1335.0,60.0
2021-01-05 09:44:12.270,0.8596,0.8583,36.0,0.854,20.0,1335.0,60.0
2021-01-05 09:44:13.230,0.8596,0.8583,36.0,0.854,20.0,1335.0,60.0
2021-01-05 09:44:14.260,0.8596,0.8583,36.0,0.854,20.0,1335.0,60.0
2021-01-05 09:44:15.280,0.8596,0.8583,36.0,0.854,20.0,1335.0,60.0
2021-01-05 09:44:16.281,0.8596,0.8583,36.0,0.854,20.0,1335.0,60.0
2021-01-05 09:44:17.280,0.8596,0.8583,36.0,0.854,20.0,1335.0,60.0
2021-01-05 09:44:17.770,0.8596,0.8583,36.0,0.854,30.0,1335.0,60.0
2021-01-05 09:44:19.261,0.8596,0.8583,36.0,0.854,30.0,1335.0,60.0
2021-01-05 09:44:19.801,0.8596,0.8583,36.0,0.854,20.0,1335.0,60.0
2021-01-05 09:44:20.780,0.8596,0.8583,36.0,0.854,30.0,1335.0,60.0
2021-01-05 09:44:22.131,0.8596,0.8583,36.0,0.854,20.0,1335.0,60.0
2021-01-05 09:44:22.661,0.8596,0.8583,36.0,0.854,20.0,1335.0,60.0
2021-01-05 09:44:25.660,0.8596,0.8583,36.0,0.854,20.0,1335.0,60.0
2021-01-05 09:44:26.201,0.8596,0.8583,36.0,0.854,30.0,1335.0,60.0
2021-01-05 09:44:26.701,0.8596,0.8583,36.0,0.854,20.0,1335.0,60.0
2021-01-05 09:44:27.201,0.8596,0.8583,36.0,0.854,20.0,1335.0,60.0
2021-01-05 09:44:28.680,0.8596,0.8583,36.0,0.854,30.0,1335.0,60.0
2021-01-05 09:44:29.200,0.8596,0.8583,36.0,0.854,20.0,1335.0,60.0
2021-01-05 09:44:29.640,0.8596,0.8583,36.0,0.854,20.0,1335.0,60.0
2021-01-05 09:44:30.720,0.8596,0.8583,36.0,0.854,20.0,1335.0,60.0
2021-01-05 09:44:32.220,0.8596,0.8583,36.0,0.854,20.0,1335.0,60.0
2021-01-05 09:44:32.691,0.8596,0.8583,36.0,0.854,20.0,1335.0,60.0
2021-01-05 09:44:33.730,0.8596,0.8583,36.0,0.854,20.0,1335.0,60.0
2021-01-05 09:44:34.141,0.8596,0.8583,36.0,0.8534,16.0,1335.0,60.0
2021-01-05 09:44:34.520,0.8596,0.8573,16.0,0.8532,20.0,1335.0,60.0
2021-01-05 09:44:35.740,0.8596,0.8573,36.0,0.8533,10.0,1335.0,60.0
2021-01-05 09:44:36.220,0.8596,0.8573,36.0,0.8532,20.0,1335.0,60.0
2021-01-05 09:44:37.240,0.8596,0.8573,36.0,0.8532,30.0,1335.0,60.0
2021-01-05 09:44:37.751,0.8596,0.8573,36.0,0.8532,20.0,1335.0,60.0
2021-01-05 09:44:38.201,0.8596,0.8573,36.0,0.8532,20.0,1335.0,60.0
2021-01-05 09:44:39.661,0.8596,0.8573,36.0,0.8532,20.0,1335.0,60.0
2021-01-05 09:44:40.250,0.8596,0.8573,36.0,0.8532,20.0,1335.0,60.0
2021-01-05 09:44:40.750,0.8596,0.8573,36.0,0.8532,20.0,1335.0,60.0
2021-01-05 09:44:41.211,0.8596,0.8573,36.0,0.8524,36.0,1335.0,60.0
2021-01-05 09:44:43.251,0.8596,0.8573,36.0,0.8524,36.0,1335.0,60.0
2021-01-05 09:44:44.260,0.8596,0.8573,36.0,0.8525,10.0,1335.0,60.0
2021-01-05 09:44:44.761,0.8596,0.8573,36.0,0.8524,36.0,1335.0,60.0
2021-01-05 09:44:45.261,0.8596,0.8573,36.0,0.8525,10.0,1335.0,60.0
2021-01-05 09:44:45.760,0.8596,0.8573,36.0,0.8525,6.0,1335.0,60.0
2021-01-05 09:44:46.271,0.8596,0.8573,36.0,0.8524,46.0,1335.0,60.0
2021-01-05 09:44:46.771,0.8596,0.8573,36.0,0.8526,10.0,1335.0,60.0
2021-01-05 09:44:47.251,0.8596,0.8573,36.0,0.8525,10.0,1335.0,60.0
2021-01-05 09:44:47.770,0.8596,0.8573,36.0,0.8525,10.0,1335.0,60.0
2021-01-05 09:44:49.800,0.8596,0.8573,36.0,0.8525,10.0,1335.0,60.0
2021-01-05 09:44:50.300,0.8596,0.8573,36.0,0.8525,26.0,1335.0,60.0
2021-01-05 09:44:50.811,0.8596,0.8573,36.0,0.8525,36.0,1335.0,60.0
2021-01-05 09:44:51.270,0.8596,0.8573,36.0,0.8525,36.0,1335.0,60.0
2021-01-05 09:44:51.810,0.8596,0.8573,36.0,0.8525,36.0,1335.0,60.0
2021-01-05 09:44:52.311,0.8596,0.8573,36.0,0.8525,31.0,1335.0,60.0
2021-01-05 09:44:53.201,0.8596,0.8573,36.0,0.8525,10.0,1335.0,60.0
2021-01-05 09:44:53.710,0.8596,0.8573,36.0,0.8525,15.0,1335.0,60.0
2021-01-05 09:44:54.970,0.8596,0.8573,36.0,0.8525,10.0,1335.0,60.0
2021-01-05 09:44:56.220,0.8596,0.8573,36.0,0.8525,15.0,1335.0,60.0
2021-01-05 09:44:56.720,0.8596,0.8573,36.0,0.8525,10.0,1335.0,60.0
2021-01-05 09:44:57.680,0.8596,0.8573,36.0,0.8525,10.0,1335.0,60.0
2021-01-05 09:44:58.120,0.8596,0.8573,36.0,0.8525,10.0,1335.0,60.0
2021-01-05 09:44:58.720,0.8596,0.8573,36.0,0.8524,46.0,1335.0,60.0
2021-01-05 09:44:59.711,0.8596,0.8573,36.0,0.8524,36.0,1335.0,60.0
2021-01-05 09:45:00.591,0.8596,0.8573,36.0,0.8524,36.0,1335.0,60.0
2021-01-05 09:45:01.221,0.8596,0.8573,46.0,0.8524,36.0,1335.0,60.0
2021-01-05 09:45:01.680,0.8596,0.8561,10.0,0.8524,20.0,1335.0,60.0
2021-01-05 09:45:02.061,0.8596,0.8561,10.0,0.8524,20.0,1335.0,60.0
2021-01-05 09:45:02.710,0.8596,0.8561,30.0,0.8515,20.0,1335.0,60.0
2021-01-05 09:45:03.680,0.8596,0.8561,30.0,0.8517,10.0,1335.0,60.0
2021-01-05 09:45:04.191,0.8596,0.8561,30.0,0.8515,20.0,1335.0,60.0
2021-01-05 09:45:05.221,0.8596,0.8561,30.0,0.8515,20.0,1335.0,60.0
2021-01-05 09:45:05.720,0.8596,0.8549,16.0,0.8515,20.0,1335.0,60.0
2021-01-05 09:45:06.220,0.8596,0.8549,16.0,0.8507,30.0,1335.0,60.0
2021-01-05 09:45:06.721,0.8596,0.8549,16.0,0.8499,36.0,1335.0,60.0
2021-01-05 09:45:07.130,0.8596,0.8549,36.0,0.8503,10.0,1335.0,60.0
2021-01-05 09:45:07.540,0.8596,0.8549,36.0,0.8499,46.0,1335.0,60.0
2021-01-05 09:45:08.181,0.8596,0.8549,36.0,0.8499,61.0,1335.0,60.0
2021-01-05 09:45:09.190,0.8596,0.8549,36.0,0.85,10.0,1335.0,60.0
2021-01-05 09:45:09.720,0.8596,0.8549,36.0,0.8499,36.0,1335.0,60.0
2021-01-05 09:45:10.200,0.8596,0.8549,36.0,0.85,10.0,1335.0,60.0
2021-01-05 09:45:10.700,0.8596,0.8549,36.0,0.8499,46.0,1335.0,60.0
2021-01-05 09:45:11.091,0.8596,0.8549,36.0,0.8499,46.0,1335.0,60.0
2021-01-05 09:45:11.720,0.8596,0.8549,36.0,0.8499,46.0,1335.0,60.0
2021-01-05 09:45:12.150,0.8596,0.8549,36.0,0.8499,36.0,1335.0,60.0
2021-01-05 09:45:13.220,0.8596,0.8549,46.0,0.8499,36.0,1335.0,60.0
2021-01-05 09:45:13.681,0.8596,0.8549,46.0,0.8499,36.0,1335.0,60.0
2021-01-05 09:45:14.701,0.8596,0.8548,10.0,0.8499,36.0,1335.0,60.0
2021-01-05 09:45:15.230,0.8596,0.8549,36.0,0.8499,36.0,1335.0,60.0
2021-01-05 09:45:15.721,0.8596,0.8537,16.0,0.849,30.0,1335.0,60.0
2021-01-05 09:45:16.230,0.8596,0.8537,16.0,0.849,20.0,1335.0,60.0
2021-01-05 09:45:16.630,0.8596,0.8537,36.0,0.849,20.0,1335.0,60.0
2021-01-05 09:45:17.731,0.8596,0.8531,10.0,0.849,20.0,1335.0,60.0
2021-01-05 09:45:18.230,0.8596,0.8531,10.0,0.8488,16.0,1335.0,60.0
2021-01-05 09:45:18.691,0.8596,0.8531,10.0,0.8488,16.0,1335.0,60.0
2021-01-05 09:45:19.191,0.8596,0.8531,10.0,0.8488,16.0,1335.0,60.0
2021-01-05 09:45:19.731,0.8596,0.8531,10.0,0.8489,10.0,1335.0,60.0
2021-01-05 09:45:21.191,0.8596,0.8537,36.0,0.8488,16.0,1335.0,60.0
2021-01-05 09:45:22.240,0.8596,0.8537,46.0,0.8488,16.0,1335.0,60.0
2021-01-05 09:45:22.710,0.8596,0.8537,36.0,0.8488,26.0,1335.0,60.0
2021-01-05 09:45:23.671,0.8596,0.8537,36.0,0.8488,26.0,1335.0,60.0
2021-01-05 09:45:24.701,0.8596,0.8537,36.0,0.8488,16.0,1335.0,60.0
2021-01-05 09:45:25.690,0.8596,0.8537,36.0,0.8489,10.0,1335.0,60.0
2021-01-05 09:45:26.681,0.8596,0.8537,36.0,0.8488,21.0,1335.0,60.0
2021-01-05 09:45:27.211,0.8596,0.8537,36.0,0.849,10.0,1335.0,60.0
2021-01-05 09:45:27.711,0.8596,0.8537,36.0,0.8488,31.0,1335.0,60.0
2021-01-05 09:45:28.220,0.8596,0.8537,36.0,0.8491,10.0,1335.0,60.0
2021-01-05 09:45:28.700,0.8596,0.8537,36.0,0.849,20.0,1335.0,60.0
2021-01-05 09:45:29.140,0.8596,0.8537,36.0,0.8492,10.0,1335.0,60.0
2021-01-05 09:45:30.210,0.8596,0.8537,20.0,0.8492,10.0,1335.0,60.0
2021-01-05 09:45:30.700,0.8596,0.8537,20.0,0.8497,16.0,1335.0,60.0
2021-01-05 09:45:31.211,0.8596,0.8546,16.0,0.8497,16.0,1335.0,60.0
2021-01-05 09:45:31.680,0.8596,0.8546,16.0,0.8497,16.0,1335.0,60.0
2021-01-05 09:45:32.160,0.8596,0.8546,16.0,0.8497,16.0,1335.0,60.0
2021-01-05 09:45:33.180,0.8596,0.8546,16.0,0.8497,18.0,1335.0,60.0
2021-01-05 09:45:34.220,0.8596,0.8546,16.0,0.8497,18.0,1335.0,60.0
2021-01-05 09:45:35.190,0.8596,0.8546,16.0,0.8498,10.0,1335.0,60.0
2021-01-05 09:45:35.701,0.8596,0.8546,16.0,0.8498,5.0,1335.0,60.0
2021-01-05 09:45:36.240,0.8596,0.8546,16.0,0.8498,31.0,1335.0,60.0
2021-01-05 09:45:36.730,0.8596,0.8546,16.0,0.8498,25.0,1335.0,60.0
2021-01-05 09:45:37.241,0.8596,0.8546,16.0,0.8498,36.0,1335.0,60.0
2021-01-05 09:45:38.240,0.8596,0.8546,16.0,0.8498,25.0,1335.0,60.0
2021-01-05 09:45:39.210,0.8596,0.8546,16.0,0.8499,10.0,1335.0,60.0
2021-01-05 09:45:39.710,0.8596,0.8546,16.0,0.8499,11.0,1335.0,60.0
2021-01-05 09:45:40.240,0.8596,0.8546,16.0,0.85,10.0,1335.0,60.0
2021-01-05 09:45:42.240,0.8596,0.8546,16.0,0.85,15.0,1335.0,60.0
2021-01-05 09:45:42.690,0.8596,0.8546,16.0,0.85,10.0,1335.0,60.0
2021-01-05 09:45:43.220,0.8596,0.8546,16.0,0.85,21.0,1335.0,60.0
2021-01-05 09:45:43.731,0.8596,0.8546,16.0,0.85,15.0,1335.0,60.0
2021-01-05 09:45:44.201,0.8596,0.8546,16.0,0.8499,10.0,1335.0,60.0
2021-01-05 09:45:45.220,0.8596,0.8546,16.0,0.8501,10.0,1335.0,60.0
2021-01-05 09:45:45.681,0.8596,0.8546,16.0,0.85,10.0,1335.0,60.0
2021-01-05 09:45:46.240,0.8596,0.8546,16.0,0.85,10.0,1335.0,60.0
2021-01-05 09:45:46.751,0.8596,0.8546,16.0,0.85,10.0,1335.0,60.0
2021-01-05 09:45:47.241,0.8596,0.8546,16.0,0.85,15.0,1335.0,60.0
2021-01-05 09:45:48.201,0.8596,0.8546,16.0,0.85,21.0,1335.0,60.0
2021-01-05 09:45:48.741,0.8596,0.8546,16.0,0.85,15.0,1335.0,60.0
2021-01-05 09:45:50.251,0.8596,0.8546,16.0,0.85,10.0,1335.0,60.0
2021-01-05 09:45:50.750,0.8596,0.8546,16.0,0.85,15.0,1335.0,60.0
2021-01-05 09:45:52.641,0.8596,0.8546,16.0,0.85,15.0,1335.0,60.0
2021-01-05 09:45:55.230,0.8596,0.8546,16.0,0.85,15.0,1335.0,60.0
2021-01-05 09:45:56.120,0.8596,0.8546,16.0,0.85,21.0,1335.0,60.0
2021-01-05 09:45:56.631,0.8596,0.8546,16.0,0.85,15.0,1335.0,60.0
2021-01-05 09:45:58.231,0.8596,0.8546,16.0,0.85,10.0,1335.0,60.0
2021-01-05 09:45:58.711,0.8596,0.8546,16.0,0.85,26.0,1335.0,60.0
2021-01-05 09:45:59.230,0.8596,0.8546,16.0,0.85,15.0,1335.0,60.0
2021-01-05 09:45:59.710,0.8596,0.8546,16.0,0.85,15.0,1335.0,60.0
2021-01-05 09:46:00.210,0.8596,0.8549,20.0,0.8507,16.0,1335.0,60.0
2021-01-05 09:46:00.730,0.8596,0.8556,16.0,0.8507,16.0,1335.0,60.0
2021-01-05 09:46:01.230,0.8596,0.8556,16.0,0.8508,10.0,1335.0,60.0
2021-01-05 09:46:02.221,0.8596,0.8556,16.0,0.8507,49.0,1335.0,60.0
2021-01-05 09:46:02.711,0.8596,0.8556,16.0,0.8507,49.0,1335.0,60.0
2021-01-05 09:46:03.120,0.8596,0.8556,16.0,0.8507,49.0,1335.0,60.0
2021-01-05 09:46:03.731,0.8596,0.8556,16.0,0.8507,49.0,1335.0,60.0
2021-01-05 09:46:04.171,0.8596,0.8556,16.0,0.8507,49.0,1335.0,60.0
2021-01-05 09:46:05.691,0.8596,0.8556,16.0,0.8507,49.0,1335.0,60.0
2021-01-05 09:46:06.221,0.8596,0.8556,16.0,0.8507,54.0,1335.0,60.0
2021-01-05 09:46:06.690,0.8596,0.8567,16.0,0.8518,16.0,1335.0,60.0
2021-01-05 09:46:07.231,0.8596,0.8567,16.0,0.8518,36.0,1335.0,60.0
2021-01-05 09:46:10.221,0.8596,0.8567,16.0,0.8519,10.0,1335.0,60.0
2021-01-05 09:46:10.720,0.8596,0.8567,16.0,0.8519,10.0,1335.0,60.0
2021-01-05 09:46:12.190,0.8596,0.8577,16.0,0.8528,16.0,1335.0,60.0
2021-01-05 09:46:12.680,0.8596,0.8577,16.0,0.8528,36.0,1335.0,60.0
2021-01-05 09:46:16.201,0.8596,0.8577,16.0,0.8528,38.0,1335.0,60.0
2021-01-05 09:46:17.221,0.8596,0.8577,16.0,0.8528,38.0,1335.0,60.0
2021-01-05 09:46:17.751,0.8596,0.8577,16.0,0.8528,39.0,1335.0,60.0
2021-01-05 09:46:18.180,0.8596,0.8577,16.0,0.8528,39.0,1335.0,60.0
2021-01-05 09:46:20.210,0.8596,0.8577,16.0,0.8529,10.0,1335.0,60.0
2021-01-05 09:46:20.731,0.8596,0.8577,16.0,0.8528,49.0,1335.0,60.0
2021-01-05 09:46:22.220,0.8596,0.8577,16.0,0.8528,49.0,1335.0,60.0
2021-01-05 09:46:22.690,0.8596,0.8577,16.0,0.8528,49.0,1335.0,60.0
2021-01-05 09:46:24.221,0.8596,0.8577,16.0,0.8528,49.0,1335.0,60.0
2021-01-05 09:46:27.201,0.8596,0.8577,16.0,0.8529,5.0,1335.0,60.0
2021-01-05 09:46:27.720,0.8596,0.8577,16.0,0.8529,5.0,1335.0,60.0
2021-01-05 09:46:28.200,0.8596,0.8577,16.0,0.853,10.0,1335.0,60.0
2021-01-05 09:46:29.151,0.8596,0.8577,16.0,0.853,2.0,1335.0,60.0
2021-01-05 09:46:31.210,0.8596,0.8577,16.0,0.853,2.0,1335.0,60.0
2021-01-05 09:46:32.701,0.8596,0.8577,16.0,0.853,2.0,1335.0,60.0
2021-01-05 09:46:33.660,0.8596,0.8577,16.0,0.8531,10.0,1335.0,60.0
2021-01-05 09:46:35.231,0.8596,0.8577,16.0,0.8531,15.0,1335.0,60.0
2021-01-05 09:46:35.721,0.8596,0.8577,16.0,0.8531,10.0,1335.0,60.0
2021-01-05 09:46:37.750,0.8596,0.8577,16.0,0.8531,10.0,1335.0,60.0
2021-01-05 09:46:38.201,0.8596,0.8577,16.0,0.853,10.0,1335.0,60.0
2021-01-05 09:46:38.741,0.8596,0.8577,16.0,0.8528,36.0,1335.0,60.0
2021-01-05 09:46:39.210,0.8596,0.8574,10.0,0.8528,36.0,1335.0,60.0
2021-01-05 09:46:40.230,0.8596,0.8574,10.0,0.8528,36.0,1335.0,60.0
2021-01-05 09:46:40.670,0.8596,0.8574,10.0,0.8528,36.0,1335.0,60.0
2021-01-05 09:46:41.250,0.8596,0.8574,10.0,0.8529,10.0,1335.0,60.0
2021-01-05 09:46:41.661,0.8596,0.8574,10.0,0.8531,10.0,1335.0,60.0
2021-01-05 09:46:42.230,0.8596,0.8574,10.0,0.8528,46.0,1335.0,60.0
2021-01-05 09:46:45.711,0.8596,0.8574,10.0,0.8528,46.0,1335.0,60.0
2021-01-05 09:46:46.251,0.8596,0.8574,10.0,0.8528,46.0,1335.0,60.0
2021-01-05 09:46:46.671,0.8596,0.8577,16.0,0.8528,46.0,1335.0,60.0
2021-01-05 09:46:47.701,0.8596,0.8577,16.0,0.8528,46.0,1335.0,60.0
2021-01-05 09:46:51.261,0.8596,0.8577,16.0,0.8528,46.0,1335.0,60.0
2021-01-05 09:46:52.711,0.8596,0.8577,16.0,0.8528,46.0,1335.0,60.0
2021-01-05 09:46:53.201,0.8596,0.8577,16.0,0.8528,46.0,1335.0,60.0
2021-01-05 09:46:53.681,0.8596,0.8577,16.0,0.8528,46.0,1335.0,60.0
2021-01-05 09:46:54.221,0.8596,0.8577,16.0,0.8528,46.0,1335.0,60.0
2021-01-05 09:46:54.701,0.8596,0.8577,16.0,0.8528,46.0,1335.0,60.0
2021-01-05 09:46:56.221,0.8596,0.8577,16.0,0.8528,36.0,1335.0,60.0
2021-01-05 09:46:56.711,0.8596,0.8577,16.0,0.8529,10.0,1335.0,60.0
2021-01-05 09:46:57.080,0.8596,0.8577,16.0,0.8528,46.0,1335.0,60.0
2021-01-05 09:46:57.741,0.8596,0.8577,16.0,0.8528,46.0,1335.0,60.0
2021-01-05 09:46:58.131,0.8596,0.8577,16.0,0.8528,36.0,1335.0,60.0
2021-01-05 09:46:58.720,0.8596,0.8577,16.0,0.8528,36.0,1335.0,60.0
2021-01-05 09:46:59.191,0.8596,0.8577,16.0,0.8528,36.0,1335.0,60.0
2021-01-05 09:47:00.741,0.8596,0.8567,16.0,0.8528,20.0,1335.0,60.0
2021-01-05 09:47:01.210,0.8596,0.8567,36.0,0.8519,10.0,1335.0,60.0
2021-01-05 09:47:01.721,0.8596,0.8567,46.0,0.8518,36.0,1335.0,60.0
2021-01-05 09:47:02.230,0.8596,0.8557,16.0,0.8511,10.0,1335.0,60.0
2021-01-05 09:47:02.741,0.8596,0.8557,36.0,0.8511,20.0,1335.0,60.0
2021-01-05 09:47:03.220,0.8596,0.8553,10.0,0.8507,16.0,1335.0,60.0
2021-01-05 09:47:03.740,0.8596,0.8553,10.0,0.8508,20.0,1335.0,60.0
2021-01-05 09:47:04.211,0.8596,0.8553,10.0,0.8508,20.0,1335.0,60.0
2021-01-05 09:47:05.250,0.8596,0.8557,36.0,0.8508,30.0,1335.0,60.0
2021-01-05 09:47:06.251,0.8596,0.8544,16.0,0.8508,20.0,1335.0,60.0
2021-01-05 09:47:06.391,0.8596,0.8544,36.0,0.8496,10.0,1335.0,60.0
2021-01-05 09:47:07.221,0.8596,0.8544,36.0,0.8495,36.0,1335.0,60.0
2021-01-05 09:47:07.740,0.8596,0.8544,36.0,0.8495,46.0,1335.0,60.0
2021-01-05 09:47:08.230,0.8596,0.8544,36.0,0.8495,36.0,1335.0,60.0
2021-01-05 09:47:09.221,0.8596,0.8534,16.0,0.8495,20.0,1335.0,60.0
2021-01-05 09:47:09.751,0.8596,0.8534,36.0,0.8495,20.0,1335.0,60.0
2021-01-05 09:47:10.260,0.8596,0.8534,36.0,0.8485,36.0,1335.0,60.0
2021-01-05 09:47:11.090,0.8596,0.8534,36.0,0.8485,36.0,1335.0,60.0
2021-01-05 09:47:11.751,0.8596,0.8524,16.0,0.8485,20.0,1335.0,60.0
2021-01-05 09:47:12.241,0.8596,0.8524,36.0,0.8485,20.0,1335.0,60.0
2021-01-05 09:47:12.731,0.8596,0.8524,36.0,0.8485,20.0,1335.0,60.0
2021-01-05 09:47:13.201,0.8596,0.8524,36.0,0.8483,10.0,1335.0,60.0
2021-01-05 09:47:14.220,0.8596,0.8524,36.0,0.8479,10.0,1335.0,60.0
2021-01-05 09:47:14.721,0.8596,0.8524,36.0,0.8477,20.0,1335.0,60.0
2021-01-05 09:47:15.701,0.8596,0.8524,36.0,0.8477,20.0,1335.0,60.0
2021-01-05 09:47:16.241,0.8596,0.8524,36.0,0.8477,20.0,1335.0,60.0
2021-01-05 09:47:16.731,0.8596,0.8524,36.0,0.8477,30.0,1335.0,60.0
2021-01-05 09:47:17.251,0.8596,0.8524,36.0,0.8477,20.0,1335.0,60.0
2021-01-05 09:47:18.221,0.8596,0.8524,36.0,0.8477,20.0,1335.0,60.0
2021-01-05 09:47:18.621,0.8596,0.8524,36.0,0.8477,20.0,1335.0,60.0
2021-01-05 09:47:19.111,0.8596,0.8515,16.0,0.8477,20.0,1335.0,60.0
2021-01-05 09:47:19.760,0.8596,0.8515,36.0,0.8467,20.0,1335.0,60.0
2021-01-05 09:47:20.761,0.8596,0.8515,46.0,0.8467,20.0,1335.0,60.0
2021-01-05 09:47:21.760,0.8596,0.8506,16.0,0.8467,20.0,1335.0,60.0
2021-01-05 09:47:22.240,0.8596,0.8506,36.0,0.846,10.0,1335.0,60.0
2021-01-05 09:47:22.580,0.8596,0.8506,36.0,0.8463,10.0,1335.0,60.0
2021-01-05 09:47:23.151,0.8596,0.8506,36.0,0.8457,46.0,1335.0,60.0
2021-01-05 09:47:23.710,0.8596,0.8506,36.0,0.8461,10.0,1335.0,60.0
2021-01-05 09:47:24.221,0.8596,0.8506,36.0,0.846,10.0,1335.0,60.0
2021-01-05 09:47:25.241,0.8596,0.8506,36.0,0.8457,36.0,1335.0,60.0
2021-01-05 09:47:25.710,0.8596,0.8506,36.0,0.8458,10.0,1335.0,60.0
2021-01-05 09:47:26.680,0.8596,0.8506,36.0,0.8457,46.0,1335.0,60.0
2021-01-05 09:47:27.721,0.8596,0.8506,36.0,0.8457,36.0,1335.0,60.0
2021-01-05 09:47:29.181,0.8596,0.8506,36.0,0.8457,36.0,1335.0,60.0
2021-01-05 09:47:30.720,0.8596,0.8506,46.0,0.8457,36.0,1335.0,60.0
2021-01-05 09:47:31.181,0.8596,0.8506,46.0,0.8457,36.0,1335.0,60.0
2021-01-05 09:47:31.711,0.8596,0.8505,10.0,0.8457,36.0,1335.0,60.0
2021-01-05 09:47:32.681,0.8596,0.8506,36.0,0.8457,36.0,1335.0,60.0
2021-01-05 09:47:34.231,0.8596,0.8506,36.0,0.8458,10.0,1335.0,60.0
2021-01-05 09:47:34.750,0.8596,0.8506,36.0,0.8457,36.0,1335.0,60.0
2021-01-05 09:47:35.221,0.8596,0.8504,10.0,0.8457,36.0,1335.0,60.0
2021-01-05 09:47:35.740,0.8596,0.8506,36.0,0.8458,10.0,1335.0,60.0
2021-01-05 09:47:36.241,0.8596,0.8506,36.0,0.8457,36.0,1335.0,60.0
2021-01-05 09:47:36.721,0.8596,0.8506,36.0,0.8457,36.0,1335.0,60.0
2021-01-05 09:47:37.251,0.8596,0.8506,46.0,0.8457,36.0,1335.0,60.0
2021-01-05 09:47:37.761,0.8596,0.8506,46.0,0.8457,36.0,1335.0,60.0
2021-01-05 09:47:38.260,0.8596,0.8506,36.0,0.8458,10.0,1335.0,60.0
2021-01-05 09:47:38.731,0.8596,0.8506,36.0,0.8457,36.0,1335.0,60.0
2021-01-05 09:47:40.260,0.8596,0.8506,36.0,0.8458,10.0,1335.0,60.0
2021-01-05 09:47:40.761,0.8596,0.8506,36.0,0.8457,36.0,1335.0,60.0
2021-01-05 09:47:41.731,0.8596,0.8505,10.0,0.8457,36.0,1335.0,60.0
2021-01-05 09:47:42.250,0.8596,0.8506,20.0,0.8457,20.0,1335.0,60.0
2021-01-05 09:47:42.761,0.8596,0.8495,16.0,0.8451,10.0,1335.0,60.0
2021-01-05 09:47:43.251,0.8596,0.8495,36.0,0.8451,30.0,1335.0,60.0
2021-01-05 09:47:44.010,0.8596,0.8495,36.0,0.8451,20.0,1335.0,60.0
2021-01-05 09:47:44.761,0.8596,0.8495,36.0,0.8451,20.0,1335.0,60.0
2021-01-05 09:47:46.260,0.8596,0.8495,36.0,0.8451,20.0,1335.0,60.0
2021-01-05 09:47:47.270,0.8596,0.8495,36.0,0.8452,10.0,1335.0,60.0
2021-01-05 09:47:49.260,0.8596,0.8495,36.0,0.8452,10.0,1335.0,60.0
2021-01-05 09:47:49.771,0.8596,0.8495,36.0,0.8452,10.0,1335.0,60.0
2021-01-05 09:47:50.271,0.8596,0.8495,36.0,0.8452,10.0,1335.0,60.0
2021-01-05 09:47:50.751,0.8596,0.8495,20.0,0.8452,10.0,1335.0,60.0
2021-01-05 09:47:51.270,0.8596,0.8507,16.0,0.8458,16.0,1335.0,60.0
2021-01-05 09:47:51.781,0.8596,0.8507,16.0,0.8458,16.0,1335.0,60.0
2021-01-05 09:47:52.240,0.8596,0.8507,16.0,0.8459,10.0,1335.0,60.0
2021-01-05 09:47:52.730,0.8596,0.8507,36.0,0.8458,26.0,1335.0,60.0
2021-01-05 09:47:53.231,0.8596,0.8507,16.0,0.8459,25.0,1335.0,60.0
2021-01-05 09:47:54.230,0.8596,0.8507,16.0,0.8459,20.0,1335.0,60.0
2021-01-05 09:47:54.741,0.8596,0.8507,16.0,0.8459,20.0,1335.0,60.0
2021-01-05 09:47:55.241,0.8596,0.8515,20.0,0.8468,16.0,1335.0,60.0
2021-01-05 09:47:55.740,0.8596,0.8517,16.0,0.8468,16.0,1335.0,60.0
2021-01-05 09:47:56.251,0.8596,0.8517,16.0,0.8468,36.0,1335.0,60.0
2021-01-05 09:47:56.751,0.8596,0.8522,10.0,0.8478,16.0,1335.0,60.0
2021-01-05 09:47:57.250,0.8596,0.8522,10.0,0.8478,16.0,1335.0,60.0
2021-01-05 09:47:57.750,0.8596,0.8521,10.0,0.8468,20.0,1335.0,60.0
2021-01-05 09:47:58.261,0.8596,0.8513,16.0,0.8468,20.0,1335.0,60.0
2021-01-05 09:47:58.781,0.8596,0.8513,16.0,0.8464,16.0,1335.0,60.0
2021-01-05 09:47:59.200,0.8596,0.8513,36.0,0.8464,26.0,1335.0,60.0
2021-01-05 09:48:00.260,0.8596,0.8513,36.0,0.8464,26.0,1335.0,60.0
2021-01-05 09:48:00.791,0.8596,0.8513,36.0,0.8464,16.0,1335.0,60.0
2021-01-05 09:48:01.261,0.8596,0.8513,30.0,0.8459,30.0,1335.0,60.0
2021-01-05 09:48:01.791,0.8596,0.8501,16.0,0.8459,20.0,1335.0,60.0
2021-01-05 09:48:02.260,0.8596,0.8501,36.0,0.8459,30.0,1335.0,60.0
2021-01-05 09:48:02.781,0.8596,0.8501,36.0,0.8459,20.0,1335.0,60.0
2021-01-05 09:48:03.261,0.8596,0.8501,36.0,0.8452,16.0,1335.0,60.0
2021-01-05 09:48:04.790,0.8596,0.8501,36.0,0.8452,36.0,1335.0,60.0
2021-01-05 09:48:05.261,0.8596,0.8501,36.0,0.8453,10.0,1335.0,60.0
2021-01-05 09:48:06.291,0.8596,0.8501,36.0,0.8452,36.0,1335.0,60.0
2021-01-05 09:48:06.781,0.8596,0.8501,46.0,0.8452,36.0,1335.0,60.0
2021-01-05 09:48:07.280,0.8596,0.8501,46.0,0.8452,16.0,1335.0,60.0
2021-01-05 09:48:07.760,0.8596,0.8501,36.0,0.8452,16.0,1335.0,60.0
2021-01-05 09:48:08.281,0.8596,0.8498,10.0,0.8444,10.0,1335.0,60.0
2021-01-05 09:48:08.761,0.8596,0.8489,16.0,0.844,16.0,1335.0,60.0
2021-01-05 09:48:09.291,0.8596,0.8489,16.0,0.8444,20.0,1335.0,60.0
2021-01-05 09:48:09.751,0.8596,0.8489,16.0,0.8444,20.0,1335.0,60.0
2021-01-05 09:48:10.171,0.8596,0.8489,16.0,0.8444,20.0,1335.0,60.0
2021-01-05 09:48:10.801,0.8596,0.8489,16.0,0.844,16.0,1335.0,60.0
2021-01-05 09:48:11.301,0.8596,0.8489,16.0,0.844,16.0,1335.0,60.0
2021-01-05 09:48:11.791,0.8596,0.8489,16.0,0.8443,10.0,1335.0,60.0
2021-01-05 09:48:12.300,0.8596,0.8489,16.0,0.8441,20.0,1335.0,60.0
2021-01-05 09:48:12.751,0.8596,0.8489,16.0,0.8441,20.0,1335.0,60.0
2021-01-05 09:48:13.281,0.8596,0.8489,16.0,0.8441,20.0,1335.0,60.0
2021-01-05 09:48:13.760,0.8596,0.8489,16.0,0.8441,20.0,1335.0,60.0
2021-01-05 09:48:14.300,0.8596,0.8489,16.0,0.8441,20.0,1335.0,60.0
2021-01-05 09:48:14.791,0.8596,0.849,20.0,0.8441,30.0,1335.0,60.0
2021-01-05 09:48:15.310,0.8596,0.85,16.0,0.8451,16.0,1335.0,60.0
2021-01-05 09:48:15.831,0.8596,0.8502,20.0,0.8451,20.0,1335.0,60.0
2021-01-05 09:48:16.321,0.8596,0.851,16.0,0.8461,16.0,1335.0,60.0
2021-01-05 09:48:16.801,0.8596,0.851,16.0,0.8461,36.0,1335.0,60.0
2021-01-05 09:48:17.300,0.8596,0.851,36.0,0.8461,36.0,1335.0,60.0
2021-01-05 09:48:17.811,0.8596,0.851,36.0,0.8461,36.0,1335.0,60.0
2021-01-05 09:48:18.330,0.8596,0.851,20.0,0.8461,20.0,1335.0,60.0
2021-01-05 09:48:18.831,0.8596,0.8521,16.0,0.8472,16.0,1335.0,60.0
2021-01-05 09:48:19.271,0.8596,0.8521,16.0,0.8472,36.0,1335.0,60.0
2021-01-05 09:48:19.800,0.8596,0.8521,16.0,0.8472,36.0,1335.0,60.0
2021-01-05 09:48:20.311,0.8596,0.8521,16.0,0.8473,10.0,1335.0,60.0
2021-01-05 09:48:20.791,0.8596,0.8521,16.0,0.8472,36.0,1335.0,60.0
2021-01-05 09:48:22.301,0.8596,0.8521,16.0,0.8472,46.0,1335.0,60.0
2021-01-05 09:48:22.731,0.8596,0.8521,16.0,0.8472,46.0,1335.0,60.0
2021-01-05 09:48:23.021,0.8596,0.8521,16.0,0.8472,46.0,1335.0,60.0
2021-01-05 09:48:23.730,0.8596,0.8521,16.0,0.8472,46.0,1335.0,60.0
2021-01-05 09:48:26.101,0.8596,0.8521,16.0,0.8472,46.0,1335.0,60.0
2021-01-05 09:48:26.621,0.8596,0.8522,20.0,0.8482,16.0,1335.0,60.0
2021-01-05 09:48:27.181,0.8596,0.8522,20.0,0.8482,16.0,1335.0,60.0
2021-01-05 09:48:27.701,0.8596,0.8531,36.0,0.8482,36.0,1335.0,60.0
2021-01-05 09:48:28.041,0.8596,0.854,20.0,0.8492,16.0,1335.0,60.0
2021-01-05 09:48:28.731,0.8596,0.854,20.0,0.8492,26.0,1335.0,60.0
2021-01-05 09:48:29.121,0.8596,0.854,20.0,0.8492,46.0,1335.0,60.0
2021-01-05 09:48:31.140,0.8596,0.854,20.0,0.8492,46.0,1335.0,60.0
2021-01-05 09:48:31.710,0.8596,0.854,20.0,0.8492,46.0,1335.0,60.0
2021-01-05 09:48:32.200,0.8596,0.8549,20.0,0.8502,16.0,1335.0,60.0
2021-01-05 09:48:32.700,0.8596,0.8549,20.0,0.8502,16.0,1335.0,60.0
2021-01-05 09:48:33.151,0.8596,0.8549,20.0,0.8502,36.0,1335.0,60.0
2021-01-05 09:48:33.680,0.8596,0.8549,20.0,0.8502,16.0,1335.0,60.0
2021-01-05 09:48:34.141,0.8596,0.8549,20.0,0.8502,36.0,1335.0,60.0
2021-01-05 09:48:34.721,0.8596,0.8549,20.0,0.8502,16.0,1335.0,60.0
2021-01-05 09:48:35.220,0.8596,0.8549,20.0,0.8503,10.0,1335.0,60.0
2021-01-05 09:48:35.691,0.8596,0.8549,20.0,0.8503,10.0,1335.0,60.0
2021-01-05 09:48:36.210,0.8596,0.8549,20.0,0.8503,10.0,1335.0,60.0
2021-01-05 09:48:37.211,0.8596,0.8549,20.0,0.8502,36.0,1335.0,60.0
2021-01-05 09:48:37.681,0.8596,0.8549,20.0,0.8502,16.0,1335.0,60.0
2021-01-05 09:48:38.211,0.8596,0.8549,20.0,0.8502,16.0,1335.0,60.0
2021-01-05 09:48:38.690,0.8596,0.8549,20.0,0.8502,16.0,1335.0,60.0
2021-01-05 09:48:40.200,0.8596,0.8549,20.0,0.8502,16.0,1335.0,60.0
2021-01-05 09:48:41.231,0.8596,0.8549,20.0,0.8503,10.0,1335.0,60.0
2021-01-05 09:48:42.190,0.8596,0.8549,20.0,0.8502,26.0,1335.0,60.0
2021-01-05 09:48:42.661,0.8596,0.8549,20.0,0.8504,10.0,1335.0,60.0
2021-01-05 09:48:43.740,0.8596,0.8549,20.0,0.8503,10.0,1335.0,60.0
2021-01-05 09:48:45.020,0.8596,0.8549,20.0,0.8503,10.0,1335.0,60.0
2021-01-05 09:48:46.011,0.8596,0.8549,20.0,0.8503,10.0,1335.0,60.0
2021-01-05 09:48:46.510,0.8596,0.8549,20.0,0.8503,10.0,1335.0,60.0
2021-01-05 09:48:47.021,0.8596,0.8549,20.0,0.8503,10.0,1335.0,60.0
2021-01-05 09:48:47.511,0.8596,0.8549,20.0,0.8503,10.0,1335.0,60.0
2021-01-05 09:48:47.911,0.8596,0.8549,20.0,0.8503,10.0,1335.0,60.0
2021-01-05 09:48:48.330,0.8596,0.8549,20.0,0.8503,10.0,1335.0,60.0
2021-01-05 09:48:50.030,0.8596,0.8549,20.0,0.8503,10.0,1335.0,60.0
2021-01-05 09:48:51.031,0.8596,0.8549,20.0,0.8503,10.0,1335.0,60.0
2021-01-05 09:48:51.540,0.8596,0.8549,20.0,0.8503,10.0,1335.0,60.0
2021-01-05 09:48:52.020,0.8596,0.8549,20.0,0.8503,10.0,1335.0,60.0
2021-01-05 09:48:52.510,0.8596,0.8549,20.0,0.8512,16.0,1335.0,60.0
2021-01-05 09:48:52.700,0.8596,0.8561,16.0,0.8512,16.0,1335.0,60.0
2021-01-05 09:48:53.150,0.8596,0.8561,16.0,0.8512,16.0,1335.0,60.0
2021-01-05 09:48:53.711,0.8596,0.8561,36.0,0.8513,10.0,1335.0,60.0
2021-01-05 09:48:54.091,0.8596,0.8561,36.0,0.8512,28.0,1335.0,60.0
2021-01-05 09:48:54.681,0.8596,0.8561,36.0,0.8513,20.0,1335.0,60.0
2021-01-05 09:48:55.201,0.8596,0.8561,36.0,0.8513,20.0,1335.0,60.0
2021-01-05 09:48:56.200,0.8596,0.8561,20.0,0.8522,16.0,1335.0,60.0
2021-01-05 09:48:56.731,0.8596,0.8561,20.0,0.8522,36.0,1335.0,60.0
2021-01-05 09:48:57.171,0.8596,0.8561,20.0,0.8522,36.0,1335.0,60.0
2021-01-05 09:48:57.680,0.8596,0.8561,20.0,0.8522,36.0,1335.0,60.0
2021-01-05 09:48:58.160,0.8596,0.8571,36.0,0.8523,10.0,1335.0,60.0
2021-01-05 09:48:58.750,0.8596,0.8571,16.0,0.8523,10.0,1335.0,60.0
2021-01-05 09:48:59.161,0.8596,0.8571,36.0,0.8522,46.0,1335.0,60.0
2021-01-05 09:48:59.691,0.8596,0.8571,16.0,0.8522,46.0,1335.0,60.0
2021-01-05 09:49:00.260,0.8596,0.8571,36.0,0.8522,46.0,1335.0,60.0
2021-01-05 09:49:00.761,0.8596,0.8571,16.0,0.8522,46.0,1335.0,60.0
2021-01-05 09:49:01.261,0.8596,0.8571,36.0,0.8522,46.0,1335.0,60.0
2021-01-05 09:49:01.681,0.8596,0.8571,16.0,0.8522,46.0,1335.0,60.0
2021-01-05 09:49:01.991,0.8596,0.8571,36.0,0.8522,46.0,1335.0,60.0
2021-01-05 09:49:02.790,0.8596,0.8571,36.0,0.8522,46.0,1335.0,60.0
2021-01-05 09:49:03.291,0.8596,0.8571,36.0,0.8522,51.0,1335.0,60.0
2021-01-05 09:49:03.791,0.8596,0.8571,36.0,0.8522,46.0,1335.0,60.0
2021-01-05 09:49:04.290,0.8596,0.8571,36.0,0.8522,46.0,1335.0,60.0
2021-01-05 09:49:05.301,0.8596,0.8571,36.0,0.8522,46.0,1335.0,60.0
2021-01-05 09:49:05.790,0.8596,0.8571,36.0,0.8522,46.0,1335.0,60.0
2021-01-05 09:49:06.311,0.8596,0.8571,36.0,0.8522,46.0,1335.0,60.0
2021-01-05 09:49:07.790,0.8596,0.8571,36.0,0.8522,36.0,1335.0,60.0
2021-01-05 09:49:08.251,0.8596,0.8571,36.0,0.8522,36.0,1335.0,60.0
2021-01-05 09:49:08.830,0.8596,0.8571,36.0,0.8522,36.0,1335.0,60.0
2021-01-05 09:49:09.821,0.8596,0.8571,20.0,0.8517,10.0,1335.0,60.0
2021-01-05 09:49:10.330,0.8596,0.8554,16.0,0.8505,26.0,1335.0,60.0
2021-01-05 09:49:10.831,0.8596,0.8554,36.0,0.8505,16.0,1335.0,60.0
2021-01-05 09:49:11.260,0.8596,0.8554,36.0,0.8506,2.0,1335.0,60.0
2021-01-05 09:49:11.850,0.8596,0.8554,36.0,0.8506,2.0,1335.0,60.0
2021-01-05 09:49:12.270,0.8596,0.8554,16.0,0.8506,2.0,1335.0,60.0
2021-01-05 09:49:12.850,0.8596,0.8562,20.0,0.8506,7.0,1335.0,60.0
2021-01-05 09:49:13.310,0.8596,0.8564,16.0,0.8515,16.0,1335.0,60.0
2021-01-05 09:49:13.851,0.8596,0.8564,16.0,0.8515,16.0,1335.0,60.0
2021-01-05 09:49:14.261,0.8596,0.8564,16.0,0.8515,16.0,1335.0,60.0
2021-01-05 09:49:15.340,0.8596,0.8564,16.0,0.8515,16.0,1335.0,60.0
2021-01-05 09:49:15.851,0.8596,0.8564,16.0,0.8516,10.0,1335.0,60.0
2021-01-05 09:49:16.821,0.8596,0.8564,16.0,0.8515,16.0,1335.0,60.0
2021-01-05 09:49:17.300,0.8596,0.8564,16.0,0.8515,26.0,1335.0,60.0
2021-01-05 09:49:20.291,0.8596,0.8564,16.0,0.8515,26.0,1335.0,60.0
2021-01-05 09:49:21.330,0.8596,0.8564,16.0,0.8515,26.0,1335.0,60.0
2021-01-05 09:49:21.831,0.8596,0.8564,16.0,0.8515,31.0,1335.0,60.0
2021-01-05 09:49:22.300,0.8596,0.8564,16.0,0.8515,31.0,1335.0,60.0
2021-01-05 09:49:22.600,0.8596,0.8564,16.0,0.8515,31.0,1335.0,60.0
2021-01-05 09:49:23.201,0.8596,0.8564,16.0,0.8515,31.0,1335.0,60.0
2021-01-05 09:49:23.651,0.8596,0.8564,16.0,0.8515,37.0,1335.0,60.0
2021-01-05 09:49:24.241,0.8596,0.8564,16.0,0.8515,42.0,1335.0,60.0
2021-01-05 09:49:24.590,0.8596,0.8571,20.0,0.8525,16.0,1335.0,60.0
2021-01-05 09:49:25.080,0.8596,0.8571,20.0,0.8525,36.0,1335.0,60.0
2021-01-05 09:49:25.620,0.8596,0.8571,20.0,0.8525,36.0,1335.0,60.0
2021-01-05 09:49:26.171,0.8596,0.8571,20.0,0.8526,10.0,1335.0,60.0
2021-01-05 09:49:29.210,0.8596,0.8571,20.0,0.8525,46.0,1335.0,60.0
2021-01-05 09:49:30.140,0.8596,0.8571,20.0,0.8525,36.0,1335.0,60.0
2021-01-05 09:49:30.640,0.8596,0.8571,20.0,0.8527,10.0,1335.0,60.0
2021-01-05 09:49:31.621,0.8596,0.8571,20.0,0.8525,46.0,1335.0,60.0
2021-01-05 09:49:32.701,0.8596,0.8571,20.0,0.8528,10.0,1335.0,60.0
2021-01-05 09:49:33.191,0.8596,0.8571,20.0,0.8528,10.0,1335.0,60.0
2021-01-05 09:49:33.621,0.8596,0.8571,20.0,0.8528,10.0,1335.0,60.0
2021-01-05 09:49:34.710,0.8596,0.8571,20.0,0.8528,10.0,1335.0,60.0
2021-01-05 09:49:36.171,0.8596,0.8571,20.0,0.8528,12.0,1335.0,60.0
2021-01-05 09:49:37.260,0.8596,0.8571,20.0,0.8528,12.0,1335.0,60.0
2021-01-05 09:49:37.680,0.8596,0.8575,16.0,0.8528,12.0,1335.0,60.0
2021-01-05 09:49:38.180,0.8596,0.8579,20.0,0.8537,16.0,1335.0,60.0
2021-01-05 09:49:38.760,0.8596,0.8579,20.0,0.8537,16.0,1335.0,60.0
2021-01-05 09:49:39.231,0.8596,0.8579,20.0,0.8537,36.0,1335.0,60.0
2021-01-05 09:49:39.761,0.8596,0.8579,20.0,0.8537,36.0,1335.0,60.0
2021-01-05 09:49:41.211,0.8596,0.8579,20.0,0.8537,36.0,1335.0,60.0
2021-01-05 09:49:42.210,0.8596,0.8579,20.0,0.8537,36.0,1335.0,60.0
2021-01-05 09:49:42.700,0.8596,0.8579,20.0,0.8537,36.0,1335.0,60.0
2021-01-05 09:49:43.741,0.8596,0.8579,20.0,0.8537,36.0,1335.0,60.0
2021-01-05 09:49:44.760,0.8596,0.8579,20.0,0.8537,46.0,1335.0,60.0
2021-01-05 09:49:45.171,0.8596,0.8579,20.0,0.8537,36.0,1335.0,60.0
2021-01-05 09:49:46.170,0.8596,0.8579,20.0,0.8538,10.0,1335.0,60.0
2021-01-05 09:49:46.610,0.8596,0.8579,20.0,0.8537,46.0,1335.0,60.0
2021-01-05 09:49:47.161,0.8596,0.8579,20.0,0.8539,10.0,1335.0,60.0
2021-01-05 09:49:47.691,0.8596,0.8579,20.0,0.8538,10.0,1335.0,60.0
2021-01-05 09:49:48.761,0.8596,0.8579,20.0,0.8537,46.0,1335.0,60.0
2021-01-05 09:49:49.741,0.8596,0.8579,20.0,0.8537,36.0,1335.0,60.0
2021-01-05 09:49:50.221,0.8596,0.8579,20.0,0.8538,10.0,1335.0,60.0
2021-01-05 09:49:51.760,0.8596,0.8579,20.0,0.8537,36.0,1335.0,60.0
2021-01-05 09:49:52.260,0.8596,0.8579,20.0,0.8537,36.0,1335.0,60.0
2021-01-05 09:49:52.711,0.8596,0.8579,20.0,0.8537,36.0,1335.0,60.0
2021-01-05 09:49:53.220,0.8596,0.8577,16.0,0.8537,20.0,1335.0,60.0
2021-01-05 09:49:53.731,0.8596,0.8577,16.0,0.8537,20.0,1335.0,60.0
2021-01-05 09:49:54.231,0.8596,0.8577,16.0,0.8527,16.0,1335.0,60.0
2021-01-05 09:49:54.721,0.8596,0.8577,16.0,0.8528,10.0,1335.0,60.0
2021-01-05 09:49:55.210,0.8596,0.8577,16.0,0.8527,16.0,1335.0,60.0
2021-01-05 09:49:55.210,0.8596,0.8577,16.0,0.8527,16.0,1335.0,60.0
2021-01-05 09:49:56.230,0.8596,0.8577,16.0,0.8527,16.0,1335.0,60.0
2021-01-05 09:49:56.701,0.8596,0.8566,16.0,0.8525,20.0,1335.0,60.0
2021-01-05 09:49:57.141,0.8596,0.8566,16.0,0.8525,20.0,1335.0,60.0
2021-01-05 09:49:57.631,0.8596,0.8566,36.0,0.8525,20.0,1335.0,60.0
2021-01-05 09:49:58.240,0.8596,0.8566,36.0,0.8525,20.0,1335.0,60.0
2021-01-05 09:49:58.680,0.8596,0.8566,36.0,0.8517,36.0,1335.0,60.0
2021-01-05 09:49:59.220,0.8596,0.8555,16.0,0.8517,20.0,1335.0,60.0
2021-01-05 09:49:59.731,0.8596,0.8555,16.0,0.8517,20.0,1335.0,60.0
2021-01-05 09:50:00.111,0.8596,0.8555,36.0,0.8517,20.0,1335.0,60.0
2021-01-05 09:50:00.591,0.8596,0.8555,36.0,0.8512,10.0,1335.0,60.0
2021-01-05 09:50:01.621,0.8596,0.8555,36.0,0.8514,10.0,1335.0,60.0
2021-01-05 09:50:02.241,0.8596,0.8555,36.0,0.851,10.0,1335.0,60.0
2021-01-05 09:50:02.680,0.8596,0.8555,36.0,0.8509,20.0,1335.0,60.0
2021-01-05 09:50:03.210,0.8596,0.8555,36.0,0.8509,20.0,1335.0,60.0
2021-01-05 09:50:03.730,0.8596,0.8545,16.0,0.8509,20.0,1335.0,60.0
2021-01-05 09:50:04.241,0.8596,0.8543,10.0,0.8496,16.0,1335.0,60.0
2021-01-05 09:50:04.710,0.8596,0.8533,16.0,0.849,20.0,1335.0,60.0
2021-01-05 09:50:05.231,0.8596,0.8533,16.0,0.849,30.0,1335.0,60.0
2021-01-05 09:50:05.690,0.8596,0.8533,36.0,0.8488,10.0,1335.0,60.0
2021-01-05 09:50:06.180,0.8596,0.8533,36.0,0.849,10.0,1335.0,60.0
2021-01-05 09:50:06.710,0.8596,0.8533,36.0,0.8488,10.0,1335.0,60.0
2021-01-05 09:50:07.211,0.8596,0.8533,36.0,0.8491,10.0,1335.0,60.0
2021-01-05 09:50:07.671,0.8596,0.8543,10.0,0.8495,16.0,1335.0,60.0
2021-01-05 09:50:08.251,0.8596,0.8543,10.0,0.8495,16.0,1335.0,60.0
2021-01-05 09:50:08.760,0.8596,0.8543,10.0,0.8495,16.0,1335.0,60.0
2021-01-05 09:50:09.640,0.8596,0.8533,16.0,0.8488,10.0,1335.0,60.0
2021-01-05 09:50:10.641,0.8596,0.8533,16.0,0.8488,10.0,1335.0,60.0
2021-01-05 09:50:11.240,0.8596,0.8533,16.0,0.849,10.0,1335.0,60.0
2021-01-05 09:50:11.761,0.8596,0.8543,26.0,0.8496,10.0,1335.0,60.0
2021-01-05 09:50:12.170,0.8596,0.8543,26.0,0.8494,26.0,1335.0,60.0
2021-01-05 09:50:12.761,0.8596,0.8543,26.0,0.8494,16.0,1335.0,60.0
2021-01-05 09:50:13.230,0.8596,0.8543,26.0,0.8494,16.0,1335.0,60.0
2021-01-05 09:50:13.670,0.8596,0.8531,16.0,0.8484,10.0,1335.0,60.0
2021-01-05 09:50:14.241,0.8596,0.8531,16.0,0.8482,46.0,1335.0,60.0
2021-01-05 09:50:14.700,0.8596,0.8531,36.0,0.8483,10.0,1335.0,60.0
2021-01-05 09:50:15.741,0.8596,0.8531,36.0,0.8482,46.0,1335.0,60.0
2021-01-05 09:50:16.191,0.8596,0.8531,36.0,0.8482,36.0,1335.0,60.0
2021-01-05 09:50:16.761,0.8596,0.8531,36.0,0.8484,10.0,1335.0,60.0
2021-01-05 09:50:17.230,0.8596,0.8531,36.0,0.8484,10.0,1335.0,60.0
2021-01-05 09:50:17.770,0.8596,0.8531,36.0,0.8482,36.0,1335.0,60.0
2021-01-05 09:50:18.271,0.8596,0.8531,36.0,0.8485,10.0,1335.0,60.0
2021-01-05 09:50:18.740,0.8596,0.8531,36.0,0.8482,46.0,1335.0,60.0
2021-01-05 09:50:19.260,0.8596,0.8531,36.0,0.8482,46.0,1335.0,60.0
2021-01-05 09:50:19.700,0.8596,0.8531,36.0,0.8482,46.0,1335.0,60.0
2021-01-05 09:50:20.231,0.8596,0.8531,16.0,0.8482,57.0,1335.0,60.0
2021-01-05 09:50:20.680,0.8596,0.8531,16.0,0.8482,67.0,1335.0,60.0
2021-01-05 09:50:21.251,0.8596,0.8541,16.0,0.8492,16.0,1335.0,60.0
2021-01-05 09:50:21.721,0.8596,0.8541,16.0,0.8492,16.0,1335.0,60.0
2021-01-05 09:50:22.250,0.8596,0.8541,16.0,0.8492,36.0,1335.0,60.0
2021-01-05 09:50:22.661,0.8596,0.8541,16.0,0.8492,16.0,1335.0,60.0
2021-01-05 09:50:23.220,0.8596,0.8541,16.0,0.8493,10.0,1335.0,60.0
2021-01-05 09:50:23.710,0.8596,0.8541,16.0,0.8492,46.0,1335.0,60.0
2021-01-05 09:50:24.240,0.8596,0.8541,16.0,0.8492,51.0,1335.0,60.0
2021-01-05 09:50:24.720,0.8596,0.8541,16.0,0.8492,46.0,1335.0,60.0
2021-01-05 09:50:25.241,0.8541,0.8541,15.0,0.8492,46.0,1336.0,61.0
2021-01-05 09:50:25.740,0.8541,0.8541,15.0,0.8492,46.0,1336.0,61.0
2021-01-05 09:50:27.210,0.8541,0.8541,15.0,0.8492,46.0,1336.0,61.0
