,last,ask1,asize1,bid1,bsize1,oi,volume
2021-01-05 09:25:00.080,,0.6883,1.0,0.6153,1.0,1543.0,
2021-01-05 09:30:00.451,,0.6555,20.0,0.6153,1.0,1543.0,
2021-01-05 09:30:00.991,,0.6555,20.0,0.5965,1.0,1543.0,
2021-01-05 09:30:01.481,0.6555,0.6555,13.0,0.5965,1.0,1543.0,7.0
2021-01-05 09:30:01.990,0.6555,0.6522,20.0,0.6412,20.0,1543.0,7.0
2021-01-05 09:30:02.501,0.6522,0.6512,20.0,0.6402,20.0,1543.0,9.0
2021-01-05 09:30:03.471,0.6522,0.6532,20.0,0.6422,20.0,1543.0,9.0
2021-01-05 09:30:04.430,0.6532,0.6523,20.0,0.6413,20.0,1543.0,10.0
2021-01-05 09:30:05.010,0.6532,0.6507,20.0,0.6402,20.0,1543.0,10.0
2021-01-05 09:30:05.990,0.6532,0.6507,20.0,0.3266,2.0,1543.0,10.0
2021-01-05 09:30:13.000,0.6532,0.6507,20.0,0.3266,7.0,1543.0,10.0
2021-01-05 09:30:14.521,0.6532,0.6507,20.0,0.3266,2.0,1543.0,10.0
2021-01-05 09:30:15.991,0.6532,0.6507,20.0,0.3266,2.0,1543.0,10.0
2021-01-05 09:30:16.531,0.6532,0.6507,20.0,0.3267,1.0,1543.0,10.0
2021-01-05 09:30:17.021,0.6532,0.6507,20.0,0.3267,1.0,1543.0,10.0
2021-01-05 09:30:17.641,0.6532,0.6507,20.0,0.3266,2.0,1543.0,10.0
2021-01-05 09:30:18.231,0.6532,1.0486,3.0,0.3266,2.0,1543.0,10.0
2021-01-05 09:30:18.750,0.6532,1.0486,3.0,0.3267,1.0,1543.0,10.0
2021-01-05 09:30:19.251,0.6532,1.0486,3.0,0.6025,5.0,1543.0,10.0
2021-01-05 09:30:19.751,0.6532,1.0486,3.0,0.3266,2.0,1543.0,10.0
2021-01-05 09:30:20.240,0.6532,0.6517,20.0,0.6407,20.0,1543.0,10.0
2021-01-05 09:30:20.740,0.6532,0.6517,20.0,0.6407,20.0,1543.0,10.0
2021-01-05 09:30:21.241,0.6532,0.6507,20.0,0.6397,20.0,1543.0,10.0
2021-01-05 09:30:21.741,0.6532,0.6517,20.0,0.6407,5.0,1543.0,10.0
2021-01-05 09:30:22.240,0.6532,0.6501,20.0,0.6407,20.0,1543.0,10.0
2021-01-05 09:30:22.671,0.6532,0.6501,20.0,0.6397,20.0,1543.0,10.0
2021-01-05 09:30:23.170,0.6501,0.6501,19.0,0.6397,20.0,1543.0,11.0
2021-01-05 09:30:23.670,0.6501,0.6501,20.0,0.6387,20.0,1543.0,11.0
2021-01-05 09:30:24.161,0.6501,0.6491,20.0,0.6397,5.0,1543.0,11.0
2021-01-05 09:30:24.661,0.6501,0.6491,20.0,0.6397,20.0,1543.0,11.0
2021-01-05 09:30:25.160,0.6501,0.6491,20.0,0.6376,20.0,1543.0,11.0
2021-01-05 09:30:25.671,0.6501,0.6482,20.0,0.6376,20.0,1543.0,11.0
2021-01-05 09:30:26.670,0.6482,0.6482,19.0,0.6376,20.0,1543.0,12.0
2021-01-05 09:30:27.170,0.6482,0.6482,20.0,0.6376,20.0,1543.0,12.0
2021-01-05 09:30:27.671,0.6482,0.6482,19.0,0.6376,20.0,1543.0,13.0
2021-01-05 09:30:28.161,0.6482,0.6482,20.0,0.6376,20.0,1543.0,13.0
2021-01-05 09:30:29.150,0.6482,0.6482,20.0,0.6376,20.0,1543.0,13.0
2021-01-05 09:30:29.650,0.6482,0.6482,20.0,0.6376,20.0,1543.0,13.0
2021-01-05 09:30:30.171,0.6482,0.6482,19.0,0.6376,20.0,1543.0,14.0
2021-01-05 09:30:30.620,0.6482,0.6492,20.0,0.6376,20.0,1543.0,15.0
2021-01-05 09:30:31.121,0.6482,0.6492,20.0,0.6376,20.0,1543.0,15.0
2021-01-05 09:30:31.661,0.6492,0.6492,19.0,0.6385,20.0,1543.0,16.0
2021-01-05 09:30:32.140,0.6492,0.6499,20.0,0.6385,20.0,1543.0,16.0
2021-01-05 09:30:32.551,0.6492,0.6499,20.0,0.6394,20.0,1543.0,16.0
2021-01-05 09:30:33.171,0.6492,0.6492,10.0,0.6394,20.0,1543.0,16.0
2021-01-05 09:30:33.671,0.6492,0.6492,30.0,0.6394,20.0,1543.0,16.0
2021-01-05 09:30:34.191,0.6492,0.6492,28.0,0.6394,23.0,1543.0,18.0
2021-01-05 09:30:34.670,0.6492,0.6492,28.0,0.6394,20.0,1543.0,18.0
2021-01-05 09:30:36.170,0.6492,0.6492,28.0,0.6385,20.0,1543.0,18.0
2021-01-05 09:30:36.691,0.6492,0.6492,28.0,0.6385,20.0,1543.0,18.0
2021-01-05 09:30:37.171,0.6492,0.6492,28.0,0.6392,20.0,1543.0,18.0
2021-01-05 09:30:38.141,0.6492,0.6492,28.0,0.6392,23.0,1543.0,18.0
2021-01-05 09:30:38.700,0.6492,0.6492,28.0,0.6392,20.0,1543.0,18.0
2021-01-05 09:30:42.671,0.6492,0.6492,27.0,0.6392,20.0,1544.0,19.0
2021-01-05 09:30:43.180,0.6492,0.6492,27.0,0.6399,20.0,1544.0,19.0
2021-01-05 09:30:43.480,0.6492,0.6492,27.0,0.6399,20.0,1544.0,19.0
2021-01-05 09:30:44.181,0.6492,0.6492,27.0,0.6399,30.0,1544.0,19.0
2021-01-05 09:30:44.650,0.6492,0.6492,27.0,0.6399,20.0,1544.0,19.0
2021-01-05 09:30:46.200,0.6492,0.6492,27.0,0.6409,20.0,1544.0,19.0
2021-01-05 09:30:46.701,0.6492,0.6492,26.0,0.6409,20.0,1544.0,20.0
2021-01-05 09:30:47.191,0.6492,0.6492,26.0,0.6409,20.0,1544.0,20.0
2021-01-05 09:30:47.691,0.6492,0.6492,25.0,0.6417,20.0,1544.0,21.0
2021-01-05 09:30:48.200,0.6492,0.6492,25.0,0.6417,20.0,1544.0,21.0
2021-01-05 09:30:49.210,0.6492,0.6492,25.0,0.6417,20.0,1544.0,21.0
2021-01-05 09:30:49.700,0.6492,0.6492,25.0,0.6409,20.0,1544.0,21.0
2021-01-05 09:30:50.171,0.6492,0.6492,25.0,0.6409,20.0,1544.0,21.0
2021-01-05 09:30:50.720,0.6492,0.6492,25.0,0.6409,20.0,1544.0,21.0
2021-01-05 09:30:52.221,0.6492,0.6492,25.0,0.6416,20.0,1544.0,21.0
2021-01-05 09:30:52.651,0.6492,0.6492,25.0,0.6416,20.0,1544.0,21.0
2021-01-05 09:30:53.120,0.6492,0.6492,25.0,0.6416,20.0,1544.0,21.0
2021-01-05 09:30:55.081,0.6492,0.6492,25.0,0.6426,20.0,1544.0,21.0
2021-01-05 09:30:55.671,0.6492,0.6492,25.0,0.6426,20.0,1544.0,21.0
2021-01-05 09:30:56.170,0.6492,0.6492,25.0,0.6426,20.0,1544.0,21.0
2021-01-05 09:30:56.660,0.6492,0.6492,5.0,0.6426,20.0,1544.0,21.0
2021-01-05 09:30:58.140,0.6492,0.6492,25.0,0.6416,20.0,1544.0,21.0
2021-01-05 09:30:59.171,0.6492,0.6492,25.0,0.6416,20.0,1544.0,21.0
2021-01-05 09:30:59.640,0.6492,0.6492,25.0,0.6416,20.0,1544.0,21.0
2021-01-05 09:31:00.161,0.6492,0.6492,25.0,0.6407,20.0,1544.0,21.0
2021-01-05 09:31:00.681,0.6492,0.6492,25.0,0.6418,20.0,1544.0,21.0
2021-01-05 09:31:01.140,0.6492,0.6492,25.0,0.6407,20.0,1544.0,21.0
2021-01-05 09:31:01.680,0.6492,0.6492,25.0,0.6407,20.0,1544.0,21.0
2021-01-05 09:31:02.170,0.6492,0.6492,15.0,0.6385,10.0,1544.0,21.0
2021-01-05 09:31:02.681,0.6492,0.6492,35.0,0.64,20.0,1544.0,21.0
2021-01-05 09:31:03.131,0.6492,0.6492,35.0,0.64,20.0,1544.0,21.0
2021-01-05 09:31:04.181,0.6492,0.6492,35.0,0.639,20.0,1544.0,21.0
2021-01-05 09:31:04.671,0.6492,0.6492,35.0,0.639,20.0,1544.0,21.0
2021-01-05 09:31:05.190,0.6492,0.6492,35.0,0.639,20.0,1544.0,21.0
2021-01-05 09:31:06.681,0.6492,0.6492,35.0,0.6404,20.0,1544.0,21.0
2021-01-05 09:31:07.190,0.6492,0.6492,35.0,0.6404,20.0,1544.0,21.0
2021-01-05 09:31:07.670,0.6492,0.6492,35.0,0.6404,20.0,1544.0,21.0
2021-01-05 09:31:08.650,0.6492,0.6492,15.0,0.6415,20.0,1544.0,21.0
2021-01-05 09:31:09.101,0.6492,0.6492,25.0,0.6404,20.0,1544.0,21.0
2021-01-05 09:31:09.701,0.6492,0.6492,25.0,0.6404,20.0,1544.0,21.0
2021-01-05 09:31:10.690,0.6492,0.6492,25.0,0.6411,20.0,1544.0,21.0
2021-01-05 09:31:11.170,0.6492,0.6492,25.0,0.6411,20.0,1544.0,21.0
2021-01-05 09:31:11.701,0.6492,0.6492,5.0,0.6411,20.0,1544.0,21.0
2021-01-05 09:31:12.171,0.6492,0.6492,25.0,0.6411,20.0,1544.0,21.0
2021-01-05 09:31:13.170,0.6492,0.6492,35.0,0.6411,20.0,1544.0,21.0
2021-01-05 09:31:13.710,0.6492,0.6492,35.0,0.6404,20.0,1544.0,21.0
2021-01-05 09:31:14.200,0.6492,0.6492,35.0,0.6404,20.0,1544.0,21.0
2021-01-05 09:31:14.690,0.6492,0.6492,35.0,0.6404,20.0,1544.0,21.0
2021-01-05 09:31:16.180,0.6492,0.6492,35.0,0.6404,20.0,1544.0,21.0
2021-01-05 09:31:18.720,0.6492,0.6492,35.0,0.6412,20.0,1544.0,21.0
2021-01-05 09:31:19.150,0.6492,0.6492,15.0,0.6412,20.0,1544.0,21.0
2021-01-05 09:31:19.721,0.6492,0.6492,5.0,0.6412,20.0,1544.0,21.0
2021-01-05 09:31:20.171,0.6492,0.6492,25.0,0.6412,20.0,1544.0,21.0
2021-01-05 09:31:20.701,0.6492,0.6492,25.0,0.6422,20.0,1544.0,21.0
2021-01-05 09:31:21.221,0.6492,0.6492,25.0,0.6412,20.0,1544.0,21.0
2021-01-05 09:31:22.211,0.6492,0.6492,25.0,0.639,16.0,1544.0,21.0
2021-01-05 09:31:22.620,0.6492,0.6492,25.0,0.6401,20.0,1544.0,21.0
2021-01-05 09:31:23.171,0.6492,0.6452,10.0,0.6401,20.0,1544.0,21.0
2021-01-05 09:31:23.621,0.6492,0.6455,10.0,0.6401,20.0,1544.0,21.0
2021-01-05 09:31:24.161,0.6492,0.6455,10.0,0.6401,20.0,1544.0,21.0
2021-01-05 09:31:24.660,0.6492,0.6459,10.0,0.6401,20.0,1544.0,21.0
2021-01-05 09:31:25.150,0.6492,0.6464,10.0,0.6401,20.0,1544.0,21.0
2021-01-05 09:31:25.630,0.6492,0.6467,10.0,0.6409,20.0,1544.0,21.0
2021-01-05 09:31:26.101,0.6492,0.6459,10.0,0.6409,20.0,1544.0,21.0
2021-01-05 09:31:27.171,0.6492,0.6463,10.0,0.6409,20.0,1544.0,21.0
2021-01-05 09:31:27.601,0.6492,0.6459,10.0,0.6409,20.0,1544.0,21.0
2021-01-05 09:31:28.091,0.6492,0.6459,10.0,0.6401,20.0,1544.0,21.0
2021-01-05 09:31:28.610,0.6492,0.6455,10.0,0.6401,20.0,1544.0,21.0
2021-01-05 09:31:29.171,0.6492,0.6461,10.0,0.6401,20.0,1544.0,21.0
2021-01-05 09:31:30.170,0.6492,0.6459,10.0,0.6401,20.0,1544.0,21.0
2021-01-05 09:31:30.671,0.6492,0.6464,10.0,0.6401,20.0,1544.0,21.0
2021-01-05 09:31:31.150,0.6492,0.646,10.0,0.6401,20.0,1544.0,21.0
2021-01-05 09:31:31.661,0.6492,0.646,10.0,0.6401,20.0,1544.0,21.0
2021-01-05 09:31:32.191,0.6492,0.6459,10.0,0.6401,20.0,1544.0,21.0
2021-01-05 09:31:32.671,0.6492,0.6461,10.0,0.6401,20.0,1544.0,21.0
2021-01-05 09:31:33.190,0.6492,0.6461,10.0,0.6408,20.0,1544.0,21.0
2021-01-05 09:31:34.181,0.6492,0.6464,10.0,0.6408,20.0,1544.0,21.0
2021-01-05 09:31:34.681,0.6492,0.6458,10.0,0.6401,20.0,1544.0,21.0
2021-01-05 09:31:35.190,0.6492,0.6459,10.0,0.6401,20.0,1544.0,21.0
2021-01-05 09:31:35.670,0.6492,0.6463,10.0,0.6401,20.0,1544.0,21.0
2021-01-05 09:31:36.181,0.6492,0.6461,10.0,0.6401,20.0,1544.0,21.0
2021-01-05 09:31:36.690,0.6492,0.6457,10.0,0.6401,20.0,1544.0,21.0
2021-01-05 09:31:37.191,0.6492,0.6462,10.0,0.6401,20.0,1544.0,21.0
2021-01-05 09:31:38.190,0.6492,0.647,10.0,0.6412,20.0,1544.0,21.0
2021-01-05 09:31:38.690,0.6492,0.646,10.0,0.6412,20.0,1544.0,21.0
2021-01-05 09:31:39.210,0.6492,0.6472,10.0,0.6412,20.0,1544.0,21.0
2021-01-05 09:31:39.710,0.6492,0.647,10.0,0.6412,20.0,1544.0,21.0
2021-01-05 09:31:40.200,0.6492,0.6474,10.0,0.6412,20.0,1544.0,21.0
2021-01-05 09:31:40.711,0.6492,0.6477,10.0,0.6413,2.0,1544.0,21.0
2021-01-05 09:31:41.191,0.6492,0.6477,10.0,0.6413,2.0,1544.0,21.0
2021-01-05 09:31:41.691,0.6492,0.6481,10.0,0.642,30.0,1544.0,21.0
2021-01-05 09:31:42.211,0.6492,0.6476,10.0,0.6421,2.0,1544.0,21.0
2021-01-05 09:31:43.191,0.6492,0.6473,10.0,0.6421,2.0,1544.0,21.0
2021-01-05 09:31:43.710,0.6492,0.6471,10.0,0.642,40.0,1544.0,21.0
2021-01-05 09:31:44.190,0.6492,0.6471,10.0,0.642,30.0,1544.0,21.0
2021-01-05 09:31:44.691,0.6492,0.6466,10.0,0.642,30.0,1544.0,21.0
2021-01-05 09:31:45.170,0.6492,0.6477,10.0,0.642,30.0,1544.0,21.0
2021-01-05 09:31:45.700,0.6492,0.6472,10.0,0.642,30.0,1544.0,21.0
2021-01-05 09:31:46.171,0.6492,0.6482,10.0,0.6421,2.0,1544.0,21.0
2021-01-05 09:31:46.701,0.6492,0.6482,10.0,0.6421,12.0,1544.0,21.0
2021-01-05 09:31:47.191,0.6492,0.6478,10.0,0.6421,12.0,1544.0,21.0
2021-01-05 09:31:47.711,0.6492,0.6485,10.0,0.6421,12.0,1544.0,21.0
2021-01-05 09:31:49.221,0.6492,0.6485,10.0,0.6421,12.0,1544.0,21.0
2021-01-05 09:31:49.711,0.6492,0.6488,20.0,0.6421,12.0,1544.0,21.0
2021-01-05 09:31:50.191,0.6492,0.6488,20.0,0.6421,12.0,1544.0,21.0
2021-01-05 09:31:50.710,0.6492,0.6496,10.0,0.6445,10.0,1544.0,21.0
2021-01-05 09:31:51.210,0.6492,0.6494,10.0,0.6445,30.0,1544.0,21.0
2021-01-05 09:31:52.220,0.6492,0.6494,10.0,0.6446,2.0,1544.0,21.0
2021-01-05 09:31:52.621,0.6492,0.6501,20.0,0.6446,2.0,1544.0,21.0
2021-01-05 09:31:53.171,0.6492,0.6513,30.0,0.6446,2.0,1544.0,21.0
2021-01-05 09:31:53.630,0.6492,0.651,10.0,0.6446,2.0,1544.0,21.0
2021-01-05 09:31:54.151,0.6492,0.651,10.0,0.6446,2.0,1544.0,21.0
2021-01-05 09:31:54.641,0.6492,0.651,10.0,0.6446,2.0,1544.0,21.0
2021-01-05 09:31:55.150,0.6492,0.6513,40.0,0.6446,2.0,1544.0,21.0
2021-01-05 09:31:55.670,0.6492,0.6513,30.0,0.6446,2.0,1544.0,21.0
2021-01-05 09:31:56.110,0.6492,0.6513,20.0,0.6466,10.0,1544.0,21.0
2021-01-05 09:31:56.681,0.6492,0.6513,20.0,0.6466,30.0,1544.0,21.0
2021-01-05 09:31:58.171,0.6492,0.6513,20.0,0.6466,30.0,1544.0,21.0
2021-01-05 09:31:59.180,0.6492,0.6513,20.0,0.6466,30.0,1544.0,21.0
2021-01-05 09:31:59.660,0.6492,0.6513,20.0,0.6466,30.0,1544.0,21.0
2021-01-05 09:32:00.150,0.6492,0.6513,20.0,0.6466,30.0,1544.0,21.0
2021-01-05 09:32:00.650,0.6492,0.6513,20.0,0.6466,30.0,1544.0,21.0
2021-01-05 09:32:01.170,0.6492,0.6521,10.0,0.6466,30.0,1544.0,21.0
2021-01-05 09:32:01.670,0.6492,0.6522,20.0,0.6466,30.0,1544.0,21.0
2021-01-05 09:32:02.171,0.6492,0.6514,10.0,0.6466,30.0,1544.0,21.0
2021-01-05 09:32:02.671,0.6492,0.6509,10.0,0.6466,30.0,1544.0,21.0
2021-01-05 09:32:04.150,0.6492,0.6507,10.0,0.6459,20.0,1544.0,21.0
2021-01-05 09:32:04.661,0.6492,0.6507,20.0,0.6445,20.0,1544.0,21.0
2021-01-05 09:32:05.141,0.6492,0.6514,20.0,0.6446,2.0,1544.0,21.0
2021-01-05 09:32:05.660,0.6492,0.6512,10.0,0.6446,2.0,1544.0,21.0
2021-01-05 09:32:06.161,0.6492,0.6514,20.0,0.6446,12.0,1544.0,21.0
2021-01-05 09:32:06.680,0.6492,0.6521,10.0,0.6446,22.0,1544.0,21.0
2021-01-05 09:32:07.070,0.6492,0.6526,20.0,0.6446,22.0,1544.0,21.0
2021-01-05 09:32:07.570,0.6492,0.6516,10.0,0.6446,22.0,1544.0,21.0
2021-01-05 09:32:08.100,0.6492,0.6516,20.0,0.6446,22.0,1544.0,21.0
2021-01-05 09:32:08.670,0.6492,0.6516,20.0,0.6446,22.0,1544.0,21.0
2021-01-05 09:32:09.141,0.6492,0.6526,20.0,0.645,10.0,1544.0,21.0
2021-01-05 09:32:09.681,0.6492,0.6526,20.0,0.6451,2.0,1544.0,21.0
2021-01-05 09:32:10.161,0.6492,0.6526,20.0,0.6451,2.0,1544.0,21.0
2021-01-05 09:32:10.630,0.6492,0.6522,10.0,0.6451,2.0,1544.0,21.0
2021-01-05 09:32:11.170,0.6492,0.6525,10.0,0.6451,2.0,1544.0,21.0
2021-01-05 09:32:11.650,0.6492,0.652,10.0,0.6451,2.0,1544.0,21.0
2021-01-05 09:32:12.161,0.6492,0.6517,10.0,0.6448,2.0,1544.0,21.0
2021-01-05 09:32:12.670,0.6492,0.6516,10.0,0.6448,2.0,1544.0,21.0
2021-01-05 09:32:14.180,0.6492,0.6516,10.0,0.6448,2.0,1544.0,21.0
2021-01-05 09:32:14.660,0.6492,0.6517,30.0,0.6448,2.0,1544.0,21.0
2021-01-05 09:32:15.171,0.6492,0.6517,30.0,0.6448,2.0,1544.0,21.0
2021-01-05 09:32:15.671,0.6492,0.6517,30.0,0.6448,2.0,1544.0,21.0
2021-01-05 09:32:16.151,0.6492,0.6517,30.0,0.6448,2.0,1544.0,21.0
2021-01-05 09:32:17.161,0.6492,0.6517,30.0,0.6448,2.0,1544.0,21.0
2021-01-05 09:32:17.651,0.6492,0.6517,30.0,0.6448,2.0,1544.0,21.0
2021-01-05 09:32:18.130,0.6492,0.6517,20.0,0.6448,2.0,1544.0,21.0
2021-01-05 09:32:18.670,0.6492,0.6526,20.0,0.645,10.0,1544.0,21.0
2021-01-05 09:32:18.990,0.6492,0.6526,20.0,0.6451,2.0,1544.0,21.0
2021-01-05 09:32:19.670,0.6492,0.6526,20.0,0.6451,2.0,1544.0,21.0
2021-01-05 09:32:20.671,0.6492,0.6524,10.0,0.6451,2.0,1544.0,21.0
2021-01-05 09:32:21.171,0.6492,0.6521,10.0,0.6446,20.0,1544.0,21.0
2021-01-05 09:32:21.680,0.6492,0.6517,10.0,0.6446,20.0,1544.0,21.0
2021-01-05 09:32:22.181,0.6492,0.6517,20.0,0.6446,20.0,1544.0,21.0
2021-01-05 09:32:22.660,0.6492,0.6517,20.0,0.6446,20.0,1544.0,21.0
2021-01-05 09:32:23.670,0.6492,0.6517,20.0,0.6446,22.0,1544.0,21.0
2021-01-05 09:32:24.091,0.6492,0.6517,20.0,0.6446,22.0,1544.0,21.0
2021-01-05 09:32:24.640,0.6492,0.6523,10.0,0.6446,22.0,1544.0,21.0
2021-01-05 09:32:25.170,0.6492,0.6526,20.0,0.6449,10.0,1544.0,21.0
2021-01-05 09:32:25.670,0.6492,0.6525,10.0,0.6446,32.0,1544.0,21.0
2021-01-05 09:32:26.171,0.6492,0.6526,20.0,0.6455,10.0,1544.0,21.0
2021-01-05 09:32:26.650,0.6492,0.6526,20.0,0.6455,30.0,1544.0,21.0
2021-01-05 09:32:27.151,0.6492,0.6526,20.0,0.6456,2.0,1544.0,21.0
2021-01-05 09:32:27.670,0.6492,0.6526,20.0,0.6456,2.0,1544.0,21.0
2021-01-05 09:32:28.630,0.6492,0.6526,20.0,0.6458,10.0,1544.0,21.0
2021-01-05 09:32:30.171,0.6492,0.6526,20.0,0.6456,2.0,1544.0,21.0
2021-01-05 09:32:31.691,0.6492,0.6526,20.0,0.6458,10.0,1544.0,21.0
2021-01-05 09:32:31.950,0.6492,0.6526,20.0,0.6459,2.0,1544.0,21.0
2021-01-05 09:32:33.141,0.6492,0.6526,20.0,0.6459,2.0,1544.0,21.0
2021-01-05 09:32:33.671,0.6492,0.6526,20.0,0.6459,2.0,1544.0,21.0
2021-01-05 09:32:34.171,0.6492,0.6526,20.0,0.6459,2.0,1544.0,21.0
2021-01-05 09:32:34.691,0.6492,0.6526,20.0,0.6455,20.0,1544.0,21.0
2021-01-05 09:32:35.170,0.6492,0.6526,20.0,0.6455,2.0,1544.0,21.0
2021-01-05 09:32:35.671,0.6492,0.6526,20.0,0.6455,22.0,1544.0,21.0
2021-01-05 09:32:38.190,0.6492,0.6526,20.0,0.6455,22.0,1544.0,21.0
2021-01-05 09:32:39.200,0.6492,0.6526,20.0,0.6455,22.0,1544.0,21.0
2021-01-05 09:32:39.630,0.6492,0.6526,20.0,0.6455,22.0,1544.0,21.0
2021-01-05 09:32:41.690,0.6492,0.6526,20.0,0.6469,10.0,1544.0,21.0
2021-01-05 09:32:42.201,0.6492,0.6526,20.0,0.6469,10.0,1544.0,21.0
2021-01-05 09:32:42.201,0.6492,0.6526,20.0,0.6469,30.0,1544.0,21.0
2021-01-05 09:32:43.190,0.6492,0.6526,20.0,0.6469,30.0,1544.0,21.0
2021-01-05 09:32:43.580,0.6492,0.6526,20.0,0.6469,30.0,1544.0,21.0
2021-01-05 09:32:44.151,0.6492,0.6526,20.0,0.6469,30.0,1544.0,21.0
2021-01-05 09:32:44.700,0.6492,0.6526,20.0,0.6469,30.0,1544.0,21.0
2021-01-05 09:32:45.580,0.6492,0.6526,20.0,0.6469,30.0,1544.0,21.0
2021-01-05 09:32:46.160,0.6492,0.6526,20.0,0.6469,30.0,1544.0,21.0
2021-01-05 09:32:46.621,0.6492,0.6526,20.0,0.6469,30.0,1544.0,21.0
2021-01-05 09:32:47.701,0.6492,0.6526,20.0,0.6469,30.0,1544.0,21.0
2021-01-05 09:32:48.181,0.6492,0.6526,20.0,0.6469,30.0,1544.0,21.0
2021-01-05 09:32:48.690,0.6492,0.6526,20.0,0.6469,30.0,1544.0,21.0
2021-01-05 09:32:49.030,0.6492,0.6526,20.0,0.6469,30.0,1544.0,21.0
2021-01-05 09:32:49.670,0.6492,0.6538,10.0,0.6474,10.0,1544.0,21.0
2021-01-05 09:32:50.171,0.6492,0.6552,20.0,0.6484,10.0,1544.0,21.0
2021-01-05 09:32:50.650,0.6492,0.6541,20.0,0.6476,20.0,1544.0,21.0
2021-01-05 09:32:51.170,0.6492,0.6552,20.0,0.6484,20.0,1544.0,21.0
2021-01-05 09:32:51.701,0.6492,0.6552,20.0,0.6484,10.0,1544.0,21.0
2021-01-05 09:32:52.191,0.6492,0.6554,10.0,0.6484,20.0,1544.0,21.0
2021-01-05 09:32:52.671,0.6492,0.6552,10.0,0.6484,20.0,1544.0,21.0
2021-01-05 09:32:53.161,0.6492,0.6548,10.0,0.6484,20.0,1544.0,21.0
2021-01-05 09:32:53.641,0.6492,0.6548,10.0,0.6476,20.0,1544.0,21.0
2021-01-05 09:32:54.181,0.6492,0.6543,10.0,0.6476,20.0,1544.0,21.0
2021-01-05 09:32:54.521,0.6492,0.6542,10.0,0.6476,20.0,1544.0,21.0
2021-01-05 09:32:55.170,0.6492,0.6543,20.0,0.6476,20.0,1544.0,21.0
2021-01-05 09:32:55.670,0.6492,0.6543,20.0,0.6476,20.0,1544.0,21.0
2021-01-05 09:32:56.150,0.6492,0.6554,30.0,0.6476,20.0,1544.0,21.0
2021-01-05 09:32:56.611,0.6492,0.6554,20.0,0.6478,10.0,1544.0,21.0
2021-01-05 09:32:57.181,0.6492,0.6553,10.0,0.6476,20.0,1544.0,21.0
2021-01-05 09:32:57.600,0.6492,0.6551,10.0,0.6477,2.0,1544.0,21.0
2021-01-05 09:32:58.171,0.6492,0.6554,20.0,0.6477,2.0,1544.0,21.0
2021-01-05 09:32:58.651,0.6492,0.6554,20.0,0.6478,10.0,1544.0,21.0
2021-01-05 09:32:59.170,0.6492,0.6554,20.0,0.6477,2.0,1544.0,21.0
2021-01-05 09:32:59.621,0.6492,0.6554,20.0,0.6479,10.0,1544.0,21.0
2021-01-05 09:33:00.651,0.6492,0.6554,20.0,0.648,2.0,1544.0,21.0
2021-01-05 09:33:01.141,0.6492,0.6554,30.0,0.648,2.0,1544.0,21.0
2021-01-05 09:33:01.600,0.6492,0.6549,10.0,0.6476,20.0,1544.0,21.0
2021-01-05 09:33:02.130,0.6492,0.6549,10.0,0.6476,22.0,1544.0,21.0
2021-01-05 09:33:02.570,0.6492,0.6548,10.0,0.6476,20.0,1544.0,21.0
2021-01-05 09:33:03.171,0.6492,0.6528,10.0,0.6476,20.0,1544.0,21.0
2021-01-05 09:33:03.681,0.6492,0.6528,30.0,0.6469,30.0,1544.0,21.0
2021-01-05 09:33:04.140,0.6492,0.6528,20.0,0.6469,20.0,1544.0,21.0
2021-01-05 09:33:04.651,0.6492,0.6528,20.0,0.6469,20.0,1544.0,21.0
2021-01-05 09:33:05.181,0.6492,0.6528,20.0,0.6462,20.0,1544.0,21.0
2021-01-05 09:33:05.690,0.6492,0.6528,20.0,0.6454,30.0,1544.0,21.0
2021-01-05 09:33:06.170,0.6492,0.6528,30.0,0.6454,20.0,1544.0,21.0
2021-01-05 09:33:06.681,0.6492,0.6528,30.0,0.6454,20.0,1544.0,21.0
2021-01-05 09:33:07.171,0.6492,0.6525,10.0,0.6454,20.0,1544.0,21.0
2021-01-05 09:33:07.601,0.6492,0.6528,20.0,0.6454,20.0,1544.0,21.0
2021-01-05 09:33:08.191,0.6492,0.6528,20.0,0.6454,20.0,1544.0,21.0
2021-01-05 09:33:08.681,0.6492,0.6528,20.0,0.6455,10.0,1544.0,21.0
2021-01-05 09:33:09.181,0.6492,0.6528,20.0,0.6456,10.0,1544.0,21.0
2021-01-05 09:33:09.651,0.6492,0.6528,20.0,0.646,10.0,1544.0,21.0
2021-01-05 09:33:10.180,0.6492,0.6528,20.0,0.6456,10.0,1544.0,21.0
2021-01-05 09:33:10.681,0.6492,0.6528,20.0,0.6454,20.0,1544.0,21.0
2021-01-05 09:33:11.670,0.6492,0.6528,20.0,0.6454,20.0,1544.0,21.0
2021-01-05 09:33:12.181,0.6492,0.6528,20.0,0.6454,30.0,1544.0,21.0
2021-01-05 09:33:12.650,0.6492,0.6528,20.0,0.6457,10.0,1544.0,21.0
2021-01-05 09:33:12.990,0.6492,0.6528,20.0,0.646,10.0,1544.0,21.0
2021-01-05 09:33:13.691,0.6492,0.6528,20.0,0.6461,2.0,1544.0,21.0
2021-01-05 09:33:14.070,0.6492,0.6508,10.0,0.6459,2.0,1544.0,21.0
2021-01-05 09:33:14.650,0.6492,0.6508,10.0,0.6461,20.0,1544.0,21.0
2021-01-05 09:33:15.140,0.6492,0.6508,30.0,0.6461,20.0,1544.0,21.0
2021-01-05 09:33:15.651,0.6492,0.6508,10.0,0.6461,20.0,1544.0,21.0
2021-01-05 09:33:16.181,0.6492,0.6508,30.0,0.6461,20.0,1544.0,21.0
2021-01-05 09:33:16.671,0.6492,0.6508,10.0,0.6458,10.0,1544.0,21.0
2021-01-05 09:33:17.190,0.6492,0.6493,10.0,0.6454,20.0,1544.0,21.0
2021-01-05 09:33:17.691,0.6492,0.6493,10.0,0.6454,20.0,1544.0,21.0
2021-01-05 09:33:18.160,0.6492,0.6493,30.0,0.6444,30.0,1544.0,21.0
2021-01-05 09:33:18.680,0.6492,0.6493,10.0,0.6444,30.0,1544.0,21.0
2021-01-05 09:33:19.191,0.6492,0.6493,30.0,0.6444,30.0,1544.0,21.0
2021-01-05 09:33:19.591,0.6492,0.6493,10.0,0.6444,30.0,1544.0,21.0
2021-01-05 09:33:20.171,0.6492,0.6493,30.0,0.6444,30.0,1544.0,21.0
2021-01-05 09:33:20.680,0.6492,0.6493,30.0,0.6444,30.0,1544.0,21.0
2021-01-05 09:33:21.160,0.6492,0.6493,30.0,0.6444,30.0,1544.0,21.0
2021-01-05 09:33:21.681,0.6492,0.6493,30.0,0.6444,30.0,1544.0,21.0
2021-01-05 09:33:22.150,0.6492,0.6493,30.0,0.6444,30.0,1544.0,21.0
2021-01-05 09:33:22.670,0.6492,0.6493,30.0,0.6444,30.0,1544.0,21.0
2021-01-05 09:33:23.151,0.6492,0.6493,30.0,0.6444,30.0,1544.0,21.0
2021-01-05 09:33:24.171,0.6492,0.6493,30.0,0.6444,30.0,1544.0,21.0
2021-01-05 09:33:24.661,0.6492,0.6493,30.0,0.6444,30.0,1544.0,21.0
2021-01-05 09:33:25.671,0.6492,0.6493,30.0,0.6444,30.0,1544.0,21.0
2021-01-05 09:33:26.161,0.6492,0.6493,30.0,0.6444,30.0,1544.0,21.0
2021-01-05 09:33:27.171,0.6492,0.6493,30.0,0.6444,30.0,1544.0,21.0
2021-01-05 09:33:27.681,0.6492,0.6493,30.0,0.6444,30.0,1544.0,21.0
2021-01-05 09:33:28.180,0.6492,0.6493,30.0,0.6444,30.0,1544.0,21.0
2021-01-05 09:33:28.670,0.6492,0.6493,30.0,0.6444,30.0,1544.0,21.0
2021-01-05 09:33:29.171,0.6492,0.6493,30.0,0.6444,30.0,1544.0,21.0
2021-01-05 09:33:30.180,0.6492,0.6493,30.0,0.6444,30.0,1544.0,21.0
2021-01-05 09:33:31.680,0.6492,0.6493,30.0,0.6444,30.0,1544.0,21.0
2021-01-05 09:33:32.170,0.6492,0.6493,30.0,0.6444,30.0,1544.0,21.0
2021-01-05 09:33:32.620,0.6492,0.6493,30.0,0.6444,30.0,1544.0,21.0
2021-01-05 09:33:33.680,0.6492,0.6493,30.0,0.6444,30.0,1544.0,21.0
2021-01-05 09:33:35.690,0.6492,0.6493,30.0,0.6444,30.0,1544.0,21.0
2021-01-05 09:33:36.681,0.6492,0.6493,30.0,0.6444,30.0,1544.0,21.0
2021-01-05 09:33:37.190,0.6492,0.6493,30.0,0.6444,30.0,1544.0,21.0
2021-01-05 09:33:37.640,0.6492,0.6493,30.0,0.6444,30.0,1544.0,21.0
2021-01-05 09:33:38.120,0.6492,0.6493,30.0,0.6444,30.0,1544.0,21.0
2021-01-05 09:33:38.621,0.6492,0.6493,40.0,0.6444,30.0,1544.0,21.0
2021-01-05 09:33:39.201,0.6492,0.6493,40.0,0.6444,30.0,1544.0,21.0
2021-01-05 09:33:39.641,0.6492,0.6493,40.0,0.6444,30.0,1544.0,21.0
2021-01-05 09:33:40.160,0.6492,0.6493,30.0,0.6444,30.0,1544.0,21.0
2021-01-05 09:33:40.690,0.6492,0.6493,20.0,0.6444,20.0,1544.0,21.0
2021-01-05 09:33:41.161,0.6492,0.6493,20.0,0.6444,20.0,1544.0,21.0
2021-01-05 09:33:41.691,0.6492,0.6507,30.0,0.6444,20.0,1544.0,21.0
2021-01-05 09:33:42.160,0.6492,0.6493,20.0,0.6444,20.0,1544.0,21.0
2021-01-05 09:33:42.600,0.6492,0.6507,30.0,0.6444,20.0,1544.0,21.0
2021-01-05 09:33:43.180,0.6492,0.6507,30.0,0.6444,20.0,1544.0,21.0
2021-01-05 09:33:44.110,0.6492,0.6507,30.0,0.6444,20.0,1544.0,21.0
2021-01-05 09:33:44.671,0.6492,0.6507,30.0,0.6444,20.0,1544.0,21.0
2021-01-05 09:33:45.180,0.6492,0.6507,20.0,0.6444,20.0,1544.0,21.0
2021-01-05 09:33:45.660,0.6492,0.6507,20.0,0.6444,20.0,1544.0,21.0
2021-01-05 09:33:46.161,0.6492,0.6507,20.0,0.6444,20.0,1544.0,21.0
2021-01-05 09:33:46.680,0.6492,0.6507,20.0,0.6444,20.0,1544.0,21.0
2021-01-05 09:33:47.191,0.6492,0.6507,20.0,0.6444,30.0,1544.0,21.0
2021-01-05 09:33:48.171,0.6492,0.6507,20.0,0.6444,30.0,1544.0,21.0
2021-01-05 09:33:48.680,0.6492,0.6507,20.0,0.6444,30.0,1544.0,21.0
2021-01-05 09:33:49.051,0.6492,0.6507,20.0,0.6453,10.0,1544.0,21.0
2021-01-05 09:33:49.681,0.6492,0.6507,20.0,0.6453,30.0,1544.0,21.0
2021-01-05 09:33:50.180,0.6492,0.6507,20.0,0.6453,30.0,1544.0,21.0
2021-01-05 09:33:50.670,0.6492,0.6507,20.0,0.6453,30.0,1544.0,21.0
2021-01-05 09:33:51.141,0.6492,0.6507,20.0,0.6453,30.0,1544.0,21.0
2021-01-05 09:33:51.581,0.6492,0.6507,20.0,0.6453,30.0,1544.0,21.0
2021-01-05 09:33:52.190,0.6492,0.6507,20.0,0.6453,30.0,1544.0,21.0
2021-01-05 09:33:52.661,0.6492,0.6507,20.0,0.6453,30.0,1544.0,21.0
2021-01-05 09:33:53.171,0.6492,0.6507,20.0,0.6453,30.0,1544.0,21.0
2021-01-05 09:33:53.650,0.6492,0.6507,20.0,0.6453,30.0,1544.0,21.0
2021-01-05 09:33:54.610,0.6492,0.6507,20.0,0.6453,30.0,1544.0,21.0
2021-01-05 09:33:55.181,0.6492,0.6507,20.0,0.6453,30.0,1544.0,21.0
2021-01-05 09:33:55.650,0.6492,0.6507,20.0,0.6453,30.0,1544.0,21.0
2021-01-05 09:33:56.120,0.6492,0.6507,20.0,0.6453,30.0,1544.0,21.0
2021-01-05 09:33:57.671,0.6492,0.6507,20.0,0.6453,30.0,1544.0,21.0
2021-01-05 09:33:58.170,0.6492,0.6507,20.0,0.6453,30.0,1544.0,21.0
2021-01-05 09:33:58.670,0.6492,0.6507,20.0,0.6453,30.0,1544.0,21.0
2021-01-05 09:33:59.140,0.6492,0.6515,10.0,0.6453,30.0,1544.0,21.0
2021-01-05 09:33:59.690,0.6492,0.6516,20.0,0.6453,30.0,1544.0,21.0
2021-01-05 09:34:00.191,0.6492,0.6526,36.0,0.6454,10.0,1544.0,21.0
2021-01-05 09:34:00.671,0.6492,0.6526,36.0,0.6456,10.0,1544.0,21.0
2021-01-05 09:34:01.081,0.6492,0.6526,36.0,0.6456,10.0,1544.0,21.0
2021-01-05 09:34:01.661,0.6492,0.6526,46.0,0.6453,30.0,1544.0,21.0
2021-01-05 09:34:02.170,0.6492,0.6525,10.0,0.6453,30.0,1544.0,21.0
2021-01-05 09:34:02.671,0.6492,0.6526,36.0,0.6453,30.0,1544.0,21.0
2021-01-05 09:34:03.171,0.6492,0.6526,36.0,0.6453,40.0,1544.0,21.0
2021-01-05 09:34:03.670,0.6492,0.6526,36.0,0.6453,40.0,1544.0,21.0
2021-01-05 09:34:05.121,0.6492,0.6526,36.0,0.6456,10.0,1544.0,21.0
2021-01-05 09:34:05.630,0.6492,0.6526,36.0,0.6457,2.0,1544.0,21.0
2021-01-05 09:34:06.671,0.6492,0.6526,36.0,0.6486,10.0,1544.0,21.0
2021-01-05 09:34:07.130,0.6492,0.6526,36.0,0.6486,30.0,1544.0,21.0
2021-01-05 09:34:07.311,0.6492,0.6526,36.0,0.6486,30.0,1544.0,21.0
2021-01-05 09:34:08.171,0.6492,0.6526,20.0,0.6486,30.0,1544.0,21.0
2021-01-05 09:34:08.690,0.6492,0.6535,20.0,0.6486,30.0,1544.0,21.0
2021-01-05 09:34:09.170,0.6492,0.6535,20.0,0.6486,30.0,1544.0,21.0
2021-01-05 09:34:09.670,0.6492,0.6535,20.0,0.6486,30.0,1544.0,21.0
2021-01-05 09:34:10.690,0.6492,0.6535,20.0,0.6486,30.0,1544.0,21.0
2021-01-05 09:34:11.681,0.6492,0.6521,10.0,0.6486,20.0,1544.0,21.0
2021-01-05 09:34:12.121,0.6492,0.6521,10.0,0.6486,20.0,1544.0,21.0
2021-01-05 09:34:12.621,0.6492,0.6521,10.0,0.6469,36.0,1544.0,21.0
2021-01-05 09:34:13.191,0.6492,0.6521,10.0,0.6469,36.0,1544.0,21.0
2021-01-05 09:34:13.521,0.6492,0.6521,10.0,0.6469,36.0,1544.0,21.0
2021-01-05 09:34:14.181,0.6492,0.6521,10.0,0.6469,20.0,1544.0,21.0
2021-01-05 09:34:14.691,0.6492,0.6521,10.0,0.6468,10.0,1544.0,21.0
2021-01-05 09:34:15.181,0.6492,0.6504,10.0,0.6468,20.0,1544.0,21.0
2021-01-05 09:34:15.681,0.6492,0.6504,30.0,0.6454,10.0,1544.0,21.0
2021-01-05 09:34:16.190,0.6492,0.6504,30.0,0.6455,10.0,1544.0,21.0
2021-01-05 09:34:16.630,0.6492,0.6504,20.0,0.6472,10.0,1544.0,21.0
2021-01-05 09:34:17.181,0.6492,0.6521,20.0,0.6472,30.0,1544.0,21.0
2021-01-05 09:34:17.690,0.6492,0.6521,20.0,0.6472,30.0,1544.0,21.0
2021-01-05 09:34:18.201,0.6492,0.6521,20.0,0.6472,30.0,1544.0,21.0
2021-01-05 09:34:18.620,0.6492,0.6521,20.0,0.6472,30.0,1544.0,21.0
2021-01-05 09:34:19.041,0.6492,0.6521,20.0,0.6472,30.0,1544.0,21.0
2021-01-05 09:34:19.700,0.6492,0.6521,20.0,0.6472,30.0,1544.0,21.0
2021-01-05 09:34:20.180,0.6492,0.6521,20.0,0.6472,30.0,1544.0,21.0
2021-01-05 09:34:20.651,0.6492,0.6521,20.0,0.6472,30.0,1544.0,21.0
2021-01-05 09:34:21.200,0.6492,0.6521,20.0,0.6472,30.0,1544.0,21.0
2021-01-05 09:34:21.690,0.6492,0.6521,20.0,0.6473,2.0,1544.0,21.0
2021-01-05 09:34:22.151,0.6492,0.6521,20.0,0.6481,10.0,1544.0,21.0
2021-01-05 09:34:22.651,0.6492,0.654,46.0,0.6481,30.0,1544.0,21.0
2021-01-05 09:34:23.181,0.6492,0.654,46.0,0.6481,30.0,1544.0,21.0
2021-01-05 09:34:23.661,0.6492,0.654,46.0,0.6481,30.0,1544.0,21.0
2021-01-05 09:34:25.171,0.6492,0.654,46.0,0.6481,30.0,1544.0,21.0
2021-01-05 09:34:25.671,0.6492,0.654,46.0,0.6481,30.0,1544.0,21.0
2021-01-05 09:34:26.641,0.6492,0.654,46.0,0.6481,30.0,1544.0,21.0
2021-01-05 09:34:29.601,0.6492,0.654,46.0,0.6481,30.0,1544.0,21.0
2021-01-05 09:34:30.170,0.6492,0.654,46.0,0.6481,30.0,1544.0,21.0
2021-01-05 09:34:30.681,0.6492,0.654,46.0,0.6481,30.0,1544.0,21.0
2021-01-05 09:34:31.190,0.6492,0.654,46.0,0.6481,30.0,1544.0,21.0
2021-01-05 09:34:31.691,0.6492,0.654,46.0,0.6481,30.0,1544.0,21.0
2021-01-05 09:34:33.090,0.6492,0.654,46.0,0.6481,30.0,1544.0,21.0
2021-01-05 09:34:33.691,0.6492,0.654,46.0,0.6481,30.0,1544.0,21.0
2021-01-05 09:34:34.171,0.6492,0.654,36.0,0.6481,30.0,1544.0,21.0
2021-01-05 09:34:34.640,0.6492,0.654,36.0,0.6481,30.0,1544.0,21.0
2021-01-05 09:34:35.130,0.6492,0.654,36.0,0.6481,30.0,1544.0,21.0
2021-01-05 09:34:35.691,0.6492,0.654,36.0,0.6481,30.0,1544.0,21.0
2021-01-05 09:34:36.171,0.6492,0.654,36.0,0.6481,40.0,1544.0,21.0
2021-01-05 09:34:36.680,0.6492,0.654,20.0,0.65,10.0,1544.0,21.0
2021-01-05 09:34:37.161,0.6492,0.6549,30.0,0.65,30.0,1544.0,21.0
2021-01-05 09:34:37.700,0.6492,0.6549,30.0,0.65,30.0,1544.0,21.0
2021-01-05 09:34:38.171,0.6492,0.6549,30.0,0.65,30.0,1544.0,21.0
2021-01-05 09:34:38.611,0.6492,0.6549,30.0,0.65,30.0,1544.0,21.0
2021-01-05 09:34:39.091,0.6492,0.6549,20.0,0.65,20.0,1544.0,21.0
2021-01-05 09:34:40.171,0.6492,0.6549,20.0,0.65,20.0,1544.0,21.0
2021-01-05 09:34:40.601,0.6492,0.6549,20.0,0.65,20.0,1544.0,21.0
2021-01-05 09:34:41.201,0.6492,0.6549,20.0,0.65,20.0,1544.0,21.0
2021-01-05 09:34:42.171,0.6492,0.6549,20.0,0.65,20.0,1544.0,21.0
2021-01-05 09:34:42.680,0.6492,0.6549,20.0,0.65,20.0,1544.0,21.0
2021-01-05 09:34:43.191,0.6492,0.6549,20.0,0.65,20.0,1544.0,21.0
2021-01-05 09:34:43.671,0.6492,0.6549,20.0,0.65,20.0,1544.0,21.0
2021-01-05 09:34:44.151,0.6492,0.6568,36.0,0.65,20.0,1544.0,21.0
2021-01-05 09:34:45.200,0.6492,0.6568,36.0,0.65,20.0,1544.0,21.0
2021-01-05 09:34:45.721,0.6492,0.6568,36.0,0.65,20.0,1544.0,21.0
2021-01-05 09:34:46.140,0.6492,0.6568,36.0,0.652,10.0,1544.0,21.0
2021-01-05 09:34:46.660,0.6492,0.6568,36.0,0.652,10.0,1544.0,21.0
2021-01-05 09:34:47.181,0.6492,0.6568,36.0,0.652,10.0,1544.0,21.0
2021-01-05 09:34:47.701,0.6492,0.6568,36.0,0.652,10.0,1544.0,21.0
2021-01-05 09:34:48.141,0.6492,0.6567,1.0,0.652,10.0,1544.0,21.0
2021-01-05 09:34:49.210,0.6492,0.6567,1.0,0.652,10.0,1544.0,21.0
2021-01-05 09:34:50.220,0.6492,0.6567,1.0,0.652,10.0,1544.0,21.0
2021-01-05 09:34:50.700,0.6492,0.6567,1.0,0.652,10.0,1544.0,21.0
2021-01-05 09:34:51.200,0.6492,0.6567,1.0,0.652,10.0,1544.0,21.0
2021-01-05 09:34:51.701,0.6492,0.6567,1.0,0.652,10.0,1544.0,21.0
2021-01-05 09:34:52.220,0.6492,0.6567,1.0,0.652,10.0,1544.0,21.0
2021-01-05 09:34:52.650,0.6492,0.6567,1.0,0.652,10.0,1544.0,21.0
2021-01-05 09:34:53.180,0.6492,0.6567,1.0,0.652,10.0,1544.0,21.0
2021-01-05 09:34:53.651,0.6492,0.6567,1.0,0.652,10.0,1544.0,21.0
2021-01-05 09:34:54.170,0.6492,0.6567,1.0,0.652,10.0,1544.0,21.0
2021-01-05 09:34:54.631,0.6492,0.6568,36.0,0.652,10.0,1544.0,21.0
2021-01-05 09:34:55.161,0.6492,0.6568,20.0,0.6536,10.0,1544.0,21.0
2021-01-05 09:34:55.680,0.6492,0.6568,20.0,0.6536,10.0,1544.0,21.0
2021-01-05 09:34:56.141,0.6492,0.6583,30.0,0.6536,10.0,1544.0,21.0
2021-01-05 09:34:56.681,0.6492,0.6583,20.0,0.6536,10.0,1544.0,21.0
2021-01-05 09:34:57.171,0.6492,0.6583,20.0,0.6536,10.0,1544.0,21.0
2021-01-05 09:34:58.640,0.6492,0.6583,20.0,0.6536,10.0,1544.0,21.0
2021-01-05 09:34:59.170,0.6492,0.6583,20.0,0.6536,10.0,1544.0,21.0
2021-01-05 09:34:59.660,0.6492,0.6583,20.0,0.6536,10.0,1544.0,21.0
2021-01-05 09:35:00.640,0.6492,0.6583,20.0,0.6536,10.0,1544.0,21.0
2021-01-05 09:35:01.070,0.6492,0.6583,20.0,0.6536,10.0,1544.0,21.0
2021-01-05 09:35:01.620,0.6492,0.6583,20.0,0.6536,10.0,1544.0,21.0
2021-01-05 09:35:02.680,0.6492,0.6583,20.0,0.6536,10.0,1544.0,21.0
2021-01-05 09:35:03.180,0.6492,0.6583,20.0,0.6536,10.0,1544.0,21.0
2021-01-05 09:35:03.660,0.6492,0.6579,16.0,0.6536,10.0,1544.0,21.0
2021-01-05 09:35:04.181,0.6492,0.6579,16.0,0.6523,10.0,1544.0,21.0
2021-01-05 09:35:05.180,0.6492,0.6579,16.0,0.652,10.0,1544.0,21.0
2021-01-05 09:35:05.671,0.6492,0.6579,16.0,0.6522,10.0,1544.0,21.0
2021-01-05 09:35:06.180,0.6492,0.6579,16.0,0.6523,10.0,1544.0,21.0
2021-01-05 09:35:06.680,0.6492,0.6579,16.0,0.6526,10.0,1544.0,21.0
2021-01-05 09:35:07.131,0.6492,0.6582,1.0,0.6529,10.0,1544.0,21.0
2021-01-05 09:35:07.650,0.6492,0.6583,20.0,0.6536,16.0,1544.0,21.0
2021-01-05 09:35:08.190,0.6492,0.6583,20.0,0.6538,10.0,1544.0,21.0
2021-01-05 09:35:08.661,0.6492,0.6583,20.0,0.6538,10.0,1544.0,21.0
2021-01-05 09:35:09.191,0.6492,0.6592,20.0,0.6548,26.0,1544.0,21.0
2021-01-05 09:35:09.700,0.6492,0.6592,20.0,0.6548,26.0,1544.0,21.0
2021-01-05 09:35:10.180,0.6492,0.66,36.0,0.6548,46.0,1544.0,21.0
2021-01-05 09:35:10.691,0.6492,0.66,36.0,0.6548,46.0,1544.0,21.0
2021-01-05 09:35:11.160,0.6492,0.66,36.0,0.6548,46.0,1544.0,21.0
2021-01-05 09:35:11.680,0.6492,0.66,36.0,0.6549,10.0,1544.0,21.0
2021-01-05 09:35:12.101,0.6492,0.66,36.0,0.6548,46.0,1544.0,21.0
2021-01-05 09:35:13.181,0.6492,0.66,36.0,0.6548,46.0,1544.0,21.0
2021-01-05 09:35:13.371,0.6492,0.6598,10.0,0.6548,26.0,1544.0,21.0
2021-01-05 09:35:14.191,0.6492,0.6585,16.0,0.6548,10.0,1544.0,21.0
2021-01-05 09:35:14.700,0.6492,0.6585,16.0,0.6533,16.0,1544.0,21.0
2021-01-05 09:35:15.200,0.6492,0.6585,36.0,0.6533,16.0,1544.0,21.0
2021-01-05 09:35:15.701,0.6492,0.6585,16.0,0.6533,16.0,1544.0,21.0
2021-01-05 09:35:16.151,0.6492,0.6585,36.0,0.6536,10.0,1544.0,21.0
2021-01-05 09:35:16.681,0.6492,0.6585,36.0,0.6536,20.0,1544.0,21.0
2021-01-05 09:35:17.680,0.6492,0.6585,36.0,0.6536,20.0,1544.0,21.0
2021-01-05 09:35:18.170,0.6492,0.6585,36.0,0.6533,26.0,1544.0,21.0
2021-01-05 09:35:18.681,0.6492,0.6585,36.0,0.6533,16.0,1544.0,21.0
2021-01-05 09:35:19.180,0.6492,0.6584,1.0,0.6533,16.0,1544.0,21.0
2021-01-05 09:35:20.690,0.6492,0.6584,1.0,0.6533,16.0,1544.0,21.0
2021-01-05 09:35:21.180,0.6492,0.6585,36.0,0.6534,10.0,1544.0,21.0
2021-01-05 09:35:21.620,0.6492,0.6585,20.0,0.6545,10.0,1544.0,21.0
2021-01-05 09:35:22.171,0.6492,0.6594,16.0,0.6545,10.0,1544.0,21.0
2021-01-05 09:35:22.521,0.6492,0.6594,16.0,0.6545,10.0,1544.0,21.0
2021-01-05 09:35:23.680,0.6492,0.6594,16.0,0.6545,10.0,1544.0,21.0
2021-01-05 09:35:24.110,0.6492,0.6594,16.0,0.6545,10.0,1544.0,21.0
2021-01-05 09:35:24.671,0.6492,0.6594,16.0,0.6545,10.0,1544.0,21.0
2021-01-05 09:35:25.170,0.6492,0.6594,16.0,0.6545,10.0,1544.0,21.0
2021-01-05 09:35:25.660,0.6492,0.6594,16.0,0.6545,20.0,1544.0,21.0
2021-01-05 09:35:26.651,0.6492,0.6594,16.0,0.6547,10.0,1544.0,21.0
2021-01-05 09:35:27.641,0.6492,0.6594,16.0,0.6545,10.0,1544.0,21.0
2021-01-05 09:35:28.171,0.6492,0.6594,16.0,0.6545,10.0,1544.0,21.0
2021-01-05 09:35:28.680,0.6492,0.6594,16.0,0.6545,10.0,1544.0,21.0
2021-01-05 09:35:29.641,0.6492,0.6594,16.0,0.6545,10.0,1544.0,21.0
2021-01-05 09:35:30.121,0.6492,0.6594,16.0,0.6545,20.0,1544.0,21.0
2021-01-05 09:35:30.690,0.6492,0.6594,16.0,0.6547,10.0,1544.0,21.0
2021-01-05 09:35:31.170,0.6492,0.6594,16.0,0.6545,10.0,1544.0,21.0
2021-01-05 09:35:31.700,0.6492,0.6594,16.0,0.6545,10.0,1544.0,21.0
2021-01-05 09:35:32.161,0.6492,0.6594,16.0,0.6545,20.0,1544.0,21.0
2021-01-05 09:35:32.691,0.6492,0.6594,16.0,0.6545,20.0,1544.0,21.0
2021-01-05 09:35:33.191,0.6492,0.6594,16.0,0.6547,10.0,1544.0,21.0
2021-01-05 09:35:33.650,0.6492,0.6595,30.0,0.6553,16.0,1544.0,21.0
2021-01-05 09:35:34.190,0.6492,0.6595,30.0,0.6553,36.0,1544.0,21.0
2021-01-05 09:35:34.611,0.6492,0.6595,20.0,0.656,10.0,1544.0,21.0
2021-01-05 09:35:35.200,0.6492,0.6605,36.0,0.656,10.0,1544.0,21.0
2021-01-05 09:35:35.590,0.6492,0.6605,36.0,0.656,10.0,1544.0,21.0
2021-01-05 09:35:36.601,0.6492,0.6605,36.0,0.656,10.0,1544.0,21.0
2021-01-05 09:35:37.640,0.6492,0.6605,36.0,0.656,10.0,1544.0,21.0
2021-01-05 09:35:38.670,0.6492,0.6605,36.0,0.656,10.0,1544.0,21.0
2021-01-05 09:35:40.191,0.6492,0.6605,36.0,0.656,10.0,1544.0,21.0
2021-01-05 09:35:40.691,0.6492,0.6604,1.0,0.656,10.0,1544.0,21.0
2021-01-05 09:35:41.190,0.6492,0.6604,1.0,0.656,10.0,1544.0,21.0
2021-01-05 09:35:42.160,0.6492,0.6604,1.0,0.656,10.0,1544.0,21.0
2021-01-05 09:35:42.670,0.6492,0.6604,1.0,0.656,10.0,1544.0,21.0
2021-01-05 09:35:43.190,0.6492,0.6605,36.0,0.656,10.0,1544.0,21.0
2021-01-05 09:35:43.661,0.6492,0.6605,36.0,0.656,10.0,1544.0,21.0
2021-01-05 09:35:44.101,0.6492,0.6605,36.0,0.656,10.0,1544.0,21.0
2021-01-05 09:35:45.071,0.6492,0.6605,20.0,0.6563,16.0,1544.0,21.0
2021-01-05 09:35:45.670,0.6492,0.6605,20.0,0.6563,36.0,1544.0,21.0
2021-01-05 09:35:46.170,0.6492,0.6605,20.0,0.6577,10.0,1544.0,21.0
2021-01-05 09:35:46.700,0.6492,0.6615,36.0,0.6577,10.0,1544.0,21.0
2021-01-05 09:35:47.691,0.6492,0.6615,20.0,0.6577,10.0,1544.0,21.0
2021-01-05 09:35:48.181,0.6492,0.6615,20.0,0.6577,10.0,1544.0,21.0
2021-01-05 09:35:48.181,0.6492,0.6626,30.0,0.6577,10.0,1544.0,21.0
2021-01-05 09:35:49.190,0.6492,0.6626,30.0,0.6577,10.0,1544.0,21.0
2021-01-05 09:35:50.150,0.6492,0.6626,30.0,0.6577,10.0,1544.0,21.0
2021-01-05 09:35:50.630,0.6492,0.6626,30.0,0.6577,10.0,1544.0,21.0
2021-01-05 09:35:51.710,0.6492,0.6626,30.0,0.6577,10.0,1544.0,21.0
2021-01-05 09:35:53.111,0.6492,0.6626,30.0,0.6577,10.0,1544.0,21.0
2021-01-05 09:35:54.161,0.6492,0.6626,30.0,0.6577,10.0,1544.0,21.0
2021-01-05 09:35:54.640,0.6492,0.6625,1.0,0.6577,10.0,1544.0,21.0
2021-01-05 09:35:55.181,0.6492,0.6613,16.0,0.6577,10.0,1544.0,21.0
2021-01-05 09:35:55.691,0.6492,0.6613,36.0,0.6577,10.0,1544.0,21.0
2021-01-05 09:35:56.121,0.6492,0.6612,1.0,0.6577,10.0,1544.0,21.0
2021-01-05 09:35:56.690,0.6492,0.6612,1.0,0.6577,10.0,1544.0,21.0
2021-01-05 09:35:57.681,0.6492,0.6612,11.0,0.6562,30.0,1544.0,21.0
2021-01-05 09:35:58.150,0.6492,0.6612,10.0,0.6562,30.0,1544.0,21.0
2021-01-05 09:35:58.970,0.6492,0.6612,10.0,0.6563,10.0,1544.0,21.0
2021-01-05 09:35:59.640,0.6492,0.6612,10.0,0.6566,10.0,1544.0,21.0
2021-01-05 09:36:00.201,0.6492,0.6612,10.0,0.6572,16.0,1544.0,21.0
2021-01-05 09:36:00.680,0.6492,0.6612,10.0,0.6572,36.0,1544.0,21.0
2021-01-05 09:36:01.671,0.6492,0.6613,20.0,0.6572,36.0,1544.0,21.0
2021-01-05 09:36:02.170,0.6492,0.6624,36.0,0.6572,36.0,1544.0,21.0
2021-01-05 09:36:02.701,0.6492,0.6623,1.0,0.6572,36.0,1544.0,21.0
2021-01-05 09:36:03.150,0.6492,0.6613,16.0,0.6562,30.0,1544.0,21.0
2021-01-05 09:36:03.700,0.6492,0.6613,36.0,0.6562,30.0,1544.0,21.0
2021-01-05 09:36:04.201,0.6492,0.6612,1.0,0.6562,30.0,1544.0,21.0
2021-01-05 09:36:04.670,0.6492,0.6612,1.0,0.6562,30.0,1544.0,21.0
2021-01-05 09:36:05.150,0.6492,0.6613,36.0,0.6562,30.0,1544.0,21.0
2021-01-05 09:36:05.690,0.6492,0.6613,36.0,0.6562,30.0,1544.0,21.0
2021-01-05 09:36:06.180,0.6492,0.6613,36.0,0.6562,30.0,1544.0,21.0
2021-01-05 09:36:06.700,0.6492,0.661,10.0,0.6562,20.0,1544.0,21.0
2021-01-05 09:36:09.161,0.6492,0.661,10.0,0.6562,20.0,1544.0,21.0
2021-01-05 09:36:09.691,0.6492,0.661,10.0,0.6562,20.0,1544.0,21.0
2021-01-05 09:36:10.160,0.6492,0.6609,1.0,0.6562,20.0,1544.0,21.0
2021-01-05 09:36:10.671,0.6492,0.6609,1.0,0.6562,20.0,1544.0,21.0
2021-01-05 09:36:11.651,0.6492,0.6609,1.0,0.6562,20.0,1544.0,21.0
2021-01-05 09:36:13.190,0.6492,0.661,10.0,0.6562,20.0,1544.0,21.0
2021-01-05 09:36:14.150,0.6492,0.661,10.0,0.6562,20.0,1544.0,21.0
2021-01-05 09:36:14.611,0.6492,0.6609,1.0,0.6562,20.0,1544.0,21.0
2021-01-05 09:36:15.170,0.6492,0.6609,1.0,0.6562,20.0,1544.0,21.0
2021-01-05 09:36:18.680,0.6492,0.6609,1.0,0.6562,20.0,1544.0,21.0
2021-01-05 09:36:19.151,0.6492,0.6609,1.0,0.6562,20.0,1544.0,21.0
2021-01-05 09:36:21.120,0.6492,0.6609,1.0,0.6562,20.0,1544.0,21.0
2021-01-05 09:36:21.691,0.6492,0.6609,1.0,0.6562,20.0,1544.0,21.0
2021-01-05 09:36:23.191,0.6492,0.6609,1.0,0.6562,20.0,1544.0,21.0
2021-01-05 09:36:23.681,0.6492,0.6609,1.0,0.6562,20.0,1544.0,21.0
2021-01-05 09:36:24.171,0.6492,0.6609,1.0,0.6562,20.0,1544.0,21.0
2021-01-05 09:36:25.191,0.6492,0.661,10.0,0.6562,20.0,1544.0,21.0
2021-01-05 09:36:25.690,0.6492,0.661,10.0,0.6562,20.0,1544.0,21.0
2021-01-05 09:36:26.171,0.6492,0.6613,36.0,0.6562,20.0,1544.0,21.0
2021-01-05 09:36:26.651,0.6492,0.6613,36.0,0.6562,20.0,1544.0,21.0
2021-01-05 09:36:27.160,0.6492,0.6613,36.0,0.6562,20.0,1544.0,21.0
2021-01-05 09:36:27.690,0.6492,0.6613,36.0,0.6562,20.0,1544.0,21.0
2021-01-05 09:36:28.190,0.6492,0.6613,20.0,0.6562,20.0,1544.0,21.0
2021-01-05 09:36:28.681,0.6492,0.6613,20.0,0.6571,16.0,1544.0,21.0
2021-01-05 09:36:29.171,0.6492,0.6622,16.0,0.6571,16.0,1544.0,21.0
2021-01-05 09:36:29.661,0.6492,0.6622,16.0,0.6571,36.0,1544.0,21.0
2021-01-05 09:36:30.161,0.6492,0.6622,16.0,0.6578,10.0,1544.0,21.0
2021-01-05 09:36:30.700,0.6492,0.6622,16.0,0.6578,10.0,1544.0,21.0
2021-01-05 09:36:33.200,0.6492,0.6622,16.0,0.6578,10.0,1544.0,21.0
2021-01-05 09:36:33.670,0.6492,0.6622,16.0,0.6578,10.0,1544.0,21.0
2021-01-05 09:36:34.091,0.6492,0.6622,16.0,0.6578,10.0,1544.0,21.0
2021-01-05 09:36:35.150,0.6492,0.6622,16.0,0.6578,10.0,1544.0,21.0
2021-01-05 09:36:35.701,0.6492,0.6622,16.0,0.6578,10.0,1544.0,21.0
2021-01-05 09:36:36.191,0.6492,0.6622,16.0,0.6578,10.0,1544.0,21.0
2021-01-05 09:36:36.700,0.6492,0.6622,16.0,0.6578,10.0,1544.0,21.0
2021-01-05 09:36:37.190,0.6492,0.6622,16.0,0.6578,10.0,1544.0,21.0
2021-01-05 09:36:38.120,0.6492,0.6622,16.0,0.6578,10.0,1544.0,21.0
2021-01-05 09:36:40.191,0.6492,0.6622,16.0,0.6575,10.0,1544.0,21.0
2021-01-05 09:36:40.700,0.6492,0.6622,16.0,0.6575,10.0,1544.0,21.0
2021-01-05 09:36:41.201,0.6492,0.6622,16.0,0.6575,10.0,1544.0,21.0
2021-01-05 09:36:41.641,0.6492,0.6622,16.0,0.6575,10.0,1544.0,21.0
2021-01-05 09:36:42.200,0.6492,0.6622,16.0,0.6575,10.0,1544.0,21.0
2021-01-05 09:36:43.700,0.6492,0.6622,16.0,0.6575,10.0,1544.0,21.0
2021-01-05 09:36:44.200,0.6492,0.6622,16.0,0.6575,10.0,1544.0,21.0
2021-01-05 09:36:45.191,0.6492,0.6622,16.0,0.6592,10.0,1544.0,21.0
2021-01-05 09:36:45.631,0.6492,0.6622,16.0,0.6592,10.0,1544.0,21.0
2021-01-05 09:36:46.190,0.6492,0.6624,20.0,0.6592,10.0,1544.0,21.0
2021-01-05 09:36:46.651,0.6492,0.6624,20.0,0.6592,10.0,1544.0,21.0
2021-01-05 09:36:47.130,0.6492,0.6634,36.0,0.6592,10.0,1544.0,21.0
2021-01-05 09:36:47.660,0.6492,0.6634,16.0,0.6592,10.0,1544.0,21.0
2021-01-05 09:36:48.130,0.6492,0.6634,36.0,0.6592,10.0,1544.0,21.0
2021-01-05 09:36:48.630,0.6492,0.6634,16.0,0.6592,10.0,1544.0,21.0
2021-01-05 09:36:49.181,0.6492,0.6634,36.0,0.6592,10.0,1544.0,21.0
2021-01-05 09:36:49.700,0.6492,0.6634,16.0,0.6592,10.0,1544.0,21.0
2021-01-05 09:36:50.201,0.6492,0.6634,36.0,0.6592,10.0,1544.0,21.0
2021-01-05 09:36:50.670,0.6492,0.6634,16.0,0.6592,10.0,1544.0,21.0
2021-01-05 09:36:51.671,0.6492,0.6634,16.0,0.6592,10.0,1544.0,21.0
2021-01-05 09:36:52.180,0.6492,0.6634,36.0,0.6592,10.0,1544.0,21.0
2021-01-05 09:36:53.191,0.6492,0.6634,20.0,0.6592,26.0,1544.0,21.0
2021-01-05 09:36:53.680,0.6492,0.6634,20.0,0.6592,28.0,1544.0,21.0
2021-01-05 09:36:54.180,0.6492,0.6642,30.0,0.6592,26.0,1544.0,21.0
2021-01-05 09:36:54.631,0.6492,0.6642,30.0,0.6592,26.0,1544.0,21.0
2021-01-05 09:36:55.171,0.6492,0.6642,30.0,0.6592,26.0,1544.0,21.0
2021-01-05 09:36:55.651,0.6492,0.6641,1.0,0.6592,26.0,1544.0,21.0
2021-01-05 09:36:56.141,0.6492,0.6641,1.0,0.6592,26.0,1544.0,21.0
2021-01-05 09:36:56.691,0.6492,0.6641,1.0,0.6592,26.0,1544.0,21.0
2021-01-05 09:36:57.630,0.6492,0.6641,1.0,0.6592,26.0,1544.0,21.0
2021-01-05 09:36:58.610,0.6492,0.6634,16.0,0.6592,10.0,1544.0,21.0
2021-01-05 09:36:59.181,0.6492,0.6634,16.0,0.6592,10.0,1544.0,21.0
2021-01-05 09:36:59.690,0.6492,0.6634,36.0,0.6592,12.0,1544.0,21.0
2021-01-05 09:37:01.031,0.6492,0.6634,36.0,0.6592,10.0,1544.0,21.0
2021-01-05 09:37:01.640,0.6492,0.6634,36.0,0.6592,10.0,1544.0,21.0
2021-01-05 09:37:02.191,0.6492,0.6634,36.0,0.6592,10.0,1544.0,21.0
2021-01-05 09:37:02.640,0.6492,0.6634,36.0,0.6592,10.0,1544.0,21.0
2021-01-05 09:37:03.151,0.6492,0.6634,36.0,0.6592,10.0,1544.0,21.0
2021-01-05 09:37:03.630,0.6492,0.6634,36.0,0.6592,10.0,1544.0,21.0
2021-01-05 09:37:04.200,0.6492,0.6634,36.0,0.6582,16.0,1544.0,21.0
2021-01-05 09:37:04.690,0.6492,0.6634,37.0,0.6582,16.0,1544.0,21.0
2021-01-05 09:37:05.701,0.6492,0.6624,16.0,0.6572,16.0,1544.0,21.0
2021-01-05 09:37:06.171,0.6492,0.6624,36.0,0.6572,16.0,1544.0,21.0
2021-01-05 09:37:06.171,0.6492,0.6624,36.0,0.6572,16.0,1544.0,21.0
2021-01-05 09:37:07.180,0.6492,0.6624,36.0,0.6572,16.0,1544.0,21.0
2021-01-05 09:37:07.681,0.6492,0.6624,36.0,0.6572,16.0,1544.0,21.0
2021-01-05 09:37:08.200,0.6492,0.6624,36.0,0.6572,16.0,1544.0,21.0
2021-01-05 09:37:08.630,0.6492,0.6624,36.0,0.6572,16.0,1544.0,21.0
2021-01-05 09:37:09.170,0.6492,0.6624,20.0,0.6585,10.0,1544.0,21.0
2021-01-05 09:37:09.660,0.6492,0.6634,36.0,0.6585,10.0,1544.0,21.0
2021-01-05 09:37:10.140,0.6492,0.6634,36.0,0.6585,10.0,1544.0,21.0
2021-01-05 09:37:10.701,0.6492,0.6634,36.0,0.6585,10.0,1544.0,21.0
2021-01-05 09:37:11.201,0.6492,0.6624,16.0,0.6585,10.0,1544.0,21.0
2021-01-05 09:37:11.700,0.6492,0.6624,16.0,0.6585,10.0,1544.0,21.0
2021-01-05 09:37:12.131,0.6492,0.6624,36.0,0.6585,10.0,1544.0,21.0
2021-01-05 09:37:12.620,0.6492,0.6624,16.0,0.6585,10.0,1544.0,21.0
2021-01-05 09:37:13.181,0.6492,0.662,10.0,0.6572,16.0,1544.0,21.0
2021-01-05 09:37:13.681,0.6492,0.662,10.0,0.6572,16.0,1544.0,21.0
2021-01-05 09:37:14.171,0.6492,0.662,30.0,0.6572,16.0,1544.0,21.0
2021-01-05 09:37:15.200,0.6492,0.662,30.0,0.6581,16.0,1544.0,21.0
2021-01-05 09:37:15.700,0.6492,0.662,30.0,0.6581,16.0,1544.0,21.0
2021-01-05 09:37:16.190,0.6492,0.662,30.0,0.6581,36.0,1544.0,21.0
2021-01-05 09:37:16.461,0.6492,0.662,30.0,0.6581,16.0,1544.0,21.0
2021-01-05 09:37:17.200,0.6492,0.662,20.0,0.6581,16.0,1544.0,21.0
2021-01-05 09:37:17.671,0.6492,0.662,20.0,0.6581,16.0,1544.0,21.0
2021-01-05 09:37:18.710,0.6492,0.662,20.0,0.6581,16.0,1544.0,21.0
2021-01-05 09:37:19.021,0.6492,0.662,20.0,0.6581,16.0,1544.0,21.0
2021-01-05 09:37:19.711,0.6492,0.662,20.0,0.6581,16.0,1544.0,21.0
2021-01-05 09:37:20.211,0.6492,0.662,20.0,0.6581,16.0,1544.0,21.0
2021-01-05 09:37:21.200,0.6492,0.662,20.0,0.6581,16.0,1544.0,21.0
2021-01-05 09:37:21.701,0.6492,0.662,20.0,0.6581,16.0,1544.0,21.0
2021-01-05 09:37:22.030,0.6492,0.6618,16.0,0.6571,20.0,1544.0,21.0
2021-01-05 09:37:23.150,0.6492,0.6618,16.0,0.6571,20.0,1544.0,21.0
2021-01-05 09:37:23.661,0.6492,0.6618,16.0,0.6571,20.0,1544.0,21.0
2021-01-05 09:37:24.080,0.6492,0.6618,16.0,0.6571,20.0,1544.0,21.0
2021-01-05 09:37:24.631,0.6492,0.6618,16.0,0.6571,20.0,1544.0,21.0
2021-01-05 09:37:25.200,0.6492,0.6618,16.0,0.6571,20.0,1544.0,21.0
2021-01-05 09:37:26.650,0.6492,0.6618,16.0,0.6571,20.0,1544.0,21.0
2021-01-05 09:37:27.130,0.6492,0.6618,16.0,0.6571,20.0,1544.0,21.0
2021-01-05 09:37:29.130,0.6492,0.6618,16.0,0.6571,20.0,1544.0,21.0
2021-01-05 09:37:30.191,0.6492,0.6618,16.0,0.6571,20.0,1544.0,21.0
2021-01-05 09:37:30.650,0.6492,0.6618,16.0,0.6571,20.0,1544.0,21.0
2021-01-05 09:37:31.190,0.6492,0.6618,16.0,0.6571,20.0,1544.0,21.0
2021-01-05 09:37:32.181,0.6492,0.6618,16.0,0.6571,20.0,1544.0,21.0
2021-01-05 09:37:32.651,0.6492,0.6618,16.0,0.6571,20.0,1544.0,21.0
2021-01-05 09:37:33.180,0.6492,0.662,20.0,0.6583,10.0,1544.0,21.0
2021-01-05 09:37:33.701,0.6492,0.662,20.0,0.6583,30.0,1544.0,21.0
2021-01-05 09:37:35.170,0.6492,0.662,20.0,0.6583,30.0,1544.0,21.0
2021-01-05 09:37:37.180,0.6492,0.662,36.0,0.6583,30.0,1544.0,21.0
2021-01-05 09:37:37.691,0.6492,0.662,36.0,0.6583,10.0,1544.0,21.0
2021-01-05 09:37:38.651,0.6492,0.662,36.0,0.6583,10.0,1544.0,21.0
2021-01-05 09:37:39.170,0.6492,0.6611,16.0,0.6583,10.0,1544.0,21.0
2021-01-05 09:37:39.700,0.6492,0.6611,16.0,0.6583,10.0,1544.0,21.0
2021-01-05 09:37:40.161,0.6492,0.661,1.0,0.6583,10.0,1544.0,21.0
2021-01-05 09:37:40.701,0.6492,0.661,1.0,0.6571,20.0,1544.0,21.0
2021-01-05 09:37:41.131,0.6492,0.6611,36.0,0.6571,20.0,1544.0,21.0
2021-01-05 09:37:41.660,0.6492,0.6611,36.0,0.6571,20.0,1544.0,21.0
2021-01-05 09:37:42.130,0.6492,0.6611,36.0,0.6571,20.0,1544.0,21.0
2021-01-05 09:37:43.671,0.6492,0.6611,36.0,0.6568,10.0,1544.0,21.0
2021-01-05 09:37:44.651,0.6492,0.6611,36.0,0.6568,10.0,1544.0,21.0
2021-01-05 09:37:45.191,0.6492,0.6602,16.0,0.6568,10.0,1544.0,21.0
2021-01-05 09:37:45.650,0.6492,0.6602,36.0,0.6568,10.0,1544.0,21.0
2021-01-05 09:37:46.601,0.6492,0.6602,36.0,0.6568,10.0,1544.0,21.0
2021-01-05 09:37:47.210,0.6492,0.6602,36.0,0.6568,10.0,1544.0,21.0
2021-01-05 09:37:47.661,0.6492,0.6602,36.0,0.6568,10.0,1544.0,21.0
2021-01-05 09:37:48.201,0.6492,0.6602,20.0,0.6568,10.0,1544.0,21.0
2021-01-05 09:37:48.700,0.6492,0.6611,36.0,0.6568,10.0,1544.0,21.0
2021-01-05 09:37:49.190,0.6492,0.6611,36.0,0.6568,10.0,1544.0,21.0
2021-01-05 09:37:49.670,0.6492,0.6611,36.0,0.6568,10.0,1544.0,21.0
2021-01-05 09:37:50.220,0.6492,0.6611,36.0,0.6568,10.0,1544.0,21.0
2021-01-05 09:37:50.721,0.6492,0.6611,36.0,0.6568,10.0,1544.0,21.0
2021-01-05 09:37:51.691,0.6492,0.6611,36.0,0.6568,30.0,1544.0,21.0
2021-01-05 09:37:52.191,0.6492,0.6611,36.0,0.6568,30.0,1544.0,21.0
2021-01-05 09:37:52.660,0.6492,0.6611,36.0,0.6568,30.0,1544.0,21.0
2021-01-05 09:37:53.680,0.6492,0.6611,36.0,0.6568,30.0,1544.0,21.0
2021-01-05 09:37:54.170,0.6492,0.6611,36.0,0.6568,30.0,1544.0,21.0
2021-01-05 09:37:56.121,0.6492,0.6611,36.0,0.6568,30.0,1544.0,21.0
2021-01-05 09:37:56.611,0.6492,0.6611,36.0,0.6568,30.0,1544.0,21.0
2021-01-05 09:37:57.170,0.6492,0.6611,36.0,0.6568,10.0,1544.0,21.0
2021-01-05 09:37:57.601,0.6492,0.66,10.0,0.656,20.0,1544.0,21.0
2021-01-05 09:37:58.141,0.6492,0.66,30.0,0.656,20.0,1544.0,21.0
2021-01-05 09:37:58.141,0.6492,0.66,30.0,0.656,20.0,1544.0,21.0
2021-01-05 09:37:59.161,0.6492,0.66,30.0,0.656,20.0,1544.0,21.0
2021-01-05 09:37:59.670,0.6492,0.66,30.0,0.656,20.0,1544.0,21.0
2021-01-05 09:38:02.181,0.6492,0.66,30.0,0.656,20.0,1544.0,21.0
2021-01-05 09:38:04.190,0.6492,0.66,30.0,0.6568,16.0,1544.0,21.0
2021-01-05 09:38:05.181,0.6492,0.66,20.0,0.6568,36.0,1544.0,21.0
2021-01-05 09:38:05.621,0.6492,0.66,20.0,0.6568,36.0,1544.0,21.0
2021-01-05 09:38:06.151,0.6492,0.6611,20.0,0.6568,36.0,1544.0,21.0
2021-01-05 09:38:06.691,0.6492,0.6611,20.0,0.6568,36.0,1544.0,21.0
2021-01-05 09:38:07.200,0.6492,0.6611,20.0,0.6568,36.0,1544.0,21.0
2021-01-05 09:38:07.590,0.6492,0.6622,16.0,0.6577,16.0,1544.0,21.0
2021-01-05 09:38:08.021,0.6492,0.6622,36.0,0.6577,36.0,1544.0,21.0
2021-01-05 09:38:09.160,0.6492,0.6622,36.0,0.6577,36.0,1544.0,21.0
2021-01-05 09:38:09.681,0.6492,0.6622,36.0,0.6577,36.0,1544.0,21.0
2021-01-05 09:38:10.180,0.6492,0.6622,36.0,0.6577,36.0,1544.0,21.0
2021-01-05 09:38:10.670,0.6492,0.6622,36.0,0.6577,36.0,1544.0,21.0
2021-01-05 09:38:11.141,0.6492,0.6622,36.0,0.6577,36.0,1544.0,21.0
2021-01-05 09:38:12.191,0.6492,0.6622,36.0,0.6577,36.0,1544.0,21.0
2021-01-05 09:38:12.691,0.6492,0.6622,36.0,0.6577,36.0,1544.0,21.0
2021-01-05 09:38:13.110,0.6492,0.6622,36.0,0.6577,36.0,1544.0,21.0
2021-01-05 09:38:13.690,0.6492,0.6622,36.0,0.6577,36.0,1544.0,21.0
2021-01-05 09:38:14.141,0.6492,0.6622,36.0,0.6577,36.0,1544.0,21.0
2021-01-05 09:38:14.691,0.6492,0.663,20.0,0.6586,16.0,1544.0,21.0
2021-01-05 09:38:15.150,0.6492,0.663,20.0,0.6586,36.0,1544.0,21.0
2021-01-05 09:38:15.290,0.6492,0.663,20.0,0.6586,36.0,1544.0,21.0
2021-01-05 09:38:16.210,0.6492,0.663,20.0,0.6586,36.0,1544.0,21.0
2021-01-05 09:38:16.731,0.6492,0.663,20.0,0.6586,36.0,1544.0,21.0
2021-01-05 09:38:17.190,0.6492,0.663,20.0,0.6586,36.0,1544.0,21.0
2021-01-05 09:38:18.231,0.6492,0.663,20.0,0.6586,36.0,1544.0,21.0
2021-01-05 09:38:18.660,0.6492,0.663,20.0,0.6586,36.0,1544.0,21.0
2021-01-05 09:38:19.230,0.6492,0.663,20.0,0.6588,10.0,1544.0,21.0
2021-01-05 09:38:19.670,0.6492,0.663,20.0,0.6588,10.0,1544.0,21.0
2021-01-05 09:38:20.231,0.6492,0.663,20.0,0.6588,10.0,1544.0,21.0
2021-01-05 09:38:20.671,0.6492,0.6639,36.0,0.6595,16.0,1544.0,21.0
2021-01-05 09:38:21.670,0.6492,0.6639,36.0,0.6595,36.0,1544.0,21.0
2021-01-05 09:38:22.210,0.6492,0.6639,16.0,0.6595,36.0,1544.0,21.0
2021-01-05 09:38:22.661,0.6492,0.6639,36.0,0.6595,36.0,1544.0,21.0
2021-01-05 09:38:23.201,0.6492,0.6639,20.0,0.6607,10.0,1544.0,21.0
2021-01-05 09:38:23.681,0.6492,0.6639,20.0,0.6607,10.0,1544.0,21.0
2021-01-05 09:38:24.141,0.6492,0.6647,20.0,0.6607,30.0,1544.0,21.0
2021-01-05 09:38:24.690,0.6492,0.6647,20.0,0.6607,30.0,1544.0,21.0
2021-01-05 09:38:25.101,0.6492,0.6647,20.0,0.6607,30.0,1544.0,21.0
2021-01-05 09:38:25.700,0.6492,0.6647,20.0,0.6607,30.0,1544.0,21.0
2021-01-05 09:38:26.100,0.6492,0.6647,20.0,0.6607,30.0,1544.0,21.0
2021-01-05 09:38:26.701,0.6492,0.6647,20.0,0.6607,30.0,1544.0,21.0
2021-01-05 09:38:28.171,0.6492,0.6647,20.0,0.6607,30.0,1544.0,21.0
2021-01-05 09:38:28.680,0.6492,0.6647,20.0,0.6607,30.0,1544.0,21.0
2021-01-05 09:38:29.191,0.6492,0.6647,20.0,0.6607,30.0,1544.0,21.0
2021-01-05 09:38:29.641,0.6492,0.6647,20.0,0.6607,30.0,1544.0,21.0
2021-01-05 09:38:30.190,0.6492,0.6647,20.0,0.6607,20.0,1544.0,21.0
2021-01-05 09:38:30.670,0.6492,0.6647,20.0,0.6607,20.0,1544.0,21.0
2021-01-05 09:38:31.181,0.6492,0.6647,20.0,0.6607,20.0,1544.0,21.0
2021-01-05 09:38:31.700,0.6492,0.6647,20.0,0.6607,20.0,1544.0,21.0
2021-01-05 09:38:32.171,0.6492,0.6647,20.0,0.6612,16.0,1544.0,21.0
2021-01-05 09:38:32.701,0.6492,0.6647,20.0,0.6612,16.0,1544.0,21.0
2021-01-05 09:38:33.191,0.6492,0.6659,36.0,0.6612,16.0,1544.0,21.0
2021-01-05 09:38:33.700,0.6492,0.6668,16.0,0.6621,16.0,1544.0,21.0
2021-01-05 09:38:34.201,0.6492,0.6668,16.0,0.6621,36.0,1544.0,21.0
2021-01-05 09:38:35.200,0.6492,0.6669,20.0,0.663,16.0,1544.0,21.0
2021-01-05 09:38:35.700,0.6492,0.6669,20.0,0.663,16.0,1544.0,21.0
2021-01-05 09:38:36.180,0.6492,0.6669,20.0,0.663,36.0,1544.0,21.0
2021-01-05 09:38:36.691,0.6492,0.6669,20.0,0.663,16.0,1544.0,21.0
2021-01-05 09:38:37.131,0.6492,0.6669,20.0,0.663,36.0,1544.0,21.0
2021-01-05 09:38:37.680,0.6492,0.6669,20.0,0.6631,10.0,1544.0,21.0
2021-01-05 09:38:38.161,0.6492,0.6676,16.0,0.6631,10.0,1544.0,21.0
2021-01-05 09:38:38.660,0.6492,0.6676,16.0,0.6631,10.0,1544.0,21.0
2021-01-05 09:38:39.161,0.6492,0.668,20.0,0.6643,16.0,1544.0,21.0
2021-01-05 09:38:39.661,0.6492,0.669,36.0,0.6643,36.0,1544.0,21.0
2021-01-05 09:38:40.141,0.6492,0.669,16.0,0.6643,36.0,1544.0,21.0
2021-01-05 09:38:40.591,0.6492,0.67,16.0,0.6653,16.0,1544.0,21.0
2021-01-05 09:38:41.190,0.6492,0.67,16.0,0.6653,36.0,1544.0,21.0
2021-01-05 09:38:41.670,0.6492,0.67,16.0,0.6653,36.0,1544.0,21.0
2021-01-05 09:38:42.191,0.6492,0.67,16.0,0.6653,36.0,1544.0,21.0
2021-01-05 09:38:42.700,0.6492,0.67,16.0,0.6653,36.0,1544.0,21.0
2021-01-05 09:38:43.190,0.6492,0.67,16.0,0.6653,36.0,1544.0,21.0
2021-01-05 09:38:43.701,0.6492,0.67,16.0,0.6653,36.0,1544.0,21.0
2021-01-05 09:38:44.200,0.6492,0.67,16.0,0.6653,36.0,1544.0,21.0
2021-01-05 09:38:44.690,0.6492,0.67,16.0,0.6653,36.0,1544.0,21.0
2021-01-05 09:38:45.201,0.6492,0.6691,16.0,0.6653,20.0,1544.0,21.0
2021-01-05 09:38:45.580,0.6492,0.6691,16.0,0.6644,16.0,1544.0,21.0
2021-01-05 09:38:46.200,0.6492,0.6691,16.0,0.6644,16.0,1544.0,21.0
2021-01-05 09:38:46.631,0.6492,0.6691,16.0,0.6644,16.0,1544.0,21.0
2021-01-05 09:38:47.140,0.6492,0.6691,16.0,0.6644,16.0,1544.0,21.0
2021-01-05 09:38:47.691,0.6492,0.6691,16.0,0.6644,16.0,1544.0,21.0
2021-01-05 09:38:48.200,0.6492,0.668,16.0,0.6634,20.0,1544.0,21.0
2021-01-05 09:38:49.130,0.6492,0.668,36.0,0.6634,20.0,1544.0,21.0
2021-01-05 09:38:49.670,0.6492,0.668,36.0,0.6634,20.0,1544.0,21.0
2021-01-05 09:38:50.110,0.6492,0.668,36.0,0.6634,20.0,1544.0,21.0
2021-01-05 09:38:51.170,0.6492,0.668,36.0,0.6634,20.0,1544.0,21.0
2021-01-05 09:38:51.691,0.6492,0.668,16.0,0.6634,20.0,1544.0,21.0
2021-01-05 09:38:52.150,0.6492,0.669,16.0,0.6643,16.0,1544.0,21.0
2021-01-05 09:38:52.671,0.6492,0.669,16.0,0.6643,16.0,1544.0,21.0
2021-01-05 09:38:53.191,0.6492,0.669,16.0,0.6643,36.0,1544.0,21.0
2021-01-05 09:38:53.620,0.6492,0.669,16.0,0.6643,36.0,1544.0,21.0
2021-01-05 09:38:54.690,0.6492,0.669,16.0,0.6654,10.0,1544.0,21.0
2021-01-05 09:38:55.191,0.6492,0.669,16.0,0.6654,30.0,1544.0,21.0
2021-01-05 09:38:55.650,0.6492,0.6692,20.0,0.6654,46.0,1544.0,21.0
2021-01-05 09:38:56.190,0.6492,0.6692,20.0,0.6654,36.0,1544.0,21.0
2021-01-05 09:38:56.661,0.6492,0.6698,16.0,0.6654,36.0,1544.0,21.0
2021-01-05 09:38:57.200,0.6492,0.6698,16.0,0.6654,16.0,1544.0,21.0
2021-01-05 09:38:57.640,0.6492,0.6698,16.0,0.6654,36.0,1544.0,21.0
2021-01-05 09:38:58.161,0.6492,0.6698,16.0,0.6654,36.0,1544.0,21.0
2021-01-05 09:38:58.670,0.6492,0.6688,16.0,0.6646,10.0,1544.0,21.0
2021-01-05 09:38:59.060,0.6492,0.6688,36.0,0.6646,10.0,1544.0,21.0
2021-01-05 09:38:59.700,0.6492,0.6688,36.0,0.6646,10.0,1544.0,21.0
2021-01-05 09:39:00.660,0.6492,0.6688,36.0,0.6646,10.0,1544.0,21.0
2021-01-05 09:39:01.160,0.6492,0.6688,36.0,0.6646,10.0,1544.0,21.0
2021-01-05 09:39:02.201,0.6492,0.6688,36.0,0.6646,10.0,1544.0,21.0
2021-01-05 09:39:02.660,0.6492,0.6688,36.0,0.6646,10.0,1544.0,21.0
2021-01-05 09:39:03.150,0.6492,0.6688,36.0,0.6646,10.0,1544.0,21.0
2021-01-05 09:39:04.161,0.6492,0.6688,36.0,0.6644,16.0,1544.0,21.0
2021-01-05 09:39:04.610,0.6492,0.6688,36.0,0.6644,16.0,1544.0,21.0
2021-01-05 09:39:05.211,0.6492,0.6688,36.0,0.6644,16.0,1544.0,21.0
2021-01-05 09:39:07.200,0.6492,0.6688,36.0,0.6644,16.0,1544.0,21.0
2021-01-05 09:39:08.131,0.6492,0.6688,36.0,0.6644,16.0,1544.0,21.0
2021-01-05 09:39:08.690,0.6492,0.6688,36.0,0.6644,16.0,1544.0,21.0
2021-01-05 09:39:09.161,0.6492,0.6688,36.0,0.6644,16.0,1544.0,21.0
2021-01-05 09:39:09.601,0.6492,0.6688,36.0,0.6644,16.0,1544.0,21.0
2021-01-05 09:39:10.191,0.6492,0.6688,36.0,0.6644,16.0,1544.0,21.0
2021-01-05 09:39:10.721,0.6492,0.6688,36.0,0.6649,10.0,1544.0,21.0
2021-01-05 09:39:11.201,0.6492,0.6688,36.0,0.6644,26.0,1544.0,21.0
2021-01-05 09:39:11.701,0.6492,0.6688,36.0,0.6644,26.0,1544.0,21.0
2021-01-05 09:39:12.220,0.6492,0.6688,36.0,0.6644,26.0,1544.0,21.0
2021-01-05 09:39:12.690,0.6492,0.6688,36.0,0.6644,26.0,1544.0,21.0
2021-01-05 09:39:13.720,0.6492,0.6688,36.0,0.6644,26.0,1544.0,21.0
2021-01-05 09:39:14.160,0.6492,0.6688,36.0,0.6644,26.0,1544.0,21.0
2021-01-05 09:39:15.220,0.6492,0.6697,16.0,0.6652,36.0,1544.0,21.0
2021-01-05 09:39:15.720,0.6492,0.6697,16.0,0.6652,36.0,1544.0,21.0
2021-01-05 09:39:16.121,0.6492,0.6697,16.0,0.6652,36.0,1544.0,21.0
2021-01-05 09:39:16.721,0.6492,0.6697,16.0,0.6652,36.0,1544.0,21.0
2021-01-05 09:39:17.191,0.6492,0.6697,16.0,0.6652,36.0,1544.0,21.0
2021-01-05 09:39:17.650,0.6492,0.6697,16.0,0.6652,36.0,1544.0,21.0
2021-01-05 09:39:18.221,0.6492,0.6697,16.0,0.6652,36.0,1544.0,21.0
2021-01-05 09:39:19.710,0.6492,0.6697,16.0,0.6652,36.0,1544.0,21.0
2021-01-05 09:39:20.221,0.6492,0.6697,16.0,0.6652,36.0,1544.0,21.0
2021-01-05 09:39:20.741,0.6492,0.6697,16.0,0.6652,36.0,1544.0,21.0
2021-01-05 09:39:21.231,0.6492,0.6697,16.0,0.6652,36.0,1544.0,21.0
2021-01-05 09:39:21.671,0.6492,0.6697,16.0,0.6652,36.0,1544.0,21.0
2021-01-05 09:39:22.651,0.6492,0.6697,16.0,0.6652,36.0,1544.0,21.0
2021-01-05 09:39:23.200,0.6492,0.6697,16.0,0.6652,36.0,1544.0,21.0
2021-01-05 09:39:23.710,0.6492,0.6697,16.0,0.6652,36.0,1544.0,21.0
2021-01-05 09:39:24.151,0.6492,0.6697,16.0,0.6652,36.0,1544.0,21.0
2021-01-05 09:39:25.700,0.6492,0.6697,16.0,0.6652,36.0,1544.0,21.0
2021-01-05 09:39:26.130,0.6492,0.6697,16.0,0.6652,36.0,1544.0,21.0
2021-01-05 09:39:27.210,0.6492,0.6697,16.0,0.6652,36.0,1544.0,21.0
2021-01-05 09:39:27.711,0.6492,0.6697,16.0,0.6652,36.0,1544.0,21.0
2021-01-05 09:39:28.220,0.6492,0.6697,16.0,0.6652,36.0,1544.0,21.0
2021-01-05 09:39:29.231,0.6492,0.6697,16.0,0.6652,36.0,1544.0,21.0
2021-01-05 09:39:29.721,0.6492,0.6697,16.0,0.6652,36.0,1544.0,21.0
2021-01-05 09:39:30.220,0.6492,0.6697,16.0,0.6652,36.0,1544.0,21.0
2021-01-05 09:39:30.721,0.6492,0.6697,16.0,0.6655,3.0,1544.0,21.0
2021-01-05 09:39:31.121,0.6492,0.6697,16.0,0.6655,3.0,1544.0,21.0
2021-01-05 09:39:31.701,0.6492,0.6697,16.0,0.6655,3.0,1544.0,21.0
2021-01-05 09:39:32.700,0.6492,0.6697,16.0,0.6655,3.0,1544.0,21.0
2021-01-05 09:39:34.210,0.6492,0.6697,16.0,0.6655,3.0,1544.0,21.0
2021-01-05 09:39:34.681,0.6492,0.6697,16.0,0.6655,3.0,1544.0,21.0
2021-01-05 09:39:35.701,0.6492,0.6697,16.0,0.6655,3.0,1544.0,21.0
2021-01-05 09:39:37.221,0.6492,0.6697,16.0,0.6655,3.0,1544.0,21.0
2021-01-05 09:39:38.221,0.6492,0.6697,17.0,0.6655,3.0,1544.0,21.0
2021-01-05 09:39:39.241,0.6492,0.6697,16.0,0.6655,3.0,1544.0,21.0
2021-01-05 09:39:41.220,0.6492,0.6692,10.0,0.6655,3.0,1544.0,21.0
2021-01-05 09:39:41.750,0.6492,0.6692,30.0,0.6655,3.0,1544.0,21.0
2021-01-05 09:39:42.210,0.6492,0.6692,30.0,0.6655,3.0,1544.0,21.0
2021-01-05 09:39:42.740,0.6492,0.6692,30.0,0.6655,3.0,1544.0,21.0
2021-01-05 09:39:43.191,0.6492,0.6687,16.0,0.6655,3.0,1544.0,21.0
2021-01-05 09:39:43.660,0.6492,0.6687,16.0,0.6655,3.0,1544.0,21.0
2021-01-05 09:39:44.231,0.6492,0.6687,16.0,0.6655,3.0,1544.0,21.0
2021-01-05 09:39:45.251,0.6492,0.6687,16.0,0.6655,3.0,1544.0,21.0
2021-01-05 09:39:46.190,0.6492,0.6687,16.0,0.6655,3.0,1544.0,21.0
2021-01-05 09:39:46.711,0.6492,0.6692,20.0,0.6655,3.0,1544.0,21.0
2021-01-05 09:39:47.250,0.6492,0.6692,20.0,0.6655,3.0,1544.0,21.0
2021-01-05 09:39:48.221,0.6492,0.6692,20.0,0.6655,3.0,1544.0,21.0
2021-01-05 09:39:48.711,0.6492,0.6692,20.0,0.6655,3.0,1544.0,21.0
2021-01-05 09:39:49.241,0.6492,0.6692,20.0,0.6655,3.0,1544.0,21.0
2021-01-05 09:39:49.711,0.6492,0.6692,20.0,0.6655,3.0,1544.0,21.0
2021-01-05 09:39:50.710,0.6492,0.6696,2.0,0.6655,3.0,1544.0,21.0
2021-01-05 09:39:51.241,0.6492,0.67,20.0,0.6665,16.0,1544.0,21.0
2021-01-05 09:39:51.730,0.6492,0.6709,36.0,0.6665,16.0,1544.0,21.0
2021-01-05 09:39:52.251,0.6492,0.6709,36.0,0.6665,16.0,1544.0,21.0
2021-01-05 09:39:52.670,0.6492,0.6709,36.0,0.6665,16.0,1544.0,21.0
2021-01-05 09:39:53.630,0.6492,0.6692,10.0,0.6665,16.0,1544.0,21.0
2021-01-05 09:39:54.191,0.6492,0.6692,30.0,0.6665,16.0,1544.0,21.0
2021-01-05 09:39:55.181,0.6492,0.6692,30.0,0.6665,16.0,1544.0,21.0
2021-01-05 09:39:55.640,0.6492,0.6692,30.0,0.6665,16.0,1544.0,21.0
2021-01-05 09:39:56.120,0.6492,0.6692,20.0,0.6665,16.0,1544.0,21.0
2021-01-05 09:39:56.691,0.6492,0.6709,36.0,0.6665,16.0,1544.0,21.0
2021-01-05 09:39:57.181,0.6492,0.6709,36.0,0.6665,16.0,1544.0,21.0
2021-01-05 09:39:57.580,0.6492,0.6709,36.0,0.6665,16.0,1544.0,21.0
2021-01-05 09:39:58.201,0.6492,0.6709,36.0,0.6665,16.0,1544.0,21.0
2021-01-05 09:39:58.600,0.6492,0.6709,36.0,0.6665,16.0,1544.0,21.0
2021-01-05 09:39:59.061,0.6492,0.6709,36.0,0.6665,16.0,1544.0,21.0
2021-01-05 09:40:00.631,0.6492,0.6709,36.0,0.6665,16.0,1544.0,21.0
2021-01-05 09:40:01.570,0.6492,0.6691,10.0,0.6655,19.0,1544.0,21.0
2021-01-05 09:40:02.200,0.6492,0.6691,10.0,0.6655,19.0,1544.0,21.0
2021-01-05 09:40:02.671,0.6492,0.6691,10.0,0.6655,19.0,1544.0,21.0
2021-01-05 09:40:03.171,0.6492,0.6691,10.0,0.6655,19.0,1544.0,21.0
2021-01-05 09:40:03.691,0.6492,0.6691,10.0,0.6655,19.0,1544.0,21.0
2021-01-05 09:40:04.160,0.6492,0.6691,10.0,0.6655,19.0,1544.0,21.0
2021-01-05 09:40:04.700,0.6492,0.6691,10.0,0.6655,19.0,1544.0,21.0
2021-01-05 09:40:05.701,0.6492,0.6691,10.0,0.6655,19.0,1544.0,21.0
2021-01-05 09:40:06.701,0.6492,0.669,16.0,0.6655,3.0,1544.0,21.0
2021-01-05 09:40:08.200,0.6492,0.669,16.0,0.6655,3.0,1544.0,21.0
2021-01-05 09:40:09.191,0.6492,0.668,16.0,0.6655,3.0,1544.0,21.0
2021-01-05 09:40:10.150,0.6492,0.668,36.0,0.6655,3.0,1544.0,21.0
2021-01-05 09:40:10.680,0.6492,0.668,36.0,0.6655,3.0,1544.0,21.0
2021-01-05 09:40:11.120,0.6492,0.668,36.0,0.6655,3.0,1544.0,21.0
2021-01-05 09:40:11.671,0.6492,0.668,36.0,0.6655,3.0,1544.0,21.0
2021-01-05 09:40:12.190,0.6492,0.668,36.0,0.6655,3.0,1544.0,21.0
2021-01-05 09:40:12.680,0.6492,0.668,36.0,0.6655,3.0,1544.0,21.0
2021-01-05 09:40:13.170,0.6492,0.668,36.0,0.6655,3.0,1544.0,21.0
2021-01-05 09:40:13.700,0.6655,0.668,36.0,0.6641,20.0,1547.0,24.0
2021-01-05 09:40:14.150,0.6655,0.6672,16.0,0.6641,20.0,1547.0,24.0
2021-01-05 09:40:14.701,0.6655,0.6672,36.0,0.6627,36.0,1547.0,24.0
2021-01-05 09:40:16.610,0.6655,0.6671,10.0,0.6627,41.0,1547.0,24.0
2021-01-05 09:40:17.191,0.6655,0.6671,10.0,0.6627,36.0,1547.0,24.0
2021-01-05 09:40:17.661,0.6655,0.6671,10.0,0.6627,36.0,1547.0,24.0
2021-01-05 09:40:18.161,0.6655,0.6671,10.0,0.6627,36.0,1547.0,24.0
2021-01-05 09:40:18.701,0.6655,0.6671,10.0,0.6627,36.0,1547.0,24.0
2021-01-05 09:40:19.711,0.6655,0.6671,10.0,0.6627,36.0,1547.0,24.0
2021-01-05 09:40:20.191,0.6655,0.6671,10.0,0.6627,41.0,1547.0,24.0
2021-01-05 09:40:20.691,0.6655,0.6671,10.0,0.6627,41.0,1547.0,24.0
2021-01-05 09:40:21.200,0.6655,0.668,20.0,0.6641,10.0,1547.0,24.0
2021-01-05 09:40:21.701,0.6655,0.668,20.0,0.6641,30.0,1547.0,24.0
2021-01-05 09:40:22.591,0.6655,0.668,20.0,0.6641,30.0,1547.0,24.0
2021-01-05 09:40:23.200,0.6655,0.668,20.0,0.6641,30.0,1547.0,24.0
2021-01-05 09:40:23.701,0.6655,0.668,20.0,0.6641,34.0,1547.0,24.0
2021-01-05 09:40:24.160,0.6655,0.668,20.0,0.6641,40.0,1547.0,24.0
2021-01-05 09:40:24.681,0.6655,0.668,20.0,0.6641,40.0,1547.0,24.0
2021-01-05 09:40:25.121,0.6655,0.668,20.0,0.6641,34.0,1547.0,24.0
2021-01-05 09:40:25.570,0.6655,0.668,20.0,0.6641,34.0,1547.0,24.0
2021-01-05 09:40:26.181,0.6655,0.668,20.0,0.6641,34.0,1547.0,24.0
2021-01-05 09:40:26.650,0.6655,0.668,20.0,0.6641,34.0,1547.0,24.0
2021-01-05 09:40:27.140,0.6655,0.668,20.0,0.6641,40.0,1547.0,24.0
2021-01-05 09:40:27.701,0.6655,0.668,20.0,0.6647,16.0,1547.0,24.0
2021-01-05 09:40:28.110,0.6655,0.668,20.0,0.6647,16.0,1547.0,24.0
2021-01-05 09:40:28.690,0.6655,0.669,30.0,0.6647,16.0,1547.0,24.0
2021-01-05 09:40:29.170,0.6655,0.669,30.0,0.6647,16.0,1547.0,24.0
2021-01-05 09:40:30.160,0.6655,0.669,30.0,0.6647,16.0,1547.0,24.0
2021-01-05 09:40:32.611,0.6655,0.669,30.0,0.6647,16.0,1547.0,24.0
2021-01-05 09:40:33.191,0.6655,0.669,30.0,0.6647,16.0,1547.0,24.0
2021-01-05 09:40:33.551,0.6655,0.6682,16.0,0.6641,30.0,1547.0,24.0
2021-01-05 09:40:34.561,0.6655,0.6682,36.0,0.6641,30.0,1547.0,24.0
2021-01-05 09:40:35.201,0.6655,0.6682,36.0,0.6641,30.0,1547.0,24.0
2021-01-05 09:40:36.620,0.6655,0.6682,36.0,0.6641,30.0,1547.0,24.0
2021-01-05 09:40:37.201,0.6682,0.6682,34.0,0.6641,30.0,1549.0,26.0
2021-01-05 09:40:37.700,0.6682,0.6682,34.0,0.6641,41.0,1549.0,26.0
2021-01-05 09:40:38.130,0.6682,0.6682,34.0,0.6641,35.0,1549.0,26.0
2021-01-05 09:40:38.651,0.6682,0.6682,34.0,0.6641,30.0,1549.0,26.0
2021-01-05 09:40:39.681,0.6682,0.6682,34.0,0.6641,30.0,1549.0,26.0
2021-01-05 09:40:40.151,0.6682,0.6682,34.0,0.6641,30.0,1549.0,26.0
2021-01-05 09:40:41.191,0.6682,0.6682,34.0,0.6641,30.0,1549.0,26.0
2021-01-05 09:40:41.640,0.6682,0.6682,34.0,0.6641,30.0,1549.0,26.0
2021-01-05 09:40:42.201,0.6682,0.6682,34.0,0.6641,30.0,1549.0,26.0
2021-01-05 09:40:48.700,0.6682,0.6673,16.0,0.6641,20.0,1549.0,26.0
2021-01-05 09:40:49.111,0.6682,0.6673,16.0,0.6641,20.0,1549.0,26.0
2021-01-05 09:40:49.620,0.6682,0.6673,36.0,0.6629,16.0,1549.0,26.0
2021-01-05 09:40:50.181,0.6682,0.6673,36.0,0.6629,16.0,1549.0,26.0
2021-01-05 09:40:50.671,0.6682,0.6673,36.0,0.6629,16.0,1549.0,26.0
2021-01-05 09:40:51.601,0.6682,0.6673,36.0,0.6629,16.0,1549.0,26.0
2021-01-05 09:40:53.651,0.6682,0.6673,36.0,0.6629,16.0,1549.0,26.0
2021-01-05 09:40:54.141,0.6682,0.6673,36.0,0.6629,16.0,1549.0,26.0
2021-01-05 09:40:54.661,0.6682,0.6673,36.0,0.6629,16.0,1549.0,26.0
2021-01-05 09:40:55.111,0.6682,0.6673,36.0,0.6629,16.0,1549.0,26.0
2021-01-05 09:40:55.681,0.6682,0.6673,36.0,0.6629,16.0,1549.0,26.0
2021-01-05 09:40:56.121,0.6682,0.6673,36.0,0.6629,16.0,1549.0,26.0
2021-01-05 09:40:56.711,0.6682,0.6682,36.0,0.6637,16.0,1549.0,26.0
2021-01-05 09:40:57.180,0.6682,0.6682,36.0,0.6637,16.0,1549.0,26.0
2021-01-05 09:40:57.710,0.6682,0.6682,36.0,0.6637,36.0,1549.0,26.0
2021-01-05 09:40:57.710,0.6682,0.6682,36.0,0.6637,16.0,1549.0,26.0
2021-01-05 09:40:58.721,0.6682,0.6682,36.0,0.6637,36.0,1549.0,26.0
2021-01-05 09:40:58.980,0.6682,0.6682,36.0,0.6637,16.0,1549.0,26.0
2021-01-05 09:40:59.650,0.6682,0.6682,36.0,0.6637,36.0,1549.0,26.0
2021-01-05 09:40:59.950,0.6682,0.6682,36.0,0.6637,16.0,1549.0,26.0
2021-01-05 09:41:00.571,0.6682,0.6682,36.0,0.6637,36.0,1549.0,26.0
2021-01-05 09:41:01.041,0.6682,0.6682,36.0,0.6637,16.0,1549.0,26.0
2021-01-05 09:41:01.650,0.6682,0.6682,36.0,0.6637,36.0,1549.0,26.0
2021-01-05 09:41:02.190,0.6682,0.6682,36.0,0.6637,16.0,1549.0,26.0
2021-01-05 09:41:02.661,0.6682,0.6682,36.0,0.6637,36.0,1549.0,26.0
2021-01-05 09:41:03.110,0.6682,0.6682,36.0,0.6637,16.0,1549.0,26.0
2021-01-05 09:41:03.721,0.6682,0.6682,36.0,0.6637,36.0,1549.0,26.0
2021-01-05 09:41:04.180,0.6682,0.6682,36.0,0.6637,16.0,1549.0,26.0
2021-01-05 09:41:04.680,0.6682,0.6682,36.0,0.6637,36.0,1549.0,26.0
2021-01-05 09:41:05.220,0.6682,0.6682,36.0,0.6637,16.0,1549.0,26.0
2021-01-05 09:41:05.660,0.6682,0.6682,36.0,0.6637,36.0,1549.0,26.0
2021-01-05 09:41:06.221,0.6682,0.6682,36.0,0.6637,16.0,1549.0,26.0
2021-01-05 09:41:06.620,0.6682,0.6682,36.0,0.6637,36.0,1549.0,26.0
2021-01-05 09:41:07.100,0.6682,0.6682,36.0,0.6637,20.0,1549.0,26.0
2021-01-05 09:41:08.201,0.6682,0.6682,36.0,0.6637,20.0,1549.0,26.0
2021-01-05 09:41:08.701,0.6682,0.6682,36.0,0.6637,20.0,1549.0,26.0
2021-01-05 09:41:09.210,0.6682,0.6682,36.0,0.6637,40.0,1549.0,26.0
2021-01-05 09:41:09.661,0.6682,0.6682,36.0,0.6637,26.0,1549.0,26.0
2021-01-05 09:41:10.220,0.6682,0.6682,36.0,0.6637,40.0,1549.0,26.0
2021-01-05 09:41:10.710,0.6682,0.6682,20.0,0.6646,16.0,1549.0,26.0
2021-01-05 09:41:11.210,0.6682,0.669,36.0,0.6646,16.0,1549.0,26.0
2021-01-05 09:41:11.711,0.6682,0.669,16.0,0.6646,36.0,1549.0,26.0
2021-01-05 09:41:12.151,0.6682,0.669,36.0,0.6646,16.0,1549.0,26.0
2021-01-05 09:41:12.710,0.6682,0.669,36.0,0.6646,36.0,1549.0,26.0
2021-01-05 09:41:13.161,0.6682,0.669,36.0,0.6646,36.0,1549.0,26.0
2021-01-05 09:41:13.711,0.6682,0.669,36.0,0.6646,36.0,1549.0,26.0
2021-01-05 09:41:14.160,0.6682,0.669,36.0,0.6646,36.0,1549.0,26.0
2021-01-05 09:41:14.671,0.6682,0.669,36.0,0.6646,36.0,1549.0,26.0
2021-01-05 09:41:15.180,0.6682,0.669,36.0,0.6646,36.0,1549.0,26.0
2021-01-05 09:41:15.651,0.6682,0.669,36.0,0.6646,36.0,1549.0,26.0
2021-01-05 09:41:16.210,0.6682,0.669,36.0,0.6646,36.0,1549.0,26.0
2021-01-05 09:41:18.200,0.6682,0.669,36.0,0.6646,36.0,1549.0,26.0
2021-01-05 09:41:18.600,0.6682,0.669,36.0,0.6646,36.0,1549.0,26.0
2021-01-05 09:41:19.161,0.6682,0.669,36.0,0.6646,36.0,1549.0,26.0
2021-01-05 09:41:20.070,0.6682,0.669,36.0,0.6646,36.0,1549.0,26.0
2021-01-05 09:41:22.700,0.6682,0.669,36.0,0.665,10.0,1549.0,26.0
2021-01-05 09:41:23.061,0.6682,0.669,36.0,0.665,10.0,1549.0,26.0
2021-01-05 09:41:24.171,0.6682,0.669,36.0,0.665,10.0,1549.0,26.0
2021-01-05 09:41:24.651,0.6682,0.669,36.0,0.665,10.0,1549.0,26.0
2021-01-05 09:41:25.120,0.6682,0.669,36.0,0.665,10.0,1549.0,26.0
2021-01-05 09:41:25.641,0.6682,0.669,36.0,0.665,10.0,1549.0,26.0
2021-01-05 09:41:27.131,0.6682,0.669,36.0,0.665,10.0,1549.0,26.0
2021-01-05 09:41:27.710,0.6682,0.669,36.0,0.665,10.0,1549.0,26.0
2021-01-05 09:41:28.171,0.6682,0.669,36.0,0.6646,36.0,1549.0,26.0
2021-01-05 09:41:28.540,0.6682,0.669,36.0,0.6646,36.0,1549.0,26.0
2021-01-05 09:41:29.690,0.6682,0.669,36.0,0.6646,36.0,1549.0,26.0
2021-01-05 09:41:30.180,0.6682,0.669,36.0,0.6646,36.0,1549.0,26.0
2021-01-05 09:41:30.711,0.6682,0.669,36.0,0.6646,41.0,1549.0,26.0
2021-01-05 09:41:31.181,0.6682,0.669,36.0,0.6646,41.0,1549.0,26.0
2021-01-05 09:41:32.220,0.6682,0.669,36.0,0.6646,47.0,1549.0,26.0
2021-01-05 09:41:32.670,0.6682,0.669,36.0,0.6646,47.0,1549.0,26.0
2021-01-05 09:41:33.171,0.6682,0.669,36.0,0.6646,41.0,1549.0,26.0
2021-01-05 09:41:33.680,0.6682,0.669,36.0,0.6646,36.0,1549.0,26.0
2021-01-05 09:41:34.120,0.6682,0.669,36.0,0.6646,36.0,1549.0,26.0
2021-01-05 09:41:35.221,0.6682,0.669,36.0,0.6646,36.0,1549.0,26.0
2021-01-05 09:41:35.721,0.6682,0.669,36.0,0.6646,41.0,1549.0,26.0
2021-01-05 09:41:36.070,0.6682,0.6701,16.0,0.6657,16.0,1549.0,26.0
2021-01-05 09:41:36.720,0.6682,0.6701,16.0,0.6657,36.0,1549.0,26.0
2021-01-05 09:41:37.210,0.6682,0.6701,16.0,0.6657,36.0,1549.0,26.0
2021-01-05 09:41:37.711,0.6682,0.6701,16.0,0.6667,10.0,1549.0,26.0
2021-01-05 09:41:38.220,0.6682,0.6701,16.0,0.6667,10.0,1549.0,26.0
2021-01-05 09:41:38.710,0.6682,0.6701,16.0,0.6667,30.0,1549.0,26.0
2021-01-05 09:41:41.130,0.6682,0.6701,16.0,0.6667,30.0,1549.0,26.0
2021-01-05 09:41:41.730,0.6682,0.6701,16.0,0.6667,30.0,1549.0,26.0
2021-01-05 09:41:42.690,0.6682,0.6701,26.0,0.6657,36.0,1549.0,26.0
2021-01-05 09:41:43.080,0.6682,0.6701,26.0,0.6657,36.0,1549.0,26.0
2021-01-05 09:41:44.671,0.6682,0.6701,26.0,0.6657,36.0,1549.0,26.0
2021-01-05 09:41:45.190,0.6682,0.6701,26.0,0.6657,36.0,1549.0,26.0
2021-01-05 09:41:45.701,0.6682,0.6701,26.0,0.6657,36.0,1549.0,26.0
2021-01-05 09:41:46.241,0.6682,0.6701,26.0,0.6657,36.0,1549.0,26.0
2021-01-05 09:41:46.661,0.6682,0.6701,26.0,0.6657,36.0,1549.0,26.0
2021-01-05 09:41:47.201,0.6682,0.6701,16.0,0.6657,36.0,1549.0,26.0
2021-01-05 09:41:48.181,0.6682,0.6701,16.0,0.6657,36.0,1549.0,26.0
2021-01-05 09:41:48.740,0.6682,0.6701,16.0,0.6657,36.0,1549.0,26.0
2021-01-05 09:41:49.191,0.6682,0.6701,16.0,0.6657,36.0,1549.0,26.0
2021-01-05 09:41:49.750,0.6682,0.6701,16.0,0.6657,36.0,1549.0,26.0
2021-01-05 09:41:50.231,0.6682,0.6704,20.0,0.6666,16.0,1549.0,26.0
2021-01-05 09:41:50.751,0.6682,0.6704,20.0,0.6666,16.0,1549.0,26.0
2021-01-05 09:41:51.251,0.6682,0.6704,20.0,0.6666,16.0,1549.0,26.0
2021-01-05 09:41:51.760,0.6682,0.6704,20.0,0.6666,16.0,1549.0,26.0
2021-01-05 09:41:52.261,0.6682,0.6704,20.0,0.6666,36.0,1549.0,26.0
2021-01-05 09:41:52.690,0.6682,0.6704,20.0,0.6666,16.0,1549.0,26.0
2021-01-05 09:41:53.201,0.6682,0.6704,20.0,0.6666,36.0,1549.0,26.0
2021-01-05 09:41:53.681,0.6682,0.671,16.0,0.6666,36.0,1549.0,26.0
2021-01-05 09:41:55.160,0.6682,0.671,16.0,0.6666,47.0,1549.0,26.0
2021-01-05 09:41:55.671,0.6682,0.671,16.0,0.6666,36.0,1549.0,26.0
2021-01-05 09:41:56.151,0.6682,0.671,16.0,0.6676,10.0,1549.0,26.0
2021-01-05 09:41:56.680,0.6682,0.671,16.0,0.6676,30.0,1549.0,26.0
2021-01-05 09:41:57.110,0.6682,0.671,16.0,0.6676,30.0,1549.0,26.0
2021-01-05 09:41:57.640,0.6682,0.671,16.0,0.6676,30.0,1549.0,26.0
2021-01-05 09:41:58.140,0.6682,0.671,16.0,0.6676,30.0,1549.0,26.0
2021-01-05 09:41:58.660,0.6682,0.671,16.0,0.6676,30.0,1549.0,26.0
2021-01-05 09:41:59.131,0.6682,0.671,16.0,0.6676,30.0,1549.0,26.0
2021-01-05 09:41:59.700,0.6682,0.671,16.0,0.6676,30.0,1549.0,26.0
2021-01-05 09:42:00.151,0.6682,0.671,16.0,0.6676,30.0,1549.0,26.0
2021-01-05 09:42:00.701,0.6682,0.6719,16.0,0.6676,30.0,1549.0,26.0
2021-01-05 09:42:01.651,0.6682,0.6719,16.0,0.6676,30.0,1549.0,26.0
2021-01-05 09:42:02.201,0.6682,0.6719,16.0,0.6676,30.0,1549.0,26.0
2021-01-05 09:42:02.710,0.6682,0.6719,16.0,0.6676,30.0,1549.0,26.0
2021-01-05 09:42:04.641,0.6682,0.6719,16.0,0.6676,30.0,1549.0,26.0
2021-01-05 09:42:05.211,0.6682,0.6719,16.0,0.6676,30.0,1549.0,26.0
2021-01-05 09:42:06.181,0.6682,0.6719,16.0,0.6676,30.0,1549.0,26.0
2021-01-05 09:42:06.690,0.6682,0.6719,16.0,0.6676,30.0,1549.0,26.0
2021-01-05 09:42:09.230,0.6682,0.6719,16.0,0.6676,30.0,1549.0,26.0
2021-01-05 09:42:10.220,0.6682,0.6719,16.0,0.6676,30.0,1549.0,26.0
2021-01-05 09:42:11.211,0.6682,0.6726,30.0,0.6683,16.0,1549.0,26.0
2021-01-05 09:42:11.720,0.6682,0.6726,30.0,0.6683,16.0,1549.0,26.0
2021-01-05 09:42:12.210,0.6682,0.6726,20.0,0.6692,10.0,1549.0,26.0
2021-01-05 09:42:12.711,0.6682,0.6726,20.0,0.6692,30.0,1549.0,26.0
2021-01-05 09:42:13.211,0.6682,0.6726,20.0,0.6692,30.0,1549.0,26.0
2021-01-05 09:42:13.731,0.6682,0.6726,20.0,0.6692,20.0,1549.0,26.0
2021-01-05 09:42:14.671,0.6682,0.6726,20.0,0.6683,16.0,1549.0,26.0
2021-01-05 09:42:15.170,0.6682,0.6726,20.0,0.6683,16.0,1549.0,26.0
2021-01-05 09:42:16.181,0.6682,0.6726,20.0,0.6683,16.0,1549.0,26.0
2021-01-05 09:42:16.701,0.6682,0.6726,20.0,0.6683,16.0,1549.0,26.0
2021-01-05 09:42:18.701,0.6682,0.6726,20.0,0.6683,16.0,1549.0,26.0
2021-01-05 09:42:20.150,0.6682,0.6726,20.0,0.6683,16.0,1549.0,26.0
2021-01-05 09:42:21.621,0.6682,0.6723,10.0,0.6683,16.0,1549.0,26.0
2021-01-05 09:42:22.221,0.6682,0.6723,10.0,0.6683,16.0,1549.0,26.0
2021-01-05 09:42:24.151,0.6682,0.6723,10.0,0.6683,16.0,1549.0,26.0
2021-01-05 09:42:24.670,0.6682,0.6726,20.0,0.6683,16.0,1549.0,26.0
2021-01-05 09:42:25.621,0.6682,0.6726,20.0,0.6683,16.0,1549.0,26.0
2021-01-05 09:42:26.130,0.6682,0.6726,20.0,0.6683,16.0,1549.0,26.0
2021-01-05 09:42:27.171,0.6682,0.6726,20.0,0.6683,16.0,1549.0,26.0
2021-01-05 09:42:29.720,0.6682,0.6726,20.0,0.6683,16.0,1549.0,26.0
2021-01-05 09:42:30.710,0.6682,0.6726,20.0,0.6683,16.0,1549.0,26.0
2021-01-05 09:42:31.200,0.6682,0.6726,20.0,0.6683,16.0,1549.0,26.0
2021-01-05 09:42:36.650,0.6682,0.6726,20.0,0.6683,16.0,1549.0,26.0
2021-01-05 09:42:37.251,0.6682,0.6726,20.0,0.6683,16.0,1549.0,26.0
2021-01-05 09:42:39.220,0.6682,0.6726,20.0,0.6683,16.0,1549.0,26.0
2021-01-05 09:42:40.221,0.6682,0.6726,20.0,0.6683,16.0,1549.0,26.0
2021-01-05 09:42:41.731,0.6682,0.6726,20.0,0.6696,10.0,1549.0,26.0
2021-01-05 09:42:42.250,0.6682,0.6726,20.0,0.6696,10.0,1549.0,26.0
2021-01-05 09:42:42.711,0.6682,0.6737,36.0,0.6696,30.0,1549.0,26.0
2021-01-05 09:42:43.251,0.6682,0.6737,36.0,0.6696,30.0,1549.0,26.0
2021-01-05 09:42:43.741,0.6682,0.6737,36.0,0.6696,30.0,1549.0,26.0
2021-01-05 09:42:44.211,0.6682,0.6737,36.0,0.6696,30.0,1549.0,26.0
2021-01-05 09:42:44.751,0.6682,0.6737,36.0,0.6696,30.0,1549.0,26.0
2021-01-05 09:42:45.191,0.6682,0.6737,36.0,0.6696,20.0,1549.0,26.0
2021-01-05 09:42:46.240,0.6682,0.6737,36.0,0.6696,20.0,1549.0,26.0
2021-01-05 09:42:46.741,0.6682,0.6737,36.0,0.6696,20.0,1549.0,26.0
2021-01-05 09:42:48.171,0.6682,0.6737,36.0,0.6696,20.0,1549.0,26.0
2021-01-05 09:42:48.720,0.6682,0.6737,36.0,0.6696,20.0,1549.0,26.0
2021-01-05 09:42:49.750,0.6682,0.6737,36.0,0.6696,20.0,1549.0,26.0
2021-01-05 09:42:51.060,0.6682,0.6737,36.0,0.6696,20.0,1549.0,26.0
2021-01-05 09:42:52.251,0.6682,0.6737,36.0,0.6696,20.0,1549.0,26.0
2021-01-05 09:42:53.640,0.6682,0.6737,36.0,0.6696,20.0,1549.0,26.0
2021-01-05 09:42:55.190,0.6682,0.6737,36.0,0.6696,20.0,1549.0,26.0
2021-01-05 09:42:55.701,0.6682,0.6737,36.0,0.6696,20.0,1549.0,26.0
2021-01-05 09:42:56.191,0.6682,0.6737,36.0,0.6704,10.0,1549.0,26.0
2021-01-05 09:42:56.631,0.6682,0.6737,36.0,0.6704,30.0,1549.0,26.0
2021-01-05 09:42:58.220,0.6682,0.6737,36.0,0.6704,30.0,1549.0,26.0
2021-01-05 09:42:58.731,0.6682,0.6737,36.0,0.6704,30.0,1549.0,26.0
2021-01-05 09:42:59.230,0.6682,0.6737,36.0,0.6704,30.0,1549.0,26.0
2021-01-05 09:42:59.730,0.6682,0.6737,36.0,0.6704,30.0,1549.0,26.0
2021-01-05 09:43:00.200,0.6682,0.6737,36.0,0.6704,30.0,1549.0,26.0
2021-01-05 09:43:00.721,0.6682,0.6737,36.0,0.6704,30.0,1549.0,26.0
2021-01-05 09:43:01.211,0.6682,0.6737,36.0,0.6704,30.0,1549.0,26.0
2021-01-05 09:43:02.150,0.6682,0.6737,36.0,0.6704,30.0,1549.0,26.0
2021-01-05 09:43:02.681,0.6682,0.6737,36.0,0.6704,30.0,1549.0,26.0
2021-01-05 09:43:03.701,0.6682,0.6737,20.0,0.6704,30.0,1549.0,26.0
2021-01-05 09:43:04.240,0.6682,0.6746,36.0,0.6704,30.0,1549.0,26.0
2021-01-05 09:43:04.740,0.6682,0.6746,36.0,0.6704,30.0,1549.0,26.0
2021-01-05 09:43:05.251,0.6682,0.6746,36.0,0.6704,30.0,1549.0,26.0
2021-01-05 09:43:05.681,0.6682,0.6736,16.0,0.6704,10.0,1549.0,26.0
2021-01-05 09:43:06.171,0.6682,0.6736,36.0,0.6704,10.0,1549.0,26.0
2021-01-05 09:43:06.500,0.6682,0.6736,36.0,0.6704,10.0,1549.0,26.0
2021-01-05 09:43:07.231,0.6682,0.6736,36.0,0.6704,10.0,1549.0,26.0
2021-01-05 09:43:07.710,0.6682,0.6736,36.0,0.6704,10.0,1549.0,26.0
2021-01-05 09:43:08.181,0.6682,0.6736,36.0,0.6696,20.0,1549.0,26.0
2021-01-05 09:43:09.231,0.6682,0.6736,36.0,0.6696,20.0,1549.0,26.0
2021-01-05 09:43:09.740,0.6682,0.6736,36.0,0.6696,20.0,1549.0,26.0
2021-01-05 09:43:10.150,0.6682,0.6736,36.0,0.6696,20.0,1549.0,26.0
2021-01-05 09:43:11.750,0.6682,0.6736,36.0,0.6696,20.0,1549.0,26.0
2021-01-05 09:43:13.210,0.6682,0.6736,36.0,0.6696,20.0,1549.0,26.0
2021-01-05 09:43:13.740,0.6682,0.6736,36.0,0.6696,20.0,1549.0,26.0
2021-01-05 09:43:14.270,0.6682,0.6736,36.0,0.6692,16.0,1549.0,26.0
2021-01-05 09:43:15.771,0.6682,0.6736,36.0,0.6692,16.0,1549.0,26.0
2021-01-05 09:43:16.720,0.6682,0.6736,36.0,0.6692,16.0,1549.0,26.0
2021-01-05 09:43:17.271,0.6682,0.6736,36.0,0.6692,16.0,1549.0,26.0
2021-01-05 09:43:17.771,0.6682,0.6736,36.0,0.6692,16.0,1549.0,26.0
2021-01-05 09:43:18.270,0.6682,0.6736,36.0,0.6692,16.0,1549.0,26.0
2021-01-05 09:43:21.271,0.6682,0.6736,36.0,0.6692,16.0,1549.0,26.0
2021-01-05 09:43:21.701,0.6682,0.6736,36.0,0.6692,16.0,1549.0,26.0
2021-01-05 09:43:22.281,0.6682,0.6736,36.0,0.6692,16.0,1549.0,26.0
2021-01-05 09:43:22.671,0.6682,0.6736,36.0,0.6692,16.0,1549.0,26.0
2021-01-05 09:43:23.190,0.6682,0.6736,36.0,0.6692,16.0,1549.0,26.0
2021-01-05 09:43:23.651,0.6682,0.6736,36.0,0.6692,16.0,1549.0,26.0
2021-01-05 09:43:24.120,0.6682,0.6736,36.0,0.6692,16.0,1549.0,26.0
2021-01-05 09:43:25.201,0.6682,0.6736,36.0,0.6692,16.0,1549.0,26.0
2021-01-05 09:43:25.701,0.6682,0.6736,36.0,0.6692,16.0,1549.0,26.0
2021-01-05 09:43:26.181,0.6682,0.6736,36.0,0.6692,16.0,1549.0,26.0
2021-01-05 09:43:26.621,0.6682,0.6736,36.0,0.6692,16.0,1549.0,26.0
2021-01-05 09:43:27.190,0.6682,0.6736,36.0,0.6692,16.0,1549.0,26.0
2021-01-05 09:43:27.620,0.6682,0.6736,36.0,0.6692,16.0,1549.0,26.0
2021-01-05 09:43:29.660,0.6682,0.6736,36.0,0.6692,16.0,1549.0,26.0
2021-01-05 09:43:31.111,0.6682,0.6736,36.0,0.6692,16.0,1549.0,26.0
2021-01-05 09:43:31.720,0.6682,0.6736,36.0,0.6692,16.0,1549.0,26.0
2021-01-05 09:43:32.701,0.6682,0.6736,36.0,0.6692,16.0,1549.0,26.0
2021-01-05 09:43:33.141,0.6682,0.6736,36.0,0.6692,16.0,1549.0,26.0
2021-01-05 09:43:34.221,0.6682,0.6736,36.0,0.6692,16.0,1549.0,26.0
2021-01-05 09:43:34.691,0.6682,0.6736,36.0,0.6692,16.0,1549.0,26.0
2021-01-05 09:43:35.160,0.6682,0.6736,36.0,0.6692,16.0,1549.0,26.0
2021-01-05 09:43:35.681,0.6682,0.6736,36.0,0.6692,16.0,1549.0,26.0
2021-01-05 09:43:36.661,0.6682,0.6736,36.0,0.6692,16.0,1549.0,26.0
2021-01-05 09:43:37.631,0.6682,0.6736,36.0,0.6692,16.0,1549.0,26.0
2021-01-05 09:43:38.221,0.6682,0.6736,36.0,0.6692,16.0,1549.0,26.0
2021-01-05 09:43:39.241,0.6682,0.6736,36.0,0.6692,16.0,1549.0,26.0
2021-01-05 09:43:40.731,0.6682,0.6736,36.0,0.6692,16.0,1549.0,26.0
2021-01-05 09:43:41.730,0.6682,0.6736,36.0,0.6692,16.0,1549.0,26.0
2021-01-05 09:43:43.231,0.6682,0.6736,36.0,0.6692,16.0,1549.0,26.0
2021-01-05 09:43:43.711,0.6682,0.6736,36.0,0.6692,16.0,1549.0,26.0
2021-01-05 09:43:44.670,0.6682,0.6736,36.0,0.6692,16.0,1549.0,26.0
2021-01-05 09:43:45.221,0.6682,0.6736,36.0,0.6692,16.0,1549.0,26.0
2021-01-05 09:43:45.720,0.6682,0.6736,36.0,0.6692,16.0,1549.0,26.0
2021-01-05 09:43:46.151,0.6682,0.6736,36.0,0.6692,16.0,1549.0,26.0
2021-01-05 09:43:46.750,0.6682,0.6736,36.0,0.6692,16.0,1549.0,26.0
2021-01-05 09:43:47.250,0.6682,0.6736,36.0,0.6692,16.0,1549.0,26.0
2021-01-05 09:43:47.661,0.6682,0.6736,36.0,0.6692,16.0,1549.0,26.0
2021-01-05 09:43:48.220,0.6682,0.6736,36.0,0.6692,16.0,1549.0,26.0
2021-01-05 09:43:48.721,0.6682,0.6736,36.0,0.6692,16.0,1549.0,26.0
2021-01-05 09:43:49.601,0.6682,0.6736,36.0,0.6692,16.0,1549.0,26.0
2021-01-05 09:43:50.170,0.6682,0.6736,36.0,0.6692,16.0,1549.0,26.0
2021-01-05 09:43:50.721,0.6682,0.6727,16.0,0.6686,20.0,1549.0,26.0
2021-01-05 09:43:51.660,0.6682,0.6727,36.0,0.6686,20.0,1549.0,26.0
2021-01-05 09:43:52.200,0.6682,0.6727,36.0,0.6686,20.0,1549.0,26.0
2021-01-05 09:43:52.681,0.6682,0.6727,36.0,0.6686,20.0,1549.0,26.0
2021-01-05 09:43:53.201,0.6682,0.6727,36.0,0.6686,20.0,1549.0,26.0
2021-01-05 09:43:53.610,0.6682,0.6727,36.0,0.6686,20.0,1549.0,26.0
2021-01-05 09:43:54.191,0.6682,0.6727,36.0,0.6686,20.0,1549.0,26.0
2021-01-05 09:43:55.660,0.6682,0.6727,36.0,0.6686,20.0,1549.0,26.0
2021-01-05 09:43:57.650,0.6682,0.6727,36.0,0.6686,20.0,1549.0,26.0
2021-01-05 09:43:58.190,0.6682,0.6727,36.0,0.6686,20.0,1549.0,26.0
2021-01-05 09:43:58.711,0.6682,0.6727,36.0,0.6686,20.0,1549.0,26.0
2021-01-05 09:43:59.170,0.6682,0.6727,36.0,0.6686,20.0,1549.0,26.0
2021-01-05 09:44:00.131,0.6682,0.6727,36.0,0.6686,20.0,1549.0,26.0
2021-01-05 09:44:00.701,0.6682,0.6727,36.0,0.6686,20.0,1549.0,26.0
2021-01-05 09:44:01.621,0.6682,0.6727,36.0,0.6686,20.0,1549.0,26.0
2021-01-05 09:44:03.241,0.6682,0.6718,16.0,0.6686,20.0,1549.0,26.0
2021-01-05 09:44:03.750,0.6682,0.6718,36.0,0.668,10.0,1549.0,26.0
2021-01-05 09:44:04.230,0.6682,0.6718,20.0,0.668,10.0,1549.0,26.0
2021-01-05 09:44:04.751,0.6682,0.671,16.0,0.668,10.0,1549.0,26.0
2021-01-05 09:44:05.260,0.6682,0.671,36.0,0.668,10.0,1549.0,26.0
2021-01-05 09:44:05.750,0.6682,0.671,36.0,0.6676,20.0,1549.0,26.0
2021-01-05 09:44:06.261,0.6682,0.671,36.0,0.6665,36.0,1549.0,26.0
2021-01-05 09:44:06.770,0.6682,0.671,36.0,0.6665,36.0,1549.0,26.0
2021-01-05 09:44:07.281,0.6682,0.671,36.0,0.6665,36.0,1549.0,26.0
2021-01-05 09:44:07.750,0.6682,0.671,36.0,0.6665,36.0,1549.0,26.0
2021-01-05 09:44:08.230,0.6682,0.671,36.0,0.6665,36.0,1549.0,26.0
2021-01-05 09:44:08.760,0.6682,0.671,36.0,0.6665,36.0,1549.0,26.0
2021-01-05 09:44:09.150,0.6682,0.671,36.0,0.6665,36.0,1549.0,26.0
2021-01-05 09:44:09.780,0.6682,0.671,36.0,0.6665,36.0,1549.0,26.0
2021-01-05 09:44:10.280,0.6682,0.671,36.0,0.6665,36.0,1549.0,26.0
2021-01-05 09:44:10.781,0.6682,0.671,36.0,0.6665,36.0,1549.0,26.0
2021-01-05 09:44:11.271,0.6682,0.671,36.0,0.6665,36.0,1549.0,26.0
2021-01-05 09:44:11.770,0.6682,0.671,36.0,0.668,5.0,1549.0,26.0
2021-01-05 09:44:12.270,0.6682,0.671,36.0,0.668,5.0,1549.0,26.0
2021-01-05 09:44:12.781,0.6682,0.671,36.0,0.668,5.0,1549.0,26.0
2021-01-05 09:44:13.230,0.6682,0.671,36.0,0.668,5.0,1549.0,26.0
2021-01-05 09:44:14.781,0.6682,0.671,36.0,0.668,5.0,1549.0,26.0
2021-01-05 09:44:15.280,0.6682,0.671,36.0,0.668,5.0,1549.0,26.0
2021-01-05 09:44:15.780,0.6682,0.671,36.0,0.668,5.0,1549.0,26.0
2021-01-05 09:44:17.280,0.6682,0.671,36.0,0.668,5.0,1549.0,26.0
2021-01-05 09:44:17.770,0.6682,0.671,36.0,0.668,5.0,1549.0,26.0
2021-01-05 09:44:19.261,0.6682,0.671,36.0,0.668,5.0,1549.0,26.0
2021-01-05 09:44:20.271,0.6682,0.671,36.0,0.668,5.0,1549.0,26.0
2021-01-05 09:44:20.801,0.6682,0.671,36.0,0.668,5.0,1549.0,26.0
2021-01-05 09:44:22.131,0.6682,0.671,36.0,0.668,5.0,1549.0,26.0
2021-01-05 09:44:25.660,0.6682,0.671,36.0,0.668,5.0,1549.0,26.0
2021-01-05 09:44:26.201,0.6682,0.671,36.0,0.668,5.0,1549.0,26.0
2021-01-05 09:44:26.701,0.6682,0.671,36.0,0.668,5.0,1549.0,26.0
2021-01-05 09:44:27.201,0.6682,0.671,36.0,0.668,5.0,1549.0,26.0
2021-01-05 09:44:29.200,0.6682,0.671,36.0,0.668,5.0,1549.0,26.0
2021-01-05 09:44:29.640,0.6682,0.671,36.0,0.668,5.0,1549.0,26.0
2021-01-05 09:44:30.201,0.6682,0.671,36.0,0.668,5.0,1549.0,26.0
2021-01-05 09:44:30.720,0.6682,0.671,36.0,0.668,5.0,1549.0,26.0
2021-01-05 09:44:32.220,0.6682,0.671,36.0,0.668,5.0,1549.0,26.0
2021-01-05 09:44:32.691,0.6682,0.671,36.0,0.668,5.0,1549.0,26.0
2021-01-05 09:44:33.240,0.6682,0.671,36.0,0.668,5.0,1549.0,26.0
2021-01-05 09:44:33.730,0.6682,0.671,36.0,0.668,5.0,1549.0,26.0
2021-01-05 09:44:34.141,0.6682,0.6701,16.0,0.668,5.0,1549.0,26.0
2021-01-05 09:44:34.520,0.6682,0.6701,16.0,0.668,5.0,1549.0,26.0
2021-01-05 09:44:34.981,0.6682,0.6701,36.0,0.668,5.0,1549.0,26.0
2021-01-05 09:44:35.740,0.6682,0.6701,36.0,0.668,5.0,1549.0,26.0
2021-01-05 09:44:36.220,0.6682,0.6701,36.0,0.668,5.0,1549.0,26.0
2021-01-05 09:44:37.240,0.6682,0.6701,36.0,0.668,5.0,1549.0,26.0
2021-01-05 09:44:37.751,0.6682,0.6701,36.0,0.668,5.0,1549.0,26.0
2021-01-05 09:44:38.201,0.6682,0.6701,36.0,0.668,5.0,1549.0,26.0
2021-01-05 09:44:39.661,0.6682,0.6701,36.0,0.668,5.0,1549.0,26.0
2021-01-05 09:44:40.001,0.668,0.6701,36.0,0.6665,20.0,1554.0,31.0
2021-01-05 09:44:40.740,0.668,0.6701,36.0,0.6662,10.0,1554.0,31.0
2021-01-05 09:44:41.211,0.668,0.6701,36.0,0.6662,10.0,1554.0,31.0
2021-01-05 09:44:42.250,0.668,0.6676,1.0,0.6662,10.0,1554.0,31.0
2021-01-05 09:44:43.251,0.668,0.6676,1.0,0.6662,10.0,1554.0,31.0
2021-01-05 09:44:44.260,0.668,0.6676,1.0,0.6662,10.0,1554.0,31.0
2021-01-05 09:44:44.761,0.668,0.6676,1.0,0.6662,10.0,1554.0,31.0
2021-01-05 09:44:45.261,0.668,0.6676,1.0,0.6662,10.0,1554.0,31.0
2021-01-05 09:44:45.760,0.6676,0.6701,36.0,0.6662,10.0,1554.0,32.0
2021-01-05 09:44:46.271,0.6676,0.6701,36.0,0.6662,10.0,1554.0,32.0
2021-01-05 09:44:46.771,0.6676,0.6701,36.0,0.6662,10.0,1554.0,32.0
2021-01-05 09:44:47.251,0.6676,0.6701,36.0,0.6662,10.0,1554.0,32.0
2021-01-05 09:44:47.770,0.6676,0.6701,36.0,0.6662,10.0,1554.0,32.0
2021-01-05 09:44:48.271,0.6676,0.6701,36.0,0.6662,10.0,1554.0,32.0
2021-01-05 09:44:49.800,0.6676,0.6701,36.0,0.6662,10.0,1554.0,32.0
2021-01-05 09:44:50.300,0.6676,0.6701,36.0,0.6662,10.0,1554.0,32.0
2021-01-05 09:44:50.811,0.6676,0.6701,36.0,0.6662,10.0,1554.0,32.0
2021-01-05 09:44:51.270,0.6676,0.6701,36.0,0.6662,10.0,1554.0,32.0
2021-01-05 09:44:51.810,0.6676,0.6701,36.0,0.6662,10.0,1554.0,32.0
2021-01-05 09:44:53.201,0.6676,0.6701,36.0,0.6662,10.0,1554.0,32.0
2021-01-05 09:44:53.710,0.6676,0.6701,36.0,0.6662,10.0,1554.0,32.0
2021-01-05 09:44:54.970,0.6676,0.6701,36.0,0.6662,10.0,1554.0,32.0
2021-01-05 09:44:55.700,0.6676,0.6701,36.0,0.6662,10.0,1554.0,32.0
2021-01-05 09:44:56.220,0.6676,0.6701,36.0,0.6662,10.0,1554.0,32.0
2021-01-05 09:44:56.720,0.6676,0.6701,36.0,0.6662,10.0,1554.0,32.0
2021-01-05 09:44:57.680,0.6676,0.6701,36.0,0.6662,10.0,1554.0,32.0
2021-01-05 09:44:58.120,0.6676,0.6701,36.0,0.6662,10.0,1554.0,32.0
2021-01-05 09:44:58.720,0.6676,0.6701,36.0,0.6662,10.0,1554.0,32.0
2021-01-05 09:44:59.711,0.6676,0.6701,36.0,0.6662,10.0,1554.0,32.0
2021-01-05 09:45:00.061,0.6676,0.6697,10.0,0.6657,36.0,1554.0,32.0
2021-01-05 09:45:00.591,0.6676,0.6697,10.0,0.6657,36.0,1554.0,32.0
2021-01-05 09:45:01.221,0.6676,0.6692,16.0,0.6657,20.0,1554.0,32.0
2021-01-05 09:45:01.680,0.6676,0.6692,16.0,0.6657,20.0,1554.0,32.0
2021-01-05 09:45:02.061,0.6676,0.6692,36.0,0.6647,46.0,1554.0,32.0
2021-01-05 09:45:02.710,0.6676,0.6692,16.0,0.6647,46.0,1554.0,32.0
2021-01-05 09:45:03.190,0.6676,0.6692,36.0,0.6647,46.0,1554.0,32.0
2021-01-05 09:45:03.680,0.6676,0.6692,36.0,0.6647,46.0,1554.0,32.0
2021-01-05 09:45:04.191,0.6676,0.6681,10.0,0.6647,36.0,1554.0,32.0
2021-01-05 09:45:04.700,0.6676,0.6681,30.0,0.6647,36.0,1554.0,32.0
2021-01-05 09:45:05.221,0.6676,0.6681,46.0,0.6647,20.0,1554.0,32.0
2021-01-05 09:45:05.720,0.6676,0.6681,46.0,0.6639,20.0,1554.0,32.0
2021-01-05 09:45:06.220,0.6676,0.6681,36.0,0.6639,20.0,1554.0,32.0
2021-01-05 09:45:06.721,0.6676,0.6681,36.0,0.6639,20.0,1554.0,32.0
2021-01-05 09:45:07.130,0.6676,0.6681,36.0,0.6639,20.0,1554.0,32.0
2021-01-05 09:45:07.720,0.6676,0.6681,36.0,0.6639,20.0,1554.0,32.0
2021-01-05 09:45:08.181,0.6676,0.6681,36.0,0.6639,20.0,1554.0,32.0
2021-01-05 09:45:09.190,0.6676,0.6681,36.0,0.6639,20.0,1554.0,32.0
2021-01-05 09:45:09.720,0.6676,0.6681,36.0,0.6637,16.0,1554.0,32.0
2021-01-05 09:45:10.200,0.6676,0.6681,36.0,0.6637,16.0,1554.0,32.0
2021-01-05 09:45:10.700,0.6676,0.6681,36.0,0.6637,16.0,1554.0,32.0
2021-01-05 09:45:11.091,0.6676,0.6681,36.0,0.6637,16.0,1554.0,32.0
2021-01-05 09:45:11.720,0.6676,0.6681,36.0,0.6637,16.0,1554.0,32.0
2021-01-05 09:45:12.150,0.6676,0.6681,36.0,0.6637,16.0,1554.0,32.0
2021-01-05 09:45:12.701,0.6676,0.6672,16.0,0.6631,20.0,1554.0,32.0
2021-01-05 09:45:13.220,0.6676,0.6672,16.0,0.6631,20.0,1554.0,32.0
2021-01-05 09:45:13.681,0.6676,0.6672,36.0,0.6631,20.0,1554.0,32.0
2021-01-05 09:45:14.131,0.6676,0.6672,16.0,0.6631,20.0,1554.0,32.0
2021-01-05 09:45:15.230,0.6676,0.6672,16.0,0.6631,20.0,1554.0,32.0
2021-01-05 09:45:15.721,0.6676,0.6672,36.0,0.6627,16.0,1554.0,32.0
2021-01-05 09:45:16.230,0.6676,0.6662,16.0,0.6622,20.0,1554.0,32.0
2021-01-05 09:45:16.630,0.6676,0.6662,16.0,0.6622,20.0,1554.0,32.0
2021-01-05 09:45:17.220,0.6676,0.6662,36.0,0.6622,20.0,1554.0,32.0
2021-01-05 09:45:17.731,0.6676,0.6662,36.0,0.6622,20.0,1554.0,32.0
2021-01-05 09:45:18.230,0.6676,0.6662,36.0,0.6617,16.0,1554.0,32.0
2021-01-05 09:45:19.191,0.6676,0.6662,36.0,0.6617,16.0,1554.0,32.0
2021-01-05 09:45:19.731,0.6676,0.6662,36.0,0.6617,16.0,1554.0,32.0
2021-01-05 09:45:21.191,0.6676,0.6662,36.0,0.6617,16.0,1554.0,32.0
2021-01-05 09:45:22.240,0.6676,0.6662,36.0,0.6617,16.0,1554.0,32.0
2021-01-05 09:45:22.710,0.6676,0.6662,36.0,0.6617,16.0,1554.0,32.0
2021-01-05 09:45:23.160,0.6676,0.6662,36.0,0.6617,16.0,1554.0,32.0
2021-01-05 09:45:23.671,0.6676,0.6662,36.0,0.6617,16.0,1554.0,32.0
2021-01-05 09:45:24.701,0.6676,0.6662,36.0,0.6617,16.0,1554.0,32.0
2021-01-05 09:45:25.690,0.6676,0.6662,36.0,0.6617,16.0,1554.0,32.0
2021-01-05 09:45:26.220,0.6676,0.6662,36.0,0.6617,27.0,1554.0,32.0
2021-01-05 09:45:26.681,0.6676,0.6662,36.0,0.6617,16.0,1554.0,32.0
2021-01-05 09:45:27.211,0.6676,0.6662,36.0,0.6617,27.0,1554.0,32.0
2021-01-05 09:45:27.711,0.6676,0.6662,36.0,0.6617,16.0,1554.0,32.0
2021-01-05 09:45:28.220,0.6676,0.6662,36.0,0.6617,16.0,1554.0,32.0
2021-01-05 09:45:29.140,0.6662,0.6662,19.0,0.6627,16.0,1555.0,33.0
2021-01-05 09:45:30.210,0.6662,0.6671,16.0,0.6627,36.0,1555.0,33.0
2021-01-05 09:45:30.710,0.6662,0.6671,16.0,0.6627,16.0,1555.0,33.0
2021-01-05 09:45:31.211,0.6662,0.6671,16.0,0.6627,36.0,1555.0,33.0
2021-01-05 09:45:31.701,0.6662,0.6671,16.0,0.6627,36.0,1555.0,33.0
2021-01-05 09:45:32.160,0.6662,0.6671,16.0,0.6627,36.0,1555.0,33.0
2021-01-05 09:45:33.180,0.6662,0.6671,16.0,0.663,10.0,1555.0,33.0
2021-01-05 09:45:34.220,0.6662,0.6671,16.0,0.663,10.0,1555.0,33.0
2021-01-05 09:45:35.190,0.6662,0.6671,16.0,0.663,10.0,1555.0,33.0
2021-01-05 09:45:35.731,0.6662,0.6671,16.0,0.663,10.0,1555.0,33.0
2021-01-05 09:45:36.240,0.6662,0.6671,16.0,0.663,20.0,1555.0,33.0
2021-01-05 09:45:36.730,0.6662,0.6671,16.0,0.663,14.0,1555.0,33.0
2021-01-05 09:45:37.241,0.6662,0.6672,20.0,0.6636,16.0,1555.0,33.0
2021-01-05 09:45:37.731,0.6662,0.668,30.0,0.6636,16.0,1555.0,33.0
2021-01-05 09:45:38.240,0.6662,0.668,30.0,0.6636,36.0,1555.0,33.0
2021-01-05 09:45:39.210,0.6662,0.668,30.0,0.6636,36.0,1555.0,33.0
2021-01-05 09:45:39.710,0.6662,0.668,30.0,0.6636,36.0,1555.0,33.0
2021-01-05 09:45:40.240,0.6662,0.668,30.0,0.6636,36.0,1555.0,33.0
2021-01-05 09:45:42.240,0.6662,0.668,30.0,0.6636,36.0,1555.0,33.0
2021-01-05 09:45:42.711,0.6662,0.668,30.0,0.6636,36.0,1555.0,33.0
2021-01-05 09:45:43.220,0.6662,0.668,30.0,0.6636,36.0,1555.0,33.0
2021-01-05 09:45:43.710,0.6662,0.668,20.0,0.6636,36.0,1555.0,33.0
2021-01-05 09:45:44.201,0.6662,0.668,20.0,0.6636,36.0,1555.0,33.0
2021-01-05 09:45:45.220,0.6662,0.668,20.0,0.6636,36.0,1555.0,33.0
2021-01-05 09:45:45.681,0.6662,0.668,20.0,0.6636,36.0,1555.0,33.0
2021-01-05 09:45:46.240,0.6662,0.668,20.0,0.6636,36.0,1555.0,33.0
2021-01-05 09:45:46.751,0.6662,0.668,20.0,0.6636,36.0,1555.0,33.0
2021-01-05 09:45:47.241,0.6662,0.668,20.0,0.6636,36.0,1555.0,33.0
2021-01-05 09:45:48.201,0.6662,0.668,20.0,0.6636,36.0,1555.0,33.0
2021-01-05 09:45:48.741,0.6662,0.668,20.0,0.6636,36.0,1555.0,33.0
2021-01-05 09:45:50.251,0.6662,0.668,20.0,0.6636,36.0,1555.0,33.0
2021-01-05 09:45:50.750,0.6662,0.668,20.0,0.6636,36.0,1555.0,33.0
2021-01-05 09:45:52.641,0.6662,0.668,20.0,0.6636,36.0,1555.0,33.0
2021-01-05 09:45:54.191,0.6662,0.668,20.0,0.6636,36.0,1555.0,33.0
2021-01-05 09:45:55.230,0.6662,0.668,20.0,0.6636,36.0,1555.0,33.0
2021-01-05 09:45:55.711,0.6662,0.668,20.0,0.6636,36.0,1555.0,33.0
2021-01-05 09:45:56.631,0.6662,0.668,20.0,0.6636,36.0,1555.0,33.0
2021-01-05 09:45:58.231,0.6662,0.668,20.0,0.6636,36.0,1555.0,33.0
2021-01-05 09:45:58.711,0.6662,0.668,20.0,0.6636,36.0,1555.0,33.0
2021-01-05 09:45:59.230,0.6662,0.668,20.0,0.6636,36.0,1555.0,33.0
2021-01-05 09:46:00.210,0.6662,0.668,20.0,0.6636,36.0,1555.0,33.0
2021-01-05 09:46:00.730,0.6662,0.6689,16.0,0.6645,16.0,1555.0,33.0
2021-01-05 09:46:01.230,0.6662,0.6689,16.0,0.6645,16.0,1555.0,33.0
2021-01-05 09:46:02.221,0.6662,0.6689,16.0,0.6645,36.0,1555.0,33.0
2021-01-05 09:46:02.711,0.6662,0.6689,16.0,0.6645,36.0,1555.0,33.0
2021-01-05 09:46:03.120,0.6662,0.6689,16.0,0.6645,36.0,1555.0,33.0
2021-01-05 09:46:03.731,0.6662,0.6689,16.0,0.6645,36.0,1555.0,33.0
2021-01-05 09:46:04.171,0.6662,0.6689,16.0,0.6645,36.0,1555.0,33.0
2021-01-05 09:46:05.691,0.6662,0.6689,16.0,0.6645,36.0,1555.0,33.0
2021-01-05 09:46:06.221,0.6662,0.6689,16.0,0.6645,36.0,1555.0,33.0
2021-01-05 09:46:06.690,0.6662,0.6689,16.0,0.6645,36.0,1555.0,33.0
2021-01-05 09:46:07.231,0.6662,0.6689,16.0,0.6645,36.0,1555.0,33.0
2021-01-05 09:46:10.221,0.6662,0.6701,16.0,0.6656,16.0,1555.0,33.0
2021-01-05 09:46:10.720,0.6662,0.6701,16.0,0.6656,36.0,1555.0,33.0
2021-01-05 09:46:11.721,0.6662,0.6701,16.0,0.6656,36.0,1555.0,33.0
2021-01-05 09:46:12.190,0.6662,0.6701,16.0,0.6656,36.0,1555.0,33.0
2021-01-05 09:46:13.681,0.6662,0.6701,16.0,0.6656,36.0,1555.0,33.0
2021-01-05 09:46:14.230,0.6662,0.6701,16.0,0.6656,36.0,1555.0,33.0
2021-01-05 09:46:16.721,0.6662,0.6701,16.0,0.6656,36.0,1555.0,33.0
2021-01-05 09:46:17.221,0.6662,0.6701,16.0,0.6656,41.0,1555.0,33.0
2021-01-05 09:46:17.751,0.6662,0.6703,10.0,0.6665,16.0,1555.0,33.0
2021-01-05 09:46:18.180,0.6662,0.6703,10.0,0.6665,36.0,1555.0,33.0
2021-01-05 09:46:20.210,0.6662,0.6709,16.0,0.6665,36.0,1555.0,33.0
2021-01-05 09:46:20.731,0.6662,0.6709,16.0,0.6665,36.0,1555.0,33.0
2021-01-05 09:46:21.611,0.6662,0.6709,16.0,0.6665,36.0,1555.0,33.0
2021-01-05 09:46:22.220,0.6662,0.6709,16.0,0.6665,36.0,1555.0,33.0
2021-01-05 09:46:22.690,0.6662,0.6709,16.0,0.6665,36.0,1555.0,33.0
2021-01-05 09:46:23.201,0.6662,0.6709,16.0,0.6665,36.0,1555.0,33.0
2021-01-05 09:46:24.221,0.6662,0.6709,16.0,0.6665,36.0,1555.0,33.0
2021-01-05 09:46:25.211,0.6662,0.6709,16.0,0.6665,36.0,1555.0,33.0
2021-01-05 09:46:25.651,0.6662,0.6709,16.0,0.6665,36.0,1555.0,33.0
2021-01-05 09:46:27.201,0.6662,0.6709,16.0,0.6665,36.0,1555.0,33.0
2021-01-05 09:46:29.151,0.6662,0.6709,16.0,0.6665,36.0,1555.0,33.0
2021-01-05 09:46:29.710,0.6662,0.6709,16.0,0.6665,36.0,1555.0,33.0
2021-01-05 09:46:31.210,0.6662,0.6709,16.0,0.6665,36.0,1555.0,33.0
2021-01-05 09:46:32.701,0.6662,0.6709,16.0,0.6665,36.0,1555.0,33.0
2021-01-05 09:46:33.660,0.6662,0.6709,16.0,0.6665,36.0,1555.0,33.0
2021-01-05 09:46:35.231,0.6662,0.6709,16.0,0.6665,36.0,1555.0,33.0
2021-01-05 09:46:35.721,0.6662,0.6709,16.0,0.6665,36.0,1555.0,33.0
2021-01-05 09:46:36.221,0.6662,0.6709,16.0,0.6665,36.0,1555.0,33.0
2021-01-05 09:46:36.730,0.6662,0.6709,16.0,0.6665,36.0,1555.0,33.0
2021-01-05 09:46:37.750,0.6662,0.6709,16.0,0.6665,36.0,1555.0,33.0
2021-01-05 09:46:38.201,0.6662,0.67,16.0,0.6665,20.0,1555.0,33.0
2021-01-05 09:46:38.741,0.6662,0.67,16.0,0.6665,20.0,1555.0,33.0
2021-01-05 09:46:39.210,0.6662,0.6699,10.0,0.6656,36.0,1555.0,33.0
2021-01-05 09:46:40.230,0.6662,0.6699,10.0,0.6656,36.0,1555.0,33.0
2021-01-05 09:46:40.670,0.6662,0.6699,10.0,0.6656,36.0,1555.0,33.0
2021-01-05 09:46:41.250,0.6662,0.6699,10.0,0.6656,36.0,1555.0,33.0
2021-01-05 09:46:41.661,0.6662,0.6699,10.0,0.6656,36.0,1555.0,33.0
2021-01-05 09:46:42.230,0.6662,0.6699,10.0,0.6656,36.0,1555.0,33.0
2021-01-05 09:46:45.711,0.6662,0.6699,10.0,0.6656,36.0,1555.0,33.0
2021-01-05 09:46:46.251,0.6662,0.6699,10.0,0.6656,36.0,1555.0,33.0
2021-01-05 09:46:46.671,0.6662,0.67,16.0,0.6656,36.0,1555.0,33.0
2021-01-05 09:46:47.701,0.6662,0.67,16.0,0.6656,36.0,1555.0,33.0
2021-01-05 09:46:49.251,0.6662,0.67,16.0,0.6656,36.0,1555.0,33.0
2021-01-05 09:46:49.730,0.6662,0.67,16.0,0.6656,36.0,1555.0,33.0
2021-01-05 09:46:51.261,0.6662,0.67,16.0,0.6656,36.0,1555.0,33.0
2021-01-05 09:46:51.731,0.6662,0.67,16.0,0.6656,36.0,1555.0,33.0
2021-01-05 09:46:52.711,0.6662,0.67,16.0,0.6656,36.0,1555.0,33.0
2021-01-05 09:46:54.221,0.6662,0.67,16.0,0.6656,36.0,1555.0,33.0
2021-01-05 09:46:54.701,0.6662,0.67,16.0,0.6656,36.0,1555.0,33.0
2021-01-05 09:46:56.221,0.6662,0.67,16.0,0.6656,36.0,1555.0,33.0
2021-01-05 09:46:56.711,0.6662,0.67,16.0,0.6656,36.0,1555.0,33.0
2021-01-05 09:46:57.741,0.6662,0.67,16.0,0.6656,36.0,1555.0,33.0
2021-01-05 09:46:58.720,0.6662,0.67,16.0,0.6656,36.0,1555.0,33.0
