,last,ask1,asize1,bid1,bsize1,oi,volume
2021-01-05 09:25:00.080,,1.0237,1.0,0.9141,1.0,397.0,
2021-01-05 09:30:00.451,,1.0237,1.0,0.9141,1.0,397.0,
2021-01-05 09:30:00.991,,1.042,1.0,0.8998,1.0,397.0,
2021-01-05 09:30:01.481,,1.0671,1.0,0.8998,1.0,397.0,
2021-01-05 09:30:02.011,,1.0671,1.0,0.8998,1.0,397.0,
2021-01-05 09:30:02.511,,0.9804,20.0,0.9674,20.0,397.0,
2021-01-05 09:30:02.611,,0.9804,20.0,0.9685,20.0,397.0,
2021-01-05 09:30:03.471,,0.9804,20.0,0.9674,20.0,397.0,
2021-01-05 09:30:03.980,,0.9804,20.0,0.8998,1.0,397.0,
2021-01-05 09:30:04.430,,0.9804,20.0,0.9675,20.0,397.0,
2021-01-05 09:30:05.010,,1.0671,1.0,0.9675,20.0,397.0,
2021-01-05 09:30:05.481,,0.982,20.0,0.969,20.0,397.0,
2021-01-05 09:30:05.990,,1.0671,1.0,0.969,20.0,397.0,
2021-01-05 09:30:07.471,,0.9852,20.0,0.9722,20.0,397.0,
2021-01-05 09:30:11.000,,0.9862,20.0,0.9732,20.0,397.0,
2021-01-05 09:30:13.000,,0.9851,20.0,0.9722,20.0,397.0,
2021-01-05 09:30:15.520,,0.9851,20.0,0.9714,20.0,397.0,
2021-01-05 09:30:15.991,,0.9851,20.0,0.9714,20.0,397.0,
2021-01-05 09:30:17.021,,0.9838,20.0,0.9714,20.0,397.0,
2021-01-05 09:30:17.641,,0.9838,20.0,0.9714,20.0,397.0,
2021-01-05 09:30:18.231,,0.9826,20.0,0.9714,20.0,397.0,
2021-01-05 09:30:19.251,,0.9826,20.0,0.9693,20.0,397.0,
2021-01-05 09:30:22.240,,0.9836,20.0,0.9706,20.0,397.0,
2021-01-05 09:30:24.161,,0.9845,20.0,0.9715,20.0,397.0,
2021-01-05 09:30:24.661,,0.9845,20.0,0.9715,20.0,397.0,
2021-01-05 09:30:28.161,,0.9845,20.0,0.9715,20.0,397.0,
2021-01-05 09:30:31.661,,0.9845,20.0,0.9706,20.0,397.0,
2021-01-05 09:30:32.631,,0.9833,20.0,0.9706,20.0,397.0,
2021-01-05 09:30:40.170,,0.9833,20.0,0.9706,20.0,397.0,
2021-01-05 09:30:43.180,,0.9833,20.0,0.9706,20.0,397.0,
2021-01-05 09:30:44.181,,0.9824,20.0,0.9706,20.0,397.0,
2021-01-05 09:30:47.691,,0.9812,20.0,0.9706,20.0,397.0,
2021-01-05 09:30:50.720,,0.9812,20.0,0.9706,20.0,397.0,
2021-01-05 09:30:56.660,,0.9804,20.0,0.9706,20.0,397.0,
2021-01-05 09:30:58.140,,0.9812,20.0,0.9706,20.0,397.0,
2021-01-05 09:30:59.640,,0.9822,20.0,0.9706,20.0,397.0,
2021-01-05 09:31:00.161,,0.9811,20.0,0.9706,20.0,397.0,
2021-01-05 09:31:01.150,,0.9822,20.0,0.9706,20.0,397.0,
2021-01-05 09:31:01.680,,0.9822,20.0,0.9706,20.0,397.0,
2021-01-05 09:31:02.170,,0.9883,10.0,0.9701,10.0,397.0,
2021-01-05 09:31:02.681,,0.9829,20.0,0.9701,30.0,397.0,
2021-01-05 09:31:04.671,,0.9837,20.0,0.9701,30.0,397.0,
2021-01-05 09:31:05.670,,0.9837,20.0,0.9701,30.0,397.0,
2021-01-05 09:31:06.681,,0.9823,20.0,0.9701,30.0,397.0,
2021-01-05 09:31:08.650,,0.9812,20.0,0.9701,30.0,397.0,
2021-01-05 09:31:09.101,,0.9823,20.0,0.9701,30.0,397.0,
2021-01-05 09:31:18.720,,0.9815,20.0,0.9701,30.0,397.0,
2021-01-05 09:31:19.150,,0.9823,20.0,0.9701,10.0,397.0,
2021-01-05 09:31:19.721,,0.9814,20.0,0.9701,10.0,397.0,
2021-01-05 09:31:20.171,,0.9814,20.0,0.9701,30.0,397.0,
2021-01-05 09:31:20.701,,0.9806,20.0,0.9701,30.0,397.0,
2021-01-05 09:31:21.221,,0.9814,20.0,0.9701,30.0,397.0,
2021-01-05 09:31:22.620,,0.9823,20.0,0.971,10.0,397.0,
2021-01-05 09:31:23.171,,0.9822,10.0,0.9716,20.0,397.0,
2021-01-05 09:31:23.640,,0.9822,10.0,0.9716,20.0,397.0,
2021-01-05 09:31:24.660,,0.9822,10.0,0.9716,10.0,397.0,
2021-01-05 09:31:25.150,,0.9818,10.0,0.9716,10.0,397.0,
2021-01-05 09:31:25.640,,0.9814,20.0,0.9716,10.0,397.0,
2021-01-05 09:31:26.101,,0.9814,20.0,0.9716,10.0,397.0,
2021-01-05 09:31:26.681,,0.9814,20.0,0.9716,10.0,397.0,
2021-01-05 09:31:27.171,,0.9814,20.0,0.9716,10.0,397.0,
2021-01-05 09:31:28.610,,0.9814,20.0,0.9716,10.0,397.0,
2021-01-05 09:31:29.171,,0.9814,20.0,0.9716,10.0,397.0,
2021-01-05 09:31:30.170,,0.9814,20.0,0.9716,10.0,397.0,
2021-01-05 09:31:30.671,,0.9814,20.0,0.9716,10.0,397.0,
2021-01-05 09:31:31.150,,0.9814,20.0,0.9716,10.0,397.0,
2021-01-05 09:31:31.661,,0.9814,20.0,0.9716,10.0,397.0,
2021-01-05 09:31:32.191,,0.9814,20.0,0.9716,10.0,397.0,
2021-01-05 09:31:32.671,,0.9814,20.0,0.9716,10.0,397.0,
2021-01-05 09:31:34.181,,0.9814,20.0,0.9716,10.0,397.0,
2021-01-05 09:31:34.681,,0.9814,20.0,0.9716,10.0,397.0,
2021-01-05 09:31:35.670,,0.9814,20.0,0.9716,10.0,397.0,
2021-01-05 09:31:36.181,,0.9814,20.0,0.9716,10.0,397.0,
2021-01-05 09:31:36.690,,0.9814,20.0,0.9716,10.0,397.0,
2021-01-05 09:31:37.191,,0.9814,20.0,0.9716,10.0,397.0,
2021-01-05 09:31:38.190,,0.9802,20.0,0.9716,10.0,397.0,
2021-01-05 09:31:38.690,,0.9802,20.0,0.9716,10.0,397.0,
2021-01-05 09:31:39.210,,0.9802,20.0,0.9716,10.0,397.0,
2021-01-05 09:31:39.710,,0.9802,20.0,0.9716,10.0,397.0,
2021-01-05 09:31:40.711,,0.9784,10.0,0.9701,20.0,397.0,
2021-01-05 09:31:41.191,,0.9784,30.0,0.9693,30.0,397.0,
2021-01-05 09:31:41.700,,0.9784,30.0,0.9693,30.0,397.0,
2021-01-05 09:31:43.191,,0.9784,30.0,0.9694,10.0,397.0,
2021-01-05 09:31:43.710,,0.9784,30.0,0.9696,10.0,397.0,
2021-01-05 09:31:44.190,,0.9784,30.0,0.9696,10.0,397.0,
2021-01-05 09:31:44.691,,0.9784,30.0,0.9701,10.0,397.0,
2021-01-05 09:31:45.170,,0.9784,30.0,0.9701,20.0,397.0,
2021-01-05 09:31:45.700,,0.9784,30.0,0.9695,10.0,397.0,
2021-01-05 09:31:46.171,,0.9784,30.0,0.9693,20.0,397.0,
2021-01-05 09:31:46.701,,0.9784,30.0,0.9693,20.0,397.0,
2021-01-05 09:31:47.191,,0.9784,30.0,0.9693,20.0,397.0,
2021-01-05 09:31:47.711,,0.9784,30.0,0.9693,20.0,397.0,
2021-01-05 09:31:48.211,,0.9784,30.0,0.9685,30.0,397.0,
2021-01-05 09:31:49.711,,0.9784,30.0,0.9685,20.0,397.0,
2021-01-05 09:31:50.191,,0.9784,30.0,0.9685,20.0,397.0,
2021-01-05 09:31:50.710,,0.9777,20.0,0.9678,30.0,397.0,
2021-01-05 09:31:51.210,,0.9777,20.0,0.9679,10.0,397.0,
2021-01-05 09:31:52.220,,0.9752,10.0,0.9679,10.0,397.0,
2021-01-05 09:31:52.621,,0.9752,30.0,0.9678,30.0,397.0,
2021-01-05 09:31:53.171,,0.9752,30.0,0.9678,30.0,397.0,
2021-01-05 09:31:53.630,,0.9752,30.0,0.9678,30.0,397.0,
2021-01-05 09:31:54.151,,0.9752,30.0,0.9678,30.0,397.0,
2021-01-05 09:31:54.641,,0.9752,30.0,0.9678,30.0,397.0,
2021-01-05 09:31:55.150,,0.9752,30.0,0.9678,30.0,397.0,
2021-01-05 09:31:55.670,,0.9752,30.0,0.9678,30.0,397.0,
2021-01-05 09:31:57.651,,0.9752,30.0,0.9678,30.0,397.0,
2021-01-05 09:31:58.171,,0.9752,30.0,0.9678,30.0,397.0,
2021-01-05 09:31:59.180,,0.9752,30.0,0.9678,30.0,397.0,
2021-01-05 09:31:59.660,,0.9752,30.0,0.9678,30.0,397.0,
2021-01-05 09:32:00.150,,0.9752,30.0,0.9678,30.0,397.0,
2021-01-05 09:32:00.650,,0.9752,30.0,0.9678,30.0,397.0,
2021-01-05 09:32:01.170,,0.9752,30.0,0.9678,30.0,397.0,
2021-01-05 09:32:01.670,,0.9752,30.0,0.9678,30.0,397.0,
2021-01-05 09:32:02.171,,0.9752,30.0,0.9678,30.0,397.0,
2021-01-05 09:32:02.671,,0.9752,30.0,0.9678,30.0,397.0,
2021-01-05 09:32:03.180,,0.9752,10.0,0.9678,10.0,397.0,
2021-01-05 09:32:03.641,,0.9752,30.0,0.9678,30.0,397.0,
2021-01-05 09:32:04.161,,0.9752,30.0,0.9678,30.0,397.0,
2021-01-05 09:32:04.661,,0.9752,20.0,0.9678,20.0,397.0,
2021-01-05 09:32:05.141,,0.9761,30.0,0.966,20.0,397.0,
2021-01-05 09:32:05.660,,0.9761,30.0,0.9661,10.0,397.0,
2021-01-05 09:32:06.161,,0.9761,30.0,0.966,20.0,397.0,
2021-01-05 09:32:06.680,,0.9761,30.0,0.9655,30.0,397.0,
2021-01-05 09:32:07.070,,0.9761,30.0,0.9655,40.0,397.0,
2021-01-05 09:32:08.670,,0.9761,30.0,0.9655,30.0,397.0,
2021-01-05 09:32:09.141,,0.9758,10.0,0.9655,30.0,397.0,
2021-01-05 09:32:10.161,,0.9761,30.0,0.9655,30.0,397.0,
2021-01-05 09:32:10.630,,0.9761,30.0,0.9655,30.0,397.0,
2021-01-05 09:32:11.170,,0.9759,10.0,0.9655,30.0,397.0,
2021-01-05 09:32:11.650,,0.9761,30.0,0.9655,30.0,397.0,
2021-01-05 09:32:12.161,,0.9761,30.0,0.9655,30.0,397.0,
2021-01-05 09:32:12.670,,0.9761,30.0,0.9656,10.0,397.0,
2021-01-05 09:32:13.171,,0.9761,30.0,0.9655,30.0,397.0,
2021-01-05 09:32:13.680,,0.9761,30.0,0.9656,10.0,397.0,
2021-01-05 09:32:14.660,,0.9761,30.0,0.9655,30.0,397.0,
2021-01-05 09:32:15.171,,0.9761,30.0,0.9656,1.0,397.0,
2021-01-05 09:32:15.671,,0.9761,30.0,0.9656,1.0,397.0,
2021-01-05 09:32:16.151,,0.9761,30.0,0.9656,1.0,397.0,
2021-01-05 09:32:17.161,,0.9761,30.0,0.9656,1.0,397.0,
2021-01-05 09:32:17.651,,0.9761,30.0,0.9656,1.0,397.0,
2021-01-05 09:32:18.670,,0.9759,10.0,0.9656,1.0,397.0,
2021-01-05 09:32:19.670,,0.976,10.0,0.9656,1.0,397.0,
2021-01-05 09:32:20.671,,0.9761,30.0,0.9656,1.0,397.0,
2021-01-05 09:32:21.171,,0.9761,30.0,0.9656,1.0,397.0,
2021-01-05 09:32:21.680,,0.9761,30.0,0.9658,10.0,397.0,
2021-01-05 09:32:22.181,,0.9761,30.0,0.9659,2.0,397.0,
2021-01-05 09:32:23.180,,0.9752,10.0,0.9687,10.0,397.0,
2021-01-05 09:32:23.670,,0.9752,30.0,0.9687,30.0,397.0,
2021-01-05 09:32:24.160,,0.9752,30.0,0.9687,30.0,397.0,
2021-01-05 09:32:24.640,,0.9752,30.0,0.9688,1.0,397.0,
2021-01-05 09:32:25.170,,0.9752,30.0,0.9688,1.0,397.0,
2021-01-05 09:32:25.670,,0.9752,30.0,0.9688,1.0,397.0,
2021-01-05 09:32:26.171,,0.9752,30.0,0.9688,1.0,397.0,
2021-01-05 09:32:26.650,,0.9752,30.0,0.9688,1.0,397.0,
2021-01-05 09:32:28.171,,0.9752,30.0,0.9688,1.0,397.0,
2021-01-05 09:32:28.630,,0.9732,10.0,0.9688,1.0,397.0,
2021-01-05 09:32:29.180,,0.9732,30.0,0.9667,30.0,397.0,
2021-01-05 09:32:30.171,,0.9732,30.0,0.9667,30.0,397.0,
2021-01-05 09:32:31.151,,0.9732,30.0,0.9667,30.0,397.0,
2021-01-05 09:32:31.631,,0.9732,30.0,0.9667,30.0,397.0,
2021-01-05 09:32:32.121,,0.9732,30.0,0.9667,30.0,397.0,
2021-01-05 09:32:33.141,,0.9732,30.0,0.9667,30.0,397.0,
2021-01-05 09:32:33.671,,0.9732,30.0,0.9667,30.0,397.0,
2021-01-05 09:32:34.171,,0.9732,30.0,0.9667,30.0,397.0,
2021-01-05 09:32:34.691,,0.9732,30.0,0.9667,30.0,397.0,
2021-01-05 09:32:35.170,,0.9732,30.0,0.9667,30.0,397.0,
2021-01-05 09:32:35.671,,0.9732,30.0,0.9667,30.0,397.0,
2021-01-05 09:32:39.630,,0.9732,30.0,0.9667,30.0,397.0,
2021-01-05 09:32:40.151,,0.9732,30.0,0.9667,30.0,397.0,
2021-01-05 09:32:41.690,,0.9732,30.0,0.9667,30.0,397.0,
2021-01-05 09:32:42.201,,0.9732,30.0,0.9667,30.0,397.0,
2021-01-05 09:32:42.700,,0.9732,30.0,0.9667,30.0,397.0,
2021-01-05 09:32:43.190,,0.9732,30.0,0.9667,30.0,397.0,
2021-01-05 09:32:43.580,,0.9732,30.0,0.9667,30.0,397.0,
2021-01-05 09:32:44.151,,0.9732,30.0,0.9667,30.0,397.0,
2021-01-05 09:32:44.700,,0.9732,30.0,0.9667,30.0,397.0,
2021-01-05 09:32:45.580,,0.9732,30.0,0.9667,30.0,397.0,
2021-01-05 09:32:46.160,,0.9732,30.0,0.9667,30.0,397.0,
2021-01-05 09:32:47.701,,0.9732,30.0,0.9667,30.0,397.0,
2021-01-05 09:32:48.181,,0.9732,30.0,0.9667,30.0,397.0,
2021-01-05 09:32:48.690,,0.9732,30.0,0.9667,30.0,397.0,
2021-01-05 09:32:48.690,,0.9732,30.0,0.9667,30.0,397.0,
2021-01-05 09:32:49.670,,0.9727,10.0,0.963,10.0,397.0,
2021-01-05 09:32:50.171,,0.9727,10.0,0.963,10.0,397.0,
2021-01-05 09:32:50.700,,0.9727,10.0,0.9632,10.0,397.0,
2021-01-05 09:32:51.170,,0.9727,30.0,0.963,10.0,397.0,
2021-01-05 09:32:51.701,,0.9727,30.0,0.963,10.0,397.0,
2021-01-05 09:32:52.191,,0.9727,10.0,0.963,10.0,397.0,
2021-01-05 09:32:52.671,,0.9727,30.0,0.963,30.0,397.0,
2021-01-05 09:32:53.161,,0.9727,30.0,0.963,30.0,397.0,
2021-01-05 09:32:53.641,,0.9727,30.0,0.963,30.0,397.0,
2021-01-05 09:32:54.181,,0.9727,30.0,0.9634,10.0,397.0,
2021-01-05 09:32:54.671,,0.9727,30.0,0.9635,10.0,397.0,
2021-01-05 09:32:55.170,,0.9727,30.0,0.9632,10.0,397.0,
2021-01-05 09:32:55.670,,0.9727,30.0,0.963,30.0,397.0,
2021-01-05 09:32:56.021,,0.9727,30.0,0.963,30.0,397.0,
2021-01-05 09:32:56.611,,0.9727,30.0,0.963,30.0,397.0,
2021-01-05 09:32:57.130,,0.9727,30.0,0.9631,2.0,397.0,
2021-01-05 09:32:57.600,,0.9727,30.0,0.9631,2.0,397.0,
2021-01-05 09:32:58.171,,0.9727,30.0,0.9631,2.0,397.0,
2021-01-05 09:32:58.651,,0.9727,30.0,0.963,30.0,397.0,
2021-01-05 09:32:59.170,,0.9727,30.0,0.963,30.0,397.0,
2021-01-05 09:32:59.621,,0.9727,30.0,0.963,30.0,397.0,
2021-01-05 09:33:00.651,,0.9727,30.0,0.963,30.0,397.0,
2021-01-05 09:33:01.141,,0.9727,10.0,0.963,10.0,397.0,
2021-01-05 09:33:01.661,,0.9727,30.0,0.9631,2.0,397.0,
2021-01-05 09:33:02.651,,0.9727,30.0,0.9631,12.0,397.0,
2021-01-05 09:33:03.171,,0.9727,20.0,0.9664,10.0,397.0,
2021-01-05 09:33:03.681,,0.9727,20.0,0.9664,30.0,397.0,
2021-01-05 09:33:04.140,,0.9751,10.0,0.9654,10.0,397.0,
2021-01-05 09:33:04.651,,0.9729,20.0,0.9664,20.0,397.0,
2021-01-05 09:33:05.181,,0.9751,10.0,0.9654,30.0,397.0,
2021-01-05 09:33:05.690,,0.9751,10.0,0.9654,30.0,397.0,
2021-01-05 09:33:06.170,,0.9751,10.0,0.9655,2.0,397.0,
2021-01-05 09:33:06.681,,0.9751,10.0,0.9654,30.0,397.0,
2021-01-05 09:33:07.171,,0.9751,10.0,0.9654,32.0,397.0,
2021-01-05 09:33:07.601,,0.9751,10.0,0.9654,30.0,397.0,
2021-01-05 09:33:08.191,,0.9751,10.0,0.9654,30.0,397.0,
2021-01-05 09:33:08.681,,0.9751,10.0,0.9654,30.0,397.0,
2021-01-05 09:33:09.181,,0.9751,20.0,0.9654,30.0,397.0,
2021-01-05 09:33:09.651,,0.9748,10.0,0.9654,30.0,397.0,
2021-01-05 09:33:10.180,,0.9751,10.0,0.9654,30.0,397.0,
2021-01-05 09:33:10.681,,0.9751,10.0,0.9654,30.0,397.0,
2021-01-05 09:33:11.670,,0.9751,10.0,0.9654,30.0,397.0,
2021-01-05 09:33:12.181,,0.9751,10.0,0.9654,30.0,397.0,
2021-01-05 09:33:12.650,,0.9751,10.0,0.9654,30.0,397.0,
2021-01-05 09:33:13.100,,0.9751,10.0,0.9654,30.0,397.0,
2021-01-05 09:33:13.691,,0.9751,10.0,0.9654,30.0,397.0,
2021-01-05 09:33:14.070,,0.9751,10.0,0.9654,30.0,397.0,
2021-01-05 09:33:14.650,,0.9751,10.0,0.9654,30.0,397.0,
2021-01-05 09:33:15.651,,0.9751,10.0,0.9655,2.0,397.0,
2021-01-05 09:33:15.881,,0.9751,10.0,0.9655,2.0,397.0,
2021-01-05 09:33:16.671,,0.9751,10.0,0.9686,10.0,397.0,
2021-01-05 09:33:17.190,,0.9751,10.0,0.9686,10.0,397.0,
2021-01-05 09:33:17.691,,0.9751,10.0,0.9686,30.0,397.0,
2021-01-05 09:33:18.160,,0.9751,10.0,0.9686,10.0,397.0,
2021-01-05 09:33:18.680,,0.9751,10.0,0.9686,30.0,397.0,
2021-01-05 09:33:19.191,,0.9751,10.0,0.9686,10.0,397.0,
2021-01-05 09:33:19.660,,0.9751,10.0,0.9686,30.0,397.0,
2021-01-05 09:33:20.171,,0.9751,10.0,0.9686,10.0,397.0,
2021-01-05 09:33:20.680,,0.9751,10.0,0.9686,30.0,397.0,
2021-01-05 09:33:21.160,,0.9751,10.0,0.9686,10.0,397.0,
2021-01-05 09:33:21.681,,0.9751,10.0,0.9686,30.0,397.0,
2021-01-05 09:33:22.150,,0.9751,10.0,0.9686,10.0,397.0,
2021-01-05 09:33:22.670,,0.9751,10.0,0.9686,30.0,397.0,
2021-01-05 09:33:23.151,,0.9751,10.0,0.9686,10.0,397.0,
2021-01-05 09:33:23.660,,0.9751,10.0,0.9686,30.0,397.0,
2021-01-05 09:33:24.171,,0.9751,10.0,0.9686,10.0,397.0,
2021-01-05 09:33:24.661,,0.9751,10.0,0.9686,30.0,397.0,
2021-01-05 09:33:25.151,,0.9751,10.0,0.9686,10.0,397.0,
2021-01-05 09:33:25.671,,0.9751,10.0,0.9686,30.0,397.0,
2021-01-05 09:33:26.161,,0.9751,10.0,0.9686,10.0,397.0,
2021-01-05 09:33:26.651,,0.9751,10.0,0.9686,30.0,397.0,
2021-01-05 09:33:27.171,,0.9751,10.0,0.9686,10.0,397.0,
2021-01-05 09:33:27.681,,0.9751,30.0,0.9686,30.0,397.0,
2021-01-05 09:33:28.180,,0.9751,30.0,0.9686,10.0,397.0,
2021-01-05 09:33:28.670,,0.9751,30.0,0.9686,30.0,397.0,
2021-01-05 09:33:29.171,,0.9751,30.0,0.9686,30.0,397.0,
2021-01-05 09:33:30.180,,0.9751,30.0,0.9686,30.0,397.0,
2021-01-05 09:33:31.680,,0.9751,30.0,0.9686,30.0,397.0,
2021-01-05 09:33:32.170,,0.9751,30.0,0.9686,30.0,397.0,
2021-01-05 09:33:36.681,,0.9751,30.0,0.9686,30.0,397.0,
2021-01-05 09:33:37.190,,0.9751,30.0,0.9686,30.0,397.0,
2021-01-05 09:33:37.640,,0.9751,30.0,0.9686,30.0,397.0,
2021-01-05 09:33:38.621,0.9686,0.9751,30.0,0.9686,29.0,397.0,1.0
2021-01-05 09:33:39.201,0.9686,0.9751,30.0,0.9686,29.0,397.0,1.0
2021-01-05 09:33:39.641,0.9686,0.9751,30.0,0.9686,29.0,397.0,1.0
2021-01-05 09:33:40.160,0.9686,0.9751,30.0,0.9686,29.0,397.0,1.0
2021-01-05 09:33:41.161,0.9686,0.9751,30.0,0.9686,29.0,397.0,1.0
2021-01-05 09:33:42.160,0.9686,0.9751,20.0,0.9686,20.0,397.0,1.0
2021-01-05 09:33:42.640,0.9686,0.9751,20.0,0.9686,20.0,397.0,1.0
2021-01-05 09:33:43.180,0.9686,0.9751,20.0,0.9664,10.0,397.0,1.0
2021-01-05 09:33:44.110,0.9686,0.9751,20.0,0.9664,10.0,397.0,1.0
2021-01-05 09:33:44.671,0.9686,0.9751,20.0,0.9664,10.0,397.0,1.0
2021-01-05 09:33:45.180,0.9686,0.9751,20.0,0.9664,10.0,397.0,1.0
2021-01-05 09:33:45.660,0.9686,0.9751,20.0,0.9664,10.0,397.0,1.0
2021-01-05 09:33:46.161,0.9686,0.9751,20.0,0.9664,10.0,397.0,1.0
2021-01-05 09:33:46.680,0.9686,0.9751,20.0,0.9664,10.0,397.0,1.0
2021-01-05 09:33:47.191,0.9686,0.9751,20.0,0.9664,10.0,397.0,1.0
2021-01-05 09:33:48.171,0.9686,0.9751,20.0,0.9664,10.0,397.0,1.0
2021-01-05 09:33:50.180,0.9686,0.9728,10.0,0.9663,10.0,397.0,1.0
2021-01-05 09:33:50.670,0.9686,0.9728,10.0,0.9663,10.0,397.0,1.0
2021-01-05 09:33:51.141,0.9686,0.9728,10.0,0.9663,10.0,397.0,1.0
2021-01-05 09:33:51.581,0.9686,0.9728,10.0,0.9663,10.0,397.0,1.0
2021-01-05 09:33:52.190,0.9686,0.9728,30.0,0.9663,10.0,397.0,1.0
2021-01-05 09:33:52.661,0.9686,0.9728,10.0,0.9663,10.0,397.0,1.0
2021-01-05 09:33:53.171,0.9686,0.9728,30.0,0.9663,10.0,397.0,1.0
2021-01-05 09:33:53.650,0.9686,0.9728,30.0,0.9663,10.0,397.0,1.0
2021-01-05 09:33:54.180,0.9686,0.9728,30.0,0.9663,10.0,397.0,1.0
2021-01-05 09:33:54.610,0.9686,0.9728,30.0,0.9663,10.0,397.0,1.0
2021-01-05 09:33:55.181,0.9686,0.9728,30.0,0.9663,10.0,397.0,1.0
2021-01-05 09:33:55.650,0.9686,0.9728,30.0,0.9663,10.0,397.0,1.0
2021-01-05 09:33:57.171,0.9686,0.9728,30.0,0.9663,10.0,397.0,1.0
2021-01-05 09:33:57.671,0.9686,0.9728,30.0,0.9663,10.0,397.0,1.0
2021-01-05 09:33:58.170,0.9686,0.9728,20.0,0.9659,20.0,397.0,1.0
2021-01-05 09:33:58.670,0.9686,0.9728,20.0,0.9641,30.0,397.0,1.0
2021-01-05 09:33:59.140,0.9686,0.9728,20.0,0.9641,30.0,397.0,1.0
2021-01-05 09:33:59.590,0.9686,0.9728,20.0,0.9641,30.0,397.0,1.0
2021-01-05 09:34:00.191,0.9686,0.9728,20.0,0.9641,30.0,397.0,1.0
2021-01-05 09:34:00.671,0.9686,0.9728,20.0,0.9641,30.0,397.0,1.0
2021-01-05 09:34:01.081,0.9686,0.9728,20.0,0.9641,30.0,397.0,1.0
2021-01-05 09:34:01.661,0.9686,0.9728,20.0,0.9641,30.0,397.0,1.0
2021-01-05 09:34:02.170,0.9686,0.9728,20.0,0.9641,30.0,397.0,1.0
2021-01-05 09:34:02.671,0.9686,0.9728,20.0,0.9641,30.0,397.0,1.0
2021-01-05 09:34:03.171,0.9686,0.9728,20.0,0.9641,30.0,397.0,1.0
2021-01-05 09:34:03.670,0.9686,0.9728,20.0,0.9642,1.0,397.0,1.0
2021-01-05 09:34:05.121,0.9686,0.9728,20.0,0.9642,1.0,397.0,1.0
2021-01-05 09:34:06.681,0.9686,0.9708,10.0,0.9643,10.0,397.0,1.0
2021-01-05 09:34:07.130,0.9686,0.9708,30.0,0.9643,10.0,397.0,1.0
2021-01-05 09:34:08.171,0.9686,0.9708,30.0,0.9643,10.0,397.0,1.0
2021-01-05 09:34:09.170,0.9686,0.9708,30.0,0.9643,10.0,397.0,1.0
2021-01-05 09:34:09.670,0.9686,0.9708,30.0,0.9643,10.0,397.0,1.0
2021-01-05 09:34:10.140,0.9686,0.9708,30.0,0.9643,10.0,397.0,1.0
2021-01-05 09:34:10.690,0.9686,0.9708,30.0,0.9643,10.0,397.0,1.0
2021-01-05 09:34:11.681,0.9686,0.9708,30.0,0.9643,10.0,397.0,1.0
2021-01-05 09:34:12.121,0.9686,0.9708,30.0,0.9643,10.0,397.0,1.0
2021-01-05 09:34:12.640,0.9686,0.9708,30.0,0.9643,10.0,397.0,1.0
2021-01-05 09:34:13.191,0.9686,0.9708,30.0,0.9643,10.0,397.0,1.0
2021-01-05 09:34:13.681,0.9686,0.9708,30.0,0.9644,2.0,397.0,1.0
2021-01-05 09:34:14.181,0.9686,0.9708,30.0,0.9644,2.0,397.0,1.0
2021-01-05 09:34:14.691,0.9686,0.9708,10.0,0.9644,2.0,397.0,1.0
2021-01-05 09:34:15.181,0.9686,0.9728,20.0,0.9669,10.0,397.0,1.0
2021-01-05 09:34:15.681,0.9686,0.9713,20.0,0.9669,10.0,397.0,1.0
2021-01-05 09:34:16.190,0.9686,0.9728,20.0,0.9669,30.0,397.0,1.0
2021-01-05 09:34:16.330,0.9686,0.9728,20.0,0.9669,30.0,397.0,1.0
2021-01-05 09:34:17.070,0.9686,0.9728,20.0,0.967,1.0,397.0,1.0
2021-01-05 09:34:17.690,0.9686,0.9728,20.0,0.967,1.0,397.0,1.0
2021-01-05 09:34:18.201,0.9686,0.9713,10.0,0.967,1.0,397.0,1.0
2021-01-05 09:34:18.620,0.9686,0.9713,10.0,0.967,1.0,397.0,1.0
2021-01-05 09:34:19.041,0.9686,0.9713,30.0,0.966,20.0,397.0,1.0
2021-01-05 09:34:19.700,0.9686,0.9713,30.0,0.9671,1.0,397.0,1.0
2021-01-05 09:34:20.180,0.9686,0.9713,30.0,0.9672,1.0,397.0,1.0
2021-01-05 09:34:20.651,0.9686,0.9713,30.0,0.9672,1.0,397.0,1.0
2021-01-05 09:34:21.200,0.9686,0.9713,30.0,0.9664,20.0,397.0,1.0
2021-01-05 09:34:21.690,0.9686,0.9713,30.0,0.9665,1.0,397.0,1.0
2021-01-05 09:34:22.191,0.9686,0.9713,30.0,0.9655,20.0,397.0,1.0
2021-01-05 09:34:23.181,0.9686,0.9713,30.0,0.9648,10.0,397.0,1.0
2021-01-05 09:34:23.640,0.9686,0.9713,30.0,0.9656,1.0,397.0,1.0
2021-01-05 09:34:24.170,0.9686,0.9713,30.0,0.9648,10.0,397.0,1.0
2021-01-05 09:34:24.380,0.9686,0.9713,30.0,0.9656,20.0,397.0,1.0
2021-01-05 09:34:25.150,0.9686,0.9713,30.0,0.9649,1.0,397.0,1.0
2021-01-05 09:34:25.671,0.9686,0.9713,30.0,0.9649,1.0,397.0,1.0
2021-01-05 09:34:26.641,0.9686,0.9713,30.0,0.9649,1.0,397.0,1.0
2021-01-05 09:34:27.150,0.9686,0.9713,30.0,0.9649,1.0,397.0,1.0
2021-01-05 09:34:28.621,0.9686,0.9713,30.0,0.9649,1.0,397.0,1.0
2021-01-05 09:34:30.170,0.9686,0.9713,30.0,0.9649,1.0,397.0,1.0
2021-01-05 09:34:30.681,0.9686,0.9713,30.0,0.9649,1.0,397.0,1.0
2021-01-05 09:34:31.190,0.9686,0.9713,30.0,0.9649,1.0,397.0,1.0
2021-01-05 09:34:31.691,0.9686,0.9713,30.0,0.9649,1.0,397.0,1.0
2021-01-05 09:34:33.090,0.9686,0.9713,30.0,0.9649,1.0,397.0,1.0
2021-01-05 09:34:33.691,0.9686,0.9712,14.0,0.9649,1.0,397.0,1.0
2021-01-05 09:34:34.630,0.9686,0.9712,14.0,0.9649,1.0,397.0,1.0
2021-01-05 09:34:35.130,0.9686,0.9712,14.0,0.9649,1.0,397.0,1.0
2021-01-05 09:34:35.570,0.9686,0.9693,10.0,0.9649,1.0,397.0,1.0
2021-01-05 09:34:36.171,0.9686,0.9693,10.0,0.9644,20.0,397.0,1.0
2021-01-05 09:34:36.680,0.9686,0.9693,30.0,0.9645,1.0,397.0,1.0
2021-01-05 09:34:37.700,0.9686,0.9693,30.0,0.9645,1.0,397.0,1.0
2021-01-05 09:34:37.940,0.9686,0.9693,30.0,0.9645,1.0,397.0,1.0
2021-01-05 09:34:38.690,0.9686,0.9693,30.0,0.9645,1.0,397.0,1.0
2021-01-05 09:34:39.091,0.9686,0.9693,20.0,0.9645,1.0,397.0,1.0
2021-01-05 09:34:39.470,0.9686,0.9693,20.0,0.9645,1.0,397.0,1.0
2021-01-05 09:34:40.171,0.9686,0.9704,30.0,0.9636,20.0,397.0,1.0
2021-01-05 09:34:40.601,0.9686,0.9704,30.0,0.9646,1.0,397.0,1.0
2021-01-05 09:34:41.201,0.9686,0.9704,30.0,0.9637,20.0,397.0,1.0
2021-01-05 09:34:41.700,0.9686,0.9704,30.0,0.9647,1.0,397.0,1.0
2021-01-05 09:34:42.171,0.9686,0.9704,30.0,0.9607,30.0,397.0,1.0
2021-01-05 09:34:42.680,0.9686,0.9704,30.0,0.9648,1.0,397.0,1.0
2021-01-05 09:34:43.191,0.9686,0.9704,30.0,0.9632,20.0,397.0,1.0
2021-01-05 09:34:43.671,0.9686,0.9704,30.0,0.9649,1.0,397.0,1.0
2021-01-05 09:34:44.151,0.9686,0.9704,30.0,0.9632,20.0,397.0,1.0
2021-01-05 09:34:44.701,0.9686,0.9704,30.0,0.965,1.0,397.0,1.0
2021-01-05 09:34:45.200,0.9686,0.9704,30.0,0.9633,20.0,397.0,1.0
2021-01-05 09:34:45.721,0.9686,0.9704,30.0,0.9651,1.0,397.0,1.0
2021-01-05 09:34:46.201,0.9686,0.9704,30.0,0.9633,20.0,397.0,1.0
2021-01-05 09:34:46.660,0.9686,0.9704,30.0,0.9652,1.0,397.0,1.0
2021-01-05 09:34:47.181,0.9686,0.9704,30.0,0.9633,20.0,397.0,1.0
2021-01-05 09:34:47.701,0.9686,0.9692,14.0,0.9652,1.0,397.0,1.0
2021-01-05 09:34:48.141,0.9686,0.9692,34.0,0.9633,20.0,397.0,1.0
2021-01-05 09:34:48.681,0.9686,0.9692,34.0,0.9652,1.0,397.0,1.0
2021-01-05 09:34:49.171,0.9686,0.9692,34.0,0.9651,2.0,397.0,1.0
2021-01-05 09:34:49.701,0.9686,0.9692,34.0,0.9651,2.0,397.0,1.0
2021-01-05 09:34:50.220,0.9686,0.9692,34.0,0.9651,2.0,397.0,1.0
2021-01-05 09:34:51.200,0.9686,0.9692,34.0,0.9651,2.0,397.0,1.0
2021-01-05 09:34:52.220,0.9686,0.9692,34.0,0.9651,2.0,397.0,1.0
2021-01-05 09:34:52.650,0.9686,0.9692,34.0,0.9651,2.0,397.0,1.0
2021-01-05 09:34:53.180,0.9686,0.9692,34.0,0.9651,2.0,397.0,1.0
2021-01-05 09:34:53.651,0.9686,0.9673,10.0,0.9651,2.0,397.0,1.0
2021-01-05 09:34:54.170,0.9686,0.9673,30.0,0.9651,2.0,397.0,1.0
2021-01-05 09:34:54.631,0.9651,0.9673,10.0,0.9608,10.0,398.0,3.0
2021-01-05 09:34:55.040,0.9651,0.9673,10.0,0.965,1.0,398.0,3.0
2021-01-05 09:34:55.520,0.9651,0.9673,10.0,0.9609,1.0,398.0,3.0
2021-01-05 09:34:56.141,0.9651,0.9671,14.0,0.961,1.0,398.0,3.0
2021-01-05 09:34:56.681,0.9651,0.9651,10.0,0.961,1.0,398.0,3.0
2021-01-05 09:34:57.171,0.9651,0.9651,10.0,0.961,1.0,398.0,3.0
2021-01-05 09:34:57.651,0.9651,0.9651,30.0,0.961,1.0,398.0,3.0
2021-01-05 09:34:58.640,0.9651,0.9651,30.0,0.961,1.0,398.0,3.0
2021-01-05 09:34:59.170,0.9651,0.9651,30.0,0.961,1.0,398.0,3.0
2021-01-05 09:34:59.660,0.9651,0.9651,30.0,0.961,1.0,398.0,3.0
2021-01-05 09:35:00.640,0.9651,0.9651,30.0,0.961,1.0,398.0,3.0
2021-01-05 09:35:01.070,0.9651,0.9651,30.0,0.961,1.0,398.0,3.0
2021-01-05 09:35:01.610,0.9651,0.9651,30.0,0.961,1.0,398.0,3.0
2021-01-05 09:35:02.680,0.9651,0.9651,30.0,0.961,1.0,398.0,3.0
2021-01-05 09:35:03.660,0.9651,0.9653,14.0,0.961,21.0,398.0,3.0
2021-01-05 09:35:04.181,0.9651,0.9653,14.0,0.961,21.0,398.0,3.0
2021-01-05 09:35:05.180,0.9651,0.9653,14.0,0.961,21.0,398.0,3.0
2021-01-05 09:35:05.671,0.9651,0.9653,34.0,0.961,21.0,398.0,3.0
2021-01-05 09:35:06.180,0.9651,0.9653,34.0,0.961,21.0,398.0,3.0
2021-01-05 09:35:06.680,0.9651,0.9653,34.0,0.961,21.0,398.0,3.0
2021-01-05 09:35:07.131,0.9651,0.9653,34.0,0.961,21.0,398.0,3.0
2021-01-05 09:35:07.650,0.9651,0.9653,34.0,0.961,1.0,398.0,3.0
2021-01-05 09:35:08.190,0.9651,0.9653,34.0,0.961,1.0,398.0,3.0
2021-01-05 09:35:08.680,0.9651,0.9653,34.0,0.961,1.0,398.0,3.0
2021-01-05 09:35:09.191,0.9651,0.9636,14.0,0.961,1.0,398.0,3.0
2021-01-05 09:35:10.180,0.9651,0.9636,34.0,0.961,1.0,398.0,3.0
2021-01-05 09:35:10.691,0.9651,0.9636,34.0,0.961,1.0,398.0,3.0
2021-01-05 09:35:11.160,0.9651,0.9636,34.0,0.961,1.0,398.0,3.0
2021-01-05 09:35:11.680,0.9651,0.9636,34.0,0.961,1.0,398.0,3.0
2021-01-05 09:35:12.101,0.9651,0.9636,34.0,0.9589,20.0,398.0,3.0
2021-01-05 09:35:12.691,0.9651,0.9636,34.0,0.959,1.0,398.0,3.0
2021-01-05 09:35:13.160,0.9651,0.9636,34.0,0.959,20.0,398.0,3.0
2021-01-05 09:35:13.640,0.9651,0.9636,14.0,0.9591,1.0,398.0,3.0
2021-01-05 09:35:14.191,0.9651,0.9647,20.0,0.9591,20.0,398.0,3.0
2021-01-05 09:35:14.691,0.9651,0.9653,14.0,0.9592,1.0,398.0,3.0
2021-01-05 09:35:15.171,0.9651,0.9653,14.0,0.9588,1.0,398.0,3.0
2021-01-05 09:35:15.451,0.9651,0.9653,14.0,0.9588,2.0,398.0,3.0
2021-01-05 09:35:16.201,0.9651,0.9653,14.0,0.9588,2.0,398.0,3.0
2021-01-05 09:35:16.681,0.9651,0.9653,14.0,0.9588,2.0,398.0,3.0
2021-01-05 09:35:17.680,0.9651,0.9653,14.0,0.9588,3.0,398.0,3.0
2021-01-05 09:35:18.681,0.9651,0.9653,14.0,0.9588,3.0,398.0,3.0
2021-01-05 09:35:20.690,0.9651,0.9653,14.0,0.9588,3.0,398.0,3.0
2021-01-05 09:35:21.180,0.9651,0.9653,14.0,0.9588,3.0,398.0,3.0
2021-01-05 09:35:21.620,0.9651,0.9653,14.0,0.9588,3.0,398.0,3.0
2021-01-05 09:35:22.171,0.9651,0.9653,14.0,0.9588,3.0,398.0,3.0
2021-01-05 09:35:22.650,0.9651,0.9653,14.0,0.9588,3.0,398.0,3.0
2021-01-05 09:35:23.680,0.9651,0.9653,14.0,0.9591,10.0,398.0,3.0
2021-01-05 09:35:24.171,0.9651,0.9653,14.0,0.9591,10.0,398.0,3.0
2021-01-05 09:35:24.671,0.9651,0.9653,14.0,0.9591,10.0,398.0,3.0
2021-01-05 09:35:25.170,0.9651,0.9653,14.0,0.9591,10.0,398.0,3.0
2021-01-05 09:35:25.660,0.9651,0.9653,14.0,0.9591,10.0,398.0,3.0
2021-01-05 09:35:26.651,0.9651,0.9653,14.0,0.9591,10.0,398.0,3.0
2021-01-05 09:35:27.101,0.9651,0.9653,14.0,0.9591,10.0,398.0,3.0
2021-01-05 09:35:28.171,0.9651,0.9653,14.0,0.9591,10.0,398.0,3.0
2021-01-05 09:35:28.680,0.9651,0.9653,14.0,0.9591,10.0,398.0,3.0
2021-01-05 09:35:29.641,0.9651,0.9653,14.0,0.9591,10.0,398.0,3.0
2021-01-05 09:35:30.121,0.9651,0.9653,14.0,0.9591,10.0,398.0,3.0
2021-01-05 09:35:30.690,0.9651,0.9653,14.0,0.9591,10.0,398.0,3.0
2021-01-05 09:35:31.170,0.9651,0.9653,14.0,0.9591,10.0,398.0,3.0
2021-01-05 09:35:31.700,0.9651,0.9653,14.0,0.9591,10.0,398.0,3.0
2021-01-05 09:35:32.161,0.9651,0.9653,14.0,0.9591,10.0,398.0,3.0
2021-01-05 09:35:32.691,0.9651,0.9653,14.0,0.9591,10.0,398.0,3.0
2021-01-05 09:35:33.191,0.9651,0.9653,14.0,0.9591,10.0,398.0,3.0
2021-01-05 09:35:33.650,0.9651,0.9639,14.0,0.9591,10.0,398.0,3.0
2021-01-05 09:35:34.190,0.9651,0.9639,34.0,0.9591,10.0,398.0,3.0
2021-01-05 09:35:34.611,0.9651,0.9639,34.0,0.9591,10.0,398.0,3.0
2021-01-05 09:35:36.620,0.9651,0.9639,34.0,0.9591,10.0,398.0,3.0
2021-01-05 09:35:37.640,0.9651,0.9639,34.0,0.9591,10.0,398.0,3.0
2021-01-05 09:35:38.670,0.9651,0.9639,34.0,0.9591,10.0,398.0,3.0
2021-01-05 09:35:40.191,0.9651,0.9639,34.0,0.9591,10.0,398.0,3.0
2021-01-05 09:35:41.190,0.9651,0.9639,34.0,0.9591,10.0,398.0,3.0
2021-01-05 09:35:42.160,0.9651,0.9639,34.0,0.9591,10.0,398.0,3.0
2021-01-05 09:35:42.670,0.9651,0.9639,34.0,0.9591,10.0,398.0,3.0
2021-01-05 09:35:43.190,0.9651,0.9639,34.0,0.9591,10.0,398.0,3.0
2021-01-05 09:35:43.261,0.9651,0.9639,34.0,0.9591,10.0,398.0,3.0
2021-01-05 09:35:44.101,0.9651,0.9639,34.0,0.9591,10.0,398.0,3.0
2021-01-05 09:35:45.670,0.9651,0.9639,34.0,0.9591,10.0,398.0,3.0
2021-01-05 09:35:46.170,0.9651,0.9623,14.0,0.9588,3.0,398.0,3.0
2021-01-05 09:35:46.700,0.9651,0.9623,34.0,0.9588,2.0,398.0,3.0
2021-01-05 09:35:47.201,0.9651,0.9623,34.0,0.9588,1.0,398.0,3.0
2021-01-05 09:35:48.181,0.9651,0.9623,34.0,0.9589,1.0,398.0,3.0
2021-01-05 09:35:48.700,0.9651,0.9623,34.0,0.9589,1.0,398.0,3.0
2021-01-05 09:35:49.190,0.9651,0.9623,34.0,0.9588,1.0,398.0,3.0
2021-01-05 09:35:49.701,0.9651,0.9623,34.0,0.9579,20.0,398.0,3.0
2021-01-05 09:35:50.121,0.9651,0.9623,34.0,0.958,2.0,398.0,3.0
2021-01-05 09:35:50.680,0.9651,0.9623,34.0,0.958,2.0,398.0,3.0
2021-01-05 09:35:51.710,0.9651,0.9623,34.0,0.958,2.0,398.0,3.0
2021-01-05 09:35:54.161,0.9651,0.9623,34.0,0.958,2.0,398.0,3.0
2021-01-05 09:35:54.640,0.9651,0.9623,34.0,0.9581,1.0,398.0,3.0
2021-01-05 09:35:55.181,0.9651,0.9623,34.0,0.9581,1.0,398.0,3.0
2021-01-05 09:35:55.691,0.9651,0.9635,10.0,0.9581,21.0,398.0,3.0
2021-01-05 09:35:56.121,0.9651,0.9635,10.0,0.9581,21.0,398.0,3.0
2021-01-05 09:35:56.661,0.9651,0.9635,10.0,0.9581,21.0,398.0,3.0
2021-01-05 09:35:57.681,0.9651,0.9635,10.0,0.9581,21.0,398.0,3.0
2021-01-05 09:35:58.150,0.9651,0.9635,10.0,0.9581,21.0,398.0,3.0
2021-01-05 09:35:59.160,0.9651,0.9635,10.0,0.9581,21.0,398.0,3.0
2021-01-05 09:36:00.201,0.9651,0.9635,10.0,0.9581,20.0,398.0,3.0
2021-01-05 09:36:00.680,0.9651,0.9624,14.0,0.958,22.0,398.0,3.0
2021-01-05 09:36:01.671,0.9651,0.9624,34.0,0.958,22.0,398.0,3.0
2021-01-05 09:36:02.170,0.9651,0.9624,34.0,0.958,22.0,398.0,3.0
2021-01-05 09:36:02.701,0.9651,0.9624,14.0,0.9581,1.0,398.0,3.0
2021-01-05 09:36:03.200,0.9651,0.9624,14.0,0.9581,1.0,398.0,3.0
2021-01-05 09:36:04.120,0.9651,0.9635,20.0,0.9581,1.0,398.0,3.0
2021-01-05 09:36:05.150,0.9651,0.9635,20.0,0.9581,1.0,398.0,3.0
2021-01-05 09:36:05.690,0.9651,0.9635,20.0,0.9581,1.0,398.0,3.0
2021-01-05 09:36:09.161,0.9651,0.9635,20.0,0.9588,10.0,398.0,3.0
2021-01-05 09:36:09.691,0.9651,0.9635,20.0,0.9588,10.0,398.0,3.0
2021-01-05 09:36:10.101,0.9651,0.9635,20.0,0.9588,30.0,398.0,3.0
2021-01-05 09:36:10.671,0.9651,0.9639,14.0,0.9588,30.0,398.0,3.0
2021-01-05 09:36:11.180,0.9651,0.9639,14.0,0.9589,1.0,398.0,3.0
2021-01-05 09:36:11.651,0.9651,0.9639,14.0,0.9589,1.0,398.0,3.0
2021-01-05 09:36:12.181,0.9651,0.9639,14.0,0.959,1.0,398.0,3.0
2021-01-05 09:36:12.690,0.9651,0.9639,14.0,0.959,1.0,398.0,3.0
2021-01-05 09:36:14.150,0.9651,0.9639,14.0,0.959,1.0,398.0,3.0
2021-01-05 09:36:14.611,0.9651,0.9639,14.0,0.959,1.0,398.0,3.0
2021-01-05 09:36:15.170,0.9651,0.9639,14.0,0.959,1.0,398.0,3.0
2021-01-05 09:36:18.680,0.9651,0.9639,14.0,0.959,1.0,398.0,3.0
2021-01-05 09:36:19.151,0.9651,0.9639,14.0,0.959,1.0,398.0,3.0
2021-01-05 09:36:21.120,0.9651,0.9639,14.0,0.959,1.0,398.0,3.0
2021-01-05 09:36:21.691,0.9651,0.9639,14.0,0.959,1.0,398.0,3.0
2021-01-05 09:36:23.681,0.9651,0.9639,14.0,0.959,1.0,398.0,3.0
2021-01-05 09:36:24.171,0.9651,0.9639,14.0,0.959,1.0,398.0,3.0
2021-01-05 09:36:25.191,0.9651,0.9639,14.0,0.959,1.0,398.0,3.0
2021-01-05 09:36:25.690,0.9651,0.9639,14.0,0.959,1.0,398.0,3.0
2021-01-05 09:36:26.171,0.9651,0.9639,14.0,0.9589,2.0,398.0,3.0
2021-01-05 09:36:26.651,0.9651,0.9639,14.0,0.9589,2.0,398.0,3.0
2021-01-05 09:36:27.690,0.9651,0.9639,14.0,0.9589,2.0,398.0,3.0
2021-01-05 09:36:28.190,0.9651,0.9639,14.0,0.9589,2.0,398.0,3.0
2021-01-05 09:36:29.171,0.9651,0.9625,14.0,0.9589,2.0,398.0,3.0
2021-01-05 09:36:29.661,0.9651,0.9625,14.0,0.9589,22.0,398.0,3.0
2021-01-05 09:36:30.161,0.9651,0.9625,34.0,0.9589,1.0,398.0,3.0
2021-01-05 09:36:30.700,0.9651,0.9625,14.0,0.959,1.0,398.0,3.0
2021-01-05 09:36:31.181,0.9651,0.9625,14.0,0.959,2.0,398.0,3.0
2021-01-05 09:36:31.690,0.9651,0.9625,14.0,0.959,22.0,398.0,3.0
2021-01-05 09:36:32.130,0.9651,0.9625,14.0,0.959,2.0,398.0,3.0
2021-01-05 09:36:32.660,0.9651,0.9625,14.0,0.959,22.0,398.0,3.0
2021-01-05 09:36:33.200,0.9651,0.9625,14.0,0.959,2.0,398.0,3.0
2021-01-05 09:36:33.670,0.9651,0.9625,14.0,0.959,22.0,398.0,3.0
2021-01-05 09:36:34.091,0.9651,0.9625,14.0,0.959,2.0,398.0,3.0
2021-01-05 09:36:35.150,0.9651,0.9625,14.0,0.959,22.0,398.0,3.0
2021-01-05 09:36:35.701,0.9651,0.9625,14.0,0.959,22.0,398.0,3.0
2021-01-05 09:36:36.191,0.9651,0.9625,14.0,0.959,22.0,398.0,3.0
2021-01-05 09:36:36.700,0.9651,0.9625,14.0,0.959,22.0,398.0,3.0
2021-01-05 09:36:37.190,0.9651,0.9625,14.0,0.959,22.0,398.0,3.0
2021-01-05 09:36:38.120,0.9651,0.9625,14.0,0.959,22.0,398.0,3.0
2021-01-05 09:36:40.191,0.9651,0.9625,14.0,0.959,22.0,398.0,3.0
2021-01-05 09:36:40.700,0.9651,0.9625,14.0,0.959,22.0,398.0,3.0
2021-01-05 09:36:41.201,0.9651,0.9625,14.0,0.959,22.0,398.0,3.0
2021-01-05 09:36:41.641,0.9651,0.9625,14.0,0.959,22.0,398.0,3.0
2021-01-05 09:36:42.200,0.9651,0.9625,14.0,0.959,22.0,398.0,3.0
2021-01-05 09:36:43.700,0.9651,0.9625,14.0,0.959,22.0,398.0,3.0
2021-01-05 09:36:44.200,0.9651,0.9625,14.0,0.959,22.0,398.0,3.0
2021-01-05 09:36:45.191,0.9651,0.9625,14.0,0.959,22.0,398.0,3.0
2021-01-05 09:36:45.631,0.9651,0.9625,14.0,0.959,22.0,398.0,3.0
2021-01-05 09:36:46.190,0.9651,0.9625,14.0,0.959,22.0,398.0,3.0
2021-01-05 09:36:46.651,0.9651,0.9625,14.0,0.959,22.0,398.0,3.0
2021-01-05 09:36:47.130,0.9651,0.9625,14.0,0.959,22.0,398.0,3.0
2021-01-05 09:36:47.660,0.9651,0.9625,14.0,0.959,21.0,398.0,3.0
2021-01-05 09:36:48.130,0.9651,0.9625,14.0,0.959,21.0,398.0,3.0
2021-01-05 09:36:48.630,0.9651,0.9625,14.0,0.959,21.0,398.0,3.0
2021-01-05 09:36:49.181,0.9651,0.9625,14.0,0.959,20.0,398.0,3.0
2021-01-05 09:36:49.700,0.9651,0.9625,14.0,0.9591,1.0,398.0,3.0
2021-01-05 09:36:50.190,0.9651,0.9625,14.0,0.9568,20.0,398.0,3.0
2021-01-05 09:36:50.670,0.9651,0.9625,14.0,0.9587,20.0,398.0,3.0
2021-01-05 09:36:53.191,0.9651,0.9625,14.0,0.9587,20.0,398.0,3.0
2021-01-05 09:36:53.680,0.9651,0.9625,14.0,0.9587,20.0,398.0,3.0
2021-01-05 09:36:54.180,0.9651,0.9625,14.0,0.9568,20.0,398.0,3.0
2021-01-05 09:36:54.631,0.9651,0.9625,14.0,0.9568,20.0,398.0,3.0
2021-01-05 09:36:55.141,0.9651,0.9625,14.0,0.9569,2.0,398.0,3.0
2021-01-05 09:36:56.141,0.9651,0.9625,14.0,0.9569,2.0,398.0,3.0
2021-01-05 09:36:56.691,0.9651,0.9625,14.0,0.9569,2.0,398.0,3.0
2021-01-05 09:36:57.630,0.9651,0.9625,14.0,0.9569,2.0,398.0,3.0
2021-01-05 09:36:59.181,0.9651,0.9625,14.0,0.9569,2.0,398.0,3.0
2021-01-05 09:36:59.690,0.9651,0.9625,14.0,0.9569,2.0,398.0,3.0
2021-01-05 09:37:01.640,0.9651,0.9625,14.0,0.9569,2.0,398.0,3.0
2021-01-05 09:37:02.191,0.9651,0.9625,14.0,0.9569,2.0,398.0,3.0
2021-01-05 09:37:02.640,0.9651,0.9625,14.0,0.9569,3.0,398.0,3.0
2021-01-05 09:37:03.151,0.9651,0.9625,14.0,0.9569,3.0,398.0,3.0
2021-01-05 09:37:03.630,0.9651,0.9625,14.0,0.9569,3.0,398.0,3.0
2021-01-05 09:37:04.200,0.9651,0.9625,14.0,0.9569,23.0,398.0,3.0
2021-01-05 09:37:05.701,0.9651,0.9625,14.0,0.9569,23.0,398.0,3.0
2021-01-05 09:37:06.700,0.9651,0.9625,14.0,0.9569,23.0,398.0,3.0
2021-01-05 09:37:07.180,0.9651,0.9625,14.0,0.9569,23.0,398.0,3.0
2021-01-05 09:37:07.681,0.9651,0.9625,14.0,0.9569,23.0,398.0,3.0
2021-01-05 09:37:08.200,0.9651,0.9625,14.0,0.9569,23.0,398.0,3.0
2021-01-05 09:37:08.630,0.9651,0.9625,14.0,0.9569,23.0,398.0,3.0
2021-01-05 09:37:09.170,0.9651,0.9625,14.0,0.9569,23.0,398.0,3.0
2021-01-05 09:37:10.140,0.9651,0.9625,14.0,0.9569,23.0,398.0,3.0
2021-01-05 09:37:10.701,0.9651,0.9625,14.0,0.9569,23.0,398.0,3.0
2021-01-05 09:37:12.131,0.9651,0.9645,20.0,0.9569,23.0,398.0,3.0
2021-01-05 09:37:12.131,0.9651,0.9629,14.0,0.9569,23.0,398.0,3.0
2021-01-05 09:37:13.181,0.9651,0.9629,14.0,0.9569,23.0,398.0,3.0
2021-01-05 09:37:13.681,0.9651,0.9629,14.0,0.9569,23.0,398.0,3.0
2021-01-05 09:37:14.171,0.9651,0.9629,14.0,0.9569,23.0,398.0,3.0
2021-01-05 09:37:15.200,0.9651,0.9629,14.0,0.9569,23.0,398.0,3.0
2021-01-05 09:37:15.700,0.9651,0.9629,14.0,0.9569,23.0,398.0,3.0
2021-01-05 09:37:16.501,0.9651,0.9629,14.0,0.9569,23.0,398.0,3.0
2021-01-05 09:37:17.200,0.9651,0.9629,14.0,0.9569,23.0,398.0,3.0
2021-01-05 09:37:17.671,0.9651,0.9629,14.0,0.9569,23.0,398.0,3.0
2021-01-05 09:37:18.710,0.9651,0.9629,14.0,0.9569,23.0,398.0,3.0
2021-01-05 09:37:19.131,0.9651,0.9629,14.0,0.9569,23.0,398.0,3.0
2021-01-05 09:37:19.711,0.9651,0.9629,14.0,0.9569,23.0,398.0,3.0
2021-01-05 09:37:21.200,0.9651,0.9629,14.0,0.9569,23.0,398.0,3.0
2021-01-05 09:37:21.701,0.9651,0.9629,14.0,0.9569,23.0,398.0,3.0
2021-01-05 09:37:22.030,0.9651,0.9629,14.0,0.9569,23.0,398.0,3.0
2021-01-05 09:37:23.150,0.9651,0.9629,14.0,0.9569,23.0,398.0,3.0
2021-01-05 09:37:24.080,0.9651,0.9629,14.0,0.9569,23.0,398.0,3.0
2021-01-05 09:37:24.631,0.9651,0.9629,14.0,0.9569,23.0,398.0,3.0
2021-01-05 09:37:25.200,0.9651,0.9629,14.0,0.9569,23.0,398.0,3.0
2021-01-05 09:37:25.670,0.9651,0.9629,14.0,0.9569,23.0,398.0,3.0
2021-01-05 09:37:26.650,0.9651,0.9629,14.0,0.9569,23.0,398.0,3.0
2021-01-05 09:37:27.130,0.9651,0.9629,14.0,0.9569,23.0,398.0,3.0
2021-01-05 09:37:29.130,0.9651,0.9629,14.0,0.9569,23.0,398.0,3.0
2021-01-05 09:37:30.191,0.9651,0.9629,14.0,0.9569,23.0,398.0,3.0
2021-01-05 09:37:30.650,0.9651,0.9629,14.0,0.9569,23.0,398.0,3.0
2021-01-05 09:37:31.190,0.9651,0.9629,14.0,0.9569,23.0,398.0,3.0
2021-01-05 09:37:32.651,0.9651,0.9629,14.0,0.9569,23.0,398.0,3.0
2021-01-05 09:37:33.180,0.9651,0.9629,14.0,0.9569,23.0,398.0,3.0
2021-01-05 09:37:33.701,0.9651,0.9629,14.0,0.9569,23.0,398.0,3.0
2021-01-05 09:37:34.200,0.9651,0.9629,14.0,0.9569,23.0,398.0,3.0
2021-01-05 09:37:34.500,0.9651,0.9629,14.0,0.9569,22.0,398.0,3.0
2021-01-05 09:37:35.170,0.9651,0.9629,14.0,0.957,1.0,398.0,3.0
2021-01-05 09:37:35.650,0.9651,0.9629,14.0,0.957,1.0,398.0,3.0
2021-01-05 09:37:36.200,0.9651,0.9629,14.0,0.957,1.0,398.0,3.0
2021-01-05 09:37:37.691,0.9651,0.9629,14.0,0.957,1.0,398.0,3.0
2021-01-05 09:37:38.651,0.9651,0.9629,14.0,0.957,1.0,398.0,3.0
2021-01-05 09:37:39.170,0.9651,0.9629,14.0,0.957,1.0,398.0,3.0
2021-01-05 09:37:40.701,0.9651,0.9629,14.0,0.957,1.0,398.0,3.0
2021-01-05 09:37:41.131,0.9651,0.9629,14.0,0.957,1.0,398.0,3.0
2021-01-05 09:37:42.130,0.9651,0.9629,14.0,0.9571,2.0,398.0,3.0
2021-01-05 09:37:43.181,0.9651,0.9645,20.0,0.9571,2.0,398.0,3.0
2021-01-05 09:37:43.671,0.9651,0.9638,14.0,0.9589,10.0,398.0,3.0
2021-01-05 09:37:44.190,0.9651,0.9638,14.0,0.9589,10.0,398.0,3.0
2021-01-05 09:37:44.651,0.9651,0.9638,14.0,0.959,2.0,398.0,3.0
2021-01-05 09:37:45.191,0.9651,0.9638,14.0,0.959,22.0,398.0,3.0
2021-01-05 09:37:45.650,0.9651,0.9638,14.0,0.959,22.0,398.0,3.0
2021-01-05 09:37:46.601,0.9651,0.9638,14.0,0.959,22.0,398.0,3.0
2021-01-05 09:37:47.210,0.9651,0.9638,14.0,0.959,22.0,398.0,3.0
2021-01-05 09:37:47.661,0.9651,0.9638,14.0,0.959,22.0,398.0,3.0
2021-01-05 09:37:48.201,0.9651,0.9638,14.0,0.959,22.0,398.0,3.0
2021-01-05 09:37:49.670,0.9651,0.9638,14.0,0.959,22.0,398.0,3.0
2021-01-05 09:37:50.220,0.9651,0.9638,14.0,0.959,22.0,398.0,3.0
2021-01-05 09:37:51.691,0.9651,0.9638,14.0,0.959,21.0,398.0,3.0
2021-01-05 09:37:52.191,0.9651,0.9638,14.0,0.959,21.0,398.0,3.0
2021-01-05 09:37:52.660,0.9651,0.9638,14.0,0.959,22.0,398.0,3.0
2021-01-05 09:37:56.121,0.9651,0.9638,14.0,0.959,22.0,398.0,3.0
2021-01-05 09:37:56.611,0.9651,0.9638,14.0,0.959,22.0,398.0,3.0
2021-01-05 09:37:57.170,0.9651,0.9638,14.0,0.959,22.0,398.0,3.0
2021-01-05 09:37:57.601,0.9651,0.9638,14.0,0.959,22.0,398.0,3.0
2021-01-05 09:37:58.141,0.9651,0.9638,14.0,0.959,22.0,398.0,3.0
2021-01-05 09:37:58.640,0.9651,0.9638,14.0,0.9591,1.0,398.0,3.0
2021-01-05 09:37:59.161,0.9651,0.9638,14.0,0.9591,1.0,398.0,3.0
2021-01-05 09:38:00.100,0.9651,0.9638,14.0,0.959,22.0,398.0,3.0
2021-01-05 09:38:00.680,0.9651,0.9638,14.0,0.959,22.0,398.0,3.0
2021-01-05 09:38:01.180,0.9651,0.9638,14.0,0.959,22.0,398.0,3.0
2021-01-05 09:38:04.090,0.9651,0.9638,14.0,0.959,22.0,398.0,3.0
2021-01-05 09:38:07.200,0.9651,0.9638,14.0,0.959,22.0,398.0,3.0
2021-01-05 09:38:07.690,0.9651,0.9626,14.0,0.959,2.0,398.0,3.0
2021-01-05 09:38:08.151,0.9651,0.9626,14.0,0.959,22.0,398.0,3.0
2021-01-05 09:38:09.160,0.9651,0.9626,14.0,0.959,22.0,398.0,3.0
2021-01-05 09:38:09.681,0.9651,0.9626,14.0,0.959,22.0,398.0,3.0
2021-01-05 09:38:10.180,0.9651,0.9626,14.0,0.959,21.0,398.0,3.0
2021-01-05 09:38:10.670,0.9651,0.9626,14.0,0.959,20.0,398.0,3.0
2021-01-05 09:38:11.141,0.9651,0.9626,14.0,0.959,20.0,398.0,3.0
2021-01-05 09:38:11.701,0.9651,0.9626,14.0,0.959,20.0,398.0,3.0
2021-01-05 09:38:12.191,0.9651,0.9626,14.0,0.9591,1.0,398.0,3.0
2021-01-05 09:38:12.691,0.9651,0.9626,14.0,0.9591,20.0,398.0,3.0
2021-01-05 09:38:13.110,0.9651,0.9626,14.0,0.9591,20.0,398.0,3.0
2021-01-05 09:38:13.690,0.9651,0.9626,14.0,0.9569,20.0,398.0,3.0
2021-01-05 09:38:14.141,0.9651,0.9626,14.0,0.9569,22.0,398.0,3.0
2021-01-05 09:38:14.650,0.9651,0.9626,14.0,0.957,1.0,398.0,3.0
2021-01-05 09:38:15.150,0.9651,0.9626,14.0,0.957,2.0,398.0,3.0
2021-01-05 09:38:15.730,0.9651,0.9614,14.0,0.957,2.0,398.0,3.0
2021-01-05 09:38:16.210,0.9651,0.9614,14.0,0.957,2.0,398.0,3.0
2021-01-05 09:38:16.731,0.9651,0.9614,14.0,0.957,2.0,398.0,3.0
2021-01-05 09:38:17.190,0.9651,0.9614,14.0,0.957,2.0,398.0,3.0
2021-01-05 09:38:18.660,0.9651,0.9614,14.0,0.957,2.0,398.0,3.0
2021-01-05 09:38:19.190,0.9651,0.9614,14.0,0.957,2.0,398.0,3.0
2021-01-05 09:38:19.670,0.9651,0.9614,14.0,0.957,2.0,398.0,3.0
2021-01-05 09:38:20.690,0.9651,0.9614,14.0,0.957,2.0,398.0,3.0
2021-01-05 09:38:21.670,0.9651,0.9614,14.0,0.957,1.0,398.0,3.0
2021-01-05 09:38:22.210,0.9651,0.9614,14.0,0.957,1.0,398.0,3.0
2021-01-05 09:38:22.661,0.9651,0.9614,34.0,0.957,1.0,398.0,3.0
2021-01-05 09:38:23.201,0.9651,0.9614,34.0,0.9569,20.0,398.0,3.0
2021-01-05 09:38:24.141,0.9651,0.9614,34.0,0.9569,20.0,398.0,3.0
2021-01-05 09:38:24.690,0.9651,0.96,14.0,0.9569,20.0,398.0,3.0
2021-01-05 09:38:25.101,0.9651,0.96,14.0,0.9569,20.0,398.0,3.0
2021-01-05 09:38:25.670,0.9651,0.96,14.0,0.9569,20.0,398.0,3.0
2021-01-05 09:38:26.100,0.9651,0.96,14.0,0.9569,20.0,398.0,3.0
2021-01-05 09:38:26.701,0.9651,0.96,14.0,0.9569,20.0,398.0,3.0
2021-01-05 09:38:27.691,0.9651,0.96,14.0,0.9569,20.0,398.0,3.0
2021-01-05 09:38:28.171,0.9651,0.96,14.0,0.9538,30.0,398.0,3.0
2021-01-05 09:38:28.680,0.9651,0.96,14.0,0.9538,32.0,398.0,3.0
2021-01-05 09:38:29.191,0.9651,0.96,14.0,0.9539,1.0,398.0,3.0
2021-01-05 09:38:29.641,0.9651,0.96,14.0,0.9539,1.0,398.0,3.0
2021-01-05 09:38:30.670,0.9651,0.96,14.0,0.9539,1.0,398.0,3.0
2021-01-05 09:38:31.181,0.9651,0.96,14.0,0.9539,2.0,398.0,3.0
2021-01-05 09:38:31.700,0.9651,0.96,14.0,0.9539,2.0,398.0,3.0
2021-01-05 09:38:32.171,0.9651,0.96,14.0,0.9539,2.0,398.0,3.0
2021-01-05 09:38:32.701,0.9651,0.96,14.0,0.9539,2.0,398.0,3.0
2021-01-05 09:38:33.191,0.9651,0.96,14.0,0.9539,2.0,398.0,3.0
2021-01-05 09:38:33.700,0.9651,0.959,14.0,0.9539,22.0,398.0,3.0
2021-01-05 09:38:34.201,0.9651,0.959,14.0,0.9539,21.0,398.0,3.0
2021-01-05 09:38:35.200,0.9651,0.959,34.0,0.9539,20.0,398.0,3.0
2021-01-05 09:38:35.700,0.9651,0.959,34.0,0.9539,20.0,398.0,3.0
2021-01-05 09:38:36.180,0.9651,0.959,34.0,0.9539,20.0,398.0,3.0
2021-01-05 09:38:37.160,0.9651,0.959,34.0,0.9539,20.0,398.0,3.0
2021-01-05 09:38:37.680,0.9651,0.959,34.0,0.9539,20.0,398.0,3.0
2021-01-05 09:38:38.161,0.9651,0.959,34.0,0.9524,34.0,398.0,3.0
2021-01-05 09:38:38.660,0.9651,0.959,34.0,0.9524,34.0,398.0,3.0
2021-01-05 09:38:39.161,0.9651,0.9574,14.0,0.9524,20.0,398.0,3.0
2021-01-05 09:38:40.201,0.9651,0.9574,14.0,0.9509,30.0,398.0,3.0
2021-01-05 09:38:40.591,0.9651,0.9574,14.0,0.9509,11.0,398.0,3.0
2021-01-05 09:38:41.140,0.9651,0.9574,14.0,0.951,1.0,398.0,3.0
2021-01-05 09:38:41.670,0.9651,0.9574,14.0,0.951,1.0,398.0,3.0
2021-01-05 09:38:42.191,0.9651,0.9574,14.0,0.9511,1.0,398.0,3.0
2021-01-05 09:38:42.700,0.9651,0.9574,14.0,0.9511,1.0,398.0,3.0
2021-01-05 09:38:43.701,0.9651,0.9574,14.0,0.951,1.0,398.0,3.0
2021-01-05 09:38:44.200,0.9651,0.9574,14.0,0.9512,1.0,398.0,3.0
2021-01-05 09:38:44.690,0.9651,0.9574,14.0,0.9512,1.0,398.0,3.0
2021-01-05 09:38:45.201,0.9651,0.9574,14.0,0.9512,1.0,398.0,3.0
2021-01-05 09:38:45.580,0.9651,0.9574,14.0,0.9512,1.0,398.0,3.0
2021-01-05 09:38:46.200,0.9651,0.9574,14.0,0.9512,1.0,398.0,3.0
2021-01-05 09:38:47.140,0.9651,0.9574,14.0,0.9512,1.0,398.0,3.0
2021-01-05 09:38:47.691,0.9651,0.9574,14.0,0.9512,1.0,398.0,3.0
2021-01-05 09:38:48.200,0.9651,0.9588,14.0,0.9522,14.0,398.0,3.0
2021-01-05 09:38:49.130,0.9651,0.9588,14.0,0.9523,1.0,398.0,3.0
2021-01-05 09:38:49.691,0.9651,0.9588,14.0,0.9524,1.0,398.0,3.0
2021-01-05 09:38:50.110,0.9651,0.9588,14.0,0.9523,2.0,398.0,3.0
2021-01-05 09:38:51.170,0.9651,0.9588,14.0,0.9523,2.0,398.0,3.0
2021-01-05 09:38:51.691,0.9651,0.9588,14.0,0.9523,2.0,398.0,3.0
2021-01-05 09:38:52.150,0.9651,0.9588,14.0,0.9523,2.0,398.0,3.0
2021-01-05 09:38:52.630,0.9651,0.9588,14.0,0.9523,2.0,398.0,3.0
2021-01-05 09:38:53.620,0.9651,0.9592,20.0,0.9523,1.0,398.0,3.0
2021-01-05 09:38:54.150,0.9651,0.9575,14.0,0.9522,20.0,398.0,3.0
2021-01-05 09:38:54.640,0.9651,0.9575,14.0,0.9511,34.0,398.0,3.0
2021-01-05 09:38:55.191,0.9651,0.9575,14.0,0.9511,34.0,398.0,3.0
2021-01-05 09:38:55.650,0.9651,0.9575,14.0,0.9512,1.0,398.0,3.0
2021-01-05 09:38:56.190,0.9651,0.9575,14.0,0.9512,1.0,398.0,3.0
2021-01-05 09:38:57.200,0.9651,0.9575,14.0,0.9512,1.0,398.0,3.0
2021-01-05 09:38:57.640,0.9651,0.9575,14.0,0.9512,2.0,398.0,3.0
2021-01-05 09:38:58.190,0.9651,0.9575,14.0,0.9512,2.0,398.0,3.0
2021-01-05 09:38:58.670,0.9651,0.9575,14.0,0.9512,2.0,398.0,3.0
2021-01-05 09:38:59.060,0.9651,0.9575,14.0,0.9512,2.0,398.0,3.0
2021-01-05 09:39:00.660,0.9651,0.9575,14.0,0.9513,1.0,398.0,3.0
2021-01-05 09:39:01.160,0.9651,0.9575,14.0,0.9513,1.0,398.0,3.0
2021-01-05 09:39:02.201,0.9651,0.9575,14.0,0.9513,1.0,398.0,3.0
2021-01-05 09:39:02.660,0.9651,0.9575,14.0,0.9513,1.0,398.0,3.0
2021-01-05 09:39:03.150,0.9651,0.9575,14.0,0.9512,2.0,398.0,3.0
2021-01-05 09:39:03.671,0.9651,0.9575,14.0,0.9514,1.0,398.0,3.0
2021-01-05 09:39:04.161,0.9651,0.9575,14.0,0.9514,11.0,398.0,3.0
2021-01-05 09:39:04.610,0.9651,0.9586,14.0,0.9523,14.0,398.0,3.0
2021-01-05 09:39:05.211,0.9651,0.9586,14.0,0.9523,34.0,398.0,3.0
2021-01-05 09:39:06.191,0.9651,0.9586,14.0,0.9524,1.0,398.0,3.0
2021-01-05 09:39:07.200,0.9651,0.9586,14.0,0.9539,10.0,398.0,3.0
2021-01-05 09:39:07.680,0.9651,0.9586,14.0,0.9539,30.0,398.0,3.0
2021-01-05 09:39:08.131,0.9651,0.9586,14.0,0.9539,30.0,398.0,3.0
2021-01-05 09:39:08.690,0.9651,0.9586,14.0,0.954,1.0,398.0,3.0
2021-01-05 09:39:09.161,0.9651,0.9586,14.0,0.9539,30.0,398.0,3.0
2021-01-05 09:39:09.601,0.9651,0.9586,14.0,0.9539,30.0,398.0,3.0
2021-01-05 09:39:10.721,0.9651,0.9586,14.0,0.9539,30.0,398.0,3.0
2021-01-05 09:39:11.201,0.9651,0.9574,14.0,0.9539,20.0,398.0,3.0
2021-01-05 09:39:11.701,0.9651,0.9574,14.0,0.9539,20.0,398.0,3.0
2021-01-05 09:39:12.150,0.9651,0.9574,14.0,0.9539,20.0,398.0,3.0
2021-01-05 09:39:13.170,0.9651,0.9574,14.0,0.9511,34.0,398.0,3.0
2021-01-05 09:39:13.720,0.9651,0.9574,14.0,0.9512,2.0,398.0,3.0
2021-01-05 09:39:14.160,0.9651,0.9574,14.0,0.9512,3.0,398.0,3.0
2021-01-05 09:39:15.220,0.9651,0.9574,14.0,0.9512,2.0,398.0,3.0
2021-01-05 09:39:15.720,0.9651,0.9574,14.0,0.9512,2.0,398.0,3.0
2021-01-05 09:39:16.711,0.9651,0.9574,14.0,0.9512,2.0,398.0,3.0
2021-01-05 09:39:17.650,0.9651,0.9574,14.0,0.9512,2.0,398.0,3.0
2021-01-05 09:39:18.221,0.9651,0.9574,14.0,0.9512,2.0,398.0,3.0
2021-01-05 09:39:18.671,0.9651,0.9574,14.0,0.9512,4.0,398.0,3.0
2021-01-05 09:39:19.710,0.9651,0.9574,14.0,0.9512,2.0,398.0,3.0
2021-01-05 09:39:20.221,0.9651,0.9574,14.0,0.9512,2.0,398.0,3.0
2021-01-05 09:39:21.231,0.9651,0.9574,14.0,0.9512,2.0,398.0,3.0
2021-01-05 09:39:22.651,0.9651,0.9574,14.0,0.9512,2.0,398.0,3.0
2021-01-05 09:39:23.200,0.9651,0.9574,14.0,0.9512,2.0,398.0,3.0
2021-01-05 09:39:23.710,0.9651,0.9574,14.0,0.9512,2.0,398.0,3.0
2021-01-05 09:39:24.151,0.9651,0.9574,14.0,0.9512,2.0,398.0,3.0
2021-01-05 09:39:25.700,0.9651,0.9574,14.0,0.9512,2.0,398.0,3.0
2021-01-05 09:39:26.130,0.9651,0.9574,14.0,0.9512,2.0,398.0,3.0
2021-01-05 09:39:27.711,0.9651,0.9574,14.0,0.9512,2.0,398.0,3.0
2021-01-05 09:39:29.231,0.9651,0.9574,14.0,0.9512,2.0,398.0,3.0
2021-01-05 09:39:29.721,0.9651,0.9574,14.0,0.9512,2.0,398.0,3.0
2021-01-05 09:39:30.220,0.9651,0.9574,14.0,0.9512,2.0,398.0,3.0
2021-01-05 09:39:30.721,0.9651,0.9574,14.0,0.9512,2.0,398.0,3.0
2021-01-05 09:39:31.121,0.9651,0.9574,14.0,0.9512,4.0,398.0,3.0
2021-01-05 09:39:31.701,0.9651,0.9574,14.0,0.9512,4.0,398.0,3.0
2021-01-05 09:39:32.141,0.9651,0.9574,14.0,0.9512,2.0,398.0,3.0
2021-01-05 09:39:32.700,0.9651,0.9574,14.0,0.9512,2.0,398.0,3.0
2021-01-05 09:39:34.210,0.9651,0.9574,14.0,0.9512,2.0,398.0,3.0
2021-01-05 09:39:35.701,0.9651,0.9574,14.0,0.9512,2.0,398.0,3.0
2021-01-05 09:39:36.231,0.9651,0.9574,14.0,0.9512,2.0,398.0,3.0
2021-01-05 09:39:36.660,0.9651,0.9574,14.0,0.9512,2.0,398.0,3.0
2021-01-05 09:39:37.221,0.9651,0.9574,14.0,0.9539,10.0,398.0,3.0
2021-01-05 09:39:37.730,0.9651,0.9574,14.0,0.9539,30.0,398.0,3.0
2021-01-05 09:39:38.221,0.9651,0.9574,14.0,0.9539,30.0,398.0,3.0
2021-01-05 09:39:39.241,0.9651,0.9574,14.0,0.9539,30.0,398.0,3.0
2021-01-05 09:39:41.220,0.9651,0.9574,14.0,0.9539,30.0,398.0,3.0
2021-01-05 09:39:41.750,0.9651,0.9574,14.0,0.9539,30.0,398.0,3.0
2021-01-05 09:39:42.210,0.9651,0.9574,14.0,0.954,1.0,398.0,3.0
2021-01-05 09:39:42.740,0.9651,0.9574,14.0,0.9539,30.0,398.0,3.0
2021-01-05 09:39:43.191,0.9651,0.9574,14.0,0.954,1.0,398.0,3.0
2021-01-05 09:39:43.660,0.9651,0.9574,14.0,0.954,1.0,398.0,3.0
2021-01-05 09:39:44.231,0.9651,0.9574,14.0,0.954,1.0,398.0,3.0
2021-01-05 09:39:44.680,0.9651,0.9574,14.0,0.954,1.0,398.0,3.0
2021-01-05 09:39:45.251,0.9651,0.9574,14.0,0.954,1.0,398.0,3.0
2021-01-05 09:39:46.190,0.9651,0.9574,14.0,0.9539,20.0,398.0,3.0
2021-01-05 09:39:46.711,0.9651,0.9574,14.0,0.9539,20.0,398.0,3.0
2021-01-05 09:39:47.250,0.9651,0.9574,14.0,0.9529,30.0,398.0,3.0
2021-01-05 09:39:47.731,0.9651,0.9574,14.0,0.9529,10.0,398.0,3.0
2021-01-05 09:39:48.221,0.9651,0.9574,14.0,0.953,1.0,398.0,3.0
2021-01-05 09:39:48.720,0.9651,0.9574,14.0,0.9529,10.0,398.0,3.0
2021-01-05 09:39:49.241,0.9651,0.9574,14.0,0.9529,30.0,398.0,3.0
2021-01-05 09:39:50.710,0.9651,0.9574,14.0,0.9529,30.0,398.0,3.0
2021-01-05 09:39:51.241,0.9651,0.9574,14.0,0.9529,20.0,398.0,3.0
2021-01-05 09:39:51.730,0.9651,0.956,14.0,0.9529,20.0,398.0,3.0
2021-01-05 09:39:52.180,0.9651,0.956,14.0,0.9529,20.0,398.0,3.0
2021-01-05 09:39:52.670,0.9651,0.956,14.0,0.9529,20.0,398.0,3.0
2021-01-05 09:39:53.181,0.9651,0.956,14.0,0.9529,20.0,398.0,3.0
2021-01-05 09:39:53.630,0.9651,0.9572,14.0,0.9529,20.0,398.0,3.0
2021-01-05 09:39:54.191,0.9651,0.9572,14.0,0.9529,20.0,398.0,3.0
2021-01-05 09:39:54.691,0.9651,0.9572,14.0,0.9529,20.0,398.0,3.0
2021-01-05 09:39:55.181,0.9651,0.9572,34.0,0.9529,20.0,398.0,3.0
2021-01-05 09:39:55.640,0.9651,0.9572,34.0,0.9529,20.0,398.0,3.0
2021-01-05 09:39:56.120,0.9651,0.9572,34.0,0.9529,20.0,398.0,3.0
2021-01-05 09:39:56.691,0.9651,0.9572,34.0,0.9529,20.0,398.0,3.0
2021-01-05 09:39:57.181,0.9651,0.9572,14.0,0.9529,20.0,398.0,3.0
2021-01-05 09:39:57.580,0.9651,0.9572,14.0,0.9518,10.0,398.0,3.0
2021-01-05 09:39:58.170,0.9651,0.9572,14.0,0.9518,10.0,398.0,3.0
2021-01-05 09:39:58.600,0.9651,0.9572,14.0,0.9519,1.0,398.0,3.0
2021-01-05 09:39:59.061,0.9651,0.9572,14.0,0.9519,21.0,398.0,3.0
2021-01-05 09:40:00.631,0.9651,0.9572,14.0,0.9519,20.0,398.0,3.0
2021-01-05 09:40:01.201,0.9651,0.9572,14.0,0.9519,20.0,398.0,3.0
2021-01-05 09:40:01.570,0.9651,0.9572,14.0,0.9519,20.0,398.0,3.0
2021-01-05 09:40:02.200,0.9651,0.9572,14.0,0.9519,20.0,398.0,3.0
2021-01-05 09:40:02.671,0.9651,0.9572,14.0,0.9552,10.0,398.0,3.0
2021-01-05 09:40:03.691,0.9651,0.9572,14.0,0.9552,10.0,398.0,3.0
2021-01-05 09:40:04.160,0.9651,0.9572,14.0,0.9552,10.0,398.0,3.0
2021-01-05 09:40:04.700,0.9651,0.9572,14.0,0.9552,10.0,398.0,3.0
2021-01-05 09:40:05.701,0.9651,0.9572,14.0,0.9552,10.0,398.0,3.0
2021-01-05 09:40:06.701,0.9651,0.9572,14.0,0.9552,10.0,398.0,3.0
2021-01-05 09:40:07.700,0.9651,0.9584,14.0,0.9552,10.0,398.0,3.0
2021-01-05 09:40:08.200,0.9651,0.9584,14.0,0.9552,10.0,398.0,3.0
2021-01-05 09:40:08.690,0.9651,0.9584,14.0,0.9552,10.0,398.0,3.0
2021-01-05 09:40:09.191,0.9651,0.9584,14.0,0.9551,20.0,398.0,3.0
2021-01-05 09:40:10.150,0.9651,0.9584,14.0,0.9542,20.0,398.0,3.0
2021-01-05 09:40:10.680,0.9651,0.9584,14.0,0.9542,20.0,398.0,3.0
2021-01-05 09:40:11.120,0.9651,0.9584,14.0,0.9542,20.0,398.0,3.0
2021-01-05 09:40:11.671,0.9651,0.9584,14.0,0.9542,20.0,398.0,3.0
2021-01-05 09:40:12.190,0.9651,0.9584,14.0,0.9542,20.0,398.0,3.0
2021-01-05 09:40:12.680,0.9651,0.959,20.0,0.9543,1.0,398.0,3.0
2021-01-05 09:40:13.131,0.9651,0.9596,14.0,0.9543,1.0,398.0,3.0
2021-01-05 09:40:13.700,0.9651,0.9596,34.0,0.9543,1.0,398.0,3.0
2021-01-05 09:40:14.150,0.9651,0.9596,34.0,0.9543,1.0,398.0,3.0
2021-01-05 09:40:14.701,0.9651,0.9596,34.0,0.9543,1.0,398.0,3.0
2021-01-05 09:40:15.690,0.9651,0.9596,34.0,0.9543,2.0,398.0,3.0
2021-01-05 09:40:17.191,0.9651,0.9596,34.0,0.9543,2.0,398.0,3.0
2021-01-05 09:40:17.661,0.9651,0.9596,34.0,0.9543,2.0,398.0,3.0
2021-01-05 09:40:18.120,0.9651,0.9596,34.0,0.9543,2.0,398.0,3.0
2021-01-05 09:40:19.711,0.9651,0.9596,34.0,0.9543,2.0,398.0,3.0
2021-01-05 09:40:20.191,0.9651,0.9596,34.0,0.9543,2.0,398.0,3.0
2021-01-05 09:40:20.691,0.9651,0.9596,34.0,0.9543,1.0,398.0,3.0
2021-01-05 09:40:21.200,0.9651,0.9596,34.0,0.9543,10.0,398.0,3.0
2021-01-05 09:40:22.650,0.9651,0.9596,34.0,0.9543,10.0,398.0,3.0
2021-01-05 09:40:24.681,0.9651,0.9596,34.0,0.9543,10.0,398.0,3.0
2021-01-05 09:40:25.121,0.9651,0.9596,34.0,0.9543,10.0,398.0,3.0
2021-01-05 09:40:26.650,0.9651,0.9596,34.0,0.9543,10.0,398.0,3.0
2021-01-05 09:40:27.140,0.9651,0.9584,14.0,0.9543,10.0,398.0,3.0
2021-01-05 09:40:27.701,0.9651,0.9584,14.0,0.9543,10.0,398.0,3.0
2021-01-05 09:40:28.110,0.9651,0.9584,34.0,0.9543,10.0,398.0,3.0
2021-01-05 09:40:28.690,0.9651,0.9584,14.0,0.9543,10.0,398.0,3.0
2021-01-05 09:40:29.170,0.9651,0.9584,34.0,0.9543,10.0,398.0,3.0
2021-01-05 09:40:30.160,0.9651,0.9584,34.0,0.9543,10.0,398.0,3.0
2021-01-05 09:40:32.611,0.9651,0.9584,34.0,0.9543,10.0,398.0,3.0
2021-01-05 09:40:33.191,0.9651,0.9584,34.0,0.9543,10.0,398.0,3.0
2021-01-05 09:40:33.681,0.9651,0.9584,14.0,0.9543,10.0,398.0,3.0
2021-01-05 09:40:34.171,0.9651,0.9584,14.0,0.9544,1.0,398.0,3.0
2021-01-05 09:40:36.161,0.9651,0.9584,14.0,0.9543,10.0,398.0,3.0
2021-01-05 09:40:37.700,0.9651,0.9584,14.0,0.9543,10.0,398.0,3.0
2021-01-05 09:40:38.130,0.9651,0.9584,14.0,0.9543,10.0,398.0,3.0
2021-01-05 09:40:38.651,0.9651,0.9584,14.0,0.9543,10.0,398.0,3.0
2021-01-05 09:40:39.041,0.9651,0.9584,14.0,0.9543,11.0,398.0,3.0
2021-01-05 09:40:39.681,0.9651,0.9584,14.0,0.9543,11.0,398.0,3.0
2021-01-05 09:40:40.151,0.9651,0.9584,14.0,0.9543,11.0,398.0,3.0
2021-01-05 09:40:41.191,0.9651,0.9593,20.0,0.9544,1.0,398.0,3.0
2021-01-05 09:40:41.640,0.9651,0.9593,20.0,0.9544,1.0,398.0,3.0
2021-01-05 09:40:43.191,0.9651,0.9593,20.0,0.9543,11.0,398.0,3.0
2021-01-05 09:40:43.621,0.9651,0.9593,20.0,0.9544,1.0,398.0,3.0
2021-01-05 09:40:44.610,0.9651,0.9593,20.0,0.9543,11.0,398.0,3.0
2021-01-05 09:40:45.131,0.9651,0.9593,20.0,0.9543,11.0,398.0,3.0
2021-01-05 09:40:48.700,0.9651,0.9596,14.0,0.9563,10.0,398.0,3.0
2021-01-05 09:40:49.111,0.9651,0.9596,14.0,0.9563,10.0,398.0,3.0
2021-01-05 09:40:49.620,0.9651,0.9596,14.0,0.9563,30.0,398.0,3.0
2021-01-05 09:40:50.181,0.9651,0.9596,14.0,0.9563,30.0,398.0,3.0
2021-01-05 09:40:54.661,0.9651,0.9596,14.0,0.9563,30.0,398.0,3.0
2021-01-05 09:40:55.111,0.9651,0.9596,14.0,0.9563,30.0,398.0,3.0
2021-01-05 09:40:55.681,0.9651,0.9596,14.0,0.9563,30.0,398.0,3.0
2021-01-05 09:40:56.711,0.9651,0.9596,14.0,0.9563,20.0,398.0,3.0
2021-01-05 09:40:57.180,0.9651,0.9596,14.0,0.9563,20.0,398.0,3.0
2021-01-05 09:40:57.710,0.9651,0.9596,14.0,0.9533,34.0,398.0,3.0
2021-01-05 09:40:58.200,0.9651,0.9596,14.0,0.9563,20.0,398.0,3.0
2021-01-05 09:40:58.721,0.9651,0.9596,14.0,0.9534,1.0,398.0,3.0
2021-01-05 09:40:58.980,0.9651,0.9596,14.0,0.9534,1.0,398.0,3.0
2021-01-05 09:41:01.041,0.9651,0.9596,14.0,0.9534,1.0,398.0,3.0
2021-01-05 09:41:01.650,0.9651,0.9596,14.0,0.9534,1.0,398.0,3.0
2021-01-05 09:41:02.190,0.9651,0.9596,14.0,0.9534,1.0,398.0,3.0
2021-01-05 09:41:02.661,0.9651,0.9596,14.0,0.9534,1.0,398.0,3.0
2021-01-05 09:41:03.110,0.9651,0.9596,14.0,0.9534,1.0,398.0,3.0
2021-01-05 09:41:04.180,0.9651,0.9596,14.0,0.9534,1.0,398.0,3.0
2021-01-05 09:41:04.680,0.9651,0.9596,14.0,0.9534,1.0,398.0,3.0
2021-01-05 09:41:05.220,0.9651,0.9596,14.0,0.9534,1.0,398.0,3.0
2021-01-05 09:41:06.221,0.9651,0.9596,14.0,0.9534,1.0,398.0,3.0
2021-01-05 09:41:07.100,0.9651,0.9596,14.0,0.9534,1.0,398.0,3.0
2021-01-05 09:41:07.631,0.9651,0.9596,14.0,0.9533,34.0,398.0,3.0
2021-01-05 09:41:08.201,0.9651,0.9596,14.0,0.9533,34.0,398.0,3.0
2021-01-05 09:41:08.701,0.9651,0.9596,14.0,0.9533,34.0,398.0,3.0
2021-01-05 09:41:09.661,0.9651,0.9596,14.0,0.9533,34.0,398.0,3.0
2021-01-05 09:41:10.220,0.9651,0.9596,14.0,0.9533,34.0,398.0,3.0
2021-01-05 09:41:10.710,0.9651,0.9596,14.0,0.9533,34.0,398.0,3.0
2021-01-05 09:41:11.210,0.9651,0.9583,14.0,0.9533,20.0,398.0,3.0
2021-01-05 09:41:11.711,0.9651,0.9583,14.0,0.9533,20.0,398.0,3.0
2021-01-05 09:41:12.151,0.9651,0.9583,14.0,0.9533,20.0,398.0,3.0
2021-01-05 09:41:12.710,0.9651,0.9583,14.0,0.9533,20.0,398.0,3.0
2021-01-05 09:41:13.161,0.9651,0.9583,14.0,0.9533,20.0,398.0,3.0
2021-01-05 09:41:13.711,0.9651,0.9583,14.0,0.9534,1.0,398.0,3.0
2021-01-05 09:41:14.160,0.9651,0.9583,14.0,0.9534,1.0,398.0,3.0
2021-01-05 09:41:14.671,0.9651,0.9583,14.0,0.9534,21.0,398.0,3.0
2021-01-05 09:41:15.180,0.9651,0.9583,14.0,0.9534,21.0,398.0,3.0
2021-01-05 09:41:15.651,0.9651,0.9583,14.0,0.9534,20.0,398.0,3.0
2021-01-05 09:41:16.210,0.9651,0.9583,14.0,0.9534,20.0,398.0,3.0
2021-01-05 09:41:18.200,0.9651,0.9583,14.0,0.9534,20.0,398.0,3.0
2021-01-05 09:41:18.600,0.9651,0.9583,14.0,0.9534,20.0,398.0,3.0
2021-01-05 09:41:19.161,0.9651,0.9583,14.0,0.9534,20.0,398.0,3.0
2021-01-05 09:41:20.070,0.9651,0.955,1.0,0.9534,20.0,398.0,3.0
2021-01-05 09:41:20.721,0.955,0.9583,14.0,0.9534,20.0,398.0,4.0
2021-01-05 09:41:22.700,0.955,0.9583,14.0,0.9542,10.0,398.0,4.0
2021-01-05 09:41:23.061,0.955,0.9583,14.0,0.9542,10.0,398.0,4.0
2021-01-05 09:41:24.171,0.955,0.9583,14.0,0.9542,10.0,398.0,4.0
2021-01-05 09:41:24.651,0.955,0.9583,14.0,0.9542,30.0,398.0,4.0
2021-01-05 09:41:25.120,0.955,0.9583,14.0,0.9542,10.0,398.0,4.0
2021-01-05 09:41:25.641,0.955,0.9583,14.0,0.9542,30.0,398.0,4.0
2021-01-05 09:41:26.190,0.955,0.9583,14.0,0.9542,10.0,398.0,4.0
2021-01-05 09:41:26.670,0.955,0.9583,14.0,0.9542,30.0,398.0,4.0
2021-01-05 09:41:27.131,0.955,0.9583,14.0,0.9542,30.0,398.0,4.0
2021-01-05 09:41:27.710,0.955,0.9583,34.0,0.9542,30.0,398.0,4.0
2021-01-05 09:41:28.171,0.955,0.9583,14.0,0.9542,30.0,398.0,4.0
2021-01-05 09:41:28.540,0.955,0.9583,14.0,0.9542,30.0,398.0,4.0
2021-01-05 09:41:29.001,0.955,0.9583,14.0,0.9542,20.0,398.0,4.0
2021-01-05 09:41:29.690,0.955,0.9583,14.0,0.9534,20.0,398.0,4.0
2021-01-05 09:41:30.240,0.955,0.9583,14.0,0.9534,20.0,398.0,4.0
2021-01-05 09:41:32.670,0.955,0.9583,14.0,0.9534,20.0,398.0,4.0
2021-01-05 09:41:33.171,0.955,0.9583,14.0,0.9534,20.0,398.0,4.0
2021-01-05 09:41:34.120,0.955,0.9583,14.0,0.9534,20.0,398.0,4.0
2021-01-05 09:41:35.221,0.955,0.9583,14.0,0.9534,20.0,398.0,4.0
2021-01-05 09:41:35.721,0.955,0.9583,14.0,0.9534,20.0,398.0,4.0
2021-01-05 09:41:36.070,0.955,0.9583,14.0,0.9534,20.0,398.0,4.0
2021-01-05 09:41:36.720,0.955,0.957,14.0,0.9534,20.0,398.0,4.0
2021-01-05 09:41:37.210,0.955,0.957,14.0,0.9534,20.0,398.0,4.0
2021-01-05 09:41:37.711,0.955,0.957,14.0,0.9534,20.0,398.0,4.0
2021-01-05 09:41:38.220,0.955,0.957,14.0,0.9534,20.0,398.0,4.0
2021-01-05 09:41:38.710,0.955,0.957,14.0,0.9534,20.0,398.0,4.0
2021-01-05 09:41:40.231,0.955,0.957,14.0,0.9534,20.0,398.0,4.0
2021-01-05 09:41:41.730,0.955,0.957,14.0,0.9534,20.0,398.0,4.0
2021-01-05 09:41:42.700,0.955,0.957,14.0,0.9534,20.0,398.0,4.0
2021-01-05 09:41:44.671,0.955,0.957,14.0,0.9534,20.0,398.0,4.0
2021-01-05 09:41:45.190,0.955,0.957,14.0,0.9534,20.0,398.0,4.0
2021-01-05 09:41:45.701,0.955,0.957,14.0,0.9534,20.0,398.0,4.0
2021-01-05 09:41:47.201,0.955,0.957,14.0,0.9534,20.0,398.0,4.0
2021-01-05 09:41:48.181,0.955,0.957,14.0,0.9534,20.0,398.0,4.0
2021-01-05 09:41:49.191,0.955,0.957,14.0,0.9534,20.0,398.0,4.0
2021-01-05 09:41:49.750,0.955,0.957,14.0,0.9534,20.0,398.0,4.0
2021-01-05 09:41:50.231,0.955,0.957,14.0,0.9534,20.0,398.0,4.0
2021-01-05 09:41:51.251,0.955,0.957,14.0,0.9534,20.0,398.0,4.0
2021-01-05 09:41:52.261,0.955,0.957,14.0,0.9534,20.0,398.0,4.0
2021-01-05 09:41:52.690,0.955,0.957,14.0,0.9534,20.0,398.0,4.0
2021-01-05 09:41:53.201,0.955,0.957,34.0,0.9534,20.0,398.0,4.0
2021-01-05 09:41:54.161,0.955,0.957,34.0,0.9534,20.0,398.0,4.0
2021-01-05 09:41:55.160,0.955,0.957,34.0,0.9534,20.0,398.0,4.0
2021-01-05 09:41:55.911,0.955,0.957,34.0,0.9534,20.0,398.0,4.0
2021-01-05 09:41:56.680,0.955,0.957,34.0,0.9534,20.0,398.0,4.0
2021-01-05 09:41:57.110,0.955,0.957,14.0,0.9532,1.0,398.0,4.0
2021-01-05 09:41:57.640,0.955,0.957,14.0,0.9529,1.0,398.0,4.0
2021-01-05 09:41:58.151,0.955,0.957,14.0,0.9528,20.0,398.0,4.0
2021-01-05 09:41:59.131,0.955,0.957,14.0,0.9518,30.0,398.0,4.0
2021-01-05 09:42:00.151,0.955,0.957,14.0,0.9518,30.0,398.0,4.0
2021-01-05 09:42:00.701,0.955,0.957,14.0,0.9518,30.0,398.0,4.0
2021-01-05 09:42:01.181,0.955,0.9558,14.0,0.9518,30.0,398.0,4.0
2021-01-05 09:42:01.651,0.955,0.9558,14.0,0.9518,30.0,398.0,4.0
2021-01-05 09:42:02.710,0.955,0.9558,14.0,0.9518,30.0,398.0,4.0
2021-01-05 09:42:04.641,0.955,0.9558,14.0,0.9518,30.0,398.0,4.0
2021-01-05 09:42:05.211,0.955,0.9558,14.0,0.9518,30.0,398.0,4.0
2021-01-05 09:42:06.181,0.955,0.9558,14.0,0.9518,30.0,398.0,4.0
2021-01-05 09:42:06.690,0.955,0.9558,14.0,0.9518,30.0,398.0,4.0
2021-01-05 09:42:07.230,0.955,0.9558,14.0,0.9518,30.0,398.0,4.0
2021-01-05 09:42:09.230,0.955,0.9558,14.0,0.9518,30.0,398.0,4.0
2021-01-05 09:42:10.220,0.955,0.9558,14.0,0.9518,30.0,398.0,4.0
2021-01-05 09:42:11.211,0.955,0.9558,14.0,0.9518,30.0,398.0,4.0
2021-01-05 09:42:11.720,0.955,0.9558,14.0,0.9518,30.0,398.0,4.0
2021-01-05 09:42:12.210,0.955,0.9558,34.0,0.9518,30.0,398.0,4.0
2021-01-05 09:42:13.211,0.955,0.9558,34.0,0.9518,30.0,398.0,4.0
2021-01-05 09:42:14.150,0.955,0.9558,34.0,0.9518,20.0,398.0,4.0
2021-01-05 09:42:15.151,0.955,0.9558,34.0,0.9498,30.0,398.0,4.0
2021-01-05 09:42:15.650,0.955,0.9558,34.0,0.9499,2.0,398.0,4.0
2021-01-05 09:42:16.181,0.955,0.9558,34.0,0.9499,3.0,398.0,4.0
2021-01-05 09:42:16.181,0.955,0.9558,34.0,0.9499,3.0,398.0,4.0
2021-01-05 09:42:17.241,0.955,0.9558,34.0,0.9499,1.0,398.0,4.0
2021-01-05 09:42:18.701,0.955,0.9558,14.0,0.9499,1.0,398.0,4.0
2021-01-05 09:42:19.210,0.955,0.9558,14.0,0.95,2.0,398.0,4.0
2021-01-05 09:42:20.150,0.955,0.9558,14.0,0.95,2.0,398.0,4.0
2021-01-05 09:42:21.231,0.955,0.9558,14.0,0.9499,1.0,398.0,4.0
2021-01-05 09:42:21.621,0.955,0.9558,14.0,0.9499,1.0,398.0,4.0
2021-01-05 09:42:22.221,0.955,0.9558,14.0,0.9499,1.0,398.0,4.0
2021-01-05 09:42:23.631,0.955,0.9558,14.0,0.9499,1.0,398.0,4.0
2021-01-05 09:42:24.151,0.955,0.9558,14.0,0.9499,1.0,398.0,4.0
2021-01-05 09:42:25.621,0.955,0.9558,14.0,0.9498,30.0,398.0,4.0
2021-01-05 09:42:26.130,0.955,0.9558,14.0,0.9498,31.0,398.0,4.0
2021-01-05 09:42:27.171,0.955,0.9558,14.0,0.9498,31.0,398.0,4.0
2021-01-05 09:42:30.710,0.955,0.9558,14.0,0.9498,31.0,398.0,4.0
2021-01-05 09:42:31.200,0.955,0.9558,14.0,0.9498,31.0,398.0,4.0
2021-01-05 09:42:33.230,0.955,0.9558,14.0,0.9498,31.0,398.0,4.0
2021-01-05 09:42:34.210,0.955,0.9558,14.0,0.9498,31.0,398.0,4.0
2021-01-05 09:42:35.151,0.955,0.9558,14.0,0.9498,31.0,398.0,4.0
2021-01-05 09:42:36.650,0.955,0.9558,14.0,0.9498,32.0,398.0,4.0
2021-01-05 09:42:37.251,0.955,0.9558,14.0,0.9498,31.0,398.0,4.0
2021-01-05 09:42:40.221,0.955,0.9558,14.0,0.9498,31.0,398.0,4.0
2021-01-05 09:42:41.731,0.955,0.9558,34.0,0.9498,31.0,398.0,4.0
2021-01-05 09:42:42.250,0.955,0.9558,34.0,0.9498,30.0,398.0,4.0
2021-01-05 09:42:42.711,0.955,0.9558,34.0,0.9498,30.0,398.0,4.0
2021-01-05 09:42:43.251,0.955,0.9558,34.0,0.9498,30.0,398.0,4.0
2021-01-05 09:42:43.741,0.955,0.9558,14.0,0.9499,1.0,398.0,4.0
2021-01-05 09:42:44.211,0.955,0.9558,14.0,0.9499,1.0,398.0,4.0
2021-01-05 09:42:44.751,0.955,0.9546,14.0,0.95,10.0,398.0,4.0
2021-01-05 09:42:45.191,0.955,0.9546,14.0,0.9499,1.0,398.0,4.0
2021-01-05 09:42:45.650,0.955,0.9546,14.0,0.9499,1.0,398.0,4.0
2021-01-05 09:42:46.240,0.955,0.9546,14.0,0.9499,1.0,398.0,4.0
2021-01-05 09:42:46.741,0.955,0.9546,14.0,0.9499,1.0,398.0,4.0
2021-01-05 09:42:48.720,0.955,0.9546,14.0,0.9499,1.0,398.0,4.0
2021-01-05 09:42:49.750,0.955,0.9546,14.0,0.9499,1.0,398.0,4.0
2021-01-05 09:42:50.720,0.955,0.9546,14.0,0.9499,1.0,398.0,4.0
2021-01-05 09:42:51.060,0.955,0.9546,14.0,0.9499,1.0,398.0,4.0
2021-01-05 09:42:53.640,0.955,0.9546,14.0,0.9499,1.0,398.0,4.0
2021-01-05 09:42:54.710,0.955,0.9546,14.0,0.9498,20.0,398.0,4.0
2021-01-05 09:42:55.190,0.955,0.9546,14.0,0.9499,1.0,398.0,4.0
2021-01-05 09:42:56.191,0.955,0.9546,14.0,0.9499,1.0,398.0,4.0
2021-01-05 09:42:56.650,0.955,0.9546,14.0,0.9499,1.0,398.0,4.0
2021-01-05 09:42:57.171,0.955,0.9546,14.0,0.9498,20.0,398.0,4.0
2021-01-05 09:42:58.220,0.955,0.9546,14.0,0.9498,20.0,398.0,4.0
2021-01-05 09:42:58.731,0.955,0.9546,14.0,0.9498,20.0,398.0,4.0
2021-01-05 09:42:59.230,0.955,0.9546,14.0,0.9498,20.0,398.0,4.0
2021-01-05 09:42:59.730,0.955,0.9546,14.0,0.9498,20.0,398.0,4.0
2021-01-05 09:43:00.200,0.955,0.9546,14.0,0.9498,20.0,398.0,4.0
2021-01-05 09:43:01.211,0.955,0.9546,14.0,0.9498,20.0,398.0,4.0
2021-01-05 09:43:01.701,0.955,0.9546,14.0,0.9498,20.0,398.0,4.0
2021-01-05 09:43:02.150,0.955,0.9546,14.0,0.9498,20.0,398.0,4.0
2021-01-05 09:43:02.681,0.955,0.9546,14.0,0.9498,20.0,398.0,4.0
2021-01-05 09:43:04.740,0.955,0.9546,14.0,0.9498,20.0,398.0,4.0
2021-01-05 09:43:05.251,0.955,0.9546,14.0,0.9498,21.0,398.0,4.0
2021-01-05 09:43:05.681,0.955,0.9546,14.0,0.9499,1.0,398.0,4.0
2021-01-05 09:43:06.171,0.955,0.9546,14.0,0.9499,1.0,398.0,4.0
2021-01-05 09:43:06.751,0.955,0.9546,14.0,0.9499,1.0,398.0,4.0
2021-01-05 09:43:08.200,0.955,0.9546,14.0,0.9499,1.0,398.0,4.0
2021-01-05 09:43:09.231,0.955,0.9546,14.0,0.9499,1.0,398.0,4.0
2021-01-05 09:43:09.740,0.955,0.9546,14.0,0.9499,1.0,398.0,4.0
2021-01-05 09:43:10.150,0.955,0.9546,14.0,0.9499,1.0,398.0,4.0
2021-01-05 09:43:11.750,0.955,0.9546,14.0,0.9498,21.0,398.0,4.0
2021-01-05 09:43:13.210,0.955,0.9546,14.0,0.9499,1.0,398.0,4.0
2021-01-05 09:43:13.740,0.955,0.9546,14.0,0.9499,1.0,398.0,4.0
2021-01-05 09:43:14.270,0.955,0.9546,14.0,0.952,10.0,398.0,4.0
2021-01-05 09:43:15.241,0.955,0.9558,14.0,0.952,30.0,398.0,4.0
2021-01-05 09:43:15.711,0.955,0.9558,14.0,0.952,10.0,398.0,4.0
2021-01-05 09:43:16.270,0.955,0.9558,14.0,0.952,30.0,398.0,4.0
2021-01-05 09:43:16.720,0.955,0.9558,14.0,0.952,10.0,398.0,4.0
2021-01-05 09:43:17.271,0.955,0.9558,14.0,0.952,30.0,398.0,4.0
2021-01-05 09:43:17.771,0.955,0.9558,14.0,0.952,10.0,398.0,4.0
2021-01-05 09:43:18.270,0.955,0.9558,14.0,0.952,10.0,398.0,4.0
2021-01-05 09:43:19.261,0.955,0.9558,14.0,0.952,30.0,398.0,4.0
2021-01-05 09:43:21.271,0.955,0.9558,14.0,0.952,30.0,398.0,4.0
2021-01-05 09:43:21.701,0.955,0.9558,14.0,0.952,30.0,398.0,4.0
2021-01-05 09:43:22.281,0.955,0.9558,14.0,0.952,30.0,398.0,4.0
2021-01-05 09:43:22.671,0.955,0.9558,14.0,0.952,30.0,398.0,4.0
2021-01-05 09:43:23.190,0.955,0.9558,14.0,0.952,30.0,398.0,4.0
2021-01-05 09:43:24.120,0.955,0.9558,14.0,0.952,30.0,398.0,4.0
2021-01-05 09:43:25.201,0.955,0.9558,14.0,0.952,30.0,398.0,4.0
2021-01-05 09:43:25.701,0.955,0.9558,14.0,0.952,30.0,398.0,4.0
2021-01-05 09:43:26.181,0.955,0.9558,14.0,0.952,30.0,398.0,4.0
2021-01-05 09:43:26.621,0.955,0.9558,14.0,0.952,30.0,398.0,4.0
2021-01-05 09:43:27.190,0.955,0.9558,14.0,0.952,30.0,398.0,4.0
2021-01-05 09:43:27.620,0.955,0.9558,14.0,0.952,30.0,398.0,4.0
2021-01-05 09:43:29.701,0.955,0.9558,14.0,0.952,30.0,398.0,4.0
2021-01-05 09:43:30.701,0.955,0.9558,14.0,0.952,30.0,398.0,4.0
2021-01-05 09:43:31.111,0.955,0.9558,14.0,0.952,30.0,398.0,4.0
2021-01-05 09:43:31.720,0.955,0.9558,14.0,0.952,30.0,398.0,4.0
2021-01-05 09:43:32.701,0.955,0.9546,14.0,0.952,30.0,398.0,4.0
2021-01-05 09:43:33.141,0.955,0.9546,14.0,0.952,30.0,398.0,4.0
2021-01-05 09:43:34.221,0.955,0.9546,14.0,0.952,30.0,398.0,4.0
2021-01-05 09:43:34.230,0.955,0.9546,14.0,0.952,30.0,398.0,4.0
2021-01-05 09:43:35.160,0.955,0.9546,14.0,0.952,30.0,398.0,4.0
2021-01-05 09:43:35.681,0.955,0.9546,14.0,0.952,20.0,398.0,4.0
2021-01-05 09:43:36.661,0.955,0.9546,14.0,0.9498,20.0,398.0,4.0
2021-01-05 09:43:37.181,0.955,0.9546,14.0,0.9498,22.0,398.0,4.0
2021-01-05 09:43:37.631,0.955,0.9546,14.0,0.9499,1.0,398.0,4.0
2021-01-05 09:43:38.221,0.955,0.9546,14.0,0.9499,1.0,398.0,4.0
2021-01-05 09:43:39.241,0.955,0.9546,14.0,0.9499,1.0,398.0,4.0
2021-01-05 09:43:40.731,0.955,0.9546,14.0,0.9499,1.0,398.0,4.0
2021-01-05 09:43:43.231,0.955,0.9546,14.0,0.9499,1.0,398.0,4.0
2021-01-05 09:43:43.711,0.955,0.9546,14.0,0.9499,1.0,398.0,4.0
2021-01-05 09:43:44.670,0.955,0.9546,14.0,0.9499,1.0,398.0,4.0
2021-01-05 09:43:45.720,0.955,0.9546,14.0,0.9499,1.0,398.0,4.0
2021-01-05 09:43:46.151,0.955,0.9546,14.0,0.9499,1.0,398.0,4.0
2021-01-05 09:43:46.750,0.955,0.9546,14.0,0.9499,1.0,398.0,4.0
2021-01-05 09:43:47.250,0.955,0.9546,14.0,0.9499,1.0,398.0,4.0
2021-01-05 09:43:47.661,0.955,0.9546,14.0,0.9499,1.0,398.0,4.0
2021-01-05 09:43:48.220,0.955,0.9546,14.0,0.9499,1.0,398.0,4.0
2021-01-05 09:43:48.721,0.955,0.9546,14.0,0.9499,1.0,398.0,4.0
2021-01-05 09:43:50.170,0.955,0.9546,14.0,0.9499,1.0,398.0,4.0
2021-01-05 09:43:50.721,0.955,0.9546,14.0,0.9499,1.0,398.0,4.0
2021-01-05 09:43:51.221,0.955,0.9546,14.0,0.95,1.0,398.0,4.0
2021-01-05 09:43:51.660,0.955,0.9546,14.0,0.95,1.0,398.0,4.0
2021-01-05 09:43:52.200,0.955,0.9546,14.0,0.9501,2.0,398.0,4.0
2021-01-05 09:43:54.980,0.955,0.9557,14.0,0.9501,2.0,398.0,4.0
2021-01-05 09:43:57.230,0.955,0.9557,14.0,0.95,1.0,398.0,4.0
2021-01-05 09:43:57.650,0.955,0.9557,14.0,0.9499,2.0,398.0,4.0
2021-01-05 09:43:58.190,0.955,0.9557,14.0,0.9499,2.0,398.0,4.0
2021-01-05 09:43:58.711,0.955,0.9557,14.0,0.9499,2.0,398.0,4.0
2021-01-05 09:43:59.170,0.955,0.9557,14.0,0.9499,2.0,398.0,4.0
2021-01-05 09:44:00.131,0.955,0.9557,14.0,0.9499,2.0,398.0,4.0
2021-01-05 09:44:00.701,0.955,0.9557,14.0,0.9499,2.0,398.0,4.0
2021-01-05 09:44:02.711,0.955,0.9557,14.0,0.9525,10.0,398.0,4.0
2021-01-05 09:44:03.241,0.955,0.9557,14.0,0.9525,30.0,398.0,4.0
2021-01-05 09:44:04.230,0.955,0.9557,14.0,0.9526,1.0,398.0,4.0
2021-01-05 09:44:04.751,0.955,0.9557,14.0,0.9526,1.0,398.0,4.0
2021-01-05 09:44:05.260,0.955,0.9557,14.0,0.9526,1.0,398.0,4.0
2021-01-05 09:44:05.761,0.955,0.9557,14.0,0.9526,1.0,398.0,4.0
2021-01-05 09:44:06.261,0.955,0.9557,14.0,0.9526,1.0,398.0,4.0
2021-01-05 09:44:06.770,0.955,0.9557,14.0,0.9526,1.0,398.0,4.0
2021-01-05 09:44:07.750,0.955,0.9557,14.0,0.9526,1.0,398.0,4.0
2021-01-05 09:44:08.261,0.955,0.9557,14.0,0.9526,1.0,398.0,4.0
2021-01-05 09:44:08.760,0.955,0.9557,14.0,0.9526,1.0,398.0,4.0
2021-01-05 09:44:09.150,0.955,0.9557,14.0,0.9526,1.0,398.0,4.0
2021-01-05 09:44:09.780,0.955,0.9557,14.0,0.9526,1.0,398.0,4.0
2021-01-05 09:44:10.280,0.955,0.9557,14.0,0.9526,1.0,398.0,4.0
2021-01-05 09:44:10.781,0.955,0.9557,14.0,0.9525,30.0,398.0,4.0
2021-01-05 09:44:11.271,0.955,0.9557,14.0,0.9525,30.0,398.0,4.0
2021-01-05 09:44:11.780,0.955,0.9557,14.0,0.9525,30.0,398.0,4.0
2021-01-05 09:44:12.781,0.955,0.9557,14.0,0.9525,30.0,398.0,4.0
2021-01-05 09:44:15.280,0.955,0.9557,14.0,0.9525,30.0,398.0,4.0
2021-01-05 09:44:16.781,0.955,0.9557,14.0,0.9525,30.0,398.0,4.0
2021-01-05 09:44:17.770,0.955,0.9557,14.0,0.9526,1.0,398.0,4.0
2021-01-05 09:44:18.231,0.955,0.9557,14.0,0.9525,30.0,398.0,4.0
2021-01-05 09:44:19.261,0.955,0.9557,14.0,0.9525,30.0,398.0,4.0
2021-01-05 09:44:20.271,0.955,0.955,3.0,0.9525,30.0,398.0,4.0
2021-01-05 09:44:20.801,0.955,0.955,3.0,0.9525,30.0,398.0,4.0
2021-01-05 09:44:21.270,0.955,0.955,3.0,0.9525,30.0,398.0,4.0
2021-01-05 09:44:21.760,0.955,0.955,3.0,0.9525,30.0,398.0,4.0
2021-01-05 09:44:22.250,0.955,0.955,3.0,0.9525,30.0,398.0,4.0
2021-01-05 09:44:23.130,0.955,0.955,3.0,0.9525,30.0,398.0,4.0
2021-01-05 09:44:25.660,0.955,0.955,3.0,0.9525,30.0,398.0,4.0
2021-01-05 09:44:26.201,0.955,0.955,3.0,0.9525,30.0,398.0,4.0
2021-01-05 09:44:26.701,0.955,0.955,3.0,0.9525,30.0,398.0,4.0
2021-01-05 09:44:27.201,0.955,0.955,3.0,0.9525,30.0,398.0,4.0
2021-01-05 09:44:28.680,0.955,0.955,3.0,0.9525,30.0,398.0,4.0
2021-01-05 09:44:29.200,0.955,0.955,3.0,0.9525,30.0,398.0,4.0
2021-01-05 09:44:29.640,0.955,0.955,3.0,0.9525,30.0,398.0,4.0
2021-01-05 09:44:30.201,0.955,0.955,3.0,0.9526,1.0,398.0,4.0
2021-01-05 09:44:30.720,0.955,0.955,3.0,0.9526,1.0,398.0,4.0
2021-01-05 09:44:31.730,0.955,0.955,3.0,0.9526,1.0,398.0,4.0
2021-01-05 09:44:32.220,0.955,0.955,3.0,0.9526,1.0,398.0,4.0
2021-01-05 09:44:32.691,0.955,0.9569,14.0,0.9526,1.0,401.0,7.0
2021-01-05 09:44:33.730,0.955,0.9569,14.0,0.9526,1.0,401.0,7.0
2021-01-05 09:44:34.520,0.955,0.9569,14.0,0.9526,1.0,401.0,7.0
2021-01-05 09:44:35.740,0.955,0.9569,14.0,0.9526,1.0,401.0,7.0
2021-01-05 09:44:36.220,0.955,0.9569,14.0,0.9526,1.0,401.0,7.0
2021-01-05 09:44:37.240,0.955,0.9569,14.0,0.9526,1.0,401.0,7.0
2021-01-05 09:44:37.751,0.955,0.9569,14.0,0.9526,1.0,401.0,7.0
2021-01-05 09:44:38.201,0.955,0.9569,14.0,0.9526,1.0,401.0,7.0
2021-01-05 09:44:39.661,0.955,0.9569,14.0,0.9526,1.0,401.0,7.0
2021-01-05 09:44:40.250,0.955,0.9569,14.0,0.9526,1.0,401.0,7.0
2021-01-05 09:44:41.251,0.955,0.9569,14.0,0.9526,1.0,401.0,7.0
2021-01-05 09:44:43.251,0.955,0.9569,14.0,0.9526,1.0,401.0,7.0
2021-01-05 09:44:44.260,0.955,0.9569,14.0,0.9526,1.0,401.0,7.0
2021-01-05 09:44:44.761,0.955,0.9569,14.0,0.9526,1.0,401.0,7.0
2021-01-05 09:44:45.261,0.955,0.9569,14.0,0.9526,1.0,401.0,7.0
2021-01-05 09:44:45.760,0.955,0.9569,14.0,0.9525,31.0,401.0,7.0
2021-01-05 09:44:46.271,0.955,0.9569,14.0,0.9525,31.0,401.0,7.0
2021-01-05 09:44:46.771,0.955,0.9569,14.0,0.9525,30.0,401.0,7.0
2021-01-05 09:44:47.251,0.955,0.9569,14.0,0.9525,30.0,401.0,7.0
2021-01-05 09:44:47.770,0.955,0.9569,14.0,0.9525,30.0,401.0,7.0
2021-01-05 09:44:48.281,0.955,0.9569,14.0,0.9525,30.0,401.0,7.0
2021-01-05 09:44:49.800,0.955,0.9569,14.0,0.9525,30.0,401.0,7.0
2021-01-05 09:44:50.811,0.955,0.9569,14.0,0.9525,30.0,401.0,7.0
2021-01-05 09:44:51.810,0.955,0.9569,14.0,0.9525,30.0,401.0,7.0
2021-01-05 09:44:53.201,0.955,0.9569,14.0,0.9525,30.0,401.0,7.0
2021-01-05 09:44:53.710,0.955,0.9569,14.0,0.9525,30.0,401.0,7.0
2021-01-05 09:44:55.150,0.955,0.9569,14.0,0.9525,30.0,401.0,7.0
2021-01-05 09:44:55.700,0.955,0.9569,14.0,0.9525,30.0,401.0,7.0
2021-01-05 09:44:56.220,0.955,0.9569,14.0,0.9525,30.0,401.0,7.0
2021-01-05 09:44:56.720,0.955,0.9569,14.0,0.9525,30.0,401.0,7.0
2021-01-05 09:44:57.680,0.955,0.9569,14.0,0.9525,30.0,401.0,7.0
2021-01-05 09:44:58.120,0.955,0.9569,14.0,0.9525,30.0,401.0,7.0
2021-01-05 09:44:58.720,0.955,0.9569,14.0,0.9526,1.0,401.0,7.0
2021-01-05 09:44:59.711,0.955,0.9569,14.0,0.9536,10.0,401.0,7.0
2021-01-05 09:45:00.061,0.955,0.9569,14.0,0.9536,30.0,401.0,7.0
2021-01-05 09:45:00.061,0.955,0.9569,14.0,0.9536,30.0,401.0,7.0
2021-01-05 09:45:01.221,0.955,0.9569,14.0,0.9536,30.0,401.0,7.0
2021-01-05 09:45:01.680,0.955,0.9569,14.0,0.9537,1.0,401.0,7.0
2021-01-05 09:45:02.061,0.955,0.9581,14.0,0.9537,1.0,401.0,7.0
2021-01-05 09:45:04.191,0.955,0.9581,14.0,0.9537,1.0,401.0,7.0
2021-01-05 09:45:05.221,0.955,0.9581,14.0,0.9537,1.0,401.0,7.0
2021-01-05 09:45:05.720,0.955,0.9581,14.0,0.9537,21.0,401.0,7.0
2021-01-05 09:45:06.220,0.955,0.9581,14.0,0.9542,10.0,401.0,7.0
2021-01-05 09:45:06.721,0.955,0.9581,14.0,0.9542,10.0,401.0,7.0
2021-01-05 09:45:07.130,0.955,0.9581,14.0,0.9542,10.0,401.0,7.0
2021-01-05 09:45:07.720,0.955,0.9581,14.0,0.9542,10.0,401.0,7.0
2021-01-05 09:45:08.181,0.955,0.9581,14.0,0.9542,10.0,401.0,7.0
2021-01-05 09:45:09.190,0.955,0.9581,14.0,0.9542,10.0,401.0,7.0
2021-01-05 09:45:10.200,0.955,0.9581,14.0,0.9542,10.0,401.0,7.0
2021-01-05 09:45:10.700,0.955,0.9581,14.0,0.9542,10.0,401.0,7.0
2021-01-05 09:45:11.091,0.955,0.9581,14.0,0.9542,10.0,401.0,7.0
2021-01-05 09:45:11.720,0.955,0.9581,14.0,0.9542,10.0,401.0,7.0
2021-01-05 09:45:13.220,0.955,0.9581,14.0,0.9542,10.0,401.0,7.0
2021-01-05 09:45:15.721,0.955,0.9595,14.0,0.9542,10.0,401.0,7.0
2021-01-05 09:45:16.741,0.955,0.9595,14.0,0.9543,2.0,401.0,7.0
2021-01-05 09:45:17.731,0.955,0.9595,14.0,0.9572,10.0,401.0,7.0
2021-01-05 09:45:18.230,0.955,0.9595,14.0,0.9572,10.0,401.0,7.0
2021-01-05 09:45:19.191,0.955,0.9595,14.0,0.9572,30.0,401.0,7.0
2021-01-05 09:45:19.731,0.955,0.9595,14.0,0.9572,30.0,401.0,7.0
2021-01-05 09:45:21.191,0.955,0.9595,14.0,0.9572,30.0,401.0,7.0
2021-01-05 09:45:21.731,0.955,0.9595,14.0,0.9572,30.0,401.0,7.0
2021-01-05 09:45:22.240,0.955,0.9595,14.0,0.9572,30.0,401.0,7.0
2021-01-05 09:45:22.710,0.955,0.9595,14.0,0.9572,20.0,401.0,7.0
2021-01-05 09:45:23.160,0.955,0.9595,14.0,0.955,30.0,401.0,7.0
2021-01-05 09:45:23.671,0.955,0.9595,14.0,0.955,30.0,401.0,7.0
2021-01-05 09:45:24.651,0.955,0.9595,14.0,0.955,30.0,401.0,7.0
2021-01-05 09:45:25.690,0.955,0.9595,14.0,0.955,30.0,401.0,7.0
2021-01-05 09:45:26.220,0.955,0.9595,14.0,0.955,30.0,401.0,7.0
2021-01-05 09:45:26.681,0.955,0.9595,14.0,0.955,30.0,401.0,7.0
2021-01-05 09:45:27.211,0.955,0.9595,34.0,0.955,30.0,401.0,7.0
2021-01-05 09:45:27.711,0.955,0.9595,34.0,0.955,30.0,401.0,7.0
2021-01-05 09:45:28.220,0.955,0.9595,34.0,0.955,30.0,401.0,7.0
2021-01-05 09:45:29.140,0.955,0.9595,34.0,0.955,30.0,401.0,7.0
2021-01-05 09:45:29.711,0.955,0.9595,34.0,0.955,30.0,401.0,7.0
2021-01-05 09:45:30.710,0.955,0.9595,34.0,0.955,30.0,401.0,7.0
2021-01-05 09:45:31.211,0.955,0.9584,14.0,0.955,30.0,401.0,7.0
2021-01-05 09:45:32.160,0.955,0.9584,14.0,0.955,30.0,401.0,7.0
2021-01-05 09:45:34.220,0.955,0.9584,14.0,0.955,20.0,401.0,7.0
2021-01-05 09:45:35.190,0.955,0.9584,14.0,0.9538,10.0,401.0,7.0
2021-01-05 09:45:35.731,0.955,0.9584,14.0,0.9538,10.0,401.0,7.0
2021-01-05 09:45:37.241,0.955,0.9584,14.0,0.9538,10.0,401.0,7.0
2021-01-05 09:45:39.210,0.955,0.9584,14.0,0.9538,10.0,401.0,7.0
2021-01-05 09:45:39.710,0.955,0.9584,14.0,0.9538,10.0,401.0,7.0
2021-01-05 09:45:40.240,0.955,0.9584,14.0,0.9538,10.0,401.0,7.0
2021-01-05 09:45:42.240,0.955,0.9584,14.0,0.9538,10.0,401.0,7.0
2021-01-05 09:45:42.711,0.955,0.9584,14.0,0.9538,10.0,401.0,7.0
2021-01-05 09:45:43.220,0.955,0.9584,14.0,0.9538,10.0,401.0,7.0
2021-01-05 09:45:43.731,0.955,0.9584,14.0,0.9538,10.0,401.0,7.0
2021-01-05 09:45:44.201,0.955,0.9584,14.0,0.9538,10.0,401.0,7.0
2021-01-05 09:45:45.220,0.955,0.9584,14.0,0.9538,10.0,401.0,7.0
2021-01-05 09:45:45.681,0.955,0.9584,14.0,0.9538,10.0,401.0,7.0
2021-01-05 09:45:46.240,0.955,0.9584,14.0,0.9538,10.0,401.0,7.0
2021-01-05 09:45:46.751,0.955,0.9584,14.0,0.9538,10.0,401.0,7.0
2021-01-05 09:45:47.241,0.955,0.9584,14.0,0.9538,10.0,401.0,7.0
2021-01-05 09:45:48.201,0.955,0.9584,14.0,0.9538,10.0,401.0,7.0
2021-01-05 09:45:48.741,0.955,0.9584,14.0,0.9538,10.0,401.0,7.0
2021-01-05 09:45:50.251,0.955,0.9584,14.0,0.9538,10.0,401.0,7.0
2021-01-05 09:45:50.750,0.955,0.9584,14.0,0.9538,10.0,401.0,7.0
2021-01-05 09:45:52.641,0.955,0.9584,14.0,0.9538,10.0,401.0,7.0
2021-01-05 09:45:54.191,0.955,0.9584,14.0,0.9538,10.0,401.0,7.0
2021-01-05 09:45:55.230,0.955,0.9584,14.0,0.9538,10.0,401.0,7.0
2021-01-05 09:45:55.711,0.955,0.9584,14.0,0.9538,10.0,401.0,7.0
2021-01-05 09:45:56.631,0.955,0.9584,14.0,0.9538,10.0,401.0,7.0
2021-01-05 09:45:58.231,0.955,0.9584,14.0,0.9538,10.0,401.0,7.0
2021-01-05 09:45:58.711,0.955,0.9584,14.0,0.9538,10.0,401.0,7.0
2021-01-05 09:45:59.230,0.955,0.9584,14.0,0.9538,10.0,401.0,7.0
2021-01-05 09:46:00.730,0.955,0.9584,14.0,0.9538,10.0,401.0,7.0
2021-01-05 09:46:01.230,0.955,0.9584,14.0,0.9538,30.0,401.0,7.0
2021-01-05 09:46:02.221,0.955,0.9584,14.0,0.9538,10.0,401.0,7.0
2021-01-05 09:46:02.711,0.955,0.9584,14.0,0.9538,10.0,401.0,7.0
2021-01-05 09:46:03.731,0.955,0.9584,14.0,0.9538,10.0,401.0,7.0
2021-01-05 09:46:05.691,0.955,0.9584,14.0,0.9538,10.0,401.0,7.0
2021-01-05 09:46:06.221,0.955,0.9584,14.0,0.9538,10.0,401.0,7.0
2021-01-05 09:46:06.690,0.955,0.9573,14.0,0.9538,10.0,401.0,7.0
2021-01-05 09:46:07.251,0.955,0.9573,14.0,0.9538,10.0,401.0,7.0
2021-01-05 09:46:10.221,0.955,0.9573,34.0,0.9524,10.0,401.0,7.0
2021-01-05 09:46:10.720,0.955,0.9573,34.0,0.9524,10.0,401.0,7.0
2021-01-05 09:46:12.190,0.955,0.9573,34.0,0.9524,10.0,401.0,7.0
2021-01-05 09:46:13.681,0.955,0.9573,34.0,0.9524,10.0,401.0,7.0
2021-01-05 09:46:14.731,0.955,0.9573,34.0,0.9524,10.0,401.0,7.0
2021-01-05 09:46:17.221,0.955,0.9573,34.0,0.9524,10.0,401.0,7.0
2021-01-05 09:46:20.210,0.955,0.9573,34.0,0.9518,20.0,401.0,7.0
2021-01-05 09:46:20.731,0.955,0.9573,34.0,0.9518,20.0,401.0,7.0
2021-01-05 09:46:21.240,0.955,0.9573,34.0,0.9518,20.0,401.0,7.0
2021-01-05 09:46:22.220,0.955,0.9573,34.0,0.9503,34.0,401.0,7.0
2021-01-05 09:46:22.690,0.955,0.9573,34.0,0.9503,34.0,401.0,7.0
2021-01-05 09:46:23.201,0.955,0.9573,34.0,0.9503,34.0,401.0,7.0
2021-01-05 09:46:24.221,0.955,0.9573,34.0,0.9503,34.0,401.0,7.0
2021-01-05 09:46:25.211,0.955,0.9573,34.0,0.9503,34.0,401.0,7.0
2021-01-05 09:46:27.201,0.955,0.9573,34.0,0.9503,34.0,401.0,7.0
2021-01-05 09:46:29.151,0.955,0.9573,34.0,0.9503,34.0,401.0,7.0
2021-01-05 09:46:29.710,0.955,0.9573,34.0,0.9503,34.0,401.0,7.0
2021-01-05 09:46:31.210,0.955,0.9573,34.0,0.9503,34.0,401.0,7.0
2021-01-05 09:46:32.701,0.955,0.9573,34.0,0.9503,34.0,401.0,7.0
2021-01-05 09:46:33.210,0.955,0.9573,34.0,0.9503,34.0,401.0,7.0
2021-01-05 09:46:33.660,0.955,0.9573,34.0,0.9503,34.0,401.0,7.0
2021-01-05 09:46:35.231,0.955,0.956,14.0,0.9503,20.0,401.0,7.0
2021-01-05 09:46:35.721,0.955,0.956,14.0,0.9503,20.0,401.0,7.0
2021-01-05 09:46:36.221,0.955,0.956,14.0,0.9503,20.0,401.0,7.0
2021-01-05 09:46:36.730,0.955,0.956,14.0,0.9503,20.0,401.0,7.0
2021-01-05 09:46:37.750,0.955,0.956,14.0,0.9503,20.0,401.0,7.0
2021-01-05 09:46:38.201,0.955,0.956,14.0,0.9503,20.0,401.0,7.0
2021-01-05 09:46:38.741,0.955,0.956,14.0,0.9504,1.0,401.0,7.0
2021-01-05 09:46:39.210,0.955,0.9573,14.0,0.9507,14.0,401.0,7.0
2021-01-05 09:46:40.211,0.955,0.9573,14.0,0.9507,14.0,401.0,7.0
2021-01-05 09:46:40.670,0.955,0.9573,14.0,0.9507,34.0,401.0,7.0
2021-01-05 09:46:41.250,0.955,0.9573,14.0,0.9507,34.0,401.0,7.0
2021-01-05 09:46:41.730,0.955,0.9573,14.0,0.9507,34.0,401.0,7.0
2021-01-05 09:46:42.230,0.955,0.9573,14.0,0.9507,34.0,401.0,7.0
2021-01-05 09:46:47.701,0.955,0.9573,14.0,0.9507,34.0,401.0,7.0
2021-01-05 09:46:49.251,0.955,0.9573,14.0,0.9507,34.0,401.0,7.0
2021-01-05 09:46:50.170,0.955,0.9573,34.0,0.9507,34.0,401.0,7.0
2021-01-05 09:46:51.731,0.955,0.9573,34.0,0.9507,34.0,401.0,7.0
2021-01-05 09:46:52.711,0.955,0.9573,34.0,0.9507,34.0,401.0,7.0
2021-01-05 09:46:53.201,0.955,0.9573,34.0,0.9507,34.0,401.0,7.0
2021-01-05 09:46:53.681,0.955,0.9573,34.0,0.9507,34.0,401.0,7.0
2021-01-05 09:46:54.221,0.955,0.9573,34.0,0.9507,34.0,401.0,7.0
2021-01-05 09:46:54.701,0.955,0.9573,34.0,0.9507,34.0,401.0,7.0
2021-01-05 09:46:56.221,0.955,0.9573,34.0,0.9507,34.0,401.0,7.0
2021-01-05 09:46:56.711,0.955,0.9573,34.0,0.9507,34.0,401.0,7.0
2021-01-05 09:46:57.741,0.955,0.9573,34.0,0.9507,34.0,401.0,7.0
2021-01-05 09:46:58.131,0.955,0.9573,34.0,0.9507,34.0,401.0,7.0
2021-01-05 09:46:58.720,0.955,0.9573,34.0,0.9507,34.0,401.0,7.0
2021-01-05 09:46:59.191,0.955,0.9573,34.0,0.9507,34.0,401.0,7.0
2021-01-05 09:47:00.741,0.955,0.9573,14.0,0.9533,10.0,401.0,7.0
2021-01-05 09:47:01.210,0.955,0.9573,14.0,0.9533,30.0,401.0,7.0
2021-01-05 09:47:01.721,0.955,0.9573,14.0,0.9533,30.0,401.0,7.0
2021-01-05 09:47:02.211,0.955,0.9582,14.0,0.9533,10.0,401.0,7.0
2021-01-05 09:47:02.741,0.955,0.9582,14.0,0.9533,30.0,401.0,7.0
2021-01-05 09:47:03.220,0.955,0.9582,14.0,0.9533,10.0,401.0,7.0
2021-01-05 09:47:03.740,0.955,0.9582,14.0,0.9533,10.0,401.0,7.0
2021-01-05 09:47:04.211,0.955,0.9582,14.0,0.9533,10.0,401.0,7.0
2021-01-05 09:47:05.250,0.955,0.9582,14.0,0.9534,1.0,401.0,7.0
2021-01-05 09:47:06.251,0.955,0.9582,14.0,0.9534,1.0,401.0,7.0
2021-01-05 09:47:06.391,0.955,0.9596,14.0,0.9535,1.0,401.0,7.0
2021-01-05 09:47:07.221,0.955,0.9596,14.0,0.9535,1.0,401.0,7.0
2021-01-05 09:47:07.740,0.955,0.9596,14.0,0.9535,1.0,401.0,7.0
2021-01-05 09:47:08.230,0.955,0.9596,14.0,0.9535,1.0,401.0,7.0
2021-01-05 09:47:09.221,0.955,0.9596,14.0,0.9535,1.0,401.0,7.0
2021-01-05 09:47:09.751,0.955,0.9596,14.0,0.9536,10.0,401.0,7.0
2021-01-05 09:47:10.260,0.955,0.9596,14.0,0.9537,10.0,401.0,7.0
2021-01-05 09:47:10.721,0.955,0.9596,14.0,0.9536,10.0,401.0,7.0
2021-01-05 09:47:11.250,0.955,0.9596,14.0,0.9538,12.0,401.0,7.0
2021-01-05 09:47:11.751,0.955,0.9611,14.0,0.9547,14.0,401.0,7.0
2021-01-05 09:47:12.241,0.955,0.9611,14.0,0.9547,34.0,401.0,7.0
2021-01-05 09:47:12.731,0.955,0.9611,14.0,0.9565,10.0,401.0,7.0
2021-01-05 09:47:13.201,0.955,0.9611,14.0,0.9565,30.0,401.0,7.0
2021-01-05 09:47:14.220,0.955,0.9611,14.0,0.9565,30.0,401.0,7.0
2021-01-05 09:47:15.701,0.955,0.9611,14.0,0.9565,30.0,401.0,7.0
2021-01-05 09:47:16.241,0.955,0.9611,14.0,0.9565,31.0,401.0,7.0
2021-01-05 09:47:16.731,0.955,0.9611,14.0,0.9565,30.0,401.0,7.0
2021-01-05 09:47:17.251,0.955,0.9611,14.0,0.9565,30.0,401.0,7.0
2021-01-05 09:47:18.221,0.955,0.9611,14.0,0.9565,30.0,401.0,7.0
2021-01-05 09:47:18.621,0.955,0.9611,14.0,0.9565,30.0,401.0,7.0
2021-01-05 09:47:19.261,0.955,0.9611,14.0,0.9565,30.0,401.0,7.0
2021-01-05 09:47:19.731,0.955,0.9623,34.0,0.9565,30.0,401.0,7.0
2021-01-05 09:47:20.160,0.955,0.9623,14.0,0.9565,30.0,401.0,7.0
2021-01-05 09:47:20.761,0.955,0.9623,14.0,0.9566,1.0,401.0,7.0
2021-01-05 09:47:21.760,0.955,0.9623,14.0,0.9585,10.0,401.0,7.0
2021-01-05 09:47:22.240,0.955,0.9623,14.0,0.9585,30.0,401.0,7.0
2021-01-05 09:47:22.580,0.955,0.9623,14.0,0.9585,30.0,401.0,7.0
2021-01-05 09:47:23.151,0.955,0.9623,14.0,0.9585,30.0,401.0,7.0
2021-01-05 09:47:23.710,0.955,0.9623,14.0,0.9585,30.0,401.0,7.0
2021-01-05 09:47:24.221,0.955,0.9623,14.0,0.9585,30.0,401.0,7.0
2021-01-05 09:47:25.241,0.955,0.9623,14.0,0.9585,30.0,401.0,7.0
2021-01-05 09:47:25.710,0.955,0.9623,14.0,0.9585,30.0,401.0,7.0
2021-01-05 09:47:27.721,0.955,0.9623,14.0,0.9585,30.0,401.0,7.0
2021-01-05 09:47:28.710,0.955,0.9623,14.0,0.9585,30.0,401.0,7.0
2021-01-05 09:47:30.720,0.955,0.9623,14.0,0.9585,30.0,401.0,7.0
2021-01-05 09:47:31.711,0.955,0.9623,14.0,0.9585,30.0,401.0,7.0
2021-01-05 09:47:32.170,0.955,0.9623,14.0,0.9585,31.0,401.0,7.0
2021-01-05 09:47:32.681,0.955,0.9623,14.0,0.9585,30.0,401.0,7.0
2021-01-05 09:47:34.231,0.955,0.9623,14.0,0.9585,30.0,401.0,7.0
2021-01-05 09:47:34.750,0.955,0.9623,14.0,0.9585,30.0,401.0,7.0
2021-01-05 09:47:35.221,0.955,0.9623,14.0,0.9585,30.0,401.0,7.0
2021-01-05 09:47:35.740,0.955,0.9623,14.0,0.9585,30.0,401.0,7.0
2021-01-05 09:47:36.241,0.955,0.9623,14.0,0.9585,30.0,401.0,7.0
2021-01-05 09:47:37.251,0.955,0.9623,14.0,0.9585,20.0,401.0,7.0
2021-01-05 09:47:38.260,0.955,0.9623,14.0,0.9586,1.0,401.0,7.0
2021-01-05 09:47:38.731,0.955,0.9623,14.0,0.9586,20.0,401.0,7.0
2021-01-05 09:47:39.261,0.955,0.9623,14.0,0.9572,10.0,401.0,7.0
2021-01-05 09:47:39.751,0.955,0.9623,14.0,0.9572,11.0,401.0,7.0
2021-01-05 09:47:40.260,0.955,0.9623,14.0,0.9572,11.0,401.0,7.0
2021-01-05 09:47:41.251,0.955,0.9623,14.0,0.9572,11.0,401.0,7.0
2021-01-05 09:47:41.701,0.955,0.9623,14.0,0.9573,1.0,401.0,7.0
2021-01-05 09:47:42.250,0.955,0.964,20.0,0.9573,21.0,401.0,7.0
2021-01-05 09:47:42.761,0.955,0.9635,14.0,0.9573,20.0,401.0,7.0
2021-01-05 09:47:43.240,0.955,0.9635,14.0,0.9573,21.0,401.0,7.0
2021-01-05 09:47:46.761,0.955,0.9635,14.0,0.9573,21.0,401.0,7.0
2021-01-05 09:47:47.270,0.955,0.9635,14.0,0.9573,21.0,401.0,7.0
2021-01-05 09:47:49.260,0.955,0.9635,14.0,0.9573,21.0,401.0,7.0
2021-01-05 09:47:49.771,0.955,0.9635,14.0,0.9573,21.0,401.0,7.0
2021-01-05 09:47:50.271,0.955,0.9635,14.0,0.9573,21.0,401.0,7.0
2021-01-05 09:47:50.751,0.955,0.9635,14.0,0.9573,20.0,401.0,7.0
2021-01-05 09:47:51.270,0.955,0.964,20.0,0.9573,20.0,401.0,7.0
2021-01-05 09:47:51.771,0.955,0.9621,14.0,0.9573,20.0,401.0,7.0
2021-01-05 09:47:52.240,0.955,0.9621,14.0,0.9573,20.0,401.0,7.0
2021-01-05 09:47:52.730,0.955,0.9621,14.0,0.9573,20.0,401.0,7.0
2021-01-05 09:47:53.231,0.955,0.9621,14.0,0.9573,20.0,401.0,7.0
2021-01-05 09:47:54.230,0.955,0.9621,14.0,0.9572,10.0,401.0,7.0
2021-01-05 09:47:54.741,0.955,0.9621,14.0,0.9572,10.0,401.0,7.0
2021-01-05 09:47:55.241,0.955,0.9621,14.0,0.9572,10.0,401.0,7.0
2021-01-05 09:47:55.740,0.955,0.9608,14.0,0.9572,10.0,401.0,7.0
2021-01-05 09:47:56.251,0.955,0.9608,14.0,0.9565,20.0,401.0,7.0
2021-01-05 09:47:56.751,0.955,0.9608,14.0,0.9565,20.0,401.0,7.0
2021-01-05 09:47:57.250,0.955,0.9608,14.0,0.9565,20.0,401.0,7.0
2021-01-05 09:47:57.750,0.955,0.9608,14.0,0.9565,20.0,401.0,7.0
2021-01-05 09:47:58.261,0.955,0.9608,14.0,0.9566,1.0,401.0,7.0
2021-01-05 09:47:58.781,0.955,0.9621,14.0,0.9566,21.0,401.0,7.0
2021-01-05 09:47:59.231,0.955,0.9621,14.0,0.9566,21.0,401.0,7.0
2021-01-05 09:47:59.751,0.955,0.9621,14.0,0.9566,21.0,401.0,7.0
2021-01-05 09:48:00.791,0.955,0.9621,14.0,0.9566,21.0,401.0,7.0
2021-01-05 09:48:01.261,0.955,0.9621,14.0,0.9566,21.0,401.0,7.0
2021-01-05 09:48:01.791,0.955,0.9621,14.0,0.9566,21.0,401.0,7.0
2021-01-05 09:48:02.231,0.955,0.9621,14.0,0.9566,21.0,401.0,7.0
2021-01-05 09:48:02.781,0.955,0.9621,14.0,0.9573,10.0,401.0,7.0
2021-01-05 09:48:03.261,0.955,0.966,20.0,0.9573,30.0,401.0,7.0
2021-01-05 09:48:03.791,0.955,0.9633,14.0,0.9574,1.0,401.0,7.0
2021-01-05 09:48:04.250,0.955,0.9633,14.0,0.9575,1.0,401.0,7.0
2021-01-05 09:48:04.790,0.955,0.9633,14.0,0.9575,1.0,401.0,7.0
2021-01-05 09:48:05.290,0.955,0.9633,14.0,0.9575,1.0,401.0,7.0
2021-01-05 09:48:06.291,0.955,0.9633,14.0,0.9575,1.0,401.0,7.0
2021-01-05 09:48:06.781,0.955,0.9633,14.0,0.9575,1.0,401.0,7.0
2021-01-05 09:48:08.250,0.955,0.9633,14.0,0.9575,1.0,401.0,7.0
2021-01-05 09:48:09.291,0.955,0.9633,14.0,0.9575,2.0,401.0,7.0
2021-01-05 09:48:09.751,0.955,0.9633,14.0,0.9575,2.0,401.0,7.0
2021-01-05 09:48:10.171,0.955,0.9633,14.0,0.9575,2.0,401.0,7.0
2021-01-05 09:48:11.291,0.955,0.9633,14.0,0.9575,2.0,401.0,7.0
2021-01-05 09:48:11.791,0.955,0.9633,14.0,0.9575,2.0,401.0,7.0
2021-01-05 09:48:12.751,0.955,0.9633,14.0,0.9575,2.0,401.0,7.0
2021-01-05 09:48:13.281,0.955,0.9633,14.0,0.9575,1.0,401.0,7.0
2021-01-05 09:48:13.760,0.955,0.9633,14.0,0.9575,1.0,401.0,7.0
2021-01-05 09:48:14.300,0.955,0.9633,14.0,0.9575,1.0,401.0,7.0
2021-01-05 09:48:14.791,0.955,0.9633,14.0,0.9574,1.0,401.0,7.0
2021-01-05 09:48:15.310,0.955,0.9633,14.0,0.9573,30.0,401.0,7.0
2021-01-05 09:48:15.831,0.955,0.9645,20.0,0.9573,10.0,401.0,7.0
2021-01-05 09:48:16.321,0.955,0.962,14.0,0.9573,10.0,401.0,7.0
2021-01-05 09:48:16.801,0.955,0.962,14.0,0.9573,30.0,401.0,7.0
2021-01-05 09:48:18.831,0.955,0.962,14.0,0.9573,20.0,401.0,7.0
2021-01-05 09:48:19.271,0.955,0.962,14.0,0.9556,34.0,401.0,7.0
2021-01-05 09:48:19.800,0.955,0.962,14.0,0.9556,34.0,401.0,7.0
2021-01-05 09:48:20.261,0.955,0.962,14.0,0.9556,34.0,401.0,7.0
2021-01-05 09:48:20.791,0.955,0.962,14.0,0.9557,1.0,401.0,7.0
2021-01-05 09:48:21.340,0.955,0.962,14.0,0.9557,1.0,401.0,7.0
2021-01-05 09:48:22.301,0.955,0.962,14.0,0.9557,2.0,401.0,7.0
2021-01-05 09:48:22.731,0.955,0.962,14.0,0.9557,2.0,401.0,7.0
2021-01-05 09:48:23.021,0.955,0.962,14.0,0.9557,1.0,401.0,7.0
2021-01-05 09:48:23.730,0.955,0.962,14.0,0.9557,1.0,401.0,7.0
2021-01-05 09:48:26.101,0.955,0.9607,14.0,0.9557,1.0,401.0,7.0
2021-01-05 09:48:26.621,0.955,0.9607,14.0,0.9556,20.0,401.0,7.0
2021-01-05 09:48:27.181,0.955,0.9607,14.0,0.9556,20.0,401.0,7.0
2021-01-05 09:48:27.701,0.955,0.9607,14.0,0.9543,44.0,401.0,7.0
2021-01-05 09:48:28.160,0.955,0.9602,10.0,0.9543,14.0,401.0,7.0
2021-01-05 09:48:28.731,0.955,0.9602,10.0,0.9543,34.0,401.0,7.0
2021-01-05 09:48:29.011,0.955,0.9595,14.0,0.9543,20.0,401.0,7.0
2021-01-05 09:48:30.210,0.955,0.9595,14.0,0.9543,20.0,401.0,7.0
2021-01-05 09:48:31.140,0.955,0.9595,14.0,0.9543,20.0,401.0,7.0
2021-01-05 09:48:32.200,0.955,0.9595,14.0,0.9538,10.0,401.0,7.0
2021-01-05 09:48:32.700,0.955,0.9595,14.0,0.9538,20.0,401.0,7.0
2021-01-05 09:48:33.190,0.955,0.9583,14.0,0.9538,20.0,401.0,7.0
2021-01-05 09:48:33.680,0.955,0.9583,14.0,0.9538,20.0,401.0,7.0
2021-01-05 09:48:34.141,0.955,0.9583,14.0,0.952,34.0,401.0,7.0
2021-01-05 09:48:34.721,0.955,0.9583,14.0,0.9521,3.0,401.0,7.0
2021-01-05 09:48:35.631,0.955,0.9583,14.0,0.9521,4.0,401.0,7.0
2021-01-05 09:48:36.730,0.955,0.9583,14.0,0.9521,4.0,401.0,7.0
2021-01-05 09:48:37.211,0.955,0.9583,14.0,0.9523,10.0,401.0,7.0
2021-01-05 09:48:38.211,0.955,0.9596,14.0,0.9549,10.0,401.0,7.0
2021-01-05 09:48:38.690,0.955,0.9596,14.0,0.9549,30.0,401.0,7.0
2021-01-05 09:48:39.600,0.955,0.9596,14.0,0.9549,30.0,401.0,7.0
2021-01-05 09:48:41.231,0.955,0.9596,14.0,0.9549,30.0,401.0,7.0
2021-01-05 09:48:42.190,0.955,0.9596,14.0,0.9549,30.0,401.0,7.0
2021-01-05 09:48:42.661,0.955,0.9596,14.0,0.9549,20.0,401.0,7.0
2021-01-05 09:48:43.740,0.955,0.9596,14.0,0.9532,14.0,401.0,7.0
2021-01-05 09:48:44.370,0.955,0.9596,14.0,0.9533,2.0,401.0,7.0
2021-01-05 09:48:45.020,0.955,0.9596,14.0,0.9532,14.0,401.0,7.0
2021-01-05 09:48:45.531,0.955,0.9596,14.0,0.9532,14.0,401.0,7.0
2021-01-05 09:48:46.011,0.955,0.9596,14.0,0.9532,14.0,401.0,7.0
2021-01-05 09:48:46.391,0.955,0.9596,14.0,0.9532,14.0,401.0,7.0
2021-01-05 09:48:47.021,0.955,0.9596,14.0,0.9532,14.0,401.0,7.0
2021-01-05 09:48:47.911,0.955,0.9596,14.0,0.9532,14.0,401.0,7.0
2021-01-05 09:48:48.301,0.955,0.9596,14.0,0.9532,14.0,401.0,7.0
2021-01-05 09:48:49.010,0.955,0.9596,14.0,0.9532,14.0,401.0,7.0
2021-01-05 09:48:49.361,0.955,0.9596,14.0,0.9532,14.0,401.0,7.0
2021-01-05 09:48:50.030,0.955,0.9596,14.0,0.9532,14.0,401.0,7.0
2021-01-05 09:48:51.031,0.955,0.9596,14.0,0.9532,14.0,401.0,7.0
2021-01-05 09:48:51.451,0.955,0.9596,14.0,0.9532,14.0,401.0,7.0
2021-01-05 09:48:52.020,0.955,0.9596,14.0,0.9532,14.0,401.0,7.0
2021-01-05 09:48:52.510,0.955,0.958,14.0,0.9528,20.0,401.0,7.0
2021-01-05 09:48:53.150,0.955,0.958,14.0,0.9528,20.0,401.0,7.0
2021-01-05 09:48:53.711,0.955,0.958,14.0,0.9528,30.0,401.0,7.0
2021-01-05 09:48:54.091,0.955,0.958,14.0,0.9528,30.0,401.0,7.0
2021-01-05 09:48:54.681,0.955,0.958,14.0,0.9528,30.0,401.0,7.0
2021-01-05 09:48:55.201,0.955,0.958,14.0,0.9528,30.0,401.0,7.0
2021-01-05 09:48:57.171,0.955,0.958,14.0,0.9528,20.0,401.0,7.0
2021-01-05 09:48:58.160,0.955,0.958,14.0,0.9516,34.0,401.0,7.0
2021-01-05 09:48:58.750,0.955,0.958,14.0,0.9516,34.0,401.0,7.0
2021-01-05 09:48:59.161,0.955,0.958,14.0,0.9516,34.0,401.0,7.0
2021-01-05 09:49:00.260,0.955,0.958,14.0,0.9516,34.0,401.0,7.0
2021-01-05 09:49:00.761,0.955,0.958,14.0,0.9516,34.0,401.0,7.0
2021-01-05 09:49:01.681,0.955,0.958,14.0,0.9516,34.0,401.0,7.0
2021-01-05 09:49:02.790,0.955,0.958,14.0,0.9516,34.0,401.0,7.0
2021-01-05 09:49:03.291,0.955,0.958,14.0,0.9516,34.0,401.0,7.0
2021-01-05 09:49:03.791,0.955,0.958,14.0,0.9516,34.0,401.0,7.0
2021-01-05 09:49:04.290,0.955,0.958,14.0,0.9516,34.0,401.0,7.0
2021-01-05 09:49:05.301,0.955,0.958,14.0,0.9516,34.0,401.0,7.0
2021-01-05 09:49:05.790,0.955,0.958,14.0,0.9516,34.0,401.0,7.0
2021-01-05 09:49:06.311,0.955,0.958,14.0,0.9517,2.0,401.0,7.0
2021-01-05 09:49:06.820,0.955,0.958,14.0,0.9517,1.0,401.0,7.0
2021-01-05 09:49:07.291,0.955,0.958,14.0,0.9517,1.0,401.0,7.0
2021-01-05 09:49:07.790,0.955,0.958,14.0,0.9517,1.0,401.0,7.0
2021-01-05 09:49:08.301,0.955,0.958,14.0,0.9517,1.0,401.0,7.0
2021-01-05 09:49:09.821,0.955,0.958,14.0,0.9518,2.0,401.0,7.0
2021-01-05 09:49:10.330,0.955,0.9605,10.0,0.9521,10.0,401.0,7.0
2021-01-05 09:49:10.831,0.955,0.9592,14.0,0.9528,14.0,401.0,7.0
2021-01-05 09:49:11.260,0.955,0.9592,14.0,0.9529,1.0,401.0,7.0
2021-01-05 09:49:11.850,0.955,0.9592,14.0,0.9528,34.0,401.0,7.0
2021-01-05 09:49:12.850,0.955,0.96,20.0,0.9528,20.0,401.0,7.0
2021-01-05 09:49:13.310,0.955,0.958,14.0,0.952,20.0,401.0,7.0
2021-01-05 09:49:13.851,0.955,0.958,14.0,0.952,20.0,401.0,7.0
2021-01-05 09:49:14.261,0.955,0.958,14.0,0.9521,1.0,401.0,7.0
2021-01-05 09:49:17.300,0.955,0.958,14.0,0.9521,1.0,401.0,7.0
2021-01-05 09:49:20.291,0.955,0.958,14.0,0.952,20.0,401.0,7.0
2021-01-05 09:49:20.681,0.955,0.958,14.0,0.952,20.0,401.0,7.0
2021-01-05 09:49:21.330,0.955,0.958,14.0,0.952,20.0,401.0,7.0
2021-01-05 09:49:21.451,0.955,0.958,14.0,0.952,20.0,401.0,7.0
2021-01-05 09:49:22.300,0.955,0.958,14.0,0.952,20.0,401.0,7.0
2021-01-05 09:49:23.201,0.955,0.958,14.0,0.952,20.0,401.0,7.0
2021-01-05 09:49:24.671,0.955,0.958,14.0,0.952,20.0,401.0,7.0
2021-01-05 09:49:25.710,0.955,0.958,14.0,0.952,20.0,401.0,7.0
2021-01-05 09:49:26.171,0.955,0.958,14.0,0.952,20.0,401.0,7.0
2021-01-05 09:49:29.210,0.955,0.958,14.0,0.952,20.0,401.0,7.0
2021-01-05 09:49:30.140,0.955,0.958,14.0,0.952,20.0,401.0,7.0
2021-01-05 09:49:30.640,0.955,0.958,14.0,0.952,20.0,401.0,7.0
2021-01-05 09:49:31.621,0.955,0.958,14.0,0.952,20.0,401.0,7.0
2021-01-05 09:49:32.701,0.955,0.958,14.0,0.952,20.0,401.0,7.0
2021-01-05 09:49:33.621,0.955,0.958,14.0,0.952,20.0,401.0,7.0
2021-01-05 09:49:34.710,0.955,0.958,14.0,0.952,20.0,401.0,7.0
2021-01-05 09:49:36.570,0.955,0.9568,14.0,0.952,20.0,401.0,7.0
2021-01-05 09:49:37.260,0.955,0.9568,14.0,0.952,20.0,401.0,7.0
2021-01-05 09:49:37.680,0.955,0.9568,14.0,0.952,20.0,401.0,7.0
2021-01-05 09:49:38.180,0.955,0.9568,14.0,0.952,20.0,401.0,7.0
2021-01-05 09:49:38.760,0.955,0.9568,14.0,0.952,20.0,401.0,7.0
2021-01-05 09:49:39.761,0.955,0.9568,14.0,0.952,20.0,401.0,7.0
2021-01-05 09:49:40.581,0.955,0.9568,14.0,0.952,20.0,401.0,7.0
2021-01-05 09:49:41.211,0.955,0.9568,14.0,0.952,20.0,401.0,7.0
2021-01-05 09:49:42.700,0.955,0.9568,14.0,0.952,20.0,401.0,7.0
2021-01-05 09:49:43.111,0.955,0.9568,14.0,0.952,20.0,401.0,7.0
2021-01-05 09:49:43.741,0.955,0.9568,14.0,0.952,20.0,401.0,7.0
2021-01-05 09:49:44.760,0.955,0.9568,14.0,0.952,20.0,401.0,7.0
2021-01-05 09:49:46.170,0.955,0.9568,14.0,0.952,20.0,401.0,7.0
2021-01-05 09:49:46.610,0.955,0.9568,14.0,0.952,20.0,401.0,7.0
2021-01-05 09:49:47.161,0.955,0.9568,14.0,0.952,20.0,401.0,7.0
2021-01-05 09:49:47.691,0.955,0.9568,14.0,0.952,20.0,401.0,7.0
2021-01-05 09:49:48.191,0.955,0.9568,14.0,0.952,20.0,401.0,7.0
2021-01-05 09:49:48.761,0.955,0.9568,14.0,0.952,20.0,401.0,7.0
2021-01-05 09:49:49.741,0.955,0.9568,14.0,0.952,20.0,401.0,7.0
2021-01-05 09:49:50.221,0.955,0.9568,14.0,0.952,20.0,401.0,7.0
2021-01-05 09:49:51.760,0.955,0.9568,14.0,0.952,20.0,401.0,7.0
2021-01-05 09:49:52.260,0.955,0.9568,14.0,0.952,20.0,401.0,7.0
2021-01-05 09:49:52.711,0.955,0.9568,14.0,0.952,20.0,401.0,7.0
2021-01-05 09:49:53.220,0.955,0.9568,14.0,0.952,20.0,401.0,7.0
2021-01-05 09:49:53.731,0.955,0.9568,14.0,0.9521,1.0,401.0,7.0
2021-01-05 09:49:54.231,0.955,0.9568,14.0,0.9521,1.0,401.0,7.0
2021-01-05 09:49:54.721,0.955,0.9568,14.0,0.9522,1.0,401.0,7.0
2021-01-05 09:49:56.701,0.955,0.9568,14.0,0.9522,1.0,401.0,7.0
2021-01-05 09:49:57.141,0.955,0.9581,14.0,0.9522,1.0,401.0,7.0
2021-01-05 09:49:57.631,0.955,0.9581,14.0,0.9522,1.0,401.0,7.0
2021-01-05 09:49:58.680,0.955,0.9581,14.0,0.9523,2.0,401.0,7.0
2021-01-05 09:49:59.731,0.955,0.9581,14.0,0.9533,10.0,401.0,7.0
2021-01-05 09:50:00.230,0.955,0.9581,14.0,0.9533,10.0,401.0,7.0
2021-01-05 09:50:00.591,0.955,0.9581,14.0,0.9534,1.0,401.0,7.0
2021-01-05 09:50:01.621,0.955,0.9581,14.0,0.9534,1.0,401.0,7.0
2021-01-05 09:50:02.241,0.955,0.9581,14.0,0.9534,1.0,401.0,7.0
2021-01-05 09:50:02.680,0.955,0.9593,14.0,0.9534,1.0,401.0,7.0
2021-01-05 09:50:03.210,0.955,0.9593,14.0,0.9534,1.0,401.0,7.0
2021-01-05 09:50:03.730,0.955,0.9593,14.0,0.9534,1.0,401.0,7.0
2021-01-05 09:50:04.241,0.955,0.9593,14.0,0.9535,2.0,401.0,7.0
