,last,ask1,asize1,bid1,bsize1,oi,volume
2021-01-05 09:25:00.080,,0.1118,1.0,0.1015,1.0,10223.0,
2021-01-05 09:30:00.451,0.1015,0.1015,2.0,0.1013,1.0,10224.0,1.0
2021-01-05 09:30:00.991,0.1015,0.1015,1.0,0.1,1.0,10224.0,3.0
2021-01-05 09:30:01.481,0.1015,0.11,20.0,0.101,1.0,10224.0,4.0
2021-01-05 09:30:04.430,0.1015,0.1078,20.0,0.1016,20.0,10224.0,4.0
2021-01-05 09:30:05.010,0.1015,0.1078,20.0,0.101,1.0,10224.0,4.0
2021-01-05 09:30:05.481,0.1015,0.1073,20.0,0.1012,20.0,10224.0,4.0
2021-01-05 09:30:05.990,0.1015,0.1078,20.0,0.101,1.0,10224.0,4.0
2021-01-05 09:30:06.480,0.1015,0.1069,20.0,0.101,21.0,10224.0,4.0
2021-01-05 09:30:06.971,0.1015,0.1069,20.0,0.101,1.0,10224.0,4.0
2021-01-05 09:30:07.471,0.1015,0.1064,20.0,0.101,21.0,10224.0,4.0
2021-01-05 09:30:10.501,0.1015,0.106,20.0,0.101,21.0,10224.0,4.0
2021-01-05 09:30:12.521,0.1015,0.1056,20.0,0.101,21.0,10224.0,4.0
2021-01-05 09:30:13.000,0.1015,0.11,20.0,0.101,1.0,10224.0,4.0
2021-01-05 09:30:13.501,0.1015,0.106,20.0,0.101,21.0,10224.0,4.0
2021-01-05 09:30:16.531,0.1015,0.1063,20.0,0.101,21.0,10224.0,4.0
2021-01-05 09:30:17.021,0.1015,0.11,20.0,0.101,1.0,10224.0,4.0
2021-01-05 09:30:17.641,0.1015,0.1064,20.0,0.101,21.0,10224.0,4.0
2021-01-05 09:30:19.251,0.1015,0.1069,20.0,0.101,21.0,10224.0,4.0
2021-01-05 09:30:22.240,0.1015,0.1065,20.0,0.101,21.0,10224.0,4.0
2021-01-05 09:30:24.161,0.1015,0.1065,20.0,0.101,1.0,10224.0,4.0
2021-01-05 09:30:24.661,0.1015,0.1062,20.0,0.101,21.0,10224.0,4.0
2021-01-05 09:30:25.671,0.1015,0.1059,20.0,0.101,21.0,10224.0,4.0
2021-01-05 09:30:28.161,0.1015,0.1059,20.0,0.101,21.0,10224.0,4.0
2021-01-05 09:30:30.620,0.1015,0.1062,20.0,0.101,21.0,10224.0,4.0
2021-01-05 09:30:31.121,0.1015,0.1062,20.0,0.101,21.0,10224.0,4.0
2021-01-05 09:30:31.631,0.1015,0.1062,20.0,0.101,21.0,10224.0,4.0
2021-01-05 09:30:32.631,0.1015,0.1064,20.0,0.101,21.0,10224.0,4.0
2021-01-05 09:30:33.671,0.1015,0.1064,20.0,0.101,21.0,10224.0,4.0
2021-01-05 09:30:35.121,0.1015,0.1064,20.0,0.1062,1.0,10224.0,4.0
2021-01-05 09:30:35.680,0.1062,0.1064,20.0,0.1026,20.0,10225.0,5.0
2021-01-05 09:30:36.170,0.1062,0.1064,20.0,0.101,21.0,10225.0,5.0
2021-01-05 09:30:37.670,0.1062,0.1064,20.0,0.101,21.0,10225.0,5.0
2021-01-05 09:30:38.141,0.1062,0.1064,20.0,0.101,21.0,10225.0,5.0
2021-01-05 09:30:43.180,0.1062,0.1064,30.0,0.101,31.0,10225.0,5.0
2021-01-05 09:30:44.181,0.1062,0.1064,30.0,0.101,31.0,10225.0,5.0
2021-01-05 09:30:51.721,0.1062,0.1064,30.0,0.1012,12.0,10225.0,5.0
2021-01-05 09:31:02.170,0.1062,0.1064,10.0,0.1012,12.0,10225.0,5.0
2021-01-05 09:31:02.681,0.1062,0.1059,10.0,0.1017,10.0,10225.0,5.0
2021-01-05 09:31:03.131,0.1062,0.1059,40.0,0.1017,40.0,10225.0,5.0
2021-01-05 09:31:08.200,0.1062,0.105,20.0,0.1017,40.0,10225.0,5.0
2021-01-05 09:31:08.600,0.1062,0.105,20.0,0.1017,40.0,10225.0,5.0
2021-01-05 09:31:09.101,0.1062,0.105,20.0,0.1017,40.0,10225.0,5.0
2021-01-05 09:31:11.701,0.1062,0.105,40.0,0.1017,40.0,10225.0,5.0
2021-01-05 09:31:17.201,0.1062,0.105,40.0,0.1017,40.0,10225.0,5.0
2021-01-05 09:31:18.720,0.1062,0.1042,10.0,0.1017,30.0,10225.0,5.0
2021-01-05 09:31:19.150,0.1062,0.1042,20.0,0.1017,10.0,10225.0,5.0
2021-01-05 09:31:19.711,0.1062,0.1042,10.0,0.1018,12.0,10225.0,5.0
2021-01-05 09:31:22.620,0.1062,0.1041,10.0,0.1018,12.0,10225.0,5.0
2021-01-05 09:31:23.171,0.1062,0.1039,10.0,0.1018,12.0,10225.0,5.0
2021-01-05 09:31:23.640,0.1062,0.1039,20.0,0.1018,12.0,10225.0,5.0
2021-01-05 09:31:24.161,0.1062,0.1039,20.0,0.1018,12.0,10225.0,5.0
2021-01-05 09:31:24.660,0.1062,0.1039,10.0,0.1018,12.0,10225.0,5.0
2021-01-05 09:31:25.150,0.1062,0.1039,20.0,0.1018,12.0,10225.0,5.0
2021-01-05 09:31:26.141,0.1062,0.1038,10.0,0.1018,12.0,10225.0,5.0
2021-01-05 09:31:27.171,0.1062,0.1039,20.0,0.1018,12.0,10225.0,5.0
2021-01-05 09:31:27.601,0.1062,0.1037,10.0,0.1018,12.0,10225.0,5.0
2021-01-05 09:31:28.101,0.1062,0.1037,20.0,0.1018,12.0,10225.0,5.0
2021-01-05 09:31:28.610,0.1062,0.1036,10.0,0.1018,12.0,10225.0,5.0
2021-01-05 09:31:29.171,0.1062,0.1037,20.0,0.1018,12.0,10225.0,5.0
2021-01-05 09:31:30.170,0.1062,0.1035,10.0,0.1018,12.0,10225.0,5.0
2021-01-05 09:31:30.671,0.1062,0.1036,10.0,0.1018,12.0,10225.0,5.0
2021-01-05 09:31:31.150,0.1062,0.1035,10.0,0.1018,12.0,10225.0,5.0
2021-01-05 09:31:31.641,0.1062,0.1036,10.0,0.1018,12.0,10225.0,5.0
2021-01-05 09:31:32.191,0.1062,0.1035,10.0,0.1018,12.0,10225.0,5.0
2021-01-05 09:31:33.190,0.1062,0.1035,10.0,0.1018,12.0,10225.0,5.0
2021-01-05 09:31:34.181,0.1062,0.1034,10.0,0.1018,12.0,10225.0,5.0
2021-01-05 09:31:34.681,0.1062,0.1032,10.0,0.1018,12.0,10225.0,5.0
2021-01-05 09:31:35.651,0.1062,0.103,10.0,0.1018,12.0,10225.0,5.0
2021-01-05 09:31:36.181,0.1062,0.103,10.0,0.1018,12.0,10225.0,5.0
2021-01-05 09:31:36.690,0.1062,0.103,10.0,0.1018,12.0,10225.0,5.0
2021-01-05 09:31:37.191,0.1062,0.103,10.0,0.1018,12.0,10225.0,5.0
2021-01-05 09:31:38.190,0.1062,0.103,10.0,0.1018,12.0,10225.0,5.0
2021-01-05 09:31:39.210,0.1062,0.103,10.0,0.1018,12.0,10225.0,5.0
2021-01-05 09:31:39.710,0.1062,0.103,10.0,0.1018,12.0,10225.0,5.0
2021-01-05 09:31:40.200,0.1062,0.103,10.0,0.1018,12.0,10225.0,5.0
2021-01-05 09:31:40.711,0.1062,0.103,20.0,0.1018,12.0,10225.0,5.0
2021-01-05 09:31:41.191,0.1062,0.103,20.0,0.1018,12.0,10225.0,5.0
2021-01-05 09:31:41.700,0.1062,0.103,20.0,0.1018,12.0,10225.0,5.0
2021-01-05 09:31:42.211,0.1062,0.103,20.0,0.1018,12.0,10225.0,5.0
2021-01-05 09:31:43.191,0.1062,0.103,20.0,0.1018,12.0,10225.0,5.0
2021-01-05 09:31:43.710,0.1062,0.103,20.0,0.1018,12.0,10225.0,5.0
2021-01-05 09:31:44.190,0.1062,0.103,20.0,0.1018,12.0,10225.0,5.0
2021-01-05 09:31:44.691,0.1062,0.1029,10.0,0.1018,12.0,10225.0,5.0
2021-01-05 09:31:45.170,0.1062,0.103,20.0,0.1018,12.0,10225.0,5.0
2021-01-05 09:31:45.700,0.1062,0.103,30.0,0.1018,12.0,10225.0,5.0
2021-01-05 09:31:46.011,0.1062,0.103,20.0,0.1018,12.0,10225.0,5.0
2021-01-05 09:31:46.701,0.1062,0.103,20.0,0.1018,12.0,10225.0,5.0
2021-01-05 09:31:47.191,0.1062,0.103,20.0,0.1018,12.0,10225.0,5.0
2021-01-05 09:31:47.711,0.1062,0.103,20.0,0.1018,12.0,10225.0,5.0
2021-01-05 09:31:49.221,0.1062,0.103,20.0,0.1018,12.0,10225.0,5.0
2021-01-05 09:31:49.711,0.1062,0.103,20.0,0.1018,12.0,10225.0,5.0
2021-01-05 09:31:50.191,0.1062,0.103,20.0,0.1018,12.0,10225.0,5.0
2021-01-05 09:31:50.710,0.1062,0.103,20.0,0.1018,32.0,10225.0,5.0
2021-01-05 09:31:51.210,0.1062,0.103,20.0,0.1018,32.0,10225.0,5.0
2021-01-05 09:31:51.701,0.1062,0.103,20.0,0.1018,32.0,10225.0,5.0
2021-01-05 09:31:52.220,0.1062,0.103,20.0,0.1018,42.0,10225.0,5.0
2021-01-05 09:31:52.621,0.1062,0.103,20.0,0.1018,42.0,10225.0,5.0
2021-01-05 09:31:53.171,0.1062,0.103,20.0,0.1018,32.0,10225.0,5.0
2021-01-05 09:31:53.530,0.1062,0.103,10.0,0.1018,42.0,10225.0,5.0
2021-01-05 09:31:54.151,0.1062,0.103,10.0,0.1018,52.0,10225.0,5.0
2021-01-05 09:31:55.150,0.1018,0.103,10.0,0.1018,20.0,10225.0,35.0
2021-01-05 09:31:55.670,0.1018,0.103,10.0,0.1018,20.0,10225.0,35.0
2021-01-05 09:31:57.171,0.1018,0.103,10.0,0.1018,20.0,10225.0,35.0
2021-01-05 09:31:57.641,0.1018,0.103,10.0,0.1018,40.0,10225.0,35.0
2021-01-05 09:31:58.171,0.1018,0.103,10.0,0.1018,40.0,10225.0,35.0
2021-01-05 09:31:59.180,0.1018,0.103,10.0,0.1018,40.0,10225.0,35.0
2021-01-05 09:31:59.660,0.1018,0.103,10.0,0.1018,40.0,10225.0,35.0
2021-01-05 09:32:00.150,0.1018,0.103,10.0,0.1018,40.0,10225.0,35.0
2021-01-05 09:32:00.650,0.1018,0.103,10.0,0.1018,30.0,10225.0,35.0
2021-01-05 09:32:01.170,0.1018,0.103,10.0,0.1018,20.0,10225.0,35.0
2021-01-05 09:32:01.670,0.1018,0.103,10.0,0.1018,20.0,10225.0,35.0
2021-01-05 09:32:01.960,0.1018,0.1026,10.0,0.1015,30.0,10225.0,35.0
2021-01-05 09:32:02.671,0.1018,0.1026,20.0,0.1015,20.0,10225.0,35.0
2021-01-05 09:32:03.180,0.1018,0.1026,20.0,0.1014,10.0,10225.0,35.0
2021-01-05 09:32:03.180,0.1018,0.1026,20.0,0.1014,10.0,10225.0,35.0
2021-01-05 09:32:04.161,0.1018,0.1026,20.0,0.1019,30.0,10225.0,35.0
2021-01-05 09:32:04.661,0.1018,0.1026,20.0,0.1019,30.0,10225.0,35.0
2021-01-05 09:32:05.141,0.1018,0.1026,20.0,0.1019,30.0,10225.0,35.0
2021-01-05 09:32:05.660,0.1018,0.1026,10.0,0.1019,30.0,10225.0,35.0
2021-01-05 09:32:06.161,0.1018,0.1026,20.0,0.1019,30.0,10225.0,35.0
2021-01-05 09:32:06.680,0.1018,0.1026,20.0,0.1019,30.0,10225.0,35.0
2021-01-05 09:32:07.070,0.1018,0.1026,10.0,0.1019,30.0,10225.0,35.0
2021-01-05 09:32:08.670,0.1018,0.1026,10.0,0.1019,30.0,10225.0,35.0
2021-01-05 09:32:09.141,0.1018,0.1029,10.0,0.1019,30.0,10225.0,35.0
2021-01-05 09:32:09.681,0.1018,0.1031,10.0,0.1019,30.0,10225.0,35.0
2021-01-05 09:32:10.071,0.1018,0.1031,10.0,0.1019,30.0,10225.0,35.0
2021-01-05 09:32:10.630,0.1018,0.1031,10.0,0.1019,30.0,10225.0,35.0
2021-01-05 09:32:11.170,0.1018,0.1031,10.0,0.1019,30.0,10225.0,35.0
2021-01-05 09:32:11.650,0.1018,0.1031,10.0,0.1019,30.0,10225.0,35.0
2021-01-05 09:32:12.670,0.1018,0.1027,10.0,0.1019,30.0,10225.0,35.0
2021-01-05 09:32:13.171,0.1018,0.1027,20.0,0.1019,30.0,10225.0,35.0
2021-01-05 09:32:13.680,0.1018,0.1027,20.0,0.1019,30.0,10225.0,35.0
2021-01-05 09:32:14.660,0.1018,0.1027,10.0,0.1019,30.0,10225.0,35.0
2021-01-05 09:32:15.171,0.1018,0.103,10.0,0.1019,30.0,10225.0,35.0
2021-01-05 09:32:16.551,0.1018,0.103,30.0,0.1019,30.0,10225.0,35.0
2021-01-05 09:32:17.161,0.1018,0.103,30.0,0.1019,30.0,10225.0,35.0
2021-01-05 09:32:18.130,0.1018,0.103,30.0,0.1019,30.0,10225.0,35.0
2021-01-05 09:32:18.670,0.1018,0.103,30.0,0.1021,30.0,10225.0,35.0
2021-01-05 09:32:20.151,0.1018,0.103,30.0,0.1021,30.0,10225.0,35.0
2021-01-05 09:32:20.671,0.1018,0.103,30.0,0.1021,30.0,10225.0,35.0
2021-01-05 09:32:21.171,0.1018,0.103,30.0,0.1021,30.0,10225.0,35.0
2021-01-05 09:32:21.680,0.1018,0.103,30.0,0.1021,30.0,10225.0,35.0
2021-01-05 09:32:22.181,0.1018,0.103,30.0,0.1021,30.0,10225.0,35.0
2021-01-05 09:32:22.660,0.1018,0.103,30.0,0.1025,10.0,10225.0,35.0
2021-01-05 09:32:23.140,0.1025,0.103,30.0,0.1021,30.0,10235.0,45.0
2021-01-05 09:32:25.170,0.103,0.103,30.0,0.1021,30.0,10235.0,47.0
2021-01-05 09:32:25.670,0.103,0.103,30.0,0.1021,30.0,10235.0,47.0
2021-01-05 09:32:26.171,0.103,0.103,30.0,0.1021,30.0,10235.0,47.0
2021-01-05 09:32:26.650,0.103,0.103,10.0,0.1021,30.0,10235.0,47.0
2021-01-05 09:32:29.180,0.103,0.103,9.0,0.1021,30.0,10236.0,48.0
2021-01-05 09:32:29.650,0.103,0.103,10.0,0.1021,30.0,10236.0,48.0
2021-01-05 09:32:31.151,0.103,0.103,10.0,0.1021,30.0,10236.0,48.0
2021-01-05 09:32:35.170,0.103,0.103,10.0,0.1021,30.0,10236.0,48.0
2021-01-05 09:32:36.190,0.103,0.103,30.0,0.1021,30.0,10236.0,48.0
2021-01-05 09:32:38.190,0.103,0.103,30.0,0.1021,30.0,10236.0,48.0
2021-01-05 09:32:39.630,0.103,0.103,30.0,0.1021,30.0,10236.0,48.0
2021-01-05 09:32:40.151,0.103,0.103,30.0,0.1021,30.0,10236.0,48.0
2021-01-05 09:32:44.700,0.103,0.103,30.0,0.1022,45.0,10236.0,48.0
2021-01-05 09:32:45.190,0.103,0.103,10.0,0.1022,45.0,10236.0,68.0
2021-01-05 09:32:45.580,0.103,0.103,10.0,0.1022,45.0,10236.0,68.0
2021-01-05 09:32:47.701,0.103,0.103,10.0,0.1022,45.0,10236.0,68.0
2021-01-05 09:32:49.670,0.103,0.103,10.0,0.1022,45.0,10236.0,68.0
2021-01-05 09:32:50.171,0.103,0.1032,10.0,0.103,19.0,10236.0,68.0
2021-01-05 09:32:50.650,0.103,0.1035,10.0,0.103,19.0,10236.0,68.0
2021-01-05 09:32:51.170,0.103,0.1037,10.0,0.1032,1.0,10236.0,68.0
2021-01-05 09:32:51.701,0.103,0.1038,10.0,0.1032,1.0,10236.0,68.0
2021-01-05 09:32:52.191,0.103,0.1038,10.0,0.1032,1.0,10236.0,68.0
2021-01-05 09:32:53.161,0.103,0.1038,10.0,0.1032,1.0,10236.0,68.0
2021-01-05 09:32:53.641,0.103,0.1039,10.0,0.103,19.0,10236.0,68.0
2021-01-05 09:32:53.641,0.103,0.1039,10.0,0.103,19.0,10236.0,68.0
2021-01-05 09:32:56.611,0.103,0.1039,10.0,0.103,19.0,10236.0,68.0
2021-01-05 09:32:57.181,0.103,0.1039,10.0,0.103,19.0,10236.0,68.0
2021-01-05 09:32:58.171,0.103,0.1039,10.0,0.103,19.0,10236.0,68.0
2021-01-05 09:32:58.651,0.103,0.104,20.0,0.103,19.0,10236.0,68.0
2021-01-05 09:32:59.621,0.104,0.104,19.0,0.103,19.0,10236.0,69.0
2021-01-05 09:33:00.180,0.104,0.104,19.0,0.103,19.0,10236.0,69.0
2021-01-05 09:33:01.141,0.104,0.104,39.0,0.103,19.0,10236.0,69.0
2021-01-05 09:33:01.661,0.104,0.104,39.0,0.103,19.0,10236.0,69.0
2021-01-05 09:33:02.130,0.104,0.1033,10.0,0.103,19.0,10236.0,69.0
2021-01-05 09:33:02.651,0.103,0.1033,30.0,0.1022,40.0,10236.0,88.0
2021-01-05 09:33:03.171,0.1033,0.1033,20.0,0.1022,30.0,10236.0,103.0
2021-01-05 09:33:03.681,0.1033,0.1033,20.0,0.1022,30.0,10236.0,103.0
2021-01-05 09:33:04.140,0.1033,0.1033,10.0,0.1022,30.0,10236.0,103.0
2021-01-05 09:33:04.630,0.1033,0.1033,10.0,0.1022,30.0,10236.0,103.0
2021-01-05 09:33:05.181,0.1033,0.1033,10.0,0.1022,30.0,10236.0,103.0
2021-01-05 09:33:07.171,0.1033,0.1033,10.0,0.1022,30.0,10236.0,103.0
2021-01-05 09:33:07.601,0.1033,0.1033,10.0,0.1022,30.0,10236.0,103.0
2021-01-05 09:33:08.681,0.1033,0.1033,10.0,0.1022,30.0,10236.0,103.0
2021-01-05 09:33:10.681,0.1033,0.1028,10.0,0.1022,30.0,10236.0,103.0
2021-01-05 09:33:11.180,0.1033,0.1028,10.0,0.1022,30.0,10236.0,103.0
2021-01-05 09:33:12.181,0.1033,0.1028,10.0,0.1022,30.0,10236.0,103.0
2021-01-05 09:33:12.650,0.1033,0.1028,10.0,0.1022,30.0,10236.0,103.0
2021-01-05 09:33:13.100,0.1033,0.1028,10.0,0.1022,30.0,10236.0,103.0
2021-01-05 09:33:13.691,0.1033,0.1028,10.0,0.1022,30.0,10236.0,103.0
2021-01-05 09:33:15.140,0.1033,0.1028,20.0,0.1022,30.0,10236.0,103.0
2021-01-05 09:33:15.651,0.1033,0.1028,20.0,0.1022,30.0,10236.0,103.0
2021-01-05 09:33:16.671,0.1033,0.1028,20.0,0.1022,30.0,10236.0,103.0
2021-01-05 09:33:17.190,0.1033,0.1028,20.0,0.1022,30.0,10236.0,103.0
2021-01-05 09:33:17.691,0.1033,0.1028,20.0,0.1022,30.0,10236.0,103.0
2021-01-05 09:33:18.160,0.1033,0.1028,20.0,0.1022,30.0,10236.0,103.0
2021-01-05 09:33:18.680,0.1022,0.1028,20.0,0.1022,10.0,10236.0,123.0
2021-01-05 09:33:19.660,0.1022,0.1023,10.0,0.1022,10.0,10236.0,123.0
2021-01-05 09:33:19.950,0.1022,0.1023,10.0,0.1022,10.0,10236.0,123.0
2021-01-05 09:33:20.680,0.1022,0.1023,10.0,0.1022,10.0,10236.0,123.0
2021-01-05 09:33:21.681,0.1022,0.1023,10.0,0.1022,10.0,10236.0,123.0
2021-01-05 09:33:22.150,0.1022,0.1023,10.0,0.1022,10.0,10236.0,123.0
2021-01-05 09:33:22.670,0.1022,0.1023,10.0,0.1022,9.0,10236.0,124.0
2021-01-05 09:33:23.051,0.1022,0.1023,10.0,0.1022,8.0,10236.0,125.0
2021-01-05 09:33:23.660,0.1022,0.1023,10.0,0.1022,7.0,10236.0,126.0
2021-01-05 09:33:25.151,0.1024,0.1027,20.0,0.1025,10.0,10236.0,146.0
2021-01-05 09:33:25.541,0.1025,0.1026,10.0,0.1022,7.0,10236.0,156.0
2021-01-05 09:33:26.161,0.1025,0.1026,10.0,0.1022,7.0,10236.0,156.0
2021-01-05 09:33:26.620,0.1025,0.1026,10.0,0.1022,7.0,10236.0,156.0
2021-01-05 09:33:27.171,0.1025,0.1026,10.0,0.1022,7.0,10236.0,156.0
2021-01-05 09:33:27.681,0.1025,0.1026,10.0,0.1022,7.0,10236.0,156.0
2021-01-05 09:33:28.180,0.1025,0.1026,10.0,0.1022,7.0,10236.0,156.0
2021-01-05 09:33:28.670,0.1025,0.1026,10.0,0.1022,7.0,10236.0,156.0
2021-01-05 09:33:29.681,0.1025,0.1026,10.0,0.1022,7.0,10236.0,156.0
2021-01-05 09:33:31.680,0.1025,0.1026,10.0,0.1022,7.0,10236.0,156.0
2021-01-05 09:33:37.190,0.1025,0.1026,10.0,0.1022,7.0,10236.0,156.0
2021-01-05 09:33:37.640,0.1025,0.1026,10.0,0.1022,7.0,10236.0,156.0
2021-01-05 09:33:38.621,0.1025,0.1026,30.0,0.1022,7.0,10236.0,156.0
2021-01-05 09:33:39.201,0.1025,0.1026,30.0,0.1022,7.0,10236.0,156.0
2021-01-05 09:33:39.661,0.1026,0.1026,22.0,0.1022,7.0,10244.0,164.0
2021-01-05 09:33:40.160,0.1026,0.1026,22.0,0.1022,7.0,10244.0,164.0
2021-01-05 09:33:40.690,0.1026,0.1026,20.0,0.1022,7.0,10244.0,164.0
2021-01-05 09:33:41.691,0.1026,0.1029,10.0,0.1022,7.0,10244.0,164.0
2021-01-05 09:33:42.160,0.1026,0.1029,10.0,0.1022,7.0,10244.0,164.0
2021-01-05 09:33:43.180,0.1026,0.1029,10.0,0.1022,7.0,10244.0,164.0
2021-01-05 09:33:43.681,0.1026,0.1029,10.0,0.1022,7.0,10244.0,164.0
2021-01-05 09:33:44.110,0.1026,0.1029,10.0,0.1022,7.0,10244.0,164.0
2021-01-05 09:33:44.671,0.1026,0.1029,10.0,0.1022,7.0,10244.0,164.0
2021-01-05 09:33:46.161,0.1026,0.1029,10.0,0.1022,7.0,10244.0,164.0
2021-01-05 09:33:47.191,0.1026,0.1031,20.0,0.1022,7.0,10244.0,164.0
2021-01-05 09:33:47.681,0.1026,0.1031,20.0,0.1022,7.0,10244.0,164.0
2021-01-05 09:33:48.171,0.1026,0.1031,20.0,0.1022,7.0,10244.0,164.0
2021-01-05 09:33:48.680,0.1026,0.1031,20.0,0.1022,7.0,10244.0,164.0
2021-01-05 09:33:49.681,0.1026,0.1031,20.0,0.1022,7.0,10244.0,164.0
2021-01-05 09:33:50.130,0.1026,0.1031,10.0,0.1022,7.0,10244.0,164.0
2021-01-05 09:33:50.670,0.1026,0.1031,10.0,0.1022,7.0,10244.0,164.0
2021-01-05 09:33:51.571,0.1026,0.1031,20.0,0.1022,7.0,10244.0,164.0
2021-01-05 09:33:52.190,0.1026,0.1031,20.0,0.1022,7.0,10244.0,164.0
2021-01-05 09:33:52.661,0.1026,0.1031,20.0,0.1029,1.0,10244.0,164.0
2021-01-05 09:33:52.960,0.1029,0.1031,20.0,0.1022,7.0,10245.0,165.0
2021-01-05 09:33:53.650,0.1029,0.1031,10.0,0.1022,7.0,10245.0,165.0
2021-01-05 09:33:54.180,0.1029,0.1031,20.0,0.1022,7.0,10245.0,165.0
2021-01-05 09:33:54.610,0.1029,0.1031,20.0,0.1022,7.0,10245.0,165.0
2021-01-05 09:33:57.171,0.1029,0.1031,20.0,0.1022,7.0,10245.0,165.0
2021-01-05 09:33:57.671,0.1029,0.1033,10.0,0.1022,7.0,10245.0,165.0
2021-01-05 09:33:58.170,0.1029,0.1033,10.0,0.1022,7.0,10245.0,165.0
2021-01-05 09:33:58.670,0.1029,0.1035,10.0,0.1022,27.0,10245.0,165.0
2021-01-05 09:33:59.140,0.1029,0.1035,10.0,0.1022,27.0,10245.0,165.0
2021-01-05 09:33:59.690,0.1029,0.1036,20.0,0.1022,27.0,10245.0,165.0
2021-01-05 09:34:00.191,0.1029,0.1036,20.0,0.1022,27.0,10245.0,165.0
2021-01-05 09:34:01.140,0.1029,0.1036,20.0,0.1022,27.0,10245.0,165.0
2021-01-05 09:34:01.661,0.1029,0.1036,20.0,0.1022,27.0,10245.0,165.0
2021-01-05 09:34:03.171,0.1029,0.1036,20.0,0.1022,27.0,10245.0,165.0
2021-01-05 09:34:07.630,0.1029,0.1036,20.0,0.1022,27.0,10245.0,165.0
2021-01-05 09:34:08.171,0.1029,0.1036,10.0,0.1022,37.0,10245.0,165.0
2021-01-05 09:34:09.170,0.1029,0.1036,10.0,0.1022,37.0,10245.0,165.0
2021-01-05 09:34:09.670,0.1029,0.1036,10.0,0.1022,37.0,10245.0,165.0
2021-01-05 09:34:10.690,0.1029,0.1032,10.0,0.1022,27.0,10245.0,165.0
2021-01-05 09:34:11.151,0.1029,0.1032,10.0,0.1022,37.0,10245.0,165.0
2021-01-05 09:34:11.681,0.1029,0.1032,10.0,0.1022,37.0,10245.0,165.0
2021-01-05 09:34:12.640,0.1029,0.1032,10.0,0.1022,37.0,10245.0,165.0
2021-01-05 09:34:13.191,0.1029,0.1032,10.0,0.1022,37.0,10245.0,165.0
2021-01-05 09:34:13.671,0.1029,0.1032,20.0,0.1022,27.0,10245.0,165.0
2021-01-05 09:34:14.181,0.1029,0.1032,20.0,0.1022,27.0,10245.0,165.0
2021-01-05 09:34:14.691,0.1029,0.1027,10.0,0.1022,27.0,10245.0,165.0
2021-01-05 09:34:15.181,0.1029,0.1027,10.0,0.1022,7.0,10245.0,165.0
2021-01-05 09:34:15.681,0.1029,0.1027,10.0,0.1022,7.0,10245.0,165.0
2021-01-05 09:34:16.190,0.1029,0.1027,10.0,0.1022,7.0,10245.0,165.0
2021-01-05 09:34:16.620,0.1029,0.1027,10.0,0.1022,7.0,10245.0,165.0
2021-01-05 09:34:17.070,0.1029,0.1027,10.0,0.1022,7.0,10245.0,165.0
2021-01-05 09:34:17.690,0.1029,0.103,10.0,0.1022,7.0,10245.0,165.0
2021-01-05 09:34:18.201,0.1029,0.103,10.0,0.1022,7.0,10245.0,165.0
2021-01-05 09:34:18.201,0.1029,0.103,10.0,0.1022,7.0,10245.0,165.0
2021-01-05 09:34:19.700,0.1029,0.1032,20.0,0.1022,7.0,10245.0,165.0
2021-01-05 09:34:22.151,0.1029,0.1032,20.0,0.1022,17.0,10245.0,165.0
2021-01-05 09:34:25.171,0.1029,0.1032,20.0,0.1022,17.0,10245.0,165.0
2021-01-05 09:34:26.641,0.1029,0.1032,20.0,0.1024,12.0,10245.0,165.0
2021-01-05 09:34:27.150,0.1029,0.103,12.0,0.1024,12.0,10245.0,165.0
2021-01-05 09:34:27.690,0.1029,0.103,12.0,0.1024,32.0,10245.0,165.0
2021-01-05 09:34:28.120,0.1029,0.103,12.0,0.1024,32.0,10245.0,165.0
2021-01-05 09:34:30.681,0.1029,0.103,12.0,0.1024,32.0,10245.0,165.0
2021-01-05 09:34:31.691,0.1029,0.1031,10.0,0.1026,12.0,10245.0,165.0
2021-01-05 09:34:32.150,0.1029,0.1032,32.0,0.1026,12.0,10245.0,165.0
2021-01-05 09:34:32.690,0.1029,0.1032,22.0,0.1026,12.0,10245.0,165.0
2021-01-05 09:34:33.691,0.1029,0.1032,10.0,0.1026,12.0,10245.0,165.0
2021-01-05 09:34:34.171,0.1029,0.1029,10.0,0.1026,12.0,10245.0,165.0
2021-01-05 09:34:34.640,0.1029,0.1029,10.0,0.1026,12.0,10245.0,165.0
2021-01-05 09:34:35.130,0.1029,0.1029,10.0,0.1026,12.0,10245.0,165.0
2021-01-05 09:34:35.570,0.1029,0.1029,10.0,0.1026,12.0,10245.0,165.0
2021-01-05 09:34:36.171,0.1029,0.1029,10.0,0.1026,12.0,10245.0,165.0
2021-01-05 09:34:37.161,0.1029,0.1029,10.0,0.1026,12.0,10245.0,165.0
2021-01-05 09:34:37.700,0.1029,0.1032,10.0,0.1026,12.0,10245.0,175.0
2021-01-05 09:34:38.171,0.1029,0.1028,10.0,0.1026,12.0,10245.0,175.0
2021-01-05 09:34:38.611,0.1028,0.1032,20.0,0.1026,12.0,10245.0,176.0
2021-01-05 09:34:39.091,0.1028,0.1028,10.0,0.1026,12.0,10245.0,176.0
2021-01-05 09:34:39.470,0.1028,0.1032,10.0,0.1026,12.0,10246.0,186.0
2021-01-05 09:34:40.171,0.1028,0.1029,10.0,0.1027,12.0,10246.0,186.0
2021-01-05 09:34:40.601,0.1027,0.1034,10.0,0.1027,22.0,10256.0,196.0
2021-01-05 09:34:41.201,0.1027,0.1035,10.0,0.1029,12.0,10256.0,196.0
2021-01-05 09:34:41.700,0.1027,0.1033,12.0,0.1027,20.0,10256.0,196.0
2021-01-05 09:34:42.171,0.1027,0.1035,22.0,0.1027,20.0,10256.0,196.0
2021-01-05 09:34:42.680,0.1027,0.1033,12.0,0.1027,20.0,10256.0,196.0
2021-01-05 09:34:43.191,0.1027,0.1035,22.0,0.1027,20.0,10256.0,196.0
2021-01-05 09:34:43.671,0.1027,0.1033,12.0,0.1027,20.0,10256.0,196.0
2021-01-05 09:34:44.071,0.1027,0.1034,12.0,0.1027,30.0,10256.0,196.0
2021-01-05 09:34:44.651,0.1027,0.1033,12.0,0.1027,20.0,10256.0,196.0
2021-01-05 09:34:45.200,0.1027,0.1034,22.0,0.1027,30.0,10256.0,196.0
2021-01-05 09:34:45.721,0.1027,0.1032,12.0,0.1027,20.0,10256.0,196.0
2021-01-05 09:34:46.140,0.1027,0.1034,12.0,0.1027,40.0,10256.0,196.0
2021-01-05 09:34:46.660,0.1027,0.1035,10.0,0.1029,12.0,10256.0,196.0
2021-01-05 09:34:47.181,0.1027,0.1035,20.0,0.1029,12.0,10256.0,196.0
2021-01-05 09:34:47.701,0.1027,0.1035,10.0,0.1029,22.0,10256.0,196.0
2021-01-05 09:34:48.141,0.1027,0.1035,20.0,0.1031,12.0,10256.0,196.0
2021-01-05 09:34:48.700,0.1027,0.1035,10.0,0.1029,12.0,10256.0,196.0
2021-01-05 09:34:49.171,0.1027,0.1035,20.0,0.1029,12.0,10256.0,196.0
2021-01-05 09:34:49.701,0.1027,0.1035,20.0,0.1029,12.0,10256.0,196.0
2021-01-05 09:34:50.220,0.1027,0.1035,20.0,0.103,12.0,10256.0,196.0
2021-01-05 09:34:50.700,0.1027,0.1035,10.0,0.103,12.0,10256.0,196.0
2021-01-05 09:34:51.200,0.1027,0.1035,10.0,0.103,12.0,10256.0,196.0
2021-01-05 09:34:51.651,0.1027,0.1035,10.0,0.103,12.0,10256.0,196.0
2021-01-05 09:34:52.550,0.1027,0.1035,10.0,0.103,12.0,10256.0,196.0
2021-01-05 09:34:53.180,0.1027,0.1035,10.0,0.103,12.0,10256.0,196.0
2021-01-05 09:34:53.651,0.1027,0.1035,10.0,0.1031,12.0,10256.0,196.0
2021-01-05 09:34:54.170,0.1027,0.1035,10.0,0.1031,12.0,10256.0,196.0
2021-01-05 09:34:54.631,0.1027,0.1035,10.0,0.1032,12.0,10256.0,196.0
2021-01-05 09:34:55.161,0.1027,0.1037,10.0,0.1032,12.0,10256.0,196.0
2021-01-05 09:34:55.680,0.1027,0.1037,10.0,0.1033,12.0,10256.0,196.0
2021-01-05 09:34:56.131,0.1037,0.1037,8.0,0.1034,12.0,10256.0,198.0
2021-01-05 09:34:56.681,0.1037,0.1037,10.0,0.1035,12.0,10256.0,198.0
2021-01-05 09:34:57.171,0.1037,0.1037,10.0,0.1036,12.0,10256.0,198.0
2021-01-05 09:34:57.670,0.1037,0.1037,8.0,0.1036,12.0,10258.0,200.0
2021-01-05 09:34:58.160,0.1037,0.1039,10.0,0.1035,12.0,10258.0,200.0
2021-01-05 09:34:58.640,0.1037,0.1039,10.0,0.1035,12.0,10258.0,200.0
2021-01-05 09:34:59.170,0.1037,0.104,10.0,0.1036,12.0,10258.0,200.0
2021-01-05 09:35:00.160,0.1037,0.104,10.0,0.1038,12.0,10258.0,200.0
2021-01-05 09:35:00.630,0.1037,0.104,10.0,0.1038,12.0,10258.0,200.0
2021-01-05 09:35:01.620,0.1037,0.104,10.0,0.1038,12.0,10258.0,200.0
2021-01-05 09:35:02.160,0.1037,0.104,10.0,0.1038,12.0,10258.0,200.0
2021-01-05 09:35:02.680,0.1037,0.104,10.0,0.1035,12.0,10258.0,200.0
2021-01-05 09:35:03.180,0.1037,0.104,10.0,0.1036,12.0,10258.0,200.0
2021-01-05 09:35:03.660,0.1037,0.104,10.0,0.1036,12.0,10258.0,200.0
2021-01-05 09:35:04.181,0.1037,0.104,10.0,0.1035,12.0,10258.0,200.0
2021-01-05 09:35:05.180,0.104,0.1041,1.0,0.1033,12.0,10258.0,210.0
2021-01-05 09:35:05.671,0.104,0.1046,10.0,0.1034,20.0,10258.0,210.0
2021-01-05 09:35:06.180,0.104,0.1045,26.0,0.1036,12.0,10258.0,210.0
2021-01-05 09:35:06.680,0.104,0.1045,1.0,0.1036,12.0,10258.0,210.0
2021-01-05 09:35:07.131,0.104,0.1043,12.0,0.1034,20.0,10258.0,210.0
2021-01-05 09:35:07.650,0.104,0.1043,12.0,0.1035,10.0,10258.0,210.0
2021-01-05 09:35:08.171,0.104,0.1045,1.0,0.1035,10.0,10258.0,210.0
2021-01-05 09:35:09.191,0.104,0.1045,12.0,0.1035,30.0,10258.0,210.0
2021-01-05 09:35:09.700,0.104,0.1048,12.0,0.1037,32.0,10258.0,210.0
2021-01-05 09:35:10.180,0.104,0.1048,10.0,0.1039,12.0,10258.0,210.0
2021-01-05 09:35:10.691,0.1044,0.1048,10.0,0.1039,22.0,10258.0,220.0
2021-01-05 09:35:11.160,0.1044,0.1049,12.0,0.1044,10.0,10258.0,220.0
2021-01-05 09:35:11.671,0.1044,0.105,21.0,0.1045,12.0,10258.0,220.0
2021-01-05 09:35:11.940,0.1044,0.105,33.0,0.1045,10.0,10258.0,220.0
2021-01-05 09:35:12.691,0.1045,0.105,33.0,0.1044,10.0,10258.0,221.0
2021-01-05 09:35:13.160,0.1045,0.105,21.0,0.1044,10.0,10258.0,221.0
2021-01-05 09:35:13.371,0.1045,0.1048,12.0,0.1044,10.0,10258.0,221.0
2021-01-05 09:35:14.191,0.1044,0.1047,12.0,0.104,10.0,10258.0,226.0
2021-01-05 09:35:14.700,0.1047,0.1049,11.0,0.1038,10.0,10258.0,228.0
2021-01-05 09:35:15.171,0.1047,0.1047,12.0,0.104,12.0,10258.0,228.0
2021-01-05 09:35:15.701,0.1047,0.1048,1.0,0.104,12.0,10258.0,228.0
2021-01-05 09:35:16.141,0.1047,0.1047,10.0,0.104,15.0,10258.0,228.0
2021-01-05 09:35:16.681,0.1047,0.1047,10.0,0.1042,12.0,10258.0,228.0
2021-01-05 09:35:17.680,0.1047,0.1047,10.0,0.1042,12.0,10258.0,228.0
2021-01-05 09:35:18.681,0.1047,0.1047,10.0,0.1042,12.0,10258.0,228.0
2021-01-05 09:35:19.180,0.1047,0.1047,10.0,0.1042,12.0,10258.0,228.0
2021-01-05 09:35:20.170,0.1047,0.1047,10.0,0.1042,22.0,10258.0,228.0
2021-01-05 09:35:20.681,0.1047,0.1047,10.0,0.1044,12.0,10258.0,228.0
2021-01-05 09:35:21.180,0.1047,0.1048,9.0,0.1044,12.0,10258.0,230.0
2021-01-05 09:35:21.340,0.1047,0.1048,1.0,0.1045,3.0,10258.0,230.0
2021-01-05 09:35:22.171,0.1048,0.1049,1.0,0.1047,12.0,10258.0,231.0
2021-01-05 09:35:22.650,0.1048,0.1049,1.0,0.1047,12.0,10258.0,231.0
2021-01-05 09:35:23.151,0.1048,0.1048,10.0,0.1047,12.0,10258.0,231.0
2021-01-05 09:35:23.680,0.1048,0.1048,10.0,0.1045,12.0,10258.0,231.0
2021-01-05 09:35:24.171,0.1048,0.1048,9.0,0.1045,12.0,10258.0,232.0
2021-01-05 09:35:24.671,0.1048,0.1048,9.0,0.1044,12.0,10258.0,232.0
2021-01-05 09:35:25.170,0.1048,0.1048,9.0,0.1045,12.0,10258.0,232.0
2021-01-05 09:35:25.660,0.1048,0.1048,9.0,0.1045,12.0,10258.0,232.0
2021-01-05 09:35:26.651,0.1048,0.1048,9.0,0.1045,12.0,10258.0,232.0
2021-01-05 09:35:27.120,0.1048,0.105,21.0,0.1045,12.0,10258.0,232.0
2021-01-05 09:35:27.641,0.1048,0.1049,10.0,0.1046,12.0,10258.0,232.0
2021-01-05 09:35:28.171,0.1048,0.1049,10.0,0.1046,12.0,10258.0,232.0
2021-01-05 09:35:28.680,0.1048,0.1049,10.0,0.1046,12.0,10258.0,232.0
2021-01-05 09:35:29.160,0.1048,0.1049,10.0,0.1045,12.0,10258.0,232.0
2021-01-05 09:35:29.620,0.1048,0.105,22.0,0.1045,12.0,10258.0,232.0
2021-01-05 09:35:30.121,0.1048,0.105,22.0,0.1045,3.0,10258.0,232.0
2021-01-05 09:35:30.690,0.1048,0.105,22.0,0.1046,12.0,10258.0,232.0
2021-01-05 09:35:31.170,0.1048,0.105,22.0,0.1046,12.0,10258.0,232.0
2021-01-05 09:35:31.700,0.1048,0.105,22.0,0.1046,12.0,10258.0,232.0
2021-01-05 09:35:32.150,0.1048,0.105,22.0,0.1047,12.0,10258.0,232.0
2021-01-05 09:35:32.691,0.1048,0.105,22.0,0.1047,12.0,10258.0,232.0
2021-01-05 09:35:33.191,0.1048,0.105,22.0,0.1047,12.0,10258.0,232.0
2021-01-05 09:35:33.650,0.1048,0.105,21.0,0.1047,35.0,10258.0,232.0
2021-01-05 09:35:34.190,0.1048,0.105,21.0,0.1049,12.0,10258.0,232.0
2021-01-05 09:35:34.691,0.1048,0.105,21.0,0.1049,12.0,10258.0,232.0
2021-01-05 09:35:35.200,0.105,0.105,20.0,0.1049,12.0,10257.0,233.0
2021-01-05 09:35:35.600,0.105,0.1055,10.0,0.1049,12.0,10239.0,253.0
2021-01-05 09:35:36.180,0.105,0.1055,10.0,0.1049,12.0,10239.0,253.0
2021-01-05 09:35:36.601,0.105,0.1056,10.0,0.105,12.0,10239.0,253.0
2021-01-05 09:35:37.171,0.105,0.1056,10.0,0.105,12.0,10239.0,253.0
2021-01-05 09:35:37.581,0.105,0.1056,10.0,0.1049,12.0,10239.0,253.0
2021-01-05 09:35:38.190,0.105,0.1056,10.0,0.1049,12.0,10239.0,253.0
2021-01-05 09:35:38.651,0.105,0.1055,12.0,0.1048,12.0,10239.0,253.0
2021-01-05 09:35:39.140,0.105,0.1055,12.0,0.1048,12.0,10239.0,253.0
2021-01-05 09:35:40.191,0.105,0.1055,12.0,0.1048,12.0,10239.0,253.0
2021-01-05 09:35:40.691,0.105,0.1054,12.0,0.1045,35.0,10239.0,253.0
2021-01-05 09:35:41.190,0.105,0.1053,12.0,0.1046,12.0,10239.0,253.0
2021-01-05 09:35:42.160,0.105,0.1055,13.0,0.1047,12.0,10239.0,253.0
2021-01-05 09:35:42.670,0.1055,0.1055,22.0,0.1047,12.0,10239.0,254.0
2021-01-05 09:35:43.190,0.1055,0.1055,10.0,0.1048,12.0,10239.0,254.0
2021-01-05 09:35:43.661,0.1055,0.1053,12.0,0.1047,20.0,10239.0,254.0
2021-01-05 09:35:44.101,0.1055,0.1055,22.0,0.1049,12.0,10239.0,254.0
2021-01-05 09:35:45.071,0.1055,0.1057,32.0,0.105,12.0,10239.0,254.0
2021-01-05 09:35:45.670,0.1055,0.1057,12.0,0.105,12.0,10239.0,254.0
2021-01-05 09:35:46.170,0.1055,0.1058,10.0,0.105,32.0,10239.0,254.0
2021-01-05 09:35:46.700,0.1055,0.1058,12.0,0.1052,12.0,10239.0,254.0
2021-01-05 09:35:47.201,0.1055,0.1059,10.0,0.1052,12.0,10239.0,254.0
2021-01-05 09:35:48.181,0.1055,0.1061,10.0,0.1052,22.0,10239.0,254.0
2021-01-05 09:35:48.700,0.1055,0.1059,22.0,0.1051,10.0,10239.0,254.0
2021-01-05 09:35:49.190,0.1055,0.1059,12.0,0.1052,12.0,10239.0,254.0
2021-01-05 09:35:49.701,0.1055,0.1059,12.0,0.1052,12.0,10239.0,254.0
2021-01-05 09:35:50.121,0.1055,0.1061,20.0,0.1053,12.0,10239.0,254.0
2021-01-05 09:35:50.680,0.1055,0.1061,22.0,0.1054,12.0,10239.0,254.0
2021-01-05 09:35:51.710,0.1055,0.1059,12.0,0.1053,42.0,10239.0,254.0
2021-01-05 09:35:52.190,0.1055,0.1059,12.0,0.1053,32.0,10239.0,254.0
2021-01-05 09:35:52.661,0.1055,0.1059,12.0,0.1053,42.0,10239.0,254.0
2021-01-05 09:35:53.111,0.1055,0.1059,10.0,0.1054,12.0,10239.0,254.0
2021-01-05 09:35:53.631,0.1055,0.1059,10.0,0.1055,12.0,10239.0,254.0
2021-01-05 09:35:54.161,0.1055,0.1059,10.0,0.1056,12.0,10239.0,254.0
2021-01-05 09:35:54.640,0.1055,0.106,10.0,0.1055,12.0,10239.0,254.0
2021-01-05 09:35:55.141,0.1055,0.1058,12.0,0.105,33.0,10239.0,254.0
2021-01-05 09:35:55.381,0.1055,0.106,12.0,0.1052,12.0,10239.0,254.0
2021-01-05 09:35:56.121,0.1055,0.1059,11.0,0.1052,12.0,10239.0,254.0
2021-01-05 09:35:56.690,0.1055,0.1059,1.0,0.1052,15.0,10239.0,254.0
2021-01-05 09:35:57.141,0.1055,0.1059,1.0,0.1054,12.0,10239.0,254.0
2021-01-05 09:35:57.681,0.1055,0.106,22.0,0.1054,12.0,10239.0,254.0
2021-01-05 09:35:58.150,0.1055,0.106,22.0,0.1054,12.0,10239.0,254.0
2021-01-05 09:35:59.160,0.1055,0.1059,12.0,0.1054,10.0,10239.0,254.0
2021-01-05 09:36:00.201,0.1055,0.1062,22.0,0.1056,12.0,10239.0,254.0
2021-01-05 09:36:00.680,0.1055,0.1061,12.0,0.1056,20.0,10239.0,254.0
2021-01-05 09:36:01.181,0.1055,0.1061,12.0,0.1056,20.0,10239.0,254.0
2021-01-05 09:36:01.671,0.1055,0.1063,32.0,0.1056,32.0,10239.0,254.0
2021-01-05 09:36:02.170,0.1055,0.1061,12.0,0.1056,20.0,10239.0,254.0
2021-01-05 09:36:02.701,0.1055,0.1061,12.0,0.1055,12.0,10239.0,254.0
2021-01-05 09:36:03.200,0.1055,0.1061,12.0,0.1054,10.0,10239.0,254.0
2021-01-05 09:36:03.700,0.1055,0.1061,12.0,0.1052,22.0,10239.0,254.0
2021-01-05 09:36:04.201,0.1055,0.1061,12.0,0.1052,22.0,10239.0,254.0
2021-01-05 09:36:04.670,0.1055,0.1061,22.0,0.1052,22.0,10239.0,254.0
2021-01-05 09:36:05.150,0.1055,0.106,12.0,0.1053,12.0,10239.0,254.0
2021-01-05 09:36:05.690,0.1055,0.106,12.0,0.1053,12.0,10239.0,254.0
2021-01-05 09:36:06.180,0.1055,0.106,12.0,0.1053,42.0,10239.0,254.0
2021-01-05 09:36:06.700,0.1055,0.106,12.0,0.1053,42.0,10239.0,254.0
2021-01-05 09:36:08.170,0.1055,0.1061,12.0,0.1054,12.0,10239.0,254.0
2021-01-05 09:36:09.161,0.1055,0.1061,22.0,0.1054,12.0,10239.0,254.0
2021-01-05 09:36:09.691,0.1055,0.1061,10.0,0.1055,12.0,10239.0,254.0
2021-01-05 09:36:10.160,0.1055,0.106,10.0,0.1055,12.0,10239.0,254.0
2021-01-05 09:36:10.671,0.1055,0.106,10.0,0.1055,12.0,10239.0,254.0
2021-01-05 09:36:11.180,0.1055,0.106,22.0,0.1053,12.0,10239.0,254.0
2021-01-05 09:36:11.651,0.1055,0.106,12.0,0.1053,22.0,10239.0,254.0
2021-01-05 09:36:12.181,0.1055,0.1061,22.0,0.1054,12.0,10239.0,254.0
2021-01-05 09:36:12.690,0.1055,0.1061,12.0,0.1054,12.0,10239.0,254.0
2021-01-05 09:36:14.150,0.1055,0.1062,1.0,0.1055,12.0,10239.0,254.0
2021-01-05 09:36:14.690,0.1055,0.1062,23.0,0.1056,12.0,10239.0,254.0
2021-01-05 09:36:15.170,0.1055,0.1061,10.0,0.1056,12.0,10239.0,254.0
2021-01-05 09:36:15.660,0.1055,0.1061,10.0,0.1055,12.0,10239.0,254.0
2021-01-05 09:36:16.150,0.1055,0.1062,11.0,0.1055,12.0,10239.0,254.0
2021-01-05 09:36:16.680,0.1055,0.1062,11.0,0.1055,12.0,10239.0,254.0
2021-01-05 09:36:17.180,0.1055,0.1062,23.0,0.1056,12.0,10239.0,254.0
2021-01-05 09:36:17.651,0.1055,0.1062,23.0,0.1056,12.0,10239.0,254.0
2021-01-05 09:36:18.680,0.1055,0.1061,12.0,0.1054,22.0,10239.0,254.0
2021-01-05 09:36:18.761,0.1055,0.1062,23.0,0.1056,12.0,10239.0,254.0
2021-01-05 09:36:19.691,0.1055,0.1062,23.0,0.1056,12.0,10239.0,254.0
2021-01-05 09:36:20.161,0.1055,0.1062,23.0,0.1056,12.0,10239.0,254.0
2021-01-05 09:36:20.690,0.1055,0.1062,23.0,0.1056,12.0,10239.0,254.0
2021-01-05 09:36:21.120,0.1055,0.1061,22.0,0.1054,22.0,10239.0,254.0
2021-01-05 09:36:21.691,0.1055,0.1061,12.0,0.1054,22.0,10239.0,254.0
2021-01-05 09:36:22.171,0.1055,0.1061,12.0,0.1054,22.0,10239.0,254.0
2021-01-05 09:36:22.680,0.1055,0.1061,12.0,0.1054,22.0,10239.0,254.0
2021-01-05 09:36:23.191,0.1055,0.1061,12.0,0.1054,22.0,10239.0,254.0
2021-01-05 09:36:23.681,0.1055,0.1062,1.0,0.1056,12.0,10239.0,254.0
2021-01-05 09:36:24.171,0.1055,0.1062,11.0,0.1056,12.0,10239.0,254.0
2021-01-05 09:36:25.191,0.1055,0.1063,10.0,0.1056,12.0,10239.0,254.0
2021-01-05 09:36:25.690,0.1055,0.1061,10.0,0.1056,12.0,10239.0,254.0
2021-01-05 09:36:26.651,0.1055,0.1062,10.0,0.1056,12.0,10239.0,254.0
2021-01-05 09:36:27.070,0.1055,0.1062,10.0,0.1056,32.0,10239.0,254.0
2021-01-05 09:36:27.690,0.1055,0.1063,10.0,0.1058,12.0,10239.0,254.0
2021-01-05 09:36:28.190,0.1055,0.1063,10.0,0.1057,12.0,10239.0,254.0
2021-01-05 09:36:28.681,0.1055,0.1065,10.0,0.1058,12.0,10239.0,254.0
2021-01-05 09:36:29.171,0.1055,0.1065,10.0,0.1058,12.0,10239.0,254.0
2021-01-05 09:36:29.661,0.1055,0.1065,10.0,0.1059,12.0,10239.0,254.0
2021-01-05 09:36:30.161,0.1055,0.1065,10.0,0.106,12.0,10239.0,254.0
2021-01-05 09:36:30.651,0.1055,0.1067,10.0,0.106,12.0,10239.0,254.0
2021-01-05 09:36:31.181,0.1055,0.1067,10.0,0.106,12.0,10239.0,254.0
2021-01-05 09:36:32.660,0.1055,0.1067,10.0,0.106,12.0,10239.0,254.0
2021-01-05 09:36:33.200,0.1055,0.1067,22.0,0.106,22.0,10239.0,254.0
2021-01-05 09:36:33.680,0.1055,0.1067,22.0,0.106,12.0,10239.0,254.0
2021-01-05 09:36:34.091,0.1055,0.1067,22.0,0.106,12.0,10239.0,254.0
2021-01-05 09:36:35.150,0.1055,0.1067,22.0,0.106,22.0,10239.0,254.0
2021-01-05 09:36:36.191,0.1055,0.1067,22.0,0.106,22.0,10239.0,254.0
2021-01-05 09:36:36.700,0.1055,0.1068,10.0,0.1062,12.0,10239.0,254.0
2021-01-05 09:36:37.190,0.1055,0.1068,10.0,0.1062,12.0,10239.0,254.0
2021-01-05 09:36:37.691,0.1055,0.1066,12.0,0.1061,20.0,10239.0,254.0
2021-01-05 09:36:38.041,0.1055,0.1067,10.0,0.1063,12.0,10239.0,254.0
2021-01-05 09:36:38.640,0.1055,0.1067,10.0,0.1063,12.0,10239.0,254.0
2021-01-05 09:36:39.090,0.1055,0.1067,10.0,0.1063,12.0,10239.0,254.0
2021-01-05 09:36:40.191,0.1055,0.1067,10.0,0.1062,12.0,10239.0,254.0
2021-01-05 09:36:40.700,0.1055,0.1068,10.0,0.1062,12.0,10239.0,254.0
2021-01-05 09:36:41.201,0.1055,0.1067,10.0,0.1062,12.0,10239.0,254.0
2021-01-05 09:36:41.641,0.1055,0.1068,10.0,0.1063,12.0,10239.0,254.0
2021-01-05 09:36:43.180,0.1055,0.1068,10.0,0.1063,12.0,10239.0,254.0
2021-01-05 09:36:43.700,0.1055,0.1068,10.0,0.1063,12.0,10239.0,254.0
2021-01-05 09:36:45.191,0.1055,0.1069,10.0,0.1063,12.0,10239.0,254.0
2021-01-05 09:36:45.631,0.1055,0.1069,10.0,0.1063,22.0,10239.0,254.0
2021-01-05 09:36:46.190,0.1055,0.107,10.0,0.1065,12.0,10239.0,254.0
2021-01-05 09:36:46.501,0.1055,0.107,10.0,0.1064,22.0,10239.0,254.0
2021-01-05 09:36:47.130,0.1055,0.107,10.0,0.1066,12.0,10239.0,254.0
2021-01-05 09:36:47.660,0.1055,0.1071,10.0,0.1067,12.0,10239.0,254.0
2021-01-05 09:36:48.140,0.1067,0.1071,10.0,0.1067,11.0,10240.0,255.0
2021-01-05 09:36:48.630,0.1067,0.107,10.0,0.1067,22.0,10240.0,255.0
2021-01-05 09:36:48.711,0.1067,0.1071,10.0,0.1067,12.0,10240.0,255.0
2021-01-05 09:36:49.700,0.1067,0.1071,10.0,0.1067,22.0,10240.0,255.0
2021-01-05 09:36:50.670,0.1067,0.1071,10.0,0.1067,12.0,10240.0,255.0
2021-01-05 09:36:51.671,0.1067,0.1072,10.0,0.1067,12.0,10240.0,255.0
2021-01-05 09:36:52.180,0.1067,0.1072,10.0,0.1067,22.0,10240.0,255.0
2021-01-05 09:36:52.691,0.1067,0.1072,10.0,0.1067,10.0,10240.0,255.0
2021-01-05 09:36:53.191,0.1067,0.1072,10.0,0.1067,22.0,10240.0,255.0
2021-01-05 09:36:53.680,0.1067,0.1073,10.0,0.1069,12.0,10240.0,255.0
2021-01-05 09:36:54.180,0.1069,0.1071,10.0,0.1067,10.0,10241.0,256.0
2021-01-05 09:36:54.180,0.1069,0.1071,10.0,0.1066,22.0,10241.0,256.0
2021-01-05 09:36:55.171,0.1069,0.1071,10.0,0.1065,30.0,10241.0,256.0
2021-01-05 09:36:55.651,0.1069,0.1071,10.0,0.1068,12.0,10241.0,256.0
2021-01-05 09:36:56.141,0.1069,0.1071,10.0,0.1067,22.0,10241.0,256.0
2021-01-05 09:36:56.691,0.1069,0.1071,10.0,0.1069,12.0,10241.0,256.0
2021-01-05 09:36:57.171,0.1069,0.1071,10.0,0.1069,12.0,10241.0,256.0
2021-01-05 09:36:57.630,0.1069,0.1071,10.0,0.1068,10.0,10241.0,256.0
2021-01-05 09:36:58.160,0.1069,0.1071,22.0,0.1067,10.0,10241.0,256.0
2021-01-05 09:36:58.610,0.1069,0.1071,22.0,0.1067,10.0,10241.0,256.0
2021-01-05 09:36:59.181,0.1069,0.1071,22.0,0.1067,10.0,10241.0,256.0
2021-01-05 09:36:59.690,0.1069,0.1072,10.0,0.1068,12.0,10241.0,256.0
2021-01-05 09:37:00.151,0.1069,0.1072,10.0,0.1068,12.0,10241.0,256.0
2021-01-05 09:37:01.081,0.1069,0.1072,10.0,0.1068,12.0,10241.0,256.0
2021-01-05 09:37:01.640,0.1069,0.1071,10.0,0.1068,12.0,10241.0,256.0
2021-01-05 09:37:02.191,0.1069,0.1072,10.0,0.1068,12.0,10241.0,256.0
2021-01-05 09:37:02.610,0.1069,0.1071,10.0,0.1067,22.0,10241.0,256.0
2021-01-05 09:37:03.151,0.1069,0.1071,10.0,0.1068,12.0,10241.0,256.0
2021-01-05 09:37:03.630,0.1069,0.107,10.0,0.1067,10.0,10241.0,256.0
2021-01-05 09:37:04.200,0.1069,0.1071,10.0,0.1066,10.0,10241.0,256.0
2021-01-05 09:37:04.690,0.1069,0.1071,10.0,0.1068,12.0,10241.0,256.0
2021-01-05 09:37:05.140,0.1069,0.1071,10.0,0.1066,12.0,10241.0,256.0
2021-01-05 09:37:05.701,0.1069,0.1071,10.0,0.1065,12.0,10241.0,256.0
2021-01-05 09:37:06.171,0.1069,0.1071,10.0,0.1066,12.0,10241.0,256.0
2021-01-05 09:37:06.700,0.1069,0.1071,10.0,0.1066,12.0,10241.0,256.0
2021-01-05 09:37:07.180,0.1069,0.1071,10.0,0.1064,10.0,10241.0,256.0
2021-01-05 09:37:07.681,0.1069,0.1071,10.0,0.1066,12.0,10241.0,256.0
2021-01-05 09:37:08.630,0.1069,0.1071,10.0,0.1066,12.0,10241.0,256.0
2021-01-05 09:37:09.170,0.1069,0.1072,20.0,0.1066,12.0,10241.0,256.0
2021-01-05 09:37:09.660,0.1069,0.1072,20.0,0.1066,25.0,10241.0,256.0
2021-01-05 09:37:10.121,0.1069,0.1072,20.0,0.1064,10.0,10241.0,256.0
2021-01-05 09:37:10.701,0.1069,0.107,12.0,0.1063,22.0,10241.0,256.0
2021-01-05 09:37:11.201,0.1069,0.107,12.0,0.1063,35.0,10241.0,256.0
2021-01-05 09:37:12.131,0.1069,0.107,12.0,0.1063,22.0,10241.0,256.0
2021-01-05 09:37:12.131,0.1069,0.1069,10.0,0.1064,13.0,10241.0,256.0
2021-01-05 09:37:13.181,0.1069,0.1069,12.0,0.1064,13.0,10241.0,256.0
2021-01-05 09:37:13.681,0.1069,0.107,10.0,0.1064,25.0,10241.0,256.0
2021-01-05 09:37:14.171,0.1069,0.1069,10.0,0.1064,35.0,10241.0,256.0
2021-01-05 09:37:15.200,0.1069,0.107,10.0,0.1066,12.0,10241.0,256.0
2021-01-05 09:37:15.700,0.1069,0.107,10.0,0.1066,12.0,10241.0,256.0
2021-01-05 09:37:16.190,0.1069,0.107,10.0,0.1066,25.0,10241.0,256.0
2021-01-05 09:37:16.461,0.1069,0.107,10.0,0.1064,10.0,10241.0,256.0
2021-01-05 09:37:17.200,0.1069,0.107,22.0,0.1065,13.0,10241.0,256.0
2021-01-05 09:37:17.671,0.1069,0.107,10.0,0.1066,12.0,10241.0,256.0
2021-01-05 09:37:18.061,0.1069,0.107,10.0,0.1066,12.0,10241.0,256.0
2021-01-05 09:37:19.021,0.1069,0.1071,10.0,0.1066,25.0,10241.0,256.0
2021-01-05 09:37:19.711,0.1069,0.1071,10.0,0.1066,12.0,10241.0,256.0
2021-01-05 09:37:20.211,0.1069,0.1071,10.0,0.1066,12.0,10241.0,256.0
2021-01-05 09:37:20.691,0.1069,0.1071,10.0,0.1067,12.0,10241.0,256.0
2021-01-05 09:37:21.200,0.1069,0.1071,10.0,0.1066,12.0,10241.0,256.0
2021-01-05 09:37:23.150,0.1069,0.1071,22.0,0.1065,10.0,10241.0,256.0
2021-01-05 09:37:24.080,0.1069,0.1071,22.0,0.1065,23.0,10241.0,256.0
2021-01-05 09:37:24.631,0.1069,0.1071,22.0,0.1065,10.0,10241.0,256.0
2021-01-05 09:37:25.200,0.1069,0.1071,10.0,0.1066,12.0,10241.0,256.0
2021-01-05 09:37:26.650,0.1069,0.1071,22.0,0.1065,22.0,10241.0,256.0
2021-01-05 09:37:27.130,0.1069,0.1071,22.0,0.1065,35.0,10241.0,256.0
2021-01-05 09:37:28.151,0.1069,0.1071,22.0,0.1065,35.0,10241.0,256.0
2021-01-05 09:37:29.130,0.1069,0.1071,10.0,0.1066,12.0,10241.0,256.0
2021-01-05 09:37:30.191,0.1069,0.107,12.0,0.1065,10.0,10241.0,256.0
2021-01-05 09:37:30.650,0.1069,0.1071,10.0,0.1065,12.0,10241.0,256.0
2021-01-05 09:37:31.190,0.1069,0.1071,10.0,0.1065,23.0,10241.0,256.0
2021-01-05 09:37:31.691,0.1069,0.1071,10.0,0.1067,12.0,10241.0,256.0
2021-01-05 09:37:32.181,0.1069,0.1071,10.0,0.1067,12.0,10241.0,256.0
2021-01-05 09:37:32.651,0.1069,0.1071,10.0,0.1067,12.0,10241.0,256.0
2021-01-05 09:37:33.180,0.1069,0.1072,10.0,0.1067,12.0,10241.0,256.0
2021-01-05 09:37:33.681,0.1069,0.1071,10.0,0.1067,12.0,10241.0,256.0
2021-01-05 09:37:34.200,0.1069,0.1071,10.0,0.1067,12.0,10241.0,256.0
2021-01-05 09:37:35.170,0.1069,0.1071,10.0,0.1067,12.0,10241.0,256.0
2021-01-05 09:37:35.650,0.1069,0.1071,10.0,0.1067,12.0,10241.0,256.0
2021-01-05 09:37:36.200,0.1069,0.1071,10.0,0.1067,12.0,10241.0,256.0
2021-01-05 09:37:36.671,0.1069,0.1071,10.0,0.1067,12.0,10241.0,256.0
2021-01-05 09:37:37.691,0.1069,0.1071,10.0,0.1067,12.0,10241.0,256.0
2021-01-05 09:37:38.651,0.1069,0.1071,10.0,0.1067,12.0,10241.0,256.0
2021-01-05 09:37:39.170,0.1067,0.1071,10.0,0.1065,22.0,10246.0,261.0
2021-01-05 09:37:39.700,0.1067,0.1071,10.0,0.1065,12.0,10246.0,261.0
2021-01-05 09:37:41.131,0.1067,0.1071,10.0,0.1065,12.0,10246.0,261.0
2021-01-05 09:37:43.181,0.1071,0.1071,9.0,0.1065,12.0,10247.0,262.0
2021-01-05 09:37:43.671,0.1071,0.1071,22.0,0.1064,12.0,10247.0,262.0
2021-01-05 09:37:44.651,0.1071,0.1071,22.0,0.1064,12.0,10247.0,262.0
2021-01-05 09:37:45.650,0.1071,0.1071,22.0,0.1064,12.0,10247.0,262.0
2021-01-05 09:37:46.601,0.1071,0.1071,22.0,0.1064,12.0,10247.0,262.0
2021-01-05 09:37:47.210,0.1071,0.1071,22.0,0.1064,22.0,10247.0,262.0
2021-01-05 09:37:47.661,0.1071,0.1071,10.0,0.1066,12.0,10247.0,262.0
2021-01-05 09:37:48.201,0.1071,0.1071,10.0,0.1065,12.0,10247.0,262.0
2021-01-05 09:37:48.700,0.1071,0.1071,10.0,0.1066,12.0,10247.0,262.0
2021-01-05 09:37:49.190,0.1071,0.1071,10.0,0.1066,12.0,10247.0,262.0
2021-01-05 09:37:49.670,0.1071,0.1071,10.0,0.1066,12.0,10247.0,262.0
2021-01-05 09:37:50.220,0.1071,0.1071,10.0,0.1066,12.0,10247.0,262.0
2021-01-05 09:37:51.691,0.1071,0.1071,10.0,0.1067,12.0,10247.0,262.0
2021-01-05 09:37:52.191,0.1071,0.1071,10.0,0.1065,22.0,10247.0,262.0
2021-01-05 09:37:52.660,0.1071,0.1071,10.0,0.1066,12.0,10247.0,262.0
2021-01-05 09:37:53.680,0.1071,0.1071,10.0,0.1067,12.0,10247.0,262.0
2021-01-05 09:37:54.170,0.1071,0.1071,10.0,0.1067,12.0,10247.0,262.0
2021-01-05 09:37:55.190,0.1071,0.1071,10.0,0.1067,12.0,10247.0,262.0
2021-01-05 09:37:56.611,0.1071,0.1071,10.0,0.1066,12.0,10247.0,262.0
2021-01-05 09:37:57.170,0.1071,0.1071,10.0,0.1066,12.0,10247.0,262.0
2021-01-05 09:37:57.601,0.1071,0.1067,10.0,0.1065,10.0,10247.0,262.0
2021-01-05 09:37:58.100,0.1071,0.1067,10.0,0.1064,12.0,10247.0,262.0
2021-01-05 09:37:58.640,0.1071,0.1067,10.0,0.1064,12.0,10247.0,262.0
2021-01-05 09:37:59.161,0.1071,0.1067,10.0,0.1064,12.0,10247.0,262.0
2021-01-05 09:38:00.131,0.1071,0.1067,10.0,0.1066,12.0,10247.0,262.0
2021-01-05 09:38:00.680,0.1071,0.1067,10.0,0.1065,12.0,10247.0,262.0
2021-01-05 09:38:01.180,0.1071,0.1067,10.0,0.1065,12.0,10247.0,262.0
2021-01-05 09:38:03.191,0.1071,0.1067,10.0,0.1065,12.0,10247.0,262.0
2021-01-05 09:38:04.190,0.1067,0.1069,10.0,0.1065,12.0,10247.0,272.0
2021-01-05 09:38:04.680,0.1067,0.1069,20.0,0.1065,25.0,10247.0,272.0
2021-01-05 09:38:05.181,0.1067,0.107,10.0,0.1066,12.0,10247.0,272.0
2021-01-05 09:38:05.621,0.1067,0.1069,10.0,0.1067,12.0,10247.0,272.0
2021-01-05 09:38:06.151,0.1067,0.1069,10.0,0.1065,12.0,10247.0,272.0
2021-01-05 09:38:06.691,0.1067,0.107,10.0,0.1066,32.0,10247.0,272.0
2021-01-05 09:38:07.200,0.1067,0.1072,10.0,0.1068,12.0,10247.0,272.0
2021-01-05 09:38:07.690,0.1067,0.1073,20.0,0.1068,12.0,10247.0,272.0
2021-01-05 09:38:08.151,0.1067,0.1072,10.0,0.1068,20.0,10247.0,272.0
2021-01-05 09:38:09.160,0.1067,0.1073,20.0,0.107,12.0,10247.0,272.0
2021-01-05 09:38:09.681,0.1067,0.1073,20.0,0.107,12.0,10247.0,272.0
2021-01-05 09:38:10.180,0.1067,0.1073,20.0,0.107,12.0,10247.0,272.0
2021-01-05 09:38:10.670,0.1067,0.1073,10.0,0.107,12.0,10247.0,272.0
2021-01-05 09:38:11.141,0.1067,0.1073,20.0,0.1071,12.0,10247.0,272.0
2021-01-05 09:38:11.701,0.1067,0.1074,10.0,0.1071,12.0,10247.0,272.0
2021-01-05 09:38:12.191,0.1071,0.1073,10.0,0.107,10.0,10257.0,282.0
2021-01-05 09:38:12.531,0.1071,0.1074,10.0,0.1068,22.0,10257.0,282.0
2021-01-05 09:38:13.110,0.1071,0.1075,20.0,0.1068,10.0,10257.0,282.0
2021-01-05 09:38:13.371,0.1071,0.1075,10.0,0.1069,12.0,10257.0,282.0
2021-01-05 09:38:14.101,0.1071,0.1075,12.0,0.1068,22.0,10257.0,282.0
2021-01-05 09:38:14.691,0.1071,0.1075,12.0,0.1069,13.0,10257.0,282.0
2021-01-05 09:38:15.150,0.1071,0.1076,10.0,0.107,12.0,10257.0,282.0
2021-01-05 09:38:15.730,0.1071,0.1077,12.0,0.107,22.0,10257.0,282.0
2021-01-05 09:38:16.210,0.1071,0.1077,10.0,0.107,23.0,10257.0,282.0
2021-01-05 09:38:16.721,0.1071,0.1077,22.0,0.107,45.0,10257.0,282.0
2021-01-05 09:38:17.190,0.1071,0.1077,22.0,0.107,45.0,10257.0,282.0
2021-01-05 09:38:18.231,0.1071,0.1077,32.0,0.107,35.0,10257.0,282.0
2021-01-05 09:38:18.660,0.1071,0.1077,22.0,0.107,35.0,10257.0,282.0
2021-01-05 09:38:19.190,0.1071,0.1077,10.0,0.1072,12.0,10257.0,282.0
2021-01-05 09:38:19.670,0.1071,0.1079,22.0,0.1072,12.0,10257.0,282.0
2021-01-05 09:38:20.231,0.1071,0.1078,20.0,0.1072,12.0,10257.0,282.0
2021-01-05 09:38:20.690,0.1071,0.1078,20.0,0.1072,12.0,10257.0,282.0
2021-01-05 09:38:21.240,0.1071,0.1078,20.0,0.1072,12.0,10257.0,282.0
2021-01-05 09:38:21.670,0.1071,0.1078,10.0,0.1075,10.0,10257.0,282.0
2021-01-05 09:38:22.210,0.1071,0.1081,10.0,0.1077,12.0,10257.0,282.0
2021-01-05 09:38:22.661,0.1071,0.1079,10.0,0.1075,32.0,10257.0,282.0
2021-01-05 09:38:23.201,0.1079,0.1081,10.0,0.1078,10.0,10257.0,292.0
2021-01-05 09:38:24.141,0.1079,0.1082,10.0,0.1078,10.0,10257.0,292.0
2021-01-05 09:38:24.671,0.1079,0.1083,10.0,0.1078,42.0,10257.0,292.0
2021-01-05 09:38:25.101,0.1079,0.1083,10.0,0.1078,42.0,10257.0,292.0
2021-01-05 09:38:25.700,0.1079,0.1083,10.0,0.1078,42.0,10257.0,292.0
2021-01-05 09:38:26.100,0.1079,0.1084,10.0,0.1079,12.0,10257.0,292.0
2021-01-05 09:38:26.701,0.1079,0.1082,22.0,0.1078,30.0,10257.0,292.0
2021-01-05 09:38:27.151,0.1079,0.1082,10.0,0.1079,12.0,10257.0,292.0
2021-01-05 09:38:27.691,0.1079,0.1082,10.0,0.1078,30.0,10257.0,292.0
2021-01-05 09:38:28.171,0.1079,0.1084,10.0,0.1078,42.0,10257.0,292.0
2021-01-05 09:38:28.680,0.1079,0.1084,10.0,0.1078,42.0,10257.0,292.0
2021-01-05 09:38:29.641,0.1079,0.1084,10.0,0.1078,42.0,10257.0,292.0
2021-01-05 09:38:30.190,0.1079,0.1084,10.0,0.1078,45.0,10257.0,292.0
2021-01-05 09:38:30.670,0.1079,0.1084,10.0,0.1078,33.0,10257.0,292.0
2021-01-05 09:38:31.181,0.1079,0.1084,10.0,0.108,12.0,10257.0,292.0
2021-01-05 09:38:31.700,0.1079,0.1084,10.0,0.108,12.0,10257.0,292.0
2021-01-05 09:38:32.171,0.1079,0.1085,10.0,0.108,12.0,10257.0,292.0
2021-01-05 09:38:32.701,0.1079,0.1086,10.0,0.108,12.0,10257.0,292.0
2021-01-05 09:38:33.070,0.1079,0.1085,12.0,0.108,3.0,10257.0,292.0
2021-01-05 09:38:33.700,0.1079,0.1087,10.0,0.1081,12.0,10257.0,292.0
2021-01-05 09:38:34.201,0.1081,0.1087,10.0,0.1081,30.0,10257.0,296.0
2021-01-05 09:38:34.681,0.1083,0.109,10.0,0.1083,12.0,10259.0,298.0
2021-01-05 09:38:35.200,0.1089,0.1089,10.0,0.1088,10.0,10259.0,308.0
2021-01-05 09:38:35.700,0.1088,0.109,10.0,0.1088,30.0,10259.0,310.0
2021-01-05 09:38:36.130,0.1088,0.1089,10.0,0.1088,38.0,10259.0,310.0
2021-01-05 09:38:36.691,0.1088,0.109,12.0,0.1088,28.0,10259.0,310.0
2021-01-05 09:38:37.160,0.1088,0.1091,32.0,0.1088,28.0,10259.0,310.0
2021-01-05 09:38:37.680,0.1091,0.1091,12.0,0.1088,28.0,10259.0,322.0
2021-01-05 09:38:38.030,0.1091,0.1091,22.0,0.1088,28.0,10259.0,322.0
2021-01-05 09:38:38.660,0.1091,0.1091,12.0,0.1088,28.0,10259.0,322.0
2021-01-05 09:38:39.161,0.1091,0.1094,10.0,0.1088,28.0,10259.0,322.0
2021-01-05 09:38:39.661,0.1091,0.1094,10.0,0.1088,41.0,10259.0,322.0
2021-01-05 09:38:39.901,0.1091,0.1097,12.0,0.1089,15.0,10259.0,322.0
2021-01-05 09:38:40.591,0.1091,0.1097,22.0,0.109,13.0,10259.0,322.0
2021-01-05 09:38:41.140,0.1091,0.1097,10.0,0.1091,12.0,10259.0,322.0
2021-01-05 09:38:41.580,0.1091,0.1098,10.0,0.109,20.0,10259.0,322.0
2021-01-05 09:38:42.191,0.1091,0.1097,10.0,0.1091,25.0,10259.0,322.0
2021-01-05 09:38:42.700,0.1091,0.1098,22.0,0.1091,25.0,10259.0,322.0
2021-01-05 09:38:43.190,0.1091,0.1098,22.0,0.1091,25.0,10259.0,322.0
2021-01-05 09:38:43.701,0.1091,0.1098,12.0,0.1091,48.0,10259.0,322.0
2021-01-05 09:38:44.191,0.1091,0.11,22.0,0.1093,12.0,10259.0,322.0
2021-01-05 09:38:44.690,0.1091,0.1098,22.0,0.1093,10.0,10259.0,322.0
2021-01-05 09:38:45.201,0.1091,0.1097,12.0,0.1093,10.0,10259.0,322.0
2021-01-05 09:38:45.580,0.1091,0.1098,10.0,0.1093,10.0,10259.0,322.0
2021-01-05 09:38:46.200,0.1091,0.1099,22.0,0.1093,10.0,10259.0,322.0
2021-01-05 09:38:46.521,0.1091,0.1098,12.0,0.1093,10.0,10259.0,322.0
2021-01-05 09:38:47.691,0.1091,0.1098,12.0,0.1093,10.0,10259.0,322.0
2021-01-05 09:38:48.200,0.1091,0.1097,10.0,0.1093,10.0,10259.0,322.0
2021-01-05 09:38:49.130,0.1091,0.1093,28.0,0.1092,13.0,10259.0,322.0
2021-01-05 09:38:49.670,0.1091,0.1093,28.0,0.1091,32.0,10259.0,322.0
2021-01-05 09:38:50.110,0.1091,0.1093,28.0,0.1091,20.0,10259.0,322.0
2021-01-05 09:38:50.651,0.1093,0.1093,16.0,0.1092,13.0,10259.0,334.0
2021-01-05 09:38:51.170,0.1092,0.1093,11.0,0.1092,1.0,10266.0,351.0
2021-01-05 09:38:51.691,0.1093,0.11,10.0,0.1093,22.0,10255.0,362.0
2021-01-05 09:38:52.140,0.1093,0.1101,10.0,0.1095,12.0,10255.0,362.0
2021-01-05 09:38:52.450,0.1093,0.1099,12.0,0.1096,13.0,10255.0,362.0
2021-01-05 09:38:53.160,0.1093,0.1099,10.0,0.1096,13.0,10255.0,362.0
2021-01-05 09:38:54.200,0.1093,0.11,20.0,0.1096,13.0,10255.0,362.0
2021-01-05 09:38:54.690,0.1093,0.11,10.0,0.1097,12.0,10255.0,362.0
2021-01-05 09:38:55.191,0.1093,0.11,10.0,0.1097,42.0,10255.0,362.0
2021-01-05 09:38:55.700,0.11,0.1101,10.0,0.1099,12.0,10255.0,372.0
2021-01-05 09:38:56.190,0.11,0.1108,12.0,0.1099,22.0,10255.0,372.0
2021-01-05 09:38:56.661,0.1103,0.1109,12.0,0.1102,10.0,10255.0,382.0
2021-01-05 09:38:57.181,0.1102,0.1109,10.0,0.1102,4.0,10255.0,388.0
2021-01-05 09:38:57.640,0.1102,0.1107,12.0,0.1101,10.0,10255.0,392.0
2021-01-05 09:38:58.190,0.1102,0.1107,10.0,0.1101,10.0,10255.0,392.0
2021-01-05 09:38:58.670,0.1102,0.1105,12.0,0.1101,10.0,10255.0,392.0
2021-01-05 09:38:59.060,0.1101,0.1105,12.0,0.1101,10.0,10255.0,397.0
2021-01-05 09:38:59.700,0.1101,0.1105,12.0,0.1101,10.0,10255.0,397.0
2021-01-05 09:39:00.660,0.1101,0.1105,12.0,0.1101,10.0,10255.0,397.0
2021-01-05 09:39:01.120,0.1101,0.1105,22.0,0.1101,10.0,10255.0,397.0
2021-01-05 09:39:01.700,0.1101,0.1104,12.0,0.1101,10.0,10255.0,397.0
2021-01-05 09:39:02.170,0.1101,0.1104,12.0,0.1101,10.0,10255.0,397.0
2021-01-05 09:39:02.620,0.1101,0.1106,22.0,0.1101,10.0,10255.0,397.0
2021-01-05 09:39:03.150,0.1101,0.1104,12.0,0.1101,10.0,10255.0,397.0
2021-01-05 09:39:04.161,0.1101,0.1103,12.0,0.1101,10.0,10255.0,397.0
2021-01-05 09:39:04.610,0.1101,0.1103,12.0,0.1101,10.0,10255.0,397.0
2021-01-05 09:39:05.211,0.1101,0.1105,10.0,0.1101,10.0,10255.0,397.0
2021-01-05 09:39:05.701,0.1101,0.1105,10.0,0.1101,10.0,10255.0,397.0
2021-01-05 09:39:06.650,0.1101,0.1105,10.0,0.1101,10.0,10255.0,397.0
2021-01-05 09:39:07.200,0.1101,0.1105,22.0,0.1101,10.0,10255.0,397.0
2021-01-05 09:39:07.680,0.1101,0.1105,22.0,0.1101,30.0,10255.0,397.0
2021-01-05 09:39:08.690,0.1101,0.1105,22.0,0.1101,10.0,10255.0,397.0
2021-01-05 09:39:09.161,0.1101,0.1105,12.0,0.1101,10.0,10255.0,397.0
2021-01-05 09:39:09.601,0.1101,0.1106,22.0,0.1101,10.0,10255.0,397.0
2021-01-05 09:39:10.191,0.1101,0.1104,10.0,0.1101,10.0,10255.0,397.0
2021-01-05 09:39:10.721,0.1101,0.1105,10.0,0.11,30.0,10255.0,397.0
2021-01-05 09:39:11.201,0.1105,0.1106,5.0,0.1102,12.0,10255.0,402.0
2021-01-05 09:39:11.701,0.1105,0.1105,10.0,0.1102,12.0,10255.0,402.0
2021-01-05 09:39:12.220,0.1105,0.1105,10.0,0.1102,22.0,10255.0,402.0
2021-01-05 09:39:12.690,0.1105,0.1107,20.0,0.1102,22.0,10255.0,402.0
2021-01-05 09:39:13.720,0.1105,0.1107,32.0,0.1102,10.0,10255.0,402.0
2021-01-05 09:39:14.160,0.1105,0.1107,22.0,0.1102,10.0,10255.0,402.0
2021-01-05 09:39:15.220,0.1105,0.1109,12.0,0.1102,20.0,10255.0,402.0
2021-01-05 09:39:15.720,0.1105,0.1108,10.0,0.1102,10.0,10255.0,402.0
2021-01-05 09:39:16.121,0.1105,0.1109,12.0,0.1102,10.0,10255.0,402.0
2021-01-05 09:39:16.600,0.1105,0.1109,22.0,0.1102,10.0,10255.0,402.0
2021-01-05 09:39:17.191,0.1105,0.1109,10.0,0.1103,12.0,10255.0,402.0
2021-01-05 09:39:17.650,0.1105,0.1109,22.0,0.1102,10.0,10255.0,402.0
2021-01-05 09:39:18.221,0.1105,0.1109,35.0,0.1102,10.0,10255.0,402.0
2021-01-05 09:39:19.710,0.1105,0.1109,22.0,0.1102,10.0,10255.0,402.0
2021-01-05 09:39:20.221,0.1105,0.1109,12.0,0.1102,23.0,10255.0,402.0
2021-01-05 09:39:20.741,0.1105,0.111,22.0,0.1105,10.0,10255.0,402.0
2021-01-05 09:39:21.231,0.1105,0.1109,22.0,0.1105,20.0,10255.0,402.0
2021-01-05 09:39:21.671,0.1105,0.111,20.0,0.1105,20.0,10255.0,402.0
2021-01-05 09:39:22.211,0.1105,0.111,20.0,0.1105,20.0,10255.0,402.0
2021-01-05 09:39:22.651,0.1105,0.111,10.0,0.1105,20.0,10255.0,402.0
2021-01-05 09:39:23.200,0.1105,0.1109,12.0,0.1105,20.0,10255.0,402.0
2021-01-05 09:39:23.700,0.1105,0.111,10.0,0.1106,12.0,10255.0,402.0
2021-01-05 09:39:24.151,0.1105,0.1111,20.0,0.1108,12.0,10255.0,402.0
2021-01-05 09:39:25.210,0.1105,0.1111,20.0,0.1109,12.0,10255.0,402.0
2021-01-05 09:39:25.241,0.1109,0.1111,20.0,0.1107,10.0,10255.0,403.0
2021-01-05 09:39:26.130,0.1109,0.1111,20.0,0.1107,10.0,10255.0,403.0
2021-01-05 09:39:26.681,0.1109,0.1111,20.0,0.1107,10.0,10255.0,403.0
2021-01-05 09:39:27.210,0.1109,0.1111,20.0,0.1107,10.0,10255.0,403.0
2021-01-05 09:39:27.711,0.1109,0.1111,20.0,0.1106,10.0,10255.0,403.0
2021-01-05 09:39:28.220,0.1109,0.1111,20.0,0.1105,32.0,10255.0,403.0
2021-01-05 09:39:29.100,0.1109,0.1111,20.0,0.1105,32.0,10255.0,403.0
2021-01-05 09:39:29.721,0.1109,0.1111,32.0,0.1105,20.0,10255.0,403.0
2021-01-05 09:39:30.220,0.1109,0.1111,32.0,0.1105,20.0,10255.0,403.0
2021-01-05 09:39:30.721,0.1109,0.111,12.0,0.1105,10.0,10255.0,403.0
2021-01-05 09:39:31.121,0.1109,0.1109,12.0,0.1105,10.0,10255.0,403.0
2021-01-05 09:39:31.701,0.1109,0.1108,10.0,0.1105,10.0,10255.0,403.0
2021-01-05 09:39:32.141,0.1109,0.1109,10.0,0.1105,10.0,10255.0,403.0
2021-01-05 09:39:32.700,0.1109,0.1109,10.0,0.1105,10.0,10255.0,403.0
2021-01-05 09:39:33.180,0.1109,0.1109,10.0,0.1108,10.0,10255.0,403.0
2021-01-05 09:39:33.530,0.1109,0.1109,10.0,0.1108,10.0,10255.0,403.0
2021-01-05 09:39:33.530,0.1109,0.1109,10.0,0.1108,10.0,10255.0,403.0
2021-01-05 09:39:34.681,0.1109,0.1109,5.0,0.1108,10.0,10260.0,408.0
2021-01-05 09:39:35.651,0.1108,0.1109,10.0,0.1108,9.0,10260.0,409.0
2021-01-05 09:39:36.231,0.1108,0.1109,10.0,0.1108,9.0,10260.0,409.0
2021-01-05 09:39:37.221,0.1108,0.1109,10.0,0.1108,9.0,10260.0,409.0
2021-01-05 09:39:37.730,0.1108,0.1109,10.0,0.1104,30.0,10260.0,409.0
2021-01-05 09:39:38.221,0.1108,0.1109,10.0,0.1104,20.0,10260.0,409.0
2021-01-05 09:39:39.241,0.1108,0.1109,10.0,0.1104,20.0,10260.0,409.0
2021-01-05 09:39:41.220,0.1108,0.1108,12.0,0.1104,20.0,10260.0,409.0
2021-01-05 09:39:41.750,0.1108,0.1109,10.0,0.1103,15.0,10260.0,409.0
2021-01-05 09:39:42.210,0.1108,0.1107,10.0,0.1101,10.0,10260.0,409.0
2021-01-05 09:39:42.640,0.1108,0.1108,10.0,0.11,3.0,10260.0,409.0
2021-01-05 09:39:42.740,0.1108,0.1106,12.0,0.11,3.0,10260.0,409.0
2021-01-05 09:39:43.660,0.1108,0.1105,10.0,0.11,3.0,10260.0,409.0
2021-01-05 09:39:44.231,0.1108,0.1105,22.0,0.11,3.0,10260.0,409.0
2021-01-05 09:39:44.680,0.1108,0.1105,12.0,0.11,3.0,10260.0,409.0
2021-01-05 09:39:45.251,0.1108,0.1105,12.0,0.1099,10.0,10260.0,409.0
2021-01-05 09:39:45.750,0.1108,0.1104,12.0,0.1099,10.0,10260.0,409.0
2021-01-05 09:39:46.190,0.1108,0.1106,10.0,0.1097,30.0,10260.0,409.0
2021-01-05 09:39:46.711,0.1108,0.1106,10.0,0.1101,12.0,10260.0,409.0
2021-01-05 09:39:47.250,0.1108,0.1106,10.0,0.11,12.0,10260.0,409.0
2021-01-05 09:39:47.710,0.1108,0.1105,12.0,0.11,20.0,10260.0,409.0
2021-01-05 09:39:48.221,0.1108,0.1104,12.0,0.1098,10.0,10260.0,409.0
2021-01-05 09:39:48.720,0.1108,0.1103,10.0,0.1099,13.0,10260.0,409.0
2021-01-05 09:39:49.241,0.1103,0.1105,12.0,0.1099,13.0,10260.0,419.0
2021-01-05 09:39:49.711,0.1103,0.1108,12.0,0.1098,10.0,10260.0,419.0
2021-01-05 09:39:50.180,0.1103,0.1108,25.0,0.1098,23.0,10260.0,419.0
2021-01-05 09:39:50.710,0.1103,0.1106,12.0,0.1099,12.0,10260.0,419.0
2021-01-05 09:39:51.241,0.1103,0.111,10.0,0.1098,10.0,10260.0,419.0
2021-01-05 09:39:51.291,0.1103,0.111,10.0,0.1099,13.0,10260.0,419.0
2021-01-05 09:39:52.251,0.1103,0.1108,12.0,0.1099,25.0,10260.0,419.0
2021-01-05 09:39:52.670,0.1103,0.111,22.0,0.1101,12.0,10260.0,419.0
2021-01-05 09:39:53.181,0.1103,0.111,22.0,0.1101,32.0,10260.0,419.0
2021-01-05 09:39:53.630,0.1101,0.1109,25.0,0.1102,12.0,10265.0,424.0
2021-01-05 09:39:54.191,0.1101,0.111,10.0,0.1101,30.0,10265.0,424.0
2021-01-05 09:39:54.691,0.1101,0.1108,12.0,0.1101,20.0,10265.0,424.0
2021-01-05 09:39:55.181,0.1101,0.1107,12.0,0.1101,20.0,10265.0,424.0
2021-01-05 09:39:55.640,0.1101,0.1107,12.0,0.1101,20.0,10265.0,424.0
2021-01-05 09:39:56.120,0.1101,0.1107,12.0,0.1101,3.0,10265.0,424.0
2021-01-05 09:39:56.691,0.1101,0.1108,12.0,0.1102,13.0,10265.0,424.0
2021-01-05 09:39:57.181,0.1101,0.1108,12.0,0.1098,30.0,10265.0,424.0
2021-01-05 09:39:57.580,0.1101,0.1107,10.0,0.1099,13.0,10265.0,424.0
2021-01-05 09:39:58.201,0.1101,0.1105,12.0,0.1098,30.0,10265.0,424.0
2021-01-05 09:39:58.600,0.1101,0.1106,12.0,0.1098,32.0,10265.0,424.0
2021-01-05 09:39:59.061,0.1101,0.1104,10.0,0.1098,32.0,10265.0,424.0
2021-01-05 09:39:59.670,0.1101,0.1104,10.0,0.1098,35.0,10265.0,424.0
2021-01-05 09:40:00.610,0.1101,0.1104,10.0,0.1098,35.0,10265.0,424.0
2021-01-05 09:40:01.201,0.1101,0.1104,10.0,0.11,12.0,10265.0,424.0
2021-01-05 09:40:01.551,0.1101,0.1104,10.0,0.1098,35.0,10265.0,424.0
2021-01-05 09:40:02.200,0.1101,0.1104,10.0,0.1098,35.0,10265.0,424.0
2021-01-05 09:40:02.671,0.1101,0.1104,10.0,0.1098,12.0,10265.0,424.0
2021-01-05 09:40:03.171,0.1101,0.1104,10.0,0.1097,12.0,10265.0,424.0
2021-01-05 09:40:04.160,0.1101,0.1104,10.0,0.1097,12.0,10265.0,424.0
2021-01-05 09:40:04.700,0.1101,0.1104,10.0,0.1097,12.0,10265.0,424.0
2021-01-05 09:40:05.170,0.1101,0.1104,10.0,0.1097,22.0,10265.0,424.0
2021-01-05 09:40:05.701,0.1101,0.1104,10.0,0.1098,12.0,10265.0,424.0
2021-01-05 09:40:06.701,0.1101,0.1104,10.0,0.1098,32.0,10265.0,424.0
2021-01-05 09:40:07.191,0.1101,0.1104,10.0,0.11,12.0,10265.0,424.0
2021-01-05 09:40:07.700,0.1101,0.1104,10.0,0.11,12.0,10265.0,424.0
2021-01-05 09:40:08.200,0.1101,0.1104,10.0,0.1099,12.0,10265.0,424.0
2021-01-05 09:40:08.690,0.1101,0.1104,22.0,0.1098,30.0,10265.0,424.0
2021-01-05 09:40:09.191,0.1101,0.1103,12.0,0.1096,10.0,10265.0,424.0
2021-01-05 09:40:09.441,0.1101,0.1103,12.0,0.1095,25.0,10265.0,424.0
2021-01-05 09:40:10.150,0.1101,0.1102,10.0,0.1095,13.0,10265.0,424.0
2021-01-05 09:40:10.680,0.1101,0.1102,10.0,0.1097,12.0,10265.0,424.0
2021-01-05 09:40:11.170,0.1101,0.1102,10.0,0.1098,12.0,10265.0,424.0
2021-01-05 09:40:11.671,0.1101,0.1102,10.0,0.1098,12.0,10265.0,424.0
2021-01-05 09:40:12.190,0.1101,0.1102,10.0,0.1097,12.0,10265.0,424.0
2021-01-05 09:40:12.680,0.1101,0.1102,10.0,0.1096,10.0,10265.0,424.0
2021-01-05 09:40:13.131,0.1101,0.1102,10.0,0.1095,3.0,10265.0,424.0
2021-01-05 09:40:13.400,0.1101,0.1102,10.0,0.1095,15.0,10265.0,424.0
2021-01-05 09:40:14.150,0.1101,0.1102,10.0,0.1097,12.0,10265.0,424.0
2021-01-05 09:40:14.701,0.1101,0.1102,22.0,0.1095,15.0,10265.0,424.0
2021-01-05 09:40:15.120,0.1101,0.1102,22.0,0.1095,28.0,10265.0,424.0
2021-01-05 09:40:15.690,0.1101,0.1102,22.0,0.1095,28.0,10265.0,424.0
2021-01-05 09:40:16.610,0.1101,0.1102,22.0,0.1095,15.0,10265.0,424.0
2021-01-05 09:40:17.191,0.1101,0.1102,22.0,0.1095,25.0,10265.0,424.0
2021-01-05 09:40:17.661,0.1101,0.1102,22.0,0.1095,12.0,10265.0,424.0
2021-01-05 09:40:18.120,0.1101,0.1102,22.0,0.1095,12.0,10265.0,424.0
2021-01-05 09:40:18.301,0.1101,0.1101,13.0,0.1094,32.0,10265.0,424.0
2021-01-05 09:40:19.190,0.1101,0.1101,13.0,0.1094,45.0,10265.0,424.0
2021-01-05 09:40:19.711,0.1101,0.1101,13.0,0.1094,32.0,10265.0,424.0
2021-01-05 09:40:20.191,0.1101,0.1101,1.0,0.1096,12.0,10265.0,424.0
2021-01-05 09:40:20.691,0.1101,0.11,10.0,0.1096,12.0,10265.0,424.0
2021-01-05 09:40:21.200,0.11,0.11,5.0,0.1097,12.0,10265.0,429.0
2021-01-05 09:40:21.701,0.11,0.11,5.0,0.1096,10.0,10265.0,429.0
2021-01-05 09:40:22.210,0.11,0.1101,11.0,0.1096,10.0,10265.0,429.0
2021-01-05 09:40:22.210,0.11,0.1101,11.0,0.1096,23.0,10265.0,429.0
2021-01-05 09:40:24.681,0.11,0.1101,11.0,0.1096,10.0,10265.0,429.0
2021-01-05 09:40:25.551,0.11,0.1101,11.0,0.1096,10.0,10265.0,429.0
2021-01-05 09:40:26.181,0.11,0.1101,11.0,0.1096,10.0,10265.0,429.0
2021-01-05 09:40:26.650,0.11,0.1101,11.0,0.1096,10.0,10265.0,429.0
2021-01-05 09:40:27.140,0.11,0.1101,11.0,0.1096,10.0,10265.0,429.0
2021-01-05 09:40:27.701,0.11,0.1101,11.0,0.1097,12.0,10265.0,429.0
2021-01-05 09:40:28.110,0.11,0.1101,11.0,0.1097,12.0,10265.0,429.0
2021-01-05 09:40:28.690,0.11,0.1101,11.0,0.1097,32.0,10265.0,429.0
2021-01-05 09:40:29.170,0.11,0.1101,23.0,0.1097,20.0,10265.0,429.0
2021-01-05 09:40:32.611,0.11,0.1101,11.0,0.1097,20.0,10265.0,429.0
2021-01-05 09:40:33.180,0.11,0.1101,11.0,0.1097,30.0,10265.0,429.0
2021-01-05 09:40:33.681,0.11,0.1101,11.0,0.1097,10.0,10265.0,429.0
2021-01-05 09:40:34.171,0.11,0.1101,11.0,0.1097,10.0,10265.0,429.0
2021-01-05 09:40:34.601,0.11,0.1101,11.0,0.1097,22.0,10265.0,429.0
2021-01-05 09:40:35.201,0.11,0.1101,1.0,0.1097,22.0,10265.0,429.0
2021-01-05 09:40:35.681,0.11,0.1101,1.0,0.1097,35.0,10265.0,429.0
2021-01-05 09:40:36.161,0.11,0.1101,1.0,0.1099,12.0,10265.0,429.0
2021-01-05 09:40:36.620,0.11,0.1101,1.0,0.1099,12.0,10265.0,429.0
2021-01-05 09:40:37.201,0.11,0.1101,1.0,0.1099,12.0,10265.0,429.0
2021-01-05 09:40:37.700,0.11,0.1101,1.0,0.11,12.0,10265.0,429.0
2021-01-05 09:40:38.130,0.11,0.1101,1.0,0.1098,10.0,10265.0,429.0
2021-01-05 09:40:38.651,0.11,0.1101,1.0,0.1099,12.0,10265.0,429.0
2021-01-05 09:40:39.681,0.11,0.1101,1.0,0.1099,12.0,10265.0,429.0
2021-01-05 09:40:40.670,0.11,0.1101,1.0,0.1099,12.0,10265.0,429.0
2021-01-05 09:40:41.191,0.11,0.1101,1.0,0.1099,12.0,10265.0,429.0
2021-01-05 09:40:41.640,0.11,0.1101,1.0,0.1098,10.0,10265.0,429.0
2021-01-05 09:40:42.180,0.11,0.1101,1.0,0.1098,10.0,10265.0,429.0
2021-01-05 09:40:42.601,0.11,0.1101,1.0,0.1098,10.0,10265.0,429.0
2021-01-05 09:40:43.191,0.11,0.1101,1.0,0.1098,22.0,10265.0,429.0
2021-01-05 09:40:43.500,0.1098,0.1101,1.0,0.1095,33.0,10243.0,459.0
2021-01-05 09:40:44.161,0.1098,0.1101,1.0,0.1096,13.0,10243.0,459.0
2021-01-05 09:40:44.610,0.1098,0.1101,1.0,0.1096,13.0,10243.0,459.0
2021-01-05 09:40:45.131,0.1098,0.1101,1.0,0.1096,13.0,10243.0,459.0
2021-01-05 09:40:46.581,0.1095,0.1101,1.0,0.1095,16.0,10226.0,489.0
2021-01-05 09:40:46.981,0.1095,0.1101,1.0,0.1099,10.0,10226.0,489.0
2021-01-05 09:40:47.611,0.1095,0.1101,1.0,0.1099,10.0,10226.0,489.0
2021-01-05 09:40:48.700,0.1095,0.1101,1.0,0.1095,10.0,10199.0,519.0
2021-01-05 09:40:49.111,0.1095,0.1101,1.0,0.1097,10.0,10199.0,519.0
2021-01-05 09:40:49.640,0.1095,0.1101,1.0,0.1098,13.0,10199.0,519.0
2021-01-05 09:40:50.181,0.1095,0.1101,1.0,0.1096,10.0,10199.0,519.0
2021-01-05 09:40:50.671,0.1095,0.1101,1.0,0.1095,12.0,10189.0,549.0
2021-01-05 09:40:51.021,0.1095,0.1101,13.0,0.1096,13.0,10189.0,549.0
2021-01-05 09:40:51.601,0.1095,0.1101,13.0,0.1094,20.0,10189.0,549.0
2021-01-05 09:40:52.181,0.1095,0.1101,13.0,0.1095,13.0,10189.0,549.0
2021-01-05 09:40:52.650,0.1095,0.1095,17.0,0.1094,32.0,10189.0,562.0
2021-01-05 09:40:53.121,0.1095,0.1101,1.0,0.1094,45.0,10172.0,579.0
2021-01-05 09:40:53.651,0.1095,0.1101,1.0,0.1094,32.0,10172.0,579.0
2021-01-05 09:40:54.141,0.1095,0.1101,1.0,0.1095,13.0,10172.0,579.0
2021-01-05 09:40:54.621,0.1094,0.1101,1.0,0.1094,15.0,10167.0,609.0
2021-01-05 09:40:55.111,0.1094,0.1101,1.0,0.1094,30.0,10167.0,609.0
2021-01-05 09:40:55.620,0.1094,0.1101,13.0,0.1095,13.0,10167.0,609.0
2021-01-05 09:40:56.121,0.1094,0.1101,1.0,0.1095,23.0,10167.0,609.0
2021-01-05 09:40:56.711,0.1101,0.1104,10.0,0.1097,12.0,10167.0,610.0
2021-01-05 09:40:57.180,0.1101,0.1106,32.0,0.1097,12.0,10167.0,610.0
2021-01-05 09:40:57.560,0.1101,0.1104,12.0,0.1098,13.0,10167.0,610.0
2021-01-05 09:40:58.200,0.1101,0.1103,12.0,0.1098,23.0,10167.0,610.0
2021-01-05 09:40:58.721,0.1101,0.1103,12.0,0.1098,13.0,10167.0,610.0
2021-01-05 09:40:58.980,0.1101,0.1105,12.0,0.1098,13.0,10167.0,610.0
2021-01-05 09:40:59.721,0.1101,0.1105,22.0,0.1098,13.0,10167.0,610.0
2021-01-05 09:41:01.041,0.1101,0.1105,12.0,0.1098,13.0,10167.0,610.0
2021-01-05 09:41:01.650,0.1101,0.1104,10.0,0.1098,13.0,10167.0,610.0
2021-01-05 09:41:02.190,0.1101,0.1105,12.0,0.1098,13.0,10167.0,610.0
2021-01-05 09:41:03.110,0.1101,0.1105,12.0,0.1098,23.0,10167.0,610.0
2021-01-05 09:41:04.180,0.1101,0.1107,22.0,0.1098,35.0,10167.0,610.0
2021-01-05 09:41:04.680,0.1101,0.1107,22.0,0.1098,35.0,10167.0,610.0
2021-01-05 09:41:05.220,0.1101,0.1105,12.0,0.1098,23.0,10167.0,610.0
2021-01-05 09:41:06.221,0.1101,0.1105,12.0,0.1098,23.0,10167.0,610.0
2021-01-05 09:41:06.680,0.1101,0.1106,10.0,0.11,10.0,10167.0,610.0
2021-01-05 09:41:07.100,0.1101,0.1105,12.0,0.11,10.0,10167.0,610.0
2021-01-05 09:41:08.130,0.1101,0.1105,12.0,0.11,10.0,10167.0,610.0
2021-01-05 09:41:08.701,0.1101,0.1105,12.0,0.11,30.0,10167.0,610.0
2021-01-05 09:41:09.210,0.1101,0.1106,20.0,0.11,30.0,10167.0,610.0
2021-01-05 09:41:09.650,0.1101,0.1108,32.0,0.11,42.0,10167.0,610.0
2021-01-05 09:41:10.220,0.1101,0.1106,10.0,0.11,40.0,10167.0,610.0
2021-01-05 09:41:10.710,0.1101,0.1107,32.0,0.11,43.0,10167.0,610.0
2021-01-05 09:41:11.210,0.1101,0.1107,22.0,0.11,43.0,10167.0,610.0
2021-01-05 09:41:11.711,0.1101,0.1105,12.0,0.11,43.0,10167.0,610.0
2021-01-05 09:41:12.151,0.1101,0.1105,12.0,0.1104,2.0,10167.0,610.0
2021-01-05 09:41:12.710,0.1104,0.1104,1.0,0.11,53.0,10169.0,612.0
2021-01-05 09:41:13.161,0.1104,0.1104,1.0,0.11,30.0,10169.0,612.0
2021-01-05 09:41:14.160,0.1104,0.1104,1.0,0.1102,12.0,10169.0,612.0
2021-01-05 09:41:14.671,0.1104,0.1104,1.0,0.11,20.0,10169.0,612.0
2021-01-05 09:41:15.180,0.1104,0.1104,11.0,0.11,10.0,10169.0,612.0
2021-01-05 09:41:15.601,0.1104,0.1104,23.0,0.11,10.0,10169.0,612.0
2021-01-05 09:41:16.210,0.1104,0.1104,23.0,0.11,10.0,10169.0,612.0
2021-01-05 09:41:16.500,0.1104,0.1104,11.0,0.11,10.0,10169.0,612.0
2021-01-05 09:41:17.670,0.1104,0.1104,11.0,0.11,10.0,10169.0,612.0
2021-01-05 09:41:18.200,0.1104,0.1104,1.0,0.11,10.0,10169.0,612.0
2021-01-05 09:41:18.600,0.1104,0.1104,1.0,0.11,10.0,10169.0,612.0
2021-01-05 09:41:20.070,0.1104,0.1104,1.0,0.11,10.0,10169.0,612.0
2021-01-05 09:41:20.721,0.1104,0.1104,1.0,0.11,10.0,10169.0,612.0
2021-01-05 09:41:21.190,0.1104,0.1104,1.0,0.11,10.0,10169.0,612.0
2021-01-05 09:41:21.551,0.1104,0.1105,10.0,0.11,10.0,10169.0,612.0
2021-01-05 09:41:22.700,0.1104,0.1107,22.0,0.11,10.0,10169.0,612.0
2021-01-05 09:41:23.061,0.1104,0.1107,25.0,0.11,10.0,10169.0,612.0
2021-01-05 09:41:24.171,0.1104,0.1105,12.0,0.11,10.0,10169.0,612.0
2021-01-05 09:41:24.651,0.1104,0.1105,12.0,0.11,30.0,10169.0,612.0
2021-01-05 09:41:25.120,0.1104,0.1107,22.0,0.11,40.0,10169.0,612.0
2021-01-05 09:41:25.230,0.11,0.1107,12.0,0.11,10.0,10139.0,642.0
2021-01-05 09:41:26.670,0.11,0.1107,12.0,0.11,20.0,10139.0,642.0
2021-01-05 09:41:27.131,0.11,0.1107,22.0,0.11,23.0,10139.0,642.0
2021-01-05 09:41:27.710,0.1099,0.1107,10.0,0.1101,12.0,10129.0,672.0
2021-01-05 09:41:28.171,0.1099,0.1105,12.0,0.11,30.0,10129.0,672.0
2021-01-05 09:41:28.540,0.1099,0.1107,22.0,0.11,20.0,10129.0,672.0
2021-01-05 09:41:29.001,0.1099,0.1108,22.0,0.11,32.0,10129.0,672.0
2021-01-05 09:41:29.690,0.11,0.1108,13.0,0.1099,22.0,10109.0,702.0
2021-01-05 09:41:30.180,0.11,0.1106,12.0,0.1099,23.0,10109.0,702.0
2021-01-05 09:41:30.670,0.11,0.1109,20.0,0.1099,23.0,10109.0,702.0
2021-01-05 09:41:31.181,0.11,0.1107,12.0,0.1099,23.0,10109.0,702.0
2021-01-05 09:41:31.700,0.11,0.1107,12.0,0.1099,43.0,10109.0,702.0
2021-01-05 09:41:32.670,0.11,0.1107,12.0,0.1099,43.0,10109.0,702.0
2021-01-05 09:41:33.171,0.11,0.1109,10.0,0.11,10.0,10109.0,702.0
2021-01-05 09:41:33.621,0.11,0.1107,12.0,0.11,10.0,10109.0,702.0
2021-01-05 09:41:34.120,0.11,0.1106,12.0,0.1099,40.0,10109.0,702.0
2021-01-05 09:41:34.720,0.11,0.1107,12.0,0.1099,40.0,10109.0,702.0
2021-01-05 09:41:35.221,0.11,0.1107,12.0,0.1099,53.0,10109.0,702.0
2021-01-05 09:41:35.721,0.11,0.1108,12.0,0.1099,52.0,10109.0,702.0
2021-01-05 09:41:36.070,0.11,0.1108,12.0,0.11,13.0,10109.0,702.0
2021-01-05 09:41:36.720,0.11,0.1108,22.0,0.11,23.0,10109.0,702.0
2021-01-05 09:41:37.210,0.11,0.1106,12.0,0.11,23.0,10109.0,702.0
2021-01-05 09:41:37.711,0.1106,0.1108,10.0,0.1102,10.0,10114.0,714.0
2021-01-05 09:41:38.160,0.1106,0.1109,10.0,0.1102,10.0,10114.0,714.0
2021-01-05 09:41:38.710,0.1106,0.1109,23.0,0.1104,12.0,10114.0,714.0
2021-01-05 09:41:39.221,0.1106,0.111,10.0,0.1104,12.0,10114.0,714.0
2021-01-05 09:41:39.521,0.1106,0.1109,13.0,0.1104,12.0,10114.0,714.0
2021-01-05 09:41:40.721,0.1106,0.1109,13.0,0.1104,12.0,10114.0,714.0
2021-01-05 09:41:41.130,0.1106,0.1108,10.0,0.1104,12.0,10114.0,714.0
2021-01-05 09:41:41.730,0.1106,0.1109,10.0,0.1102,42.0,10114.0,714.0
2021-01-05 09:41:42.201,0.1106,0.1108,13.0,0.1102,42.0,10114.0,714.0
2021-01-05 09:41:42.700,0.1106,0.1108,23.0,0.1102,10.0,10114.0,714.0
2021-01-05 09:41:43.071,0.1106,0.1106,12.0,0.1102,10.0,10114.0,714.0
2021-01-05 09:41:43.720,0.1106,0.1106,12.0,0.1102,10.0,10114.0,714.0
2021-01-05 09:41:44.671,0.1106,0.1106,12.0,0.1102,10.0,10114.0,714.0
2021-01-05 09:41:45.190,0.1106,0.1107,12.0,0.1102,10.0,10114.0,714.0
2021-01-05 09:41:45.701,0.1106,0.1107,25.0,0.1102,10.0,10114.0,714.0
2021-01-05 09:41:46.241,0.1106,0.1106,12.0,0.1102,10.0,10114.0,714.0
2021-01-05 09:41:46.661,0.1106,0.1106,12.0,0.1101,10.0,10114.0,714.0
2021-01-05 09:41:47.201,0.1106,0.1107,12.0,0.1101,20.0,10114.0,714.0
2021-01-05 09:41:48.181,0.1106,0.1109,10.0,0.1103,10.0,10114.0,714.0
2021-01-05 09:41:48.600,0.1106,0.111,22.0,0.1103,30.0,10114.0,714.0
2021-01-05 09:41:49.191,0.1106,0.1108,12.0,0.1103,20.0,10114.0,714.0
2021-01-05 09:41:49.750,0.1106,0.111,12.0,0.1104,10.0,10114.0,714.0
2021-01-05 09:41:50.231,0.1106,0.1112,12.0,0.1103,52.0,10114.0,714.0
2021-01-05 09:41:50.751,0.1106,0.1112,13.0,0.1103,53.0,10114.0,714.0
2021-01-05 09:41:51.251,0.1106,0.1111,12.0,0.1103,40.0,10114.0,714.0
2021-01-05 09:41:51.760,0.1106,0.1111,25.0,0.1103,40.0,10114.0,714.0
2021-01-05 09:41:52.261,0.1106,0.1113,10.0,0.1103,40.0,10114.0,714.0
2021-01-05 09:41:52.261,0.1106,0.1113,22.0,0.1104,25.0,10114.0,714.0
2021-01-05 09:41:53.201,0.1106,0.1114,22.0,0.1106,12.0,10114.0,714.0
2021-01-05 09:41:54.161,0.1106,0.1114,25.0,0.1106,32.0,10114.0,714.0
2021-01-05 09:41:55.160,0.1106,0.1116,10.0,0.1108,12.0,10114.0,714.0
2021-01-05 09:41:55.671,0.1106,0.1114,12.0,0.1108,10.0,10114.0,714.0
2021-01-05 09:41:56.151,0.1106,0.1114,12.0,0.1108,20.0,10114.0,714.0
2021-01-05 09:41:56.680,0.1106,0.1115,12.0,0.1108,10.0,10114.0,714.0
2021-01-05 09:41:57.110,0.1106,0.1115,13.0,0.1108,32.0,10114.0,714.0
2021-01-05 09:41:57.640,0.1106,0.1113,12.0,0.1108,20.0,10114.0,714.0
2021-01-05 09:41:58.140,0.1106,0.1115,12.0,0.1108,10.0,10114.0,714.0
2021-01-05 09:41:58.660,0.1106,0.1114,10.0,0.1107,10.0,10114.0,714.0
2021-01-05 09:41:59.131,0.1106,0.1113,12.0,0.1107,10.0,10114.0,714.0
2021-01-05 09:41:59.700,0.1106,0.1113,12.0,0.1106,20.0,10114.0,714.0
2021-01-05 09:42:00.151,0.1106,0.1113,12.0,0.1106,10.0,10114.0,714.0
2021-01-05 09:42:00.701,0.1106,0.1113,12.0,0.1106,20.0,10114.0,714.0
2021-01-05 09:42:01.190,0.1106,0.1114,12.0,0.1106,32.0,10114.0,714.0
2021-01-05 09:42:01.651,0.1106,0.1114,12.0,0.1106,32.0,10114.0,714.0
2021-01-05 09:42:02.201,0.1106,0.1114,12.0,0.1106,32.0,10114.0,714.0
2021-01-05 09:42:02.710,0.1106,0.1114,12.0,0.1106,65.0,10114.0,714.0
2021-01-05 09:42:03.161,0.1106,0.1114,12.0,0.1106,52.0,10114.0,714.0
2021-01-05 09:42:04.500,0.1106,0.1113,12.0,0.1106,20.0,10114.0,714.0
2021-01-05 09:42:05.211,0.1106,0.1113,12.0,0.1106,33.0,10114.0,714.0
2021-01-05 09:42:05.711,0.1106,0.1113,22.0,0.1106,33.0,10114.0,714.0
2021-01-05 09:42:06.181,0.1106,0.1113,12.0,0.1106,33.0,10114.0,714.0
2021-01-05 09:42:07.230,0.1106,0.1114,12.0,0.1106,65.0,10114.0,714.0
2021-01-05 09:42:09.230,0.1106,0.1114,12.0,0.1106,52.0,10114.0,714.0
2021-01-05 09:42:09.570,0.1106,0.1114,12.0,0.1107,13.0,10114.0,714.0
2021-01-05 09:42:10.220,0.1106,0.1114,12.0,0.1107,23.0,10114.0,714.0
2021-01-05 09:42:11.720,0.1106,0.1116,22.0,0.1108,22.0,10114.0,714.0
2021-01-05 09:42:12.210,0.1106,0.1116,12.0,0.111,10.0,10114.0,714.0
2021-01-05 09:42:12.721,0.1106,0.1116,12.0,0.111,30.0,10114.0,714.0
2021-01-05 09:42:13.191,0.1106,0.1116,12.0,0.111,30.0,10114.0,714.0
2021-01-05 09:42:13.731,0.1106,0.1116,12.0,0.111,40.0,10114.0,714.0
2021-01-05 09:42:14.150,0.1106,0.1116,12.0,0.111,30.0,10114.0,714.0
2021-01-05 09:42:14.671,0.1106,0.1115,12.0,0.111,40.0,10114.0,714.0
2021-01-05 09:42:15.151,0.1106,0.1115,12.0,0.111,30.0,10114.0,714.0
2021-01-05 09:42:15.650,0.1106,0.1116,10.0,0.111,40.0,10114.0,714.0
2021-01-05 09:42:16.181,0.1106,0.1117,12.0,0.111,30.0,10114.0,714.0
2021-01-05 09:42:17.160,0.1106,0.1117,12.0,0.111,20.0,10114.0,714.0
2021-01-05 09:42:18.701,0.1106,0.1116,12.0,0.111,20.0,10114.0,714.0
2021-01-05 09:42:19.210,0.1106,0.1116,12.0,0.111,20.0,10114.0,714.0
2021-01-05 09:42:19.721,0.1106,0.1116,12.0,0.111,30.0,10114.0,714.0
2021-01-05 09:42:20.171,0.1106,0.1116,12.0,0.111,20.0,10114.0,714.0
2021-01-05 09:42:20.751,0.1106,0.1116,12.0,0.111,30.0,10114.0,714.0
2021-01-05 09:42:21.231,0.1106,0.1116,12.0,0.111,20.0,10114.0,714.0
2021-01-05 09:42:21.621,0.1106,0.1115,12.0,0.111,20.0,10114.0,714.0
2021-01-05 09:42:22.221,0.1106,0.1118,20.0,0.111,20.0,10114.0,714.0
2021-01-05 09:42:22.221,0.1106,0.1116,12.0,0.111,43.0,10114.0,714.0
2021-01-05 09:42:23.191,0.1106,0.1116,12.0,0.111,33.0,10114.0,714.0
2021-01-05 09:42:23.650,0.1106,0.1116,12.0,0.111,33.0,10114.0,714.0
2021-01-05 09:42:24.151,0.1106,0.1116,12.0,0.111,43.0,10114.0,714.0
2021-01-05 09:42:24.670,0.1106,0.1116,12.0,0.111,30.0,10114.0,714.0
2021-01-05 09:42:25.200,0.1106,0.1118,32.0,0.111,30.0,10114.0,714.0
2021-01-05 09:42:25.471,0.1106,0.1118,12.0,0.111,40.0,10114.0,714.0
2021-01-05 09:42:26.130,0.1106,0.1119,22.0,0.1111,12.0,10114.0,714.0
2021-01-05 09:42:26.720,0.1106,0.1119,35.0,0.1111,22.0,10114.0,714.0
2021-01-05 09:42:27.171,0.1106,0.1118,10.0,0.1111,22.0,10114.0,714.0
2021-01-05 09:42:27.571,0.1106,0.1118,10.0,0.1111,22.0,10114.0,714.0
2021-01-05 09:42:29.720,0.1106,0.1119,22.0,0.1112,10.0,10114.0,714.0
2021-01-05 09:42:30.710,0.1106,0.1119,22.0,0.1112,10.0,10114.0,714.0
2021-01-05 09:42:31.200,0.1106,0.112,11.0,0.1113,12.0,10114.0,714.0
2021-01-05 09:42:31.720,0.1106,0.112,11.0,0.1113,32.0,10114.0,714.0
2021-01-05 09:42:32.081,0.1106,0.112,11.0,0.1113,42.0,10114.0,714.0
2021-01-05 09:42:32.721,0.1106,0.112,11.0,0.1113,32.0,10114.0,714.0
2021-01-05 09:42:34.210,0.1106,0.1119,22.0,0.1113,30.0,10114.0,714.0
2021-01-05 09:42:35.701,0.1106,0.1119,12.0,0.1113,30.0,10114.0,714.0
2021-01-05 09:42:36.141,0.1106,0.1119,12.0,0.1113,30.0,10114.0,714.0
2021-01-05 09:42:36.650,0.1106,0.1118,10.0,0.1113,30.0,10114.0,714.0
2021-01-05 09:42:37.251,0.1106,0.1119,22.0,0.1113,20.0,10114.0,714.0
2021-01-05 09:42:37.751,0.1106,0.1119,22.0,0.1113,30.0,10114.0,714.0
2021-01-05 09:42:40.221,0.1106,0.1119,10.0,0.1113,30.0,10114.0,714.0
2021-01-05 09:42:41.731,0.1106,0.112,33.0,0.1113,30.0,10114.0,714.0
2021-01-05 09:42:42.250,0.1106,0.112,13.0,0.1113,43.0,10114.0,714.0
2021-01-05 09:42:42.711,0.1106,0.1119,22.0,0.1113,43.0,10114.0,714.0
2021-01-05 09:42:43.251,0.1106,0.112,13.0,0.1113,20.0,10114.0,714.0
2021-01-05 09:42:43.741,0.1106,0.1118,12.0,0.1113,30.0,10114.0,714.0
2021-01-05 09:42:44.211,0.1106,0.112,11.0,0.1113,20.0,10114.0,714.0
2021-01-05 09:42:44.751,0.1106,0.112,1.0,0.1113,52.0,10114.0,714.0
2021-01-05 09:42:45.191,0.1106,0.1119,22.0,0.1113,30.0,10114.0,714.0
2021-01-05 09:42:45.650,0.1106,0.1119,10.0,0.1113,30.0,10114.0,714.0
2021-01-05 09:42:46.240,0.1106,0.112,23.0,0.1113,43.0,10114.0,714.0
2021-01-05 09:42:46.741,0.1106,0.112,23.0,0.1113,43.0,10114.0,714.0
2021-01-05 09:42:47.160,0.1106,0.112,23.0,0.1113,30.0,10114.0,714.0
2021-01-05 09:42:47.690,0.1106,0.112,11.0,0.1113,55.0,10114.0,714.0
2021-01-05 09:42:48.171,0.1106,0.112,1.0,0.1113,55.0,10114.0,714.0
2021-01-05 09:42:48.720,0.1106,0.112,11.0,0.1113,55.0,10114.0,714.0
2021-01-05 09:42:49.750,0.1106,0.112,1.0,0.1113,55.0,10114.0,714.0
2021-01-05 09:42:50.720,0.1106,0.112,1.0,0.1113,42.0,10114.0,714.0
2021-01-05 09:42:51.060,0.1106,0.112,1.0,0.1114,13.0,10114.0,714.0
2021-01-05 09:42:51.761,0.1106,0.112,1.0,0.1114,23.0,10114.0,714.0
2021-01-05 09:42:53.640,0.112,0.1123,20.0,0.1115,12.0,10114.0,715.0
2021-01-05 09:42:54.191,0.112,0.1123,10.0,0.1115,22.0,10114.0,715.0
2021-01-05 09:42:54.710,0.112,0.1123,10.0,0.1115,35.0,10114.0,715.0
2021-01-05 09:42:55.701,0.112,0.1123,10.0,0.1115,35.0,10114.0,715.0
2021-01-05 09:42:56.191,0.112,0.1123,10.0,0.1115,45.0,10114.0,715.0
2021-01-05 09:42:56.631,0.112,0.1123,10.0,0.1115,35.0,10114.0,715.0
2021-01-05 09:42:57.171,0.112,0.1123,10.0,0.1115,22.0,10114.0,715.0
2021-01-05 09:42:57.591,0.112,0.1123,10.0,0.1116,13.0,10114.0,715.0
2021-01-05 09:42:58.220,0.112,0.1124,10.0,0.1117,12.0,10114.0,715.0
2021-01-05 09:42:58.731,0.112,0.1123,10.0,0.1117,10.0,10114.0,715.0
2021-01-05 09:42:59.230,0.112,0.1123,10.0,0.1117,10.0,10114.0,715.0
2021-01-05 09:42:59.730,0.112,0.1124,22.0,0.1117,10.0,10114.0,715.0
2021-01-05 09:43:00.131,0.112,0.1123,10.0,0.1117,10.0,10114.0,715.0
2021-01-05 09:43:00.721,0.112,0.1124,22.0,0.1117,10.0,10114.0,715.0
2021-01-05 09:43:01.211,0.112,0.1123,10.0,0.1117,10.0,10114.0,715.0
2021-01-05 09:43:01.701,0.112,0.1123,10.0,0.1117,10.0,10114.0,715.0
2021-01-05 09:43:02.150,0.112,0.1123,10.0,0.1117,10.0,10114.0,715.0
2021-01-05 09:43:02.681,0.1123,0.1125,10.0,0.1117,22.0,10114.0,725.0
2021-01-05 09:43:03.241,0.1123,0.1126,12.0,0.1117,35.0,10114.0,725.0
2021-01-05 09:43:04.740,0.1123,0.1126,12.0,0.1117,35.0,10114.0,725.0
2021-01-05 09:43:05.251,0.1123,0.1125,12.0,0.1117,10.0,10114.0,725.0
2021-01-05 09:43:05.681,0.1123,0.1124,12.0,0.1117,10.0,10114.0,725.0
2021-01-05 09:43:06.171,0.1123,0.1124,35.0,0.1117,10.0,10114.0,725.0
2021-01-05 09:43:06.730,0.1124,0.1124,12.0,0.1117,10.0,10114.0,726.0
2021-01-05 09:43:07.231,0.1124,0.1124,12.0,0.1117,10.0,10114.0,726.0
2021-01-05 09:43:07.710,0.1124,0.1124,24.0,0.1117,10.0,10114.0,726.0
2021-01-05 09:43:08.200,0.1124,0.1123,22.0,0.1117,10.0,10114.0,726.0
2021-01-05 09:43:08.701,0.1124,0.1123,22.0,0.1116,20.0,10114.0,726.0
2021-01-05 09:43:09.231,0.1124,0.1123,12.0,0.1116,20.0,10114.0,726.0
2021-01-05 09:43:09.740,0.1124,0.1122,10.0,0.1116,20.0,10114.0,726.0
2021-01-05 09:43:10.150,0.1124,0.1124,10.0,0.1119,10.0,10114.0,726.0
2021-01-05 09:43:10.761,0.1124,0.1124,10.0,0.1119,10.0,10114.0,726.0
2021-01-05 09:43:13.210,0.1124,0.1123,10.0,0.1119,10.0,10114.0,726.0
2021-01-05 09:43:13.740,0.1124,0.1124,22.0,0.1119,10.0,10114.0,726.0
2021-01-05 09:43:14.270,0.1124,0.1122,12.0,0.1119,10.0,10114.0,726.0
2021-01-05 09:43:15.241,0.1119,0.1122,12.0,0.1119,9.0,10115.0,727.0
2021-01-05 09:43:15.771,0.1119,0.1122,22.0,0.1119,9.0,10115.0,727.0
2021-01-05 09:43:17.771,0.1119,0.1123,10.0,0.1119,9.0,10115.0,727.0
2021-01-05 09:43:18.270,0.1119,0.1121,10.0,0.1119,9.0,10115.0,727.0
2021-01-05 09:43:19.751,0.1119,0.1121,10.0,0.1119,9.0,10115.0,727.0
2021-01-05 09:43:20.281,0.1119,0.1121,22.0,0.1119,9.0,10115.0,727.0
2021-01-05 09:43:21.271,0.1119,0.1123,10.0,0.1119,9.0,10115.0,727.0
2021-01-05 09:43:21.701,0.1119,0.1124,10.0,0.1119,9.0,10115.0,727.0
2021-01-05 09:43:22.281,0.1119,0.1125,22.0,0.1119,9.0,10115.0,727.0
2021-01-05 09:43:22.641,0.1119,0.1123,10.0,0.1119,9.0,10115.0,727.0
2021-01-05 09:43:23.201,0.1119,0.1124,10.0,0.1119,9.0,10115.0,727.0
2021-01-05 09:43:23.651,0.1119,0.1123,10.0,0.1119,9.0,10115.0,727.0
2021-01-05 09:43:24.120,0.1119,0.1124,10.0,0.1119,9.0,10115.0,727.0
2021-01-05 09:43:25.201,0.1119,0.1124,22.0,0.1119,9.0,10115.0,727.0
2021-01-05 09:43:25.701,0.1119,0.1124,12.0,0.1119,9.0,10115.0,727.0
2021-01-05 09:43:26.181,0.1119,0.1125,10.0,0.1119,9.0,10115.0,727.0
2021-01-05 09:43:26.611,0.1119,0.1125,10.0,0.1119,9.0,10115.0,727.0
2021-01-05 09:43:27.190,0.1119,0.1125,10.0,0.1121,12.0,10115.0,727.0
2021-01-05 09:43:27.591,0.1119,0.1125,10.0,0.1119,21.0,10115.0,727.0
2021-01-05 09:43:28.091,0.1119,0.1125,10.0,0.1119,9.0,10115.0,727.0
2021-01-05 09:43:28.700,0.1119,0.1125,10.0,0.1119,9.0,10115.0,727.0
2021-01-05 09:43:29.660,0.1119,0.1125,10.0,0.1119,9.0,10115.0,727.0
2021-01-05 09:43:30.050,0.1119,0.1125,10.0,0.1119,9.0,10115.0,727.0
2021-01-05 09:43:31.111,0.1119,0.1125,10.0,0.1119,9.0,10115.0,727.0
2021-01-05 09:43:32.701,0.1119,0.1125,10.0,0.1119,9.0,10115.0,727.0
2021-01-05 09:43:33.141,0.1119,0.1125,10.0,0.1119,9.0,10115.0,727.0
2021-01-05 09:43:33.600,0.1119,0.1125,23.0,0.1119,9.0,10115.0,727.0
2021-01-05 09:43:34.221,0.1119,0.1125,10.0,0.1119,9.0,10115.0,727.0
2021-01-05 09:43:34.661,0.1119,0.1124,10.0,0.1119,9.0,10115.0,727.0
2021-01-05 09:43:35.160,0.1119,0.1124,10.0,0.1119,9.0,10115.0,727.0
2021-01-05 09:43:35.681,0.1119,0.1124,10.0,0.1117,22.0,10115.0,727.0
2021-01-05 09:43:36.661,0.1119,0.1124,10.0,0.1117,22.0,10115.0,727.0
2021-01-05 09:43:37.181,0.1119,0.1124,10.0,0.1117,12.0,10115.0,727.0
2021-01-05 09:43:37.631,0.1119,0.1123,10.0,0.1117,12.0,10115.0,727.0
2021-01-05 09:43:38.221,0.1119,0.1124,10.0,0.1117,12.0,10115.0,727.0
2021-01-05 09:43:39.241,0.1117,0.1124,10.0,0.1117,12.0,10115.0,737.0
2021-01-05 09:43:39.700,0.1117,0.1122,12.0,0.1117,13.0,10115.0,737.0
2021-01-05 09:43:40.230,0.1115,0.1122,12.0,0.1115,10.0,10098.0,767.0
2021-01-05 09:43:40.731,0.1115,0.1122,12.0,0.1116,13.0,10098.0,767.0
2021-01-05 09:43:41.730,0.1115,0.1122,12.0,0.1116,13.0,10098.0,767.0
2021-01-05 09:43:42.191,0.1114,0.1124,10.0,0.1115,10.0,10098.0,797.0
2021-01-05 09:43:42.251,0.1114,0.1122,12.0,0.1115,43.0,10098.0,797.0
2021-01-05 09:43:43.231,0.1114,0.1121,10.0,0.1115,20.0,10098.0,797.0
2021-01-05 09:43:43.711,0.1114,0.1119,12.0,0.1114,10.0,10098.0,797.0
2021-01-05 09:43:44.251,0.1114,0.1114,7.0,0.1113,20.0,10098.0,820.0
2021-01-05 09:43:44.670,0.1114,0.1119,12.0,0.1113,13.0,10091.0,827.0
2021-01-05 09:43:45.221,0.1114,0.1122,20.0,0.1113,13.0,10091.0,827.0
2021-01-05 09:43:45.221,0.1114,0.112,12.0,0.1113,33.0,10091.0,827.0
2021-01-05 09:43:46.151,0.1112,0.112,12.0,0.1111,42.0,10071.0,857.0
2021-01-05 09:43:46.710,0.112,0.112,20.0,0.1113,12.0,10071.0,859.0
2021-01-05 09:43:47.250,0.112,0.1122,32.0,0.1113,12.0,10071.0,859.0
2021-01-05 09:43:47.661,0.112,0.1122,32.0,0.1114,13.0,10071.0,859.0
2021-01-05 09:43:48.220,0.112,0.112,12.0,0.1112,10.0,10071.0,859.0
2021-01-05 09:43:48.641,0.1111,0.1119,10.0,0.111,10.0,10071.0,889.0
2021-01-05 09:43:49.061,0.1111,0.1119,22.0,0.111,12.0,10071.0,889.0
2021-01-05 09:43:49.601,0.1111,0.1119,12.0,0.111,12.0,10071.0,889.0
2021-01-05 09:43:50.170,0.1111,0.1118,10.0,0.111,12.0,10071.0,889.0
2021-01-05 09:43:50.721,0.1111,0.1117,12.0,0.1109,20.0,10071.0,889.0
2021-01-05 09:43:51.221,0.1109,0.1118,22.0,0.111,2.0,10061.0,919.0
2021-01-05 09:43:51.221,0.1109,0.1116,10.0,0.1109,12.0,10061.0,919.0
2021-01-05 09:43:52.200,0.1109,0.1115,12.0,0.1107,20.0,10061.0,919.0
2021-01-05 09:43:52.681,0.1109,0.1114,12.0,0.1107,20.0,10061.0,919.0
2021-01-05 09:43:53.201,0.1109,0.1114,12.0,0.1108,13.0,10061.0,919.0
2021-01-05 09:43:53.610,0.1109,0.1114,12.0,0.1107,20.0,10061.0,919.0
2021-01-05 09:43:53.931,0.1109,0.1114,10.0,0.1109,12.0,10061.0,919.0
2021-01-05 09:43:54.680,0.1109,0.1114,10.0,0.1109,12.0,10061.0,919.0
2021-01-05 09:43:54.980,0.1109,0.1114,10.0,0.1108,12.0,10061.0,919.0
2021-01-05 09:43:55.660,0.1109,0.1114,10.0,0.1108,12.0,10061.0,919.0
2021-01-05 09:43:56.190,0.1109,0.1114,20.0,0.1108,12.0,10061.0,919.0
2021-01-05 09:43:57.650,0.1109,0.1114,10.0,0.1108,12.0,10061.0,919.0
2021-01-05 09:43:58.181,0.1109,0.1114,20.0,0.1108,12.0,10061.0,919.0
2021-01-05 09:43:58.711,0.1109,0.1114,10.0,0.1108,12.0,10061.0,919.0
2021-01-05 09:43:59.170,0.1109,0.1114,20.0,0.1108,12.0,10061.0,919.0
2021-01-05 09:44:00.131,0.1109,0.1112,12.0,0.1107,20.0,10061.0,919.0
2021-01-05 09:44:00.131,0.1109,0.1112,12.0,0.1107,20.0,10061.0,919.0
2021-01-05 09:44:01.160,0.1109,0.1113,22.0,0.1104,32.0,10061.0,919.0
2021-01-05 09:44:01.621,0.1109,0.1105,30.0,0.1104,35.0,10061.0,919.0
2021-01-05 09:44:02.031,0.1105,0.1105,3.0,0.1104,22.0,10035.0,946.0
2021-01-05 09:44:02.680,0.1105,0.1109,10.0,0.1104,10.0,10035.0,949.0
2021-01-05 09:44:03.231,0.1103,0.111,10.0,0.1103,10.0,10035.0,979.0
2021-01-05 09:44:03.241,0.1103,0.111,25.0,0.1101,42.0,10035.0,979.0
2021-01-05 09:44:04.230,0.1103,0.1109,12.0,0.1101,20.0,10035.0,979.0
2021-01-05 09:44:04.230,0.1103,0.1108,25.0,0.1101,10.0,10035.0,979.0
2021-01-05 09:44:05.260,0.1103,0.1108,13.0,0.1101,10.0,10035.0,979.0
2021-01-05 09:44:05.681,0.1103,0.1107,12.0,0.1101,20.0,10035.0,979.0
2021-01-05 09:44:06.261,0.1103,0.1102,30.0,0.1101,10.0,10035.0,979.0
2021-01-05 09:44:06.770,0.1102,0.1102,1.0,0.1101,10.0,10030.0,1008.0
2021-01-05 09:44:07.281,0.1102,0.1102,1.0,0.1098,30.0,10030.0,1008.0
2021-01-05 09:44:07.750,0.1102,0.1102,1.0,0.1098,20.0,10030.0,1008.0
2021-01-05 09:44:08.230,0.1098,0.1102,1.0,0.1095,10.0,10020.0,1038.0
2021-01-05 09:44:08.760,0.1098,0.1102,1.0,0.1095,13.0,10020.0,1038.0
2021-01-05 09:44:09.150,0.1098,0.1102,1.0,0.1094,12.0,10020.0,1038.0
2021-01-05 09:44:09.780,0.1098,0.1102,1.0,0.1094,25.0,10020.0,1038.0
2021-01-05 09:44:10.280,0.1098,0.1102,1.0,0.1094,12.0,10020.0,1038.0
2021-01-05 09:44:11.271,0.1098,0.1102,11.0,0.1094,12.0,10020.0,1038.0
2021-01-05 09:44:14.781,0.1098,0.1102,11.0,0.1094,12.0,10020.0,1038.0
2021-01-05 09:44:15.280,0.1098,0.1102,24.0,0.1094,12.0,10020.0,1038.0
2021-01-05 09:44:16.281,0.1098,0.1102,23.0,0.1094,12.0,10020.0,1038.0
2021-01-05 09:44:17.280,0.1098,0.1102,23.0,0.1094,12.0,10020.0,1038.0
2021-01-05 09:44:17.770,0.1098,0.1102,23.0,0.1095,12.0,10020.0,1038.0
2021-01-05 09:44:18.231,0.1098,0.1102,10.0,0.1095,12.0,10020.0,1038.0
2021-01-05 09:44:19.261,0.1098,0.1102,10.0,0.1095,12.0,10020.0,1038.0
2021-01-05 09:44:19.801,0.1098,0.1102,10.0,0.1093,42.0,10020.0,1038.0
2021-01-05 09:44:20.271,0.1098,0.1102,10.0,0.1095,12.0,10020.0,1038.0
2021-01-05 09:44:20.761,0.1098,0.1102,23.0,0.1095,12.0,10020.0,1038.0
2021-01-05 09:44:21.270,0.1098,0.1102,23.0,0.1095,12.0,10020.0,1038.0
2021-01-05 09:44:21.760,0.1098,0.1102,10.0,0.1095,22.0,10020.0,1038.0
2021-01-05 09:44:21.981,0.1098,0.1101,13.0,0.1095,12.0,10020.0,1038.0
2021-01-05 09:44:22.651,0.1098,0.1101,13.0,0.1095,22.0,10020.0,1038.0
2021-01-05 09:44:22.991,0.1098,0.1101,13.0,0.1095,22.0,10020.0,1038.0
2021-01-05 09:44:25.041,0.1098,0.1101,13.0,0.1095,32.0,10020.0,1038.0
2021-01-05 09:44:25.660,0.1098,0.1101,13.0,0.1095,32.0,10020.0,1038.0
2021-01-05 09:44:26.201,0.1098,0.1101,13.0,0.1095,32.0,10020.0,1038.0
2021-01-05 09:44:26.701,0.1098,0.1101,13.0,0.1095,32.0,10020.0,1038.0
2021-01-05 09:44:27.201,0.1098,0.1102,10.0,0.1095,32.0,10020.0,1038.0
2021-01-05 09:44:28.680,0.1098,0.1103,10.0,0.1095,32.0,10020.0,1038.0
2021-01-05 09:44:29.200,0.1098,0.1102,23.0,0.1095,32.0,10020.0,1038.0
2021-01-05 09:44:29.640,0.1098,0.1102,23.0,0.1095,20.0,10020.0,1038.0
2021-01-05 09:44:30.201,0.1098,0.1102,23.0,0.1095,10.0,10020.0,1038.0
2021-01-05 09:44:30.720,0.1098,0.1102,23.0,0.1094,12.0,10020.0,1038.0
2021-01-05 09:44:31.231,0.1098,0.1102,23.0,0.1094,22.0,10020.0,1038.0
2021-01-05 09:44:31.730,0.1094,0.1102,23.0,0.1094,22.0,10020.0,1039.0
2021-01-05 09:44:32.220,0.1094,0.1102,35.0,0.1094,10.0,10020.0,1039.0
2021-01-05 09:44:32.691,0.1094,0.1102,35.0,0.1094,10.0,10020.0,1039.0
2021-01-05 09:44:33.240,0.1094,0.1102,23.0,0.1094,10.0,10020.0,1039.0
2021-01-05 09:44:33.730,0.1094,0.1101,12.0,0.1094,10.0,10020.0,1039.0
2021-01-05 09:44:34.141,0.1094,0.11,10.0,0.1093,10.0,10020.0,1039.0
2021-01-05 09:44:34.520,0.1094,0.1099,25.0,0.1093,10.0,10020.0,1039.0
2021-01-05 09:44:35.740,0.1094,0.1099,25.0,0.1093,10.0,10020.0,1039.0
2021-01-05 09:44:36.220,0.1094,0.1099,35.0,0.1093,10.0,10020.0,1039.0
2021-01-05 09:44:36.741,0.1094,0.1099,35.0,0.1093,10.0,10020.0,1039.0
2021-01-05 09:44:37.751,0.1094,0.1099,35.0,0.1093,10.0,10020.0,1039.0
2021-01-05 09:44:38.201,0.1094,0.1099,35.0,0.1092,10.0,10020.0,1039.0
2021-01-05 09:44:39.240,0.1094,0.1098,12.0,0.1091,10.0,10020.0,1039.0
2021-01-05 09:44:39.661,0.1097,0.1097,3.0,0.1091,10.0,10020.0,1049.0
2021-01-05 09:44:40.220,0.1097,0.1098,12.0,0.109,10.0,10020.0,1049.0
2021-01-05 09:44:40.740,0.1097,0.1097,13.0,0.109,20.0,10020.0,1049.0
2021-01-05 09:44:41.251,0.1097,0.1097,25.0,0.109,10.0,10020.0,1049.0
2021-01-05 09:44:41.730,0.1097,0.1097,25.0,0.109,10.0,10020.0,1049.0
2021-01-05 09:44:44.260,0.1097,0.1097,13.0,0.109,10.0,10020.0,1049.0
2021-01-05 09:44:44.661,0.1097,0.1096,22.0,0.109,20.0,10020.0,1049.0
2021-01-05 09:44:45.261,0.1097,0.1097,10.0,0.109,10.0,10020.0,1049.0
2021-01-05 09:44:45.760,0.1097,0.11,32.0,0.1091,10.0,10020.0,1049.0
2021-01-05 09:44:45.760,0.1097,0.1098,10.0,0.109,10.0,10020.0,1049.0
2021-01-05 09:44:46.271,0.1097,0.1098,10.0,0.109,32.0,10020.0,1049.0
2021-01-05 09:44:47.251,0.1097,0.1098,10.0,0.109,22.0,10020.0,1049.0
2021-01-05 09:44:47.770,0.1097,0.1098,10.0,0.109,22.0,10020.0,1049.0
2021-01-05 09:44:48.271,0.1097,0.1097,10.0,0.109,22.0,10020.0,1049.0
2021-01-05 09:44:48.780,0.1097,0.1096,12.0,0.109,10.0,10020.0,1049.0
2021-01-05 09:44:49.270,0.1097,0.1096,12.0,0.109,10.0,10020.0,1049.0
2021-01-05 09:44:49.270,0.1097,0.1096,22.0,0.109,10.0,10020.0,1049.0
2021-01-05 09:44:50.300,0.1097,0.1097,10.0,0.109,10.0,10020.0,1049.0
2021-01-05 09:44:50.811,0.1097,0.1097,33.0,0.109,10.0,10020.0,1049.0
2021-01-05 09:44:51.231,0.1097,0.1095,12.0,0.109,10.0,10020.0,1049.0
2021-01-05 09:44:51.810,0.1097,0.1095,12.0,0.109,20.0,10020.0,1049.0
2021-01-05 09:44:52.311,0.1097,0.1097,10.0,0.109,20.0,10020.0,1049.0
2021-01-05 09:44:52.711,0.1097,0.1095,12.0,0.109,20.0,10020.0,1049.0
2021-01-05 09:44:53.201,0.1097,0.1094,12.0,0.109,10.0,10020.0,1049.0
2021-01-05 09:44:53.710,0.1097,0.1095,12.0,0.1091,10.0,10020.0,1049.0
2021-01-05 09:44:54.201,0.1097,0.1095,25.0,0.1091,10.0,10020.0,1049.0
2021-01-05 09:44:54.551,0.1097,0.1095,25.0,0.1091,10.0,10020.0,1049.0
2021-01-05 09:44:54.970,0.1097,0.1093,12.0,0.109,20.0,10020.0,1049.0
2021-01-05 09:44:55.700,0.1097,0.1093,12.0,0.109,20.0,10020.0,1049.0
2021-01-05 09:44:56.161,0.1097,0.1095,12.0,0.1091,10.0,10020.0,1049.0
2021-01-05 09:44:56.720,0.1097,0.1095,12.0,0.109,30.0,10020.0,1049.0
2021-01-05 09:44:57.160,0.1097,0.1094,13.0,0.109,30.0,10020.0,1049.0
2021-01-05 09:44:57.431,0.1097,0.1092,12.0,0.109,20.0,10020.0,1049.0
2021-01-05 09:44:58.120,0.1097,0.1092,12.0,0.109,10.0,10020.0,1049.0
2021-01-05 09:44:58.720,0.1097,0.1092,13.0,0.109,10.0,10020.0,1049.0
2021-01-05 09:44:59.060,0.109,0.109,12.0,0.1088,18.0,10030.0,1059.0
2021-01-05 09:44:59.711,0.109,0.1096,10.0,0.1088,8.0,10030.0,1059.0
2021-01-05 09:45:00.061,0.109,0.1095,13.0,0.1088,8.0,10030.0,1059.0
2021-01-05 09:45:00.401,0.109,0.1093,12.0,0.1088,18.0,10030.0,1059.0
2021-01-05 09:45:01.221,0.109,0.1093,12.0,0.1088,8.0,10030.0,1059.0
2021-01-05 09:45:01.651,0.1088,0.1092,13.0,0.1088,7.0,10030.0,1060.0
2021-01-05 09:45:02.061,0.1088,0.1092,35.0,0.1088,2.0,10030.0,1065.0
2021-01-05 09:45:02.710,0.1088,0.1092,23.0,0.1088,2.0,10030.0,1065.0
2021-01-05 09:45:03.190,0.1088,0.109,12.0,0.1084,10.0,10030.0,1067.0
2021-01-05 09:45:03.680,0.1088,0.109,12.0,0.1084,10.0,10030.0,1067.0
2021-01-05 09:45:04.191,0.1088,0.109,25.0,0.1083,10.0,10030.0,1067.0
2021-01-05 09:45:04.700,0.1088,0.1088,12.0,0.1081,20.0,10030.0,1067.0
2021-01-05 09:45:05.221,0.1088,0.1088,12.0,0.1081,10.0,10030.0,1067.0
2021-01-05 09:45:05.720,0.1088,0.1085,10.0,0.108,10.0,10030.0,1067.0
2021-01-05 09:45:06.220,0.1088,0.1084,12.0,0.108,10.0,10030.0,1067.0
2021-01-05 09:45:06.220,0.1088,0.1083,12.0,0.1079,10.0,10030.0,1067.0
2021-01-05 09:45:07.130,0.1088,0.1083,12.0,0.1078,20.0,10030.0,1067.0
2021-01-05 09:45:07.720,0.1088,0.1086,22.0,0.1079,10.0,10030.0,1067.0
2021-01-05 09:45:08.181,0.1088,0.1085,10.0,0.1078,20.0,10030.0,1067.0
2021-01-05 09:45:08.700,0.1088,0.1082,10.0,0.1078,10.0,10030.0,1067.0
2021-01-05 09:45:09.190,0.1088,0.1083,10.0,0.1078,10.0,10030.0,1067.0
2021-01-05 09:45:09.720,0.1088,0.1081,12.0,0.1078,10.0,10030.0,1067.0
2021-01-05 09:45:10.200,0.1088,0.1081,12.0,0.1078,10.0,10030.0,1067.0
2021-01-05 09:45:10.700,0.1088,0.1081,12.0,0.1078,10.0,10030.0,1067.0
2021-01-05 09:45:11.091,0.1088,0.1081,12.0,0.1078,10.0,10030.0,1067.0
2021-01-05 09:45:11.720,0.1088,0.1081,25.0,0.1078,10.0,10030.0,1067.0
2021-01-05 09:45:12.150,0.1078,0.1079,12.0,0.1078,6.0,10034.0,1071.0
2021-01-05 09:45:12.701,0.1078,0.1078,8.0,0.107,20.0,10040.0,1077.0
2021-01-05 09:45:13.220,0.1078,0.1078,12.0,0.1069,10.0,10040.0,1077.0
2021-01-05 09:45:13.681,0.1078,0.1079,22.0,0.107,10.0,10040.0,1077.0
2021-01-05 09:45:14.181,0.1078,0.1077,12.0,0.107,10.0,10040.0,1077.0
2021-01-05 09:45:15.230,0.1078,0.1075,12.0,0.1069,10.0,10040.0,1077.0
2021-01-05 09:45:15.721,0.1078,0.1076,12.0,0.1067,30.0,10040.0,1077.0
2021-01-05 09:45:16.230,0.1078,0.1076,12.0,0.1067,20.0,10040.0,1077.0
2021-01-05 09:45:16.630,0.1078,0.1075,22.0,0.1067,10.0,10040.0,1077.0
2021-01-05 09:45:17.220,0.1078,0.1073,12.0,0.1067,10.0,10040.0,1077.0
2021-01-05 09:45:17.731,0.1078,0.1073,12.0,0.1067,10.0,10040.0,1077.0
2021-01-05 09:45:18.691,0.1078,0.1072,10.0,0.1067,10.0,10040.0,1077.0
2021-01-05 09:45:19.191,0.1078,0.1073,10.0,0.1067,10.0,10040.0,1077.0
2021-01-05 09:45:19.731,0.1078,0.1071,12.0,0.1067,10.0,10040.0,1077.0
2021-01-05 09:45:20.221,0.1078,0.1072,12.0,0.1067,10.0,10040.0,1077.0
2021-01-05 09:45:21.191,0.1078,0.107,10.0,0.1067,10.0,10040.0,1077.0
2021-01-05 09:45:21.731,0.1078,0.1071,10.0,0.1067,10.0,10040.0,1077.0
2021-01-05 09:45:22.240,0.1078,0.1072,22.0,0.1064,20.0,10040.0,1077.0
2021-01-05 09:45:22.710,0.1078,0.107,10.0,0.1064,33.0,10040.0,1077.0
2021-01-05 09:45:23.160,0.1078,0.1071,10.0,0.1064,33.0,10040.0,1077.0
2021-01-05 09:45:23.671,0.1078,0.1071,10.0,0.1064,33.0,10040.0,1077.0
2021-01-05 09:45:24.201,0.1078,0.1071,10.0,0.1064,20.0,10040.0,1077.0
2021-01-05 09:45:24.701,0.1078,0.107,12.0,0.1064,20.0,10040.0,1077.0
2021-01-05 09:45:25.131,0.1078,0.1071,10.0,0.1064,20.0,10040.0,1077.0
2021-01-05 09:45:25.590,0.1064,0.1071,10.0,0.1064,12.0,10048.0,1097.0
2021-01-05 09:45:26.220,0.1064,0.1071,10.0,0.1066,12.0,10048.0,1097.0
2021-01-05 09:45:26.681,0.1064,0.1069,12.0,0.1064,20.0,10048.0,1097.0
2021-01-05 09:45:27.211,0.1064,0.1071,22.0,0.1064,20.0,10048.0,1097.0
2021-01-05 09:45:27.711,0.1064,0.107,12.0,0.1069,10.0,10048.0,1097.0
2021-01-05 09:45:28.210,0.1069,0.107,12.0,0.1069,4.0,10054.0,1103.0
2021-01-05 09:45:28.550,0.1069,0.107,12.0,0.1065,10.0,10055.0,1104.0
2021-01-05 09:45:29.140,0.1069,0.107,12.0,0.1064,20.0,10055.0,1104.0
2021-01-05 09:45:29.701,0.1069,0.107,12.0,0.1064,20.0,10055.0,1104.0
2021-01-05 09:45:30.710,0.1069,0.1069,12.0,0.1064,20.0,10055.0,1104.0
2021-01-05 09:45:31.701,0.1069,0.1069,12.0,0.1064,20.0,10055.0,1104.0
2021-01-05 09:45:32.160,0.1069,0.1068,10.0,0.1064,20.0,10055.0,1104.0
2021-01-05 09:45:32.690,0.1068,0.1071,12.0,0.1064,20.0,10065.0,1114.0
2021-01-05 09:45:33.180,0.1068,0.1071,25.0,0.1064,20.0,10065.0,1114.0
2021-01-05 09:45:34.220,0.1068,0.1071,12.0,0.1064,20.0,10065.0,1114.0
2021-01-05 09:45:35.190,0.1068,0.1071,12.0,0.1064,20.0,10065.0,1114.0
2021-01-05 09:45:35.701,0.1068,0.1071,12.0,0.1064,20.0,10065.0,1114.0
2021-01-05 09:45:36.240,0.1068,0.1071,12.0,0.1064,30.0,10065.0,1114.0
2021-01-05 09:45:36.730,0.1068,0.1074,10.0,0.1064,30.0,10065.0,1114.0
2021-01-05 09:45:37.241,0.1068,0.1073,13.0,0.1066,12.0,10065.0,1114.0
2021-01-05 09:45:37.720,0.1068,0.1073,13.0,0.1065,10.0,10065.0,1114.0
2021-01-05 09:45:38.240,0.1068,0.1073,13.0,0.1066,12.0,10065.0,1114.0
2021-01-05 09:45:38.721,0.1068,0.1073,13.0,0.1067,12.0,10065.0,1114.0
2021-01-05 09:45:39.210,0.1068,0.1072,10.0,0.1066,22.0,10065.0,1114.0
2021-01-05 09:45:39.700,0.1068,0.1071,12.0,0.1067,20.0,10065.0,1114.0
2021-01-05 09:45:40.240,0.1068,0.1073,12.0,0.1067,20.0,10065.0,1114.0
2021-01-05 09:45:40.730,0.1068,0.1072,12.0,0.1067,20.0,10065.0,1114.0
2021-01-05 09:45:41.220,0.1068,0.1071,12.0,0.1066,10.0,10065.0,1114.0
2021-01-05 09:45:41.700,0.1068,0.1072,12.0,0.1066,10.0,10065.0,1114.0
2021-01-05 09:45:42.240,0.1068,0.1072,12.0,0.1066,10.0,10065.0,1114.0
2021-01-05 09:45:42.711,0.1068,0.1072,22.0,0.1066,10.0,10065.0,1114.0
2021-01-05 09:45:43.220,0.1068,0.1071,12.0,0.1065,10.0,10065.0,1114.0
2021-01-05 09:45:43.731,0.1068,0.1071,12.0,0.1064,40.0,10065.0,1114.0
2021-01-05 09:45:44.201,0.1068,0.1071,12.0,0.1064,30.0,10065.0,1114.0
2021-01-05 09:45:44.711,0.1068,0.107,12.0,0.1064,30.0,10065.0,1114.0
2021-01-05 09:45:45.220,0.1068,0.1071,12.0,0.1065,10.0,10065.0,1114.0
2021-01-05 09:45:45.681,0.1068,0.1071,12.0,0.1065,10.0,10065.0,1114.0
2021-01-05 09:45:46.240,0.1068,0.1071,12.0,0.1065,20.0,10065.0,1114.0
2021-01-05 09:45:46.751,0.1068,0.1071,12.0,0.1065,10.0,10065.0,1114.0
2021-01-05 09:45:47.241,0.1068,0.1071,12.0,0.1065,10.0,10065.0,1114.0
2021-01-05 09:45:48.741,0.1068,0.1071,12.0,0.1065,10.0,10065.0,1114.0
2021-01-05 09:45:49.751,0.1068,0.1071,12.0,0.1065,10.0,10065.0,1114.0
2021-01-05 09:45:50.251,0.1068,0.1071,12.0,0.1065,10.0,10065.0,1114.0
2021-01-05 09:45:50.750,0.1068,0.1074,20.0,0.1065,10.0,10065.0,1114.0
2021-01-05 09:45:51.221,0.1068,0.1069,12.0,0.1065,20.0,10065.0,1114.0
2021-01-05 09:45:51.721,0.1069,0.1074,33.0,0.1065,20.0,10077.0,1126.0
2021-01-05 09:45:52.251,0.1069,0.1074,23.0,0.1065,20.0,10077.0,1126.0
2021-01-05 09:45:52.641,0.1069,0.1074,23.0,0.1065,10.0,10077.0,1126.0
2021-01-05 09:45:53.211,0.1069,0.1072,12.0,0.1065,10.0,10077.0,1126.0
2021-01-05 09:45:53.711,0.1069,0.1072,12.0,0.1065,10.0,10077.0,1126.0
2021-01-05 09:45:54.191,0.1069,0.1072,12.0,0.1065,20.0,10077.0,1126.0
2021-01-05 09:45:54.710,0.1069,0.1072,12.0,0.1065,20.0,10077.0,1126.0
2021-01-05 09:45:55.230,0.1069,0.1072,12.0,0.1065,10.0,10077.0,1126.0
2021-01-05 09:45:55.711,0.1069,0.1071,12.0,0.1065,20.0,10077.0,1126.0
2021-01-05 09:45:56.120,0.1069,0.1072,12.0,0.1065,20.0,10077.0,1126.0
2021-01-05 09:45:56.631,0.1069,0.1072,12.0,0.1065,10.0,10077.0,1126.0
2021-01-05 09:45:57.201,0.1069,0.1071,12.0,0.1065,10.0,10077.0,1126.0
2021-01-05 09:45:57.651,0.1069,0.1071,12.0,0.1064,30.0,10077.0,1126.0
2021-01-05 09:45:58.231,0.1069,0.1071,12.0,0.1064,30.0,10077.0,1126.0
2021-01-05 09:45:58.711,0.1069,0.107,12.0,0.1066,10.0,10077.0,1126.0
2021-01-05 09:45:59.230,0.1069,0.1072,12.0,0.1065,10.0,10077.0,1126.0
2021-01-05 09:45:59.710,0.1069,0.1072,12.0,0.1065,10.0,10077.0,1126.0
