,last,ask1,asize1,bid1,bsize1,oi,volume
2021-01-05 09:25:00.080,,1.0886,1.0,0.9739,1.0,1521.0,
2021-01-05 09:30:00.451,,1.0348,20.0,1.0229,20.0,1521.0,
2021-01-05 09:30:00.980,,1.0348,20.0,1.02,1.0,1521.0,
2021-01-05 09:30:01.481,,1.0348,20.0,1.02,1.0,1521.0,
2021-01-05 09:30:01.990,,1.0312,20.0,1.02,21.0,1521.0,
2021-01-05 09:30:02.501,,1.0301,20.0,1.02,21.0,1521.0,
2021-01-05 09:30:03.471,,1.0324,20.0,1.02,21.0,1521.0,
2021-01-05 09:30:04.430,,1.0314,20.0,1.02,21.0,1521.0,
2021-01-05 09:30:05.010,,1.0314,20.0,1.02,1.0,1521.0,
2021-01-05 09:30:05.481,,1.0298,20.0,1.02,21.0,1521.0,
2021-01-05 09:30:05.990,,1.0298,20.0,1.02,1.0,1521.0,
2021-01-05 09:30:06.971,,1.0269,20.0,1.02,1.0,1521.0,
2021-01-05 09:30:08.001,,1.026,20.0,1.02,1.0,1521.0,
2021-01-05 09:30:11.521,,1.025,20.0,1.02,1.0,1521.0,
2021-01-05 09:30:13.000,,1.026,20.0,1.02,1.0,1521.0,
2021-01-05 09:30:13.501,,1.0273,20.0,1.02,1.0,1521.0,
2021-01-05 09:30:15.991,,1.0273,20.0,1.02,1.0,1521.0,
2021-01-05 09:30:17.021,,1.0285,20.0,1.02,21.0,1521.0,
2021-01-05 09:30:17.641,,1.0285,20.0,1.02,21.0,1521.0,
2021-01-05 09:30:17.641,,1.0285,20.0,1.02,21.0,1521.0,
2021-01-05 09:30:18.750,,1.0285,20.0,1.02,21.0,1521.0,
2021-01-05 09:30:19.251,,1.0299,20.0,1.02,21.0,1521.0,
2021-01-05 09:30:19.751,,1.0308,20.0,1.02,21.0,1521.0,
2021-01-05 09:30:21.241,,1.0296,20.0,1.02,21.0,1521.0,
2021-01-05 09:30:21.741,,1.0308,20.0,1.02,21.0,1521.0,
2021-01-05 09:30:22.240,,1.0289,20.0,1.02,21.0,1521.0,
2021-01-05 09:30:22.671,,1.0289,20.0,1.02,21.0,1521.0,
2021-01-05 09:30:24.161,,1.0279,20.0,1.02,21.0,1521.0,
2021-01-05 09:30:24.661,,1.0279,20.0,1.02,21.0,1521.0,
2021-01-05 09:30:25.160,,1.0279,20.0,1.02,1.0,1521.0,
2021-01-05 09:30:25.671,,1.0269,20.0,1.02,1.0,1521.0,
2021-01-05 09:30:29.141,,1.0269,20.0,1.02,1.0,1521.0,
2021-01-05 09:30:30.620,,1.0279,20.0,1.02,1.0,1521.0,
2021-01-05 09:30:31.661,,1.0279,20.0,1.02,21.0,1521.0,
2021-01-05 09:30:43.180,,1.0279,20.0,1.02,21.0,1521.0,
2021-01-05 09:30:44.181,,1.0279,20.0,1.02,21.0,1521.0,
2021-01-05 09:30:44.650,,1.0279,20.0,1.02,21.0,1521.0,
2021-01-05 09:30:48.711,,1.0279,20.0,1.02,21.0,1521.0,
2021-01-05 09:30:49.700,,1.0279,20.0,1.02,21.0,1521.0,
2021-01-05 09:30:52.651,,1.0279,20.0,1.02,21.0,1521.0,
2021-01-05 09:30:56.660,,1.0279,20.0,1.0209,20.0,1521.0,
2021-01-05 09:30:58.091,,1.0279,20.0,1.02,21.0,1521.0,
2021-01-05 09:30:58.660,,1.0279,20.0,1.02,21.0,1521.0,
2021-01-05 09:30:59.640,,1.0279,20.0,1.02,21.0,1521.0,
2021-01-05 09:31:01.140,,1.0279,20.0,1.02,21.0,1521.0,
2021-01-05 09:31:02.170,,1.0287,10.0,1.02,1.0,1521.0,
2021-01-05 09:31:02.681,,1.0287,30.0,1.02,21.0,1521.0,
2021-01-05 09:31:09.701,,1.0287,30.0,1.02,21.0,1521.0,
2021-01-05 09:31:12.711,,1.0287,40.0,1.02,21.0,1521.0,
2021-01-05 09:31:16.180,,1.0287,30.0,1.02,21.0,1521.0,
2021-01-05 09:31:17.201,,1.0287,30.0,1.02,21.0,1521.0,
2021-01-05 09:31:18.201,,1.0287,30.0,1.02,21.0,1521.0,
2021-01-05 09:31:19.150,,1.0287,10.0,1.02,1.0,1521.0,
2021-01-05 09:31:19.721,,1.0287,30.0,1.02,21.0,1521.0,
2021-01-05 09:31:23.171,,1.0251,10.0,1.02,21.0,1521.0,
2021-01-05 09:31:23.640,,1.0251,10.0,1.02,21.0,1521.0,
2021-01-05 09:31:29.641,,1.0251,10.0,1.02,21.0,1521.0,
2021-01-05 09:31:30.170,,1.0251,10.0,1.02,21.0,1521.0,
2021-01-05 09:31:32.191,,1.0251,10.0,1.02,21.0,1521.0,
2021-01-05 09:31:37.620,,1.0251,11.0,1.02,21.0,1521.0,
2021-01-05 09:31:38.190,,1.0251,1.0,1.02,21.0,1521.0,
2021-01-05 09:31:39.210,,1.0251,1.0,1.02,23.0,1521.0,
2021-01-05 09:31:39.710,,1.0251,1.0,1.02,23.0,1521.0,
2021-01-05 09:31:40.711,1.0251,1.0275,10.0,1.02,23.0,1521.0,1.0
2021-01-05 09:31:41.191,1.0251,1.0275,10.0,1.02,23.0,1521.0,1.0
2021-01-05 09:31:41.700,1.0251,1.0275,10.0,1.0212,20.0,1521.0,1.0
2021-01-05 09:31:42.211,1.0251,1.0275,10.0,1.0213,2.0,1521.0,1.0
2021-01-05 09:31:43.191,1.0251,1.0284,10.0,1.0213,2.0,1521.0,1.0
2021-01-05 09:31:44.691,1.0251,1.0284,10.0,1.0213,2.0,1521.0,1.0
2021-01-05 09:31:45.170,1.0251,1.0284,10.0,1.0213,2.0,1521.0,1.0
2021-01-05 09:31:46.701,1.0251,1.0284,10.0,1.0213,2.0,1521.0,1.0
2021-01-05 09:31:50.191,1.0251,1.0287,20.0,1.0213,2.0,1521.0,1.0
2021-01-05 09:31:51.701,1.0251,1.0296,20.0,1.0213,2.0,1521.0,1.0
2021-01-05 09:31:52.220,1.0251,1.0296,20.0,1.0214,2.0,1521.0,1.0
2021-01-05 09:31:52.621,1.0251,1.0296,20.0,1.0223,20.0,1521.0,1.0
2021-01-05 09:31:53.171,1.0251,1.0296,20.0,1.0223,20.0,1521.0,1.0
2021-01-05 09:31:53.530,1.0251,1.0309,10.0,1.0223,20.0,1521.0,1.0
2021-01-05 09:31:54.151,1.0251,1.0314,36.0,1.0224,2.0,1521.0,1.0
2021-01-05 09:31:54.520,1.0251,1.0314,36.0,1.0224,2.0,1521.0,1.0
2021-01-05 09:31:55.150,1.0251,1.0314,36.0,1.0236,10.0,1521.0,1.0
2021-01-05 09:31:55.670,1.0251,1.0314,36.0,1.0236,30.0,1521.0,1.0
2021-01-05 09:31:57.171,1.0251,1.0314,36.0,1.0237,2.0,1521.0,1.0
2021-01-05 09:32:00.150,1.0251,1.0314,36.0,1.0237,2.0,1521.0,1.0
2021-01-05 09:32:03.180,1.0251,1.0314,16.0,1.0236,10.0,1521.0,1.0
2021-01-05 09:32:03.641,1.0251,1.0314,36.0,1.0236,30.0,1521.0,1.0
2021-01-05 09:32:04.661,1.0251,1.0314,36.0,1.0236,20.0,1521.0,1.0
2021-01-05 09:32:06.680,1.0251,1.0314,36.0,1.0235,22.0,1521.0,1.0
2021-01-05 09:32:08.670,1.0251,1.0314,36.0,1.0235,22.0,1521.0,1.0
2021-01-05 09:32:09.141,1.0251,1.0314,20.0,1.0235,22.0,1521.0,1.0
2021-01-05 09:32:10.161,1.0251,1.0324,30.0,1.0235,22.0,1521.0,1.0
2021-01-05 09:32:10.630,1.0251,1.0324,20.0,1.0235,22.0,1521.0,1.0
2021-01-05 09:32:13.171,1.0251,1.0324,20.0,1.0236,2.0,1521.0,1.0
2021-01-05 09:32:14.180,1.0251,1.0324,20.0,1.0236,2.0,1521.0,1.0
2021-01-05 09:32:15.171,1.0251,1.0324,20.0,1.0236,2.0,1521.0,1.0
2021-01-05 09:32:15.671,1.0251,1.0324,20.0,1.0236,2.0,1521.0,1.0
2021-01-05 09:32:18.670,1.0251,1.0324,20.0,1.0236,2.0,1521.0,1.0
2021-01-05 09:32:23.180,1.0251,1.0324,20.0,1.0237,2.0,1521.0,1.0
2021-01-05 09:32:23.670,1.0251,1.0323,1.0,1.0237,2.0,1521.0,1.0
2021-01-05 09:32:27.670,1.0251,1.0324,20.0,1.0237,2.0,1521.0,1.0
2021-01-05 09:32:28.630,1.0251,1.0324,20.0,1.0237,2.0,1521.0,1.0
2021-01-05 09:32:29.180,1.0251,1.0324,20.0,1.0237,2.0,1521.0,1.0
2021-01-05 09:32:33.671,1.0251,1.0324,20.0,1.0238,2.0,1521.0,1.0
2021-01-05 09:32:41.690,1.0251,1.0323,10.0,1.0244,10.0,1521.0,1.0
2021-01-05 09:32:42.201,1.0251,1.0323,10.0,1.0245,2.0,1521.0,1.0
2021-01-05 09:32:42.700,1.0251,1.0323,10.0,1.0245,2.0,1521.0,1.0
2021-01-05 09:32:43.190,1.0251,1.0323,10.0,1.0245,2.0,1521.0,1.0
2021-01-05 09:32:44.700,1.0251,1.0323,10.0,1.0244,30.0,1521.0,1.0
2021-01-05 09:32:46.160,1.0251,1.0323,10.0,1.0244,30.0,1521.0,1.0
2021-01-05 09:32:49.670,1.0251,1.0333,10.0,1.0246,26.0,1521.0,1.0
2021-01-05 09:32:50.171,1.0251,1.0339,10.0,1.0266,20.0,1521.0,1.0
2021-01-05 09:32:51.170,1.0251,1.0339,10.0,1.0267,2.0,1521.0,1.0
2021-01-05 09:32:51.701,1.0251,1.0349,20.0,1.0267,2.0,1521.0,1.0
2021-01-05 09:32:52.191,1.0251,1.0352,10.0,1.0267,2.0,1521.0,1.0
2021-01-05 09:32:52.671,1.0251,1.0352,30.0,1.0267,22.0,1521.0,1.0
2021-01-05 09:32:54.181,1.0251,1.0352,30.0,1.0267,20.0,1521.0,1.0
2021-01-05 09:32:54.671,1.0251,1.0352,20.0,1.0267,20.0,1521.0,1.0
2021-01-05 09:32:55.170,1.0251,1.0352,20.0,1.0267,20.0,1521.0,1.0
2021-01-05 09:32:55.670,1.0251,1.0352,20.0,1.0267,20.0,1521.0,1.0
2021-01-05 09:32:56.000,1.0251,1.0352,20.0,1.0267,20.0,1521.0,1.0
2021-01-05 09:32:57.181,1.0251,1.0352,20.0,1.0268,2.0,1521.0,1.0
2021-01-05 09:32:58.171,1.0251,1.0352,20.0,1.0268,2.0,1521.0,1.0
2021-01-05 09:33:00.111,1.0251,1.0352,20.0,1.0268,2.0,1521.0,1.0
2021-01-05 09:33:02.130,1.0251,1.0352,20.0,1.0268,2.0,1521.0,1.0
2021-01-05 09:33:03.121,1.0251,1.0323,10.0,1.0268,20.0,1521.0,1.0
2021-01-05 09:33:04.140,1.0251,1.0323,20.0,1.0268,20.0,1521.0,1.0
2021-01-05 09:33:04.651,1.0251,1.0323,20.0,1.0268,20.0,1521.0,1.0
2021-01-05 09:33:05.181,1.0251,1.0333,30.0,1.0252,20.0,1521.0,1.0
2021-01-05 09:33:05.690,1.0251,1.0333,30.0,1.0252,20.0,1521.0,1.0
2021-01-05 09:33:06.170,1.0251,1.0324,20.0,1.0252,20.0,1521.0,1.0
2021-01-05 09:33:07.171,1.0251,1.0324,20.0,1.0252,20.0,1521.0,1.0
2021-01-05 09:33:07.601,1.0251,1.0324,20.0,1.0252,20.0,1521.0,1.0
2021-01-05 09:33:07.961,1.0251,1.0333,30.0,1.0252,2.0,1521.0,1.0
2021-01-05 09:33:09.181,1.0251,1.0333,30.0,1.0252,22.0,1521.0,1.0
2021-01-05 09:33:10.180,1.0251,1.0333,30.0,1.0252,22.0,1521.0,1.0
2021-01-05 09:33:11.670,1.0251,1.0333,30.0,1.0252,20.0,1521.0,1.0
2021-01-05 09:33:14.650,1.0251,1.0333,30.0,1.0252,20.0,1521.0,1.0
2021-01-05 09:33:15.651,1.0251,1.0294,10.0,1.0252,20.0,1521.0,1.0
2021-01-05 09:33:16.181,1.0251,1.0294,10.0,1.0252,20.0,1521.0,1.0
2021-01-05 09:33:16.671,1.0251,1.0294,30.0,1.0243,30.0,1521.0,1.0
2021-01-05 09:33:17.190,1.0251,1.0294,10.0,1.0225,10.0,1521.0,1.0
2021-01-05 09:33:17.691,1.0251,1.0294,30.0,1.0241,20.0,1521.0,1.0
2021-01-05 09:33:18.160,1.0251,1.0294,30.0,1.0225,10.0,1521.0,1.0
2021-01-05 09:33:18.680,1.0251,1.0294,30.0,1.0225,10.0,1521.0,1.0
2021-01-05 09:33:19.191,1.0251,1.0294,30.0,1.0225,10.0,1521.0,1.0
2021-01-05 09:33:19.191,1.0251,1.0294,30.0,1.0225,10.0,1521.0,1.0
2021-01-05 09:33:20.171,1.0251,1.0294,30.0,1.0225,10.0,1521.0,1.0
2021-01-05 09:33:21.160,1.0251,1.0294,30.0,1.0225,10.0,1521.0,1.0
2021-01-05 09:33:21.681,1.0251,1.0294,30.0,1.0225,10.0,1521.0,1.0
2021-01-05 09:33:23.051,1.0251,1.0272,10.0,1.0223,20.0,1521.0,1.0
2021-01-05 09:33:24.171,1.0251,1.0272,30.0,1.021,30.0,1521.0,1.0
2021-01-05 09:33:24.651,1.0251,1.0272,30.0,1.0211,2.0,1521.0,1.0
2021-01-05 09:33:26.161,1.0251,1.0272,30.0,1.022,16.0,1521.0,1.0
2021-01-05 09:33:26.651,1.0251,1.0272,30.0,1.0221,2.0,1521.0,1.0
2021-01-05 09:33:27.171,1.0251,1.0272,30.0,1.022,36.0,1521.0,1.0
2021-01-05 09:33:27.371,1.0251,1.0272,20.0,1.0224,10.0,1521.0,1.0
2021-01-05 09:33:28.180,1.0251,1.0293,10.0,1.0224,10.0,1521.0,1.0
2021-01-05 09:33:28.630,1.0251,1.0293,10.0,1.0224,10.0,1521.0,1.0
2021-01-05 09:33:29.681,1.0251,1.0293,10.0,1.0224,10.0,1521.0,1.0
2021-01-05 09:33:30.180,1.0251,1.0293,10.0,1.0224,10.0,1521.0,1.0
2021-01-05 09:33:30.670,1.0251,1.0293,10.0,1.0224,10.0,1521.0,1.0
2021-01-05 09:33:35.690,1.0251,1.0293,10.0,1.0224,10.0,1521.0,1.0
2021-01-05 09:33:36.681,1.0251,1.0293,10.0,1.0224,10.0,1521.0,1.0
2021-01-05 09:33:38.621,1.0251,1.0293,10.0,1.0224,10.0,1521.0,1.0
2021-01-05 09:33:39.201,1.0251,1.0293,10.0,1.0224,10.0,1521.0,1.0
2021-01-05 09:33:40.160,1.0251,1.0293,10.0,1.0224,10.0,1521.0,1.0
2021-01-05 09:33:40.690,1.0251,1.0294,20.0,1.022,36.0,1521.0,1.0
2021-01-05 09:33:41.171,1.0251,1.0294,20.0,1.022,38.0,1521.0,1.0
2021-01-05 09:33:41.691,1.0251,1.0294,20.0,1.022,36.0,1521.0,1.0
2021-01-05 09:33:42.160,1.0251,1.0294,20.0,1.0221,2.0,1521.0,1.0
2021-01-05 09:33:44.110,1.0251,1.0294,20.0,1.0221,2.0,1521.0,1.0
2021-01-05 09:33:44.671,1.0251,1.0294,20.0,1.0221,2.0,1521.0,1.0
2021-01-05 09:33:50.180,1.0251,1.0294,20.0,1.0245,10.0,1521.0,1.0
2021-01-05 09:33:50.901,1.0251,1.0294,20.0,1.0245,30.0,1521.0,1.0
2021-01-05 09:33:51.581,1.0251,1.0294,20.0,1.0245,30.0,1521.0,1.0
2021-01-05 09:33:57.171,1.0251,1.0294,20.0,1.0245,20.0,1521.0,1.0
2021-01-05 09:33:57.671,1.0251,1.0294,20.0,1.0224,10.0,1521.0,1.0
2021-01-05 09:33:58.170,1.0251,1.0304,20.0,1.0235,16.0,1521.0,1.0
2021-01-05 09:33:58.670,1.0251,1.0313,36.0,1.0235,16.0,1521.0,1.0
2021-01-05 09:33:59.140,1.0251,1.0313,36.0,1.0236,2.0,1521.0,1.0
2021-01-05 09:33:59.690,1.0251,1.0313,36.0,1.0238,20.0,1521.0,1.0
2021-01-05 09:34:00.671,1.0251,1.0313,36.0,1.0238,20.0,1521.0,1.0
2021-01-05 09:34:01.081,1.0251,1.0313,36.0,1.0239,2.0,1521.0,1.0
2021-01-05 09:34:01.661,1.0251,1.0313,36.0,1.0239,2.0,1521.0,1.0
2021-01-05 09:34:06.681,1.0251,1.0313,36.0,1.0264,10.0,1521.0,1.0
2021-01-05 09:34:07.130,1.0251,1.0313,20.0,1.0264,30.0,1521.0,1.0
2021-01-05 09:34:07.311,1.0251,1.0326,30.0,1.0264,30.0,1521.0,1.0
2021-01-05 09:34:08.171,1.0251,1.0326,20.0,1.0265,2.0,1521.0,1.0
2021-01-05 09:34:09.170,1.0251,1.0326,20.0,1.0265,2.0,1521.0,1.0
2021-01-05 09:34:09.670,1.0251,1.0326,20.0,1.0265,2.0,1521.0,1.0
2021-01-05 09:34:10.690,1.0251,1.0326,20.0,1.0264,30.0,1521.0,1.0
2021-01-05 09:34:11.151,1.0251,1.0326,20.0,1.0264,30.0,1521.0,1.0
2021-01-05 09:34:11.681,1.0251,1.0326,20.0,1.0264,30.0,1521.0,1.0
2021-01-05 09:34:12.640,1.0251,1.0326,20.0,1.0264,32.0,1521.0,1.0
2021-01-05 09:34:13.191,1.0251,1.0326,20.0,1.0264,30.0,1521.0,1.0
2021-01-05 09:34:13.681,1.0251,1.0326,20.0,1.0264,30.0,1521.0,1.0
2021-01-05 09:34:14.181,1.0251,1.0326,20.0,1.0264,30.0,1521.0,1.0
2021-01-05 09:34:14.691,1.0251,1.031,10.0,1.0251,16.0,1521.0,1.0
2021-01-05 09:34:15.181,1.0251,1.031,10.0,1.0261,20.0,1521.0,1.0
2021-01-05 09:34:15.671,1.0251,1.031,30.0,1.0245,10.0,1521.0,1.0
2021-01-05 09:34:16.190,1.0251,1.031,30.0,1.0246,2.0,1521.0,1.0
2021-01-05 09:34:17.070,1.0251,1.031,30.0,1.0252,16.0,1521.0,1.0
2021-01-05 09:34:17.690,1.0251,1.031,30.0,1.0253,2.0,1521.0,1.0
2021-01-05 09:34:18.201,1.0251,1.031,30.0,1.0253,2.0,1521.0,1.0
2021-01-05 09:34:18.620,1.0251,1.031,30.0,1.0253,2.0,1521.0,1.0
2021-01-05 09:34:19.700,1.0251,1.031,30.0,1.0253,2.0,1521.0,1.0
2021-01-05 09:34:20.180,1.0251,1.031,30.0,1.0253,2.0,1521.0,1.0
2021-01-05 09:34:20.651,1.0251,1.031,10.0,1.0253,2.0,1521.0,1.0
2021-01-05 09:34:21.690,1.0251,1.0319,20.0,1.0263,10.0,1521.0,1.0
2021-01-05 09:34:22.151,1.0251,1.0329,20.0,1.0264,2.0,1521.0,1.0
2021-01-05 09:34:22.191,1.0251,1.0329,20.0,1.0264,2.0,1521.0,1.0
2021-01-05 09:34:28.120,1.0251,1.0329,20.0,1.0263,30.0,1521.0,1.0
2021-01-05 09:34:31.190,1.0251,1.0329,20.0,1.0263,30.0,1521.0,1.0
2021-01-05 09:34:31.280,1.0251,1.0329,20.0,1.0264,2.0,1521.0,1.0
2021-01-05 09:34:33.090,1.0251,1.0329,20.0,1.0264,2.0,1521.0,1.0
2021-01-05 09:34:33.691,1.0251,1.0329,20.0,1.0267,16.0,1521.0,1.0
2021-01-05 09:34:34.171,1.0251,1.0329,20.0,1.0267,16.0,1521.0,1.0
2021-01-05 09:34:34.390,1.0251,1.0329,20.0,1.0267,16.0,1521.0,1.0
2021-01-05 09:34:35.691,1.0251,1.0329,20.0,1.0268,2.0,1521.0,1.0
2021-01-05 09:34:36.680,1.0251,1.0329,20.0,1.0268,2.0,1521.0,1.0
2021-01-05 09:34:37.161,1.0251,1.0329,20.0,1.0269,1.0,1521.0,1.0
2021-01-05 09:34:37.700,1.0251,1.034,20.0,1.0285,10.0,1521.0,1.0
2021-01-05 09:34:38.171,1.0251,1.034,20.0,1.0285,30.0,1521.0,1.0
2021-01-05 09:34:39.091,1.0251,1.034,20.0,1.0285,20.0,1521.0,1.0
2021-01-05 09:34:40.171,1.0251,1.034,20.0,1.0284,16.0,1521.0,1.0
2021-01-05 09:34:40.651,1.0251,1.034,20.0,1.0286,2.0,1521.0,1.0
2021-01-05 09:34:41.201,1.0251,1.0362,46.0,1.0286,22.0,1521.0,1.0
2021-01-05 09:34:41.700,1.0251,1.0362,46.0,1.0286,22.0,1521.0,1.0
2021-01-05 09:34:42.171,1.0251,1.0362,36.0,1.0286,22.0,1521.0,1.0
2021-01-05 09:34:42.680,1.0251,1.0362,36.0,1.0286,28.0,1521.0,1.0
2021-01-05 09:34:44.151,1.0251,1.0362,36.0,1.0286,22.0,1521.0,1.0
2021-01-05 09:34:44.701,1.0251,1.0362,36.0,1.0286,28.0,1521.0,1.0
2021-01-05 09:34:45.200,1.0251,1.0362,36.0,1.0286,22.0,1521.0,1.0
2021-01-05 09:34:47.181,1.0251,1.0362,36.0,1.0286,28.0,1521.0,1.0
2021-01-05 09:34:47.701,1.0251,1.0362,36.0,1.0286,22.0,1521.0,1.0
2021-01-05 09:34:50.700,1.0251,1.0362,36.0,1.0287,2.0,1521.0,1.0
2021-01-05 09:34:51.200,1.0251,1.0362,36.0,1.0287,2.0,1521.0,1.0
2021-01-05 09:34:51.651,1.0251,1.0362,36.0,1.0287,2.0,1521.0,1.0
2021-01-05 09:34:54.631,1.0251,1.0362,20.0,1.031,10.0,1521.0,1.0
2021-01-05 09:34:55.161,1.0251,1.0375,20.0,1.0311,2.0,1521.0,1.0
2021-01-05 09:34:55.680,1.0251,1.0375,20.0,1.0311,2.0,1521.0,1.0
2021-01-05 09:34:56.141,1.0251,1.0375,20.0,1.0311,2.0,1521.0,1.0
2021-01-05 09:34:56.681,1.0251,1.038,10.0,1.0317,16.0,1521.0,1.0
2021-01-05 09:34:57.171,1.0251,1.038,10.0,1.0318,2.0,1521.0,1.0
2021-01-05 09:34:58.160,1.0251,1.038,10.0,1.0318,2.0,1521.0,1.0
2021-01-05 09:34:58.640,1.0251,1.038,10.0,1.0318,2.0,1521.0,1.0
2021-01-05 09:35:00.160,1.0251,1.038,10.0,1.0318,2.0,1521.0,1.0
2021-01-05 09:35:00.630,1.0251,1.0385,20.0,1.0332,10.0,1521.0,1.0
2021-01-05 09:35:01.080,1.0251,1.0395,36.0,1.0332,30.0,1521.0,1.0
2021-01-05 09:35:01.170,1.0251,1.0395,36.0,1.0332,30.0,1521.0,1.0
2021-01-05 09:35:03.180,1.0251,1.0395,36.0,1.0332,30.0,1521.0,1.0
2021-01-05 09:35:03.660,1.0251,1.0376,10.0,1.0321,20.0,1521.0,1.0
2021-01-05 09:35:04.181,1.0251,1.0376,20.0,1.0321,20.0,1521.0,1.0
2021-01-05 09:35:05.180,1.0251,1.0395,36.0,1.0321,20.0,1521.0,1.0
2021-01-05 09:35:05.591,1.0251,1.0395,36.0,1.0321,20.0,1521.0,1.0
2021-01-05 09:35:06.180,1.0251,1.0395,36.0,1.0321,20.0,1521.0,1.0
2021-01-05 09:35:06.421,1.0251,1.0395,36.0,1.0321,20.0,1521.0,1.0
2021-01-05 09:35:07.131,1.0251,1.0395,20.0,1.0321,20.0,1521.0,1.0
2021-01-05 09:35:07.650,1.0251,1.0388,16.0,1.0328,16.0,1521.0,1.0
2021-01-05 09:35:08.171,1.0251,1.0388,16.0,1.0329,2.0,1521.0,1.0
2021-01-05 09:35:09.191,1.0251,1.0395,20.0,1.0344,16.0,1521.0,1.0
2021-01-05 09:35:09.700,1.0251,1.0395,20.0,1.0344,16.0,1521.0,1.0
2021-01-05 09:35:10.180,1.0251,1.0395,20.0,1.0344,36.0,1521.0,1.0
2021-01-05 09:35:12.101,1.0251,1.0395,20.0,1.0344,36.0,1521.0,1.0
2021-01-05 09:35:13.181,1.0251,1.0395,20.0,1.0344,36.0,1521.0,1.0
2021-01-05 09:35:13.640,1.0251,1.0395,20.0,1.0344,36.0,1521.0,1.0
2021-01-05 09:35:14.191,1.0251,1.0387,16.0,1.0344,20.0,1521.0,1.0
2021-01-05 09:35:14.700,1.0251,1.0387,16.0,1.0327,16.0,1521.0,1.0
2021-01-05 09:35:15.200,1.0251,1.0387,36.0,1.0327,16.0,1521.0,1.0
2021-01-05 09:35:15.451,1.0251,1.0387,16.0,1.0327,16.0,1521.0,1.0
2021-01-05 09:35:16.151,1.0251,1.0387,36.0,1.0328,2.0,1521.0,1.0
2021-01-05 09:35:17.680,1.0251,1.0387,36.0,1.0328,2.0,1521.0,1.0
2021-01-05 09:35:18.681,1.0251,1.0387,36.0,1.0327,16.0,1521.0,1.0
2021-01-05 09:35:20.170,1.0251,1.0387,36.0,1.0327,16.0,1521.0,1.0
2021-01-05 09:35:20.631,1.0251,1.0387,36.0,1.0328,2.0,1521.0,1.0
2021-01-05 09:35:21.620,1.0251,1.0387,36.0,1.0328,2.0,1521.0,1.0
2021-01-05 09:35:22.171,1.0251,1.0387,20.0,1.0339,16.0,1521.0,1.0
2021-01-05 09:35:22.650,1.0251,1.0387,20.0,1.0339,16.0,1521.0,1.0
2021-01-05 09:35:23.151,1.0251,1.0399,26.0,1.0339,36.0,1521.0,1.0
2021-01-05 09:35:24.171,1.0251,1.0399,26.0,1.0339,36.0,1521.0,1.0
2021-01-05 09:35:24.671,1.0251,1.0399,26.0,1.0339,36.0,1521.0,1.0
2021-01-05 09:35:25.660,1.0251,1.0399,26.0,1.0339,36.0,1521.0,1.0
2021-01-05 09:35:28.171,1.0251,1.0399,26.0,1.034,2.0,1521.0,1.0
2021-01-05 09:35:30.690,1.0251,1.0399,26.0,1.034,2.0,1521.0,1.0
2021-01-05 09:35:34.691,1.0251,1.0399,10.0,1.035,16.0,1521.0,1.0
2021-01-05 09:35:35.200,1.0251,1.0399,10.0,1.0351,2.0,1521.0,1.0
2021-01-05 09:35:35.600,1.0251,1.0402,20.0,1.0352,10.0,1521.0,1.0
2021-01-05 09:35:36.180,1.0251,1.0402,20.0,1.0353,2.0,1521.0,1.0
2021-01-05 09:35:36.581,1.0251,1.0402,20.0,1.0353,2.0,1521.0,1.0
2021-01-05 09:35:40.191,1.0251,1.0402,20.0,1.0352,10.0,1521.0,1.0
2021-01-05 09:35:41.190,1.0251,1.0402,20.0,1.0352,10.0,1521.0,1.0
2021-01-05 09:35:42.621,1.0251,1.0402,20.0,1.0353,2.0,1521.0,1.0
2021-01-05 09:35:43.661,1.0251,1.0402,20.0,1.0353,2.0,1521.0,1.0
2021-01-05 09:35:44.101,1.0251,1.0402,20.0,1.0353,2.0,1521.0,1.0
2021-01-05 09:35:45.670,1.0251,1.0402,20.0,1.0363,16.0,1521.0,1.0
2021-01-05 09:35:46.170,1.0251,1.0421,30.0,1.0364,2.0,1521.0,1.0
2021-01-05 09:35:46.170,1.0251,1.0421,30.0,1.0364,2.0,1521.0,1.0
2021-01-05 09:35:49.701,1.0251,1.0421,30.0,1.0364,2.0,1521.0,1.0
2021-01-05 09:35:50.630,1.0251,1.0421,30.0,1.0364,2.0,1521.0,1.0
2021-01-05 09:35:55.181,1.0251,1.0421,30.0,1.0364,2.0,1521.0,1.0
2021-01-05 09:35:55.691,1.0251,1.0421,30.0,1.0363,16.0,1521.0,1.0
2021-01-05 09:35:56.140,1.0251,1.0412,16.0,1.0362,20.0,1521.0,1.0
2021-01-05 09:35:56.690,1.0251,1.0412,36.0,1.0363,2.0,1521.0,1.0
2021-01-05 09:35:57.160,1.0251,1.0412,36.0,1.0363,22.0,1521.0,1.0
2021-01-05 09:35:57.681,1.0251,1.0412,36.0,1.0363,22.0,1521.0,1.0
2021-01-05 09:35:59.640,1.0251,1.0412,20.0,1.0363,38.0,1521.0,1.0
2021-01-05 09:36:00.201,1.0251,1.0421,30.0,1.0363,38.0,1521.0,1.0
2021-01-05 09:36:01.671,1.0251,1.0421,20.0,1.0363,38.0,1521.0,1.0
2021-01-05 09:36:02.170,1.0251,1.0421,20.0,1.0363,38.0,1521.0,1.0
2021-01-05 09:36:03.200,1.0251,1.0421,20.0,1.0363,36.0,1521.0,1.0
2021-01-05 09:36:04.201,1.0251,1.0412,16.0,1.0363,20.0,1521.0,1.0
2021-01-05 09:36:04.670,1.0251,1.0412,16.0,1.0363,20.0,1521.0,1.0
2021-01-05 09:36:04.971,1.0251,1.0412,36.0,1.0352,16.0,1521.0,1.0
2021-01-05 09:36:05.690,1.0251,1.0412,36.0,1.0352,16.0,1521.0,1.0
2021-01-05 09:36:06.700,1.0251,1.0412,36.0,1.0352,16.0,1521.0,1.0
2021-01-05 09:36:09.691,1.0251,1.0412,36.0,1.0352,16.0,1521.0,1.0
2021-01-05 09:36:12.690,1.0251,1.0412,36.0,1.0352,16.0,1521.0,1.0
2021-01-05 09:36:14.150,1.0251,1.0412,36.0,1.0352,16.0,1521.0,1.0
2021-01-05 09:36:19.151,1.0251,1.0412,36.0,1.0352,16.0,1521.0,1.0
2021-01-05 09:36:19.691,1.0251,1.0412,36.0,1.0352,16.0,1521.0,1.0
2021-01-05 09:36:22.680,1.0251,1.0411,1.0,1.0352,16.0,1521.0,1.0
2021-01-05 09:36:23.681,1.0251,1.0411,1.0,1.0352,16.0,1521.0,1.0
2021-01-05 09:36:25.650,1.0251,1.0412,36.0,1.0352,16.0,1521.0,1.0
2021-01-05 09:36:26.651,1.0251,1.0412,36.0,1.0352,16.0,1521.0,1.0
2021-01-05 09:36:28.120,1.0251,1.0412,20.0,1.0366,16.0,1521.0,1.0
2021-01-05 09:36:28.681,1.0251,1.0412,20.0,1.0366,16.0,1521.0,1.0
2021-01-05 09:36:29.171,1.0251,1.0421,20.0,1.0366,36.0,1521.0,1.0
2021-01-05 09:36:29.590,1.0251,1.0421,20.0,1.0366,16.0,1521.0,1.0
2021-01-05 09:36:30.161,1.0251,1.0421,20.0,1.0367,2.0,1521.0,1.0
2021-01-05 09:36:30.700,1.0251,1.0421,20.0,1.0366,16.0,1521.0,1.0
2021-01-05 09:36:31.181,1.0251,1.0421,20.0,1.0367,20.0,1521.0,1.0
2021-01-05 09:36:32.130,1.0251,1.0421,20.0,1.0367,20.0,1521.0,1.0
2021-01-05 09:36:34.671,1.0251,1.0421,20.0,1.0367,20.0,1521.0,1.0
2021-01-05 09:36:35.150,1.0251,1.0421,20.0,1.0367,20.0,1521.0,1.0
2021-01-05 09:36:35.701,1.0251,1.0421,20.0,1.0367,20.0,1521.0,1.0
2021-01-05 09:36:36.700,1.0251,1.0421,20.0,1.0369,10.0,1521.0,1.0
2021-01-05 09:36:37.490,1.0251,1.0421,20.0,1.037,2.0,1521.0,1.0
2021-01-05 09:36:40.191,1.0251,1.0421,20.0,1.037,2.0,1521.0,1.0
2021-01-05 09:36:46.190,1.0251,1.0421,20.0,1.0378,16.0,1521.0,1.0
2021-01-05 09:36:46.651,1.0251,1.0421,20.0,1.0379,2.0,1521.0,1.0
2021-01-05 09:36:47.130,1.0251,1.0438,46.0,1.0379,2.0,1521.0,1.0
2021-01-05 09:36:47.660,1.0251,1.0438,36.0,1.0391,10.0,1521.0,1.0
2021-01-05 09:36:48.130,1.0251,1.0438,36.0,1.0391,10.0,1521.0,1.0
2021-01-05 09:36:48.630,1.0251,1.0438,36.0,1.0391,30.0,1521.0,1.0
2021-01-05 09:36:49.181,1.0251,1.0438,36.0,1.0391,10.0,1521.0,1.0
2021-01-05 09:36:49.700,1.0251,1.0438,36.0,1.0391,30.0,1521.0,1.0
2021-01-05 09:36:50.201,1.0251,1.0438,36.0,1.0391,10.0,1521.0,1.0
2021-01-05 09:36:50.670,1.0251,1.0438,36.0,1.0392,2.0,1521.0,1.0
2021-01-05 09:36:51.171,1.0251,1.0438,36.0,1.0392,22.0,1521.0,1.0
2021-01-05 09:36:53.680,1.0251,1.0438,20.0,1.0392,22.0,1521.0,1.0
2021-01-05 09:36:54.180,1.0251,1.0438,20.0,1.0392,22.0,1521.0,1.0
2021-01-05 09:36:54.631,1.0251,1.0449,36.0,1.0392,20.0,1521.0,1.0
2021-01-05 09:36:55.171,1.0251,1.0449,16.0,1.0392,20.0,1521.0,1.0
2021-01-05 09:36:55.651,1.0251,1.0448,10.0,1.0392,20.0,1521.0,1.0
2021-01-05 09:36:56.691,1.0251,1.0448,10.0,1.0392,20.0,1521.0,1.0
2021-01-05 09:36:58.610,1.0251,1.0438,16.0,1.0392,20.0,1521.0,1.0
2021-01-05 09:36:59.181,1.0251,1.0438,16.0,1.0392,20.0,1521.0,1.0
2021-01-05 09:36:59.690,1.0251,1.0438,36.0,1.0393,2.0,1521.0,1.0
2021-01-05 09:37:01.640,1.0251,1.0438,36.0,1.0392,20.0,1521.0,1.0
2021-01-05 09:37:02.191,1.0251,1.0438,36.0,1.0392,20.0,1521.0,1.0
2021-01-05 09:37:02.640,1.0251,1.0438,36.0,1.0378,36.0,1521.0,1.0
2021-01-05 09:37:03.151,1.0251,1.0438,36.0,1.0389,2.0,1521.0,1.0
2021-01-05 09:37:03.630,1.0251,1.0438,36.0,1.0378,36.0,1521.0,1.0
2021-01-05 09:37:03.630,1.0251,1.0438,36.0,1.0379,2.0,1521.0,1.0
2021-01-05 09:37:04.690,1.0251,1.0438,36.0,1.0378,16.0,1521.0,1.0
2021-01-05 09:37:05.701,1.0251,1.0427,16.0,1.0368,36.0,1521.0,1.0
2021-01-05 09:37:06.171,1.0251,1.0427,36.0,1.0368,36.0,1521.0,1.0
2021-01-05 09:37:06.171,1.0251,1.0427,36.0,1.0368,36.0,1521.0,1.0
2021-01-05 09:37:07.180,1.0251,1.0427,36.0,1.0368,36.0,1521.0,1.0
2021-01-05 09:37:09.170,1.0251,1.0427,20.0,1.0379,16.0,1521.0,1.0
2021-01-05 09:37:10.121,1.0251,1.0438,36.0,1.0379,16.0,1521.0,1.0
2021-01-05 09:37:11.641,1.0251,1.0427,16.0,1.0369,2.0,1521.0,1.0
2021-01-05 09:37:12.131,1.0251,1.0427,36.0,1.0368,20.0,1521.0,1.0
2021-01-05 09:37:13.181,1.0251,1.0427,36.0,1.0368,20.0,1521.0,1.0
2021-01-05 09:37:15.700,1.0251,1.0427,36.0,1.0369,2.0,1521.0,1.0
2021-01-05 09:37:17.200,1.0251,1.0427,36.0,1.0369,2.0,1521.0,1.0
2021-01-05 09:37:21.701,1.0251,1.0427,36.0,1.0368,20.0,1521.0,1.0
2021-01-05 09:37:22.030,1.0251,1.0427,36.0,1.0368,20.0,1521.0,1.0
2021-01-05 09:37:23.031,1.0251,1.0427,36.0,1.0368,20.0,1521.0,1.0
2021-01-05 09:37:24.631,1.0251,1.0427,36.0,1.0368,20.0,1521.0,1.0
2021-01-05 09:37:25.200,1.0251,1.0427,36.0,1.0368,22.0,1521.0,1.0
2021-01-05 09:37:26.650,1.0251,1.0427,36.0,1.0368,20.0,1521.0,1.0
2021-01-05 09:37:27.551,1.0251,1.0427,36.0,1.0368,20.0,1521.0,1.0
2021-01-05 09:37:28.560,1.0251,1.0427,36.0,1.0368,20.0,1521.0,1.0
2021-01-05 09:37:29.130,1.0251,1.0427,36.0,1.0368,22.0,1521.0,1.0
2021-01-05 09:37:30.191,1.0251,1.0427,36.0,1.0368,20.0,1521.0,1.0
2021-01-05 09:37:30.650,1.0251,1.0427,36.0,1.0368,22.0,1521.0,1.0
2021-01-05 09:37:31.190,1.0251,1.0427,36.0,1.0368,20.0,1521.0,1.0
2021-01-05 09:37:33.180,1.0251,1.0427,36.0,1.0369,2.0,1521.0,1.0
2021-01-05 09:37:35.650,1.0251,1.0427,36.0,1.0369,2.0,1521.0,1.0
2021-01-05 09:37:37.691,1.0251,1.0427,36.0,1.0368,20.0,1521.0,1.0
2021-01-05 09:37:38.161,1.0251,1.0427,36.0,1.0368,20.0,1521.0,1.0
2021-01-05 09:37:39.170,1.0251,1.0416,16.0,1.0368,20.0,1521.0,1.0
2021-01-05 09:37:40.161,1.0251,1.0416,36.0,1.0368,20.0,1521.0,1.0
2021-01-05 09:37:40.701,1.0251,1.0416,36.0,1.0368,20.0,1521.0,1.0
2021-01-05 09:37:42.130,1.0251,1.0416,36.0,1.0368,20.0,1521.0,1.0
2021-01-05 09:37:43.671,1.0251,1.0416,36.0,1.0362,16.0,1521.0,1.0
2021-01-05 09:37:44.651,1.0251,1.0414,10.0,1.0362,16.0,1521.0,1.0
2021-01-05 09:37:45.171,1.0251,1.0406,16.0,1.0359,20.0,1521.0,1.0
2021-01-05 09:37:45.191,1.0251,1.0406,36.0,1.0359,20.0,1521.0,1.0
2021-01-05 09:37:46.601,1.0251,1.0406,36.0,1.0359,20.0,1521.0,1.0
2021-01-05 09:37:51.691,1.0251,1.0406,20.0,1.0365,16.0,1521.0,1.0
2021-01-05 09:37:52.191,1.0251,1.0406,20.0,1.0365,16.0,1521.0,1.0
2021-01-05 09:37:52.300,1.0251,1.0414,10.0,1.0365,16.0,1521.0,1.0
2021-01-05 09:37:56.611,1.0251,1.0414,10.0,1.0365,16.0,1521.0,1.0
2021-01-05 09:37:57.170,1.0251,1.0409,16.0,1.0359,20.0,1521.0,1.0
2021-01-05 09:37:59.161,1.0251,1.0409,16.0,1.0359,20.0,1521.0,1.0
2021-01-05 09:38:01.180,1.0251,1.0409,16.0,1.0359,20.0,1521.0,1.0
2021-01-05 09:38:06.691,1.0251,1.0414,10.0,1.0364,16.0,1521.0,1.0
2021-01-05 09:38:07.200,1.0251,1.0414,10.0,1.0364,16.0,1521.0,1.0
2021-01-05 09:38:07.590,1.0251,1.0416,20.0,1.0364,16.0,1521.0,1.0
2021-01-05 09:38:08.151,1.0251,1.0416,20.0,1.0364,16.0,1521.0,1.0
2021-01-05 09:38:09.160,1.0251,1.0416,20.0,1.0376,16.0,1521.0,1.0
2021-01-05 09:38:09.681,1.0251,1.0416,20.0,1.0376,16.0,1521.0,1.0
2021-01-05 09:38:10.180,1.0251,1.043,36.0,1.0376,36.0,1521.0,1.0
2021-01-05 09:38:12.191,1.0251,1.043,36.0,1.0376,36.0,1521.0,1.0
2021-01-05 09:38:13.690,1.0251,1.043,36.0,1.0376,36.0,1521.0,1.0
2021-01-05 09:38:15.150,1.0251,1.0439,20.0,1.0387,16.0,1521.0,1.0
2021-01-05 09:38:15.730,1.0251,1.0439,20.0,1.0387,16.0,1521.0,1.0
2021-01-05 09:38:16.210,1.0251,1.0439,20.0,1.0387,36.0,1521.0,1.0
2021-01-05 09:38:16.731,1.0251,1.0439,20.0,1.0387,16.0,1521.0,1.0
2021-01-05 09:38:17.190,1.0251,1.0439,20.0,1.0387,36.0,1521.0,1.0
2021-01-05 09:38:17.701,1.0251,1.0439,20.0,1.0387,16.0,1521.0,1.0
2021-01-05 09:38:18.231,1.0251,1.0439,20.0,1.0387,36.0,1521.0,1.0
2021-01-05 09:38:18.660,1.0251,1.0439,20.0,1.0387,16.0,1521.0,1.0
2021-01-05 09:38:19.230,1.0251,1.0439,20.0,1.0387,36.0,1521.0,1.0
2021-01-05 09:38:19.630,1.0251,1.0439,20.0,1.0387,16.0,1521.0,1.0
2021-01-05 09:38:20.231,1.0251,1.0439,20.0,1.0387,36.0,1521.0,1.0
2021-01-05 09:38:20.671,1.0251,1.0439,20.0,1.0387,16.0,1521.0,1.0
2021-01-05 09:38:21.180,1.0251,1.0439,20.0,1.0387,36.0,1521.0,1.0
2021-01-05 09:38:21.670,1.0251,1.0441,16.0,1.0389,10.0,1521.0,1.0
2021-01-05 09:38:22.210,1.0251,1.0448,20.0,1.0398,16.0,1521.0,1.0
2021-01-05 09:38:22.661,1.0251,1.0448,20.0,1.0398,16.0,1521.0,1.0
2021-01-05 09:38:23.201,1.0251,1.0448,20.0,1.0398,36.0,1521.0,1.0
2021-01-05 09:38:25.101,1.0251,1.0448,20.0,1.0398,36.0,1521.0,1.0
2021-01-05 09:38:26.100,1.0251,1.0448,20.0,1.0399,2.0,1521.0,1.0
2021-01-05 09:38:26.701,1.0251,1.0448,20.0,1.0398,36.0,1521.0,1.0
2021-01-05 09:38:28.171,1.0251,1.0448,20.0,1.0399,2.0,1521.0,1.0
2021-01-05 09:38:28.680,1.0251,1.0448,20.0,1.0398,36.0,1521.0,1.0
2021-01-05 09:38:30.190,1.0251,1.0448,20.0,1.0399,2.0,1521.0,1.0
2021-01-05 09:38:32.171,1.0251,1.0461,20.0,1.0409,16.0,1521.0,1.0
2021-01-05 09:38:33.191,1.0251,1.0461,20.0,1.041,2.0,1521.0,1.0
2021-01-05 09:38:33.700,1.0251,1.0465,16.0,1.041,2.0,1521.0,1.0
2021-01-05 09:38:34.201,1.0251,1.047,20.0,1.0423,16.0,1521.0,1.0
2021-01-05 09:38:35.200,1.0251,1.0479,36.0,1.0423,36.0,1521.0,1.0
2021-01-05 09:38:35.700,1.0251,1.0479,36.0,1.0423,36.0,1521.0,1.0
2021-01-05 09:38:36.130,1.0251,1.0479,36.0,1.0423,36.0,1521.0,1.0
2021-01-05 09:38:37.160,1.0251,1.0479,36.0,1.0424,2.0,1521.0,1.0
2021-01-05 09:38:37.680,1.0251,1.0479,20.0,1.0435,16.0,1521.0,1.0
2021-01-05 09:38:38.161,1.0251,1.049,36.0,1.0435,36.0,1521.0,1.0
2021-01-05 09:38:39.901,1.0251,1.0507,16.0,1.0451,16.0,1521.0,1.0
2021-01-05 09:38:40.591,1.0251,1.0507,16.0,1.0451,16.0,1521.0,1.0
2021-01-05 09:38:41.190,1.0251,1.0507,16.0,1.0451,36.0,1521.0,1.0
2021-01-05 09:38:45.201,1.0251,1.0507,16.0,1.0451,36.0,1521.0,1.0
2021-01-05 09:38:46.631,1.0251,1.0496,16.0,1.0451,20.0,1521.0,1.0
2021-01-05 09:38:47.140,1.0251,1.0496,36.0,1.0441,16.0,1521.0,1.0
2021-01-05 09:38:48.650,1.0251,1.0486,16.0,1.0435,20.0,1521.0,1.0
2021-01-05 09:38:49.130,1.0251,1.0486,36.0,1.0435,20.0,1521.0,1.0
2021-01-05 09:38:49.691,1.0251,1.0486,36.0,1.0435,20.0,1521.0,1.0
2021-01-05 09:38:50.110,1.0251,1.0486,36.0,1.0435,20.0,1521.0,1.0
2021-01-05 09:38:51.170,1.0251,1.0486,36.0,1.0435,20.0,1521.0,1.0
2021-01-05 09:38:51.691,1.0251,1.0486,16.0,1.0435,20.0,1521.0,1.0
2021-01-05 09:38:52.150,1.0251,1.0496,20.0,1.0443,16.0,1521.0,1.0
2021-01-05 09:38:53.620,1.0251,1.0496,20.0,1.0443,16.0,1521.0,1.0
2021-01-05 09:38:54.690,1.0251,1.0498,16.0,1.0443,16.0,1521.0,1.0
2021-01-05 09:38:55.191,1.0251,1.0498,16.0,1.0444,2.0,1521.0,1.0
2021-01-05 09:38:55.700,1.0251,1.0498,16.0,1.0444,22.0,1521.0,1.0
2021-01-05 09:38:56.190,1.0251,1.0506,20.0,1.0455,16.0,1521.0,1.0
2021-01-05 09:38:57.640,1.0251,1.0506,20.0,1.0455,36.0,1521.0,1.0
2021-01-05 09:38:57.640,1.0251,1.0506,20.0,1.0455,36.0,1521.0,1.0
2021-01-05 09:38:58.670,1.0251,1.0498,16.0,1.0455,20.0,1521.0,1.0
2021-01-05 09:38:59.060,1.0251,1.0498,16.0,1.0444,20.0,1521.0,1.0
2021-01-05 09:39:00.660,1.0251,1.0498,16.0,1.0444,20.0,1521.0,1.0
2021-01-05 09:39:02.660,1.0251,1.0498,16.0,1.0444,20.0,1521.0,1.0
2021-01-05 09:39:03.150,1.0251,1.0498,16.0,1.0444,20.0,1521.0,1.0
2021-01-05 09:39:09.161,1.0251,1.0498,16.0,1.0444,20.0,1521.0,1.0
2021-01-05 09:39:10.191,1.0251,1.0498,16.0,1.0444,20.0,1521.0,1.0
2021-01-05 09:39:10.721,1.0251,1.0498,16.0,1.0444,22.0,1521.0,1.0
2021-01-05 09:39:13.720,1.0251,1.0498,16.0,1.0444,20.0,1521.0,1.0
2021-01-05 09:39:14.160,1.0251,1.0498,16.0,1.0444,20.0,1521.0,1.0
2021-01-05 09:39:15.220,1.0251,1.0506,20.0,1.0453,16.0,1521.0,1.0
2021-01-05 09:39:15.720,1.0251,1.0506,20.0,1.0453,36.0,1521.0,1.0
2021-01-05 09:39:17.191,1.0251,1.0506,20.0,1.0453,38.0,1521.0,1.0
2021-01-05 09:39:17.650,1.0251,1.0506,20.0,1.0453,36.0,1521.0,1.0
2021-01-05 09:39:20.221,1.0251,1.0506,20.0,1.0453,36.0,1521.0,1.0
2021-01-05 09:39:20.741,1.0251,1.0506,20.0,1.0456,10.0,1521.0,1.0
2021-01-05 09:39:21.231,1.0251,1.0506,20.0,1.0456,10.0,1521.0,1.0
2021-01-05 09:39:21.671,1.0251,1.0506,20.0,1.0457,2.0,1521.0,1.0
2021-01-05 09:39:22.211,1.0251,1.0506,20.0,1.0456,10.0,1521.0,1.0
2021-01-05 09:39:23.200,1.0251,1.0506,20.0,1.0456,10.0,1521.0,1.0
2021-01-05 09:39:24.151,1.0251,1.0506,20.0,1.0456,10.0,1521.0,1.0
2021-01-05 09:39:27.711,1.0251,1.0506,20.0,1.0456,10.0,1521.0,1.0
2021-01-05 09:39:28.220,1.0251,1.0506,20.0,1.0456,10.0,1521.0,1.0
2021-01-05 09:39:29.721,1.0251,1.0506,20.0,1.0456,10.0,1521.0,1.0
2021-01-05 09:39:30.220,1.0251,1.0506,20.0,1.0453,36.0,1521.0,1.0
2021-01-05 09:39:30.721,1.0251,1.0506,20.0,1.0453,36.0,1521.0,1.0
2021-01-05 09:39:31.121,1.0251,1.0506,20.0,1.0453,36.0,1521.0,1.0
2021-01-05 09:39:32.700,1.0251,1.0506,20.0,1.0453,36.0,1521.0,1.0
2021-01-05 09:39:34.210,1.0251,1.0506,20.0,1.0453,36.0,1521.0,1.0
2021-01-05 09:39:39.241,1.0251,1.0506,20.0,1.0453,36.0,1521.0,1.0
2021-01-05 09:39:41.220,1.0251,1.0498,16.0,1.0453,20.0,1521.0,1.0
2021-01-05 09:39:41.750,1.0251,1.0498,16.0,1.0452,2.0,1521.0,1.0
2021-01-05 09:39:42.210,1.0251,1.0498,16.0,1.0444,20.0,1521.0,1.0
2021-01-05 09:39:42.740,1.0251,1.0498,16.0,1.0444,20.0,1521.0,1.0
2021-01-05 09:39:43.570,1.0251,1.0498,16.0,1.0442,16.0,1521.0,1.0
2021-01-05 09:39:44.231,1.0251,1.0498,16.0,1.0442,16.0,1521.0,1.0
2021-01-05 09:39:44.680,1.0251,1.0498,16.0,1.0442,16.0,1521.0,1.0
2021-01-05 09:39:45.750,1.0251,1.0498,16.0,1.0442,16.0,1521.0,1.0
2021-01-05 09:39:46.190,1.0251,1.0498,16.0,1.0442,16.0,1521.0,1.0
2021-01-05 09:39:47.250,1.0251,1.0506,20.0,1.0453,16.0,1521.0,1.0
2021-01-05 09:39:48.140,1.0251,1.0506,20.0,1.0453,16.0,1521.0,1.0
2021-01-05 09:39:49.241,1.0251,1.0506,20.0,1.0453,16.0,1521.0,1.0
2021-01-05 09:39:49.711,1.0251,1.0506,20.0,1.0453,16.0,1521.0,1.0
2021-01-05 09:39:51.241,1.0251,1.0506,20.0,1.0463,16.0,1521.0,1.0
2021-01-05 09:39:51.730,1.0251,1.0514,10.0,1.0463,16.0,1521.0,1.0
2021-01-05 09:39:52.251,1.0251,1.0514,10.0,1.0463,36.0,1521.0,1.0
2021-01-05 09:39:52.601,1.0251,1.0514,10.0,1.0463,16.0,1521.0,1.0
2021-01-05 09:39:53.630,1.0251,1.0514,10.0,1.0463,16.0,1521.0,1.0
2021-01-05 09:39:54.191,1.0251,1.0514,10.0,1.0463,36.0,1521.0,1.0
2021-01-05 09:39:56.120,1.0251,1.0514,10.0,1.0464,2.0,1521.0,1.0
2021-01-05 09:39:56.691,1.0251,1.0514,10.0,1.0463,16.0,1521.0,1.0
2021-01-05 09:39:57.181,1.0251,1.0514,30.0,1.0463,36.0,1521.0,1.0
2021-01-05 09:39:57.580,1.0251,1.0514,20.0,1.0463,16.0,1521.0,1.0
2021-01-05 09:39:58.170,1.0251,1.0514,20.0,1.0463,16.0,1521.0,1.0
2021-01-05 09:40:01.570,1.0251,1.0508,16.0,1.0453,16.0,1521.0,1.0
2021-01-05 09:40:02.200,1.0251,1.0508,16.0,1.0453,16.0,1521.0,1.0
2021-01-05 09:40:02.671,1.0251,1.0494,10.0,1.0453,16.0,1521.0,1.0
2021-01-05 09:40:03.171,1.0251,1.0494,30.0,1.0453,16.0,1521.0,1.0
2021-01-05 09:40:03.691,1.0251,1.0494,30.0,1.0453,16.0,1521.0,1.0
2021-01-05 09:40:07.700,1.0251,1.0494,30.0,1.0449,20.0,1521.0,1.0
2021-01-05 09:40:08.690,1.0251,1.0494,30.0,1.0449,20.0,1521.0,1.0
2021-01-05 09:40:09.191,1.0251,1.0494,20.0,1.0449,20.0,1521.0,1.0
2021-01-05 09:40:12.190,1.0251,1.0487,16.0,1.0449,20.0,1521.0,1.0
2021-01-05 09:40:13.170,1.0251,1.0487,16.0,1.0431,36.0,1521.0,1.0
2021-01-05 09:40:13.700,1.0251,1.0487,16.0,1.0431,36.0,1521.0,1.0
2021-01-05 09:40:14.150,1.0251,1.0487,16.0,1.0431,36.0,1521.0,1.0
2021-01-05 09:40:17.191,1.0251,1.0475,10.0,1.0431,20.0,1521.0,1.0
2021-01-05 09:40:17.661,1.0251,1.0475,30.0,1.042,36.0,1521.0,1.0
2021-01-05 09:40:17.661,1.0251,1.0475,30.0,1.042,36.0,1521.0,1.0
2021-01-05 09:40:19.711,1.0251,1.0475,30.0,1.0421,2.0,1521.0,1.0
2021-01-05 09:40:20.691,1.0251,1.0475,30.0,1.0431,16.0,1521.0,1.0
2021-01-05 09:40:21.200,1.0251,1.0475,20.0,1.0432,10.0,1521.0,1.0
2021-01-05 09:40:21.701,1.0251,1.0486,16.0,1.0432,30.0,1521.0,1.0
2021-01-05 09:40:22.591,1.0251,1.0486,16.0,1.0432,30.0,1521.0,1.0
2021-01-05 09:40:23.200,1.0251,1.0486,16.0,1.0433,2.0,1521.0,1.0
2021-01-05 09:40:24.681,1.0251,1.0486,16.0,1.0433,2.0,1521.0,1.0
2021-01-05 09:40:25.121,1.0251,1.0486,16.0,1.0432,30.0,1521.0,1.0
2021-01-05 09:40:25.570,1.0251,1.0486,16.0,1.0432,32.0,1521.0,1.0
2021-01-05 09:40:26.181,1.0251,1.0486,16.0,1.0432,30.0,1521.0,1.0
2021-01-05 09:40:27.140,1.0251,1.0494,20.0,1.0441,16.0,1521.0,1.0
2021-01-05 09:40:28.110,1.0251,1.0494,20.0,1.0441,36.0,1521.0,1.0
2021-01-05 09:40:33.191,1.0251,1.0494,20.0,1.0441,36.0,1521.0,1.0
2021-01-05 09:40:41.640,1.0251,1.0484,16.0,1.0441,20.0,1521.0,1.0
2021-01-05 09:40:42.201,1.0251,1.0484,36.0,1.0432,30.0,1521.0,1.0
2021-01-05 09:40:44.161,1.0251,1.0484,36.0,1.0432,30.0,1521.0,1.0
2021-01-05 09:40:53.651,1.0251,1.0484,36.0,1.0432,30.0,1521.0,1.0
2021-01-05 09:40:56.711,1.0251,1.0484,36.0,1.0432,20.0,1521.0,1.0
2021-01-05 09:41:08.201,1.0251,1.0484,20.0,1.0441,16.0,1521.0,1.0
2021-01-05 09:41:08.701,1.0251,1.0484,20.0,1.0441,16.0,1521.0,1.0
2021-01-05 09:41:09.210,1.0251,1.0494,20.0,1.0441,36.0,1521.0,1.0
2021-01-05 09:41:09.661,1.0251,1.0494,20.0,1.0441,16.0,1521.0,1.0
2021-01-05 09:41:10.220,1.0251,1.0494,20.0,1.0441,36.0,1521.0,1.0
2021-01-05 09:41:10.710,1.0251,1.0494,20.0,1.0441,16.0,1521.0,1.0
2021-01-05 09:41:11.210,1.0251,1.0494,20.0,1.0441,36.0,1521.0,1.0
2021-01-05 09:41:11.711,1.0251,1.0494,20.0,1.0441,16.0,1521.0,1.0
2021-01-05 09:41:12.151,1.0251,1.0494,20.0,1.0441,36.0,1521.0,1.0
2021-01-05 09:41:14.160,1.0251,1.0496,16.0,1.0441,36.0,1521.0,1.0
2021-01-05 09:41:14.671,1.0251,1.0496,16.0,1.0441,36.0,1521.0,1.0
2021-01-05 09:41:18.600,1.0251,1.0496,16.0,1.0441,36.0,1521.0,1.0
2021-01-05 09:41:27.131,1.0251,1.0496,16.0,1.0443,10.0,1521.0,1.0
2021-01-05 09:41:27.710,1.0251,1.0496,16.0,1.0443,10.0,1521.0,1.0
2021-01-05 09:41:28.171,1.0251,1.0496,16.0,1.0443,10.0,1521.0,1.0
2021-01-05 09:41:30.670,1.0251,1.0496,16.0,1.0442,2.0,1521.0,1.0
2021-01-05 09:41:31.181,1.0251,1.0496,16.0,1.0441,36.0,1521.0,1.0
2021-01-05 09:41:31.700,1.0251,1.0496,16.0,1.0441,36.0,1521.0,1.0
2021-01-05 09:41:33.171,1.0251,1.0496,16.0,1.0441,36.0,1521.0,1.0
2021-01-05 09:41:33.680,1.0251,1.0496,16.0,1.0441,36.0,1521.0,1.0
2021-01-05 09:41:35.221,1.0251,1.0496,16.0,1.0441,36.0,1521.0,1.0
2021-01-05 09:41:35.721,1.0251,1.0504,20.0,1.0452,16.0,1521.0,1.0
2021-01-05 09:41:36.720,1.0251,1.0504,20.0,1.0452,36.0,1521.0,1.0
2021-01-05 09:41:37.210,1.0251,1.0504,20.0,1.0452,36.0,1521.0,1.0
2021-01-05 09:41:37.711,1.0251,1.0508,16.0,1.0452,36.0,1521.0,1.0
2021-01-05 09:41:38.220,1.0251,1.0515,20.0,1.0463,16.0,1521.0,1.0
2021-01-05 09:41:38.650,1.0251,1.0515,20.0,1.0463,16.0,1521.0,1.0
2021-01-05 09:41:39.221,1.0251,1.0515,20.0,1.0463,36.0,1521.0,1.0
2021-01-05 09:41:41.801,1.0251,1.0508,16.0,1.0463,20.0,1521.0,1.0
2021-01-05 09:41:44.671,1.0251,1.0508,16.0,1.0463,20.0,1521.0,1.0
2021-01-05 09:41:46.661,1.0251,1.0508,16.0,1.0463,20.0,1521.0,1.0
2021-01-05 09:41:47.201,1.0251,1.0508,16.0,1.0452,36.0,1521.0,1.0
2021-01-05 09:41:47.741,1.0251,1.0508,16.0,1.0452,36.0,1521.0,1.0
2021-01-05 09:41:49.191,1.0251,1.0508,16.0,1.0452,36.0,1521.0,1.0
2021-01-05 09:41:49.750,1.0251,1.0508,16.0,1.0453,2.0,1521.0,1.0
2021-01-05 09:41:50.231,1.0251,1.0515,20.0,1.0464,16.0,1521.0,1.0
2021-01-05 09:41:51.251,1.0251,1.0515,20.0,1.0464,36.0,1521.0,1.0
2021-01-05 09:41:52.690,1.0251,1.0515,20.0,1.0464,36.0,1521.0,1.0
2021-01-05 09:41:55.160,1.0251,1.052,16.0,1.0464,36.0,1521.0,1.0
2021-01-05 09:41:55.671,1.0251,1.052,16.0,1.0464,36.0,1521.0,1.0
2021-01-05 09:41:56.151,1.0251,1.052,16.0,1.0468,10.0,1521.0,1.0
2021-01-05 09:41:56.620,1.0251,1.052,16.0,1.0468,10.0,1521.0,1.0
2021-01-05 09:41:57.110,1.0251,1.052,16.0,1.0469,2.0,1521.0,1.0
2021-01-05 09:41:57.640,1.0251,1.052,16.0,1.0468,10.0,1521.0,1.0
2021-01-05 09:41:59.131,1.0251,1.052,16.0,1.0468,10.0,1521.0,1.0
2021-01-05 09:42:00.151,1.0251,1.052,16.0,1.0468,10.0,1521.0,1.0
2021-01-05 09:42:00.701,1.0251,1.052,16.0,1.0468,10.0,1521.0,1.0
2021-01-05 09:42:01.651,1.0251,1.0526,20.0,1.0475,16.0,1521.0,1.0
2021-01-05 09:42:02.201,1.0251,1.0526,20.0,1.0475,36.0,1521.0,1.0
2021-01-05 09:42:02.710,1.0251,1.0526,20.0,1.0475,36.0,1521.0,1.0
2021-01-05 09:42:03.161,1.0251,1.0526,20.0,1.0475,36.0,1521.0,1.0
2021-01-05 09:42:04.641,1.0251,1.0526,20.0,1.0475,36.0,1521.0,1.0
2021-01-05 09:42:09.551,1.0251,1.0526,20.0,1.0475,36.0,1521.0,1.0
2021-01-05 09:42:11.720,1.0251,1.0531,16.0,1.0476,2.0,1521.0,1.0
2021-01-05 09:42:12.210,1.0251,1.0535,20.0,1.0488,16.0,1521.0,1.0
2021-01-05 09:42:12.721,1.0251,1.0535,20.0,1.0488,36.0,1521.0,1.0
2021-01-05 09:42:13.211,1.0251,1.0535,20.0,1.0488,36.0,1521.0,1.0
2021-01-05 09:42:13.731,1.0251,1.0535,20.0,1.0488,36.0,1521.0,1.0
2021-01-05 09:42:14.671,1.0251,1.0544,36.0,1.0488,36.0,1521.0,1.0
2021-01-05 09:42:18.701,1.0251,1.0533,16.0,1.0488,20.0,1521.0,1.0
2021-01-05 09:42:19.721,1.0251,1.0533,36.0,1.0478,16.0,1521.0,1.0
2021-01-05 09:42:20.150,1.0251,1.0533,36.0,1.0478,16.0,1521.0,1.0
2021-01-05 09:42:22.221,1.0251,1.0533,36.0,1.0478,16.0,1521.0,1.0
2021-01-05 09:42:23.191,1.0251,1.0533,36.0,1.0478,16.0,1521.0,1.0
2021-01-05 09:42:25.621,1.0251,1.0533,36.0,1.0478,16.0,1521.0,1.0
2021-01-05 09:42:26.701,1.0251,1.0533,36.0,1.0479,2.0,1521.0,1.0
2021-01-05 09:42:27.651,1.0251,1.0533,36.0,1.0478,16.0,1521.0,1.0
2021-01-05 09:42:28.130,1.0251,1.0533,36.0,1.0478,16.0,1521.0,1.0
2021-01-05 09:42:29.720,1.0251,1.0533,36.0,1.0478,16.0,1521.0,1.0
2021-01-05 09:42:31.200,1.0251,1.0533,36.0,1.0478,16.0,1521.0,1.0
2021-01-05 09:42:32.131,1.0251,1.0533,36.0,1.0479,2.0,1521.0,1.0
2021-01-05 09:42:32.721,1.0251,1.0533,20.0,1.0488,16.0,1521.0,1.0
2021-01-05 09:42:33.720,1.0251,1.0544,36.0,1.0488,36.0,1521.0,1.0
2021-01-05 09:42:34.210,1.0251,1.0544,36.0,1.0488,36.0,1521.0,1.0
2021-01-05 09:42:36.141,1.0251,1.0544,36.0,1.0488,36.0,1521.0,1.0
2021-01-05 09:42:41.731,1.0251,1.0544,36.0,1.0488,38.0,1521.0,1.0
2021-01-05 09:42:42.250,1.0251,1.0544,36.0,1.0491,10.0,1521.0,1.0
2021-01-05 09:42:42.711,1.0251,1.0544,36.0,1.0491,10.0,1521.0,1.0
2021-01-05 09:42:43.251,1.0251,1.0544,36.0,1.0491,10.0,1521.0,1.0
2021-01-05 09:42:44.751,1.0251,1.0544,36.0,1.0491,12.0,1521.0,1.0
2021-01-05 09:42:45.191,1.0251,1.0544,36.0,1.0488,36.0,1521.0,1.0
2021-01-05 09:42:45.650,1.0251,1.0544,36.0,1.0488,38.0,1521.0,1.0
2021-01-05 09:42:46.240,1.0251,1.0544,36.0,1.0488,38.0,1521.0,1.0
2021-01-05 09:42:46.741,1.0251,1.0544,36.0,1.0488,36.0,1521.0,1.0
2021-01-05 09:42:47.231,1.0251,1.0544,36.0,1.0488,38.0,1521.0,1.0
2021-01-05 09:42:48.720,1.0251,1.0544,36.0,1.0488,36.0,1521.0,1.0
2021-01-05 09:42:52.971,1.0251,1.0544,36.0,1.0488,38.0,1521.0,1.0
2021-01-05 09:42:58.731,1.0251,1.0544,36.0,1.0488,38.0,1521.0,1.0
2021-01-05 09:43:02.681,1.0251,1.0544,20.0,1.05,16.0,1521.0,1.0
2021-01-05 09:43:03.241,1.0251,1.0555,36.0,1.05,36.0,1521.0,1.0
2021-01-05 09:43:04.740,1.0251,1.0555,36.0,1.05,36.0,1521.0,1.0
2021-01-05 09:43:05.681,1.0251,1.0555,36.0,1.05,36.0,1521.0,1.0
2021-01-05 09:43:06.171,1.0251,1.0544,16.0,1.05,20.0,1521.0,1.0
2021-01-05 09:43:06.751,1.0251,1.0544,16.0,1.05,20.0,1521.0,1.0
2021-01-05 09:43:07.231,1.0251,1.0544,36.0,1.0488,36.0,1521.0,1.0
2021-01-05 09:43:07.710,1.0251,1.0544,16.0,1.0488,36.0,1521.0,1.0
2021-01-05 09:43:08.181,1.0251,1.0544,36.0,1.0488,36.0,1521.0,1.0
2021-01-05 09:43:09.231,1.0251,1.0544,36.0,1.0488,36.0,1521.0,1.0
2021-01-05 09:43:09.740,1.0251,1.0544,36.0,1.0488,36.0,1521.0,1.0
2021-01-05 09:43:10.150,1.0251,1.0544,36.0,1.0489,2.0,1521.0,1.0
2021-01-05 09:43:11.750,1.0251,1.0544,36.0,1.0489,2.0,1521.0,1.0
2021-01-05 09:43:13.210,1.0251,1.0544,36.0,1.0488,36.0,1521.0,1.0
2021-01-05 09:43:15.771,1.0251,1.0544,36.0,1.0488,36.0,1521.0,1.0
2021-01-05 09:43:17.771,1.0251,1.0544,36.0,1.0488,36.0,1521.0,1.0
2021-01-05 09:43:21.271,1.0251,1.0544,36.0,1.0488,36.0,1521.0,1.0
2021-01-05 09:43:22.281,1.0251,1.0544,36.0,1.0489,2.0,1521.0,1.0
2021-01-05 09:43:22.671,1.0251,1.0544,36.0,1.0488,36.0,1521.0,1.0
2021-01-05 09:43:23.651,1.0251,1.0544,36.0,1.0488,36.0,1521.0,1.0
2021-01-05 09:43:24.120,1.0251,1.0544,36.0,1.0488,38.0,1521.0,1.0
2021-01-05 09:43:29.080,1.0251,1.0544,36.0,1.0488,38.0,1521.0,1.0
2021-01-05 09:43:34.221,1.0251,1.0544,36.0,1.0489,2.0,1521.0,1.0
2021-01-05 09:43:36.661,1.0251,1.0544,36.0,1.0488,36.0,1521.0,1.0
2021-01-05 09:43:37.631,1.0251,1.0544,36.0,1.0488,36.0,1521.0,1.0
2021-01-05 09:43:39.711,1.0251,1.0544,36.0,1.0489,2.0,1521.0,1.0
2021-01-05 09:43:43.231,1.0251,1.0544,36.0,1.0489,2.0,1521.0,1.0
2021-01-05 09:43:43.711,1.0251,1.0544,36.0,1.0488,36.0,1521.0,1.0
2021-01-05 09:43:44.251,1.0251,1.0544,36.0,1.0488,36.0,1521.0,1.0
2021-01-05 09:43:44.670,1.0251,1.0544,36.0,1.0488,36.0,1521.0,1.0
2021-01-05 09:43:48.721,1.0251,1.0544,36.0,1.0488,36.0,1521.0,1.0
2021-01-05 09:43:50.721,1.0251,1.0544,36.0,1.0488,36.0,1521.0,1.0
2021-01-05 09:43:54.191,1.0251,1.0533,16.0,1.0488,20.0,1521.0,1.0
2021-01-05 09:43:54.680,1.0251,1.0533,36.0,1.0478,36.0,1521.0,1.0
2021-01-05 09:43:54.901,1.0251,1.0533,36.0,1.0478,36.0,1521.0,1.0
2021-01-05 09:43:55.660,1.0251,1.0533,36.0,1.0478,36.0,1521.0,1.0
2021-01-05 09:43:56.200,1.0251,1.0533,36.0,1.0478,36.0,1521.0,1.0
2021-01-05 09:43:57.230,1.0251,1.0533,36.0,1.0478,36.0,1521.0,1.0
2021-01-05 09:43:58.711,1.0251,1.0533,36.0,1.0478,36.0,1521.0,1.0
2021-01-05 09:43:59.170,1.0251,1.0533,36.0,1.0478,36.0,1521.0,1.0
2021-01-05 09:43:59.691,1.0251,1.0533,36.0,1.0478,36.0,1521.0,1.0
2021-01-05 09:44:04.230,1.0251,1.0522,16.0,1.0478,20.0,1521.0,1.0
2021-01-05 09:44:05.231,1.0251,1.0522,36.0,1.0478,20.0,1521.0,1.0
2021-01-05 09:44:07.281,1.0251,1.0522,36.0,1.0478,20.0,1521.0,1.0
2021-01-05 09:44:10.781,1.0251,1.0522,36.0,1.0478,20.0,1521.0,1.0
2021-01-05 09:44:12.781,1.0251,1.0522,36.0,1.0478,20.0,1521.0,1.0
2021-01-05 09:44:13.230,1.0251,1.0522,36.0,1.0466,36.0,1521.0,1.0
2021-01-05 09:44:14.781,1.0251,1.0522,36.0,1.0466,36.0,1521.0,1.0
2021-01-05 09:44:15.280,1.0251,1.0522,36.0,1.0466,36.0,1521.0,1.0
2021-01-05 09:44:17.280,1.0251,1.0522,36.0,1.0466,36.0,1521.0,1.0
2021-01-05 09:44:23.960,1.0251,1.0522,36.0,1.0466,36.0,1521.0,1.0
2021-01-05 09:44:26.090,1.0251,1.0522,36.0,1.0466,36.0,1521.0,1.0
2021-01-05 09:44:26.701,1.0251,1.0522,36.0,1.0466,36.0,1521.0,1.0
2021-01-05 09:44:33.240,1.0251,1.0511,16.0,1.0466,20.0,1521.0,1.0
2021-01-05 09:44:34.510,1.0251,1.0511,36.0,1.0455,36.0,1521.0,1.0
2021-01-05 09:44:35.740,1.0251,1.0511,36.0,1.0455,36.0,1521.0,1.0
2021-01-05 09:44:37.751,1.0251,1.0511,36.0,1.0455,36.0,1521.0,1.0
2021-01-05 09:44:40.740,1.0251,1.0511,36.0,1.0455,36.0,1521.0,1.0
2021-01-05 09:44:45.261,1.0251,1.0511,36.0,1.0456,2.0,1521.0,1.0
2021-01-05 09:44:45.760,1.0251,1.0511,36.0,1.0455,36.0,1521.0,1.0
2021-01-05 09:44:46.771,1.0251,1.0511,36.0,1.0455,36.0,1521.0,1.0
2021-01-05 09:44:48.780,1.0251,1.0511,36.0,1.0455,36.0,1521.0,1.0
2021-01-05 09:44:49.270,1.0251,1.0511,36.0,1.0455,36.0,1521.0,1.0
2021-01-05 09:44:49.800,1.0251,1.0511,36.0,1.0455,36.0,1521.0,1.0
2021-01-05 09:44:53.201,1.0251,1.0511,36.0,1.0455,36.0,1521.0,1.0
2021-01-05 09:44:53.710,1.0251,1.0511,36.0,1.0455,36.0,1521.0,1.0
2021-01-05 09:44:54.960,1.0251,1.0511,36.0,1.0455,36.0,1521.0,1.0
2021-01-05 09:44:56.220,1.0251,1.0511,36.0,1.0455,36.0,1521.0,1.0
2021-01-05 09:44:56.720,1.0251,1.0511,36.0,1.0455,36.0,1521.0,1.0
2021-01-05 09:44:59.711,1.0251,1.0505,10.0,1.0455,36.0,1521.0,1.0
2021-01-05 09:45:01.221,1.0251,1.05,16.0,1.0455,20.0,1521.0,1.0
2021-01-05 09:45:02.061,1.0251,1.05,36.0,1.0445,36.0,1521.0,1.0
2021-01-05 09:45:03.190,1.0251,1.05,36.0,1.0445,36.0,1521.0,1.0
2021-01-05 09:45:05.221,1.0251,1.0489,16.0,1.0445,20.0,1521.0,1.0
2021-01-05 09:45:05.720,1.0251,1.0483,10.0,1.0445,20.0,1521.0,1.0
2021-01-05 09:45:06.220,1.0251,1.0483,10.0,1.0436,20.0,1521.0,1.0
2021-01-05 09:45:06.721,1.0251,1.0489,36.0,1.0436,20.0,1521.0,1.0
2021-01-05 09:45:07.130,1.0251,1.0489,36.0,1.0436,20.0,1521.0,1.0
2021-01-05 09:45:07.430,1.0251,1.0489,36.0,1.0436,20.0,1521.0,1.0
2021-01-05 09:45:08.181,1.0251,1.0489,36.0,1.0436,20.0,1521.0,1.0
2021-01-05 09:45:08.700,1.0251,1.0489,36.0,1.0436,20.0,1521.0,1.0
2021-01-05 09:45:13.220,1.0251,1.0478,16.0,1.0427,20.0,1521.0,1.0
2021-01-05 09:45:14.181,1.0251,1.0478,36.0,1.0427,20.0,1521.0,1.0
2021-01-05 09:45:14.701,1.0251,1.0478,36.0,1.0427,20.0,1521.0,1.0
2021-01-05 09:45:16.480,1.0251,1.0467,16.0,1.0417,20.0,1521.0,1.0
2021-01-05 09:45:17.220,1.0251,1.0467,36.0,1.0417,20.0,1521.0,1.0
2021-01-05 09:45:18.161,1.0251,1.0464,10.0,1.0417,20.0,1521.0,1.0
2021-01-05 09:45:19.191,1.0251,1.0464,10.0,1.0417,20.0,1521.0,1.0
2021-01-05 09:45:19.731,1.0251,1.0464,10.0,1.0417,20.0,1521.0,1.0
2021-01-05 09:45:20.240,1.0251,1.0464,10.0,1.0417,20.0,1521.0,1.0
2021-01-05 09:45:21.191,1.0251,1.0467,36.0,1.0417,20.0,1521.0,1.0
2021-01-05 09:45:23.160,1.0251,1.0467,36.0,1.0417,20.0,1521.0,1.0
2021-01-05 09:45:25.690,1.0251,1.0467,36.0,1.0417,20.0,1521.0,1.0
2021-01-05 09:45:26.220,1.0251,1.0467,36.0,1.0417,20.0,1521.0,1.0
2021-01-05 09:45:26.681,1.0251,1.0467,36.0,1.0417,20.0,1521.0,1.0
2021-01-05 09:45:27.211,1.0251,1.0467,36.0,1.0417,20.0,1521.0,1.0
2021-01-05 09:45:27.711,1.0251,1.0467,36.0,1.0417,20.0,1521.0,1.0
2021-01-05 09:45:29.140,1.0251,1.0467,20.0,1.0423,16.0,1521.0,1.0
2021-01-05 09:45:29.701,1.0251,1.0478,20.0,1.0423,16.0,1521.0,1.0
2021-01-05 09:45:31.701,1.0251,1.0478,20.0,1.0423,16.0,1521.0,1.0
2021-01-05 09:45:34.220,1.0251,1.0478,20.0,1.0423,16.0,1521.0,1.0
2021-01-05 09:45:35.190,1.0251,1.0478,20.0,1.0423,16.0,1521.0,1.0
2021-01-05 09:45:35.731,1.0251,1.0478,20.0,1.0423,18.0,1521.0,1.0
2021-01-05 09:45:37.241,1.0251,1.0478,20.0,1.0423,2.0,1521.0,1.0
2021-01-05 09:45:37.681,1.0251,1.0489,46.0,1.0434,16.0,1521.0,1.0
2021-01-05 09:45:38.240,1.0251,1.0489,46.0,1.0434,36.0,1521.0,1.0
2021-01-05 09:45:39.210,1.0251,1.0489,46.0,1.0434,36.0,1521.0,1.0
2021-01-05 09:45:40.240,1.0251,1.0489,46.0,1.0434,36.0,1521.0,1.0
2021-01-05 09:45:45.220,1.0251,1.0489,36.0,1.0434,36.0,1521.0,1.0
2021-01-05 09:46:00.730,1.0251,1.0489,16.0,1.0435,2.0,1521.0,1.0
2021-01-05 09:46:01.230,1.0251,1.0489,16.0,1.0434,36.0,1521.0,1.0
2021-01-05 09:46:02.200,1.0251,1.0501,16.0,1.0445,16.0,1521.0,1.0
2021-01-05 09:46:02.711,1.0251,1.0501,16.0,1.0445,36.0,1521.0,1.0
2021-01-05 09:46:03.731,1.0251,1.0501,16.0,1.0445,36.0,1521.0,1.0
2021-01-05 09:46:06.690,1.0251,1.0501,16.0,1.0445,36.0,1521.0,1.0
2021-01-05 09:46:10.221,1.0251,1.0501,16.0,1.0446,2.0,1521.0,1.0
2021-01-05 09:46:10.720,1.0251,1.0501,16.0,1.0445,36.0,1521.0,1.0
2021-01-05 09:46:11.181,1.0251,1.0501,16.0,1.0445,36.0,1521.0,1.0
2021-01-05 09:46:11.721,1.0251,1.0501,16.0,1.0445,36.0,1521.0,1.0
2021-01-05 09:46:12.190,1.0251,1.0514,26.0,1.0458,16.0,1521.0,1.0
2021-01-05 09:46:12.680,1.0251,1.0514,26.0,1.0458,36.0,1521.0,1.0
2021-01-05 09:46:20.210,1.0251,1.0514,16.0,1.0458,36.0,1521.0,1.0
2021-01-05 09:46:21.611,1.0251,1.0514,16.0,1.0458,36.0,1521.0,1.0
2021-01-05 09:46:22.690,1.0251,1.0514,16.0,1.0458,36.0,1521.0,1.0
2021-01-05 09:46:25.220,1.0251,1.0514,16.0,1.0458,36.0,1521.0,1.0
2021-01-05 09:46:25.651,1.0251,1.0514,16.0,1.0458,36.0,1521.0,1.0
2021-01-05 09:46:27.201,1.0251,1.0514,16.0,1.0458,36.0,1521.0,1.0
2021-01-05 09:46:29.710,1.0251,1.0514,16.0,1.0458,36.0,1521.0,1.0
2021-01-05 09:46:30.211,1.0251,1.0514,16.0,1.0458,36.0,1521.0,1.0
2021-01-05 09:46:32.640,1.0251,1.0514,16.0,1.0458,36.0,1521.0,1.0
2021-01-05 09:46:33.210,1.0251,1.0514,16.0,1.0458,36.0,1521.0,1.0
2021-01-05 09:46:36.221,1.0251,1.0514,16.0,1.0458,36.0,1521.0,1.0
2021-01-05 09:46:36.730,1.0251,1.0514,16.0,1.0458,36.0,1521.0,1.0
2021-01-05 09:46:37.750,1.0251,1.0514,16.0,1.0458,36.0,1521.0,1.0
2021-01-05 09:46:39.210,1.0251,1.0509,10.0,1.0458,36.0,1521.0,1.0
2021-01-05 09:46:39.730,1.0251,1.0509,10.0,1.0458,36.0,1521.0,1.0
2021-01-05 09:46:40.230,1.0251,1.0509,10.0,1.0458,36.0,1521.0,1.0
2021-01-05 09:46:45.711,1.0251,1.0509,10.0,1.0458,36.0,1521.0,1.0
2021-01-05 09:46:46.671,1.0251,1.0514,16.0,1.0458,36.0,1521.0,1.0
2021-01-05 09:46:49.251,1.0251,1.0514,16.0,1.0458,36.0,1521.0,1.0
2021-01-05 09:47:01.210,1.0251,1.0501,16.0,1.0458,20.0,1521.0,1.0
2021-01-05 09:47:01.721,1.0251,1.0501,36.0,1.0445,36.0,1521.0,1.0
2021-01-05 09:47:02.741,1.0251,1.049,16.0,1.0445,20.0,1521.0,1.0
2021-01-05 09:47:03.220,1.0251,1.0487,10.0,1.0435,16.0,1521.0,1.0
2021-01-05 09:47:03.220,1.0251,1.0487,10.0,1.0435,16.0,1521.0,1.0
2021-01-05 09:47:04.751,1.0251,1.0487,10.0,1.0435,36.0,1521.0,1.0
2021-01-05 09:47:05.250,1.0251,1.049,36.0,1.0435,36.0,1521.0,1.0
2021-01-05 09:47:06.750,1.0251,1.0476,16.0,1.0435,20.0,1521.0,1.0
2021-01-05 09:47:07.221,1.0251,1.0476,36.0,1.0422,20.0,1521.0,1.0
2021-01-05 09:47:07.740,1.0251,1.0476,36.0,1.0422,20.0,1521.0,1.0
2021-01-05 09:47:08.230,1.0251,1.0476,36.0,1.0422,20.0,1521.0,1.0
2021-01-05 09:47:09.751,1.0251,1.0476,36.0,1.0422,20.0,1521.0,1.0
2021-01-05 09:47:09.880,1.0251,1.0465,16.0,1.0422,20.0,1521.0,1.0
2021-01-05 09:47:10.721,1.0251,1.0465,36.0,1.0409,36.0,1521.0,1.0
2021-01-05 09:47:11.090,1.0251,1.0465,36.0,1.0409,36.0,1521.0,1.0
2021-01-05 09:47:11.751,1.0251,1.0465,36.0,1.0409,36.0,1521.0,1.0
2021-01-05 09:47:12.241,1.0251,1.0465,36.0,1.0409,36.0,1521.0,1.0
2021-01-05 09:47:12.731,1.0251,1.0465,36.0,1.0409,36.0,1521.0,1.0
2021-01-05 09:47:14.721,1.0251,1.0465,36.0,1.0409,36.0,1521.0,1.0
2021-01-05 09:47:19.111,1.0251,1.045,16.0,1.0409,20.0,1521.0,1.0
2021-01-05 09:47:19.731,1.0251,1.045,36.0,1.0398,30.0,1521.0,1.0
2021-01-05 09:47:20.160,1.0251,1.045,36.0,1.0398,30.0,1521.0,1.0
2021-01-05 09:47:20.761,1.0251,1.045,36.0,1.0398,30.0,1521.0,1.0
2021-01-05 09:47:21.260,1.0251,1.045,36.0,1.0398,30.0,1521.0,1.0
2021-01-05 09:47:21.760,1.0251,1.0443,10.0,1.0398,20.0,1521.0,1.0
2021-01-05 09:47:25.241,1.0251,1.0443,10.0,1.0398,20.0,1521.0,1.0
2021-01-05 09:47:27.721,1.0251,1.0439,16.0,1.0398,20.0,1521.0,1.0
2021-01-05 09:47:28.230,1.0251,1.0439,36.0,1.0383,36.0,1521.0,1.0
2021-01-05 09:47:29.730,1.0251,1.0439,36.0,1.0383,36.0,1521.0,1.0
2021-01-05 09:47:31.181,1.0251,1.0439,36.0,1.0383,36.0,1521.0,1.0
2021-01-05 09:47:35.740,1.0251,1.0439,36.0,1.0383,36.0,1521.0,1.0
2021-01-05 09:47:36.241,1.0251,1.0439,36.0,1.0383,36.0,1521.0,1.0
2021-01-05 09:47:37.251,1.0251,1.0439,36.0,1.0383,36.0,1521.0,1.0
2021-01-05 09:47:42.971,1.0251,1.0439,36.0,1.0383,36.0,1521.0,1.0
2021-01-05 09:47:51.781,1.0251,1.0439,20.0,1.0384,2.0,1521.0,1.0
2021-01-05 09:47:52.271,1.0251,1.0439,20.0,1.0396,16.0,1521.0,1.0
2021-01-05 09:47:52.271,1.0251,1.045,20.0,1.0396,16.0,1521.0,1.0
2021-01-05 09:47:53.231,1.0251,1.045,20.0,1.0396,36.0,1521.0,1.0
2021-01-05 09:47:54.230,1.0251,1.045,20.0,1.0396,16.0,1521.0,1.0
2021-01-05 09:47:55.241,1.0251,1.045,20.0,1.0396,16.0,1521.0,1.0
2021-01-05 09:47:56.251,1.0251,1.045,20.0,1.0396,16.0,1521.0,1.0
2021-01-05 09:47:56.751,1.0251,1.046,20.0,1.0407,16.0,1521.0,1.0
2021-01-05 09:47:57.250,1.0251,1.046,20.0,1.0407,16.0,1521.0,1.0
2021-01-05 09:47:57.250,1.0251,1.046,20.0,1.0401,20.0,1521.0,1.0
2021-01-05 09:47:58.261,1.0251,1.0448,16.0,1.0401,20.0,1521.0,1.0
2021-01-05 09:47:58.261,1.0251,1.0448,16.0,1.0393,16.0,1521.0,1.0
2021-01-05 09:47:59.000,1.0251,1.0448,16.0,1.0393,16.0,1521.0,1.0
2021-01-05 09:47:59.751,1.0251,1.0448,36.0,1.0393,16.0,1521.0,1.0
2021-01-05 09:48:01.261,1.0251,1.0448,20.0,1.039,20.0,1521.0,1.0
2021-01-05 09:48:01.791,1.0251,1.0437,16.0,1.039,20.0,1521.0,1.0
2021-01-05 09:48:02.260,1.0251,1.0437,36.0,1.039,20.0,1521.0,1.0
2021-01-05 09:48:02.781,1.0251,1.0437,36.0,1.039,20.0,1521.0,1.0
2021-01-05 09:48:02.781,1.0251,1.0437,36.0,1.0381,16.0,1521.0,1.0
2021-01-05 09:48:04.790,1.0251,1.0437,36.0,1.0381,16.0,1521.0,1.0
2021-01-05 09:48:05.290,1.0251,1.0437,36.0,1.0381,16.0,1521.0,1.0
2021-01-05 09:48:08.281,1.0251,1.0437,20.0,1.0375,20.0,1521.0,1.0
2021-01-05 09:48:08.761,1.0251,1.0425,16.0,1.0375,20.0,1521.0,1.0
2021-01-05 09:48:09.291,1.0251,1.0425,36.0,1.0375,20.0,1521.0,1.0
2021-01-05 09:48:09.751,1.0251,1.0425,36.0,1.0375,20.0,1521.0,1.0
2021-01-05 09:48:10.110,1.0251,1.0425,36.0,1.0375,20.0,1521.0,1.0
2021-01-05 09:48:10.801,1.0251,1.0425,36.0,1.0369,16.0,1521.0,1.0
2021-01-05 09:48:11.781,1.0251,1.0425,36.0,1.0369,36.0,1521.0,1.0
2021-01-05 09:48:12.751,1.0251,1.0425,36.0,1.0369,36.0,1521.0,1.0
2021-01-05 09:48:14.300,1.0251,1.0425,36.0,1.0369,36.0,1521.0,1.0
2021-01-05 09:48:14.791,1.0251,1.0425,20.0,1.0369,20.0,1521.0,1.0
2021-01-05 09:48:15.310,1.0251,1.0435,16.0,1.0381,16.0,1521.0,1.0
2021-01-05 09:48:15.831,1.0251,1.0435,36.0,1.0381,36.0,1521.0,1.0
2021-01-05 09:48:16.321,1.0251,1.0435,20.0,1.0391,16.0,1521.0,1.0
2021-01-05 09:48:16.801,1.0251,1.0445,16.0,1.0391,36.0,1521.0,1.0
2021-01-05 09:48:17.300,1.0251,1.0445,16.0,1.0391,36.0,1521.0,1.0
2021-01-05 09:48:17.840,1.0251,1.0445,16.0,1.0391,36.0,1521.0,1.0
2021-01-05 09:48:18.330,1.0251,1.0447,20.0,1.0391,20.0,1521.0,1.0
2021-01-05 09:48:18.831,1.0251,1.0455,16.0,1.0402,16.0,1521.0,1.0
2021-01-05 09:48:19.331,1.0251,1.0455,36.0,1.0402,36.0,1521.0,1.0
2021-01-05 09:48:19.800,1.0251,1.0455,36.0,1.0402,36.0,1521.0,1.0
2021-01-05 09:48:20.261,1.0251,1.0455,36.0,1.0402,36.0,1521.0,1.0
2021-01-05 09:48:25.730,1.0251,1.0455,36.0,1.0402,36.0,1521.0,1.0
2021-01-05 09:48:26.101,1.0251,1.0455,36.0,1.0407,10.0,1521.0,1.0
2021-01-05 09:48:26.621,1.0251,1.0455,20.0,1.0412,16.0,1521.0,1.0
2021-01-05 09:48:27.670,1.0251,1.0466,16.0,1.0412,36.0,1521.0,1.0
2021-01-05 09:48:28.181,1.0251,1.0468,20.0,1.0422,16.0,1521.0,1.0
2021-01-05 09:48:28.731,1.0251,1.0468,20.0,1.0422,16.0,1521.0,1.0
2021-01-05 09:48:29.121,1.0251,1.0468,20.0,1.0422,36.0,1521.0,1.0
2021-01-05 09:48:30.210,1.0251,1.0468,20.0,1.0422,36.0,1521.0,1.0
2021-01-05 09:48:31.140,1.0251,1.0468,20.0,1.0422,36.0,1521.0,1.0
2021-01-05 09:48:31.710,1.0251,1.0476,26.0,1.0422,36.0,1521.0,1.0
2021-01-05 09:48:32.200,1.0251,1.0476,10.0,1.0433,16.0,1521.0,1.0
2021-01-05 09:48:32.700,1.0251,1.0487,16.0,1.0433,16.0,1521.0,1.0
2021-01-05 09:48:33.130,1.0251,1.0487,16.0,1.0433,36.0,1521.0,1.0
2021-01-05 09:48:33.680,1.0251,1.0487,16.0,1.0433,16.0,1521.0,1.0
2021-01-05 09:48:34.141,1.0251,1.0487,16.0,1.0433,36.0,1521.0,1.0
2021-01-05 09:48:34.721,1.0251,1.0487,16.0,1.0433,16.0,1521.0,1.0
2021-01-05 09:48:35.220,1.0251,1.0487,16.0,1.0433,36.0,1521.0,1.0
2021-01-05 09:48:35.691,1.0251,1.0487,16.0,1.0433,16.0,1521.0,1.0
2021-01-05 09:48:36.200,1.0251,1.0487,16.0,1.0433,36.0,1521.0,1.0
2021-01-05 09:48:36.730,1.0251,1.0487,16.0,1.0433,16.0,1521.0,1.0
2021-01-05 09:48:37.211,1.0251,1.0487,16.0,1.0433,16.0,1521.0,1.0
2021-01-05 09:48:37.491,1.0251,1.0479,10.0,1.0433,16.0,1521.0,1.0
2021-01-05 09:48:38.211,1.0251,1.0479,10.0,1.0433,36.0,1521.0,1.0
2021-01-05 09:48:38.690,1.0251,1.0479,10.0,1.0433,36.0,1521.0,1.0
2021-01-05 09:48:39.600,1.0251,1.0479,30.0,1.0433,36.0,1521.0,1.0
2021-01-05 09:48:41.231,1.0251,1.0479,30.0,1.0433,36.0,1521.0,1.0
2021-01-05 09:48:42.321,1.0251,1.0479,20.0,1.0433,36.0,1521.0,1.0
2021-01-05 09:48:43.740,1.0251,1.0487,16.0,1.0433,36.0,1521.0,1.0
2021-01-05 09:48:44.701,1.0251,1.0487,16.0,1.0433,36.0,1521.0,1.0
2021-01-05 09:48:47.021,1.0251,1.0487,16.0,1.0433,36.0,1521.0,1.0
2021-01-05 09:48:47.911,1.0251,1.0487,16.0,1.0433,36.0,1521.0,1.0
2021-01-05 09:48:48.330,1.0251,1.0487,16.0,1.0433,36.0,1521.0,1.0
2021-01-05 09:48:49.361,1.0251,1.0487,16.0,1.0433,36.0,1521.0,1.0
2021-01-05 09:48:50.030,1.0251,1.0487,16.0,1.0433,36.0,1521.0,1.0
2021-01-05 09:48:51.540,1.0251,1.0487,16.0,1.0434,2.0,1521.0,1.0
2021-01-05 09:48:52.020,1.0251,1.0487,16.0,1.0434,2.0,1521.0,1.0
2021-01-05 09:48:52.510,1.0251,1.0489,20.0,1.0443,16.0,1521.0,1.0
2021-01-05 09:48:52.700,1.0251,1.0489,20.0,1.0443,36.0,1521.0,1.0
2021-01-05 09:48:53.150,1.0251,1.0489,20.0,1.0443,36.0,1521.0,1.0
2021-01-05 09:48:53.691,1.0251,1.0489,20.0,1.0444,2.0,1521.0,1.0
2021-01-05 09:48:54.091,1.0251,1.0489,20.0,1.0444,2.0,1521.0,1.0
2021-01-05 09:48:57.171,1.0251,1.0489,20.0,1.0444,2.0,1521.0,1.0
2021-01-05 09:48:58.160,1.0251,1.0503,20.0,1.0456,16.0,1521.0,1.0
2021-01-05 09:48:58.750,1.0251,1.0503,20.0,1.0456,18.0,1521.0,1.0
2021-01-05 09:48:59.161,1.0251,1.0503,20.0,1.0456,36.0,1521.0,1.0
2021-01-05 09:48:59.691,1.0251,1.0503,20.0,1.0456,16.0,1521.0,1.0
2021-01-05 09:49:00.260,1.0251,1.0503,20.0,1.0456,36.0,1521.0,1.0
2021-01-05 09:49:00.761,1.0251,1.0503,20.0,1.0456,16.0,1521.0,1.0
2021-01-05 09:49:00.821,1.0251,1.0503,20.0,1.0456,36.0,1521.0,1.0
2021-01-05 09:49:01.620,1.0251,1.0503,20.0,1.0456,16.0,1521.0,1.0
2021-01-05 09:49:02.261,1.0251,1.0503,20.0,1.0456,36.0,1521.0,1.0
2021-01-05 09:49:02.790,1.0251,1.0503,20.0,1.0456,36.0,1521.0,1.0
2021-01-05 09:49:03.291,1.0251,1.0503,20.0,1.0456,36.0,1521.0,1.0
2021-01-05 09:49:03.760,1.0251,1.0503,20.0,1.0456,36.0,1521.0,1.0
2021-01-05 09:49:04.780,1.0251,1.0503,20.0,1.0456,36.0,1521.0,1.0
2021-01-05 09:49:08.301,1.0251,1.0503,20.0,1.0456,20.0,1521.0,1.0
2021-01-05 09:49:08.830,1.0251,1.0499,16.0,1.0445,16.0,1521.0,1.0
2021-01-05 09:49:09.320,1.0251,1.0499,36.0,1.0445,36.0,1521.0,1.0
2021-01-05 09:49:09.821,1.0251,1.0499,20.0,1.0445,20.0,1521.0,1.0
2021-01-05 09:49:09.821,1.0251,1.0489,16.0,1.0435,36.0,1521.0,1.0
2021-01-05 09:49:10.831,1.0251,1.0489,36.0,1.0435,36.0,1521.0,1.0
2021-01-05 09:49:11.850,1.0251,1.0489,36.0,1.0435,36.0,1521.0,1.0
2021-01-05 09:49:12.850,1.0251,1.0498,20.0,1.0435,20.0,1521.0,1.0
2021-01-05 09:49:13.310,1.0251,1.05,16.0,1.0446,16.0,1521.0,1.0
2021-01-05 09:49:13.851,1.0251,1.05,36.0,1.0446,36.0,1521.0,1.0
2021-01-05 09:49:15.340,1.0251,1.05,36.0,1.0446,36.0,1521.0,1.0
2021-01-05 09:49:15.851,1.0251,1.05,36.0,1.0446,36.0,1521.0,1.0
2021-01-05 09:49:20.840,1.0251,1.05,36.0,1.0446,38.0,1521.0,1.0
2021-01-05 09:49:24.661,1.0251,1.05,20.0,1.0456,16.0,1521.0,1.0
2021-01-05 09:49:25.710,1.0251,1.051,16.0,1.0456,36.0,1521.0,1.0
2021-01-05 09:49:29.210,1.0251,1.051,16.0,1.0456,36.0,1521.0,1.0
2021-01-05 09:49:30.640,1.0251,1.051,16.0,1.0456,36.0,1521.0,1.0
2021-01-05 09:49:35.711,1.0251,1.051,16.0,1.0456,38.0,1521.0,1.0
2021-01-05 09:49:35.711,1.0251,1.051,16.0,1.0456,38.0,1521.0,1.0
2021-01-05 09:49:38.061,1.0251,1.0513,20.0,1.0468,16.0,1521.0,1.0
2021-01-05 09:49:38.720,1.0251,1.0513,20.0,1.0468,16.0,1521.0,1.0
2021-01-05 09:49:39.231,1.0251,1.0513,20.0,1.0468,36.0,1521.0,1.0
2021-01-05 09:49:44.760,1.0251,1.0513,20.0,1.0468,36.0,1521.0,1.0
2021-01-05 09:49:46.610,1.0251,1.0513,20.0,1.0468,36.0,1521.0,1.0
2021-01-05 09:49:47.691,1.0251,1.0513,20.0,1.0468,36.0,1521.0,1.0
2021-01-05 09:49:50.711,1.0251,1.0513,20.0,1.0468,36.0,1521.0,1.0
2021-01-05 09:49:51.760,1.0251,1.0513,20.0,1.0468,36.0,1521.0,1.0
2021-01-05 09:49:53.731,1.0251,1.0509,16.0,1.0468,20.0,1521.0,1.0
2021-01-05 09:49:54.231,1.0251,1.0509,16.0,1.0456,36.0,1521.0,1.0
2021-01-05 09:49:54.721,1.0251,1.0509,16.0,1.0456,36.0,1521.0,1.0
2021-01-05 09:49:55.210,1.0251,1.0509,16.0,1.0456,36.0,1521.0,1.0
2021-01-05 09:49:56.230,1.0251,1.0509,16.0,1.0456,36.0,1521.0,1.0
2021-01-05 09:49:57.141,1.0251,1.0499,16.0,1.0456,20.0,1521.0,1.0
2021-01-05 09:49:57.631,1.0251,1.0499,36.0,1.0445,36.0,1521.0,1.0
2021-01-05 09:49:58.240,1.0251,1.0499,36.0,1.0446,2.0,1521.0,1.0
2021-01-05 09:49:58.680,1.0251,1.0499,36.0,1.0445,36.0,1521.0,1.0
2021-01-05 09:49:59.731,1.0251,1.0489,16.0,1.0445,20.0,1521.0,1.0
2021-01-05 09:50:00.720,1.0251,1.0489,36.0,1.0435,36.0,1521.0,1.0
2021-01-05 09:50:01.231,1.0251,1.0489,36.0,1.0436,2.0,1521.0,1.0
2021-01-05 09:50:02.241,1.0251,1.0489,36.0,1.0435,36.0,1521.0,1.0
2021-01-05 09:50:02.680,1.0251,1.0489,36.0,1.0435,36.0,1521.0,1.0
2021-01-05 09:50:04.241,1.0251,1.0473,16.0,1.0422,20.0,1521.0,1.0
2021-01-05 09:50:04.710,1.0251,1.0473,16.0,1.0422,20.0,1521.0,1.0
2021-01-05 09:50:05.231,1.0251,1.0473,36.0,1.0422,20.0,1521.0,1.0
2021-01-05 09:50:05.690,1.0251,1.0463,16.0,1.0422,20.0,1521.0,1.0
2021-01-05 09:50:06.180,1.0251,1.0463,16.0,1.0409,46.0,1521.0,1.0
2021-01-05 09:50:06.710,1.0251,1.0463,16.0,1.041,2.0,1521.0,1.0
2021-01-05 09:50:07.211,1.0251,1.0473,20.0,1.0422,16.0,1521.0,1.0
2021-01-05 09:50:07.740,1.0251,1.0473,20.0,1.0422,36.0,1521.0,1.0
2021-01-05 09:50:08.760,1.0251,1.0473,20.0,1.0422,36.0,1521.0,1.0
2021-01-05 09:50:11.761,1.0251,1.0473,20.0,1.0423,2.0,1521.0,1.0
2021-01-05 09:50:12.170,1.0251,1.0473,20.0,1.0422,36.0,1521.0,1.0
2021-01-05 09:50:12.761,1.0251,1.0473,20.0,1.0422,36.0,1521.0,1.0
2021-01-05 09:50:13.230,1.0251,1.0473,20.0,1.0422,36.0,1521.0,1.0
2021-01-05 09:50:13.670,1.0251,1.0473,20.0,1.0422,16.0,1521.0,1.0
2021-01-05 09:50:14.241,1.0251,1.0464,16.0,1.042,20.0,1521.0,1.0
2021-01-05 09:50:14.700,1.0251,1.0464,16.0,1.042,20.0,1521.0,1.0
2021-01-05 09:50:15.211,1.0251,1.0464,16.0,1.042,20.0,1521.0,1.0
2021-01-05 09:50:16.191,1.0251,1.0464,36.0,1.041,16.0,1521.0,1.0
2021-01-05 09:50:16.761,1.0251,1.0464,36.0,1.0418,2.0,1521.0,1.0
2021-01-05 09:50:17.230,1.0251,1.0464,36.0,1.0415,2.0,1521.0,1.0
2021-01-05 09:50:17.691,1.0251,1.0464,36.0,1.0418,20.0,1521.0,1.0
2021-01-05 09:50:18.271,1.0251,1.0464,16.0,1.0418,20.0,1521.0,1.0
2021-01-05 09:50:18.740,1.0251,1.0464,16.0,1.0415,2.0,1521.0,1.0
2021-01-05 09:50:19.260,1.0251,1.0464,16.0,1.0412,2.0,1521.0,1.0
2021-01-05 09:50:19.700,1.0251,1.0464,16.0,1.0412,2.0,1521.0,1.0
2021-01-05 09:50:20.231,1.0251,1.0473,20.0,1.042,16.0,1521.0,1.0
2021-01-05 09:50:20.680,1.0251,1.0473,20.0,1.042,16.0,1521.0,1.0
2021-01-05 09:50:21.251,1.0251,1.0473,20.0,1.042,36.0,1521.0,1.0
2021-01-05 09:50:21.681,1.0251,1.0473,20.0,1.042,36.0,1521.0,1.0
2021-01-05 09:50:22.250,1.0251,1.0473,20.0,1.042,36.0,1521.0,1.0
2021-01-05 09:50:22.661,1.0251,1.0473,20.0,1.042,36.0,1521.0,1.0
2021-01-05 09:50:23.220,1.0251,1.0474,16.0,1.042,36.0,1521.0,1.0
2021-01-05 09:50:24.240,1.0251,1.0474,16.0,1.0421,2.0,1521.0,1.0
2021-01-05 09:50:24.720,1.0251,1.0474,16.0,1.042,36.0,1521.0,1.0
2021-01-05 09:50:25.740,1.0251,1.0474,16.0,1.042,38.0,1521.0,1.0
2021-01-05 09:50:28.731,1.0251,1.0482,20.0,1.0432,16.0,1521.0,1.0
2021-01-05 09:50:29.160,1.0251,1.0482,20.0,1.0432,36.0,1521.0,1.0
2021-01-05 09:50:29.730,1.0251,1.0482,20.0,1.0432,36.0,1521.0,1.0
2021-01-05 09:50:30.741,1.0251,1.0482,20.0,1.0432,36.0,1521.0,1.0
2021-01-05 09:50:34.241,1.0251,1.0482,20.0,1.0432,36.0,1521.0,1.0
2021-01-05 09:50:37.221,1.0251,1.0476,16.0,1.0432,20.0,1521.0,1.0
2021-01-05 09:50:37.711,1.0251,1.0476,16.0,1.0422,16.0,1521.0,1.0
2021-01-05 09:50:38.260,1.0251,1.0476,16.0,1.0422,16.0,1521.0,1.0
2021-01-05 09:50:39.591,1.0251,1.0476,16.0,1.0422,16.0,1521.0,1.0
2021-01-05 09:50:42.260,1.0251,1.0476,16.0,1.0423,2.0,1521.0,1.0
2021-01-05 09:50:42.730,1.0251,1.0476,16.0,1.0422,16.0,1521.0,1.0
2021-01-05 09:50:43.760,1.0251,1.0474,10.0,1.0422,16.0,1521.0,1.0
2021-01-05 09:50:44.250,1.0251,1.0474,10.0,1.0422,16.0,1521.0,1.0
2021-01-05 09:50:44.751,1.0251,1.0474,10.0,1.0422,16.0,1521.0,1.0
2021-01-05 09:50:45.191,1.0251,1.0474,10.0,1.0422,16.0,1521.0,1.0
2021-01-05 09:50:45.681,1.0251,1.0474,10.0,1.0422,16.0,1521.0,1.0
2021-01-05 09:50:48.770,1.0251,1.0474,10.0,1.0422,16.0,1521.0,1.0
2021-01-05 09:50:49.771,1.0251,1.0476,16.0,1.0422,16.0,1521.0,1.0
2021-01-05 09:50:52.230,1.0251,1.0476,16.0,1.0422,16.0,1521.0,1.0
2021-01-05 09:50:54.680,1.0251,1.0476,16.0,1.0422,16.0,1521.0,1.0
2021-01-05 09:50:55.221,1.0251,1.0476,16.0,1.0422,16.0,1521.0,1.0
2021-01-05 09:50:55.640,1.0251,1.0476,16.0,1.0422,16.0,1521.0,1.0
2021-01-05 09:50:56.241,1.0251,1.0466,16.0,1.042,20.0,1521.0,1.0
2021-01-05 09:50:56.691,1.0251,1.0466,36.0,1.042,20.0,1521.0,1.0
2021-01-05 09:50:57.221,1.0251,1.0466,36.0,1.042,20.0,1521.0,1.0
2021-01-05 09:50:58.130,1.0251,1.0466,36.0,1.042,20.0,1521.0,1.0
2021-01-05 09:50:59.740,1.0251,1.0466,36.0,1.042,20.0,1521.0,1.0
2021-01-05 09:51:00.260,1.0251,1.048,16.0,1.0426,16.0,1521.0,1.0
2021-01-05 09:51:00.710,1.0251,1.048,16.0,1.0426,16.0,1521.0,1.0
2021-01-05 09:51:01.670,1.0251,1.048,16.0,1.0426,16.0,1521.0,1.0
2021-01-05 09:51:04.731,1.0251,1.048,16.0,1.0426,16.0,1521.0,1.0
2021-01-05 09:51:05.751,1.0251,1.047,16.0,1.042,20.0,1521.0,1.0
2021-01-05 09:51:06.260,1.0251,1.047,36.0,1.042,20.0,1521.0,1.0
2021-01-05 09:51:06.740,1.0251,1.047,36.0,1.042,20.0,1521.0,1.0
2021-01-05 09:51:07.251,1.0251,1.047,36.0,1.042,20.0,1521.0,1.0
2021-01-05 09:51:08.010,1.0251,1.047,36.0,1.042,20.0,1521.0,1.0
2021-01-05 09:51:09.750,1.0251,1.047,36.0,1.042,20.0,1521.0,1.0
2021-01-05 09:51:10.260,1.0251,1.047,36.0,1.042,20.0,1521.0,1.0
2021-01-05 09:51:10.761,1.0251,1.047,36.0,1.042,20.0,1521.0,1.0
2021-01-05 09:51:11.270,1.0251,1.047,20.0,1.042,20.0,1521.0,1.0
2021-01-05 09:51:11.681,1.0251,1.0482,20.0,1.0431,16.0,1521.0,1.0
2021-01-05 09:51:12.271,1.0251,1.0482,20.0,1.0431,16.0,1521.0,1.0
2021-01-05 09:51:12.271,1.0251,1.0482,20.0,1.0432,2.0,1521.0,1.0
2021-01-05 09:51:13.291,1.0251,1.0482,20.0,1.0432,2.0,1521.0,1.0
2021-01-05 09:51:13.291,1.0251,1.0499,16.0,1.0445,16.0,1521.0,1.0
2021-01-05 09:51:14.280,1.0251,1.0499,16.0,1.0445,36.0,1521.0,1.0
2021-01-05 09:51:15.250,1.0251,1.0499,16.0,1.0445,36.0,1521.0,1.0
2021-01-05 09:51:15.771,1.0251,1.0499,16.0,1.0445,36.0,1521.0,1.0
2021-01-05 09:51:18.311,1.0251,1.0499,16.0,1.0445,36.0,1521.0,1.0
2021-01-05 09:51:19.260,1.0251,1.0488,16.0,1.0445,20.0,1521.0,1.0
2021-01-05 09:51:19.800,1.0251,1.0488,16.0,1.0445,20.0,1521.0,1.0
2021-01-05 09:51:20.261,1.0251,1.0488,16.0,1.0445,20.0,1521.0,1.0
2021-01-05 09:51:20.810,1.0251,1.0488,16.0,1.0434,16.0,1521.0,1.0
2021-01-05 09:51:21.311,1.0251,1.0488,16.0,1.0434,16.0,1521.0,1.0
2021-01-05 09:51:21.780,1.0251,1.0488,16.0,1.0435,2.0,1521.0,1.0
2021-01-05 09:51:21.780,1.0251,1.0498,16.0,1.0444,16.0,1521.0,1.0
2021-01-05 09:51:23.000,1.0251,1.0498,16.0,1.0444,36.0,1521.0,1.0
2021-01-05 09:51:26.771,1.0251,1.0498,16.0,1.0444,36.0,1521.0,1.0
2021-01-05 09:51:27.161,1.0251,1.0498,16.0,1.0446,10.0,1521.0,1.0
2021-01-05 09:51:27.770,1.0251,1.0498,16.0,1.0446,10.0,1521.0,1.0
2021-01-05 09:51:28.250,1.0251,1.0498,16.0,1.0446,12.0,1521.0,1.0
2021-01-05 09:51:29.271,1.0251,1.0506,20.0,1.0446,12.0,1521.0,1.0
2021-01-05 09:51:29.770,1.0251,1.0508,16.0,1.0454,16.0,1521.0,1.0
2021-01-05 09:51:29.770,1.0251,1.0508,16.0,1.0454,36.0,1521.0,1.0
2021-01-05 09:51:30.260,1.0251,1.0508,16.0,1.0454,36.0,1521.0,1.0
2021-01-05 09:51:32.780,1.0251,1.0508,16.0,1.0454,38.0,1521.0,1.0
2021-01-05 09:51:33.291,1.0251,1.0508,16.0,1.0454,36.0,1521.0,1.0
2021-01-05 09:51:33.510,1.0251,1.0508,16.0,1.0454,36.0,1521.0,1.0
2021-01-05 09:51:36.761,1.0251,1.0508,16.0,1.0454,38.0,1521.0,1.0
2021-01-05 09:51:37.791,1.0251,1.0508,16.0,1.0454,38.0,1521.0,1.0
2021-01-05 09:51:39.771,1.0251,1.0515,30.0,1.0454,22.0,1521.0,1.0
2021-01-05 09:51:40.240,1.0251,1.0515,30.0,1.0464,16.0,1521.0,1.0
2021-01-05 09:51:40.791,1.0251,1.0515,30.0,1.0464,36.0,1521.0,1.0
2021-01-05 09:51:42.261,1.0251,1.0515,30.0,1.0464,36.0,1521.0,1.0
2021-01-05 09:51:43.260,1.0251,1.0515,20.0,1.0467,10.0,1521.0,1.0
2021-01-05 09:51:45.281,1.0251,1.0515,20.0,1.0467,10.0,1521.0,1.0
2021-01-05 09:51:45.811,1.0251,1.0515,20.0,1.0467,10.0,1521.0,1.0
2021-01-05 09:51:46.311,1.0251,1.0515,20.0,1.0467,10.0,1521.0,1.0
2021-01-05 09:51:46.800,1.0251,1.0505,16.0,1.0467,10.0,1521.0,1.0
2021-01-05 09:51:47.331,1.0251,1.0505,36.0,1.0467,10.0,1521.0,1.0
2021-01-05 09:51:49.221,1.0251,1.0505,36.0,1.0467,10.0,1521.0,1.0
2021-01-05 09:51:49.820,1.0251,1.0505,36.0,1.0467,10.0,1521.0,1.0
2021-01-05 09:51:51.301,1.0251,1.0505,36.0,1.0464,20.0,1521.0,1.0
2021-01-05 09:51:51.830,1.0251,1.0505,36.0,1.0452,16.0,1521.0,1.0
2021-01-05 09:51:52.301,1.0251,1.0505,20.0,1.0444,30.0,1521.0,1.0
2021-01-05 09:51:52.731,1.0251,1.0494,16.0,1.0444,30.0,1521.0,1.0
2021-01-05 09:51:53.140,1.0251,1.0494,16.0,1.0444,20.0,1521.0,1.0
2021-01-05 09:51:53.730,1.0251,1.0494,16.0,1.0444,20.0,1521.0,1.0
2021-01-05 09:51:54.711,1.0251,1.0494,16.0,1.0444,20.0,1521.0,1.0
2021-01-05 09:51:55.751,1.0251,1.0494,16.0,1.0444,20.0,1521.0,1.0
2021-01-05 09:51:56.740,1.0251,1.0494,16.0,1.0444,20.0,1521.0,1.0
2021-01-05 09:51:58.740,1.0251,1.0494,16.0,1.0444,20.0,1521.0,1.0
2021-01-05 09:52:00.250,1.0251,1.0504,16.0,1.0451,16.0,1521.0,1.0
2021-01-05 09:52:00.740,1.0251,1.0504,16.0,1.0451,16.0,1521.0,1.0
2021-01-05 09:52:02.250,1.0251,1.0504,16.0,1.0451,16.0,1521.0,1.0
2021-01-05 09:52:05.740,1.0251,1.0504,16.0,1.0451,16.0,1521.0,1.0
2021-01-05 09:52:08.180,1.0251,1.0495,10.0,1.0451,16.0,1521.0,1.0
2021-01-05 09:52:09.081,1.0251,1.0495,30.0,1.0451,16.0,1521.0,1.0
2021-01-05 09:52:11.761,1.0251,1.0495,30.0,1.0451,18.0,1521.0,1.0
2021-01-05 09:52:13.721,1.0251,1.0495,30.0,1.0451,16.0,1521.0,1.0
2021-01-05 09:52:20.270,1.0251,1.0495,10.0,1.0451,16.0,1521.0,1.0
2021-01-05 09:52:21.370,1.0251,1.0495,10.0,1.0452,2.0,1521.0,1.0
2021-01-05 09:52:22.271,1.0251,1.0495,10.0,1.0451,16.0,1521.0,1.0
2021-01-05 09:52:23.241,1.0251,1.0495,10.0,1.0452,2.0,1521.0,1.0
2021-01-05 09:52:23.751,1.0251,1.0495,10.0,1.0451,16.0,1521.0,1.0
2021-01-05 09:52:24.311,1.0251,1.0495,10.0,1.0451,16.0,1521.0,1.0
2021-01-05 09:52:24.851,1.0251,1.0495,10.0,1.0451,16.0,1521.0,1.0
2021-01-05 09:52:25.741,1.0251,1.0495,10.0,1.0452,2.0,1521.0,1.0
2021-01-05 09:52:26.100,1.0251,1.0495,10.0,1.0451,16.0,1521.0,1.0
2021-01-05 09:52:27.251,1.0251,1.0495,10.0,1.0451,16.0,1521.0,1.0
2021-01-05 09:52:27.760,1.0251,1.0495,10.0,1.0451,16.0,1521.0,1.0
2021-01-05 09:52:28.271,1.0251,1.0495,30.0,1.0451,16.0,1521.0,1.0
2021-01-05 09:52:28.761,1.0251,1.0504,16.0,1.0451,16.0,1521.0,1.0
2021-01-05 09:52:29.251,1.0251,1.0496,20.0,1.0451,16.0,1521.0,1.0
2021-01-05 09:52:29.681,1.0251,1.0504,16.0,1.0451,16.0,1521.0,1.0
2021-01-05 09:52:30.271,1.0251,1.0504,16.0,1.0451,18.0,1521.0,1.0
2021-01-05 09:52:36.301,1.0251,1.0515,20.0,1.0451,2.0,1521.0,1.0
2021-01-05 09:52:36.770,1.0251,1.0515,20.0,1.0462,16.0,1521.0,1.0
2021-01-05 09:52:37.300,1.0251,1.0515,20.0,1.0462,36.0,1521.0,1.0
2021-01-05 09:52:37.761,1.0251,1.0515,20.0,1.0462,36.0,1521.0,1.0
2021-01-05 09:52:38.251,1.0251,1.0515,20.0,1.0462,36.0,1521.0,1.0
2021-01-05 09:52:38.700,1.0251,1.0515,20.0,1.0462,36.0,1521.0,1.0
2021-01-05 09:52:39.801,1.0251,1.0515,20.0,1.0463,2.0,1521.0,1.0
2021-01-05 09:52:41.780,1.0251,1.0515,20.0,1.0463,2.0,1521.0,1.0
2021-01-05 09:52:42.291,1.0251,1.0517,10.0,1.0463,2.0,1521.0,1.0
2021-01-05 09:52:42.790,1.0251,1.0517,10.0,1.0472,16.0,1521.0,1.0
2021-01-05 09:52:43.290,1.0251,1.0517,10.0,1.0473,2.0,1521.0,1.0
2021-01-05 09:52:43.791,1.0251,1.0517,10.0,1.0473,2.0,1521.0,1.0
2021-01-05 09:52:44.020,1.0251,1.0517,10.0,1.0472,36.0,1521.0,1.0
2021-01-05 09:52:44.710,1.0251,1.0517,10.0,1.0472,36.0,1521.0,1.0
2021-01-05 09:52:44.781,1.0251,1.0525,16.0,1.0472,36.0,1521.0,1.0
2021-01-05 09:52:45.791,1.0251,1.0525,16.0,1.0472,36.0,1521.0,1.0
2021-01-05 09:52:46.800,1.0251,1.0525,16.0,1.0472,36.0,1521.0,1.0
2021-01-05 09:52:47.301,1.0251,1.0525,16.0,1.0472,36.0,1521.0,1.0
2021-01-05 09:52:47.810,1.0251,1.0525,16.0,1.0472,36.0,1521.0,1.0
2021-01-05 09:52:48.331,1.0251,1.0533,20.0,1.0473,2.0,1521.0,1.0
2021-01-05 09:52:48.800,1.0251,1.0536,16.0,1.0482,16.0,1521.0,1.0
2021-01-05 09:52:49.211,1.0251,1.0536,16.0,1.0482,36.0,1521.0,1.0
2021-01-05 09:52:49.820,1.0251,1.0536,16.0,1.0482,36.0,1521.0,1.0
2021-01-05 09:52:50.321,1.0251,1.0536,16.0,1.0483,2.0,1521.0,1.0
2021-01-05 09:52:50.801,1.0251,1.0536,16.0,1.0483,2.0,1521.0,1.0
2021-01-05 09:52:51.280,1.0251,1.0536,16.0,1.0482,36.0,1521.0,1.0
2021-01-05 09:52:51.820,1.0251,1.0536,16.0,1.0482,36.0,1521.0,1.0
2021-01-05 09:52:53.231,1.0251,1.052,16.0,1.0466,16.0,1521.0,1.0
2021-01-05 09:52:53.760,1.0251,1.052,16.0,1.0472,20.0,1521.0,1.0
2021-01-05 09:52:55.760,1.0251,1.052,16.0,1.0472,20.0,1521.0,1.0
2021-01-05 09:52:57.260,1.0251,1.052,16.0,1.0472,20.0,1521.0,1.0
2021-01-05 09:52:58.770,1.0251,1.052,16.0,1.0466,16.0,1521.0,1.0
2021-01-05 09:52:59.260,1.0251,1.052,16.0,1.0466,16.0,1521.0,1.0
2021-01-05 09:52:59.711,1.0251,1.052,16.0,1.0466,16.0,1521.0,1.0
2021-01-05 09:52:59.761,1.0251,1.052,16.0,1.0466,16.0,1521.0,1.0
2021-01-05 09:53:01.041,1.0251,1.052,16.0,1.0466,16.0,1521.0,1.0
2021-01-05 09:53:03.200,1.0251,1.052,36.0,1.0466,16.0,1521.0,1.0
2021-01-05 09:53:04.770,1.0251,1.052,36.0,1.0466,16.0,1521.0,1.0
2021-01-05 09:53:05.281,1.0251,1.052,36.0,1.0466,16.0,1521.0,1.0
2021-01-05 09:53:06.760,1.0251,1.052,36.0,1.0466,16.0,1521.0,1.0
2021-01-05 09:53:08.020,1.0251,1.053,16.0,1.0476,16.0,1521.0,1.0
2021-01-05 09:53:09.301,1.0251,1.053,16.0,1.0476,36.0,1521.0,1.0
2021-01-05 09:53:12.790,1.0251,1.0519,16.0,1.0476,20.0,1521.0,1.0
2021-01-05 09:53:13.801,1.0251,1.0519,16.0,1.0476,20.0,1521.0,1.0
2021-01-05 09:53:14.271,1.0251,1.0519,36.0,1.0466,16.0,1521.0,1.0
2021-01-05 09:53:15.320,1.0251,1.0509,16.0,1.0455,16.0,1521.0,1.0
2021-01-05 09:53:15.810,1.0251,1.0509,16.0,1.0455,16.0,1521.0,1.0
2021-01-05 09:53:16.321,1.0251,1.0509,16.0,1.0456,2.0,1521.0,1.0
2021-01-05 09:53:16.821,1.0251,1.0509,16.0,1.0456,2.0,1521.0,1.0
2021-01-05 09:53:17.161,1.0251,1.0509,16.0,1.0456,22.0,1521.0,1.0
2021-01-05 09:53:17.820,1.0251,1.0533,10.0,1.0456,22.0,1521.0,1.0
2021-01-05 09:53:18.300,1.0251,1.0519,16.0,1.0465,16.0,1521.0,1.0
2021-01-05 09:53:18.811,1.0251,1.0519,16.0,1.0465,36.0,1521.0,1.0
2021-01-05 09:53:18.811,1.0251,1.0519,16.0,1.0466,2.0,1521.0,1.0
2021-01-05 09:53:19.810,1.0251,1.0519,16.0,1.0466,12.0,1521.0,1.0
2021-01-05 09:53:20.830,1.0251,1.0519,16.0,1.0466,12.0,1521.0,1.0
2021-01-05 09:53:22.311,1.0251,1.0519,16.0,1.0466,12.0,1521.0,1.0
2021-01-05 09:53:23.170,1.0251,1.0519,16.0,1.0466,10.0,1521.0,1.0
2021-01-05 09:53:24.140,1.0251,1.0519,16.0,1.0467,2.0,1521.0,1.0
2021-01-05 09:53:25.191,1.0251,1.0519,16.0,1.0467,2.0,1521.0,1.0
2021-01-05 09:53:25.581,1.0251,1.0519,16.0,1.0467,2.0,1521.0,1.0
2021-01-05 09:53:27.730,1.0251,1.0519,16.0,1.0466,10.0,1521.0,1.0
2021-01-05 09:53:28.230,1.0251,1.0519,16.0,1.0466,10.0,1521.0,1.0
2021-01-05 09:53:28.750,1.0251,1.0509,16.0,1.0465,20.0,1521.0,1.0
2021-01-05 09:53:29.711,1.0251,1.0509,16.0,1.0456,20.0,1521.0,1.0
2021-01-05 09:53:30.211,1.0251,1.0509,16.0,1.0457,2.0,1521.0,1.0
2021-01-05 09:53:32.001,1.0251,1.0509,16.0,1.0457,2.0,1521.0,1.0
2021-01-05 09:53:33.240,1.0251,1.0509,16.0,1.0457,2.0,1521.0,1.0
2021-01-05 09:53:33.640,1.0251,1.0514,20.0,1.0465,16.0,1521.0,1.0
2021-01-05 09:53:34.541,1.0251,1.0514,20.0,1.0465,36.0,1521.0,1.0
2021-01-05 09:53:35.121,1.0251,1.0514,20.0,1.0465,36.0,1521.0,1.0
2021-01-05 09:53:38.100,1.0251,1.0514,20.0,1.0465,38.0,1521.0,1.0
2021-01-05 09:53:38.761,1.0251,1.0519,16.0,1.0465,38.0,1521.0,1.0
2021-01-05 09:53:39.261,1.0251,1.0519,16.0,1.0465,36.0,1521.0,1.0
2021-01-05 09:53:39.770,1.0251,1.0519,16.0,1.0465,36.0,1521.0,1.0
2021-01-05 09:53:40.271,1.0251,1.0519,16.0,1.0465,36.0,1521.0,1.0
2021-01-05 09:53:40.771,1.0251,1.0519,16.0,1.0465,36.0,1521.0,1.0
2021-01-05 09:53:41.211,1.0251,1.0519,16.0,1.0465,36.0,1521.0,1.0
2021-01-05 09:53:41.850,1.0251,1.0519,16.0,1.0465,36.0,1521.0,1.0
2021-01-05 09:53:44.801,1.0251,1.0519,16.0,1.0465,36.0,1521.0,1.0
2021-01-05 09:53:45.800,1.0251,1.0519,16.0,1.0465,36.0,1521.0,1.0
2021-01-05 09:53:48.261,1.0251,1.0524,20.0,1.0465,20.0,1521.0,1.0
2021-01-05 09:53:48.801,1.0251,1.0508,16.0,1.0456,20.0,1521.0,1.0
2021-01-05 09:53:49.281,1.0251,1.0508,16.0,1.0455,16.0,1521.0,1.0
2021-01-05 09:53:49.811,1.0251,1.0508,16.0,1.0455,16.0,1521.0,1.0
2021-01-05 09:53:50.280,1.0251,1.0508,16.0,1.0455,16.0,1521.0,1.0
2021-01-05 09:53:50.820,1.0251,1.0508,16.0,1.0455,36.0,1521.0,1.0
2021-01-05 09:53:51.310,1.0251,1.0508,36.0,1.0455,36.0,1521.0,1.0
2021-01-05 09:53:52.311,1.0251,1.0508,36.0,1.0455,36.0,1521.0,1.0
2021-01-05 09:53:52.710,1.0251,1.0508,36.0,1.0455,36.0,1521.0,1.0
2021-01-05 09:53:53.721,1.0251,1.0508,36.0,1.0455,36.0,1521.0,1.0
2021-01-05 09:53:54.230,1.0251,1.0508,36.0,1.0456,2.0,1521.0,1.0
2021-01-05 09:53:55.730,1.0251,1.0508,36.0,1.0455,36.0,1521.0,1.0
2021-01-05 09:53:56.220,1.0251,1.0508,36.0,1.0455,38.0,1521.0,1.0
2021-01-05 09:53:57.200,1.0251,1.0508,36.0,1.0455,38.0,1521.0,1.0
2021-01-05 09:53:58.270,1.0251,1.0508,36.0,1.0455,36.0,1521.0,1.0
2021-01-05 09:53:59.071,1.0251,1.0508,36.0,1.0455,36.0,1521.0,1.0
2021-01-05 09:54:00.241,1.0251,1.0508,36.0,1.0455,36.0,1521.0,1.0
2021-01-05 09:54:00.690,1.0251,1.0508,36.0,1.0455,36.0,1521.0,1.0
2021-01-05 09:54:05.270,1.0251,1.0508,36.0,1.0456,2.0,1521.0,1.0
2021-01-05 09:54:06.260,1.0251,1.0508,20.0,1.0466,16.0,1521.0,1.0
2021-01-05 09:54:06.761,1.0251,1.0508,20.0,1.0466,16.0,1521.0,1.0
2021-01-05 09:54:07.241,1.0251,1.0519,36.0,1.0466,36.0,1521.0,1.0
2021-01-05 09:54:07.750,1.0251,1.0519,36.0,1.0466,16.0,1521.0,1.0
2021-01-05 09:54:08.231,1.0251,1.0519,36.0,1.0466,36.0,1521.0,1.0
2021-01-05 09:54:08.701,1.0251,1.0519,36.0,1.0466,16.0,1521.0,1.0
2021-01-05 09:54:09.201,1.0251,1.0519,36.0,1.0466,36.0,1521.0,1.0
2021-01-05 09:54:09.691,1.0251,1.0519,36.0,1.0467,2.0,1521.0,1.0
2021-01-05 09:54:10.240,1.0251,1.0519,36.0,1.0467,22.0,1521.0,1.0
2021-01-05 09:54:10.651,1.0251,1.0519,36.0,1.0467,20.0,1521.0,1.0
2021-01-05 09:54:11.231,1.0251,1.0519,36.0,1.0467,20.0,1521.0,1.0
2021-01-05 09:54:11.700,1.0251,1.0519,36.0,1.0467,20.0,1521.0,1.0
2021-01-05 09:54:12.250,1.0251,1.0519,36.0,1.0467,20.0,1521.0,1.0
2021-01-05 09:54:17.700,1.0251,1.0519,36.0,1.0467,20.0,1521.0,1.0
2021-01-05 09:54:21.761,1.0251,1.0519,36.0,1.0467,20.0,1521.0,1.0
2021-01-05 09:54:22.681,1.0251,1.0519,36.0,1.0467,20.0,1521.0,1.0
2021-01-05 09:54:29.230,1.0251,1.0519,36.0,1.0467,20.0,1521.0,1.0
2021-01-05 09:54:57.120,1.0251,1.0508,16.0,1.0467,20.0,1521.0,1.0
2021-01-05 09:54:58.261,1.0251,1.0508,36.0,1.0455,20.0,1521.0,1.0
2021-01-05 09:54:59.041,1.0251,1.0498,16.0,1.0455,20.0,1521.0,1.0
2021-01-05 09:54:59.681,1.0251,1.0498,36.0,1.0455,20.0,1521.0,1.0
2021-01-05 09:55:00.240,1.0251,1.0498,36.0,1.0445,36.0,1521.0,1.0
2021-01-05 09:55:01.760,1.0251,1.0498,36.0,1.0445,36.0,1521.0,1.0
2021-01-05 09:55:02.271,1.0251,1.0498,36.0,1.0445,36.0,1521.0,1.0
2021-01-05 09:55:02.761,1.0251,1.0488,16.0,1.0445,20.0,1521.0,1.0
2021-01-05 09:55:03.721,1.0251,1.0488,36.0,1.0445,20.0,1521.0,1.0
2021-01-05 09:55:04.720,1.0251,1.0488,36.0,1.0435,36.0,1521.0,1.0
2021-01-05 09:55:05.271,1.0251,1.0488,36.0,1.0435,36.0,1521.0,1.0
2021-01-05 09:55:05.690,1.0251,1.0484,10.0,1.0435,36.0,1521.0,1.0
2021-01-05 09:55:06.280,1.0251,1.0484,10.0,1.0435,36.0,1521.0,1.0
2021-01-05 09:55:07.281,1.0251,1.0484,10.0,1.0435,36.0,1521.0,1.0
2021-01-05 09:55:07.650,1.0251,1.0484,10.0,1.0435,36.0,1521.0,1.0
2021-01-05 09:55:08.791,1.0251,1.0484,10.0,1.0435,36.0,1521.0,1.0
2021-01-05 09:55:10.161,1.0251,1.0484,10.0,1.0435,36.0,1521.0,1.0
2021-01-05 09:55:13.561,1.0251,1.0476,16.0,1.0435,20.0,1521.0,1.0
2021-01-05 09:55:14.260,1.0251,1.0476,16.0,1.0435,20.0,1521.0,1.0
2021-01-05 09:55:14.750,1.0251,1.0476,36.0,1.0422,36.0,1521.0,1.0
2021-01-05 09:55:15.751,1.0251,1.0476,36.0,1.0422,36.0,1521.0,1.0
2021-01-05 09:55:21.770,1.0251,1.0476,36.0,1.0422,36.0,1521.0,1.0
2021-01-05 09:55:22.281,1.0251,1.0476,20.0,1.0422,20.0,1521.0,1.0
2021-01-05 09:55:22.750,1.0251,1.0486,16.0,1.0432,16.0,1521.0,1.0
2021-01-05 09:55:23.261,1.0251,1.0486,16.0,1.0432,36.0,1521.0,1.0
2021-01-05 09:55:24.240,1.0251,1.0486,16.0,1.0432,36.0,1521.0,1.0
2021-01-05 09:55:24.240,1.0251,1.0486,16.0,1.0432,36.0,1521.0,1.0
2021-01-05 09:55:26.751,1.0251,1.0486,16.0,1.0432,36.0,1521.0,1.0
2021-01-05 09:55:27.151,1.0251,1.0486,16.0,1.0432,36.0,1521.0,1.0
2021-01-05 09:55:29.260,1.0251,1.0486,16.0,1.0433,2.0,1521.0,1.0
2021-01-05 09:55:29.700,1.0251,1.0486,16.0,1.0433,2.0,1521.0,1.0
2021-01-05 09:55:30.271,1.0251,1.0486,16.0,1.0432,36.0,1521.0,1.0
2021-01-05 09:55:30.760,1.0251,1.0486,16.0,1.0432,36.0,1521.0,1.0
2021-01-05 09:55:31.231,1.0251,1.0488,20.0,1.0432,20.0,1521.0,1.0
2021-01-05 09:55:31.750,1.0251,1.0488,20.0,1.0442,16.0,1521.0,1.0
2021-01-05 09:55:32.011,1.0251,1.0492,20.0,1.0442,36.0,1521.0,1.0
2021-01-05 09:55:32.751,1.0251,1.0492,20.0,1.0442,36.0,1521.0,1.0
2021-01-05 09:55:35.721,1.0251,1.0492,20.0,1.0442,36.0,1521.0,1.0
2021-01-05 09:55:36.270,1.0251,1.0492,20.0,1.0442,36.0,1521.0,1.0
2021-01-05 09:55:48.811,1.0251,1.0492,20.0,1.0444,10.0,1521.0,1.0
2021-01-05 09:55:55.210,1.0251,1.0492,20.0,1.0444,10.0,1521.0,1.0
2021-01-05 09:56:00.270,1.0251,1.0492,20.0,1.0444,10.0,1521.0,1.0
2021-01-05 09:56:01.771,1.0251,1.0492,20.0,1.0444,10.0,1521.0,1.0
2021-01-05 09:56:04.741,1.0251,1.0492,20.0,1.0444,10.0,1521.0,1.0
2021-01-05 09:56:05.200,1.0251,1.0485,16.0,1.0444,10.0,1521.0,1.0
2021-01-05 09:56:05.780,1.0251,1.0485,36.0,1.0444,10.0,1521.0,1.0
2021-01-05 09:56:06.310,1.0251,1.0485,36.0,1.0442,20.0,1521.0,1.0
2021-01-05 09:56:06.800,1.0251,1.0485,36.0,1.0432,20.0,1521.0,1.0
2021-01-05 09:56:10.321,1.0251,1.0485,36.0,1.0432,20.0,1521.0,1.0
2021-01-05 09:56:10.800,1.0251,1.0485,36.0,1.0432,22.0,1521.0,1.0
2021-01-05 09:56:11.320,1.0251,1.0485,20.0,1.0432,20.0,1521.0,1.0
2021-01-05 09:56:11.820,1.0251,1.0495,16.0,1.0441,16.0,1521.0,1.0
2021-01-05 09:56:12.321,1.0251,1.0495,36.0,1.0441,36.0,1521.0,1.0
2021-01-05 09:56:12.800,1.0251,1.0495,36.0,1.0441,36.0,1521.0,1.0
2021-01-05 09:56:13.311,1.0251,1.0495,36.0,1.0441,36.0,1521.0,1.0
2021-01-05 09:56:13.791,1.0251,1.0495,36.0,1.0441,16.0,1521.0,1.0
2021-01-05 09:56:14.350,1.0251,1.0495,36.0,1.0441,16.0,1521.0,1.0
2021-01-05 09:56:14.851,1.0251,1.0495,20.0,1.0432,20.0,1521.0,1.0
2021-01-05 09:56:15.251,1.0251,1.0485,16.0,1.0431,16.0,1521.0,1.0
2021-01-05 09:56:15.750,1.0251,1.0485,36.0,1.0431,36.0,1521.0,1.0
2021-01-05 09:56:16.290,1.0251,1.0485,36.0,1.0431,36.0,1521.0,1.0
2021-01-05 09:56:16.780,1.0251,1.0485,36.0,1.0431,36.0,1521.0,1.0
2021-01-05 09:56:38.771,1.0251,1.0485,36.0,1.0431,36.0,1521.0,1.0
2021-01-05 09:56:39.291,1.0251,1.0485,20.0,1.0431,20.0,1521.0,1.0
2021-01-05 09:56:39.291,1.0251,1.0501,16.0,1.0447,16.0,1521.0,1.0
2021-01-05 09:56:40.321,1.0251,1.0501,16.0,1.0447,16.0,1521.0,1.0
2021-01-05 09:56:41.270,1.0251,1.0501,16.0,1.0447,16.0,1521.0,1.0
2021-01-05 09:56:43.291,1.0251,1.0501,16.0,1.0447,16.0,1521.0,1.0
2021-01-05 09:56:47.821,1.0251,1.0501,16.0,1.0447,16.0,1521.0,1.0
2021-01-05 09:56:48.351,1.0251,1.0509,30.0,1.0446,20.0,1521.0,1.0
2021-01-05 09:56:48.801,1.0251,1.0509,30.0,1.0458,16.0,1521.0,1.0
2021-01-05 09:56:49.300,1.0251,1.0509,30.0,1.0458,36.0,1521.0,1.0
2021-01-05 09:56:49.850,1.0251,1.0509,30.0,1.0458,36.0,1521.0,1.0
2021-01-05 09:56:50.341,1.0251,1.0509,30.0,1.0458,36.0,1521.0,1.0
2021-01-05 09:56:56.760,1.0251,1.0509,30.0,1.0459,2.0,1521.0,1.0
2021-01-05 09:56:58.291,1.0251,1.0509,30.0,1.0459,2.0,1521.0,1.0
2021-01-05 09:56:58.790,1.0251,1.0509,30.0,1.0458,36.0,1521.0,1.0
2021-01-05 09:56:59.290,1.0251,1.0509,30.0,1.0458,38.0,1521.0,1.0
2021-01-05 09:57:00.250,1.0251,1.0509,30.0,1.0458,38.0,1521.0,1.0
2021-01-05 09:57:02.300,1.0251,1.0509,30.0,1.0458,22.0,1521.0,1.0
2021-01-05 09:57:02.801,1.0251,1.0509,20.0,1.0469,16.0,1521.0,1.0
2021-01-05 09:57:02.801,1.0251,1.0522,36.0,1.0469,38.0,1521.0,1.0
2021-01-05 09:57:03.301,1.0251,1.0522,36.0,1.0469,38.0,1521.0,1.0
2021-01-05 09:57:04.300,1.0251,1.0522,36.0,1.0469,38.0,1521.0,1.0
2021-01-05 09:57:04.821,1.0251,1.0522,36.0,1.0469,38.0,1521.0,1.0
2021-01-05 09:57:06.811,1.0251,1.0522,36.0,1.0469,36.0,1521.0,1.0
2021-01-05 09:57:08.820,1.0251,1.0522,36.0,1.0469,36.0,1521.0,1.0
2021-01-05 09:57:14.361,1.0251,1.0522,36.0,1.0469,36.0,1521.0,1.0
2021-01-05 09:57:14.841,1.0251,1.0522,36.0,1.047,2.0,1521.0,1.0
2021-01-05 09:57:15.321,1.0251,1.0522,36.0,1.0469,36.0,1521.0,1.0
2021-01-05 09:57:15.851,1.0251,1.0522,20.0,1.0469,20.0,1521.0,1.0
2021-01-05 09:57:16.261,1.0251,1.0511,16.0,1.0457,16.0,1521.0,1.0
2021-01-05 09:57:16.820,1.0251,1.0511,36.0,1.0458,2.0,1521.0,1.0
2021-01-05 09:57:23.701,1.0251,1.0511,36.0,1.0458,2.0,1521.0,1.0
2021-01-05 09:57:26.291,1.0251,1.0511,20.0,1.0467,16.0,1521.0,1.0
2021-01-05 09:57:26.800,1.0251,1.0521,36.0,1.0468,2.0,1521.0,1.0
2021-01-05 09:57:27.301,1.0251,1.0521,36.0,1.0467,36.0,1521.0,1.0
2021-01-05 09:57:27.770,1.0251,1.0521,36.0,1.0467,36.0,1521.0,1.0
2021-01-05 09:57:28.250,1.0251,1.0521,36.0,1.0467,36.0,1521.0,1.0
2021-01-05 09:57:30.271,1.0251,1.0521,36.0,1.0468,2.0,1521.0,1.0
2021-01-05 09:57:39.790,1.0251,1.0521,36.0,1.0468,2.0,1521.0,1.0
2021-01-05 09:57:40.320,1.0251,1.0521,36.0,1.0469,2.0,1521.0,1.0
2021-01-05 09:57:48.341,1.0251,1.0521,20.0,1.0469,2.0,1521.0,1.0
2021-01-05 09:57:48.341,1.0251,1.0532,16.0,1.0478,16.0,1521.0,1.0
2021-01-05 09:57:49.361,1.0251,1.0532,16.0,1.0479,2.0,1521.0,1.0
2021-01-05 09:57:49.860,1.0251,1.0532,16.0,1.0479,22.0,1521.0,1.0
2021-01-05 09:57:50.350,1.0251,1.0532,16.0,1.0479,22.0,1521.0,1.0
2021-01-05 09:57:50.821,1.0251,1.0532,16.0,1.0479,22.0,1521.0,1.0
2021-01-05 09:57:51.280,1.0251,1.0532,16.0,1.0479,22.0,1521.0,1.0
2021-01-05 09:57:52.310,1.0251,1.0538,10.0,1.0479,22.0,1521.0,1.0
2021-01-05 09:57:52.761,1.0251,1.0538,10.0,1.0488,16.0,1521.0,1.0
2021-01-05 09:57:53.710,1.0251,1.0538,10.0,1.0488,36.0,1521.0,1.0
2021-01-05 09:57:54.200,1.0251,1.0538,10.0,1.0489,2.0,1521.0,1.0
2021-01-05 09:57:57.800,1.0251,1.0538,10.0,1.0489,2.0,1521.0,1.0
2021-01-05 09:58:02.770,1.0251,1.0538,10.0,1.0488,36.0,1521.0,1.0
2021-01-05 09:58:04.261,1.0251,1.0538,10.0,1.0488,36.0,1521.0,1.0
2021-01-05 09:58:05.050,1.0251,1.0538,10.0,1.0488,20.0,1521.0,1.0
2021-01-05 09:58:05.800,1.0251,1.0531,16.0,1.0488,20.0,1521.0,1.0
2021-01-05 09:58:06.320,1.0251,1.0531,16.0,1.0479,20.0,1521.0,1.0
2021-01-05 09:58:06.810,1.0251,1.0531,16.0,1.048,2.0,1521.0,1.0
2021-01-05 09:58:07.800,1.0251,1.0531,16.0,1.048,2.0,1521.0,1.0
2021-01-05 09:58:08.791,1.0251,1.0531,16.0,1.048,2.0,1521.0,1.0
2021-01-05 09:58:16.840,1.0251,1.0531,16.0,1.0481,2.0,1521.0,1.0
2021-01-05 09:58:17.841,1.0251,1.0531,16.0,1.0479,22.0,1521.0,1.0
2021-01-05 09:58:18.350,1.0251,1.0531,16.0,1.0479,22.0,1521.0,1.0
2021-01-05 09:58:18.780,1.0251,1.0531,16.0,1.0479,22.0,1521.0,1.0
2021-01-05 09:58:26.720,1.0251,1.0531,16.0,1.0479,22.0,1521.0,1.0
2021-01-05 09:58:27.781,1.0251,1.0531,16.0,1.048,2.0,1521.0,1.0
2021-01-05 09:58:29.291,1.0251,1.0531,16.0,1.048,2.0,1521.0,1.0
2021-01-05 09:58:33.281,1.0251,1.0531,16.0,1.048,2.0,1521.0,1.0
2021-01-05 09:58:37.841,1.0251,1.0531,16.0,1.0481,2.0,1521.0,1.0
2021-01-05 09:58:47.791,1.0251,1.0531,16.0,1.0482,2.0,1521.0,1.0
2021-01-05 09:58:48.801,1.0251,1.0531,16.0,1.0482,2.0,1521.0,1.0
2021-01-05 09:58:51.800,1.0251,1.0531,16.0,1.0482,2.0,1521.0,1.0
2021-01-05 09:58:53.740,1.0251,1.0537,1.0,1.0488,16.0,1521.0,1.0
2021-01-05 09:58:54.280,1.0251,1.0537,1.0,1.0489,2.0,1521.0,1.0
2021-01-05 09:58:54.280,1.0251,1.0539,20.0,1.0489,2.0,1521.0,1.0
2021-01-05 09:58:55.711,1.0251,1.0539,20.0,1.0489,2.0,1521.0,1.0
2021-01-05 09:58:57.260,1.0251,1.0539,20.0,1.0498,16.0,1521.0,1.0
2021-01-05 09:58:57.771,1.0251,1.0552,36.0,1.0499,2.0,1521.0,1.0
2021-01-05 09:58:58.601,1.0251,1.0552,36.0,1.05,10.0,1521.0,1.0
2021-01-05 09:59:00.710,1.0251,1.0552,36.0,1.05,10.0,1521.0,1.0
2021-01-05 09:59:01.240,1.0251,1.0552,20.0,1.0508,16.0,1521.0,1.0
2021-01-05 09:59:01.751,1.0251,1.0552,20.0,1.0509,2.0,1521.0,1.0
2021-01-05 09:59:02.191,1.0251,1.0552,20.0,1.0508,36.0,1521.0,1.0
2021-01-05 09:59:04.450,1.0251,1.0552,20.0,1.0508,36.0,1521.0,1.0
2021-01-05 09:59:05.280,1.0251,1.0552,20.0,1.0508,36.0,1521.0,1.0
2021-01-05 09:59:07.240,1.0251,1.0552,20.0,1.0508,38.0,1521.0,1.0
2021-01-05 09:59:07.780,1.0251,1.0552,20.0,1.0508,36.0,1521.0,1.0
2021-01-05 09:59:08.740,1.0251,1.0552,20.0,1.0509,2.0,1521.0,1.0
2021-01-05 09:59:09.251,1.0251,1.056,1.0,1.0509,2.0,1521.0,1.0
2021-01-05 09:59:10.271,1.0251,1.056,1.0,1.0522,16.0,1521.0,1.0
2021-01-05 09:59:10.750,1.0251,1.056,1.0,1.0522,36.0,1521.0,1.0
2021-01-05 09:59:11.180,1.0251,1.056,1.0,1.0522,38.0,1521.0,1.0
2021-01-05 09:59:13.280,1.0251,1.056,1.0,1.0522,36.0,1521.0,1.0
2021-01-05 09:59:13.750,1.0251,1.056,1.0,1.0522,36.0,1521.0,1.0
2021-01-05 09:59:14.281,1.0251,1.056,1.0,1.0522,20.0,1521.0,1.0
2021-01-05 09:59:15.210,1.0251,1.056,1.0,1.0522,20.0,1521.0,1.0
2021-01-05 09:59:16.050,1.0251,1.056,1.0,1.0512,16.0,1521.0,1.0
2021-01-05 09:59:16.751,1.0251,1.056,1.0,1.0513,2.0,1521.0,1.0
2021-01-05 09:59:18.100,1.0251,1.056,1.0,1.0513,2.0,1521.0,1.0
2021-01-05 09:59:19.740,1.0251,1.056,1.0,1.0512,16.0,1521.0,1.0
2021-01-05 09:59:20.240,1.0251,1.056,1.0,1.0512,16.0,1521.0,1.0
2021-01-05 09:59:21.041,1.0251,1.0556,16.0,1.0508,20.0,1521.0,1.0
2021-01-05 09:59:21.700,1.0251,1.0556,16.0,1.0508,22.0,1521.0,1.0
2021-01-05 09:59:22.240,1.0251,1.0556,36.0,1.0508,22.0,1521.0,1.0
2021-01-05 09:59:24.241,1.0251,1.0556,36.0,1.0508,20.0,1521.0,1.0
2021-01-05 09:59:29.751,1.0251,1.0556,36.0,1.0509,2.0,1521.0,1.0
2021-01-05 09:59:31.601,1.0251,1.0556,36.0,1.0508,20.0,1521.0,1.0
2021-01-05 09:59:33.171,1.0251,1.0556,36.0,1.0509,2.0,1521.0,1.0
2021-01-05 09:59:35.301,1.0251,1.0556,20.0,1.0513,16.0,1521.0,1.0
2021-01-05 09:59:35.751,1.0251,1.0556,20.0,1.0514,2.0,1521.0,1.0
2021-01-05 09:59:36.750,1.0251,1.0556,20.0,1.0513,16.0,1521.0,1.0
2021-01-05 09:59:37.090,1.0251,1.0556,20.0,1.0513,16.0,1521.0,1.0
2021-01-05 09:59:39.101,1.0251,1.0556,20.0,1.0513,16.0,1521.0,1.0
2021-01-05 09:59:39.731,1.0251,1.0556,20.0,1.0513,16.0,1521.0,1.0
2021-01-05 09:59:42.761,1.0251,1.0556,20.0,1.0514,2.0,1521.0,1.0
2021-01-05 09:59:52.721,1.0251,1.0556,20.0,1.0513,16.0,1521.0,1.0
2021-01-05 09:59:53.281,1.0251,1.0556,20.0,1.0513,16.0,1521.0,1.0
2021-01-05 09:59:56.771,1.0251,1.056,1.0,1.0513,16.0,1521.0,1.0
2021-01-05 09:59:57.280,1.0251,1.056,1.0,1.0514,2.0,1521.0,1.0
2021-01-05 09:59:57.791,1.0251,1.056,1.0,1.0514,2.0,1521.0,1.0
2021-01-05 09:59:57.791,1.0251,1.056,1.0,1.0514,2.0,1521.0,1.0
2021-01-05 09:59:59.270,1.0251,1.056,1.0,1.0514,2.0,1521.0,1.0
2021-01-05 09:59:59.780,1.0251,1.056,1.0,1.0523,16.0,1521.0,1.0
2021-01-05 10:00:00.271,1.0251,1.056,1.0,1.0523,36.0,1521.0,1.0
2021-01-05 10:00:00.790,1.0251,1.056,1.0,1.0523,36.0,1521.0,1.0
2021-01-05 10:00:01.831,1.0251,1.056,1.0,1.0535,16.0,1521.0,1.0
2021-01-05 10:00:02.340,1.0251,1.056,1.0,1.0535,36.0,1521.0,1.0
2021-01-05 10:00:02.830,1.0251,1.056,1.0,1.0535,36.0,1521.0,1.0
2021-01-05 10:00:02.830,1.0251,1.056,1.0,1.0535,20.0,1521.0,1.0
2021-01-05 10:00:03.330,1.0251,1.056,21.0,1.052,16.0,1521.0,1.0
2021-01-05 10:00:04.281,1.0251,1.056,21.0,1.052,36.0,1521.0,1.0
2021-01-05 10:00:04.861,1.0251,1.056,21.0,1.052,20.0,1521.0,1.0
2021-01-05 10:00:05.341,1.0251,1.056,21.0,1.0509,16.0,1521.0,1.0
2021-01-05 10:00:05.850,1.0251,1.056,21.0,1.051,2.0,1521.0,1.0
2021-01-05 10:00:07.341,1.0251,1.056,21.0,1.051,2.0,1521.0,1.0
2021-01-05 10:00:07.860,1.0251,1.056,21.0,1.051,2.0,1521.0,1.0
2021-01-05 10:00:12.351,1.0251,1.056,22.0,1.0509,36.0,1521.0,1.0
2021-01-05 10:00:12.760,1.0251,1.056,22.0,1.0509,20.0,1521.0,1.0
2021-01-05 10:00:13.321,1.0251,1.0552,16.0,1.0498,16.0,1521.0,1.0
2021-01-05 10:00:13.861,1.0251,1.0551,1.0,1.0498,36.0,1521.0,1.0
2021-01-05 10:00:14.320,1.0251,1.0551,21.0,1.0498,20.0,1521.0,1.0
2021-01-05 10:00:15.240,1.0251,1.0541,36.0,1.0487,16.0,1521.0,1.0
2021-01-05 10:00:17.381,1.0251,1.0528,10.0,1.0487,16.0,1521.0,1.0
2021-01-05 10:00:17.861,1.0251,1.0528,30.0,1.0487,16.0,1521.0,1.0
2021-01-05 10:00:18.360,1.0251,1.0528,30.0,1.0484,20.0,1521.0,1.0
2021-01-05 10:00:18.850,1.0251,1.0528,30.0,1.0475,36.0,1521.0,1.0
2021-01-05 10:00:19.851,1.0251,1.0527,1.0,1.0475,36.0,1521.0,1.0
2021-01-05 10:00:20.260,1.0251,1.0528,30.0,1.0475,36.0,1521.0,1.0
2021-01-05 10:00:20.850,1.0251,1.0528,30.0,1.0475,36.0,1521.0,1.0
2021-01-05 10:00:21.830,1.0251,1.0528,30.0,1.0475,36.0,1521.0,1.0
2021-01-05 10:00:22.360,1.0251,1.0528,30.0,1.0487,16.0,1521.0,1.0
2021-01-05 10:00:22.760,1.0251,1.0528,10.0,1.0487,36.0,1521.0,1.0
2021-01-05 10:00:23.280,1.0251,1.0528,10.0,1.0487,36.0,1521.0,1.0
2021-01-05 10:00:24.241,1.0251,1.0528,10.0,1.0487,36.0,1521.0,1.0
2021-01-05 10:00:25.780,1.0251,1.0528,10.0,1.0487,36.0,1521.0,1.0
2021-01-05 10:00:29.791,1.0251,1.0528,10.0,1.0487,36.0,1521.0,1.0
2021-01-05 10:00:30.281,1.0251,1.0528,10.0,1.0487,36.0,1521.0,1.0
2021-01-05 10:00:31.800,1.0251,1.0528,10.0,1.0487,20.0,1521.0,1.0
2021-01-05 10:00:32.280,1.0251,1.0528,10.0,1.0487,20.0,1521.0,1.0
2021-01-05 10:00:32.720,1.0251,1.0528,10.0,1.0475,16.0,1521.0,1.0
2021-01-05 10:00:33.800,1.0251,1.0528,10.0,1.0476,2.0,1521.0,1.0
2021-01-05 10:00:34.321,1.0251,1.0528,10.0,1.0487,16.0,1521.0,1.0
2021-01-05 10:00:34.820,1.0251,1.0528,10.0,1.0487,36.0,1521.0,1.0
2021-01-05 10:00:35.281,1.0251,1.0528,10.0,1.0487,36.0,1521.0,1.0
2021-01-05 10:00:36.290,1.0251,1.0528,10.0,1.0487,36.0,1521.0,1.0
2021-01-05 10:00:37.831,1.0251,1.0528,10.0,1.0487,36.0,1521.0,1.0
2021-01-05 10:00:38.290,1.0251,1.0528,10.0,1.0487,16.0,1521.0,1.0
2021-01-05 10:00:38.801,1.0251,1.0528,10.0,1.0476,20.0,1521.0,1.0
2021-01-05 10:00:38.801,1.0251,1.0528,26.0,1.0475,16.0,1521.0,1.0
2021-01-05 10:00:39.821,1.0251,1.0528,16.0,1.0475,36.0,1521.0,1.0
2021-01-05 10:00:40.330,1.0251,1.0528,16.0,1.0475,36.0,1521.0,1.0
2021-01-05 10:00:41.331,1.0251,1.0528,16.0,1.0475,36.0,1521.0,1.0
2021-01-05 10:00:41.840,1.0251,1.0528,16.0,1.0475,36.0,1521.0,1.0
2021-01-05 10:00:49.801,1.0251,1.0528,16.0,1.0475,36.0,1521.0,1.0
2021-01-05 10:00:50.331,1.0251,1.0539,10.0,1.0475,20.0,1521.0,1.0
2021-01-05 10:00:50.800,1.0251,1.0539,10.0,1.0486,16.0,1521.0,1.0
2021-01-05 10:00:51.301,1.0251,1.0539,10.0,1.0486,36.0,1521.0,1.0
2021-01-05 10:00:52.250,1.0251,1.0539,10.0,1.0486,36.0,1521.0,1.0
2021-01-05 10:00:52.780,1.0251,1.0539,10.0,1.0486,36.0,1521.0,1.0
2021-01-05 10:00:53.731,1.0251,1.0539,10.0,1.0497,16.0,1521.0,1.0
2021-01-05 10:00:53.781,1.0251,1.0539,10.0,1.0497,36.0,1521.0,1.0
2021-01-05 10:00:56.261,1.0251,1.0541,20.0,1.0497,36.0,1521.0,1.0
2021-01-05 10:00:56.780,1.0251,1.0551,16.0,1.0497,36.0,1521.0,1.0
2021-01-05 10:00:56.780,1.0251,1.0551,36.0,1.0497,36.0,1521.0,1.0
2021-01-05 10:00:57.810,1.0251,1.0551,36.0,1.0497,36.0,1521.0,1.0
2021-01-05 10:00:58.300,1.0251,1.0559,10.0,1.0497,20.0,1521.0,1.0
2021-01-05 10:00:58.300,1.0251,1.0559,10.0,1.0509,16.0,1521.0,1.0
2021-01-05 10:00:59.260,1.0251,1.056,1.0,1.0509,36.0,1521.0,1.0
2021-01-05 10:00:59.810,1.0251,1.056,1.0,1.0509,36.0,1521.0,1.0
2021-01-05 10:01:00.820,1.0251,1.056,1.0,1.0509,36.0,1521.0,1.0
2021-01-05 10:01:01.320,1.0251,1.056,1.0,1.0509,20.0,1521.0,1.0
2021-01-05 10:01:01.831,1.0251,1.055,16.0,1.0509,20.0,1521.0,1.0
2021-01-05 10:01:02.050,1.0251,1.055,36.0,1.0497,20.0,1521.0,1.0
2021-01-05 10:01:03.350,1.0251,1.055,36.0,1.0497,20.0,1521.0,1.0
2021-01-05 10:01:03.750,1.0251,1.055,36.0,1.0497,20.0,1521.0,1.0
2021-01-05 10:01:04.781,1.0251,1.0545,10.0,1.0497,20.0,1521.0,1.0
2021-01-05 10:01:05.800,1.0251,1.0545,10.0,1.0497,20.0,1521.0,1.0
2021-01-05 10:01:06.341,1.0251,1.0545,10.0,1.0497,20.0,1521.0,1.0
2021-01-05 10:01:06.850,1.0251,1.0549,1.0,1.0497,20.0,1521.0,1.0
2021-01-05 10:01:07.350,1.0251,1.055,36.0,1.0497,22.0,1521.0,1.0
2021-01-05 10:01:07.861,1.0251,1.0549,1.0,1.0497,20.0,1521.0,1.0
2021-01-05 10:01:08.291,1.0251,1.055,36.0,1.0497,20.0,1521.0,1.0
2021-01-05 10:01:09.321,1.0251,1.055,36.0,1.0497,20.0,1521.0,1.0
2021-01-05 10:01:10.310,1.0251,1.055,36.0,1.0497,20.0,1521.0,1.0
2021-01-05 10:01:10.850,1.0251,1.055,36.0,1.0497,20.0,1521.0,1.0
2021-01-05 10:01:12.840,1.0251,1.055,36.0,1.0504,10.0,1521.0,1.0
2021-01-05 10:01:12.840,1.0251,1.055,36.0,1.0504,10.0,1521.0,1.0
2021-01-05 10:01:13.830,1.0251,1.055,36.0,1.0505,2.0,1521.0,1.0
2021-01-05 10:01:14.270,1.0251,1.055,20.0,1.0505,2.0,1521.0,1.0
2021-01-05 10:01:14.850,1.0251,1.056,17.0,1.0506,16.0,1521.0,1.0
2021-01-05 10:01:15.361,1.0251,1.056,17.0,1.0507,2.0,1521.0,1.0
2021-01-05 10:01:16.360,1.0251,1.056,17.0,1.0506,36.0,1521.0,1.0
2021-01-05 10:01:16.360,1.0251,1.056,17.0,1.0506,36.0,1521.0,1.0
2021-01-05 10:01:18.350,1.0251,1.056,17.0,1.0506,36.0,1521.0,1.0
2021-01-05 10:01:18.350,1.0251,1.056,17.0,1.0507,2.0,1521.0,1.0
2021-01-05 10:01:19.311,1.0251,1.056,17.0,1.0507,2.0,1521.0,1.0
2021-01-05 10:01:21.091,1.0251,1.056,17.0,1.0507,2.0,1521.0,1.0
2021-01-05 10:01:21.881,1.0251,1.056,1.0,1.0519,16.0,1521.0,1.0
2021-01-05 10:01:22.311,1.0251,1.056,1.0,1.0519,36.0,1521.0,1.0
2021-01-05 10:01:23.781,1.0251,1.056,1.0,1.0519,36.0,1521.0,1.0
2021-01-05 10:01:25.760,1.0251,1.056,1.0,1.0519,36.0,1521.0,1.0
2021-01-05 10:01:26.780,1.0251,1.056,1.0,1.0519,36.0,1521.0,1.0
2021-01-05 10:01:28.311,1.0251,1.056,1.0,1.0519,20.0,1521.0,1.0
2021-01-05 10:01:28.810,1.0251,1.056,2.0,1.0519,20.0,1521.0,1.0
