,last,ask1,asize1,bid1,bsize1,oi,volume
2021-01-05 09:25:00.080,,0.0069,1.0,0.0065,1.0,36325.0,
2021-01-05 09:30:00.451,0.0061,0.0065,105.0,0.0063,20.0,36326.0,1.0
2021-01-05 09:30:00.991,0.0061,0.0063,10.0,0.0059,20.0,36326.0,1.0
2021-01-05 09:30:01.481,0.0061,0.0065,278.0,0.0062,10.0,36326.0,1.0
2021-01-05 09:30:01.990,0.0061,0.0065,258.0,0.006,20.0,36326.0,1.0
2021-01-05 09:30:02.511,0.0061,0.0065,288.0,0.0061,10.0,36326.0,1.0
2021-01-05 09:30:02.870,0.0061,0.0065,288.0,0.006,10.0,36326.0,1.0
2021-01-05 09:30:03.471,0.006,0.0065,278.0,0.0059,20.0,36311.0,16.0
2021-01-05 09:30:03.980,0.006,0.0062,2.0,0.0061,10.0,36311.0,16.0
2021-01-05 09:30:04.430,0.006,0.0062,2.0,0.006,10.0,36311.0,16.0
2021-01-05 09:30:05.010,0.006,0.0062,2.0,0.0059,10.0,36311.0,16.0
2021-01-05 09:30:05.990,0.006,0.0062,2.0,0.0058,10.0,36311.0,16.0
2021-01-05 09:30:06.480,0.006,0.0062,2.0,0.0058,10.0,36311.0,16.0
2021-01-05 09:30:06.971,0.006,0.0062,22.0,0.0058,10.0,36311.0,16.0
2021-01-05 09:30:07.471,0.006,0.0062,22.0,0.0058,10.0,36311.0,16.0
2021-01-05 09:30:08.960,0.006,0.0062,22.0,0.0058,10.0,36311.0,16.0
2021-01-05 09:30:11.000,0.0057,0.0057,1.0,0.0055,20.0,36299.0,30.0
2021-01-05 09:30:11.521,0.0057,0.0061,20.0,0.005,20.0,36298.0,31.0
2021-01-05 09:30:12.491,0.0057,0.0059,10.0,0.0054,10.0,36298.0,31.0
2021-01-05 09:30:12.860,0.0057,0.0061,20.0,0.0051,20.0,36298.0,31.0
2021-01-05 09:30:13.501,0.0057,0.0064,24.0,0.0051,20.0,36298.0,31.0
2021-01-05 09:30:14.521,0.0057,0.0061,10.0,0.0056,10.0,36298.0,31.0
2021-01-05 09:30:15.040,0.0057,0.0061,20.0,0.0055,20.0,36298.0,31.0
2021-01-05 09:30:15.280,0.0057,0.0064,24.0,0.0051,20.0,36298.0,31.0
2021-01-05 09:30:15.991,0.0057,0.0061,10.0,0.0056,10.0,36298.0,31.0
2021-01-05 09:30:17.021,0.0057,0.0062,30.0,0.0057,10.0,36298.0,31.0
2021-01-05 09:30:17.641,0.0057,0.0062,20.0,0.0055,20.0,36298.0,31.0
2021-01-05 09:30:18.160,0.0057,0.0062,10.0,0.0057,10.0,36298.0,31.0
2021-01-05 09:30:18.750,0.0057,0.0063,10.0,0.0058,10.0,36298.0,31.0
2021-01-05 09:30:19.251,0.0057,0.0063,20.0,0.0056,20.0,36298.0,31.0
2021-01-05 09:30:19.751,0.0057,0.0063,30.0,0.0058,10.0,36298.0,31.0
2021-01-05 09:30:20.240,0.0057,0.0063,10.0,0.0059,10.0,36298.0,31.0
2021-01-05 09:30:20.740,0.0057,0.0063,30.0,0.0059,10.0,36298.0,31.0
2021-01-05 09:30:21.241,0.0057,0.0063,10.0,0.0059,10.0,36298.0,31.0
2021-01-05 09:30:21.741,0.0057,0.0063,20.0,0.0059,10.0,36298.0,31.0
2021-01-05 09:30:22.240,0.0057,0.0063,10.0,0.0059,10.0,36298.0,31.0
2021-01-05 09:30:22.671,0.0057,0.0063,20.0,0.0059,10.0,36298.0,31.0
2021-01-05 09:30:23.170,0.0057,0.0064,34.0,0.0058,10.0,36298.0,31.0
2021-01-05 09:30:23.670,0.0057,0.0063,10.0,0.0058,10.0,36298.0,31.0
2021-01-05 09:30:24.661,0.0057,0.0063,30.0,0.0058,10.0,36298.0,31.0
2021-01-05 09:30:25.160,0.0057,0.0062,15.0,0.0058,10.0,36298.0,31.0
2021-01-05 09:30:25.671,0.0057,0.0062,45.0,0.0058,10.0,36298.0,31.0
2021-01-05 09:30:26.171,0.0058,0.0061,15.0,0.0058,10.0,36297.0,32.0
2021-01-05 09:30:26.670,0.0058,0.0061,15.0,0.0058,10.0,36297.0,32.0
2021-01-05 09:30:26.780,0.0058,0.0061,35.0,0.0058,10.0,36297.0,32.0
2021-01-05 09:30:28.101,0.0057,0.006,15.0,0.0057,10.0,36287.0,55.0
2021-01-05 09:30:28.670,0.0057,0.006,35.0,0.0057,10.0,36287.0,55.0
2021-01-05 09:30:29.661,0.0057,0.006,20.0,0.0057,10.0,36287.0,55.0
2021-01-05 09:30:30.171,0.0057,0.006,20.0,0.0057,25.0,36287.0,55.0
2021-01-05 09:30:30.620,0.0057,0.0061,20.0,0.0057,10.0,36287.0,55.0
2021-01-05 09:30:31.121,0.0057,0.0062,45.0,0.0058,25.0,36287.0,55.0
2021-01-05 09:30:31.661,0.0057,0.0062,35.0,0.0058,25.0,36287.0,55.0
2021-01-05 09:30:32.140,0.0057,0.0062,35.0,0.0058,25.0,36287.0,55.0
2021-01-05 09:30:32.631,0.0057,0.0062,20.0,0.0059,15.0,36287.0,55.0
2021-01-05 09:30:33.171,0.0057,0.0062,35.0,0.006,10.0,36287.0,55.0
2021-01-05 09:30:33.671,0.006,0.0062,35.0,0.0058,25.0,36297.0,65.0
2021-01-05 09:30:34.191,0.006,0.0062,45.0,0.0058,15.0,36297.0,65.0
2021-01-05 09:30:34.670,0.006,0.0062,45.0,0.0058,15.0,36297.0,65.0
2021-01-05 09:30:35.121,0.006,0.0062,30.0,0.0058,15.0,36297.0,65.0
2021-01-05 09:30:35.680,0.006,0.0062,30.0,0.0058,15.0,36297.0,65.0
2021-01-05 09:30:36.160,0.006,0.0062,30.0,0.0058,15.0,36297.0,65.0
2021-01-05 09:30:36.691,0.006,0.0062,30.0,0.0058,15.0,36297.0,65.0
2021-01-05 09:30:37.171,0.006,0.0062,30.0,0.0058,15.0,36297.0,65.0
2021-01-05 09:30:37.670,0.006,0.0062,30.0,0.0058,15.0,36297.0,65.0
2021-01-05 09:30:38.110,0.006,0.0062,45.0,0.0058,15.0,36297.0,65.0
2021-01-05 09:30:38.700,0.006,0.0062,30.0,0.0058,25.0,36297.0,65.0
2021-01-05 09:30:39.201,0.006,0.0062,30.0,0.0059,15.0,36297.0,65.0
2021-01-05 09:30:39.680,0.006,0.0062,20.0,0.0058,10.0,36297.0,65.0
2021-01-05 09:30:40.170,0.006,0.0062,10.0,0.0059,15.0,36297.0,65.0
2021-01-05 09:30:40.690,0.006,0.0062,20.0,0.0058,10.0,36297.0,65.0
2021-01-05 09:30:41.011,0.006,0.0062,10.0,0.0059,15.0,36297.0,65.0
2021-01-05 09:30:41.701,0.0059,0.0063,30.0,0.0058,10.0,36312.0,80.0
2021-01-05 09:30:42.181,0.0059,0.0062,20.0,0.0058,10.0,36312.0,80.0
2021-01-05 09:30:42.671,0.0059,0.0062,15.0,0.0058,25.0,36312.0,80.0
2021-01-05 09:30:43.180,0.0059,0.0063,45.0,0.0059,15.0,36312.0,80.0
2021-01-05 09:30:43.681,0.0059,0.0063,30.0,0.0058,10.0,36332.0,100.0
2021-01-05 09:30:44.100,0.0059,0.006,20.0,0.0059,15.0,36332.0,100.0
2021-01-05 09:30:44.650,0.0059,0.006,20.0,0.0059,15.0,36332.0,100.0
2021-01-05 09:30:45.161,0.0059,0.006,20.0,0.0058,15.0,36332.0,100.0
2021-01-05 09:30:45.710,0.0059,0.006,20.0,0.0058,15.0,36332.0,100.0
2021-01-05 09:30:46.200,0.0059,0.006,20.0,0.0058,15.0,36332.0,100.0
2021-01-05 09:30:46.671,0.0059,0.006,20.0,0.0057,30.0,36332.0,100.0
2021-01-05 09:30:47.691,0.0059,0.006,20.0,0.0058,15.0,36332.0,100.0
2021-01-05 09:30:48.711,0.0059,0.006,20.0,0.0057,30.0,36332.0,100.0
2021-01-05 09:30:49.210,0.0059,0.006,20.0,0.0057,45.0,36332.0,100.0
2021-01-05 09:30:49.700,0.0059,0.006,20.0,0.0057,35.0,36332.0,100.0
2021-01-05 09:30:50.171,0.0059,0.006,20.0,0.0057,45.0,36332.0,100.0
2021-01-05 09:30:50.720,0.006,0.0061,10.0,0.006,10.0,36352.0,120.0
2021-01-05 09:30:51.170,0.006,0.006,10.0,0.0058,10.0,36392.0,160.0
2021-01-05 09:30:51.521,0.006,0.0061,20.0,0.006,25.0,36407.0,175.0
2021-01-05 09:30:52.221,0.006,0.0061,20.0,0.006,25.0,36407.0,175.0
2021-01-05 09:30:52.651,0.006,0.0061,20.0,0.006,25.0,36407.0,175.0
2021-01-05 09:30:53.120,0.006,0.0061,20.0,0.006,25.0,36407.0,175.0
2021-01-05 09:30:53.660,0.006,0.0061,20.0,0.006,25.0,36407.0,175.0
2021-01-05 09:30:54.130,0.006,0.0061,20.0,0.006,25.0,36407.0,175.0
2021-01-05 09:30:55.081,0.006,0.0061,20.0,0.006,25.0,36407.0,175.0
2021-01-05 09:30:56.170,0.006,0.0061,20.0,0.006,25.0,36407.0,175.0
2021-01-05 09:30:56.660,0.006,0.0061,35.0,0.006,25.0,36407.0,175.0
2021-01-05 09:30:57.600,0.006,0.0061,35.0,0.006,25.0,36407.0,175.0
2021-01-05 09:30:58.091,0.006,0.0061,65.0,0.006,25.0,36407.0,175.0
2021-01-05 09:30:58.660,0.006,0.0061,65.0,0.006,23.0,36409.0,177.0
2021-01-05 09:30:59.081,0.006,0.006,9.0,0.0059,30.0,36432.0,200.0
2021-01-05 09:30:59.640,0.006,0.006,15.0,0.0058,50.0,36432.0,200.0
2021-01-05 09:31:00.161,0.006,0.006,15.0,0.0059,30.0,36432.0,200.0
2021-01-05 09:31:00.681,0.006,0.0061,50.0,0.0058,30.0,36432.0,200.0
2021-01-05 09:31:01.150,0.006,0.0061,65.0,0.0059,30.0,36432.0,200.0
2021-01-05 09:31:02.170,0.006,0.006,45.0,0.0058,30.0,36432.0,200.0
2021-01-05 09:31:02.681,0.006,0.006,30.0,0.0058,30.0,36432.0,200.0
2021-01-05 09:31:03.131,0.006,0.006,30.0,0.0057,65.0,36432.0,200.0
2021-01-05 09:31:03.680,0.006,0.006,30.0,0.0057,50.0,36432.0,200.0
2021-01-05 09:31:04.181,0.006,0.006,30.0,0.0058,45.0,36432.0,200.0
2021-01-05 09:31:04.671,0.006,0.006,30.0,0.0058,30.0,36432.0,200.0
2021-01-05 09:31:05.190,0.006,0.006,30.0,0.0058,45.0,36432.0,200.0
2021-01-05 09:31:05.670,0.006,0.006,30.0,0.0058,30.0,36432.0,200.0
2021-01-05 09:31:06.160,0.006,0.0061,65.0,0.0059,30.0,36432.0,200.0
2021-01-05 09:31:06.681,0.006,0.0061,20.0,0.0059,30.0,36432.0,200.0
2021-01-05 09:31:07.190,0.006,0.0061,50.0,0.0059,30.0,36432.0,200.0
2021-01-05 09:31:07.670,0.006,0.0061,65.0,0.0059,40.0,36432.0,200.0
2021-01-05 09:31:08.200,0.006,0.0061,65.0,0.0059,30.0,36432.0,200.0
2021-01-05 09:31:08.650,0.006,0.0061,35.0,0.0059,40.0,36432.0,200.0
2021-01-05 09:31:09.051,0.006,0.0061,65.0,0.0059,30.0,36432.0,200.0
2021-01-05 09:31:11.170,0.006,0.0061,65.0,0.0059,30.0,36432.0,200.0
2021-01-05 09:31:12.171,0.006,0.0061,65.0,0.006,1.0,36432.0,200.0
2021-01-05 09:31:13.170,0.006,0.0061,65.0,0.006,1.0,36432.0,200.0
2021-01-05 09:31:13.710,0.006,0.0061,50.0,0.006,1.0,36432.0,200.0
2021-01-05 09:31:14.010,0.006,0.0061,50.0,0.0059,40.0,36433.0,201.0
2021-01-05 09:31:14.690,0.006,0.0061,50.0,0.0059,30.0,36433.0,201.0
2021-01-05 09:31:15.110,0.006,0.0061,65.0,0.0059,30.0,36433.0,201.0
2021-01-05 09:31:16.711,0.006,0.0061,50.0,0.0059,50.0,36433.0,201.0
2021-01-05 09:31:17.201,0.006,0.0061,65.0,0.0059,50.0,36433.0,201.0
2021-01-05 09:31:18.720,0.006,0.0061,65.0,0.0059,60.0,36433.0,201.0
2021-01-05 09:31:19.150,0.006,0.0061,35.0,0.0059,60.0,36433.0,201.0
2021-01-05 09:31:19.721,0.006,0.0061,65.0,0.0059,50.0,36433.0,201.0
2021-01-05 09:31:20.151,0.006,0.0061,20.0,0.0059,50.0,36433.0,201.0
2021-01-05 09:31:20.641,0.006,0.006,1.0,0.0059,50.0,36433.0,201.0
2021-01-05 09:31:21.221,0.006,0.006,1.0,0.0058,50.0,36433.0,201.0
2021-01-05 09:31:21.671,0.006,0.006,1.0,0.0058,60.0,36433.0,201.0
2021-01-05 09:31:22.211,0.006,0.006,46.0,0.0058,50.0,36433.0,201.0
2021-01-05 09:31:22.620,0.006,0.006,31.0,0.0058,50.0,36433.0,201.0
2021-01-05 09:31:23.171,0.006,0.006,31.0,0.0058,50.0,36433.0,201.0
2021-01-05 09:31:23.640,0.006,0.006,31.0,0.0058,50.0,36433.0,201.0
2021-01-05 09:31:23.980,0.006,0.006,36.0,0.0058,50.0,36443.0,211.0
2021-01-05 09:31:24.360,0.006,0.006,11.0,0.0058,50.0,36453.0,221.0
2021-01-05 09:31:25.150,0.006,0.0061,65.0,0.0058,50.0,36453.0,221.0
2021-01-05 09:31:27.171,0.006,0.0061,65.0,0.0058,60.0,36453.0,221.0
2021-01-05 09:31:27.601,0.006,0.006,30.0,0.0058,50.0,36453.0,221.0
2021-01-05 09:31:28.091,0.006,0.006,45.0,0.0058,50.0,36453.0,221.0
2021-01-05 09:31:29.171,0.0058,0.006,45.0,0.0058,49.0,36453.0,222.0
2021-01-05 09:31:30.170,0.006,0.006,36.0,0.0058,50.0,36463.0,232.0
2021-01-05 09:31:31.150,0.006,0.006,36.0,0.0058,50.0,36463.0,232.0
2021-01-05 09:31:32.191,0.006,0.006,36.0,0.0058,50.0,36463.0,232.0
2021-01-05 09:31:32.671,0.006,0.006,21.0,0.0058,50.0,36463.0,232.0
2021-01-05 09:31:33.190,0.006,0.006,21.0,0.0059,2.0,36463.0,232.0
2021-01-05 09:31:33.610,0.006,0.006,21.0,0.0059,22.0,36463.0,232.0
2021-01-05 09:31:34.181,0.006,0.006,21.0,0.0059,22.0,36463.0,232.0
2021-01-05 09:31:34.681,0.006,0.006,21.0,0.0059,22.0,36463.0,232.0
2021-01-05 09:31:35.670,0.006,0.006,21.0,0.0059,32.0,36463.0,232.0
2021-01-05 09:31:36.181,0.006,0.006,36.0,0.0059,32.0,36463.0,232.0
2021-01-05 09:31:37.191,0.0059,0.006,21.0,0.0059,31.0,36463.0,233.0
2021-01-05 09:31:37.620,0.0059,0.006,21.0,0.0059,31.0,36463.0,233.0
2021-01-05 09:31:38.190,0.0059,0.006,1.0,0.0059,31.0,36463.0,233.0
2021-01-05 09:31:39.210,0.006,0.0061,65.0,0.006,9.0,36464.0,234.0
2021-01-05 09:31:39.710,0.006,0.0061,65.0,0.0059,31.0,36464.0,234.0
2021-01-05 09:31:40.190,0.006,0.0061,65.0,0.006,13.0,36464.0,234.0
2021-01-05 09:31:40.711,0.006,0.0061,65.0,0.006,13.0,36464.0,234.0
2021-01-05 09:31:41.191,0.006,0.0061,65.0,0.006,13.0,36464.0,234.0
2021-01-05 09:31:42.211,0.006,0.0061,65.0,0.006,13.0,36464.0,234.0
2021-01-05 09:31:42.711,0.006,0.0061,50.0,0.006,13.0,36464.0,234.0
2021-01-05 09:31:43.191,0.006,0.006,15.0,0.0059,31.0,36474.0,262.0
2021-01-05 09:31:43.191,0.006,0.0061,50.0,0.0059,1.0,36474.0,262.0
2021-01-05 09:31:44.190,0.006,0.0061,50.0,0.006,3.0,36474.0,262.0
2021-01-05 09:31:44.670,0.006,0.006,15.0,0.0059,1.0,36474.0,265.0
2021-01-05 09:31:45.170,0.006,0.006,15.0,0.0059,51.0,36474.0,265.0
2021-01-05 09:31:45.700,0.006,0.0061,50.0,0.0059,21.0,36474.0,265.0
2021-01-05 09:31:46.071,0.006,0.0061,65.0,0.006,3.0,36474.0,265.0
2021-01-05 09:31:46.701,0.006,0.0061,50.0,0.006,8.0,36474.0,265.0
2021-01-05 09:31:46.970,0.006,0.0061,50.0,0.0059,31.0,36479.0,293.0
2021-01-05 09:31:47.690,0.006,0.0061,65.0,0.006,3.0,36479.0,293.0
2021-01-05 09:31:48.691,0.0061,0.0061,51.0,0.006,2.0,36492.0,308.0
2021-01-05 09:31:49.221,0.0061,0.0061,51.0,0.006,2.0,36492.0,308.0
2021-01-05 09:31:49.711,0.0061,0.0061,51.0,0.006,22.0,36492.0,308.0
2021-01-05 09:31:50.191,0.0061,0.0061,35.0,0.006,32.0,36492.0,308.0
2021-01-05 09:31:50.710,0.0061,0.0061,20.0,0.006,32.0,36492.0,308.0
2021-01-05 09:31:51.210,0.0061,0.0061,20.0,0.006,32.0,36492.0,308.0
2021-01-05 09:31:51.701,0.0061,0.0061,20.0,0.006,32.0,36492.0,308.0
2021-01-05 09:31:52.220,0.0061,0.0061,15.0,0.006,62.0,36492.0,308.0
2021-01-05 09:31:52.621,0.0061,0.0061,15.0,0.006,62.0,36492.0,308.0
2021-01-05 09:31:53.171,0.0061,0.0061,15.0,0.006,62.0,36492.0,308.0
2021-01-05 09:31:53.640,0.0061,0.0062,45.0,0.006,62.0,36492.0,323.0
2021-01-05 09:31:54.151,0.0061,0.0062,15.0,0.006,62.0,36492.0,323.0
2021-01-05 09:31:54.641,0.0061,0.0062,15.0,0.006,62.0,36492.0,323.0
2021-01-05 09:31:55.670,0.0061,0.0062,15.0,0.006,62.0,36492.0,323.0
2021-01-05 09:31:56.110,0.0061,0.0062,15.0,0.006,62.0,36492.0,323.0
2021-01-05 09:31:57.651,0.0061,0.0062,15.0,0.0061,3.0,36492.0,323.0
2021-01-05 09:31:58.150,0.0061,0.0062,45.0,0.0061,23.0,36492.0,323.0
2021-01-05 09:31:58.640,0.0061,0.0062,30.0,0.006,42.0,36492.0,338.0
2021-01-05 09:31:59.180,0.0061,0.0062,45.0,0.0061,3.0,36492.0,338.0
2021-01-05 09:32:00.150,0.0061,0.0062,30.0,0.0061,3.0,36492.0,338.0
2021-01-05 09:32:00.650,0.0061,0.0062,30.0,0.0061,3.0,36492.0,338.0
2021-01-05 09:32:01.170,0.0061,0.0062,30.0,0.0061,23.0,36492.0,338.0
2021-01-05 09:32:01.670,0.0061,0.0062,45.0,0.0061,23.0,36492.0,338.0
2021-01-05 09:32:02.171,0.0061,0.0062,45.0,0.0061,23.0,36492.0,338.0
2021-01-05 09:32:02.671,0.0061,0.0062,45.0,0.0061,3.0,36492.0,338.0
2021-01-05 09:32:03.180,0.0061,0.0061,27.0,0.006,24.0,36492.0,341.0
2021-01-05 09:32:03.641,0.0061,0.0061,27.0,0.006,24.0,36492.0,341.0
2021-01-05 09:32:04.150,0.0061,0.0061,27.0,0.006,24.0,36492.0,341.0
2021-01-05 09:32:04.630,0.0061,0.0062,45.0,0.006,14.0,36492.0,341.0
2021-01-05 09:32:05.130,0.0061,0.0062,45.0,0.0061,3.0,36492.0,341.0
2021-01-05 09:32:05.660,0.0061,0.0062,30.0,0.0061,3.0,36492.0,341.0
2021-01-05 09:32:06.161,0.0061,0.0063,69.0,0.0061,3.0,36492.0,341.0
2021-01-05 09:32:06.680,0.0061,0.0062,30.0,0.0061,3.0,36492.0,341.0
2021-01-05 09:32:07.070,0.0061,0.0062,30.0,0.0061,3.0,36492.0,341.0
2021-01-05 09:32:07.671,0.0061,0.0062,30.0,0.0061,3.0,36492.0,341.0
2021-01-05 09:32:08.171,0.0061,0.0062,30.0,0.0061,3.0,36492.0,341.0
2021-01-05 09:32:08.670,0.0061,0.0062,30.0,0.0061,3.0,36492.0,341.0
2021-01-05 09:32:09.141,0.0061,0.0063,49.0,0.0061,3.0,36492.0,341.0
2021-01-05 09:32:10.161,0.0061,0.0062,30.0,0.0061,3.0,36492.0,341.0
2021-01-05 09:32:10.630,0.0061,0.0062,30.0,0.0061,3.0,36492.0,341.0
2021-01-05 09:32:11.170,0.0061,0.0062,45.0,0.0061,3.0,36492.0,341.0
2021-01-05 09:32:11.650,0.0061,0.0062,45.0,0.0061,3.0,36492.0,341.0
2021-01-05 09:32:12.161,0.0061,0.0062,45.0,0.0061,3.0,36492.0,341.0
2021-01-05 09:32:12.670,0.0061,0.0062,45.0,0.0061,3.0,36492.0,341.0
2021-01-05 09:32:13.680,0.0061,0.0062,45.0,0.0061,3.0,36492.0,341.0
2021-01-05 09:32:14.180,0.0061,0.0062,30.0,0.0061,3.0,36492.0,341.0
2021-01-05 09:32:14.660,0.0061,0.0062,30.0,0.0061,3.0,36492.0,341.0
2021-01-05 09:32:15.171,0.0061,0.0062,30.0,0.0061,3.0,36492.0,341.0
2021-01-05 09:32:15.671,0.0061,0.0062,30.0,0.0061,3.0,36492.0,341.0
2021-01-05 09:32:16.151,0.0061,0.0062,30.0,0.0061,3.0,36492.0,341.0
2021-01-05 09:32:17.161,0.0061,0.0062,30.0,0.0061,3.0,36492.0,341.0
2021-01-05 09:32:17.651,0.0061,0.0062,30.0,0.0061,3.0,36492.0,341.0
2021-01-05 09:32:18.130,0.0061,0.0062,45.0,0.0061,3.0,36492.0,341.0
2021-01-05 09:32:18.670,0.0061,0.0062,30.0,0.0061,23.0,36492.0,341.0
2021-01-05 09:32:19.131,0.0061,0.0062,30.0,0.0061,36.0,36492.0,341.0
2021-01-05 09:32:19.670,0.0062,0.0062,27.0,0.0061,23.0,36492.0,344.0
2021-01-05 09:32:20.151,0.0062,0.0062,18.0,0.0061,36.0,36492.0,353.0
2021-01-05 09:32:20.671,0.0062,0.0062,6.0,0.0061,16.0,36492.0,365.0
2021-01-05 09:32:21.171,0.0062,0.0063,19.0,0.0062,3.0,36498.0,371.0
2021-01-05 09:32:21.680,0.0062,0.0062,24.0,0.0061,3.0,36507.0,380.0
2021-01-05 09:32:22.181,0.0062,0.0062,24.0,0.0061,3.0,36507.0,380.0
2021-01-05 09:32:23.180,0.0062,0.0062,24.0,0.0061,3.0,36507.0,380.0
2021-01-05 09:32:24.160,0.0062,0.0062,24.0,0.0061,3.0,36507.0,380.0
2021-01-05 09:32:25.170,0.0062,0.0063,59.0,0.0061,3.0,36507.0,380.0
2021-01-05 09:32:25.670,0.0062,0.0063,59.0,0.0061,3.0,36507.0,380.0
2021-01-05 09:32:26.171,0.0062,0.0063,59.0,0.0061,33.0,36507.0,380.0
2021-01-05 09:32:26.650,0.0062,0.0063,46.0,0.0061,46.0,36507.0,380.0
2021-01-05 09:32:27.311,0.0062,0.0063,51.0,0.0061,66.0,36507.0,380.0
2021-01-05 09:32:28.171,0.0062,0.0063,51.0,0.0061,66.0,36507.0,380.0
2021-01-05 09:32:29.650,0.0062,0.0063,64.0,0.0061,63.0,36507.0,380.0
2021-01-05 09:32:30.671,0.0062,0.0063,64.0,0.0061,63.0,36507.0,380.0
2021-01-05 09:32:31.151,0.0062,0.0063,64.0,0.0061,63.0,36507.0,380.0
2021-01-05 09:32:31.691,0.0064,0.0063,34.0,0.0061,63.0,36552.0,429.0
2021-01-05 09:32:31.921,0.0064,0.0062,20.0,0.0061,63.0,36552.0,429.0
2021-01-05 09:32:32.690,0.0062,0.0062,15.0,0.0061,63.0,36552.0,434.0
2021-01-05 09:32:33.671,0.0062,0.0062,15.0,0.0061,76.0,36552.0,434.0
2021-01-05 09:32:34.171,0.0062,0.0062,5.0,0.0061,63.0,36552.0,444.0
2021-01-05 09:32:34.691,0.0062,0.0062,5.0,0.0061,63.0,36552.0,444.0
2021-01-05 09:32:36.190,0.0062,0.0062,5.0,0.0061,76.0,36552.0,444.0
2021-01-05 09:32:36.691,0.0062,0.0062,5.0,0.0061,63.0,36552.0,444.0
2021-01-05 09:32:37.661,0.0062,0.0062,5.0,0.0061,64.0,36552.0,444.0
2021-01-05 09:32:39.200,0.0062,0.0062,5.0,0.0061,77.0,36552.0,444.0
2021-01-05 09:32:39.630,0.0062,0.0062,5.0,0.0061,77.0,36552.0,444.0
2021-01-05 09:32:40.151,0.0062,0.0062,5.0,0.0061,64.0,36552.0,444.0
2021-01-05 09:32:40.641,0.0062,0.0062,5.0,0.0061,64.0,36552.0,444.0
2021-01-05 09:32:41.200,0.0062,0.0062,5.0,0.0061,64.0,36552.0,444.0
2021-01-05 09:32:41.690,0.0062,0.0062,5.0,0.0061,64.0,36552.0,444.0
2021-01-05 09:32:42.161,0.0062,0.0062,5.0,0.0061,64.0,36552.0,444.0
2021-01-05 09:32:43.580,0.0062,0.0063,58.0,0.0061,64.0,36552.0,444.0
2021-01-05 09:32:44.151,0.0062,0.0063,58.0,0.0061,64.0,36552.0,444.0
2021-01-05 09:32:45.190,0.0062,0.0063,58.0,0.0061,34.0,36552.0,444.0
2021-01-05 09:32:45.580,0.0062,0.0063,58.0,0.0061,64.0,36552.0,444.0
2021-01-05 09:32:46.160,0.0062,0.0063,58.0,0.0061,64.0,36552.0,444.0
2021-01-05 09:32:46.621,0.0062,0.0063,30.0,0.0061,77.0,36552.0,444.0
2021-01-05 09:32:47.201,0.0062,0.0063,30.0,0.0061,77.0,36552.0,444.0
2021-01-05 09:32:47.701,0.0062,0.0063,30.0,0.0061,77.0,36552.0,444.0
2021-01-05 09:32:48.690,0.0062,0.0064,43.0,0.0061,77.0,36552.0,444.0
2021-01-05 09:32:49.670,0.0062,0.0065,176.0,0.0062,43.0,36552.0,444.0
2021-01-05 09:32:50.171,0.0062,0.0065,136.0,0.0063,30.0,36552.0,444.0
2021-01-05 09:32:50.650,0.0062,0.0064,30.0,0.0062,13.0,36552.0,444.0
2021-01-05 09:32:51.170,0.0062,0.0064,30.0,0.0061,99.0,36552.0,444.0
2021-01-05 09:32:51.701,0.0062,0.0064,13.0,0.0062,60.0,36552.0,444.0
2021-01-05 09:32:52.191,0.0062,0.0064,58.0,0.0062,42.0,36552.0,452.0
2021-01-05 09:32:52.671,0.0062,0.0064,58.0,0.0062,50.0,36552.0,452.0
2021-01-05 09:32:53.161,0.0062,0.0064,58.0,0.0062,50.0,36552.0,452.0
2021-01-05 09:32:53.641,0.0062,0.0064,58.0,0.0062,30.0,36552.0,452.0
2021-01-05 09:32:54.181,0.0062,0.0063,13.0,0.0061,64.0,36552.0,452.0
2021-01-05 09:32:54.521,0.0062,0.0063,58.0,0.0061,64.0,36552.0,452.0
2021-01-05 09:32:55.161,0.0062,0.0063,28.0,0.0061,64.0,36552.0,452.0
2021-01-05 09:32:55.650,0.0062,0.0064,43.0,0.0061,77.0,36552.0,452.0
2021-01-05 09:32:56.150,0.0062,0.0064,43.0,0.0062,30.0,36552.0,452.0
2021-01-05 09:32:56.611,0.0062,0.0065,166.0,0.0063,20.0,36552.0,452.0
2021-01-05 09:32:57.151,0.0062,0.0064,43.0,0.0063,20.0,36552.0,452.0
2021-01-05 09:32:57.600,0.0062,0.0064,58.0,0.0063,20.0,36552.0,452.0
2021-01-05 09:32:58.651,0.0062,0.0064,58.0,0.0063,20.0,36552.0,452.0
2021-01-05 09:32:59.621,0.0062,0.0064,43.0,0.0063,20.0,36552.0,452.0
2021-01-05 09:33:00.111,0.0062,0.0064,45.0,0.0063,20.0,36552.0,452.0
2021-01-05 09:33:00.651,0.0062,0.0064,30.0,0.0063,20.0,36552.0,452.0
2021-01-05 09:33:01.141,0.0062,0.0064,43.0,0.0063,40.0,36552.0,452.0
2021-01-05 09:33:01.661,0.0064,0.0064,53.0,0.0063,40.0,36557.0,457.0
2021-01-05 09:33:02.130,0.0064,0.0064,53.0,0.0063,40.0,36557.0,457.0
2021-01-05 09:33:02.651,0.0063,0.0064,38.0,0.0062,20.0,36557.0,477.0
2021-01-05 09:33:03.121,0.0063,0.0063,30.0,0.0061,97.0,36557.0,477.0
2021-01-05 09:33:04.140,0.0063,0.0063,30.0,0.0061,67.0,36557.0,477.0
2021-01-05 09:33:04.651,0.0063,0.0063,43.0,0.0061,54.0,36557.0,477.0
2021-01-05 09:33:05.181,0.0063,0.0063,30.0,0.0061,67.0,36557.0,477.0
2021-01-05 09:33:05.690,0.0063,0.0063,58.0,0.0061,14.0,36557.0,477.0
2021-01-05 09:33:06.170,0.0063,0.0063,58.0,0.0061,14.0,36557.0,477.0
2021-01-05 09:33:06.681,0.0063,0.0063,58.0,0.0061,14.0,36557.0,477.0
2021-01-05 09:33:07.171,0.0063,0.0062,30.0,0.0061,14.0,36557.0,477.0
2021-01-05 09:33:07.601,0.0063,0.0063,58.0,0.0061,14.0,36557.0,477.0
2021-01-05 09:33:08.191,0.0063,0.0063,43.0,0.0061,14.0,36557.0,477.0
2021-01-05 09:33:08.681,0.0063,0.0063,43.0,0.0061,44.0,36557.0,477.0
2021-01-05 09:33:09.181,0.0063,0.0063,45.0,0.0061,64.0,36557.0,477.0
2021-01-05 09:33:09.651,0.0063,0.0063,30.0,0.0061,77.0,36557.0,477.0
2021-01-05 09:33:10.180,0.0063,0.0063,43.0,0.0061,44.0,36557.0,477.0
2021-01-05 09:33:10.681,0.0063,0.0062,30.0,0.0061,14.0,36557.0,477.0
2021-01-05 09:33:11.670,0.0063,0.0062,30.0,0.0061,14.0,36557.0,477.0
2021-01-05 09:33:12.181,0.0063,0.0062,30.0,0.0061,14.0,36557.0,477.0
2021-01-05 09:33:12.650,0.0063,0.0063,43.0,0.0061,64.0,36557.0,477.0
2021-01-05 09:33:13.100,0.0063,0.0063,30.0,0.0061,77.0,36557.0,477.0
2021-01-05 09:33:13.691,0.0063,0.0063,43.0,0.0061,64.0,36557.0,477.0
2021-01-05 09:33:14.110,0.0063,0.0063,43.0,0.0061,34.0,36557.0,477.0
2021-01-05 09:33:14.650,0.0063,0.0063,43.0,0.0061,34.0,36557.0,477.0
2021-01-05 09:33:15.140,0.0063,0.0063,58.0,0.0061,34.0,36557.0,477.0
2021-01-05 09:33:15.651,0.0063,0.0062,30.0,0.0061,34.0,36557.0,477.0
2021-01-05 09:33:16.181,0.0063,0.0062,30.0,0.0061,34.0,36557.0,477.0
2021-01-05 09:33:16.671,0.0063,0.0062,30.0,0.0061,14.0,36557.0,477.0
2021-01-05 09:33:17.190,0.0063,0.0062,43.0,0.0061,14.0,36557.0,477.0
2021-01-05 09:33:18.160,0.0063,0.0062,30.0,0.0061,14.0,36557.0,477.0
2021-01-05 09:33:18.680,0.0063,0.0062,43.0,0.0061,20.0,36557.0,477.0
2021-01-05 09:33:19.191,0.0063,0.0062,43.0,0.0061,20.0,36557.0,477.0
2021-01-05 09:33:19.660,0.0063,0.0062,43.0,0.0061,20.0,36557.0,477.0
2021-01-05 09:33:20.171,0.0063,0.0062,43.0,0.0061,20.0,36557.0,477.0
2021-01-05 09:33:20.680,0.0062,0.0062,18.0,0.0061,20.0,36582.0,502.0
2021-01-05 09:33:21.160,0.0062,0.0062,18.0,0.0061,20.0,36582.0,502.0
2021-01-05 09:33:21.681,0.0062,0.0062,18.0,0.0061,20.0,36582.0,502.0
2021-01-05 09:33:22.670,0.0062,0.0062,18.0,0.0061,20.0,36582.0,502.0
2021-01-05 09:33:23.660,0.0062,0.0062,18.0,0.0061,20.0,36582.0,502.0
2021-01-05 09:33:24.171,0.0062,0.0062,18.0,0.0061,20.0,36582.0,502.0
2021-01-05 09:33:25.151,0.0062,0.0062,18.0,0.0061,20.0,36582.0,502.0
2021-01-05 09:33:25.671,0.0062,0.0062,18.0,0.0061,20.0,36582.0,502.0
2021-01-05 09:33:26.651,0.0062,0.0063,78.0,0.0061,20.0,36582.0,502.0
2021-01-05 09:33:27.171,0.0062,0.0062,43.0,0.0061,20.0,36582.0,502.0
2021-01-05 09:33:27.681,0.0062,0.0062,13.0,0.0061,20.0,36582.0,502.0
2021-01-05 09:33:28.180,0.0062,0.0062,13.0,0.0061,20.0,36582.0,502.0
2021-01-05 09:33:28.670,0.0062,0.0062,43.0,0.0061,20.0,36582.0,502.0
2021-01-05 09:33:29.171,0.0062,0.0062,43.0,0.0061,20.0,36582.0,502.0
2021-01-05 09:33:30.180,0.0062,0.0062,13.0,0.0061,20.0,36582.0,502.0
2021-01-05 09:33:30.670,0.0062,0.0062,13.0,0.0061,20.0,36582.0,502.0
2021-01-05 09:33:31.231,0.0062,0.0062,28.0,0.0061,20.0,36582.0,502.0
2021-01-05 09:33:32.170,0.0062,0.0062,13.0,0.0061,20.0,36582.0,502.0
2021-01-05 09:33:32.620,0.0062,0.0062,13.0,0.0061,20.0,36582.0,502.0
2021-01-05 09:33:33.171,0.0062,0.0062,13.0,0.0061,20.0,36582.0,502.0
2021-01-05 09:33:34.070,0.0062,0.0062,13.0,0.0061,20.0,36582.0,502.0
2021-01-05 09:33:34.671,0.0062,0.0062,13.0,0.0061,20.0,36582.0,502.0
2021-01-05 09:33:35.171,0.0062,0.0062,28.0,0.0061,20.0,36582.0,502.0
2021-01-05 09:33:35.690,0.0062,0.0062,13.0,0.0061,20.0,36582.0,502.0
2021-01-05 09:33:36.101,0.0062,0.0062,28.0,0.0061,20.0,36582.0,502.0
2021-01-05 09:33:36.681,0.0062,0.0062,28.0,0.0061,20.0,36582.0,502.0
2021-01-05 09:33:37.190,0.0062,0.0062,58.0,0.0061,20.0,36582.0,502.0
2021-01-05 09:33:37.640,0.0062,0.0062,58.0,0.0061,20.0,36582.0,502.0
2021-01-05 09:33:38.110,0.0061,0.0061,30.0,0.006,85.0,36578.0,522.0
2021-01-05 09:33:38.571,0.0061,0.0061,30.0,0.006,85.0,36578.0,522.0
2021-01-05 09:33:39.201,0.0061,0.0061,30.0,0.006,85.0,36578.0,522.0
2021-01-05 09:33:39.641,0.0061,0.0061,30.0,0.006,85.0,36578.0,522.0
2021-01-05 09:33:40.160,0.0061,0.0061,30.0,0.006,98.0,36578.0,522.0
2021-01-05 09:33:40.690,0.0061,0.0061,30.0,0.006,98.0,36578.0,522.0
2021-01-05 09:33:41.171,0.0061,0.0061,26.0,0.006,98.0,36578.0,526.0
2021-01-05 09:33:41.691,0.006,0.0061,26.0,0.006,35.0,36539.0,576.0
2021-01-05 09:33:42.160,0.0061,0.0062,13.0,0.0061,4.0,36513.0,602.0
2021-01-05 09:33:42.640,0.0061,0.0063,108.0,0.0061,4.0,36513.0,602.0
2021-01-05 09:33:43.180,0.0061,0.0063,58.0,0.0061,4.0,36513.0,602.0
2021-01-05 09:33:43.681,0.0061,0.0062,13.0,0.0061,24.0,36513.0,602.0
2021-01-05 09:33:44.110,0.0061,0.0062,13.0,0.0061,24.0,36513.0,602.0
2021-01-05 09:33:44.671,0.0061,0.0062,13.0,0.006,65.0,36513.0,602.0
2021-01-05 09:33:45.180,0.0061,0.0062,13.0,0.006,65.0,36513.0,602.0
2021-01-05 09:33:45.660,0.0061,0.0062,13.0,0.006,65.0,36513.0,602.0
2021-01-05 09:33:46.161,0.0061,0.0062,13.0,0.0061,30.0,36513.0,602.0
2021-01-05 09:33:46.680,0.0061,0.0062,13.0,0.0061,50.0,36513.0,602.0
2021-01-05 09:33:47.191,0.0061,0.0063,58.0,0.0061,30.0,36513.0,602.0
2021-01-05 09:33:47.681,0.0061,0.0063,58.0,0.0061,30.0,36513.0,602.0
2021-01-05 09:33:48.171,0.006,0.0063,58.0,0.006,43.0,36463.0,652.0
2021-01-05 09:33:48.680,0.006,0.0063,58.0,0.0061,30.0,36463.0,652.0
2021-01-05 09:33:49.120,0.006,0.0063,58.0,0.0061,30.0,36463.0,652.0
2021-01-05 09:33:49.681,0.006,0.0063,58.0,0.0061,30.0,36463.0,652.0
2021-01-05 09:33:50.130,0.006,0.0063,58.0,0.0061,36.0,36463.0,652.0
2021-01-05 09:33:50.670,0.006,0.0062,15.0,0.0061,36.0,36463.0,652.0
2021-01-05 09:33:51.141,0.006,0.0062,15.0,0.0061,36.0,36463.0,652.0
2021-01-05 09:33:51.581,0.0061,0.0062,15.0,0.0061,35.0,36462.0,653.0
2021-01-05 09:33:52.190,0.0061,0.0062,15.0,0.0061,35.0,36462.0,653.0
2021-01-05 09:33:52.661,0.0061,0.0063,43.0,0.0061,35.0,36462.0,653.0
2021-01-05 09:33:52.960,0.0061,0.0063,58.0,0.0061,35.0,36462.0,653.0
2021-01-05 09:33:53.650,0.0061,0.0063,43.0,0.0061,35.0,36462.0,653.0
2021-01-05 09:33:54.180,0.0061,0.0063,58.0,0.0061,35.0,36462.0,653.0
2021-01-05 09:33:54.610,0.0061,0.0063,58.0,0.0061,35.0,36462.0,653.0
2021-01-05 09:33:55.650,0.0061,0.0063,45.0,0.0061,35.0,36462.0,653.0
2021-01-05 09:33:56.120,0.0061,0.0063,58.0,0.0061,34.0,36461.0,654.0
2021-01-05 09:33:56.681,0.0061,0.0062,13.0,0.0061,34.0,36461.0,654.0
2021-01-05 09:33:57.171,0.0061,0.0062,13.0,0.0061,34.0,36461.0,654.0
2021-01-05 09:33:57.671,0.0061,0.0063,58.0,0.0061,4.0,36463.0,684.0
2021-01-05 09:33:58.170,0.0061,0.0063,28.0,0.0061,54.0,36463.0,684.0
2021-01-05 09:33:58.670,0.0061,0.0063,28.0,0.0061,60.0,36463.0,684.0
2021-01-05 09:33:59.140,0.0061,0.0063,28.0,0.0061,60.0,36463.0,684.0
2021-01-05 09:33:59.690,0.0061,0.0064,58.0,0.0061,73.0,36463.0,684.0
2021-01-05 09:34:00.191,0.0061,0.0064,58.0,0.0061,73.0,36463.0,684.0
2021-01-05 09:34:00.671,0.0061,0.0064,58.0,0.0062,30.0,36463.0,684.0
2021-01-05 09:34:01.081,0.0061,0.0064,58.0,0.0062,30.0,36463.0,684.0
2021-01-05 09:34:01.661,0.0061,0.0064,58.0,0.0062,30.0,36463.0,684.0
2021-01-05 09:34:02.170,0.0061,0.0064,58.0,0.0061,73.0,36463.0,684.0
2021-01-05 09:34:02.671,0.0061,0.0064,58.0,0.0061,73.0,36463.0,684.0
2021-01-05 09:34:03.171,0.0061,0.0064,43.0,0.0062,30.0,36463.0,684.0
2021-01-05 09:34:04.020,0.0061,0.0064,43.0,0.0062,30.0,36463.0,684.0
2021-01-05 09:34:04.671,0.0061,0.0064,43.0,0.0062,30.0,36463.0,684.0
2021-01-05 09:34:05.121,0.0061,0.0064,58.0,0.0062,30.0,36463.0,684.0
2021-01-05 09:34:06.191,0.0062,0.0064,58.0,0.0062,20.0,36473.0,694.0
2021-01-05 09:34:06.681,0.0062,0.0064,58.0,0.0063,20.0,36473.0,694.0
2021-01-05 09:34:07.130,0.0062,0.0064,58.0,0.0063,20.0,36473.0,694.0
2021-01-05 09:34:08.171,0.0062,0.0064,28.0,0.0063,20.0,36473.0,694.0
2021-01-05 09:34:08.690,0.0062,0.0064,28.0,0.0063,20.0,36473.0,694.0
2021-01-05 09:34:09.170,0.0062,0.0064,28.0,0.0063,20.0,36473.0,694.0
2021-01-05 09:34:09.670,0.0062,0.0064,43.0,0.0063,20.0,36473.0,694.0
2021-01-05 09:34:10.140,0.0063,0.0064,43.0,0.0062,40.0,36473.0,714.0
2021-01-05 09:34:10.690,0.0063,0.0064,58.0,0.0062,60.0,36473.0,714.0
2021-01-05 09:34:11.151,0.0063,0.0064,58.0,0.0062,60.0,36473.0,714.0
2021-01-05 09:34:11.681,0.0063,0.0063,30.0,0.0062,20.0,36473.0,714.0
2021-01-05 09:34:12.081,0.0063,0.0063,13.0,0.0062,20.0,36473.0,714.0
2021-01-05 09:34:12.621,0.0063,0.0063,13.0,0.0062,50.0,36473.0,714.0
2021-01-05 09:34:13.191,0.0063,0.0063,28.0,0.0062,20.0,36473.0,714.0
2021-01-05 09:34:13.671,0.0063,0.0063,58.0,0.0062,20.0,36473.0,714.0
2021-01-05 09:34:14.181,0.0063,0.0063,58.0,0.0062,20.0,36473.0,714.0
2021-01-05 09:34:14.691,0.0063,0.0063,58.0,0.0062,20.0,36473.0,714.0
2021-01-05 09:34:15.181,0.0063,0.0063,58.0,0.0062,20.0,36473.0,714.0
2021-01-05 09:34:15.681,0.0063,0.0063,43.0,0.0062,20.0,36473.0,714.0
2021-01-05 09:34:16.190,0.0063,0.0063,43.0,0.0062,20.0,36473.0,714.0
2021-01-05 09:34:16.630,0.0063,0.0064,58.0,0.0062,20.0,36473.0,714.0
2021-01-05 09:34:17.070,0.0063,0.0064,58.0,0.0062,20.0,36473.0,714.0
2021-01-05 09:34:17.690,0.0063,0.0064,43.0,0.0062,50.0,36473.0,714.0
2021-01-05 09:34:18.201,0.0063,0.0064,43.0,0.0062,50.0,36473.0,714.0
2021-01-05 09:34:18.620,0.0063,0.0064,43.0,0.0062,50.0,36473.0,714.0
2021-01-05 09:34:19.041,0.0063,0.0064,43.0,0.0062,50.0,36473.0,714.0
2021-01-05 09:34:19.700,0.0063,0.0064,43.0,0.0062,20.0,36473.0,714.0
2021-01-05 09:34:20.180,0.0063,0.0064,43.0,0.0062,20.0,36473.0,714.0
2021-01-05 09:34:20.651,0.0064,0.0064,38.0,0.0062,50.0,36478.0,719.0
2021-01-05 09:34:21.200,0.0064,0.0064,38.0,0.0062,50.0,36478.0,719.0
2021-01-05 09:34:22.191,0.0062,0.0064,38.0,0.0062,47.0,36475.0,722.0
2021-01-05 09:34:22.651,0.0062,0.0064,38.0,0.0062,47.0,36475.0,722.0
2021-01-05 09:34:23.181,0.0062,0.0064,38.0,0.0062,47.0,36475.0,722.0
2021-01-05 09:34:23.661,0.0062,0.0064,38.0,0.0062,47.0,36475.0,722.0
2021-01-05 09:34:24.170,0.0062,0.0063,13.0,0.0062,47.0,36475.0,722.0
2021-01-05 09:34:24.441,0.0062,0.0064,53.0,0.0062,47.0,36475.0,722.0
2021-01-05 09:34:25.150,0.0062,0.0064,40.0,0.0062,60.0,36475.0,722.0
2021-01-05 09:34:25.671,0.0062,0.0064,25.0,0.0062,80.0,36475.0,722.0
2021-01-05 09:34:26.170,0.0062,0.0064,38.0,0.0062,67.0,36475.0,722.0
2021-01-05 09:34:26.641,0.0064,0.0064,20.0,0.0062,80.0,36480.0,727.0
2021-01-05 09:34:27.150,0.0064,0.0064,20.0,0.0062,67.0,36480.0,727.0
2021-01-05 09:34:27.690,0.0064,0.0064,33.0,0.0062,67.0,36480.0,727.0
2021-01-05 09:34:28.120,0.0064,0.0064,33.0,0.0062,47.0,36480.0,727.0
2021-01-05 09:34:28.621,0.0064,0.0064,13.0,0.0062,67.0,36480.0,727.0
2021-01-05 09:34:29.101,0.0064,0.0064,28.0,0.0062,67.0,36480.0,727.0
2021-01-05 09:34:30.170,0.0064,0.0064,13.0,0.0062,67.0,36480.0,727.0
2021-01-05 09:34:30.681,0.0064,0.0064,43.0,0.0062,47.0,36480.0,727.0
2021-01-05 09:34:31.190,0.0064,0.0064,43.0,0.0062,47.0,36480.0,727.0
2021-01-05 09:34:31.691,0.0064,0.0064,13.0,0.0062,67.0,36480.0,727.0
2021-01-05 09:34:32.690,0.0064,0.0064,13.0,0.0062,67.0,36480.0,727.0
2021-01-05 09:34:33.090,0.0064,0.0065,166.0,0.0062,80.0,36480.0,727.0
2021-01-05 09:34:33.691,0.0064,0.0065,166.0,0.0063,30.0,36480.0,727.0
2021-01-05 09:34:34.171,0.0064,0.0065,166.0,0.0063,30.0,36480.0,727.0
2021-01-05 09:34:34.640,0.0064,0.0065,166.0,0.0063,30.0,36480.0,727.0
2021-01-05 09:34:35.691,0.0064,0.0065,151.0,0.0063,30.0,36480.0,727.0
2021-01-05 09:34:36.171,0.0064,0.0065,166.0,0.0063,30.0,36480.0,727.0
2021-01-05 09:34:36.680,0.0064,0.0065,166.0,0.0064,10.0,36480.0,727.0
2021-01-05 09:34:37.161,0.0064,0.0065,166.0,0.0064,10.0,36480.0,727.0
2021-01-05 09:34:38.690,0.0064,0.0065,136.0,0.0064,10.0,36480.0,727.0
2021-01-05 09:34:39.470,0.0064,0.0065,136.0,0.0064,15.0,36480.0,727.0
2021-01-05 09:34:40.171,0.0064,0.0065,136.0,0.0064,35.0,36480.0,727.0
2021-01-05 09:34:40.651,0.0064,0.0065,166.0,0.0064,35.0,36480.0,727.0
2021-01-05 09:34:41.201,0.0064,0.0065,136.0,0.0064,35.0,36480.0,727.0
2021-01-05 09:34:41.700,0.0064,0.0065,136.0,0.0064,35.0,36480.0,727.0
2021-01-05 09:34:42.680,0.0064,0.0065,108.0,0.0064,32.0,36480.0,730.0
2021-01-05 09:34:43.191,0.0064,0.0065,108.0,0.0064,34.0,36480.0,730.0
2021-01-05 09:34:44.011,0.0064,0.0065,151.0,0.0064,34.0,36480.0,730.0
2021-01-05 09:34:44.701,0.0065,0.0065,146.0,0.0064,34.0,36480.0,735.0
2021-01-05 09:34:45.200,0.0065,0.0065,116.0,0.0064,34.0,36480.0,735.0
2021-01-05 09:34:45.721,0.0065,0.0065,103.0,0.0064,34.0,36480.0,735.0
2021-01-05 09:34:49.701,0.0065,0.0065,133.0,0.0064,34.0,36480.0,735.0
2021-01-05 09:34:50.220,0.0065,0.0065,133.0,0.0064,36.0,36480.0,735.0
2021-01-05 09:34:50.700,0.0065,0.0065,133.0,0.0064,36.0,36480.0,735.0
2021-01-05 09:34:51.200,0.0065,0.0065,130.0,0.0064,36.0,36477.0,738.0
2021-01-05 09:34:51.511,0.0065,0.0065,143.0,0.0064,36.0,36477.0,738.0
2021-01-05 09:34:52.220,0.0065,0.0065,143.0,0.0064,36.0,36477.0,738.0
2021-01-05 09:34:52.650,0.0065,0.0065,158.0,0.0064,36.0,36477.0,738.0
2021-01-05 09:34:53.180,0.0065,0.0065,130.0,0.0064,36.0,36477.0,738.0
2021-01-05 09:34:53.651,0.0065,0.0065,130.0,0.0064,36.0,36477.0,738.0
2021-01-05 09:34:54.170,0.0065,0.0065,100.0,0.0064,56.0,36477.0,738.0
2021-01-05 09:34:54.631,0.0065,0.0065,100.0,0.0064,56.0,36477.0,738.0
2021-01-05 09:34:55.161,0.0065,0.0065,100.0,0.0064,99.0,36477.0,738.0
2021-01-05 09:34:55.680,0.0065,0.0065,100.0,0.0064,49.0,36477.0,738.0
2021-01-05 09:34:55.970,0.0065,0.0065,100.0,0.0064,72.0,36477.0,738.0
2021-01-05 09:34:56.681,0.0065,0.0065,100.0,0.0064,79.0,36477.0,738.0
2021-01-05 09:34:57.171,0.0065,0.0065,100.0,0.0064,92.0,36477.0,738.0
2021-01-05 09:34:57.670,0.0065,0.0065,100.0,0.0064,49.0,36477.0,738.0
2021-01-05 09:34:58.160,0.0065,0.0065,100.0,0.0064,79.0,36477.0,738.0
2021-01-05 09:34:58.640,0.0065,0.0065,100.0,0.0064,49.0,36477.0,738.0
2021-01-05 09:34:59.151,0.0065,0.0065,100.0,0.0064,79.0,36477.0,738.0
2021-01-05 09:35:00.160,0.0065,0.0065,100.0,0.0064,79.0,36477.0,738.0
2021-01-05 09:35:00.640,0.0065,0.0065,100.0,0.0064,49.0,36477.0,738.0
2021-01-05 09:35:01.080,0.0065,0.0065,100.0,0.0064,49.0,36477.0,738.0
2021-01-05 09:35:01.620,0.0064,0.0065,100.0,0.0064,39.0,36486.0,748.0
2021-01-05 09:35:02.181,0.0064,0.0065,143.0,0.0064,39.0,36486.0,748.0
2021-01-05 09:35:02.680,0.0064,0.0065,143.0,0.0064,39.0,36486.0,748.0
2021-01-05 09:35:03.180,0.0064,0.0065,158.0,0.0064,19.0,36486.0,748.0
2021-01-05 09:35:03.631,0.0064,0.0065,145.0,0.0064,19.0,36486.0,748.0
2021-01-05 09:35:04.181,0.0064,0.0065,130.0,0.0064,19.0,36486.0,748.0
2021-01-05 09:35:05.131,0.0064,0.0065,158.0,0.0064,19.0,36486.0,748.0
2021-01-05 09:35:05.671,0.0064,0.0065,145.0,0.0064,39.0,36486.0,748.0
2021-01-05 09:35:06.180,0.0064,0.0065,130.0,0.0064,39.0,36486.0,748.0
2021-01-05 09:35:06.680,0.0064,0.0065,130.0,0.0064,39.0,36486.0,748.0
2021-01-05 09:35:07.181,0.0065,0.0065,128.0,0.0064,39.0,36486.0,750.0
2021-01-05 09:35:07.650,0.0065,0.0065,98.0,0.0064,52.0,36486.0,750.0
2021-01-05 09:35:08.171,0.0065,0.0065,98.0,0.0064,82.0,36486.0,750.0
2021-01-05 09:35:09.100,0.0065,0.0065,96.0,0.0064,79.0,36481.0,755.0
2021-01-05 09:35:09.700,0.0065,0.0065,96.0,0.0064,79.0,36481.0,755.0
2021-01-05 09:35:10.691,0.0065,0.0065,96.0,0.0064,79.0,36481.0,755.0
2021-01-05 09:35:11.680,0.0065,0.0065,96.0,0.0064,79.0,36481.0,755.0
2021-01-05 09:35:12.101,0.0065,0.0065,96.0,0.0064,79.0,36481.0,755.0
2021-01-05 09:35:12.691,0.0065,0.0065,95.0,0.0064,79.0,36480.0,756.0
2021-01-05 09:35:13.160,0.0065,0.0065,93.0,0.0064,49.0,36478.0,758.0
2021-01-05 09:35:13.640,0.0065,0.0065,93.0,0.0064,49.0,36478.0,758.0
2021-01-05 09:35:14.191,0.0065,0.0065,123.0,0.0064,36.0,36478.0,758.0
2021-01-05 09:35:14.700,0.0065,0.0065,123.0,0.0064,16.0,36478.0,758.0
2021-01-05 09:35:15.171,0.0065,0.0065,123.0,0.0064,16.0,36478.0,758.0
2021-01-05 09:35:15.701,0.0065,0.0065,136.0,0.0064,16.0,36478.0,758.0
2021-01-05 09:35:16.151,0.0065,0.0065,106.0,0.0064,36.0,36478.0,758.0
2021-01-05 09:35:16.660,0.0065,0.0065,123.0,0.0064,36.0,36478.0,758.0
2021-01-05 09:35:17.190,0.0065,0.0065,123.0,0.0064,36.0,36478.0,758.0
2021-01-05 09:35:17.680,0.0065,0.0065,123.0,0.0064,16.0,36478.0,758.0
2021-01-05 09:35:18.170,0.0065,0.0065,123.0,0.0064,16.0,36478.0,758.0
2021-01-05 09:35:18.681,0.0065,0.0065,123.0,0.0064,16.0,36478.0,758.0
2021-01-05 09:35:19.180,0.0064,0.0064,14.0,0.0063,43.0,36478.0,774.0
2021-01-05 09:35:19.641,0.0064,0.0064,14.0,0.0063,63.0,36478.0,774.0
2021-01-05 09:35:20.170,0.0064,0.0064,14.0,0.0063,63.0,36478.0,774.0
2021-01-05 09:35:20.681,0.0064,0.0065,136.0,0.0063,50.0,36478.0,774.0
2021-01-05 09:35:21.180,0.0065,0.0065,131.0,0.0063,50.0,36478.0,779.0
2021-01-05 09:35:21.601,0.0065,0.0065,118.0,0.0063,93.0,36478.0,779.0
2021-01-05 09:35:22.020,0.0065,0.0065,118.0,0.0064,13.0,36478.0,779.0
2021-01-05 09:35:22.581,0.0065,0.0065,118.0,0.0064,13.0,36478.0,779.0
2021-01-05 09:35:23.130,0.0065,0.0065,118.0,0.0064,33.0,36478.0,779.0
2021-01-05 09:35:23.680,0.0065,0.0065,118.0,0.0064,20.0,36478.0,779.0
2021-01-05 09:35:24.171,0.0065,0.0065,118.0,0.0063,94.0,36478.0,779.0
2021-01-05 09:35:24.671,0.0065,0.0065,118.0,0.0063,94.0,36478.0,779.0
2021-01-05 09:35:25.170,0.0065,0.0065,118.0,0.0063,94.0,36478.0,779.0
2021-01-05 09:35:25.660,0.0065,0.0065,118.0,0.0064,13.0,36478.0,779.0
2021-01-05 09:35:26.171,0.0064,0.0065,118.0,0.0064,30.0,36475.0,782.0
2021-01-05 09:35:26.651,0.0064,0.0065,118.0,0.0064,33.0,36475.0,782.0
2021-01-05 09:35:27.120,0.0065,0.0065,117.0,0.0064,20.0,36474.0,783.0
2021-01-05 09:35:27.641,0.0065,0.0065,117.0,0.0064,13.0,36474.0,783.0
2021-01-05 09:35:27.941,0.0065,0.0065,117.0,0.0064,20.0,36474.0,783.0
2021-01-05 09:35:28.680,0.0065,0.0065,117.0,0.0063,109.0,36474.0,783.0
2021-01-05 09:35:29.641,0.0065,0.0065,117.0,0.0063,98.0,36474.0,783.0
2021-01-05 09:35:30.121,0.0065,0.0065,117.0,0.0063,98.0,36474.0,783.0
2021-01-05 09:35:30.690,0.0065,0.0065,117.0,0.0063,98.0,36474.0,783.0
2021-01-05 09:35:31.170,0.0065,0.0065,117.0,0.0063,98.0,36474.0,783.0
2021-01-05 09:35:31.700,0.0065,0.0065,117.0,0.0063,98.0,36474.0,783.0
2021-01-05 09:35:32.150,0.0065,0.0065,117.0,0.0063,113.0,36474.0,783.0
2021-01-05 09:35:32.691,0.0065,0.0065,117.0,0.0063,98.0,36474.0,783.0
2021-01-05 09:35:33.191,0.0065,0.0065,117.0,0.0063,98.0,36474.0,783.0
2021-01-05 09:35:33.650,0.0065,0.0065,117.0,0.0064,13.0,36474.0,783.0
2021-01-05 09:35:34.180,0.0065,0.0065,87.0,0.0064,33.0,36474.0,783.0
2021-01-05 09:35:35.690,0.0065,0.0065,87.0,0.0064,33.0,36474.0,783.0
2021-01-05 09:35:36.180,0.0065,0.0065,87.0,0.0064,33.0,36474.0,783.0
2021-01-05 09:35:36.620,0.0065,0.0065,86.0,0.0064,33.0,36473.0,784.0
2021-01-05 09:35:37.171,0.0065,0.0065,86.0,0.0064,50.0,36473.0,784.0
2021-01-05 09:35:37.640,0.0065,0.0065,86.0,0.0064,63.0,36473.0,784.0
2021-01-05 09:35:38.651,0.0065,0.0065,86.0,0.0064,33.0,36473.0,784.0
2021-01-05 09:35:39.690,0.0065,0.0065,77.0,0.0064,33.0,36464.0,793.0
2021-01-05 09:35:40.191,0.0065,0.0065,107.0,0.0064,33.0,36464.0,793.0
2021-01-05 09:35:40.691,0.0064,0.0065,107.0,0.0064,30.0,36461.0,796.0
2021-01-05 09:35:41.190,0.0064,0.0065,107.0,0.0064,33.0,36461.0,796.0
2021-01-05 09:35:42.160,0.0064,0.0065,107.0,0.0064,33.0,36461.0,796.0
2021-01-05 09:35:43.190,0.0064,0.0065,77.0,0.0064,48.0,36461.0,796.0
2021-01-05 09:35:43.661,0.0064,0.0065,107.0,0.0064,33.0,36461.0,796.0
2021-01-05 09:35:44.101,0.0064,0.0065,77.0,0.0064,33.0,36461.0,796.0
2021-01-05 09:35:45.071,0.0065,0.0065,57.0,0.0064,63.0,36461.0,816.0
2021-01-05 09:35:45.670,0.0065,0.0065,44.0,0.0064,65.0,36461.0,829.0
2021-01-05 09:35:46.141,0.0065,0.0065,19.0,0.0064,75.0,36461.0,854.0
2021-01-05 09:35:46.700,0.0065,0.0065,17.0,0.0064,88.0,36459.0,856.0
2021-01-05 09:35:47.201,0.0065,0.0065,16.0,0.0064,88.0,36458.0,857.0
2021-01-05 09:35:47.691,0.0065,0.0067,53.0,0.0064,88.0,36445.0,873.0
2021-01-05 09:35:48.181,0.0065,0.0067,43.0,0.0065,15.0,36445.0,873.0
2021-01-05 09:35:48.650,0.0065,0.0066,30.0,0.0065,21.0,36445.0,873.0
2021-01-05 09:35:49.180,0.0065,0.0066,30.0,0.0065,21.0,36445.0,873.0
2021-01-05 09:35:49.701,0.0065,0.0067,43.0,0.0065,21.0,36445.0,873.0
2021-01-05 09:35:50.121,0.0065,0.0067,43.0,0.0065,21.0,36445.0,873.0
2021-01-05 09:35:50.680,0.0065,0.0067,43.0,0.0065,21.0,36445.0,873.0
2021-01-05 09:35:51.710,0.0066,0.0066,10.0,0.0065,21.0,36445.0,893.0
2021-01-05 09:35:52.190,0.0066,0.0066,10.0,0.0065,41.0,36445.0,893.0
2021-01-05 09:35:52.661,0.0066,0.0066,10.0,0.0065,41.0,36445.0,893.0
2021-01-05 09:35:54.640,0.0066,0.0066,10.0,0.0065,41.0,36445.0,893.0
2021-01-05 09:35:55.181,0.0065,0.0066,23.0,0.0065,38.0,36445.0,896.0
2021-01-05 09:35:55.691,0.0065,0.0066,23.0,0.0065,40.0,36445.0,896.0
2021-01-05 09:35:56.140,0.0065,0.0066,23.0,0.0065,40.0,36445.0,896.0
2021-01-05 09:35:56.690,0.0065,0.0066,10.0,0.0065,40.0,36445.0,896.0
2021-01-05 09:35:57.160,0.0065,0.0066,10.0,0.0065,40.0,36445.0,896.0
2021-01-05 09:35:57.681,0.0065,0.0066,10.0,0.0065,40.0,36445.0,896.0
2021-01-05 09:35:58.150,0.0065,0.0066,10.0,0.0065,40.0,36445.0,896.0
2021-01-05 09:35:59.160,0.0065,0.0066,10.0,0.0065,40.0,36445.0,896.0
2021-01-05 09:36:00.201,0.0065,0.0067,30.0,0.0065,83.0,36445.0,896.0
2021-01-05 09:36:00.680,0.0065,0.0067,30.0,0.0065,83.0,36445.0,896.0
2021-01-05 09:36:01.181,0.0065,0.0067,30.0,0.0065,98.0,36445.0,896.0
2021-01-05 09:36:01.671,0.0065,0.0067,30.0,0.0065,98.0,36445.0,896.0
2021-01-05 09:36:02.170,0.0065,0.0067,30.0,0.0065,68.0,36445.0,897.0
2021-01-05 09:36:03.200,0.0065,0.0067,43.0,0.0065,55.0,36445.0,897.0
2021-01-05 09:36:03.700,0.0065,0.0067,43.0,0.0065,40.0,36445.0,897.0
2021-01-05 09:36:04.161,0.0065,0.0067,30.0,0.0065,53.0,36445.0,897.0
2021-01-05 09:36:04.670,0.0065,0.0067,30.0,0.0065,68.0,36445.0,897.0
2021-01-05 09:36:05.150,0.0065,0.0067,30.0,0.0065,98.0,36445.0,897.0
2021-01-05 09:36:05.690,0.0065,0.0067,30.0,0.0065,83.0,36445.0,897.0
2021-01-05 09:36:06.180,0.0065,0.0067,30.0,0.0065,80.0,36445.0,900.0
2021-01-05 09:36:06.700,0.0065,0.0067,30.0,0.0065,98.0,36445.0,900.0
2021-01-05 09:36:09.161,0.0065,0.0067,30.0,0.0065,98.0,36445.0,900.0
2021-01-05 09:36:09.691,0.0065,0.0067,30.0,0.0065,83.0,36445.0,900.0
2021-01-05 09:36:10.671,0.0065,0.0067,30.0,0.0065,83.0,36445.0,900.0
2021-01-05 09:36:11.180,0.0065,0.0067,30.0,0.0065,53.0,36445.0,900.0
2021-01-05 09:36:11.651,0.0065,0.0067,30.0,0.0065,83.0,36445.0,900.0
2021-01-05 09:36:12.181,0.0065,0.0067,30.0,0.0065,98.0,36445.0,900.0
2021-01-05 09:36:12.690,0.0067,0.0067,28.0,0.0065,98.0,36447.0,902.0
2021-01-05 09:36:14.150,0.0067,0.0067,28.0,0.0065,83.0,36447.0,902.0
2021-01-05 09:36:14.690,0.0067,0.0067,28.0,0.0065,98.0,36447.0,902.0
2021-01-05 09:36:15.660,0.0065,0.0067,41.0,0.0065,68.0,36447.0,904.0
2021-01-05 09:36:16.150,0.0065,0.0067,41.0,0.0065,70.0,36447.0,904.0
2021-01-05 09:36:17.180,0.0065,0.0067,28.0,0.0065,83.0,36447.0,904.0
2021-01-05 09:36:18.181,0.0065,0.0067,41.0,0.0065,70.0,36447.0,904.0
2021-01-05 09:36:19.151,0.0065,0.0067,28.0,0.0065,83.0,36447.0,904.0
2021-01-05 09:36:20.161,0.0065,0.0067,28.0,0.0065,98.0,36447.0,904.0
2021-01-05 09:36:20.690,0.0065,0.0067,28.0,0.0065,83.0,36447.0,904.0
2021-01-05 09:36:21.120,0.0065,0.0067,41.0,0.0065,70.0,36447.0,904.0
2021-01-05 09:36:22.171,0.0065,0.0067,28.0,0.0065,83.0,36447.0,904.0
2021-01-05 09:36:24.171,0.0065,0.0067,13.0,0.0066,30.0,36447.0,904.0
2021-01-05 09:36:24.701,0.0065,0.0068,43.0,0.0065,98.0,36447.0,904.0
2021-01-05 09:36:25.191,0.0065,0.0068,46.0,0.0066,20.0,36447.0,904.0
2021-01-05 09:36:25.650,0.0065,0.0067,30.0,0.0065,93.0,36447.0,904.0
2021-01-05 09:36:26.171,0.0065,0.0067,30.0,0.0065,93.0,36447.0,904.0
2021-01-05 09:36:26.651,0.0065,0.0068,56.0,0.0065,108.0,36447.0,904.0
2021-01-05 09:36:27.070,0.0065,0.0067,13.0,0.0065,95.0,36447.0,904.0
2021-01-05 09:36:27.690,0.0065,0.0068,56.0,0.0066,30.0,36447.0,904.0
2021-01-05 09:36:28.190,0.0065,0.0068,46.0,0.0066,30.0,36447.0,904.0
2021-01-05 09:36:28.681,0.0065,0.0068,16.0,0.0066,50.0,36447.0,904.0
2021-01-05 09:36:29.171,0.0065,0.0068,16.0,0.0066,50.0,36447.0,904.0
2021-01-05 09:36:30.161,0.0065,0.0068,16.0,0.0066,50.0,36447.0,904.0
2021-01-05 09:36:30.651,0.0065,0.0067,50.0,0.0066,50.0,36447.0,904.0
2021-01-05 09:36:31.181,0.0067,0.0067,145.0,0.0066,50.0,36447.0,909.0
2021-01-05 09:36:31.690,0.0067,0.0067,245.0,0.0066,50.0,36447.0,909.0
2021-01-05 09:36:32.130,0.0067,0.0067,345.0,0.0066,65.0,36447.0,909.0
2021-01-05 09:36:32.660,0.0067,0.0067,445.0,0.0066,65.0,36447.0,909.0
2021-01-05 09:36:33.200,0.0067,0.0067,545.0,0.0066,65.0,36447.0,909.0
2021-01-05 09:36:33.680,0.0067,0.0067,595.0,0.0066,65.0,36447.0,909.0
2021-01-05 09:36:34.091,0.0067,0.0067,695.0,0.0066,78.0,36447.0,909.0
2021-01-05 09:36:34.691,0.0067,0.0067,795.0,0.0066,65.0,36447.0,909.0
2021-01-05 09:36:34.971,0.0067,0.0067,895.0,0.0066,65.0,36447.0,909.0
2021-01-05 09:36:35.701,0.0067,0.0067,995.0,0.0066,50.0,36447.0,909.0
2021-01-05 09:36:36.131,0.0067,0.0067,1034.0,0.0066,50.0,36447.0,909.0
2021-01-05 09:36:36.700,0.0067,0.0067,1034.0,0.0066,78.0,36447.0,909.0
2021-01-05 09:36:37.691,0.0067,0.0067,1014.0,0.0066,78.0,36427.0,929.0
2021-01-05 09:36:38.041,0.0067,0.0067,1014.0,0.0066,78.0,36427.0,929.0
2021-01-05 09:36:38.640,0.0067,0.0067,1014.0,0.0066,78.0,36427.0,929.0
2021-01-05 09:36:40.191,0.0067,0.0067,1014.0,0.0066,78.0,36427.0,929.0
2021-01-05 09:36:40.700,0.0067,0.0067,1014.0,0.0066,88.0,36427.0,929.0
2021-01-05 09:36:41.201,0.0067,0.0067,1014.0,0.0066,108.0,36427.0,929.0
2021-01-05 09:36:41.641,0.0067,0.0067,1014.0,0.0066,108.0,36427.0,929.0
2021-01-05 09:36:42.200,0.0066,0.0067,1014.0,0.0066,106.0,36429.0,931.0
2021-01-05 09:36:42.690,0.0066,0.0067,1014.0,0.0066,78.0,36429.0,931.0
2021-01-05 09:36:43.180,0.0066,0.0067,1014.0,0.0066,95.0,36429.0,931.0
2021-01-05 09:36:43.700,0.0066,0.0067,1014.0,0.0066,108.0,36429.0,931.0
2021-01-05 09:36:45.191,0.0067,0.0067,994.0,0.0066,108.0,36429.0,951.0
2021-01-05 09:36:45.631,0.0067,0.0067,979.0,0.0066,105.0,36427.0,966.0
2021-01-05 09:36:46.190,0.0067,0.0067,977.0,0.0066,118.0,36425.0,968.0
2021-01-05 09:36:47.130,0.0067,0.0067,949.0,0.0066,118.0,36417.0,996.0
2021-01-05 09:36:47.660,0.0067,0.0067,947.0,0.0066,118.0,36415.0,998.0
2021-01-05 09:36:48.130,0.0067,0.0067,945.0,0.0066,118.0,36413.0,1000.0
2021-01-05 09:36:48.630,0.0067,0.0067,943.0,0.0066,118.0,36411.0,1002.0
2021-01-05 09:36:49.170,0.0067,0.0067,921.0,0.0066,118.0,36409.0,1024.0
2021-01-05 09:36:49.700,0.0067,0.0067,921.0,0.0066,108.0,36409.0,1024.0
2021-01-05 09:36:50.670,0.0067,0.0067,921.0,0.0066,108.0,36409.0,1024.0
2021-01-05 09:36:51.171,0.0067,0.0067,921.0,0.0066,108.0,36409.0,1024.0
2021-01-05 09:36:51.671,0.0067,0.0067,921.0,0.0066,108.0,36409.0,1024.0
2021-01-05 09:36:52.180,0.0067,0.0067,892.0,0.0066,108.0,36400.0,1053.0
2021-01-05 09:36:53.191,0.0067,0.0067,876.0,0.0066,95.0,36397.0,1069.0
2021-01-05 09:36:53.680,0.0067,0.0067,863.0,0.0066,103.0,36394.0,1082.0
2021-01-05 09:36:54.180,0.0067,0.0067,811.0,0.0066,118.0,36372.0,1134.0
2021-01-05 09:36:54.631,0.0067,0.0067,801.0,0.0066,78.0,36372.0,1144.0
2021-01-05 09:36:55.141,0.0067,0.0067,801.0,0.0066,88.0,36372.0,1144.0
2021-01-05 09:36:55.651,0.0067,0.0067,791.0,0.0066,88.0,36372.0,1154.0
2021-01-05 09:36:56.691,0.0067,0.0067,761.0,0.0066,88.0,36372.0,1184.0
2021-01-05 09:36:57.601,0.0067,0.0067,751.0,0.0066,78.0,36372.0,1194.0
2021-01-05 09:36:58.160,0.0067,0.0067,741.0,0.0066,78.0,36372.0,1204.0
2021-01-05 09:36:58.610,0.0067,0.0067,731.0,0.0066,68.0,36372.0,1214.0
2021-01-05 09:36:59.181,0.0067,0.0067,731.0,0.0066,78.0,36372.0,1214.0
2021-01-05 09:36:59.690,0.0067,0.0067,720.0,0.0066,118.0,36371.0,1225.0
2021-01-05 09:37:00.141,0.0067,0.0067,661.0,0.0066,90.0,36325.0,1284.0
2021-01-05 09:37:00.700,0.0067,0.0067,648.0,0.0066,118.0,36325.0,1297.0
2021-01-05 09:37:00.921,0.0067,0.0067,647.0,0.0066,118.0,36324.0,1298.0
2021-01-05 09:37:01.640,0.0067,0.0067,637.0,0.0066,88.0,36324.0,1308.0
2021-01-05 09:37:02.191,0.0067,0.0067,667.0,0.0066,88.0,36324.0,1308.0
2021-01-05 09:37:02.610,0.0067,0.0067,657.0,0.0066,88.0,36324.0,1318.0
2021-01-05 09:37:03.151,0.0067,0.0067,657.0,0.0066,88.0,36324.0,1318.0
2021-01-05 09:37:03.630,0.0067,0.0067,647.0,0.0066,88.0,36324.0,1328.0
2021-01-05 09:37:04.200,0.0067,0.0067,647.0,0.0066,58.0,36324.0,1328.0
2021-01-05 09:37:04.690,0.0067,0.0067,647.0,0.0066,45.0,36324.0,1328.0
2021-01-05 09:37:05.140,0.0067,0.0067,647.0,0.0066,35.0,36324.0,1328.0
2021-01-05 09:37:05.701,0.0067,0.0067,647.0,0.0066,20.0,36324.0,1328.0
2021-01-05 09:37:06.171,0.0066,0.0067,647.0,0.0066,18.0,36324.0,1330.0
2021-01-05 09:37:07.681,0.0066,0.0067,647.0,0.0066,33.0,36324.0,1330.0
2021-01-05 09:37:08.200,0.0066,0.0067,647.0,0.0066,33.0,36324.0,1330.0
2021-01-05 09:37:08.630,0.0066,0.0067,647.0,0.0066,56.0,36324.0,1330.0
2021-01-05 09:37:09.660,0.0066,0.0067,647.0,0.0066,56.0,36324.0,1330.0
2021-01-05 09:37:10.121,0.0066,0.0067,650.0,0.0066,56.0,36324.0,1330.0
2021-01-05 09:37:10.701,0.0066,0.0067,650.0,0.0066,46.0,36324.0,1330.0
2021-01-05 09:37:11.201,0.0066,0.0067,650.0,0.0066,33.0,36324.0,1330.0
2021-01-05 09:37:11.700,0.0066,0.0067,650.0,0.0066,18.0,36324.0,1330.0
2021-01-05 09:37:12.131,0.0066,0.0067,650.0,0.0066,18.0,36324.0,1330.0
2021-01-05 09:37:12.620,0.0066,0.0067,650.0,0.0066,18.0,36324.0,1330.0
2021-01-05 09:37:13.181,0.0066,0.0067,650.0,0.0066,31.0,36324.0,1330.0
2021-01-05 09:37:13.681,0.0066,0.0067,647.0,0.0066,31.0,36324.0,1330.0
2021-01-05 09:37:14.130,0.0066,0.0067,647.0,0.0066,66.0,36324.0,1330.0
2021-01-05 09:37:14.701,0.0066,0.0067,650.0,0.0066,66.0,36324.0,1330.0
2021-01-05 09:37:15.200,0.0067,0.0067,646.0,0.0066,76.0,36324.0,1331.0
2021-01-05 09:37:15.700,0.0067,0.0067,649.0,0.0066,66.0,36324.0,1331.0
2021-01-05 09:37:16.461,0.0067,0.0067,649.0,0.0066,53.0,36324.0,1331.0
2021-01-05 09:37:17.200,0.0067,0.0067,649.0,0.0066,38.0,36324.0,1331.0
2021-01-05 09:37:17.671,0.0067,0.0067,649.0,0.0066,38.0,36324.0,1331.0
2021-01-05 09:37:18.710,0.0067,0.0067,649.0,0.0066,51.0,36324.0,1331.0
2021-01-05 09:37:19.131,0.0067,0.0067,649.0,0.0066,38.0,36324.0,1331.0
2021-01-05 09:37:19.711,0.0067,0.0067,649.0,0.0066,38.0,36324.0,1331.0
2021-01-05 09:37:20.211,0.0067,0.0067,649.0,0.0066,51.0,36324.0,1331.0
2021-01-05 09:37:20.691,0.0067,0.0067,649.0,0.0066,51.0,36324.0,1331.0
2021-01-05 09:37:21.200,0.0067,0.0067,649.0,0.0066,38.0,36324.0,1331.0
2021-01-05 09:37:22.141,0.0067,0.0067,649.0,0.0066,38.0,36324.0,1331.0
2021-01-05 09:37:22.641,0.0067,0.0067,649.0,0.0066,38.0,36324.0,1331.0
2021-01-05 09:37:23.150,0.0067,0.0067,649.0,0.0066,18.0,36324.0,1331.0
2021-01-05 09:37:23.701,0.0067,0.0067,649.0,0.0066,18.0,36324.0,1331.0
2021-01-05 09:37:24.080,0.0067,0.0067,649.0,0.0066,38.0,36324.0,1331.0
2021-01-05 09:37:24.631,0.0067,0.0067,649.0,0.0066,18.0,36324.0,1331.0
2021-01-05 09:37:25.200,0.0067,0.0067,646.0,0.0066,38.0,36324.0,1331.0
2021-01-05 09:37:25.670,0.0067,0.0067,649.0,0.0066,38.0,36324.0,1331.0
2021-01-05 09:37:26.650,0.0067,0.0067,649.0,0.0066,18.0,36324.0,1331.0
2021-01-05 09:37:27.130,0.0067,0.0067,649.0,0.0066,38.0,36324.0,1331.0
2021-01-05 09:37:30.191,0.0066,0.0066,12.0,0.0065,48.0,36324.0,1349.0
2021-01-05 09:37:30.590,0.0066,0.0067,649.0,0.0065,79.0,36328.0,1355.0
2021-01-05 09:37:31.190,0.0066,0.0067,649.0,0.0065,108.0,36328.0,1355.0
2021-01-05 09:37:32.571,0.0066,0.0067,649.0,0.0065,109.0,36328.0,1355.0
2021-01-05 09:37:33.180,0.0066,0.0067,649.0,0.0065,119.0,36328.0,1355.0
2021-01-05 09:37:33.681,0.0066,0.0067,649.0,0.0066,13.0,36328.0,1355.0
2021-01-05 09:37:34.200,0.0066,0.0067,649.0,0.0066,33.0,36328.0,1355.0
2021-01-05 09:37:34.500,0.0066,0.0067,649.0,0.0066,20.0,36328.0,1355.0
2021-01-05 09:37:35.170,0.0066,0.0067,649.0,0.0065,118.0,36328.0,1355.0
2021-01-05 09:37:35.650,0.0066,0.0067,649.0,0.0065,93.0,36328.0,1355.0
2021-01-05 09:37:36.200,0.0066,0.0067,649.0,0.0066,15.0,36328.0,1355.0
2021-01-05 09:37:36.671,0.0066,0.0067,649.0,0.0066,20.0,36328.0,1358.0
2021-01-05 09:37:37.180,0.0066,0.0067,662.0,0.0066,20.0,36328.0,1358.0
2021-01-05 09:37:37.691,0.0066,0.0067,662.0,0.0065,105.0,36328.0,1358.0
2021-01-05 09:37:38.161,0.0066,0.0067,649.0,0.0065,78.0,36328.0,1358.0
2021-01-05 09:37:38.651,0.0066,0.0066,30.0,0.0065,65.0,36328.0,1358.0
2021-01-05 09:37:39.170,0.0066,0.0066,30.0,0.0065,50.0,36328.0,1358.0
2021-01-05 09:37:39.291,0.0066,0.0066,30.0,0.0065,68.0,36328.0,1358.0
2021-01-05 09:37:40.161,0.0066,0.0066,30.0,0.0065,65.0,36328.0,1358.0
2021-01-05 09:37:40.701,0.0066,0.0066,30.0,0.0065,45.0,36328.0,1358.0
2021-01-05 09:37:41.671,0.0066,0.0066,30.0,0.0065,20.0,36328.0,1358.0
2021-01-05 09:37:42.130,0.0066,0.0066,30.0,0.0065,20.0,36328.0,1358.0
2021-01-05 09:37:42.691,0.0066,0.0066,30.0,0.0065,20.0,36328.0,1358.0
2021-01-05 09:37:43.181,0.0066,0.0066,30.0,0.0065,20.0,36328.0,1358.0
2021-01-05 09:37:43.640,0.0066,0.0066,30.0,0.0065,20.0,36328.0,1358.0
2021-01-05 09:37:44.190,0.0066,0.0066,30.0,0.0065,20.0,36328.0,1358.0
2021-01-05 09:37:45.191,0.0066,0.0066,30.0,0.0065,20.0,36328.0,1358.0
2021-01-05 09:37:45.650,0.0066,0.0066,30.0,0.0065,20.0,36328.0,1358.0
2021-01-05 09:37:46.601,0.0066,0.0066,30.0,0.0065,20.0,36328.0,1358.0
2021-01-05 09:37:47.210,0.0066,0.0066,30.0,0.0065,33.0,36328.0,1358.0
2021-01-05 09:37:48.201,0.0066,0.0066,30.0,0.0065,48.0,36328.0,1358.0
2021-01-05 09:37:48.700,0.0066,0.0066,30.0,0.0065,20.0,36328.0,1358.0
2021-01-05 09:37:49.190,0.0066,0.0066,30.0,0.0065,20.0,36328.0,1358.0
2021-01-05 09:37:50.220,0.0066,0.0066,30.0,0.0065,20.0,36328.0,1358.0
2021-01-05 09:37:50.721,0.0066,0.0066,30.0,0.0065,20.0,36328.0,1358.0
2021-01-05 09:37:51.161,0.0066,0.0066,30.0,0.0065,20.0,36328.0,1358.0
2021-01-05 09:37:51.691,0.0066,0.0067,662.0,0.0065,20.0,36328.0,1358.0
2021-01-05 09:37:52.191,0.0066,0.0067,677.0,0.0065,20.0,36328.0,1358.0
2021-01-05 09:37:52.631,0.0066,0.0066,30.0,0.0065,20.0,36328.0,1358.0
2021-01-05 09:37:53.161,0.0066,0.0066,43.0,0.0065,20.0,36328.0,1358.0
2021-01-05 09:37:53.620,0.0066,0.0066,43.0,0.0065,20.0,36328.0,1358.0
2021-01-05 09:37:53.841,0.0066,0.0066,43.0,0.0065,20.0,36328.0,1358.0
2021-01-05 09:37:56.121,0.0066,0.0066,43.0,0.0065,20.0,36328.0,1358.0
2021-01-05 09:37:57.170,0.0066,0.0066,43.0,0.0065,20.0,36328.0,1358.0
2021-01-05 09:37:57.601,0.0065,0.0065,10.0,0.0063,87.0,36328.0,1378.0
2021-01-05 09:37:58.091,0.0065,0.0065,10.0,0.0064,20.0,36328.0,1378.0
2021-01-05 09:37:58.640,0.0065,0.0066,58.0,0.0064,20.0,36328.0,1378.0
2021-01-05 09:37:59.161,0.0066,0.0066,40.0,0.0064,20.0,36331.0,1381.0
2021-01-05 09:37:59.651,0.0066,0.0066,43.0,0.0064,50.0,36331.0,1381.0
2021-01-05 09:38:00.680,0.0066,0.0066,43.0,0.0064,50.0,36331.0,1381.0
2021-01-05 09:38:01.180,0.0066,0.0066,58.0,0.0064,50.0,36331.0,1381.0
2021-01-05 09:38:04.090,0.0066,0.0066,58.0,0.0064,70.0,36331.0,1381.0
2021-01-05 09:38:04.680,0.0066,0.0066,43.0,0.0064,70.0,36331.0,1381.0
2021-01-05 09:38:05.181,0.0066,0.0066,43.0,0.0064,70.0,36331.0,1381.0
2021-01-05 09:38:05.681,0.0066,0.0066,43.0,0.0064,70.0,36331.0,1381.0
2021-01-05 09:38:06.151,0.0066,0.0066,43.0,0.0064,50.0,36331.0,1381.0
2021-01-05 09:38:06.691,0.0066,0.0066,43.0,0.0064,70.0,36331.0,1381.0
2021-01-05 09:38:07.200,0.0066,0.0066,43.0,0.0064,70.0,36331.0,1381.0
2021-01-05 09:38:07.690,0.0066,0.0067,677.0,0.0064,63.0,36331.0,1381.0
2021-01-05 09:38:08.151,0.0066,0.0066,13.0,0.0064,70.0,36331.0,1381.0
2021-01-05 09:38:09.160,0.0066,0.0066,13.0,0.0064,70.0,36331.0,1381.0
2021-01-05 09:38:09.681,0.0066,0.0066,13.0,0.0064,70.0,36331.0,1381.0
2021-01-05 09:38:10.670,0.0066,0.0067,677.0,0.0064,83.0,36331.0,1381.0
2021-01-05 09:38:11.141,0.0066,0.0066,13.0,0.0064,70.0,36331.0,1381.0
2021-01-05 09:38:11.701,0.0066,0.0066,13.0,0.0064,70.0,36331.0,1381.0
2021-01-05 09:38:12.191,0.0066,0.0066,58.0,0.0064,50.0,36331.0,1381.0
2021-01-05 09:38:12.691,0.0066,0.0066,43.0,0.0064,50.0,36331.0,1381.0
2021-01-05 09:38:13.110,0.0066,0.0066,13.0,0.0065,30.0,36331.0,1381.0
2021-01-05 09:38:13.690,0.0066,0.0066,13.0,0.0065,30.0,36331.0,1381.0
2021-01-05 09:38:14.141,0.0066,0.0066,13.0,0.0065,30.0,36331.0,1381.0
2021-01-05 09:38:14.691,0.0066,0.0067,677.0,0.0065,30.0,36331.0,1381.0
2021-01-05 09:38:15.150,0.0066,0.0067,677.0,0.0066,2.0,36331.0,1381.0
2021-01-05 09:38:15.730,0.0066,0.0067,677.0,0.0066,2.0,36331.0,1381.0
2021-01-05 09:38:16.210,0.0066,0.0067,677.0,0.0066,2.0,36331.0,1381.0
2021-01-05 09:38:16.420,0.0066,0.0066,12.0,0.0064,60.0,36333.0,1383.0
2021-01-05 09:38:17.190,0.0066,0.0067,677.0,0.0065,30.0,36333.0,1383.0
2021-01-05 09:38:17.701,0.0066,0.0066,13.0,0.0064,51.0,36333.0,1383.0
2021-01-05 09:38:18.231,0.0066,0.0066,13.0,0.0065,30.0,36333.0,1383.0
2021-01-05 09:38:18.660,0.0066,0.0066,13.0,0.0064,61.0,36333.0,1383.0
2021-01-05 09:38:19.230,0.0066,0.0066,13.0,0.0064,51.0,36333.0,1383.0
2021-01-05 09:38:19.630,0.0066,0.0066,13.0,0.0065,20.0,36333.0,1383.0
2021-01-05 09:38:20.231,0.0066,0.0066,13.0,0.0065,20.0,36333.0,1383.0
2021-01-05 09:38:20.690,0.0066,0.0067,677.0,0.0065,20.0,36333.0,1383.0
2021-01-05 09:38:21.240,0.0066,0.0067,677.0,0.0065,20.0,36333.0,1383.0
2021-01-05 09:38:21.670,0.0066,0.0067,662.0,0.0065,50.0,36333.0,1383.0
2021-01-05 09:38:22.210,0.0066,0.0067,677.0,0.0065,50.0,36333.0,1383.0
2021-01-05 09:38:22.661,0.0066,0.0067,677.0,0.0065,50.0,36333.0,1383.0
2021-01-05 09:38:23.201,0.0066,0.0067,677.0,0.0065,70.0,36333.0,1383.0
2021-01-05 09:38:23.681,0.0066,0.0067,662.0,0.0065,70.0,36333.0,1383.0
2021-01-05 09:38:24.141,0.0066,0.0067,662.0,0.0065,70.0,36333.0,1383.0
2021-01-05 09:38:24.690,0.0066,0.0067,632.0,0.0065,80.0,36333.0,1383.0
2021-01-05 09:38:25.101,0.0066,0.0067,662.0,0.0065,70.0,36333.0,1383.0
2021-01-05 09:38:25.700,0.0066,0.0067,662.0,0.0066,20.0,36333.0,1383.0
2021-01-05 09:38:26.100,0.0066,0.0067,662.0,0.0066,18.0,36333.0,1385.0
2021-01-05 09:38:26.701,0.0066,0.0067,677.0,0.0066,18.0,36333.0,1385.0
2021-01-05 09:38:27.201,0.0066,0.0067,677.0,0.0066,18.0,36333.0,1385.0
2021-01-05 09:38:28.171,0.0066,0.0067,677.0,0.0066,20.0,36333.0,1385.0
2021-01-05 09:38:29.191,0.0066,0.0067,677.0,0.0066,20.0,36333.0,1385.0
2021-01-05 09:38:29.641,0.0066,0.0067,662.0,0.0066,20.0,36333.0,1385.0
2021-01-05 09:38:30.061,0.0067,0.0067,622.0,0.0066,20.0,36333.0,1395.0
2021-01-05 09:38:30.670,0.0067,0.0067,652.0,0.0066,20.0,36333.0,1395.0
2021-01-05 09:38:31.181,0.0067,0.0067,657.0,0.0066,20.0,36333.0,1405.0
2021-01-05 09:38:31.640,0.0067,0.0067,642.0,0.0066,20.0,36333.0,1405.0
2021-01-05 09:38:32.071,0.0067,0.0067,602.0,0.0066,20.0,36333.0,1415.0
2021-01-05 09:38:32.701,0.0067,0.0067,592.0,0.0066,20.0,36333.0,1425.0
2021-01-05 09:38:33.191,0.0067,0.0067,592.0,0.0066,40.0,36333.0,1425.0
2021-01-05 09:38:33.700,0.0067,0.0067,582.0,0.0066,70.0,36333.0,1435.0
2021-01-05 09:38:34.201,0.0067,0.0067,572.0,0.0066,70.0,36333.0,1445.0
2021-01-05 09:38:35.200,0.0067,0.0067,564.0,0.0066,70.0,36333.0,1455.0
2021-01-05 09:38:35.700,0.0067,0.0067,549.0,0.0066,70.0,36333.0,1455.0
2021-01-05 09:38:36.180,0.0067,0.0067,562.0,0.0066,70.0,36333.0,1455.0
2021-01-05 09:38:36.691,0.0067,0.0067,549.0,0.0066,70.0,36333.0,1455.0
2021-01-05 09:38:37.160,0.0067,0.0067,549.0,0.0066,71.0,36333.0,1455.0
2021-01-05 09:38:37.580,0.0067,0.0067,539.0,0.0066,71.0,36333.0,1465.0
2021-01-05 09:38:38.161,0.0067,0.0067,529.0,0.0066,71.0,36333.0,1475.0
2021-01-05 09:38:38.660,0.0067,0.0067,526.0,0.0066,71.0,36333.0,1475.0
2021-01-05 09:38:39.161,0.0067,0.0067,506.0,0.0066,71.0,36333.0,1495.0
2021-01-05 09:38:40.201,0.0067,0.0067,476.0,0.0066,64.0,36303.0,1525.0
2021-01-05 09:38:40.591,0.0067,0.0067,476.0,0.0066,94.0,36303.0,1525.0
2021-01-05 09:38:41.190,0.0067,0.0067,476.0,0.0066,94.0,36303.0,1525.0
2021-01-05 09:38:41.670,0.0067,0.0067,476.0,0.0066,94.0,36303.0,1525.0
2021-01-05 09:38:42.191,0.0067,0.0067,476.0,0.0066,94.0,36303.0,1525.0
2021-01-05 09:38:42.700,0.0067,0.0067,476.0,0.0066,104.0,36303.0,1525.0
2021-01-05 09:38:43.190,0.0067,0.0067,476.0,0.0066,91.0,36303.0,1525.0
2021-01-05 09:38:43.701,0.0067,0.0067,476.0,0.0066,119.0,36303.0,1525.0
2021-01-05 09:38:44.621,0.0067,0.0067,476.0,0.0066,104.0,36303.0,1525.0
2021-01-05 09:38:45.201,0.0067,0.0067,450.0,0.0066,106.0,36303.0,1551.0
2021-01-05 09:38:45.580,0.0067,0.0067,450.0,0.0066,91.0,36303.0,1551.0
2021-01-05 09:38:46.200,0.0067,0.0067,450.0,0.0066,91.0,36303.0,1551.0
2021-01-05 09:38:46.521,0.0067,0.0067,450.0,0.0066,91.0,36303.0,1551.0
2021-01-05 09:38:47.140,0.0067,0.0067,450.0,0.0066,81.0,36303.0,1551.0
2021-01-05 09:38:47.691,0.0067,0.0067,450.0,0.0066,81.0,36303.0,1551.0
2021-01-05 09:38:48.200,0.0067,0.0067,480.0,0.0066,51.0,36303.0,1551.0
2021-01-05 09:38:49.691,0.0067,0.0067,480.0,0.0066,51.0,36303.0,1551.0
2021-01-05 09:38:50.091,0.0067,0.0067,493.0,0.0066,51.0,36303.0,1551.0
2021-01-05 09:38:50.651,0.0067,0.0067,480.0,0.0066,51.0,36303.0,1551.0
2021-01-05 09:38:51.170,0.0067,0.0067,480.0,0.0066,64.0,36303.0,1551.0
2021-01-05 09:38:51.691,0.0067,0.0067,450.0,0.0066,74.0,36303.0,1551.0
2021-01-05 09:38:52.150,0.0067,0.0067,450.0,0.0066,89.0,36303.0,1551.0
2021-01-05 09:38:52.450,0.0067,0.0067,446.0,0.0066,119.0,36299.0,1555.0
2021-01-05 09:38:53.191,0.0067,0.0067,446.0,0.0066,109.0,36299.0,1555.0
2021-01-05 09:38:54.200,0.0067,0.0067,445.0,0.0066,109.0,36298.0,1556.0
2021-01-05 09:38:54.690,0.0067,0.0067,443.0,0.0066,109.0,36296.0,1558.0
2021-01-05 09:38:55.191,0.0067,0.0067,426.0,0.0066,109.0,36289.0,1575.0
2021-01-05 09:38:55.700,0.0067,0.0067,416.0,0.0066,119.0,36289.0,1585.0
2021-01-05 09:38:56.661,0.0067,0.0067,403.0,0.0066,119.0,36286.0,1598.0
2021-01-05 09:38:57.200,0.0067,0.0067,403.0,0.0066,89.0,36286.0,1598.0
2021-01-05 09:38:57.640,0.0067,0.0067,393.0,0.0066,89.0,36286.0,1608.0
2021-01-05 09:38:58.190,0.0067,0.0067,392.0,0.0066,89.0,36285.0,1609.0
2021-01-05 09:38:58.670,0.0067,0.0067,422.0,0.0066,89.0,36285.0,1609.0
2021-01-05 09:38:59.060,0.0067,0.0067,422.0,0.0066,89.0,36285.0,1609.0
2021-01-05 09:38:59.700,0.0067,0.0067,412.0,0.0066,74.0,36285.0,1619.0
2021-01-05 09:39:00.111,0.0067,0.0067,412.0,0.0066,89.0,36285.0,1619.0
2021-01-05 09:39:00.660,0.0066,0.0067,412.0,0.0066,74.0,36285.0,1624.0
2021-01-05 09:39:01.160,0.0067,0.0067,319.0,0.0066,61.0,36235.0,1687.0
2021-01-05 09:39:01.700,0.0067,0.0067,206.0,0.0066,74.0,36135.0,1800.0
2021-01-05 09:39:01.990,0.0067,0.0067,156.0,0.0066,74.0,36085.0,1850.0
2021-01-05 09:39:02.660,0.0067,0.0067,156.0,0.0066,84.0,36085.0,1850.0
2021-01-05 09:39:03.150,0.0067,0.0067,156.0,0.0066,54.0,36085.0,1850.0
2021-01-05 09:39:04.610,0.0067,0.0067,186.0,0.0066,54.0,36085.0,1850.0
2021-01-05 09:39:05.701,0.0067,0.0067,156.0,0.0066,54.0,36085.0,1850.0
2021-01-05 09:39:06.650,0.0067,0.0067,186.0,0.0066,54.0,36085.0,1850.0
2021-01-05 09:39:07.680,0.0067,0.0067,186.0,0.0066,61.0,36085.0,1850.0
2021-01-05 09:39:08.131,0.0067,0.0067,186.0,0.0066,74.0,36085.0,1850.0
2021-01-05 09:39:09.161,0.0067,0.0067,156.0,0.0066,104.0,36085.0,1850.0
2021-01-05 09:39:09.601,0.0067,0.0067,156.0,0.0066,74.0,36085.0,1850.0
2021-01-05 09:39:10.721,0.0067,0.0067,133.0,0.0066,69.0,36085.0,1873.0
2021-01-05 09:39:11.201,0.0067,0.0067,114.0,0.0066,124.0,36066.0,1892.0
2021-01-05 09:39:11.701,0.0067,0.0067,113.0,0.0066,99.0,36065.0,1893.0
2021-01-05 09:39:12.150,0.0067,0.0067,98.0,0.0066,86.0,36050.0,1908.0
2021-01-05 09:39:12.690,0.0067,0.0067,47.0,0.0066,101.0,36045.0,1959.0
2021-01-05 09:39:13.161,0.0067,0.0067,46.0,0.0066,101.0,36044.0,1960.0
2021-01-05 09:39:13.720,0.0067,0.0067,45.0,0.0066,74.0,36043.0,1961.0
2021-01-05 09:39:14.160,0.0067,0.0067,43.0,0.0066,124.0,36041.0,1963.0
2021-01-05 09:39:14.650,0.0067,0.0067,42.0,0.0066,114.0,36040.0,1964.0
2021-01-05 09:39:15.220,0.0067,0.0067,18.0,0.0066,124.0,36036.0,1988.0
2021-01-05 09:39:15.641,0.0067,0.0067,6.0,0.0066,114.0,36034.0,2000.0
2021-01-05 09:39:16.121,0.0067,0.0068,30.0,0.0067,13.0,36031.0,2006.0
2021-01-05 09:39:16.711,0.0067,0.0068,30.0,0.0067,15.0,36031.0,2006.0
2021-01-05 09:39:17.191,0.0067,0.0068,30.0,0.0067,51.0,36031.0,2006.0
2021-01-05 09:39:17.650,0.0067,0.0068,30.0,0.0067,41.0,36031.0,2006.0
2021-01-05 09:39:17.721,0.0067,0.0068,30.0,0.0067,41.0,36031.0,2006.0
2021-01-05 09:39:18.671,0.0067,0.0068,30.0,0.0067,26.0,36031.0,2006.0
2021-01-05 09:39:20.741,0.0067,0.0069,31.0,0.0067,54.0,36031.0,2006.0
2021-01-05 09:39:21.231,0.0067,0.0068,30.0,0.0067,51.0,36031.0,2006.0
2021-01-05 09:39:21.671,0.0067,0.0068,30.0,0.0067,64.0,36031.0,2006.0
2021-01-05 09:39:22.211,0.0067,0.0068,30.0,0.0067,51.0,36031.0,2006.0
2021-01-05 09:39:22.651,0.0067,0.0069,44.0,0.0067,51.0,36031.0,2006.0
2021-01-05 09:39:23.150,0.0067,0.0068,30.0,0.0067,74.0,36031.0,2006.0
2021-01-05 09:39:24.151,0.0067,0.0068,30.0,0.0067,51.0,36031.0,2006.0
2021-01-05 09:39:25.210,0.0067,0.0069,44.0,0.0067,91.0,36031.0,2006.0
2021-01-05 09:39:25.700,0.0067,0.0069,31.0,0.0067,104.0,36031.0,2006.0
2021-01-05 09:39:26.161,0.0067,0.0069,31.0,0.0067,104.0,36031.0,2006.0
2021-01-05 09:39:26.681,0.0067,0.0069,31.0,0.0067,89.0,36031.0,2006.0
2021-01-05 09:39:27.131,0.0067,0.0069,31.0,0.0068,15.0,36031.0,2006.0
2021-01-05 09:39:27.711,0.0067,0.0069,31.0,0.0068,20.0,36031.0,2006.0
2021-01-05 09:39:28.201,0.0067,0.0069,44.0,0.0067,91.0,36031.0,2006.0
2021-01-05 09:39:28.710,0.0067,0.0069,44.0,0.0067,91.0,36031.0,2006.0
2021-01-05 09:39:29.231,0.0067,0.0069,31.0,0.0067,104.0,36031.0,2006.0
2021-01-05 09:39:29.721,0.0067,0.0069,31.0,0.0067,79.0,36031.0,2006.0
2021-01-05 09:39:30.220,0.0068,0.0069,1.0,0.0068,5.0,36046.0,2036.0
2021-01-05 09:39:30.721,0.0068,0.0069,31.0,0.0068,25.0,36046.0,2036.0
2021-01-05 09:39:31.121,0.0068,0.0069,31.0,0.0068,25.0,36046.0,2036.0
2021-01-05 09:39:31.690,0.0068,0.0069,44.0,0.0068,25.0,36046.0,2036.0
2021-01-05 09:39:32.141,0.0068,0.0069,31.0,0.0068,25.0,36046.0,2036.0
2021-01-05 09:39:32.700,0.0068,0.0069,31.0,0.0068,25.0,36046.0,2036.0
2021-01-05 09:39:33.180,0.0068,0.0069,31.0,0.0068,40.0,36046.0,2036.0
2021-01-05 09:39:33.530,0.0068,0.0069,31.0,0.0068,40.0,36046.0,2036.0
2021-01-05 09:39:34.681,0.0068,0.0069,31.0,0.0068,40.0,36046.0,2036.0
2021-01-05 09:39:35.171,0.0068,0.0069,44.0,0.0068,40.0,36046.0,2036.0
2021-01-05 09:39:38.221,0.0068,0.0069,31.0,0.0068,40.0,36046.0,2036.0
2021-01-05 09:39:39.241,0.0068,0.0069,31.0,0.0068,40.0,36046.0,2036.0
2021-01-05 09:39:40.200,0.0068,0.0069,31.0,0.0068,40.0,36046.0,2036.0
2021-01-05 09:39:40.721,0.0068,0.0069,31.0,0.0068,40.0,36046.0,2036.0
2021-01-05 09:39:41.080,0.0068,0.0069,31.0,0.0068,40.0,36046.0,2036.0
2021-01-05 09:39:41.750,0.0068,0.0069,31.0,0.0068,20.0,36046.0,2036.0
2021-01-05 09:39:42.210,0.0068,0.0069,31.0,0.0068,20.0,36046.0,2036.0
2021-01-05 09:39:42.740,0.0068,0.0069,44.0,0.0068,20.0,36046.0,2036.0
2021-01-05 09:39:43.191,0.0068,0.0069,44.0,0.0068,20.0,36046.0,2036.0
2021-01-05 09:39:43.660,0.0068,0.0069,44.0,0.0068,20.0,36046.0,2036.0
2021-01-05 09:39:44.231,0.0068,0.0069,44.0,0.0068,20.0,36046.0,2036.0
2021-01-05 09:39:44.680,0.0068,0.0069,44.0,0.0068,20.0,36046.0,2036.0
2021-01-05 09:39:45.251,0.0068,0.0069,44.0,0.0068,20.0,36046.0,2036.0
2021-01-05 09:39:45.750,0.0069,0.0069,26.0,0.0068,20.0,36051.0,2041.0
2021-01-05 09:39:46.190,0.0069,0.007,46.0,0.0068,20.0,36051.0,2041.0
2021-01-05 09:39:46.691,0.0069,0.007,33.0,0.0069,5.0,36051.0,2041.0
2021-01-05 09:39:47.250,0.007,0.007,28.0,0.0069,5.0,36053.0,2046.0
2021-01-05 09:39:47.710,0.007,0.007,41.0,0.0069,5.0,36053.0,2046.0
2021-01-05 09:39:48.140,0.0069,0.0069,20.0,0.0068,75.0,36063.0,2056.0
2021-01-05 09:39:48.720,0.007,0.007,43.0,0.0068,65.0,36068.0,2061.0
2021-01-05 09:39:49.241,0.007,0.007,43.0,0.0069,5.0,36068.0,2061.0
2021-01-05 09:39:49.711,0.007,0.007,43.0,0.0069,5.0,36073.0,2066.0
2021-01-05 09:39:50.180,0.007,0.007,38.0,0.0069,5.0,36078.0,2071.0
2021-01-05 09:39:50.710,0.007,0.007,25.0,0.0069,5.0,36078.0,2071.0
2021-01-05 09:39:51.241,0.007,0.0071,43.0,0.0069,25.0,36078.0,2071.0
2021-01-05 09:39:51.730,0.007,0.0071,43.0,0.0069,15.0,36078.0,2071.0
2021-01-05 09:39:52.251,0.007,0.0071,43.0,0.007,6.0,36078.0,2071.0
2021-01-05 09:39:52.670,0.007,0.007,37.0,0.0069,35.0,36084.0,2077.0
2021-01-05 09:39:53.181,0.007,0.007,17.0,0.0069,5.0,36104.0,2097.0
2021-01-05 09:39:53.630,0.007,0.007,17.0,0.0069,5.0,36104.0,2097.0
2021-01-05 09:39:54.191,0.007,0.007,13.0,0.0069,5.0,36109.0,2102.0
2021-01-05 09:39:54.691,0.007,0.007,43.0,0.0069,5.0,36109.0,2102.0
2021-01-05 09:39:55.181,0.007,0.007,43.0,0.0069,25.0,36109.0,2102.0
2021-01-05 09:39:55.640,0.007,0.007,43.0,0.0069,25.0,36109.0,2102.0
2021-01-05 09:39:56.120,0.007,0.0071,43.0,0.0069,58.0,36109.0,2102.0
2021-01-05 09:39:56.691,0.007,0.0071,43.0,0.0069,5.0,36109.0,2102.0
2021-01-05 09:39:57.181,0.007,0.007,43.0,0.0069,5.0,36109.0,2102.0
2021-01-05 09:39:57.580,0.007,0.007,43.0,0.0069,5.0,36109.0,2102.0
2021-01-05 09:39:58.170,0.007,0.007,43.0,0.0069,5.0,36109.0,2102.0
2021-01-05 09:39:59.061,0.007,0.007,43.0,0.0069,5.0,36109.0,2102.0
2021-01-05 09:39:59.670,0.007,0.007,43.0,0.0069,5.0,36109.0,2102.0
2021-01-05 09:40:00.631,0.007,0.007,43.0,0.0069,5.0,36109.0,2102.0
2021-01-05 09:40:01.201,0.007,0.007,43.0,0.0069,5.0,36109.0,2102.0
2021-01-05 09:40:01.570,0.007,0.007,45.0,0.0069,5.0,36109.0,2102.0
2021-01-05 09:40:02.200,0.007,0.007,45.0,0.0069,5.0,36109.0,2102.0
2021-01-05 09:40:02.671,0.0069,0.0069,20.0,0.0068,20.0,36119.0,2112.0
2021-01-05 09:40:03.171,0.0069,0.0069,15.0,0.0068,20.0,36146.0,2139.0
2021-01-05 09:40:03.691,0.0069,0.0069,15.0,0.0068,20.0,36146.0,2139.0
2021-01-05 09:40:04.160,0.0069,0.007,30.0,0.0068,21.0,36146.0,2139.0
2021-01-05 09:40:04.700,0.0069,0.007,30.0,0.0068,20.0,36146.0,2139.0
2021-01-05 09:40:05.170,0.0069,0.007,45.0,0.0068,20.0,36146.0,2139.0
2021-01-05 09:40:06.701,0.0069,0.0069,30.0,0.0068,40.0,36146.0,2139.0
2021-01-05 09:40:07.191,0.0069,0.0069,30.0,0.0068,40.0,36146.0,2139.0
2021-01-05 09:40:07.700,0.0069,0.0069,30.0,0.0068,40.0,36146.0,2139.0
2021-01-05 09:40:08.200,0.0069,0.0069,45.0,0.0068,40.0,36146.0,2139.0
2021-01-05 09:40:08.690,0.0069,0.0069,45.0,0.0068,20.0,36146.0,2139.0
2021-01-05 09:40:09.191,0.0069,0.0069,45.0,0.0068,20.0,36146.0,2139.0
2021-01-05 09:40:10.150,0.0069,0.0069,45.0,0.0068,20.0,36146.0,2139.0
2021-01-05 09:40:10.680,0.0069,0.0069,45.0,0.0068,20.0,36146.0,2139.0
2021-01-05 09:40:11.671,0.0069,0.0069,45.0,0.0068,20.0,36146.0,2139.0
2021-01-05 09:40:12.190,0.0069,0.0069,45.0,0.0068,20.0,36146.0,2139.0
2021-01-05 09:40:12.680,0.0068,0.0068,10.0,0.0066,96.0,36146.0,2159.0
2021-01-05 09:40:13.170,0.0068,0.0069,45.0,0.0067,20.0,36146.0,2159.0
2021-01-05 09:40:13.700,0.0068,0.0068,30.0,0.0067,20.0,36146.0,2159.0
2021-01-05 09:40:14.150,0.0068,0.0069,45.0,0.0067,20.0,36146.0,2159.0
2021-01-05 09:40:14.701,0.0068,0.0068,30.0,0.0067,20.0,36146.0,2159.0
2021-01-05 09:40:15.120,0.0068,0.0068,30.0,0.0067,20.0,36146.0,2159.0
2021-01-05 09:40:15.690,0.0068,0.0068,30.0,0.0067,20.0,36146.0,2159.0
2021-01-05 09:40:16.140,0.0068,0.0068,30.0,0.0067,20.0,36146.0,2159.0
2021-01-05 09:40:16.610,0.0068,0.0069,45.0,0.0067,20.0,36146.0,2159.0
2021-01-05 09:40:17.661,0.0068,0.0068,30.0,0.0067,20.0,36146.0,2159.0
2021-01-05 09:40:18.161,0.0068,0.0068,30.0,0.0067,20.0,36146.0,2159.0
2021-01-05 09:40:19.711,0.0068,0.0069,45.0,0.0067,20.0,36146.0,2159.0
2021-01-05 09:40:20.191,0.0068,0.0069,45.0,0.0067,52.0,36146.0,2159.0
2021-01-05 09:40:20.691,0.0068,0.0069,45.0,0.0067,52.0,36146.0,2159.0
2021-01-05 09:40:21.200,0.0068,0.0069,45.0,0.0067,70.0,36146.0,2159.0
2021-01-05 09:40:22.210,0.0068,0.0069,45.0,0.0067,70.0,36146.0,2159.0
2021-01-05 09:40:22.591,0.0068,0.0069,45.0,0.0067,70.0,36146.0,2159.0
2021-01-05 09:40:23.200,0.0068,0.0069,45.0,0.0067,80.0,36146.0,2159.0
2021-01-05 09:40:23.701,0.0068,0.0069,45.0,0.0067,80.0,36146.0,2159.0
2021-01-05 09:40:24.160,0.0068,0.0069,45.0,0.0067,70.0,36146.0,2159.0
2021-01-05 09:40:25.121,0.0068,0.0069,45.0,0.0067,80.0,36146.0,2159.0
2021-01-05 09:40:25.570,0.0068,0.0069,15.0,0.0067,80.0,36146.0,2159.0
2021-01-05 09:40:26.181,0.0068,0.0069,15.0,0.0067,70.0,36146.0,2159.0
2021-01-05 09:40:27.101,0.0068,0.0069,15.0,0.0067,72.0,36146.0,2159.0
2021-01-05 09:40:27.701,0.0068,0.0069,15.0,0.0068,50.0,36146.0,2159.0
2021-01-05 09:40:28.110,0.0068,0.0069,15.0,0.0068,20.0,36146.0,2159.0
2021-01-05 09:40:28.690,0.0068,0.0069,15.0,0.0068,20.0,36146.0,2159.0
2021-01-05 09:40:29.170,0.0068,0.0069,60.0,0.0068,20.0,36146.0,2159.0
2021-01-05 09:40:30.150,0.0069,0.0069,30.0,0.0068,20.0,36148.0,2161.0
2021-01-05 09:40:30.700,0.0069,0.0069,15.0,0.0068,20.0,36149.0,2162.0
2021-01-05 09:40:31.101,0.0068,0.0069,30.0,0.0068,5.0,36149.0,2177.0
2021-01-05 09:40:31.991,0.0068,0.0069,60.0,0.0068,5.0,36149.0,2177.0
2021-01-05 09:40:32.640,0.0068,0.0069,45.0,0.0068,5.0,36149.0,2177.0
2021-01-05 09:40:33.161,0.0068,0.0068,15.0,0.0067,50.0,36149.0,2177.0
2021-01-05 09:40:33.551,0.0068,0.0068,15.0,0.0067,20.0,36149.0,2177.0
2021-01-05 09:40:34.171,0.0068,0.0069,60.0,0.0067,20.0,36149.0,2177.0
2021-01-05 09:40:34.601,0.0068,0.0068,15.0,0.0067,70.0,36149.0,2177.0
2021-01-05 09:40:35.201,0.0068,0.0068,15.0,0.0067,50.0,36149.0,2177.0
2021-01-05 09:40:35.681,0.0068,0.0069,80.0,0.0067,50.0,36149.0,2177.0
2021-01-05 09:40:36.161,0.0068,0.0069,80.0,0.0067,50.0,36149.0,2177.0
2021-01-05 09:40:36.620,0.0068,0.0069,65.0,0.0067,50.0,36149.0,2177.0
2021-01-05 09:40:37.201,0.0068,0.0069,65.0,0.0067,50.0,36149.0,2177.0
2021-01-05 09:40:37.700,0.0068,0.0069,65.0,0.0067,60.0,36149.0,2177.0
2021-01-05 09:40:38.130,0.0068,0.0069,65.0,0.0067,50.0,36149.0,2177.0
2021-01-05 09:40:38.651,0.0068,0.0068,15.0,0.0067,50.0,36149.0,2177.0
2021-01-05 09:40:39.041,0.0068,0.0068,15.0,0.0067,50.0,36149.0,2177.0
2021-01-05 09:40:39.450,0.0068,0.0069,65.0,0.0067,50.0,36149.0,2177.0
2021-01-05 09:40:40.061,0.0068,0.0068,15.0,0.0067,30.0,36149.0,2177.0
2021-01-05 09:40:40.670,0.0068,0.0069,65.0,0.0067,30.0,36149.0,2177.0
2021-01-05 09:40:41.191,0.0068,0.0068,15.0,0.0066,83.0,36149.0,2177.0
2021-01-05 09:40:41.640,0.0068,0.0068,35.0,0.0066,65.0,36149.0,2177.0
2021-01-05 09:40:42.180,0.0068,0.0068,20.0,0.0066,108.0,36149.0,2177.0
2021-01-05 09:40:43.191,0.0068,0.0068,20.0,0.0066,93.0,36149.0,2177.0
2021-01-05 09:40:43.621,0.0068,0.0068,35.0,0.0066,93.0,36149.0,2177.0
2021-01-05 09:40:44.161,0.0068,0.0068,35.0,0.0066,93.0,36149.0,2177.0
2021-01-05 09:40:45.131,0.0068,0.0068,35.0,0.0066,83.0,36149.0,2177.0
2021-01-05 09:40:45.621,0.0068,0.0067,5.0,0.0066,83.0,36149.0,2177.0
2021-01-05 09:40:46.161,0.0067,0.0067,4.0,0.0066,58.0,36149.0,2178.0
2021-01-05 09:40:47.211,0.0067,0.0067,4.0,0.0066,58.0,36149.0,2178.0
2021-01-05 09:40:47.611,0.0067,0.0067,4.0,0.0066,55.0,36149.0,2178.0
2021-01-05 09:40:48.700,0.0067,0.0067,4.0,0.0066,58.0,36149.0,2178.0
2021-01-05 09:40:49.111,0.0067,0.0067,2.0,0.0066,58.0,36152.0,2181.0
2021-01-05 09:40:50.181,0.0067,0.0067,2.0,0.0066,55.0,36152.0,2181.0
2021-01-05 09:40:50.650,0.0067,0.0067,2.0,0.0066,55.0,36152.0,2181.0
2021-01-05 09:40:51.021,0.0067,0.0067,2.0,0.0066,55.0,36152.0,2181.0
2021-01-05 09:40:51.601,0.0067,0.0067,2.0,0.0066,55.0,36152.0,2181.0
2021-01-05 09:40:55.111,0.0067,0.0067,2.0,0.0066,65.0,36152.0,2181.0
2021-01-05 09:40:55.681,0.0067,0.0067,2.0,0.0066,55.0,36152.0,2181.0
2021-01-05 09:40:56.121,0.0067,0.0067,2.0,0.0066,65.0,36152.0,2181.0
2021-01-05 09:40:56.711,0.0067,0.0067,2.0,0.0066,75.0,36152.0,2181.0
2021-01-05 09:40:57.180,0.0067,0.0067,2.0,0.0066,75.0,36152.0,2181.0
2021-01-05 09:40:57.701,0.0067,0.0067,2.0,0.0066,55.0,36152.0,2181.0
2021-01-05 09:40:58.721,0.0067,0.0067,2.0,0.0066,55.0,36152.0,2181.0
2021-01-05 09:40:59.721,0.0067,0.0067,2.0,0.0066,55.0,36152.0,2181.0
2021-01-05 09:41:00.150,0.0067,0.0067,2.0,0.0066,60.0,36152.0,2181.0
2021-01-05 09:41:01.041,0.0067,0.0067,2.0,0.0066,60.0,36152.0,2181.0
2021-01-05 09:41:01.650,0.0067,0.0067,2.0,0.0066,60.0,36152.0,2181.0
2021-01-05 09:41:02.190,0.0067,0.0067,17.0,0.0066,60.0,36152.0,2181.0
2021-01-05 09:41:02.661,0.0067,0.0067,17.0,0.0066,60.0,36152.0,2181.0
2021-01-05 09:41:03.110,0.0067,0.0067,2.0,0.0066,70.0,36152.0,2181.0
2021-01-05 09:41:04.680,0.0067,0.0067,2.0,0.0066,60.0,36152.0,2181.0
2021-01-05 09:41:05.660,0.0067,0.0068,45.0,0.0067,8.0,36154.0,2183.0
2021-01-05 09:41:06.221,0.0067,0.0068,45.0,0.0067,8.0,36154.0,2183.0
2021-01-05 09:41:07.100,0.0067,0.0068,15.0,0.0067,8.0,36154.0,2183.0
2021-01-05 09:41:08.701,0.0067,0.0068,45.0,0.0067,8.0,36154.0,2183.0
2021-01-05 09:41:09.661,0.0067,0.0068,15.0,0.0067,8.0,36154.0,2183.0
2021-01-05 09:41:10.710,0.0067,0.0068,15.0,0.0067,28.0,36154.0,2183.0
2021-01-05 09:41:11.210,0.0067,0.0069,45.0,0.0067,28.0,36154.0,2183.0
2021-01-05 09:41:11.711,0.0067,0.0068,15.0,0.0067,28.0,36154.0,2183.0
2021-01-05 09:41:12.151,0.0067,0.0068,15.0,0.0067,28.0,36154.0,2183.0
2021-01-05 09:41:13.161,0.0067,0.0068,15.0,0.0067,8.0,36154.0,2183.0
2021-01-05 09:41:13.701,0.0067,0.0068,45.0,0.0067,8.0,36154.0,2183.0
2021-01-05 09:41:14.160,0.0067,0.0069,60.0,0.0067,58.0,36154.0,2183.0
2021-01-05 09:41:14.671,0.0067,0.0069,45.0,0.0067,18.0,36154.0,2183.0
2021-01-05 09:41:15.050,0.0067,0.0068,15.0,0.0067,28.0,36154.0,2183.0
2021-01-05 09:41:15.601,0.0067,0.0068,45.0,0.0067,18.0,36154.0,2183.0
2021-01-05 09:41:16.210,0.0067,0.0068,45.0,0.0067,18.0,36154.0,2183.0
2021-01-05 09:41:16.500,0.0067,0.0068,45.0,0.0067,18.0,36154.0,2183.0
2021-01-05 09:41:17.180,0.0067,0.0068,15.0,0.0067,18.0,36154.0,2183.0
2021-01-05 09:41:19.161,0.0067,0.0068,15.0,0.0067,18.0,36154.0,2183.0
2021-01-05 09:41:19.960,0.0067,0.0068,15.0,0.0067,18.0,36154.0,2183.0
2021-01-05 09:41:20.721,0.0067,0.0068,15.0,0.0067,28.0,36154.0,2183.0
2021-01-05 09:41:21.190,0.0067,0.0068,15.0,0.0067,18.0,36154.0,2183.0
2021-01-05 09:41:22.190,0.0067,0.0068,15.0,0.0067,48.0,36154.0,2183.0
2021-01-05 09:41:22.700,0.0067,0.0068,15.0,0.0067,48.0,36154.0,2183.0
2021-01-05 09:41:24.171,0.0067,0.0068,15.0,0.0067,48.0,36154.0,2183.0
2021-01-05 09:41:24.651,0.0067,0.0069,45.0,0.0067,68.0,36154.0,2183.0
2021-01-05 09:41:25.120,0.0067,0.0068,15.0,0.0067,78.0,36154.0,2183.0
2021-01-05 09:41:25.120,0.0067,0.0068,15.0,0.0067,68.0,36154.0,2183.0
2021-01-05 09:41:26.021,0.0067,0.0068,15.0,0.0067,88.0,36154.0,2183.0
2021-01-05 09:41:27.131,0.0067,0.0068,15.0,0.0067,98.0,36154.0,2183.0
2021-01-05 09:41:27.710,0.0067,0.0068,15.0,0.0067,98.0,36154.0,2183.0
2021-01-05 09:41:28.171,0.0068,0.0068,13.0,0.0067,118.0,36157.0,2186.0
2021-01-05 09:41:28.540,0.0068,0.0068,15.0,0.0067,118.0,36157.0,2186.0
2021-01-05 09:41:29.690,0.0068,0.0068,15.0,0.0067,108.0,36157.0,2186.0
2021-01-05 09:41:31.181,0.0068,0.0068,15.0,0.0067,108.0,36157.0,2186.0
2021-01-05 09:41:31.700,0.0068,0.0068,15.0,0.0067,118.0,36157.0,2186.0
2021-01-05 09:41:32.220,0.0068,0.0068,15.0,0.0067,108.0,36157.0,2186.0
2021-01-05 09:41:32.670,0.0068,0.0068,15.0,0.0067,108.0,36157.0,2186.0
2021-01-05 09:41:33.171,0.0068,0.0069,45.0,0.0067,108.0,36157.0,2186.0
2021-01-05 09:41:33.680,0.0068,0.0068,15.0,0.0067,108.0,36157.0,2186.0
2021-01-05 09:41:33.990,0.0068,0.0068,15.0,0.0067,88.0,36157.0,2186.0
2021-01-05 09:41:34.720,0.0068,0.0068,15.0,0.0067,88.0,36157.0,2186.0
2021-01-05 09:41:35.221,0.0068,0.0068,15.0,0.0067,88.0,36157.0,2186.0
2021-01-05 09:41:35.721,0.0068,0.0069,60.0,0.0067,88.0,36157.0,2186.0
2021-01-05 09:41:35.970,0.0068,0.0069,15.0,0.0067,88.0,36157.0,2186.0
2021-01-05 09:41:36.620,0.0068,0.0069,15.0,0.0068,32.0,36157.0,2186.0
2021-01-05 09:41:37.210,0.0068,0.0069,15.0,0.0068,2.0,36157.0,2186.0
2021-01-05 09:41:37.711,0.0068,0.007,70.0,0.0068,2.0,36157.0,2186.0
2021-01-05 09:41:38.160,0.0068,0.007,70.0,0.0068,52.0,36157.0,2186.0
2021-01-05 09:41:38.650,0.0068,0.0069,15.0,0.0068,72.0,36157.0,2186.0
2021-01-05 09:41:39.221,0.0068,0.0069,30.0,0.0068,42.0,36157.0,2186.0
2021-01-05 09:41:40.231,0.0068,0.0069,30.0,0.0068,42.0,36157.0,2186.0
2021-01-05 09:41:41.730,0.0068,0.0069,60.0,0.0068,22.0,36157.0,2186.0
2021-01-05 09:41:42.690,0.0068,0.0069,45.0,0.0067,88.0,36159.0,2188.0
2021-01-05 09:41:43.080,0.0068,0.0069,60.0,0.0067,88.0,36159.0,2188.0
2021-01-05 09:41:43.720,0.0068,0.0069,45.0,0.0067,88.0,36159.0,2188.0
2021-01-05 09:41:44.181,0.0068,0.0069,60.0,0.0067,88.0,36159.0,2188.0
2021-01-05 09:41:44.671,0.0068,0.0069,60.0,0.0067,91.0,36159.0,2188.0
2021-01-05 09:41:45.190,0.0068,0.0069,60.0,0.0067,101.0,36159.0,2188.0
2021-01-05 09:41:45.701,0.0068,0.0069,60.0,0.0067,88.0,36159.0,2188.0
2021-01-05 09:41:46.241,0.0068,0.0069,60.0,0.0067,91.0,36159.0,2188.0
2021-01-05 09:41:46.661,0.0068,0.0069,60.0,0.0067,88.0,36159.0,2188.0
2021-01-05 09:41:47.201,0.0068,0.0069,30.0,0.0067,101.0,36159.0,2188.0
2021-01-05 09:41:48.181,0.0068,0.007,55.0,0.0068,30.0,36159.0,2188.0
2021-01-05 09:41:48.740,0.0068,0.007,70.0,0.0068,50.0,36159.0,2188.0
2021-01-05 09:41:49.191,0.0068,0.0069,30.0,0.0068,20.0,36159.0,2188.0
2021-01-05 09:41:49.310,0.0068,0.007,70.0,0.0068,20.0,36159.0,2188.0
2021-01-05 09:41:50.100,0.0068,0.007,60.0,0.0068,30.0,36159.0,2188.0
2021-01-05 09:41:50.751,0.0068,0.007,60.0,0.0068,40.0,36159.0,2188.0
2021-01-05 09:41:51.251,0.0068,0.0069,15.0,0.0068,50.0,36159.0,2188.0
2021-01-05 09:41:51.760,0.0068,0.0069,15.0,0.0068,20.0,36159.0,2188.0
2021-01-05 09:41:52.261,0.0068,0.0069,15.0,0.0068,50.0,36159.0,2188.0
2021-01-05 09:41:52.690,0.0068,0.007,60.0,0.0068,30.0,36159.0,2188.0
2021-01-05 09:41:53.151,0.0068,0.007,30.0,0.0068,60.0,36159.0,2188.0
2021-01-05 09:41:53.681,0.0068,0.007,30.0,0.0068,50.0,36159.0,2188.0
2021-01-05 09:41:54.161,0.0068,0.007,15.0,0.0068,50.0,36159.0,2188.0
2021-01-05 09:41:54.670,0.0068,0.007,60.0,0.0068,50.0,36159.0,2188.0
2021-01-05 09:41:55.101,0.0068,0.007,30.0,0.0068,60.0,36159.0,2188.0
2021-01-05 09:41:55.671,0.0068,0.007,30.0,0.0068,50.0,36159.0,2188.0
2021-01-05 09:41:56.151,0.0068,0.007,30.0,0.0068,60.0,36159.0,2188.0
2021-01-05 09:41:56.670,0.0068,0.007,60.0,0.0068,50.0,36159.0,2188.0
2021-01-05 09:41:57.031,0.0068,0.0069,15.0,0.0068,63.0,36159.0,2188.0
2021-01-05 09:41:57.640,0.0068,0.0069,15.0,0.0068,50.0,36159.0,2188.0
2021-01-05 09:41:58.140,0.0068,0.0069,15.0,0.0068,50.0,36159.0,2188.0
2021-01-05 09:41:58.630,0.0068,0.007,45.0,0.0068,50.0,36159.0,2188.0
2021-01-05 09:41:59.131,0.0068,0.0069,15.0,0.0068,50.0,36159.0,2188.0
2021-01-05 09:42:00.151,0.0068,0.0069,15.0,0.0068,50.0,36159.0,2188.0
2021-01-05 09:42:01.190,0.0068,0.0069,15.0,0.0068,53.0,36159.0,2188.0
2021-01-05 09:42:01.651,0.0068,0.007,15.0,0.0068,53.0,36159.0,2188.0
2021-01-05 09:42:02.201,0.0068,0.007,30.0,0.0068,50.0,36159.0,2188.0
2021-01-05 09:42:02.641,0.0068,0.007,30.0,0.0068,60.0,36159.0,2188.0
2021-01-05 09:42:03.690,0.0068,0.007,15.0,0.0068,60.0,36159.0,2188.0
2021-01-05 09:42:04.091,0.0068,0.0069,15.0,0.0068,50.0,36159.0,2188.0
2021-01-05 09:42:04.641,0.0068,0.0069,30.0,0.0068,50.0,36159.0,2188.0
2021-01-05 09:42:05.211,0.0068,0.0069,15.0,0.0068,53.0,36159.0,2188.0
2021-01-05 09:42:05.711,0.0068,0.0069,15.0,0.0068,53.0,36159.0,2188.0
2021-01-05 09:42:06.690,0.0068,0.0069,15.0,0.0068,50.0,36159.0,2188.0
2021-01-05 09:42:07.230,0.0069,0.007,60.0,0.0068,53.0,36174.0,2203.0
2021-01-05 09:42:07.691,0.0069,0.007,60.0,0.0068,50.0,36174.0,2203.0
2021-01-05 09:42:08.220,0.0069,0.0069,15.0,0.0068,50.0,36174.0,2203.0
2021-01-05 09:42:09.230,0.0069,0.007,60.0,0.0068,53.0,36174.0,2203.0
2021-01-05 09:42:09.570,0.0069,0.007,45.0,0.0068,68.0,36174.0,2203.0
2021-01-05 09:42:10.220,0.0069,0.007,60.0,0.0068,53.0,36174.0,2203.0
2021-01-05 09:42:10.681,0.0069,0.007,45.0,0.0068,68.0,36174.0,2203.0
2021-01-05 09:42:11.211,0.0069,0.007,45.0,0.0069,20.0,36174.0,2203.0
2021-01-05 09:42:11.720,0.0069,0.0071,45.0,0.0069,40.0,36174.0,2203.0
2021-01-05 09:42:12.210,0.0069,0.0071,60.0,0.0069,40.0,36174.0,2203.0
2021-01-05 09:42:12.711,0.0069,0.0071,45.0,0.0069,40.0,36174.0,2203.0
2021-01-05 09:42:13.170,0.0071,0.007,15.0,0.0069,40.0,36194.0,2223.0
2021-01-05 09:42:13.560,0.007,0.007,15.0,0.0069,40.0,36254.0,2283.0
2021-01-05 09:42:14.150,0.0071,0.0071,60.0,0.0069,20.0,36294.0,2323.0
2021-01-05 09:42:14.671,0.007,0.0071,30.0,0.007,10.0,36324.0,2353.0
2021-01-05 09:42:15.151,0.0071,0.0071,30.0,0.007,30.0,36364.0,2393.0
2021-01-05 09:42:15.650,0.0071,0.0071,50.0,0.007,30.0,36364.0,2393.0
2021-01-05 09:42:16.161,0.0071,0.0072,20.0,0.0071,25.0,36419.0,2448.0
2021-01-05 09:42:16.651,0.0071,0.0072,35.0,0.007,40.0,36464.0,2493.0
2021-01-05 09:42:17.241,0.0071,0.0071,30.0,0.007,30.0,36464.0,2493.0
2021-01-05 09:42:17.681,0.0071,0.0071,30.0,0.007,30.0,36464.0,2493.0
2021-01-05 09:42:18.100,0.0071,0.0071,45.0,0.007,30.0,36464.0,2493.0
2021-01-05 09:42:18.701,0.0071,0.0071,15.0,0.007,30.0,36504.0,2533.0
2021-01-05 09:42:19.210,0.0071,0.0071,5.0,0.007,30.0,36544.0,2573.0
2021-01-05 09:42:19.621,0.0071,0.0071,5.0,0.007,30.0,36544.0,2573.0
2021-01-05 09:42:20.171,0.0071,0.0072,50.0,0.0071,15.0,36549.0,2578.0
2021-01-05 09:42:20.680,0.0071,0.0072,50.0,0.0071,65.0,36579.0,2608.0
2021-01-05 09:42:21.231,0.0072,0.0072,30.0,0.0071,35.0,36649.0,2678.0
2021-01-05 09:42:21.621,0.0071,0.0072,30.0,0.0071,25.0,36679.0,2708.0
2021-01-05 09:42:22.221,0.0072,0.0072,10.0,0.0071,25.0,36739.0,2768.0
2021-01-05 09:42:22.370,0.0072,0.0072,20.0,0.0071,25.0,36759.0,2788.0
2021-01-05 09:42:23.160,0.0072,0.0073,55.0,0.0072,5.0,36794.0,2823.0
2021-01-05 09:42:23.631,0.0072,0.0073,55.0,0.0071,25.0,36839.0,2868.0
2021-01-05 09:42:24.151,0.0072,0.0072,30.0,0.0071,25.0,36839.0,2868.0
2021-01-05 09:42:24.670,0.0072,0.0072,30.0,0.0071,25.0,36839.0,2868.0
2021-01-05 09:42:25.200,0.0072,0.0072,30.0,0.0071,25.0,36839.0,2868.0
2021-01-05 09:42:25.511,0.0072,0.0072,30.0,0.0071,25.0,36839.0,2868.0
2021-01-05 09:42:26.130,0.0072,0.0072,30.0,0.0071,25.0,36839.0,2868.0
2021-01-05 09:42:26.701,0.0072,0.0073,100.0,0.0071,45.0,36839.0,2868.0
2021-01-05 09:42:27.171,0.0072,0.0073,70.0,0.0072,10.0,36869.0,2898.0
2021-01-05 09:42:27.571,0.0072,0.0073,70.0,0.0072,40.0,36899.0,2928.0
2021-01-05 09:42:28.061,0.0072,0.0073,100.0,0.0072,60.0,36899.0,2928.0
2021-01-05 09:42:28.641,0.0072,0.0073,90.0,0.0072,60.0,36899.0,2928.0
2021-01-05 09:42:29.720,0.0072,0.0073,90.0,0.0072,60.0,36899.0,2928.0
2021-01-05 09:42:30.110,0.0072,0.0073,90.0,0.0072,60.0,36899.0,2928.0
2021-01-05 09:42:31.200,0.0072,0.0073,90.0,0.0071,60.0,36899.0,2928.0
2021-01-05 09:42:31.200,0.0072,0.0073,90.0,0.0071,50.0,36899.0,2928.0
2021-01-05 09:42:32.721,0.0072,0.0073,70.0,0.0071,50.0,36899.0,2928.0
2021-01-05 09:42:33.121,0.0072,0.0073,70.0,0.0071,30.0,36899.0,2928.0
2021-01-05 09:42:33.720,0.0072,0.0073,70.0,0.0071,50.0,36899.0,2928.0
2021-01-05 09:42:34.210,0.0072,0.0073,70.0,0.0071,50.0,36899.0,2928.0
2021-01-05 09:42:34.731,0.0072,0.0073,70.0,0.0071,50.0,36899.0,2928.0
2021-01-05 09:42:35.151,0.0072,0.0073,70.0,0.0071,50.0,36899.0,2928.0
2021-01-05 09:42:35.701,0.0072,0.0073,70.0,0.0071,50.0,36899.0,2928.0
2021-01-05 09:42:37.251,0.0072,0.0073,25.0,0.0071,65.0,36899.0,2928.0
2021-01-05 09:42:37.751,0.0072,0.0073,40.0,0.0071,50.0,36899.0,2928.0
2021-01-05 09:42:38.200,0.0072,0.0073,25.0,0.0071,65.0,36899.0,2928.0
2021-01-05 09:42:39.220,0.0072,0.0073,25.0,0.0071,50.0,36899.0,2928.0
2021-01-05 09:42:39.441,0.0072,0.0073,25.0,0.0071,65.0,36899.0,2928.0
2021-01-05 09:42:40.221,0.0072,0.0073,25.0,0.0072,15.0,36899.0,2928.0
2021-01-05 09:42:40.721,0.0072,0.0073,25.0,0.0071,65.0,36899.0,2928.0
2021-01-05 09:42:41.161,0.0072,0.0073,25.0,0.0071,65.0,36899.0,2928.0
2021-01-05 09:42:41.731,0.0072,0.0073,25.0,0.0071,65.0,36899.0,2928.0
2021-01-05 09:42:42.250,0.0072,0.0073,25.0,0.0072,30.0,36899.0,2928.0
2021-01-05 09:42:42.711,0.0072,0.0073,40.0,0.0071,65.0,36899.0,2928.0
2021-01-05 09:42:43.251,0.0072,0.0072,15.0,0.0071,65.0,36899.0,2928.0
2021-01-05 09:42:43.741,0.0072,0.0072,15.0,0.0071,50.0,36899.0,2928.0
2021-01-05 09:42:44.211,0.0072,0.0073,55.0,0.0071,65.0,36899.0,2928.0
2021-01-05 09:42:44.751,0.0072,0.0073,25.0,0.0071,65.0,36899.0,2928.0
2021-01-05 09:42:45.191,0.0072,0.0073,55.0,0.0071,45.0,36899.0,2928.0
2021-01-05 09:42:45.650,0.0072,0.0073,55.0,0.0071,45.0,36899.0,2928.0
2021-01-05 09:42:46.240,0.0072,0.0073,25.0,0.0071,30.0,36899.0,2928.0
2021-01-05 09:42:46.741,0.0072,0.0073,25.0,0.0071,30.0,36899.0,2928.0
2021-01-05 09:42:47.160,0.0072,0.0073,25.0,0.007,25.0,36899.0,2958.0
2021-01-05 09:42:47.690,0.0072,0.0073,10.0,0.0071,45.0,36899.0,2958.0
2021-01-05 09:42:48.171,0.0072,0.0073,10.0,0.0071,45.0,36899.0,2958.0
2021-01-05 09:42:48.630,0.0073,0.0073,30.0,0.0071,30.0,36967.0,3036.0
2021-01-05 09:42:49.110,0.0073,0.0073,45.0,0.0071,45.0,36967.0,3036.0
2021-01-05 09:42:50.261,0.0073,0.0073,30.0,0.0071,45.0,36967.0,3036.0
2021-01-05 09:42:51.761,0.0073,0.0073,45.0,0.0071,45.0,36967.0,3036.0
2021-01-05 09:42:52.251,0.0073,0.0073,45.0,0.0071,45.0,36967.0,3036.0
2021-01-05 09:42:52.601,0.0073,0.0073,30.0,0.0071,45.0,36967.0,3036.0
2021-01-05 09:42:53.640,0.0073,0.0074,100.0,0.0071,45.0,36967.0,3036.0
2021-01-05 09:42:54.191,0.0073,0.0074,90.0,0.0071,45.0,36967.0,3036.0
2021-01-05 09:42:54.710,0.0073,0.0074,75.0,0.0071,45.0,36967.0,3036.0
2021-01-05 09:42:55.190,0.0073,0.0073,15.0,0.0071,45.0,36967.0,3036.0
2021-01-05 09:42:55.701,0.0073,0.0074,100.0,0.0071,45.0,36967.0,3036.0
2021-01-05 09:42:56.020,0.0073,0.0074,90.0,0.0072,30.0,36967.0,3036.0
2021-01-05 09:42:56.631,0.0073,0.0074,90.0,0.0072,30.0,36967.0,3036.0
2021-01-05 09:42:57.171,0.0073,0.0074,90.0,0.0072,30.0,36967.0,3036.0
2021-01-05 09:42:57.661,0.0073,0.0074,75.0,0.0072,45.0,36967.0,3036.0
2021-01-05 09:42:58.220,0.0073,0.0074,75.0,0.0072,45.0,36967.0,3036.0
2021-01-05 09:42:58.731,0.0073,0.0074,75.0,0.0072,30.0,36967.0,3036.0
2021-01-05 09:42:59.230,0.0073,0.0074,90.0,0.0072,30.0,36967.0,3036.0
2021-01-05 09:42:59.730,0.0073,0.0074,75.0,0.0072,45.0,36967.0,3036.0
2021-01-05 09:43:00.131,0.0073,0.0074,90.0,0.0072,30.0,36967.0,3036.0
2021-01-05 09:43:00.721,0.0073,0.0074,75.0,0.0072,45.0,36967.0,3036.0
2021-01-05 09:43:01.211,0.0073,0.0074,90.0,0.0072,30.0,36967.0,3036.0
2021-01-05 09:43:02.150,0.0073,0.0074,90.0,0.0072,30.0,36967.0,3036.0
2021-01-05 09:43:02.681,0.0073,0.0074,45.0,0.0072,45.0,36967.0,3036.0
2021-01-05 09:43:03.241,0.0073,0.0074,45.0,0.0072,45.0,36967.0,3036.0
2021-01-05 09:43:03.701,0.0073,0.0074,45.0,0.0072,45.0,36967.0,3036.0
2021-01-05 09:43:04.740,0.0073,0.0074,90.0,0.0072,30.0,36967.0,3036.0
2021-01-05 09:43:05.251,0.0073,0.0074,75.0,0.0072,45.0,36967.0,3036.0
2021-01-05 09:43:05.731,0.0073,0.0074,60.0,0.0072,45.0,36967.0,3036.0
2021-01-05 09:43:06.171,0.0073,0.0074,60.0,0.0072,45.0,36967.0,3036.0
2021-01-05 09:43:06.751,0.0073,0.0074,60.0,0.0072,45.0,36967.0,3036.0
2021-01-05 09:43:08.200,0.0073,0.0074,60.0,0.0072,45.0,36967.0,3036.0
2021-01-05 09:43:08.701,0.0073,0.0074,75.0,0.0072,30.0,36967.0,3036.0
2021-01-05 09:43:09.231,0.0073,0.0074,75.0,0.0072,30.0,36967.0,3036.0
2021-01-05 09:43:09.740,0.0073,0.0074,60.0,0.0072,45.0,36967.0,3036.0
2021-01-05 09:43:10.150,0.0073,0.0074,10.0,0.0072,46.0,36967.0,3036.0
2021-01-05 09:43:11.750,0.0073,0.0074,10.0,0.0073,30.0,36967.0,3036.0
2021-01-05 09:43:12.171,0.0073,0.0074,10.0,0.0073,30.0,36967.0,3036.0
2021-01-05 09:43:13.210,0.0073,0.0074,10.0,0.0072,45.0,36967.0,3036.0
2021-01-05 09:43:13.740,0.0073,0.0074,10.0,0.0072,45.0,36967.0,3036.0
2021-01-05 09:43:14.270,0.0073,0.0074,40.0,0.0072,45.0,36967.0,3036.0
2021-01-05 09:43:15.241,0.0072,0.0074,40.0,0.0072,44.0,36966.0,3037.0
2021-01-05 09:43:15.711,0.0072,0.0074,40.0,0.0072,45.0,36966.0,3037.0
2021-01-05 09:43:16.720,0.0072,0.0074,10.0,0.0073,30.0,36966.0,3037.0
2021-01-05 09:43:17.271,0.0073,0.0074,25.0,0.0073,25.0,36966.0,3042.0
2021-01-05 09:43:17.771,0.0073,0.0074,10.0,0.0073,25.0,36966.0,3042.0
2021-01-05 09:43:18.270,0.0073,0.0074,10.0,0.0072,45.0,36966.0,3042.0
2021-01-05 09:43:18.291,0.0074,0.0074,45.0,0.0072,45.0,36968.0,3044.0
2021-01-05 09:43:19.261,0.0074,0.0074,30.0,0.0072,45.0,36968.0,3044.0
2021-01-05 09:43:20.281,0.0074,0.0074,45.0,0.0072,30.0,36968.0,3044.0
2021-01-05 09:43:20.731,0.0074,0.0074,65.0,0.0072,30.0,36968.0,3044.0
2021-01-05 09:43:21.271,0.0074,0.0074,35.0,0.0072,30.0,36968.0,3044.0
2021-01-05 09:43:21.701,0.0074,0.0074,20.0,0.0073,30.0,36968.0,3044.0
2021-01-05 09:43:22.281,0.0074,0.0074,20.0,0.0073,30.0,36968.0,3044.0
2021-01-05 09:43:22.641,0.0074,0.0075,80.0,0.0072,45.0,36968.0,3044.0
2021-01-05 09:43:23.190,0.0074,0.0075,80.0,0.0072,45.0,36968.0,3044.0
2021-01-05 09:43:24.120,0.0074,0.0074,15.0,0.0073,30.0,36968.0,3044.0
2021-01-05 09:43:24.291,0.0074,0.0075,80.0,0.0073,30.0,36968.0,3044.0
2021-01-05 09:43:24.661,0.0074,0.0075,80.0,0.0073,30.0,36968.0,3044.0
2021-01-05 09:43:25.701,0.0074,0.0074,15.0,0.0073,30.0,36968.0,3044.0
2021-01-05 09:43:26.181,0.0074,0.0075,80.0,0.0073,30.0,36968.0,3044.0
2021-01-05 09:43:29.001,0.0074,0.0074,15.0,0.0073,30.0,36968.0,3044.0
2021-01-05 09:43:30.050,0.0074,0.0074,30.0,0.0073,30.0,36968.0,3044.0
2021-01-05 09:43:30.701,0.0074,0.0074,15.0,0.0073,30.0,36968.0,3044.0
2021-01-05 09:43:31.111,0.0074,0.0074,15.0,0.0073,30.0,36968.0,3044.0
2021-01-05 09:43:31.720,0.0074,0.0075,80.0,0.0073,30.0,36968.0,3044.0
2021-01-05 09:43:32.181,0.0074,0.0075,80.0,0.0073,30.0,36968.0,3044.0
2021-01-05 09:43:32.611,0.0074,0.0075,80.0,0.0073,30.0,36968.0,3044.0
2021-01-05 09:43:33.141,0.0074,0.0074,15.0,0.0073,30.0,36968.0,3044.0
2021-01-05 09:43:33.600,0.0074,0.0074,15.0,0.0073,30.0,36968.0,3044.0
2021-01-05 09:43:34.221,0.0074,0.0074,15.0,0.0073,30.0,36968.0,3044.0
2021-01-05 09:43:34.691,0.0074,0.0075,80.0,0.0073,30.0,36968.0,3044.0
2021-01-05 09:43:35.160,0.0074,0.0074,15.0,0.0073,30.0,36968.0,3044.0
2021-01-05 09:43:35.610,0.0074,0.0074,15.0,0.0073,30.0,36968.0,3044.0
2021-01-05 09:43:36.221,0.0074,0.0074,15.0,0.0073,30.0,36968.0,3044.0
2021-01-05 09:43:36.651,0.0074,0.0074,15.0,0.0073,30.0,36968.0,3044.0
2021-01-05 09:43:37.170,0.0074,0.0074,5.0,0.0073,33.0,36968.0,3074.0
2021-01-05 09:43:37.631,0.0074,0.0075,60.0,0.0073,33.0,36968.0,3074.0
2021-01-05 09:43:38.680,0.0074,0.0075,60.0,0.0073,33.0,36968.0,3074.0
2021-01-05 09:43:39.241,0.0074,0.0075,60.0,0.0073,33.0,36968.0,3074.0
2021-01-05 09:43:39.711,0.0074,0.0075,80.0,0.0073,33.0,36968.0,3074.0
2021-01-05 09:43:40.731,0.0074,0.0075,80.0,0.0073,33.0,36968.0,3074.0
2021-01-05 09:43:41.231,0.0074,0.0074,15.0,0.0073,33.0,36968.0,3074.0
2021-01-05 09:43:41.671,0.0074,0.0075,80.0,0.0073,33.0,36968.0,3074.0
2021-01-05 09:43:42.191,0.0074,0.0075,80.0,0.0073,33.0,36968.0,3074.0
2021-01-05 09:43:43.231,0.0073,0.0074,15.0,0.0073,1.0,36970.0,3096.0
2021-01-05 09:43:43.561,0.0073,0.0074,35.0,0.0072,30.0,36971.0,3097.0
2021-01-05 09:43:44.251,0.0073,0.0074,15.0,0.0072,30.0,36971.0,3097.0
2021-01-05 09:43:44.670,0.0073,0.0074,15.0,0.0072,30.0,36971.0,3097.0
2021-01-05 09:43:45.221,0.0073,0.0074,35.0,0.0072,30.0,36971.0,3097.0
2021-01-05 09:43:45.720,0.0073,0.0074,20.0,0.0073,30.0,36971.0,3097.0
2021-01-05 09:43:46.151,0.0073,0.0075,80.0,0.0073,30.0,36971.0,3097.0
2021-01-05 09:43:46.750,0.0073,0.0074,15.0,0.0073,30.0,36971.0,3097.0
2021-01-05 09:43:47.250,0.0073,0.0075,80.0,0.0073,30.0,36971.0,3097.0
2021-01-05 09:43:47.661,0.0073,0.0074,15.0,0.0073,30.0,36971.0,3097.0
2021-01-05 09:43:48.210,0.0073,0.0074,30.0,0.0073,30.0,36971.0,3097.0
2021-01-05 09:43:48.721,0.0073,0.0074,50.0,0.0072,30.0,36971.0,3097.0
2021-01-05 09:43:49.221,0.0073,0.0074,50.0,0.0072,30.0,36971.0,3097.0
2021-01-05 09:43:49.511,0.0073,0.0074,50.0,0.0072,30.0,36971.0,3097.0
2021-01-05 09:43:50.110,0.0073,0.0074,50.0,0.0072,30.0,36971.0,3097.0
2021-01-05 09:43:50.721,0.0073,0.0074,80.0,0.0072,30.0,36971.0,3097.0
2021-01-05 09:43:51.221,0.0073,0.0074,80.0,0.0072,30.0,36971.0,3097.0
2021-01-05 09:43:52.200,0.0073,0.0073,15.0,0.0072,30.0,36971.0,3097.0
2021-01-05 09:43:52.681,0.0073,0.0073,20.0,0.0072,30.0,36971.0,3097.0
2021-01-05 09:43:52.971,0.0073,0.0074,90.0,0.0072,30.0,36971.0,3097.0
2021-01-05 09:43:53.610,0.0073,0.0074,80.0,0.0072,30.0,36971.0,3097.0
2021-01-05 09:43:54.191,0.0073,0.0074,80.0,0.0072,30.0,36971.0,3097.0
2021-01-05 09:43:54.680,0.0073,0.0074,80.0,0.0072,30.0,36971.0,3097.0
2021-01-05 09:43:56.721,0.0073,0.0074,50.0,0.0072,30.0,36971.0,3097.0
2021-01-05 09:43:57.130,0.0073,0.0074,65.0,0.0072,30.0,36971.0,3097.0
2021-01-05 09:43:57.650,0.0073,0.0074,65.0,0.0072,30.0,36971.0,3097.0
2021-01-05 09:43:58.181,0.0072,0.0074,80.0,0.0072,20.0,36971.0,3107.0
2021-01-05 09:43:58.711,0.0072,0.0074,80.0,0.0072,20.0,36971.0,3107.0
2021-01-05 09:43:59.170,0.0072,0.0074,80.0,0.0072,20.0,36971.0,3107.0
2021-01-05 09:44:00.131,0.0072,0.0073,15.0,0.0072,19.0,36970.0,3108.0
2021-01-05 09:44:00.640,0.0072,0.0073,34.0,0.0072,8.0,36970.0,3120.0
2021-01-05 09:44:00.941,0.0072,0.0073,35.0,0.0072,8.0,36970.0,3120.0
2021-01-05 09:44:01.621,0.0072,0.0073,20.0,0.0072,8.0,36970.0,3120.0
2021-01-05 09:44:02.031,0.0072,0.0074,90.0,0.0072,8.0,36970.0,3120.0
2021-01-05 09:44:02.711,0.0072,0.0073,15.0,0.0072,8.0,36970.0,3120.0
2021-01-05 09:44:03.241,0.0072,0.0073,35.0,0.0071,3.0,36970.0,3128.0
2021-01-05 09:44:03.731,0.0072,0.0073,35.0,0.0071,33.0,36970.0,3128.0
2021-01-05 09:44:04.230,0.0072,0.0073,35.0,0.0071,33.0,36970.0,3128.0
2021-01-05 09:44:04.720,0.0072,0.0072,10.0,0.0071,33.0,36970.0,3128.0
2021-01-05 09:44:05.260,0.0072,0.0072,10.0,0.0071,33.0,36970.0,3128.0
2021-01-05 09:44:05.761,0.0072,0.0072,10.0,0.0071,33.0,36970.0,3128.0
2021-01-05 09:44:06.261,0.0072,0.0072,30.0,0.0071,33.0,36970.0,3128.0
2021-01-05 09:44:06.770,0.0072,0.0072,10.0,0.0071,33.0,36970.0,3128.0
2021-01-05 09:44:07.281,0.0072,0.0072,30.0,0.0071,33.0,36970.0,3128.0
2021-01-05 09:44:08.261,0.0072,0.0072,30.0,0.0071,33.0,36970.0,3128.0
2021-01-05 09:44:08.760,0.0072,0.0072,40.0,0.0071,33.0,36970.0,3128.0
2021-01-05 09:44:09.150,0.0072,0.0072,60.0,0.0071,33.0,36970.0,3128.0
2021-01-05 09:44:09.780,0.0071,0.0072,60.0,0.0071,13.0,36973.0,3148.0
2021-01-05 09:44:09.790,0.0072,0.0072,57.0,0.0071,13.0,36976.0,3151.0
2021-01-05 09:44:10.781,0.0072,0.0072,57.0,0.0071,13.0,36976.0,3151.0
2021-01-05 09:44:11.780,0.0072,0.0072,57.0,0.0071,13.0,36976.0,3151.0
2021-01-05 09:44:12.270,0.0072,0.0072,57.0,0.007,40.0,36976.0,3151.0
2021-01-05 09:44:12.781,0.0072,0.0072,42.0,0.007,40.0,36976.0,3151.0
2021-01-05 09:44:13.230,0.0072,0.0072,57.0,0.007,40.0,36976.0,3151.0
2021-01-05 09:44:14.260,0.0072,0.0072,87.0,0.007,40.0,36976.0,3151.0
2021-01-05 09:44:15.280,0.0072,0.0072,72.0,0.007,40.0,36976.0,3151.0
2021-01-05 09:44:15.780,0.0072,0.0072,87.0,0.007,40.0,36976.0,3151.0
2021-01-05 09:44:17.280,0.0072,0.0072,87.0,0.007,40.0,36976.0,3151.0
2021-01-05 09:44:17.770,0.0072,0.0072,72.0,0.007,40.0,36976.0,3151.0
2021-01-05 09:44:18.231,0.0072,0.0072,42.0,0.007,40.0,36976.0,3151.0
2021-01-05 09:44:18.780,0.0072,0.0072,57.0,0.0071,30.0,36976.0,3151.0
2021-01-05 09:44:19.261,0.0072,0.0072,69.0,0.007,40.0,36979.0,3154.0
2021-01-05 09:44:19.801,0.0072,0.0072,69.0,0.007,40.0,36979.0,3154.0
2021-01-05 09:44:20.240,0.007,0.0071,25.0,0.007,30.0,36949.0,3194.0
2021-01-05 09:44:20.721,0.007,0.0071,60.0,0.007,30.0,36949.0,3194.0
