,last,ask1,asize1,bid1,bsize1,oi,volume
2021-01-05 09:15:43.090,0.0108,0.0108,1.0,0.0108,1.0,6755.0,
2021-01-05 09:23:58.190,0.0107,0.0107,1.0,0.0107,1.0,6755.0,
2021-01-05 09:24:37.730,0.0106,0.0106,3.0,0.0106,3.0,6755.0,
2021-01-05 09:25:00.080,0.0106,0.0106,7.0,0.0102,1.0,6757.0,3.0
2021-01-05 09:30:00.451,0.0106,0.0105,1.0,0.0102,21.0,6757.0,3.0
2021-01-05 09:30:00.980,0.0106,0.0105,1.0,0.0103,1.0,6757.0,3.0
2021-01-05 09:30:01.990,0.0106,0.0105,1.0,0.0103,1.0,6757.0,3.0
2021-01-05 09:30:02.440,0.0106,0.0105,1.0,0.01,20.0,6757.0,3.0
2021-01-05 09:30:03.010,0.0106,0.0105,1.0,0.0096,20.0,6757.0,3.0
2021-01-05 09:30:04.430,0.0106,0.0105,1.0,0.0095,20.0,6757.0,3.0
2021-01-05 09:30:05.010,0.0106,0.0105,1.0,0.0094,20.0,6757.0,3.0
2021-01-05 09:30:05.990,0.0106,0.0105,1.0,0.008,10.0,6757.0,3.0
2021-01-05 09:30:06.971,0.0106,0.0105,21.0,0.0092,20.0,6757.0,3.0
2021-01-05 09:30:09.490,0.0106,0.0105,21.0,0.0091,20.0,6757.0,3.0
2021-01-05 09:30:13.000,0.0106,0.0105,21.0,0.0092,20.0,6757.0,3.0
2021-01-05 09:30:15.991,0.0106,0.0105,21.0,0.0092,20.0,6757.0,3.0
2021-01-05 09:30:17.641,0.0106,0.0105,1.0,0.0093,20.0,6757.0,3.0
2021-01-05 09:30:21.241,0.0106,0.0105,21.0,0.0092,20.0,6757.0,3.0
2021-01-05 09:30:21.741,0.0106,0.0105,1.0,0.0093,20.0,6757.0,3.0
2021-01-05 09:30:22.240,0.0106,0.0105,1.0,0.0092,20.0,6757.0,3.0
2021-01-05 09:30:22.671,0.0106,0.0105,21.0,0.0092,20.0,6757.0,3.0
2021-01-05 09:30:24.661,0.0106,0.0105,21.0,0.0091,20.0,6757.0,3.0
2021-01-05 09:30:26.670,0.0106,0.0105,21.0,0.009,20.0,6757.0,3.0
2021-01-05 09:30:27.671,0.0106,0.0105,21.0,0.0091,20.0,6757.0,3.0
2021-01-05 09:30:32.631,0.0106,0.0105,21.0,0.0092,20.0,6757.0,3.0
2021-01-05 09:30:36.170,0.0106,0.0105,21.0,0.0091,20.0,6757.0,3.0
2021-01-05 09:30:37.171,0.0106,0.0105,21.0,0.0092,20.0,6757.0,3.0
2021-01-05 09:30:38.141,0.0106,0.0105,21.0,0.0091,20.0,6757.0,3.0
2021-01-05 09:30:41.701,0.0106,0.0105,21.0,0.009,20.0,6757.0,3.0
2021-01-05 09:30:43.681,0.0106,0.0105,21.0,0.009,30.0,6757.0,3.0
2021-01-05 09:30:45.710,0.0106,0.0105,21.0,0.0091,20.0,6757.0,3.0
2021-01-05 09:30:49.700,0.0106,0.0105,21.0,0.009,30.0,6757.0,3.0
2021-01-05 09:30:52.221,0.0106,0.0101,20.0,0.009,30.0,6757.0,3.0
2021-01-05 09:30:52.651,0.0106,0.0101,20.0,0.0091,20.0,6757.0,3.0
2021-01-05 09:30:53.120,0.0106,0.0101,30.0,0.0091,40.0,6757.0,3.0
2021-01-05 09:30:54.130,0.0106,0.01,20.0,0.0091,40.0,6757.0,3.0
2021-01-05 09:30:58.660,0.0106,0.01,20.0,0.0091,40.0,6757.0,3.0
2021-01-05 09:30:59.171,0.0106,0.0101,52.0,0.0091,40.0,6757.0,3.0
2021-01-05 09:31:00.161,0.0106,0.0101,32.0,0.0091,40.0,6757.0,3.0
2021-01-05 09:31:00.681,0.0106,0.0101,32.0,0.0091,40.0,6757.0,3.0
2021-01-05 09:31:01.140,0.0106,0.0101,32.0,0.0091,40.0,6757.0,3.0
2021-01-05 09:31:02.170,0.0106,0.0101,32.0,0.0091,20.0,6757.0,3.0
2021-01-05 09:31:02.681,0.0106,0.0101,32.0,0.0091,20.0,6757.0,3.0
2021-01-05 09:31:03.680,0.0106,0.0101,32.0,0.0091,40.0,6757.0,3.0
2021-01-05 09:31:06.681,0.0106,0.0101,32.0,0.0091,40.0,6757.0,3.0
2021-01-05 09:31:08.200,0.0106,0.0101,32.0,0.0091,40.0,6757.0,3.0
2021-01-05 09:31:08.650,0.0106,0.0101,32.0,0.0091,40.0,6757.0,3.0
2021-01-05 09:31:09.701,0.0106,0.0101,32.0,0.0092,10.0,6757.0,3.0
2021-01-05 09:31:10.200,0.0106,0.0101,32.0,0.0092,30.0,6757.0,3.0
2021-01-05 09:31:11.701,0.0106,0.0101,52.0,0.0092,30.0,6757.0,3.0
2021-01-05 09:31:19.150,0.0106,0.0101,32.0,0.0092,10.0,6757.0,3.0
2021-01-05 09:31:19.721,0.0106,0.0101,52.0,0.0092,10.0,6757.0,3.0
2021-01-05 09:31:20.171,0.0106,0.0101,52.0,0.0092,30.0,6757.0,3.0
2021-01-05 09:31:20.701,0.0106,0.0101,32.0,0.0092,30.0,6757.0,3.0
2021-01-05 09:31:21.221,0.0106,0.0101,32.0,0.0092,40.0,6757.0,3.0
2021-01-05 09:31:23.640,0.0106,0.0101,32.0,0.0092,40.0,6757.0,3.0
2021-01-05 09:31:24.151,0.0106,0.0101,32.0,0.0092,40.0,6757.0,3.0
2021-01-05 09:31:26.141,0.0106,0.0093,20.0,0.0092,40.0,6757.0,3.0
2021-01-05 09:31:26.670,0.0093,0.0101,2.0,0.0092,30.0,6777.0,23.0
2021-01-05 09:31:27.171,0.0093,0.0093,20.0,0.0092,40.0,6777.0,23.0
2021-01-05 09:31:27.601,0.0093,0.0093,20.0,0.0092,40.0,6777.0,23.0
2021-01-05 09:31:28.101,0.0093,0.0093,20.0,0.0092,40.0,6777.0,23.0
2021-01-05 09:31:28.610,0.0093,0.0097,10.0,0.0092,40.0,6797.0,43.0
2021-01-05 09:31:29.171,0.0093,0.0094,20.0,0.0092,40.0,6797.0,43.0
2021-01-05 09:31:30.170,0.0093,0.0094,20.0,0.0092,40.0,6797.0,43.0
2021-01-05 09:31:30.671,0.0094,0.0096,1.0,0.0092,40.0,6817.0,63.0
2021-01-05 09:31:31.101,0.0094,0.0095,20.0,0.0093,10.0,6817.0,63.0
2021-01-05 09:31:31.641,0.0094,0.0095,20.0,0.0093,30.0,6817.0,63.0
2021-01-05 09:31:33.190,0.0094,0.0094,1.0,0.0093,30.0,6817.0,63.0
2021-01-05 09:31:33.610,0.0094,0.0095,20.0,0.0093,40.0,6818.0,64.0
2021-01-05 09:31:34.181,0.0094,0.0095,20.0,0.0093,30.0,6818.0,64.0
2021-01-05 09:31:34.681,0.0094,0.0095,20.0,0.0094,10.0,6818.0,64.0
2021-01-05 09:31:35.190,0.0094,0.0095,20.0,0.0094,30.0,6818.0,64.0
2021-01-05 09:31:35.651,0.0094,0.0095,20.0,0.0094,30.0,6818.0,64.0
2021-01-05 09:31:38.190,0.0094,0.0095,20.0,0.0094,30.0,6818.0,64.0
2021-01-05 09:31:39.210,0.0094,0.0095,20.0,0.0094,30.0,6818.0,64.0
2021-01-05 09:31:39.710,0.0095,0.0095,7.0,0.0094,30.0,6831.0,77.0
2021-01-05 09:31:40.200,0.0095,0.0097,10.0,0.0095,6.0,6838.0,84.0
2021-01-05 09:31:40.711,0.0095,0.0097,20.0,0.0094,21.0,6838.0,84.0
2021-01-05 09:31:41.191,0.0095,0.0097,20.0,0.0094,21.0,6838.0,84.0
2021-01-05 09:31:41.700,0.0095,0.0097,20.0,0.0095,10.0,6838.0,84.0
2021-01-05 09:31:42.711,0.0095,0.0097,20.0,0.0095,30.0,6838.0,84.0
2021-01-05 09:31:43.690,0.0095,0.0097,20.0,0.0094,21.0,6838.0,84.0
2021-01-05 09:31:44.190,0.0095,0.0097,20.0,0.0094,31.0,6838.0,84.0
2021-01-05 09:31:44.691,0.0095,0.0097,20.0,0.0094,31.0,6838.0,84.0
2021-01-05 09:31:45.170,0.0095,0.0097,20.0,0.0094,21.0,6838.0,84.0
2021-01-05 09:31:45.700,0.0095,0.0097,20.0,0.0095,10.0,6838.0,84.0
2021-01-05 09:31:46.171,0.0095,0.0097,20.0,0.0095,10.0,6838.0,84.0
2021-01-05 09:31:46.701,0.0095,0.0097,20.0,0.0095,30.0,6838.0,84.0
2021-01-05 09:31:47.191,0.0095,0.0097,20.0,0.0096,13.0,6838.0,84.0
2021-01-05 09:31:47.690,0.0095,0.0097,20.0,0.0096,13.0,6838.0,84.0
2021-01-05 09:31:48.670,0.0097,0.0097,7.0,0.0096,13.0,6851.0,97.0
2021-01-05 09:31:49.711,0.0097,0.01,10.0,0.0097,13.0,6858.0,104.0
2021-01-05 09:31:50.191,0.0097,0.0101,22.0,0.0096,20.0,6858.0,104.0
2021-01-05 09:31:50.710,0.0097,0.0101,2.0,0.0097,10.0,6858.0,104.0
2021-01-05 09:31:51.210,0.0097,0.0101,2.0,0.0097,10.0,6858.0,104.0
2021-01-05 09:31:52.220,0.0097,0.0101,2.0,0.0097,30.0,6858.0,104.0
2021-01-05 09:31:52.621,0.0097,0.0101,2.0,0.0097,30.0,6858.0,104.0
2021-01-05 09:31:53.171,0.0097,0.0101,2.0,0.0098,13.0,6858.0,104.0
2021-01-05 09:31:53.640,0.0097,0.0101,2.0,0.0098,33.0,6858.0,104.0
2021-01-05 09:31:55.670,0.0097,0.0101,2.0,0.0098,33.0,6858.0,104.0
2021-01-05 09:31:56.681,0.0097,0.0101,2.0,0.0098,33.0,6858.0,104.0
2021-01-05 09:31:57.171,0.0097,0.0101,2.0,0.0098,33.0,6858.0,104.0
2021-01-05 09:31:57.651,0.0097,0.0101,2.0,0.0098,33.0,6858.0,104.0
2021-01-05 09:31:58.640,0.0097,0.0101,2.0,0.0098,20.0,6858.0,104.0
2021-01-05 09:31:59.180,0.0097,0.0101,2.0,0.0097,43.0,6858.0,104.0
2021-01-05 09:31:59.660,0.0097,0.0101,2.0,0.0098,13.0,6858.0,104.0
2021-01-05 09:32:00.150,0.0097,0.0101,2.0,0.0098,33.0,6858.0,104.0
2021-01-05 09:32:00.650,0.0097,0.0101,2.0,0.0098,33.0,6858.0,104.0
2021-01-05 09:32:01.170,0.0097,0.0101,2.0,0.0098,20.0,6858.0,104.0
2021-01-05 09:32:01.670,0.0097,0.0101,2.0,0.0098,13.0,6858.0,104.0
2021-01-05 09:32:02.171,0.0097,0.0101,2.0,0.0098,33.0,6858.0,104.0
2021-01-05 09:32:03.180,0.0097,0.0099,20.0,0.0098,13.0,6858.0,104.0
2021-01-05 09:32:03.641,0.0097,0.0099,20.0,0.0097,43.0,6858.0,104.0
2021-01-05 09:32:04.161,0.0097,0.0099,20.0,0.0097,30.0,6858.0,104.0
2021-01-05 09:32:05.141,0.0097,0.0099,20.0,0.0097,43.0,6858.0,104.0
2021-01-05 09:32:05.660,0.0097,0.0099,20.0,0.0097,30.0,6858.0,104.0
2021-01-05 09:32:06.161,0.0097,0.0101,2.0,0.0097,30.0,6858.0,104.0
2021-01-05 09:32:06.680,0.0097,0.0101,2.0,0.0098,13.0,6858.0,104.0
2021-01-05 09:32:07.070,0.0097,0.0101,2.0,0.0098,13.0,6858.0,104.0
2021-01-05 09:32:07.671,0.0097,0.0101,2.0,0.0097,43.0,6858.0,104.0
2021-01-05 09:32:08.171,0.0097,0.0101,2.0,0.0098,13.0,6858.0,104.0
2021-01-05 09:32:09.141,0.0097,0.0101,2.0,0.0098,13.0,6858.0,104.0
2021-01-05 09:32:09.681,0.0097,0.0101,2.0,0.0098,13.0,6858.0,104.0
2021-01-05 09:32:11.170,0.0097,0.0101,2.0,0.0097,43.0,6858.0,104.0
2021-01-05 09:32:11.650,0.0097,0.0101,2.0,0.0098,13.0,6858.0,104.0
2021-01-05 09:32:12.161,0.0097,0.0101,2.0,0.0097,23.0,6858.0,104.0
2021-01-05 09:32:12.670,0.0097,0.0101,2.0,0.0097,10.0,6858.0,104.0
2021-01-05 09:32:13.171,0.0101,0.0101,1.0,0.0097,13.0,6859.0,105.0
2021-01-05 09:32:14.660,0.0101,0.0101,1.0,0.0097,13.0,6859.0,105.0
2021-01-05 09:32:15.671,0.0101,0.0101,1.0,0.0097,33.0,6859.0,105.0
2021-01-05 09:32:16.551,0.0101,0.0101,1.0,0.0097,33.0,6859.0,105.0
2021-01-05 09:32:17.161,0.0101,0.0101,1.0,0.0098,13.0,6859.0,105.0
2021-01-05 09:32:17.651,0.0101,0.0101,1.0,0.0097,33.0,6859.0,105.0
2021-01-05 09:32:18.180,0.0101,0.0101,1.0,0.0097,20.0,6859.0,105.0
2021-01-05 09:32:18.670,0.0101,0.0101,1.0,0.01,13.0,6859.0,105.0
2021-01-05 09:32:19.150,0.01,0.0101,1.0,0.01,13.0,6859.0,125.0
2021-01-05 09:32:19.670,0.01,0.0101,1.0,0.01,13.0,6859.0,125.0
2021-01-05 09:32:20.151,0.01,0.0101,1.0,0.0098,20.0,6859.0,125.0
2021-01-05 09:32:20.671,0.0101,0.0102,20.0,0.0101,12.0,6860.0,126.0
2021-01-05 09:32:21.130,0.0101,0.0102,20.0,0.0101,13.0,6860.0,126.0
2021-01-05 09:32:21.680,0.0101,0.0102,20.0,0.01,13.0,6860.0,126.0
2021-01-05 09:32:22.181,0.0101,0.0102,20.0,0.0097,40.0,6860.0,126.0
2021-01-05 09:32:22.660,0.0101,0.0102,20.0,0.01,13.0,6860.0,126.0
2021-01-05 09:32:24.160,0.0101,0.0102,20.0,0.01,13.0,6860.0,126.0
2021-01-05 09:32:25.170,0.0101,0.0102,20.0,0.0101,13.0,6860.0,126.0
2021-01-05 09:32:26.171,0.0101,0.0102,20.0,0.0101,13.0,6860.0,126.0
2021-01-05 09:32:26.650,0.0101,0.0102,20.0,0.0101,13.0,6860.0,126.0
2021-01-05 09:32:27.151,0.0101,0.0102,20.0,0.01,13.0,6860.0,126.0
2021-01-05 09:32:27.151,0.0101,0.0102,20.0,0.0101,13.0,6860.0,126.0
2021-01-05 09:32:28.171,0.0101,0.0102,20.0,0.0101,13.0,6860.0,126.0
2021-01-05 09:32:28.630,0.0101,0.0102,20.0,0.0101,13.0,6860.0,126.0
2021-01-05 09:32:30.671,0.0101,0.0102,20.0,0.01,13.0,6860.0,126.0
2021-01-05 09:32:31.950,0.0101,0.0102,20.0,0.0101,13.0,6860.0,126.0
2021-01-05 09:32:32.690,0.0101,0.0102,20.0,0.01,13.0,6860.0,126.0
2021-01-05 09:32:33.141,0.0101,0.0102,20.0,0.0101,13.0,6860.0,126.0
2021-01-05 09:32:34.171,0.0101,0.0102,20.0,0.01,13.0,6860.0,126.0
2021-01-05 09:32:35.170,0.0101,0.0102,20.0,0.01,13.0,6860.0,126.0
2021-01-05 09:32:35.671,0.0101,0.0102,20.0,0.0101,13.0,6860.0,126.0
2021-01-05 09:32:36.190,0.0101,0.0102,20.0,0.0101,13.0,6860.0,126.0
2021-01-05 09:32:37.150,0.0101,0.0102,20.0,0.0101,13.0,6860.0,126.0
2021-01-05 09:32:39.200,0.0101,0.0102,20.0,0.01,13.0,6860.0,126.0
2021-01-05 09:32:39.621,0.0101,0.0102,20.0,0.01,13.0,6860.0,126.0
2021-01-05 09:32:40.111,0.0101,0.0102,20.0,0.01,13.0,6860.0,126.0
2021-01-05 09:32:40.641,0.0101,0.0102,20.0,0.0101,13.0,6860.0,126.0
2021-01-05 09:32:41.690,0.0101,0.0102,20.0,0.0101,13.0,6860.0,126.0
2021-01-05 09:32:42.700,0.0101,0.0102,20.0,0.0101,13.0,6860.0,126.0
2021-01-05 09:32:43.580,0.0101,0.0104,33.0,0.0101,13.0,6860.0,126.0
2021-01-05 09:32:44.151,0.0101,0.0104,33.0,0.0101,13.0,6860.0,126.0
2021-01-05 09:32:44.700,0.0104,0.0104,9.0,0.01,13.0,6884.0,150.0
2021-01-05 09:32:44.700,0.0104,0.0104,13.0,0.0101,13.0,6884.0,150.0
2021-01-05 09:32:45.580,0.0104,0.0104,13.0,0.0101,13.0,6884.0,150.0
2021-01-05 09:32:46.160,0.0104,0.0105,34.0,0.0102,13.0,6884.0,150.0
2021-01-05 09:32:46.610,0.0104,0.0105,34.0,0.0102,13.0,6884.0,150.0
2021-01-05 09:32:47.201,0.0104,0.0105,54.0,0.0102,13.0,6884.0,150.0
2021-01-05 09:32:47.701,0.0104,0.0105,54.0,0.0102,13.0,6884.0,150.0
2021-01-05 09:32:48.350,0.0104,0.0105,41.0,0.0103,13.0,6884.0,150.0
2021-01-05 09:32:49.190,0.0104,0.0105,41.0,0.0103,13.0,6884.0,150.0
2021-01-05 09:32:49.670,0.0104,0.0105,1.0,0.0104,13.0,6884.0,150.0
2021-01-05 09:32:50.171,0.0104,0.0105,1.0,0.0104,13.0,6884.0,150.0
2021-01-05 09:32:50.650,0.0104,0.0105,1.0,0.0104,13.0,6884.0,156.0
2021-01-05 09:32:51.170,0.0104,0.0105,1.0,0.0103,13.0,6884.0,156.0
2021-01-05 09:32:51.701,0.0104,0.0104,13.0,0.0101,13.0,6884.0,156.0
2021-01-05 09:32:52.191,0.0104,0.0105,14.0,0.0102,13.0,6884.0,156.0
2021-01-05 09:32:52.671,0.0104,0.0105,14.0,0.0102,13.0,6884.0,156.0
2021-01-05 09:32:53.161,0.0104,0.0105,14.0,0.0102,13.0,6884.0,156.0
2021-01-05 09:32:53.641,0.0104,0.0104,13.0,0.0101,13.0,6884.0,156.0
2021-01-05 09:32:54.181,0.0104,0.0104,13.0,0.0101,13.0,6884.0,156.0
2021-01-05 09:32:54.671,0.0104,0.0104,13.0,0.0101,13.0,6884.0,156.0
2021-01-05 09:32:55.170,0.0104,0.0104,13.0,0.0101,13.0,6884.0,156.0
2021-01-05 09:32:55.670,0.0104,0.0104,13.0,0.0101,13.0,6884.0,156.0
2021-01-05 09:32:56.150,0.0104,0.0105,14.0,0.0102,13.0,6884.0,156.0
2021-01-05 09:32:56.611,0.0104,0.0105,14.0,0.0102,13.0,6884.0,156.0
2021-01-05 09:32:57.151,0.0104,0.0105,14.0,0.0102,13.0,6884.0,156.0
2021-01-05 09:32:57.600,0.0104,0.0104,13.0,0.0101,13.0,6884.0,156.0
2021-01-05 09:32:58.171,0.0104,0.0104,13.0,0.0101,13.0,6884.0,156.0
2021-01-05 09:32:58.651,0.0104,0.0105,14.0,0.0102,13.0,6884.0,156.0
2021-01-05 09:32:59.170,0.0104,0.0105,14.0,0.0102,13.0,6884.0,156.0
2021-01-05 09:32:59.621,0.0104,0.0105,1.0,0.0103,13.0,6884.0,156.0
2021-01-05 09:33:00.180,0.0104,0.0105,1.0,0.0103,13.0,6884.0,156.0
2021-01-05 09:33:00.651,0.0104,0.0105,14.0,0.0102,13.0,6884.0,156.0
2021-01-05 09:33:01.120,0.0104,0.0105,14.0,0.0102,13.0,6884.0,156.0
2021-01-05 09:33:01.671,0.0105,0.0104,9.0,0.0101,33.0,6889.0,161.0
2021-01-05 09:33:02.130,0.0105,0.0105,13.0,0.0101,43.0,6889.0,161.0
2021-01-05 09:33:02.651,0.0105,0.0105,13.0,0.0101,23.0,6889.0,161.0
2021-01-05 09:33:03.171,0.0105,0.0105,33.0,0.01,20.0,6889.0,161.0
2021-01-05 09:33:03.681,0.0105,0.0104,13.0,0.01,23.0,6889.0,161.0
2021-01-05 09:33:04.140,0.0105,0.0104,13.0,0.01,10.0,6889.0,161.0
2021-01-05 09:33:04.651,0.0105,0.0104,13.0,0.01,10.0,6889.0,161.0
2021-01-05 09:33:05.181,0.0105,0.0104,33.0,0.01,23.0,6889.0,161.0
2021-01-05 09:33:05.690,0.0105,0.0103,13.0,0.01,23.0,6889.0,161.0
2021-01-05 09:33:06.170,0.0105,0.0103,13.0,0.01,23.0,6889.0,161.0
2021-01-05 09:33:06.651,0.0105,0.0103,13.0,0.01,13.0,6889.0,161.0
2021-01-05 09:33:07.171,0.0105,0.0104,33.0,0.0101,13.0,6889.0,161.0
2021-01-05 09:33:07.601,0.0105,0.0104,33.0,0.0101,13.0,6889.0,161.0
2021-01-05 09:33:08.191,0.0105,0.0104,20.0,0.0099,20.0,6889.0,161.0
2021-01-05 09:33:08.681,0.0105,0.0105,13.0,0.0102,13.0,6889.0,161.0
2021-01-05 09:33:09.181,0.0105,0.0105,13.0,0.0102,13.0,6889.0,161.0
2021-01-05 09:33:09.630,0.0105,0.0105,33.0,0.0102,13.0,6889.0,161.0
2021-01-05 09:33:10.180,0.0105,0.0105,33.0,0.0102,13.0,6889.0,161.0
2021-01-05 09:33:10.681,0.0105,0.0104,13.0,0.0101,13.0,6889.0,161.0
2021-01-05 09:33:11.180,0.0105,0.0104,33.0,0.0099,30.0,6889.0,161.0
2021-01-05 09:33:11.670,0.0105,0.0104,33.0,0.0101,13.0,6889.0,161.0
2021-01-05 09:33:12.131,0.0105,0.0104,33.0,0.0101,13.0,6889.0,161.0
2021-01-05 09:33:12.650,0.0105,0.0104,20.0,0.0102,13.0,6889.0,161.0
2021-01-05 09:33:13.100,0.0105,0.0105,33.0,0.0102,13.0,6889.0,161.0
2021-01-05 09:33:13.691,0.0105,0.0105,13.0,0.0102,13.0,6889.0,161.0
2021-01-05 09:33:14.160,0.0105,0.0105,13.0,0.0101,10.0,6889.0,161.0
2021-01-05 09:33:14.650,0.0105,0.0105,13.0,0.0101,10.0,6889.0,161.0
2021-01-05 09:33:15.140,0.0105,0.0105,13.0,0.0101,10.0,6889.0,161.0
2021-01-05 09:33:15.651,0.0105,0.0105,18.0,0.0101,10.0,6904.0,176.0
2021-01-05 09:33:16.181,0.0105,0.0106,41.0,0.0101,10.0,6904.0,176.0
2021-01-05 09:33:16.671,0.0105,0.0105,13.0,0.01,33.0,6904.0,176.0
2021-01-05 09:33:17.190,0.0105,0.0103,20.0,0.01,43.0,6904.0,176.0
2021-01-05 09:33:17.691,0.0105,0.0103,20.0,0.0101,13.0,6904.0,176.0
2021-01-05 09:33:18.160,0.0105,0.0103,20.0,0.0101,13.0,6904.0,176.0
2021-01-05 09:33:18.680,0.0105,0.0103,20.0,0.0101,13.0,6904.0,176.0
2021-01-05 09:33:19.660,0.0105,0.0103,20.0,0.0101,13.0,6904.0,176.0
2021-01-05 09:33:20.171,0.0105,0.0103,20.0,0.0102,10.0,6904.0,176.0
2021-01-05 09:33:20.680,0.0105,0.0103,20.0,0.0102,10.0,6904.0,176.0
2021-01-05 09:33:21.160,0.0105,0.0103,20.0,0.0102,10.0,6904.0,176.0
2021-01-05 09:33:21.681,0.0105,0.0103,20.0,0.0102,10.0,6904.0,176.0
2021-01-05 09:33:22.150,0.0105,0.0103,20.0,0.0102,10.0,6904.0,176.0
2021-01-05 09:33:22.670,0.0102,0.0103,20.0,0.0102,4.0,6910.0,182.0
2021-01-05 09:33:23.151,0.0102,0.0103,20.0,0.0101,13.0,6914.0,186.0
2021-01-05 09:33:23.660,0.0102,0.0103,20.0,0.0102,10.0,6914.0,186.0
2021-01-05 09:33:24.171,0.0102,0.0103,20.0,0.0102,10.0,6914.0,186.0
2021-01-05 09:33:24.651,0.0102,0.0103,20.0,0.0102,10.0,6914.0,186.0
2021-01-05 09:33:25.671,0.0102,0.0103,20.0,0.0102,23.0,6914.0,186.0
2021-01-05 09:33:26.161,0.0102,0.0103,20.0,0.0101,13.0,6914.0,186.0
2021-01-05 09:33:26.651,0.0102,0.0103,20.0,0.0102,10.0,6914.0,186.0
2021-01-05 09:33:27.171,0.0102,0.0103,20.0,0.0102,10.0,6914.0,186.0
2021-01-05 09:33:27.681,0.0102,0.0103,33.0,0.0102,10.0,6914.0,186.0
2021-01-05 09:33:28.180,0.0102,0.0103,20.0,0.0102,10.0,6914.0,186.0
2021-01-05 09:33:28.670,0.0102,0.0103,20.0,0.0102,23.0,6914.0,186.0
2021-01-05 09:33:29.171,0.0102,0.0103,20.0,0.0102,10.0,6914.0,186.0
2021-01-05 09:33:29.681,0.0102,0.0103,20.0,0.0102,23.0,6914.0,186.0
2021-01-05 09:33:33.680,0.0102,0.0103,20.0,0.0102,10.0,6914.0,186.0
2021-01-05 09:33:34.070,0.0102,0.0103,20.0,0.0102,10.0,6914.0,186.0
2021-01-05 09:33:35.150,0.0102,0.0104,13.0,0.0102,10.0,6914.0,186.0
2021-01-05 09:33:35.680,0.0102,0.0105,13.0,0.0102,23.0,6914.0,186.0
2021-01-05 09:33:36.101,0.0102,0.0105,13.0,0.0102,10.0,6914.0,186.0
2021-01-05 09:33:36.681,0.0102,0.0105,13.0,0.0102,10.0,6914.0,186.0
2021-01-05 09:33:37.640,0.0102,0.0105,33.0,0.0102,10.0,6914.0,186.0
2021-01-05 09:33:38.120,0.0102,0.0104,13.0,0.0102,10.0,6914.0,186.0
2021-01-05 09:33:39.201,0.0102,0.0104,13.0,0.0102,10.0,6914.0,186.0
2021-01-05 09:33:39.641,0.0102,0.0105,13.0,0.0102,23.0,6914.0,186.0
2021-01-05 09:33:40.160,0.0102,0.0105,13.0,0.0102,10.0,6914.0,186.0
2021-01-05 09:33:41.171,0.0102,0.0105,13.0,0.0102,10.0,6914.0,186.0
2021-01-05 09:33:41.691,0.0102,0.0105,13.0,0.0102,10.0,6914.0,186.0
2021-01-05 09:33:42.160,0.0102,0.0105,13.0,0.0102,23.0,6914.0,186.0
2021-01-05 09:33:42.640,0.0102,0.0106,54.0,0.0103,13.0,6914.0,186.0
2021-01-05 09:33:43.180,0.0102,0.0106,24.0,0.0103,13.0,6914.0,186.0
2021-01-05 09:33:43.180,0.0102,0.0106,24.0,0.0103,23.0,6914.0,186.0
2021-01-05 09:33:44.110,0.0102,0.0105,13.0,0.0103,10.0,6914.0,186.0
2021-01-05 09:33:44.671,0.0102,0.0105,13.0,0.0103,10.0,6914.0,186.0
2021-01-05 09:33:45.660,0.0102,0.0105,13.0,0.0103,10.0,6914.0,186.0
2021-01-05 09:33:46.680,0.0102,0.0106,24.0,0.0103,23.0,6914.0,186.0
2021-01-05 09:33:47.681,0.0102,0.0106,24.0,0.0103,43.0,6914.0,186.0
2021-01-05 09:33:48.171,0.0102,0.0106,24.0,0.0103,43.0,6914.0,186.0
2021-01-05 09:33:49.120,0.0102,0.0106,24.0,0.0103,43.0,6914.0,186.0
2021-01-05 09:33:49.681,0.0102,0.0106,24.0,0.0103,43.0,6914.0,186.0
2021-01-05 09:33:52.661,0.0102,0.0106,24.0,0.0103,43.0,6914.0,186.0
2021-01-05 09:33:54.180,0.0102,0.0106,24.0,0.0103,33.0,6914.0,186.0
2021-01-05 09:33:54.610,0.0102,0.0106,11.0,0.0104,23.0,6914.0,186.0
2021-01-05 09:33:54.881,0.0102,0.0106,11.0,0.0104,23.0,6914.0,186.0
2021-01-05 09:33:55.650,0.0102,0.0106,11.0,0.0105,13.0,6914.0,186.0
2021-01-05 09:33:56.120,0.0102,0.0106,11.0,0.0105,13.0,6914.0,186.0
2021-01-05 09:33:56.651,0.0102,0.0106,11.0,0.0105,23.0,6914.0,186.0
2021-01-05 09:33:57.171,0.0102,0.0106,11.0,0.0105,23.0,6914.0,186.0
2021-01-05 09:33:58.170,0.0102,0.0106,11.0,0.0105,23.0,6914.0,186.0
2021-01-05 09:33:58.670,0.0105,0.0105,3.0,0.0104,20.0,6924.0,196.0
2021-01-05 09:33:58.971,0.0105,0.0106,24.0,0.0104,10.0,6924.0,199.0
2021-01-05 09:33:59.690,0.0105,0.0106,11.0,0.0104,33.0,6924.0,199.0
2021-01-05 09:34:00.191,0.0105,0.0106,11.0,0.0104,33.0,6924.0,199.0
2021-01-05 09:34:00.671,0.0105,0.0106,11.0,0.0104,43.0,6924.0,199.0
2021-01-05 09:34:01.081,0.0105,0.0106,11.0,0.0104,43.0,6924.0,199.0
2021-01-05 09:34:01.661,0.0105,0.0106,24.0,0.0104,30.0,6924.0,199.0
2021-01-05 09:34:05.121,0.0105,0.0106,24.0,0.0104,20.0,6924.0,199.0
2021-01-05 09:34:05.630,0.0105,0.0106,11.0,0.0105,10.0,6924.0,199.0
2021-01-05 09:34:06.191,0.0105,0.0106,11.0,0.0105,10.0,6924.0,199.0
2021-01-05 09:34:06.661,0.0105,0.0106,11.0,0.0105,30.0,6924.0,199.0
2021-01-05 09:34:07.130,0.0105,0.0106,11.0,0.0105,30.0,6924.0,199.0
2021-01-05 09:34:08.171,0.0106,0.0107,13.0,0.0105,30.0,6929.0,210.0
2021-01-05 09:34:09.170,0.0106,0.0107,13.0,0.0105,30.0,6929.0,210.0
2021-01-05 09:34:09.670,0.0106,0.0107,13.0,0.0105,30.0,6929.0,210.0
2021-01-05 09:34:10.140,0.0106,0.0107,13.0,0.0105,30.0,6929.0,210.0
2021-01-05 09:34:11.151,0.0106,0.0107,13.0,0.0105,30.0,6929.0,210.0
2021-01-05 09:34:11.681,0.0106,0.0107,13.0,0.0105,30.0,6929.0,210.0
2021-01-05 09:34:12.121,0.0106,0.0107,13.0,0.0105,30.0,6929.0,210.0
2021-01-05 09:34:12.640,0.0106,0.0107,13.0,0.0105,30.0,6929.0,210.0
2021-01-05 09:34:13.191,0.0106,0.0107,13.0,0.0105,30.0,6929.0,210.0
2021-01-05 09:34:13.650,0.0106,0.0107,13.0,0.0105,30.0,6929.0,210.0
2021-01-05 09:34:14.181,0.0105,0.0105,10.0,0.0104,20.0,6939.0,220.0
2021-01-05 09:34:14.691,0.0105,0.0105,18.0,0.0104,10.0,6944.0,225.0
2021-01-05 09:34:15.181,0.0105,0.0105,18.0,0.0104,10.0,6944.0,225.0
2021-01-05 09:34:15.681,0.0105,0.0105,18.0,0.0104,30.0,6944.0,225.0
2021-01-05 09:34:16.190,0.0105,0.0105,18.0,0.0104,30.0,6944.0,225.0
2021-01-05 09:34:16.630,0.0105,0.0108,3.0,0.0104,30.0,6944.0,231.0
2021-01-05 09:34:17.070,0.0105,0.0108,16.0,0.0105,13.0,6944.0,231.0
2021-01-05 09:34:17.690,0.0105,0.0108,16.0,0.0105,23.0,6944.0,231.0
2021-01-05 09:34:18.201,0.0105,0.0108,16.0,0.0105,43.0,6944.0,231.0
2021-01-05 09:34:19.700,0.0105,0.0108,16.0,0.0105,43.0,6944.0,231.0
2021-01-05 09:34:20.180,0.0105,0.0107,13.0,0.0105,30.0,6944.0,231.0
2021-01-05 09:34:20.651,0.0105,0.0107,13.0,0.0105,30.0,6944.0,231.0
2021-01-05 09:34:21.200,0.0105,0.0107,13.0,0.0105,30.0,6944.0,231.0
2021-01-05 09:34:21.690,0.0105,0.0107,13.0,0.0106,20.0,6944.0,231.0
2021-01-05 09:34:22.651,0.0105,0.0107,13.0,0.0106,20.0,6944.0,231.0
2021-01-05 09:34:23.661,0.0105,0.0107,13.0,0.0106,40.0,6944.0,231.0
2021-01-05 09:34:24.600,0.0105,0.0107,13.0,0.0106,40.0,6944.0,231.0
2021-01-05 09:34:25.150,0.0105,0.0107,13.0,0.0106,50.0,6944.0,231.0
2021-01-05 09:34:25.671,0.0105,0.0108,16.0,0.0106,50.0,6944.0,231.0
2021-01-05 09:34:26.170,0.0105,0.0107,13.0,0.0106,50.0,6944.0,231.0
2021-01-05 09:34:26.641,0.0105,0.0107,13.0,0.0106,50.0,6944.0,231.0
2021-01-05 09:34:28.120,0.0106,0.0107,13.0,0.0106,47.0,6944.0,234.0
2021-01-05 09:34:28.621,0.0107,0.0107,13.0,0.0106,47.0,6944.0,244.0
2021-01-05 09:34:29.101,0.0107,0.0108,3.0,0.0106,47.0,6944.0,244.0
2021-01-05 09:34:29.601,0.0107,0.0108,16.0,0.0106,47.0,6944.0,244.0
2021-01-05 09:34:30.141,0.0107,0.0108,16.0,0.0106,47.0,6944.0,244.0
2021-01-05 09:34:30.681,0.0107,0.0108,16.0,0.0106,47.0,6944.0,244.0
2021-01-05 09:34:31.691,0.0107,0.0108,3.0,0.0106,60.0,6944.0,244.0
2021-01-05 09:34:32.150,0.0107,0.0108,3.0,0.0106,60.0,6944.0,244.0
2021-01-05 09:34:32.690,0.0107,0.0108,3.0,0.0106,60.0,6944.0,244.0
2021-01-05 09:34:33.090,0.0107,0.0108,3.0,0.0106,60.0,6944.0,244.0
2021-01-05 09:34:36.680,0.0107,0.0108,3.0,0.0107,13.0,6944.0,244.0
2021-01-05 09:34:37.161,0.0107,0.0108,3.0,0.0107,33.0,6944.0,244.0
2021-01-05 09:34:37.700,0.0107,0.0108,3.0,0.0107,33.0,6944.0,244.0
2021-01-05 09:34:38.171,0.0107,0.0108,3.0,0.0107,63.0,6944.0,244.0
2021-01-05 09:34:38.690,0.0107,0.0108,3.0,0.0107,63.0,6944.0,244.0
2021-01-05 09:34:39.091,0.0107,0.0108,3.0,0.0107,63.0,6944.0,244.0
2021-01-05 09:34:40.171,0.0108,0.011,16.0,0.0107,63.0,6944.0,247.0
2021-01-05 09:34:40.601,0.0108,0.011,16.0,0.0107,63.0,6944.0,247.0
2021-01-05 09:34:41.201,0.0108,0.011,16.0,0.0107,63.0,6944.0,247.0
2021-01-05 09:34:41.700,0.0108,0.011,16.0,0.0107,53.0,6944.0,247.0
2021-01-05 09:34:42.171,0.0108,0.011,16.0,0.0108,10.0,6944.0,247.0
2021-01-05 09:34:43.191,0.0108,0.011,16.0,0.0108,30.0,6944.0,247.0
2021-01-05 09:34:44.151,0.0108,0.011,16.0,0.0108,20.0,6944.0,247.0
2021-01-05 09:34:44.651,0.0108,0.011,16.0,0.0107,53.0,6944.0,247.0
2021-01-05 09:34:45.200,0.0108,0.011,16.0,0.0107,53.0,6944.0,247.0
2021-01-05 09:34:45.721,0.0108,0.011,16.0,0.0108,10.0,6944.0,247.0
2021-01-05 09:34:46.140,0.0108,0.011,16.0,0.0108,30.0,6944.0,247.0
2021-01-05 09:34:46.370,0.0108,0.011,16.0,0.0108,35.0,6944.0,247.0
2021-01-05 09:34:47.181,0.0108,0.011,16.0,0.0108,35.0,6944.0,247.0
2021-01-05 09:34:47.701,0.0108,0.011,16.0,0.0108,35.0,6944.0,247.0
2021-01-05 09:34:49.701,0.0108,0.011,16.0,0.0108,35.0,6944.0,247.0
2021-01-05 09:34:50.700,0.0108,0.011,3.0,0.0108,35.0,6944.0,247.0
2021-01-05 09:34:51.200,0.0108,0.011,3.0,0.0108,35.0,6944.0,247.0
2021-01-05 09:34:51.511,0.0108,0.011,3.0,0.0108,35.0,6944.0,247.0
2021-01-05 09:34:52.220,0.0108,0.011,3.0,0.0108,48.0,6944.0,247.0
2021-01-05 09:34:52.650,0.0108,0.011,16.0,0.0108,35.0,6944.0,247.0
2021-01-05 09:34:53.180,0.0108,0.011,3.0,0.0108,48.0,6944.0,247.0
2021-01-05 09:34:54.631,0.0108,0.011,3.0,0.0108,48.0,6944.0,247.0
2021-01-05 09:34:55.161,0.0108,0.011,3.0,0.0109,13.0,6944.0,247.0
2021-01-05 09:34:55.680,0.011,0.0112,23.0,0.0109,13.0,6944.0,250.0
2021-01-05 09:34:56.051,0.011,0.0113,23.0,0.0111,20.0,6944.0,250.0
2021-01-05 09:34:56.600,0.011,0.0112,13.0,0.0111,20.0,6944.0,250.0
2021-01-05 09:34:57.130,0.011,0.0113,13.0,0.0111,20.0,6944.0,250.0
2021-01-05 09:34:57.670,0.011,0.0113,13.0,0.0111,20.0,6944.0,250.0
2021-01-05 09:34:58.160,0.011,0.0114,13.0,0.0111,20.0,6944.0,250.0
2021-01-05 09:34:58.640,0.011,0.0114,13.0,0.0111,20.0,6944.0,250.0
2021-01-05 09:34:59.151,0.011,0.0114,13.0,0.0111,20.0,6944.0,250.0
2021-01-05 09:35:00.160,0.011,0.0114,13.0,0.0111,20.0,6944.0,250.0
2021-01-05 09:35:01.170,0.011,0.0114,13.0,0.0111,20.0,6944.0,250.0
2021-01-05 09:35:02.181,0.011,0.0114,13.0,0.0111,20.0,6944.0,250.0
2021-01-05 09:35:02.680,0.011,0.0114,13.0,0.0111,30.0,6944.0,250.0
2021-01-05 09:35:02.680,0.011,0.0114,13.0,0.0111,30.0,6944.0,250.0
2021-01-05 09:35:03.660,0.011,0.0114,13.0,0.0111,30.0,6944.0,250.0
2021-01-05 09:35:04.181,0.011,0.0114,13.0,0.0111,10.0,6944.0,250.0
2021-01-05 09:35:05.180,0.011,0.0114,13.0,0.0111,10.0,6944.0,250.0
2021-01-05 09:35:05.671,0.011,0.0114,13.0,0.0111,10.0,6944.0,250.0
2021-01-05 09:35:06.180,0.011,0.0114,13.0,0.0111,10.0,6944.0,250.0
2021-01-05 09:35:06.680,0.011,0.0114,13.0,0.0111,20.0,6944.0,250.0
2021-01-05 09:35:07.131,0.011,0.0114,13.0,0.011,13.0,6944.0,250.0
2021-01-05 09:35:07.650,0.011,0.0114,13.0,0.011,23.0,6944.0,250.0
2021-01-05 09:35:08.171,0.011,0.0114,13.0,0.011,30.0,6944.0,250.0
2021-01-05 09:35:09.191,0.011,0.0114,13.0,0.0112,10.0,6944.0,250.0
2021-01-05 09:35:09.700,0.011,0.0114,13.0,0.0112,10.0,6944.0,250.0
2021-01-05 09:35:10.180,0.011,0.0114,13.0,0.0112,30.0,6944.0,250.0
2021-01-05 09:35:10.691,0.011,0.0116,13.0,0.0112,30.0,6944.0,250.0
2021-01-05 09:35:11.160,0.011,0.0116,13.0,0.0115,20.0,6944.0,250.0
2021-01-05 09:35:11.671,0.0115,0.0116,13.0,0.0115,14.0,6944.0,256.0
2021-01-05 09:35:12.101,0.0115,0.0117,13.0,0.0115,14.0,6944.0,256.0
2021-01-05 09:35:12.691,0.0115,0.0117,13.0,0.0115,8.0,6944.0,262.0
2021-01-05 09:35:13.160,0.0115,0.0118,33.0,0.0115,1.0,6944.0,269.0
2021-01-05 09:35:13.640,0.0114,0.0117,13.0,0.0114,4.0,6945.0,271.0
2021-01-05 09:35:14.191,0.0114,0.0117,13.0,0.0113,20.0,6949.0,275.0
2021-01-05 09:35:14.700,0.0113,0.0118,33.0,0.0113,14.0,6949.0,281.0
2021-01-05 09:35:15.200,0.0113,0.0117,23.0,0.0113,14.0,6949.0,281.0
2021-01-05 09:35:15.701,0.0113,0.0116,13.0,0.0113,14.0,6949.0,281.0
2021-01-05 09:35:16.151,0.0113,0.0116,13.0,0.0113,14.0,6949.0,281.0
2021-01-05 09:35:16.660,0.0113,0.0117,13.0,0.0113,14.0,6949.0,281.0
2021-01-05 09:35:17.190,0.0113,0.0117,23.0,0.0113,14.0,6949.0,281.0
2021-01-05 09:35:17.680,0.0113,0.0116,13.0,0.0113,14.0,6949.0,281.0
2021-01-05 09:35:18.170,0.0113,0.0116,13.0,0.0113,14.0,6949.0,281.0
2021-01-05 09:35:18.641,0.0113,0.0117,33.0,0.0111,10.0,6949.0,281.0
2021-01-05 09:35:19.161,0.0113,0.0116,13.0,0.0112,10.0,6949.0,281.0
2021-01-05 09:35:19.641,0.0113,0.0116,13.0,0.0112,10.0,6949.0,281.0
2021-01-05 09:35:20.170,0.0113,0.0116,13.0,0.0112,10.0,6949.0,281.0
2021-01-05 09:35:20.681,0.0113,0.0116,13.0,0.0112,10.0,6949.0,281.0
2021-01-05 09:35:21.180,0.0113,0.0116,13.0,0.0112,10.0,6949.0,281.0
2021-01-05 09:35:21.601,0.0113,0.0117,13.0,0.0112,10.0,6949.0,281.0
2021-01-05 09:35:22.171,0.0113,0.0118,13.0,0.0112,10.0,6949.0,281.0
2021-01-05 09:35:22.650,0.0113,0.0118,43.0,0.0112,10.0,6949.0,281.0
2021-01-05 09:35:23.130,0.0113,0.0117,13.0,0.0112,10.0,6949.0,281.0
2021-01-05 09:35:23.680,0.0113,0.0117,13.0,0.0112,10.0,6949.0,281.0
2021-01-05 09:35:24.171,0.0113,0.0117,13.0,0.0112,10.0,6949.0,281.0
2021-01-05 09:35:25.170,0.0113,0.0117,13.0,0.0112,10.0,6949.0,281.0
2021-01-05 09:35:25.660,0.0113,0.0118,13.0,0.0112,10.0,6949.0,281.0
2021-01-05 09:35:26.160,0.0113,0.0118,23.0,0.0112,10.0,6949.0,281.0
2021-01-05 09:35:26.651,0.0113,0.0117,13.0,0.0112,10.0,6949.0,281.0
2021-01-05 09:35:27.120,0.0113,0.0117,13.0,0.0112,10.0,6949.0,281.0
2021-01-05 09:35:27.641,0.0113,0.0118,13.0,0.0112,10.0,6949.0,281.0
2021-01-05 09:35:28.131,0.0113,0.0118,43.0,0.0112,10.0,6949.0,281.0
2021-01-05 09:35:28.680,0.0113,0.0117,13.0,0.0112,10.0,6949.0,281.0
2021-01-05 09:35:29.160,0.0113,0.0117,13.0,0.0112,10.0,6949.0,281.0
2021-01-05 09:35:29.641,0.0113,0.0118,13.0,0.0112,10.0,6949.0,281.0
2021-01-05 09:35:30.121,0.0113,0.0118,23.0,0.0112,10.0,6949.0,281.0
2021-01-05 09:35:30.690,0.0113,0.0117,13.0,0.0112,10.0,6949.0,281.0
2021-01-05 09:35:31.170,0.0113,0.0117,13.0,0.0112,10.0,6949.0,281.0
2021-01-05 09:35:31.700,0.0113,0.0118,13.0,0.0112,10.0,6949.0,281.0
2021-01-05 09:35:32.150,0.0113,0.0118,33.0,0.0112,30.0,6949.0,281.0
2021-01-05 09:35:32.630,0.0113,0.0117,13.0,0.0112,30.0,6949.0,281.0
2021-01-05 09:35:33.191,0.0113,0.0117,13.0,0.0114,20.0,6949.0,281.0
2021-01-05 09:35:33.640,0.0113,0.0117,13.0,0.0114,20.0,6949.0,281.0
2021-01-05 09:35:34.180,0.0113,0.0117,13.0,0.0114,30.0,6949.0,281.0
2021-01-05 09:35:34.691,0.0113,0.0118,13.0,0.0114,30.0,6949.0,281.0
2021-01-05 09:35:35.200,0.0113,0.0118,13.0,0.0114,50.0,6949.0,281.0
2021-01-05 09:35:35.631,0.0113,0.0118,13.0,0.0114,50.0,6949.0,281.0
2021-01-05 09:35:36.180,0.0113,0.0119,13.0,0.0114,50.0,6949.0,281.0
2021-01-05 09:35:36.601,0.0113,0.0119,23.0,0.0114,50.0,6949.0,281.0
2021-01-05 09:35:37.171,0.0113,0.0118,13.0,0.0114,50.0,6949.0,281.0
2021-01-05 09:35:37.640,0.0113,0.0118,13.0,0.0114,50.0,6949.0,281.0
2021-01-05 09:35:38.190,0.0113,0.0119,13.0,0.0114,50.0,6949.0,281.0
2021-01-05 09:35:38.651,0.0113,0.0119,43.0,0.0114,50.0,6949.0,281.0
2021-01-05 09:35:39.140,0.0113,0.0118,13.0,0.0114,50.0,6949.0,281.0
2021-01-05 09:35:39.690,0.0113,0.0118,13.0,0.0114,50.0,6949.0,281.0
2021-01-05 09:35:40.691,0.0113,0.0118,13.0,0.0114,30.0,6949.0,281.0
2021-01-05 09:35:42.160,0.0113,0.0118,13.0,0.0116,1.0,6949.0,281.0
2021-01-05 09:35:42.670,0.0113,0.0118,13.0,0.0116,1.0,6949.0,281.0
2021-01-05 09:35:43.190,0.0113,0.0118,13.0,0.0116,1.0,6949.0,281.0
2021-01-05 09:35:43.661,0.0113,0.0118,13.0,0.0116,1.0,6949.0,281.0
2021-01-05 09:35:44.101,0.0113,0.0118,13.0,0.0116,1.0,6949.0,281.0
2021-01-05 09:35:45.071,0.0113,0.0118,13.0,0.0116,1.0,6949.0,281.0
2021-01-05 09:35:45.651,0.0113,0.0119,13.0,0.0116,1.0,6949.0,281.0
2021-01-05 09:35:46.170,0.0113,0.0119,13.0,0.0116,1.0,6949.0,281.0
2021-01-05 09:35:46.700,0.0113,0.0119,13.0,0.0116,1.0,6949.0,281.0
2021-01-05 09:35:47.201,0.0113,0.0119,13.0,0.0116,1.0,6949.0,281.0
2021-01-05 09:35:47.680,0.0113,0.0119,13.0,0.0116,1.0,6949.0,281.0
2021-01-05 09:35:48.181,0.0113,0.012,13.0,0.0116,21.0,6949.0,281.0
2021-01-05 09:35:48.700,0.0113,0.012,23.0,0.0116,21.0,6949.0,281.0
2021-01-05 09:35:49.001,0.0113,0.0119,13.0,0.0116,1.0,6949.0,281.0
2021-01-05 09:35:49.701,0.0113,0.0119,13.0,0.0116,21.0,6949.0,281.0
2021-01-05 09:35:50.150,0.0113,0.012,13.0,0.0116,21.0,6949.0,281.0
2021-01-05 09:35:50.680,0.0113,0.012,23.0,0.0116,21.0,6949.0,281.0
2021-01-05 09:35:51.180,0.0113,0.0119,13.0,0.0116,21.0,6949.0,281.0
2021-01-05 09:35:51.710,0.0113,0.0119,13.0,0.0118,20.0,6949.0,281.0
2021-01-05 09:35:52.100,0.0113,0.012,13.0,0.0118,20.0,6949.0,281.0
2021-01-05 09:35:52.590,0.0113,0.012,13.0,0.0118,20.0,6949.0,281.0
2021-01-05 09:35:53.111,0.0113,0.012,13.0,0.0118,20.0,6949.0,281.0
2021-01-05 09:35:54.161,0.0113,0.012,13.0,0.0118,20.0,6949.0,281.0
2021-01-05 09:35:54.640,0.0118,0.012,13.0,0.0118,14.0,6949.0,287.0
2021-01-05 09:35:55.181,0.0118,0.012,13.0,0.0118,8.0,6949.0,293.0
2021-01-05 09:35:55.691,0.0118,0.012,13.0,0.0118,1.0,6949.0,300.0
2021-01-05 09:35:56.140,0.0118,0.012,20.0,0.0116,1.0,6949.0,301.0
2021-01-05 09:35:56.690,0.0118,0.0119,13.0,0.0116,31.0,6949.0,301.0
2021-01-05 09:35:57.141,0.0118,0.0119,13.0,0.0116,31.0,6949.0,301.0
2021-01-05 09:35:57.681,0.0118,0.0119,13.0,0.0116,31.0,6949.0,301.0
2021-01-05 09:35:58.701,0.0118,0.0119,13.0,0.0116,31.0,6949.0,301.0
2021-01-05 09:35:59.640,0.0118,0.0119,13.0,0.0116,31.0,6949.0,301.0
2021-01-05 09:36:00.680,0.0118,0.0119,13.0,0.0116,31.0,6949.0,301.0
2021-01-05 09:36:01.181,0.0118,0.012,13.0,0.0116,30.0,6949.0,301.0
2021-01-05 09:36:01.671,0.0118,0.012,13.0,0.0116,50.0,6949.0,301.0
2021-01-05 09:36:02.170,0.0118,0.012,13.0,0.0116,30.0,6949.0,301.0
2021-01-05 09:36:03.150,0.0118,0.012,33.0,0.0116,10.0,6949.0,301.0
2021-01-05 09:36:03.700,0.0118,0.0119,13.0,0.0116,10.0,6949.0,301.0
2021-01-05 09:36:04.201,0.0118,0.0119,13.0,0.0114,40.0,6949.0,301.0
2021-01-05 09:36:04.670,0.0118,0.0119,13.0,0.0114,30.0,6949.0,301.0
2021-01-05 09:36:05.150,0.0118,0.0119,13.0,0.0114,30.0,6949.0,301.0
2021-01-05 09:36:05.590,0.0118,0.0119,13.0,0.0114,30.0,6949.0,301.0
2021-01-05 09:36:06.700,0.0118,0.0119,13.0,0.0114,30.0,6949.0,301.0
2021-01-05 09:36:07.640,0.0118,0.0119,13.0,0.0114,30.0,6949.0,301.0
2021-01-05 09:36:08.700,0.0118,0.0119,13.0,0.0114,30.0,6949.0,301.0
2021-01-05 09:36:09.161,0.0118,0.0119,13.0,0.0114,30.0,6949.0,301.0
2021-01-05 09:36:09.691,0.0118,0.0119,13.0,0.0114,30.0,6949.0,301.0
2021-01-05 09:36:10.160,0.0118,0.0119,13.0,0.0114,30.0,6949.0,301.0
2021-01-05 09:36:10.671,0.0118,0.0119,33.0,0.0114,10.0,6949.0,301.0
2021-01-05 09:36:11.180,0.0118,0.0118,13.0,0.0114,10.0,6949.0,301.0
2021-01-05 09:36:11.651,0.0118,0.0118,13.0,0.0114,10.0,6949.0,301.0
2021-01-05 09:36:12.181,0.0118,0.0118,13.0,0.0114,30.0,6949.0,301.0
2021-01-05 09:36:12.690,0.0118,0.0118,13.0,0.0114,30.0,6949.0,301.0
2021-01-05 09:36:13.190,0.0118,0.0119,13.0,0.0114,30.0,6949.0,301.0
2021-01-05 09:36:15.170,0.0118,0.0119,33.0,0.0114,30.0,6949.0,301.0
2021-01-05 09:36:15.660,0.0118,0.0118,13.0,0.0114,30.0,6949.0,301.0
2021-01-05 09:36:18.181,0.0118,0.0118,13.0,0.0114,30.0,6949.0,301.0
2021-01-05 09:36:18.680,0.0118,0.0118,13.0,0.0114,10.0,6949.0,301.0
2021-01-05 09:36:19.151,0.0118,0.0118,13.0,0.0114,30.0,6949.0,301.0
2021-01-05 09:36:19.691,0.0118,0.0118,13.0,0.0114,10.0,6949.0,301.0
2021-01-05 09:36:20.161,0.0118,0.0119,20.0,0.0114,30.0,6949.0,306.0
2021-01-05 09:36:20.690,0.0118,0.0118,13.0,0.0114,10.0,6949.0,306.0
2021-01-05 09:36:21.091,0.0118,0.0118,13.0,0.0114,20.0,6949.0,306.0
2021-01-05 09:36:21.691,0.0118,0.0119,20.0,0.0114,30.0,6949.0,306.0
2021-01-05 09:36:22.171,0.0118,0.0118,13.0,0.0114,30.0,6949.0,306.0
2021-01-05 09:36:22.680,0.0118,0.0118,13.0,0.0114,30.0,6949.0,306.0
2021-01-05 09:36:23.191,0.0118,0.0119,33.0,0.0114,30.0,6949.0,306.0
2021-01-05 09:36:23.681,0.0118,0.0118,13.0,0.0114,50.0,6949.0,306.0
2021-01-05 09:36:24.171,0.0114,0.0118,13.0,0.0114,20.0,6949.0,326.0
2021-01-05 09:36:24.701,0.0114,0.0116,20.0,0.0115,10.0,6949.0,326.0
2021-01-05 09:36:24.851,0.0115,0.0115,30.0,0.0114,20.0,6959.0,342.0
2021-01-05 09:36:25.650,0.0114,0.0115,18.0,0.0114,30.0,6959.0,374.0
2021-01-05 09:36:26.171,0.0115,0.0115,6.0,0.0114,10.0,6959.0,386.0
2021-01-05 09:36:26.651,0.0116,0.0116,8.0,0.0114,43.0,6960.0,398.0
2021-01-05 09:36:27.070,0.0116,0.0116,1.0,0.0114,13.0,6967.0,405.0
2021-01-05 09:36:27.690,0.0116,0.0117,13.0,0.0115,10.0,6968.0,406.0
2021-01-05 09:36:28.120,0.0116,0.0117,20.0,0.0115,10.0,6968.0,406.0
2021-01-05 09:36:28.681,0.0116,0.0116,20.0,0.0115,30.0,6968.0,406.0
2021-01-05 09:36:29.171,0.0116,0.0116,8.0,0.0115,10.0,6973.0,418.0
2021-01-05 09:36:29.661,0.0115,0.0116,1.0,0.0115,10.0,6998.0,445.0
2021-01-05 09:36:30.161,0.0116,0.0117,53.0,0.0115,10.0,6998.0,446.0
2021-01-05 09:36:30.700,0.0116,0.0117,13.0,0.0114,13.0,6998.0,446.0
2021-01-05 09:36:31.181,0.0116,0.0119,13.0,0.0115,30.0,6998.0,446.0
2021-01-05 09:36:31.690,0.0116,0.012,20.0,0.0115,10.0,6998.0,446.0
2021-01-05 09:36:32.130,0.0116,0.0118,13.0,0.0115,30.0,6998.0,446.0
2021-01-05 09:36:32.660,0.0116,0.0121,50.0,0.0115,10.0,6998.0,446.0
2021-01-05 09:36:33.200,0.0116,0.012,20.0,0.0115,30.0,6998.0,446.0
2021-01-05 09:36:33.670,0.0116,0.0119,13.0,0.0115,10.0,6998.0,446.0
2021-01-05 09:36:34.091,0.0116,0.012,13.0,0.0115,30.0,6998.0,446.0
2021-01-05 09:36:35.150,0.0116,0.0119,13.0,0.0115,30.0,6998.0,446.0
2021-01-05 09:36:36.700,0.0116,0.0119,13.0,0.0115,50.0,6998.0,446.0
2021-01-05 09:36:37.190,0.0116,0.012,13.0,0.0115,50.0,6998.0,446.0
2021-01-05 09:36:37.691,0.0116,0.012,13.0,0.0115,50.0,6998.0,446.0
2021-01-05 09:36:38.640,0.0116,0.012,13.0,0.0115,50.0,6998.0,446.0
2021-01-05 09:36:40.191,0.0116,0.012,33.0,0.0115,50.0,6998.0,446.0
2021-01-05 09:36:40.700,0.0116,0.0119,13.0,0.0115,50.0,6998.0,446.0
2021-01-05 09:36:41.201,0.0116,0.0121,40.0,0.0115,50.0,6998.0,446.0
2021-01-05 09:36:41.641,0.0116,0.012,33.0,0.0115,50.0,6998.0,446.0
2021-01-05 09:36:42.200,0.0116,0.0119,13.0,0.0115,50.0,6998.0,446.0
2021-01-05 09:36:42.690,0.0116,0.012,20.0,0.0115,50.0,6998.0,446.0
2021-01-05 09:36:43.180,0.0116,0.0119,13.0,0.0115,50.0,6998.0,446.0
2021-01-05 09:36:43.700,0.0116,0.0119,13.0,0.0115,50.0,6998.0,446.0
2021-01-05 09:36:44.200,0.0116,0.012,33.0,0.0115,50.0,6998.0,446.0
2021-01-05 09:36:44.680,0.0116,0.0119,13.0,0.0115,50.0,6998.0,446.0
2021-01-05 09:36:45.191,0.0116,0.012,13.0,0.0115,50.0,6998.0,446.0
2021-01-05 09:36:45.631,0.0116,0.012,13.0,0.0115,63.0,6998.0,446.0
2021-01-05 09:36:47.130,0.0116,0.012,13.0,0.0115,63.0,6998.0,446.0
2021-01-05 09:36:47.660,0.0116,0.012,13.0,0.0115,63.0,6998.0,446.0
2021-01-05 09:36:48.130,0.0116,0.012,13.0,0.0117,20.0,6998.0,446.0
2021-01-05 09:36:48.630,0.0116,0.012,13.0,0.0117,33.0,6998.0,446.0
2021-01-05 09:36:49.181,0.0116,0.012,13.0,0.0118,10.0,6998.0,446.0
2021-01-05 09:36:49.700,0.0116,0.012,13.0,0.0118,10.0,6998.0,446.0
2021-01-05 09:36:50.201,0.0116,0.012,13.0,0.0118,10.0,6998.0,446.0
2021-01-05 09:36:50.670,0.0116,0.0121,33.0,0.0118,10.0,6998.0,446.0
2021-01-05 09:36:51.171,0.0116,0.012,13.0,0.0118,10.0,6998.0,446.0
2021-01-05 09:36:51.671,0.0116,0.012,13.0,0.0118,10.0,6998.0,446.0
2021-01-05 09:36:52.180,0.0116,0.0121,13.0,0.0118,10.0,6998.0,446.0
2021-01-05 09:36:52.670,0.0116,0.0121,13.0,0.0118,10.0,6998.0,446.0
2021-01-05 09:36:53.191,0.0116,0.0121,13.0,0.0118,10.0,6998.0,446.0
2021-01-05 09:36:53.680,0.0116,0.0121,13.0,0.0118,10.0,6998.0,446.0
2021-01-05 09:36:53.821,0.0116,0.0121,33.0,0.0118,10.0,6998.0,446.0
2021-01-05 09:36:54.631,0.0116,0.012,13.0,0.0118,10.0,6998.0,446.0
2021-01-05 09:36:55.171,0.0116,0.012,13.0,0.0118,10.0,6998.0,446.0
2021-01-05 09:36:55.651,0.0116,0.012,13.0,0.0118,10.0,6998.0,446.0
2021-01-05 09:36:56.141,0.0116,0.012,13.0,0.0118,10.0,6998.0,446.0
2021-01-05 09:36:56.691,0.0116,0.0121,20.0,0.0119,13.0,6998.0,446.0
2021-01-05 09:36:57.171,0.0116,0.0122,33.0,0.0119,13.0,6998.0,446.0
2021-01-05 09:36:57.601,0.0116,0.0122,33.0,0.0119,13.0,6998.0,446.0
2021-01-05 09:36:58.160,0.0116,0.0122,33.0,0.0119,13.0,6998.0,446.0
2021-01-05 09:36:58.610,0.0116,0.0121,13.0,0.0118,13.0,6998.0,446.0
2021-01-05 09:36:59.181,0.0116,0.0122,20.0,0.0118,10.0,6998.0,446.0
2021-01-05 09:36:59.690,0.0116,0.0121,13.0,0.0118,23.0,6998.0,446.0
2021-01-05 09:37:00.151,0.0116,0.0122,33.0,0.0119,13.0,6998.0,446.0
2021-01-05 09:37:00.700,0.0116,0.0121,13.0,0.0118,23.0,6998.0,446.0
2021-01-05 09:37:01.081,0.0116,0.0121,13.0,0.0118,23.0,6998.0,446.0
2021-01-05 09:37:01.630,0.0116,0.0121,33.0,0.0118,23.0,6998.0,446.0
2021-01-05 09:37:02.191,0.0116,0.0121,13.0,0.0118,23.0,6998.0,446.0
2021-01-05 09:37:02.640,0.0116,0.0121,20.0,0.0116,23.0,6998.0,446.0
2021-01-05 09:37:03.151,0.0116,0.012,13.0,0.0117,23.0,6998.0,446.0
2021-01-05 09:37:03.630,0.0116,0.0123,33.0,0.0117,10.0,6998.0,446.0
2021-01-05 09:37:04.200,0.0116,0.0122,13.0,0.0117,10.0,6998.0,446.0
2021-01-05 09:37:04.690,0.0116,0.0122,13.0,0.0117,10.0,6998.0,446.0
2021-01-05 09:37:05.140,0.0116,0.0122,33.0,0.0117,10.0,6998.0,446.0
2021-01-05 09:37:05.701,0.0116,0.0121,13.0,0.0117,10.0,6998.0,446.0
2021-01-05 09:37:06.171,0.0116,0.0122,20.0,0.0117,10.0,6998.0,446.0
2021-01-05 09:37:06.700,0.0116,0.0121,13.0,0.0117,10.0,6998.0,446.0
2021-01-05 09:37:07.180,0.0116,0.0123,13.0,0.0117,10.0,6998.0,446.0
2021-01-05 09:37:07.681,0.0116,0.0122,20.0,0.0117,10.0,6998.0,446.0
2021-01-05 09:37:08.200,0.0116,0.0121,13.0,0.0117,10.0,6998.0,446.0
2021-01-05 09:37:08.630,0.0116,0.0122,13.0,0.0117,23.0,6998.0,446.0
2021-01-05 09:37:09.170,0.0116,0.0122,20.0,0.0117,10.0,6998.0,446.0
2021-01-05 09:37:09.660,0.0116,0.0121,13.0,0.0117,23.0,6998.0,446.0
2021-01-05 09:37:10.121,0.0116,0.0122,20.0,0.0117,10.0,6998.0,446.0
2021-01-05 09:37:10.701,0.0116,0.0121,13.0,0.0117,10.0,6998.0,446.0
2021-01-05 09:37:11.201,0.0116,0.0121,13.0,0.0117,10.0,6998.0,446.0
2021-01-05 09:37:11.700,0.0116,0.0122,20.0,0.0117,10.0,6998.0,446.0
2021-01-05 09:37:12.131,0.0116,0.0121,13.0,0.0117,10.0,6998.0,446.0
2021-01-05 09:37:12.620,0.0116,0.0121,13.0,0.0117,10.0,6998.0,446.0
2021-01-05 09:37:13.181,0.0116,0.0121,20.0,0.0117,10.0,6998.0,446.0
2021-01-05 09:37:13.681,0.0116,0.012,13.0,0.0117,10.0,6998.0,446.0
2021-01-05 09:37:14.130,0.0116,0.0121,20.0,0.0117,10.0,6998.0,446.0
2021-01-05 09:37:14.701,0.0116,0.012,13.0,0.0117,23.0,6998.0,446.0
2021-01-05 09:37:15.200,0.0116,0.012,13.0,0.0117,23.0,6998.0,446.0
2021-01-05 09:37:15.671,0.0116,0.0121,20.0,0.0117,10.0,6998.0,446.0
2021-01-05 09:37:16.201,0.0116,0.012,13.0,0.0117,10.0,6998.0,446.0
2021-01-05 09:37:16.501,0.0116,0.012,13.0,0.0117,10.0,6998.0,446.0
2021-01-05 09:37:17.200,0.0116,0.0121,33.0,0.0117,10.0,6998.0,446.0
2021-01-05 09:37:17.671,0.0116,0.012,13.0,0.0117,10.0,6998.0,446.0
2021-01-05 09:37:18.061,0.0116,0.012,13.0,0.0117,10.0,6998.0,446.0
2021-01-05 09:37:20.691,0.0116,0.012,13.0,0.0117,10.0,6998.0,446.0
2021-01-05 09:37:21.200,0.0116,0.012,13.0,0.0117,10.0,6998.0,446.0
2021-01-05 09:37:21.701,0.0116,0.012,13.0,0.0117,10.0,6998.0,446.0
2021-01-05 09:37:22.030,0.0116,0.012,33.0,0.0117,10.0,6998.0,446.0
2021-01-05 09:37:22.641,0.0116,0.0119,13.0,0.0117,10.0,6998.0,446.0
2021-01-05 09:37:24.080,0.0116,0.0119,13.0,0.0117,10.0,6998.0,446.0
2021-01-05 09:37:24.631,0.0116,0.0119,13.0,0.0116,20.0,6998.0,446.0
2021-01-05 09:37:24.771,0.0116,0.0119,13.0,0.0116,20.0,6998.0,446.0
2021-01-05 09:37:25.670,0.0116,0.012,13.0,0.0116,20.0,6998.0,446.0
2021-01-05 09:37:26.120,0.0116,0.012,33.0,0.0116,20.0,6998.0,446.0
2021-01-05 09:37:26.650,0.0116,0.0119,13.0,0.0116,20.0,6998.0,446.0
2021-01-05 09:37:27.130,0.0116,0.0119,13.0,0.0116,20.0,6998.0,446.0
2021-01-05 09:37:28.151,0.0116,0.0119,13.0,0.0116,20.0,6998.0,446.0
2021-01-05 09:37:28.560,0.0116,0.0119,13.0,0.0116,20.0,6998.0,446.0
2021-01-05 09:37:29.130,0.0116,0.0119,13.0,0.0116,20.0,6998.0,446.0
2021-01-05 09:37:30.191,0.0116,0.0119,13.0,0.0116,20.0,6998.0,446.0
2021-01-05 09:37:31.190,0.0116,0.0119,13.0,0.0116,20.0,6998.0,446.0
2021-01-05 09:37:32.651,0.0116,0.0119,13.0,0.0116,20.0,6998.0,446.0
2021-01-05 09:37:33.180,0.0116,0.0119,13.0,0.0116,33.0,6998.0,446.0
2021-01-05 09:37:33.681,0.0116,0.012,13.0,0.0116,20.0,6998.0,446.0
2021-01-05 09:37:34.200,0.0116,0.012,13.0,0.0116,20.0,6998.0,446.0
2021-01-05 09:37:34.500,0.0116,0.012,13.0,0.0116,20.0,6998.0,446.0
2021-01-05 09:37:35.170,0.0116,0.012,13.0,0.0116,20.0,6998.0,446.0
2021-01-05 09:37:35.650,0.0116,0.012,13.0,0.0116,20.0,6998.0,446.0
2021-01-05 09:37:36.200,0.0116,0.0124,70.0,0.0116,20.0,6998.0,446.0
2021-01-05 09:37:36.661,0.0116,0.0123,23.0,0.0116,20.0,6998.0,446.0
2021-01-05 09:37:37.180,0.0116,0.0122,13.0,0.0116,20.0,6998.0,446.0
2021-01-05 09:37:37.691,0.0116,0.0122,33.0,0.0116,20.0,6998.0,446.0
2021-01-05 09:37:38.161,0.0116,0.0121,13.0,0.0116,20.0,6998.0,446.0
2021-01-05 09:37:38.651,0.0116,0.0121,13.0,0.0116,20.0,6998.0,446.0
2021-01-05 09:37:39.170,0.0116,0.0121,33.0,0.0116,20.0,6998.0,446.0
2021-01-05 09:37:39.700,0.0116,0.012,13.0,0.0116,20.0,6998.0,446.0
2021-01-05 09:37:40.161,0.0116,0.0121,20.0,0.0116,20.0,6998.0,446.0
2021-01-05 09:37:40.701,0.0116,0.012,33.0,0.0116,20.0,6998.0,446.0
2021-01-05 09:37:41.131,0.0116,0.0119,13.0,0.0116,20.0,6998.0,446.0
2021-01-05 09:37:41.671,0.0116,0.0119,13.0,0.0116,20.0,6998.0,446.0
2021-01-05 09:37:42.130,0.0116,0.0119,33.0,0.0116,20.0,6998.0,446.0
2021-01-05 09:37:42.691,0.0116,0.0118,13.0,0.0116,20.0,6998.0,446.0
2021-01-05 09:37:43.181,0.0116,0.0119,20.0,0.0116,20.0,6998.0,446.0
2021-01-05 09:37:43.640,0.0116,0.0118,13.0,0.0116,20.0,6998.0,446.0
2021-01-05 09:37:44.190,0.0116,0.0118,13.0,0.0116,20.0,6998.0,446.0
2021-01-05 09:37:44.651,0.0116,0.0118,13.0,0.0116,20.0,6998.0,446.0
2021-01-05 09:37:45.191,0.0116,0.0118,20.0,0.0116,20.0,6998.0,446.0
2021-01-05 09:37:45.650,0.0116,0.0117,13.0,0.0116,20.0,6998.0,446.0
2021-01-05 09:37:46.161,0.0116,0.0117,13.0,0.0116,20.0,6998.0,446.0
2021-01-05 09:37:46.601,0.0116,0.0117,13.0,0.0116,10.0,6998.0,446.0
2021-01-05 09:37:47.210,0.0116,0.0117,13.0,0.0116,20.0,6998.0,446.0
2021-01-05 09:37:47.661,0.0116,0.0117,13.0,0.0116,20.0,6998.0,446.0
2021-01-05 09:37:48.201,0.0116,0.0117,13.0,0.0116,20.0,6998.0,446.0
2021-01-05 09:37:48.700,0.0116,0.0117,13.0,0.0116,20.0,6998.0,446.0
2021-01-05 09:37:49.190,0.0116,0.0117,13.0,0.0116,20.0,6998.0,446.0
2021-01-05 09:37:49.670,0.0116,0.0117,13.0,0.0116,20.0,6998.0,446.0
2021-01-05 09:37:50.220,0.0116,0.0117,13.0,0.0116,20.0,6998.0,446.0
2021-01-05 09:37:52.191,0.0116,0.0117,13.0,0.0116,10.0,6998.0,446.0
2021-01-05 09:37:53.161,0.0116,0.0117,13.0,0.0116,10.0,6998.0,446.0
2021-01-05 09:37:53.680,0.0116,0.0117,13.0,0.0116,10.0,6998.0,446.0
2021-01-05 09:37:54.160,0.0116,0.0117,13.0,0.0116,10.0,6998.0,446.0
2021-01-05 09:37:54.690,0.0116,0.0117,13.0,0.0116,10.0,6998.0,446.0
2021-01-05 09:37:55.691,0.0116,0.0117,33.0,0.0116,10.0,6998.0,446.0
2021-01-05 09:37:56.121,0.0116,0.0116,13.0,0.0114,10.0,7008.0,456.0
2021-01-05 09:37:56.611,0.0116,0.0116,13.0,0.0114,10.0,7008.0,456.0
2021-01-05 09:37:57.170,0.0116,0.0116,13.0,0.0114,10.0,7008.0,456.0
2021-01-05 09:37:57.601,0.0116,0.0116,13.0,0.0114,10.0,7008.0,456.0
2021-01-05 09:37:58.141,0.0116,0.0116,13.0,0.0114,10.0,7008.0,456.0
2021-01-05 09:37:58.640,0.0116,0.0116,33.0,0.0114,10.0,7008.0,456.0
2021-01-05 09:37:59.161,0.0116,0.0115,13.0,0.0114,10.0,7008.0,456.0
2021-01-05 09:38:00.131,0.0116,0.0116,13.0,0.0114,10.0,7008.0,456.0
2021-01-05 09:38:00.680,0.0116,0.0116,13.0,0.0114,10.0,7008.0,456.0
2021-01-05 09:38:01.180,0.0116,0.0116,13.0,0.0114,10.0,7008.0,456.0
2021-01-05 09:38:02.190,0.0116,0.0116,13.0,0.0114,10.0,7008.0,456.0
2021-01-05 09:38:02.680,0.0116,0.0116,13.0,0.0114,10.0,7008.0,456.0
2021-01-05 09:38:03.191,0.0116,0.0116,13.0,0.0114,10.0,7008.0,456.0
2021-01-05 09:38:05.181,0.0116,0.0116,13.0,0.0114,10.0,7008.0,456.0
2021-01-05 09:38:05.621,0.0116,0.0116,13.0,0.0113,13.0,7008.0,456.0
2021-01-05 09:38:06.151,0.0116,0.0116,13.0,0.0114,10.0,7008.0,456.0
2021-01-05 09:38:06.691,0.0116,0.0116,13.0,0.0114,10.0,7008.0,456.0
2021-01-05 09:38:07.690,0.0116,0.0116,13.0,0.0114,10.0,7008.0,456.0
2021-01-05 09:38:08.670,0.0116,0.0116,13.0,0.0114,10.0,7008.0,456.0
2021-01-05 09:38:10.180,0.0116,0.0116,13.0,0.0114,10.0,7008.0,456.0
2021-01-05 09:38:11.141,0.0116,0.0116,13.0,0.0114,10.0,7008.0,456.0
2021-01-05 09:38:11.701,0.0116,0.0116,13.0,0.0114,10.0,7008.0,456.0
2021-01-05 09:38:12.191,0.0116,0.0116,13.0,0.0114,10.0,7008.0,456.0
2021-01-05 09:38:12.531,0.0116,0.0118,13.0,0.0114,10.0,7008.0,456.0
2021-01-05 09:38:13.110,0.0116,0.0118,13.0,0.0112,10.0,7008.0,456.0
2021-01-05 09:38:13.690,0.0116,0.0118,13.0,0.0112,10.0,7008.0,456.0
2021-01-05 09:38:14.141,0.0116,0.0118,33.0,0.0112,10.0,7008.0,456.0
2021-01-05 09:38:14.691,0.0116,0.0117,13.0,0.0112,23.0,7008.0,456.0
2021-01-05 09:38:15.150,0.0116,0.0117,13.0,0.0113,13.0,7008.0,456.0
2021-01-05 09:38:15.730,0.0116,0.0118,13.0,0.0114,10.0,7008.0,456.0
2021-01-05 09:38:16.210,0.0116,0.0118,13.0,0.0114,10.0,7008.0,456.0
2021-01-05 09:38:16.721,0.0116,0.0118,13.0,0.0114,10.0,7008.0,456.0
2021-01-05 09:38:17.190,0.0116,0.0118,13.0,0.0114,10.0,7008.0,456.0
2021-01-05 09:38:17.701,0.0116,0.0118,13.0,0.0114,10.0,7008.0,456.0
2021-01-05 09:38:18.231,0.0116,0.0118,13.0,0.0114,10.0,7008.0,456.0
2021-01-05 09:38:18.660,0.0116,0.0118,13.0,0.0114,10.0,7008.0,456.0
2021-01-05 09:38:20.231,0.0116,0.0118,13.0,0.0115,20.0,7008.0,456.0
2021-01-05 09:38:20.671,0.0116,0.0118,13.0,0.0115,20.0,7008.0,456.0
2021-01-05 09:38:21.240,0.0116,0.0118,13.0,0.0116,10.0,7008.0,456.0
2021-01-05 09:38:21.670,0.0116,0.0118,13.0,0.0116,10.0,7008.0,456.0
2021-01-05 09:38:22.210,0.0116,0.0118,13.0,0.0116,10.0,7008.0,456.0
2021-01-05 09:38:22.661,0.0116,0.0118,20.0,0.0116,10.0,7008.0,456.0
2021-01-05 09:38:23.201,0.0116,0.0117,13.0,0.0116,10.0,7008.0,456.0
2021-01-05 09:38:23.681,0.0116,0.0118,13.0,0.0116,10.0,7008.0,456.0
2021-01-05 09:38:24.141,0.0116,0.0118,13.0,0.0116,10.0,7008.0,456.0
2021-01-05 09:38:24.690,0.0116,0.0118,13.0,0.0116,10.0,7008.0,456.0
2021-01-05 09:38:25.101,0.0116,0.0118,13.0,0.0116,10.0,7008.0,456.0
2021-01-05 09:38:25.700,0.0116,0.0118,13.0,0.0116,10.0,7008.0,456.0
2021-01-05 09:38:26.100,0.0116,0.0118,13.0,0.0116,10.0,7008.0,456.0
2021-01-05 09:38:31.700,0.0116,0.0118,13.0,0.0116,10.0,7008.0,456.0
2021-01-05 09:38:33.191,0.0116,0.0118,13.0,0.0116,10.0,7008.0,456.0
2021-01-05 09:38:33.700,0.0116,0.0118,13.0,0.0114,53.0,7008.0,456.0
2021-01-05 09:38:34.201,0.0116,0.012,30.0,0.0114,40.0,7008.0,456.0
2021-01-05 09:38:35.200,0.0116,0.0119,13.0,0.0114,53.0,7008.0,456.0
2021-01-05 09:38:35.700,0.0116,0.0119,13.0,0.0116,10.0,7008.0,456.0
2021-01-05 09:38:36.180,0.0116,0.0119,13.0,0.0116,10.0,7008.0,456.0
2021-01-05 09:38:36.691,0.0116,0.012,13.0,0.0116,10.0,7008.0,456.0
2021-01-05 09:38:37.160,0.0116,0.012,13.0,0.0116,10.0,7008.0,456.0
2021-01-05 09:38:37.680,0.0116,0.012,13.0,0.0116,30.0,7008.0,456.0
2021-01-05 09:38:38.161,0.0116,0.012,13.0,0.0116,30.0,7008.0,456.0
2021-01-05 09:38:38.660,0.0116,0.012,13.0,0.0116,30.0,7008.0,456.0
2021-01-05 09:38:39.661,0.0116,0.012,13.0,0.0116,30.0,7008.0,456.0
2021-01-05 09:38:40.201,0.0116,0.012,13.0,0.0117,10.0,7008.0,456.0
2021-01-05 09:38:40.591,0.0116,0.012,13.0,0.0118,10.0,7008.0,456.0
2021-01-05 09:38:41.190,0.0116,0.012,13.0,0.0118,10.0,7008.0,456.0
2021-01-05 09:38:41.670,0.0116,0.0122,13.0,0.0118,10.0,7008.0,456.0
2021-01-05 09:38:42.191,0.0116,0.0122,13.0,0.0118,10.0,7008.0,456.0
2021-01-05 09:38:42.700,0.0116,0.0122,13.0,0.0118,10.0,7008.0,456.0
2021-01-05 09:38:43.150,0.0116,0.0122,13.0,0.0118,10.0,7008.0,456.0
2021-01-05 09:38:44.690,0.0116,0.0122,13.0,0.0118,10.0,7008.0,456.0
2021-01-05 09:38:46.200,0.0116,0.0122,13.0,0.0118,10.0,7008.0,456.0
2021-01-05 09:38:47.140,0.0116,0.0122,13.0,0.0118,10.0,7008.0,456.0
2021-01-05 09:38:47.691,0.0116,0.0122,13.0,0.0118,10.0,7008.0,456.0
2021-01-05 09:38:48.200,0.0116,0.0122,33.0,0.0118,10.0,7008.0,456.0
2021-01-05 09:38:48.650,0.0116,0.0121,13.0,0.0118,10.0,7008.0,456.0
2021-01-05 09:38:50.110,0.0116,0.0121,33.0,0.0118,10.0,7008.0,456.0
2021-01-05 09:38:50.651,0.0116,0.012,13.0,0.0118,10.0,7008.0,456.0
2021-01-05 09:38:51.170,0.0116,0.012,13.0,0.0118,10.0,7008.0,456.0
2021-01-05 09:38:51.691,0.0116,0.012,13.0,0.0118,10.0,7008.0,456.0
2021-01-05 09:38:52.150,0.0116,0.0121,13.0,0.0118,10.0,7008.0,456.0
2021-01-05 09:38:52.630,0.0116,0.0121,13.0,0.0118,10.0,7008.0,456.0
2021-01-05 09:38:53.160,0.0116,0.0122,13.0,0.0118,10.0,7008.0,456.0
2021-01-05 09:38:53.620,0.0116,0.0122,13.0,0.0118,10.0,7008.0,456.0
2021-01-05 09:38:54.690,0.0116,0.0122,13.0,0.0118,10.0,7008.0,456.0
2021-01-05 09:38:55.191,0.0116,0.0122,13.0,0.0118,10.0,7008.0,456.0
2021-01-05 09:38:55.700,0.0116,0.0122,13.0,0.0118,10.0,7008.0,456.0
2021-01-05 09:38:56.190,0.0116,0.0122,13.0,0.0118,10.0,7008.0,456.0
2021-01-05 09:38:56.661,0.0116,0.0122,13.0,0.0118,10.0,7008.0,456.0
2021-01-05 09:38:57.200,0.0116,0.0122,13.0,0.0118,10.0,7008.0,456.0
2021-01-05 09:38:57.640,0.0116,0.0122,13.0,0.0118,10.0,7008.0,456.0
2021-01-05 09:38:58.670,0.0116,0.0122,13.0,0.0118,10.0,7008.0,456.0
2021-01-05 09:38:59.700,0.0116,0.0122,33.0,0.0118,10.0,7008.0,456.0
2021-01-05 09:39:00.140,0.0116,0.0121,13.0,0.0118,10.0,7008.0,456.0
2021-01-05 09:39:01.160,0.0116,0.0121,13.0,0.0118,10.0,7008.0,456.0
2021-01-05 09:39:01.700,0.0116,0.0122,13.0,0.0118,10.0,7008.0,456.0
2021-01-05 09:39:02.660,0.0116,0.0122,13.0,0.0118,10.0,7008.0,456.0
2021-01-05 09:39:03.150,0.0116,0.0122,33.0,0.0118,10.0,7008.0,456.0
2021-01-05 09:39:03.671,0.0116,0.0121,13.0,0.0118,10.0,7008.0,456.0
2021-01-05 09:39:06.191,0.0116,0.0121,13.0,0.0118,10.0,7008.0,456.0
2021-01-05 09:39:06.650,0.0116,0.0121,13.0,0.0118,10.0,7008.0,456.0
2021-01-05 09:39:07.200,0.0116,0.0121,13.0,0.0118,10.0,7008.0,456.0
2021-01-05 09:39:07.680,0.0116,0.0121,33.0,0.0118,10.0,7008.0,456.0
2021-01-05 09:39:08.131,0.0116,0.012,13.0,0.0118,10.0,7008.0,456.0
2021-01-05 09:39:09.601,0.0116,0.0121,33.0,0.0118,23.0,7008.0,456.0
2021-01-05 09:39:10.191,0.0116,0.012,13.0,0.0118,10.0,7008.0,456.0
2021-01-05 09:39:10.721,0.0116,0.0121,33.0,0.0118,23.0,7008.0,456.0
2021-01-05 09:39:11.201,0.0116,0.0121,13.0,0.0118,23.0,7008.0,456.0
2021-01-05 09:39:11.701,0.0116,0.0121,13.0,0.0118,23.0,7008.0,456.0
2021-01-05 09:39:12.220,0.0116,0.0121,13.0,0.0118,10.0,7008.0,456.0
2021-01-05 09:39:12.690,0.0116,0.0121,13.0,0.0118,10.0,7008.0,456.0
2021-01-05 09:39:13.170,0.0116,0.0121,13.0,0.0118,10.0,7008.0,456.0
2021-01-05 09:39:13.720,0.0116,0.0121,13.0,0.0118,10.0,7008.0,456.0
2021-01-05 09:39:14.160,0.0116,0.0121,13.0,0.0118,10.0,7008.0,456.0
2021-01-05 09:39:15.220,0.0116,0.0121,13.0,0.0118,10.0,7008.0,456.0
2021-01-05 09:39:15.720,0.0116,0.0122,13.0,0.0118,10.0,7008.0,456.0
2021-01-05 09:39:16.121,0.0116,0.0122,13.0,0.0118,10.0,7008.0,456.0
2021-01-05 09:39:16.721,0.0116,0.0122,13.0,0.0118,10.0,7008.0,456.0
2021-01-05 09:39:17.650,0.0116,0.0122,33.0,0.0118,10.0,7008.0,456.0
2021-01-05 09:39:18.221,0.0116,0.0121,13.0,0.0118,10.0,7008.0,456.0
2021-01-05 09:39:18.671,0.0116,0.0121,13.0,0.0118,10.0,7008.0,456.0
2021-01-05 09:39:19.710,0.0116,0.0121,13.0,0.0118,10.0,7008.0,456.0
2021-01-05 09:39:20.741,0.0116,0.0121,13.0,0.0118,10.0,7008.0,456.0
2021-01-05 09:39:21.231,0.0116,0.0122,33.0,0.0118,10.0,7008.0,456.0
2021-01-05 09:39:21.671,0.0116,0.0121,13.0,0.0118,10.0,7008.0,456.0
2021-01-05 09:39:22.211,0.0116,0.0122,13.0,0.0118,10.0,7008.0,456.0
2021-01-05 09:39:22.651,0.0116,0.0122,13.0,0.0118,10.0,7008.0,456.0
2021-01-05 09:39:23.710,0.0116,0.0122,33.0,0.0118,10.0,7008.0,456.0
2021-01-05 09:39:24.151,0.0116,0.0123,30.0,0.0118,10.0,7008.0,456.0
2021-01-05 09:39:25.210,0.0116,0.0122,13.0,0.0118,10.0,7008.0,456.0
2021-01-05 09:39:26.161,0.0116,0.0122,13.0,0.0118,10.0,7008.0,456.0
2021-01-05 09:39:26.681,0.0116,0.0122,16.0,0.0118,10.0,7008.0,456.0
2021-01-05 09:39:27.210,0.0116,0.0121,13.0,0.0118,10.0,7008.0,456.0
2021-01-05 09:39:27.711,0.0116,0.0121,13.0,0.0118,10.0,7008.0,456.0
2021-01-05 09:39:30.220,0.0116,0.0121,13.0,0.0118,10.0,7008.0,456.0
2021-01-05 09:39:30.520,0.0116,0.0121,13.0,0.0118,10.0,7008.0,456.0
2021-01-05 09:39:31.121,0.0116,0.0121,13.0,0.0118,10.0,7008.0,456.0
2021-01-05 09:39:31.690,0.0116,0.0121,13.0,0.0118,10.0,7008.0,456.0
2021-01-05 09:39:32.141,0.0116,0.0121,13.0,0.0118,10.0,7008.0,456.0
2021-01-05 09:39:32.700,0.0116,0.0121,13.0,0.0118,10.0,7008.0,456.0
2021-01-05 09:39:33.180,0.0116,0.0121,13.0,0.012,20.0,7008.0,456.0
2021-01-05 09:39:33.530,0.012,0.0121,13.0,0.012,10.0,7020.0,468.0
2021-01-05 09:39:34.210,0.012,0.0121,13.0,0.012,3.0,7027.0,475.0
2021-01-05 09:39:34.681,0.012,0.0121,13.0,0.0118,10.0,7030.0,478.0
2021-01-05 09:39:35.701,0.012,0.0121,13.0,0.0118,10.0,7030.0,478.0
2021-01-05 09:39:36.231,0.012,0.0121,13.0,0.0118,10.0,7030.0,478.0
2021-01-05 09:39:36.660,0.012,0.0121,13.0,0.0118,23.0,7030.0,478.0
2021-01-05 09:39:37.221,0.012,0.0121,13.0,0.0118,10.0,7030.0,478.0
2021-01-05 09:39:37.730,0.012,0.0121,13.0,0.0118,10.0,7030.0,478.0
2021-01-05 09:39:39.241,0.0118,0.0121,13.0,0.0118,23.0,7040.0,498.0
2021-01-05 09:39:39.251,0.0118,0.0121,13.0,0.0118,10.0,7050.0,518.0
2021-01-05 09:39:40.200,0.0118,0.0118,10.0,0.0117,30.0,7060.0,528.0
2021-01-05 09:39:40.721,0.0118,0.0119,53.0,0.0118,10.0,7070.0,538.0
2021-01-05 09:39:41.220,0.0118,0.0118,10.0,0.0117,30.0,7080.0,548.0
2021-01-05 09:39:41.750,0.0118,0.0119,60.0,0.0118,10.0,7090.0,558.0
2021-01-05 09:39:42.210,0.0118,0.0119,73.0,0.0118,10.0,7090.0,558.0
2021-01-05 09:39:42.740,0.0118,0.0119,13.0,0.0118,10.0,7090.0,558.0
2021-01-05 09:39:43.660,0.0118,0.0121,13.0,0.0118,10.0,7090.0,558.0
2021-01-05 09:39:44.231,0.0118,0.0121,13.0,0.0118,10.0,7090.0,558.0
2021-01-05 09:39:45.251,0.0118,0.0121,13.0,0.0118,10.0,7090.0,558.0
2021-01-05 09:39:45.750,0.0118,0.0121,13.0,0.0118,10.0,7090.0,558.0
2021-01-05 09:39:46.190,0.0118,0.0121,13.0,0.0118,10.0,7090.0,558.0
2021-01-05 09:39:46.711,0.0118,0.0121,13.0,0.0118,10.0,7090.0,558.0
2021-01-05 09:39:48.221,0.0118,0.0121,13.0,0.0118,10.0,7090.0,558.0
2021-01-05 09:39:48.720,0.0118,0.0121,13.0,0.0118,10.0,7090.0,558.0
2021-01-05 09:39:50.710,0.0118,0.0121,13.0,0.0118,10.0,7090.0,558.0
2021-01-05 09:39:51.241,0.0118,0.0121,13.0,0.0118,23.0,7090.0,558.0
2021-01-05 09:39:51.730,0.0118,0.0121,13.0,0.0118,23.0,7090.0,558.0
2021-01-05 09:39:52.251,0.0118,0.0121,13.0,0.0118,43.0,7090.0,558.0
2021-01-05 09:39:52.670,0.0118,0.0121,13.0,0.0118,23.0,7090.0,558.0
2021-01-05 09:39:53.181,0.0118,0.0121,13.0,0.0118,10.0,7090.0,558.0
2021-01-05 09:39:53.630,0.0118,0.0121,13.0,0.0118,10.0,7090.0,558.0
2021-01-05 09:39:54.191,0.0118,0.0121,13.0,0.0118,10.0,7090.0,558.0
2021-01-05 09:39:54.691,0.0118,0.0121,13.0,0.0118,10.0,7090.0,558.0
2021-01-05 09:39:55.181,0.0118,0.0121,13.0,0.0118,30.0,7090.0,558.0
2021-01-05 09:39:55.640,0.0118,0.0121,13.0,0.0118,23.0,7090.0,558.0
2021-01-05 09:39:56.691,0.0118,0.0121,13.0,0.0118,10.0,7090.0,558.0
2021-01-05 09:39:57.181,0.0118,0.0121,13.0,0.0118,10.0,7090.0,558.0
2021-01-05 09:39:57.580,0.0118,0.0121,13.0,0.0118,10.0,7090.0,558.0
2021-01-05 09:39:59.061,0.0118,0.0121,13.0,0.0118,10.0,7090.0,558.0
2021-01-05 09:40:00.181,0.0118,0.0121,13.0,0.0118,10.0,7090.0,558.0
2021-01-05 09:40:00.631,0.0118,0.0121,13.0,0.0118,10.0,7090.0,558.0
2021-01-05 09:40:01.201,0.0118,0.0121,13.0,0.0118,10.0,7090.0,558.0
2021-01-05 09:40:02.200,0.0118,0.0121,15.0,0.0119,20.0,7090.0,558.0
2021-01-05 09:40:02.671,0.0118,0.0121,15.0,0.012,10.0,7090.0,558.0
2021-01-05 09:40:03.171,0.012,0.0121,15.0,0.012,4.0,7096.0,564.0
2021-01-05 09:40:03.691,0.012,0.0121,15.0,0.0119,20.0,7100.0,568.0
2021-01-05 09:40:04.160,0.012,0.0121,15.0,0.012,10.0,7100.0,568.0
2021-01-05 09:40:04.700,0.012,0.0121,15.0,0.012,3.0,7107.0,575.0
2021-01-05 09:40:05.170,0.012,0.0121,15.0,0.0119,20.0,7110.0,578.0
2021-01-05 09:40:05.701,0.012,0.012,5.0,0.0119,20.0,7120.0,598.0
2021-01-05 09:40:06.200,0.012,0.0122,3.0,0.0119,20.0,7120.0,598.0
2021-01-05 09:40:06.600,0.012,0.0121,15.0,0.0119,20.0,7120.0,598.0
2021-01-05 09:40:07.191,0.012,0.0121,15.0,0.0119,30.0,7120.0,598.0
2021-01-05 09:40:09.191,0.0119,0.0121,15.0,0.0119,9.0,7121.0,604.0
2021-01-05 09:40:09.691,0.0119,0.0121,35.0,0.0119,2.0,7128.0,611.0
2021-01-05 09:40:10.150,0.0119,0.012,15.0,0.0119,2.0,7128.0,611.0
2021-01-05 09:40:10.680,0.0119,0.0121,15.0,0.0119,2.0,7128.0,611.0
2021-01-05 09:40:11.671,0.0119,0.0121,15.0,0.0119,2.0,7128.0,611.0
2021-01-05 09:40:12.190,0.0119,0.0121,15.0,0.0119,2.0,7128.0,611.0
2021-01-05 09:40:12.680,0.0119,0.0121,35.0,0.0117,20.0,7130.0,613.0
2021-01-05 09:40:13.170,0.0119,0.012,15.0,0.0117,35.0,7130.0,613.0
2021-01-05 09:40:13.700,0.0119,0.012,15.0,0.0117,35.0,7130.0,613.0
2021-01-05 09:40:14.150,0.0119,0.012,15.0,0.0117,20.0,7130.0,613.0
2021-01-05 09:40:14.701,0.0119,0.012,35.0,0.0117,20.0,7130.0,613.0
2021-01-05 09:40:15.120,0.0119,0.0119,15.0,0.0117,20.0,7130.0,613.0
2021-01-05 09:40:15.690,0.0119,0.012,20.0,0.0117,20.0,7130.0,613.0
2021-01-05 09:40:16.140,0.0119,0.012,15.0,0.0117,35.0,7130.0,613.0
2021-01-05 09:40:16.520,0.0119,0.012,35.0,0.0117,35.0,7130.0,613.0
2021-01-05 09:40:17.191,0.0119,0.012,15.0,0.0117,35.0,7130.0,613.0
2021-01-05 09:40:17.661,0.0119,0.012,35.0,0.0117,35.0,7130.0,613.0
2021-01-05 09:40:18.701,0.0119,0.012,35.0,0.0117,35.0,7130.0,613.0
2021-01-05 09:40:19.711,0.0119,0.012,15.0,0.0117,35.0,7130.0,613.0
2021-01-05 09:40:20.191,0.0119,0.0121,38.0,0.0118,15.0,7130.0,613.0
2021-01-05 09:40:20.691,0.0119,0.0121,38.0,0.0118,25.0,7130.0,613.0
2021-01-05 09:40:21.200,0.0119,0.0121,38.0,0.0118,15.0,7130.0,613.0
2021-01-05 09:40:21.701,0.0119,0.0121,38.0,0.0119,10.0,7130.0,613.0
2021-01-05 09:40:22.210,0.0119,0.0121,38.0,0.0119,10.0,7130.0,613.0
2021-01-05 09:40:22.591,0.0119,0.0121,38.0,0.0119,10.0,7130.0,613.0
2021-01-05 09:40:23.200,0.0119,0.0121,3.0,0.0119,25.0,7130.0,613.0
2021-01-05 09:40:23.701,0.0119,0.0121,3.0,0.0119,25.0,7130.0,613.0
2021-01-05 09:40:24.160,0.0119,0.0121,3.0,0.0119,10.0,7130.0,613.0
2021-01-05 09:40:24.681,0.0119,0.0121,3.0,0.0119,10.0,7130.0,613.0
2021-01-05 09:40:25.121,0.0119,0.0121,38.0,0.0119,10.0,7130.0,613.0
2021-01-05 09:40:25.551,0.0119,0.0121,18.0,0.0119,10.0,7130.0,613.0
2021-01-05 09:40:26.181,0.0119,0.0121,38.0,0.0119,10.0,7130.0,613.0
2021-01-05 09:40:26.650,0.0119,0.0121,3.0,0.0119,25.0,7130.0,613.0
2021-01-05 09:40:27.140,0.0119,0.0121,18.0,0.0119,10.0,7130.0,613.0
2021-01-05 09:40:27.701,0.0119,0.012,15.0,0.0119,10.0,7130.0,613.0
2021-01-05 09:40:28.110,0.0119,0.012,15.0,0.0119,10.0,7130.0,613.0
2021-01-05 09:40:29.170,0.0119,0.012,15.0,0.0119,10.0,7130.0,613.0
2021-01-05 09:40:31.101,0.0119,0.012,15.0,0.0119,10.0,7130.0,613.0
2021-01-05 09:40:32.611,0.0119,0.012,15.0,0.0119,10.0,7130.0,613.0
2021-01-05 09:40:33.191,0.0119,0.012,15.0,0.0119,10.0,7130.0,613.0
2021-01-05 09:40:33.681,0.0119,0.012,15.0,0.0119,10.0,7130.0,613.0
2021-01-05 09:40:34.171,0.0119,0.012,15.0,0.0119,10.0,7130.0,613.0
2021-01-05 09:40:34.601,0.0119,0.012,15.0,0.0119,10.0,7130.0,613.0
2021-01-05 09:40:35.201,0.0119,0.012,15.0,0.0119,10.0,7130.0,613.0
2021-01-05 09:40:36.620,0.0119,0.012,15.0,0.0119,10.0,7130.0,613.0
2021-01-05 09:40:37.700,0.0119,0.0121,18.0,0.0119,10.0,7130.0,613.0
2021-01-05 09:40:38.130,0.0119,0.012,15.0,0.0119,10.0,7130.0,613.0
2021-01-05 09:40:38.651,0.0119,0.012,15.0,0.0119,10.0,7130.0,613.0
2021-01-05 09:40:40.151,0.0119,0.012,15.0,0.0119,10.0,7130.0,613.0
2021-01-05 09:40:41.661,0.0119,0.012,15.0,0.0119,10.0,7130.0,613.0
2021-01-05 09:40:42.201,0.0119,0.012,15.0,0.0119,10.0,7130.0,613.0
2021-01-05 09:40:44.201,0.0119,0.012,15.0,0.0119,10.0,7130.0,613.0
2021-01-05 09:40:45.131,0.0119,0.012,1.0,0.0117,40.0,7140.0,623.0
2021-01-05 09:40:45.621,0.0119,0.012,16.0,0.0117,55.0,7140.0,623.0
2021-01-05 09:40:46.161,0.0119,0.012,16.0,0.0117,55.0,7140.0,623.0
2021-01-05 09:40:47.611,0.0119,0.012,1.0,0.0117,40.0,7140.0,623.0
2021-01-05 09:40:48.160,0.0119,0.012,1.0,0.0118,15.0,7140.0,623.0
2021-01-05 09:40:48.700,0.0119,0.012,16.0,0.0119,10.0,7140.0,623.0
2021-01-05 09:40:49.111,0.0119,0.012,1.0,0.0119,10.0,7140.0,623.0
2021-01-05 09:40:49.640,0.0119,0.012,16.0,0.0119,10.0,7140.0,623.0
2021-01-05 09:40:50.181,0.0119,0.012,16.0,0.0119,10.0,7140.0,623.0
2021-01-05 09:40:52.661,0.0119,0.012,1.0,0.0119,10.0,7140.0,623.0
2021-01-05 09:40:53.140,0.0119,0.012,1.0,0.0119,10.0,7140.0,623.0
2021-01-05 09:40:53.651,0.0119,0.012,16.0,0.0119,10.0,7140.0,623.0
2021-01-05 09:40:56.121,0.0119,0.012,1.0,0.0119,10.0,7140.0,623.0
2021-01-05 09:40:56.600,0.0119,0.012,16.0,0.0119,10.0,7140.0,623.0
2021-01-05 09:40:57.180,0.0119,0.012,1.0,0.0119,10.0,7140.0,623.0
2021-01-05 09:40:58.721,0.0119,0.012,16.0,0.0119,10.0,7140.0,623.0
2021-01-05 09:41:02.661,0.0119,0.012,1.0,0.0119,10.0,7140.0,623.0
2021-01-05 09:41:04.180,0.0119,0.012,1.0,0.0119,10.0,7140.0,623.0
2021-01-05 09:41:04.680,0.0119,0.012,16.0,0.0119,10.0,7140.0,623.0
2021-01-05 09:41:05.220,0.0119,0.012,1.0,0.0119,10.0,7140.0,623.0
2021-01-05 09:41:05.660,0.0119,0.012,16.0,0.0119,10.0,7140.0,623.0
2021-01-05 09:41:06.620,0.0119,0.012,1.0,0.0119,10.0,7140.0,623.0
2021-01-05 09:41:07.100,0.0119,0.012,1.0,0.0119,10.0,7140.0,623.0
2021-01-05 09:41:07.631,0.0119,0.012,1.0,0.0119,10.0,7140.0,623.0
2021-01-05 09:41:08.201,0.0119,0.012,1.0,0.0119,10.0,7140.0,623.0
2021-01-05 09:41:08.701,0.0119,0.012,16.0,0.0119,10.0,7140.0,623.0
2021-01-05 09:41:09.661,0.0119,0.012,1.0,0.0119,10.0,7140.0,623.0
2021-01-05 09:41:10.710,0.0119,0.012,1.0,0.0119,10.0,7140.0,623.0
2021-01-05 09:41:11.140,0.0119,0.012,1.0,0.0119,25.0,7140.0,623.0
2021-01-05 09:41:11.711,0.0119,0.012,1.0,0.0119,10.0,7140.0,623.0
2021-01-05 09:41:12.151,0.0119,0.0119,15.0,0.0117,40.0,7150.0,633.0
2021-01-05 09:41:12.710,0.0119,0.012,1.0,0.0117,40.0,7150.0,639.0
2021-01-05 09:41:13.161,0.0119,0.012,1.0,0.0117,20.0,7150.0,639.0
2021-01-05 09:41:13.711,0.0119,0.012,16.0,0.0117,35.0,7150.0,639.0
2021-01-05 09:41:14.160,0.0119,0.012,1.0,0.0118,15.0,7150.0,639.0
2021-01-05 09:41:14.671,0.0119,0.012,1.0,0.0119,10.0,7150.0,639.0
2021-01-05 09:41:16.500,0.0119,0.012,1.0,0.0119,10.0,7150.0,639.0
2021-01-05 09:41:22.190,0.0119,0.012,1.0,0.0119,25.0,7150.0,639.0
2021-01-05 09:41:22.700,0.0119,0.012,1.0,0.0119,25.0,7150.0,639.0
2021-01-05 09:41:23.061,0.0119,0.012,1.0,0.0119,25.0,7150.0,639.0
2021-01-05 09:41:24.171,0.0119,0.012,1.0,0.0119,10.0,7150.0,639.0
2021-01-05 09:41:24.651,0.0119,0.012,1.0,0.0119,25.0,7150.0,639.0
2021-01-05 09:41:25.120,0.0119,0.012,1.0,0.0119,10.0,7150.0,639.0
2021-01-05 09:41:26.190,0.0119,0.012,1.0,0.0119,10.0,7150.0,639.0
2021-01-05 09:41:31.700,0.0119,0.012,1.0,0.0119,10.0,7150.0,639.0
2021-01-05 09:41:32.670,0.0119,0.012,1.0,0.0119,10.0,7150.0,639.0
2021-01-05 09:41:33.171,0.0119,0.012,1.0,0.0119,10.0,7150.0,639.0
2021-01-05 09:41:33.680,0.0119,0.012,1.0,0.0119,10.0,7150.0,639.0
2021-01-05 09:41:34.120,0.0119,0.012,16.0,0.0119,10.0,7150.0,639.0
2021-01-05 09:41:34.720,0.0119,0.012,1.0,0.0119,10.0,7150.0,639.0
2021-01-05 09:41:35.221,0.0119,0.012,1.0,0.0119,10.0,7150.0,639.0
2021-01-05 09:41:35.721,0.0119,0.012,1.0,0.0119,25.0,7150.0,639.0
2021-01-05 09:41:37.210,0.0119,0.012,1.0,0.0119,10.0,7150.0,639.0
2021-01-05 09:41:37.711,0.0119,0.012,1.0,0.0119,25.0,7150.0,639.0
2021-01-05 09:41:38.220,0.012,0.0121,3.0,0.0119,30.0,7150.0,640.0
2021-01-05 09:41:38.650,0.0121,0.0122,3.0,0.0121,14.0,7153.0,643.0
2021-01-05 09:41:39.221,0.0121,0.0122,3.0,0.0121,14.0,7153.0,643.0
2021-01-05 09:41:39.521,0.0121,0.0122,18.0,0.0121,14.0,7153.0,643.0
2021-01-05 09:41:40.231,0.0121,0.0122,18.0,0.0121,2.0,7165.0,655.0
2021-01-05 09:41:40.721,0.0121,0.0122,18.0,0.0121,1.0,7166.0,656.0
2021-01-05 09:41:41.130,0.0121,0.0122,18.0,0.0119,35.0,7167.0,657.0
2021-01-05 09:41:41.730,0.0121,0.0122,18.0,0.012,10.0,7167.0,657.0
2021-01-05 09:41:42.700,0.0121,0.0121,15.0,0.012,10.0,7167.0,657.0
2021-01-05 09:41:45.190,0.0121,0.0122,18.0,0.012,10.0,7167.0,657.0
2021-01-05 09:41:46.661,0.0121,0.0122,3.0,0.012,10.0,7167.0,657.0
2021-01-05 09:41:47.201,0.0121,0.0122,3.0,0.012,10.0,7167.0,657.0
2021-01-05 09:41:47.741,0.0121,0.0122,3.0,0.012,25.0,7167.0,657.0
2021-01-05 09:41:48.181,0.0121,0.0122,3.0,0.012,10.0,7167.0,657.0
2021-01-05 09:41:48.740,0.0121,0.0122,3.0,0.0121,15.0,7167.0,657.0
2021-01-05 09:41:49.191,0.0121,0.0122,3.0,0.0117,40.0,7167.0,657.0
2021-01-05 09:41:49.191,0.0121,0.0122,3.0,0.012,15.0,7167.0,657.0
2021-01-05 09:41:49.971,0.0121,0.0122,3.0,0.0121,10.0,7167.0,657.0
2021-01-05 09:41:50.751,0.0121,0.0122,18.0,0.0121,10.0,7167.0,657.0
2021-01-05 09:41:51.251,0.0121,0.0122,18.0,0.0121,10.0,7167.0,657.0
2021-01-05 09:41:52.261,0.0121,0.0122,3.0,0.0121,10.0,7167.0,657.0
2021-01-05 09:41:52.690,0.0121,0.0122,3.0,0.0121,10.0,7167.0,657.0
2021-01-05 09:41:53.681,0.0121,0.0122,3.0,0.0121,10.0,7167.0,657.0
2021-01-05 09:41:53.950,0.0121,0.0122,3.0,0.0121,10.0,7167.0,657.0
2021-01-05 09:41:55.160,0.0121,0.0122,3.0,0.0121,10.0,7167.0,657.0
2021-01-05 09:41:56.151,0.0121,0.0122,3.0,0.0121,10.0,7167.0,657.0
2021-01-05 09:41:56.670,0.0121,0.0122,3.0,0.0121,10.0,7167.0,657.0
2021-01-05 09:41:57.110,0.0121,0.0122,3.0,0.0121,10.0,7167.0,657.0
2021-01-05 09:42:01.181,0.0121,0.0122,3.0,0.0121,10.0,7167.0,657.0
2021-01-05 09:42:05.211,0.0121,0.0122,3.0,0.0121,10.0,7167.0,657.0
2021-01-05 09:42:05.711,0.0122,0.0124,10.0,0.0122,15.0,7167.0,660.0
2021-01-05 09:42:06.181,0.0122,0.0125,15.0,0.012,30.0,7167.0,660.0
2021-01-05 09:42:06.671,0.0122,0.0125,15.0,0.0121,10.0,7167.0,660.0
2021-01-05 09:42:07.230,0.0122,0.0125,15.0,0.0121,25.0,7167.0,660.0
2021-01-05 09:42:07.691,0.0122,0.0125,35.0,0.0122,15.0,7167.0,660.0
2021-01-05 09:42:08.220,0.0122,0.0125,35.0,0.0122,15.0,7167.0,660.0
2021-01-05 09:42:09.230,0.0122,0.0125,35.0,0.0123,10.0,7167.0,660.0
2021-01-05 09:42:09.570,0.0122,0.0125,35.0,0.0123,10.0,7167.0,660.0
2021-01-05 09:42:10.220,0.0122,0.0125,35.0,0.0123,10.0,7167.0,660.0
2021-01-05 09:42:11.211,0.0122,0.0125,35.0,0.0123,10.0,7167.0,660.0
2021-01-05 09:42:11.720,0.0122,0.0125,20.0,0.0123,25.0,7167.0,660.0
2021-01-05 09:42:12.210,0.0122,0.0126,45.0,0.0123,25.0,7167.0,660.0
2021-01-05 09:42:12.721,0.0122,0.0126,45.0,0.0124,20.0,7167.0,660.0
2021-01-05 09:42:13.211,0.0124,0.0125,15.0,0.0124,14.0,7173.0,666.0
2021-01-05 09:42:13.731,0.0124,0.0125,15.0,0.0122,15.0,7173.0,666.0
2021-01-05 09:42:14.150,0.0124,0.0125,15.0,0.0123,10.0,7173.0,666.0
2021-01-05 09:42:14.671,0.0124,0.0125,15.0,0.0123,10.0,7173.0,666.0
2021-01-05 09:42:16.701,0.0124,0.0126,35.0,0.0123,25.0,7173.0,666.0
2021-01-05 09:42:17.241,0.0124,0.0126,35.0,0.0123,25.0,7173.0,666.0
2021-01-05 09:42:18.100,0.0124,0.0126,20.0,0.0123,10.0,7173.0,666.0
2021-01-05 09:42:18.701,0.0124,0.0125,15.0,0.0123,10.0,7173.0,666.0
2021-01-05 09:42:19.210,0.0124,0.0125,15.0,0.0123,10.0,7173.0,666.0
2021-01-05 09:42:19.721,0.0124,0.0126,20.0,0.0123,10.0,7173.0,666.0
2021-01-05 09:42:20.150,0.0124,0.0125,15.0,0.0123,10.0,7173.0,666.0
2021-01-05 09:42:20.751,0.0124,0.0126,15.0,0.0123,25.0,7173.0,666.0
2021-01-05 09:42:21.231,0.0124,0.0126,35.0,0.0123,25.0,7173.0,666.0
2021-01-05 09:42:21.621,0.0124,0.0125,15.0,0.0123,10.0,7173.0,666.0
2021-01-05 09:42:22.221,0.0124,0.0126,20.0,0.0123,10.0,7173.0,666.0
2021-01-05 09:42:22.570,0.0124,0.0126,35.0,0.0123,25.0,7173.0,666.0
2021-01-05 09:42:23.631,0.0124,0.0125,15.0,0.0123,10.0,7173.0,666.0
2021-01-05 09:42:24.151,0.0124,0.0126,35.0,0.0123,25.0,7173.0,666.0
2021-01-05 09:42:24.670,0.0124,0.0126,35.0,0.0123,15.0,7173.0,666.0
2021-01-05 09:42:25.200,0.0124,0.0126,35.0,0.0124,10.0,7173.0,666.0
2021-01-05 09:42:26.130,0.0124,0.0126,15.0,0.0124,10.0,7173.0,666.0
2021-01-05 09:42:26.641,0.0124,0.0126,15.0,0.0124,30.0,7173.0,666.0
2021-01-05 09:42:27.651,0.0124,0.0126,35.0,0.0124,30.0,7173.0,666.0
2021-01-05 09:42:28.130,0.0124,0.0126,35.0,0.0124,30.0,7173.0,666.0
2021-01-05 09:42:28.641,0.0124,0.0126,15.0,0.0124,30.0,7173.0,666.0
2021-01-05 09:42:29.211,0.0124,0.0126,35.0,0.0124,30.0,7173.0,666.0
2021-01-05 09:42:29.720,0.0124,0.0126,15.0,0.0124,30.0,7173.0,666.0
2021-01-05 09:42:30.710,0.0124,0.0126,20.0,0.0124,45.0,7173.0,666.0
2021-01-05 09:42:31.200,0.0124,0.0127,35.0,0.0124,45.0,7173.0,666.0
2021-01-05 09:42:31.711,0.0124,0.0127,35.0,0.0124,45.0,7173.0,666.0
2021-01-05 09:42:32.721,0.0124,0.0127,35.0,0.0124,45.0,7173.0,666.0
2021-01-05 09:42:33.230,0.0124,0.0127,35.0,0.0124,45.0,7173.0,666.0
2021-01-05 09:42:34.210,0.0124,0.0127,35.0,0.0125,20.0,7173.0,666.0
2021-01-05 09:42:34.731,0.0124,0.0127,35.0,0.0125,20.0,7173.0,666.0
2021-01-05 09:42:35.001,0.0124,0.0127,15.0,0.0125,30.0,7173.0,666.0
2021-01-05 09:42:36.650,0.0124,0.0127,15.0,0.0125,30.0,7173.0,666.0
2021-01-05 09:42:37.251,0.0124,0.0127,15.0,0.0125,30.0,7173.0,666.0
2021-01-05 09:42:38.661,0.0124,0.0127,15.0,0.0125,20.0,7173.0,666.0
2021-01-05 09:42:39.211,0.0124,0.0127,15.0,0.0125,30.0,7173.0,666.0
2021-01-05 09:42:41.731,0.0124,0.0128,35.0,0.0125,45.0,7173.0,666.0
2021-01-05 09:42:42.250,0.0124,0.0128,35.0,0.0125,35.0,7173.0,666.0
2021-01-05 09:42:42.711,0.0124,0.0128,35.0,0.0126,10.0,7173.0,666.0
2021-01-05 09:42:43.251,0.0124,0.0128,15.0,0.0126,10.0,7173.0,666.0
2021-01-05 09:42:43.741,0.0124,0.0128,35.0,0.0126,10.0,7173.0,666.0
2021-01-05 09:42:44.211,0.0124,0.0127,15.0,0.0126,10.0,7173.0,666.0
2021-01-05 09:42:44.751,0.0124,0.0129,20.0,0.0126,10.0,7173.0,666.0
2021-01-05 09:42:45.191,0.0124,0.0128,15.0,0.0126,10.0,7173.0,666.0
2021-01-05 09:42:45.650,0.0124,0.0128,15.0,0.0126,10.0,7173.0,666.0
2021-01-05 09:42:46.240,0.0124,0.0129,35.0,0.0126,10.0,7173.0,666.0
2021-01-05 09:42:46.741,0.0124,0.0128,15.0,0.0126,10.0,7173.0,666.0
2021-01-05 09:42:47.690,0.0124,0.0128,15.0,0.0126,10.0,7173.0,666.0
2021-01-05 09:42:48.720,0.0124,0.0128,15.0,0.0126,10.0,7173.0,666.0
2021-01-05 09:42:49.750,0.0124,0.0128,25.0,0.0126,10.0,7173.0,666.0
2021-01-05 09:42:50.261,0.0124,0.0127,15.0,0.0126,10.0,7173.0,666.0
2021-01-05 09:42:50.720,0.0124,0.0128,25.0,0.0126,10.0,7173.0,666.0
2021-01-05 09:42:52.251,0.0124,0.0127,15.0,0.0126,10.0,7173.0,666.0
2021-01-05 09:42:52.601,0.0124,0.0128,25.0,0.0126,10.0,7173.0,666.0
2021-01-05 09:42:53.190,0.0124,0.0127,15.0,0.0126,10.0,7173.0,666.0
2021-01-05 09:42:53.621,0.0124,0.0128,25.0,0.0126,10.0,7173.0,666.0
2021-01-05 09:42:54.191,0.0124,0.0128,25.0,0.0126,10.0,7173.0,666.0
2021-01-05 09:42:55.190,0.0124,0.0128,25.0,0.0126,10.0,7173.0,666.0
2021-01-05 09:42:55.701,0.0124,0.0128,10.0,0.0126,10.0,7173.0,666.0
2021-01-05 09:42:56.191,0.0124,0.0128,25.0,0.0126,10.0,7173.0,666.0
2021-01-05 09:42:56.631,0.0124,0.0128,25.0,0.0126,10.0,7173.0,666.0
2021-01-05 09:42:57.171,0.0124,0.0127,5.0,0.0126,10.0,7173.0,666.0
2021-01-05 09:42:58.731,0.0124,0.0127,20.0,0.0126,10.0,7173.0,666.0
2021-01-05 09:42:59.230,0.0124,0.0127,20.0,0.0124,35.0,7173.0,666.0
2021-01-05 09:42:59.730,0.0124,0.0127,20.0,0.0125,10.0,7173.0,666.0
2021-01-05 09:43:00.200,0.0124,0.0127,20.0,0.0125,10.0,7173.0,666.0
2021-01-05 09:43:00.721,0.0124,0.0127,5.0,0.0125,25.0,7173.0,666.0
2021-01-05 09:43:01.211,0.0124,0.0127,5.0,0.0125,25.0,7173.0,666.0
2021-01-05 09:43:01.701,0.0124,0.0127,5.0,0.0125,25.0,7173.0,666.0
2021-01-05 09:43:03.241,0.0124,0.0127,5.0,0.0126,15.0,7173.0,666.0
2021-01-05 09:43:03.701,0.0124,0.0127,5.0,0.0126,15.0,7173.0,666.0
2021-01-05 09:43:04.240,0.0124,0.0127,5.0,0.0126,25.0,7173.0,666.0
2021-01-05 09:43:04.970,0.0124,0.0127,20.0,0.0126,10.0,7173.0,666.0
2021-01-05 09:43:06.171,0.0124,0.0127,20.0,0.0126,10.0,7173.0,666.0
2021-01-05 09:43:06.751,0.0124,0.0127,5.0,0.0126,10.0,7173.0,666.0
2021-01-05 09:43:07.231,0.0124,0.0127,20.0,0.0126,10.0,7173.0,666.0
2021-01-05 09:43:07.710,0.0124,0.0127,20.0,0.0126,10.0,7173.0,666.0
2021-01-05 09:43:08.181,0.0124,0.0127,20.0,0.0126,10.0,7173.0,666.0
2021-01-05 09:43:09.740,0.0124,0.0127,20.0,0.0126,10.0,7173.0,666.0
2021-01-05 09:43:10.150,0.0124,0.0127,20.0,0.0126,10.0,7173.0,666.0
2021-01-05 09:43:10.150,0.0124,0.0127,5.0,0.0126,10.0,7173.0,666.0
2021-01-05 09:43:11.750,0.0124,0.0127,5.0,0.0126,10.0,7173.0,666.0
2021-01-05 09:43:12.171,0.0124,0.0127,5.0,0.0126,10.0,7173.0,666.0
2021-01-05 09:43:13.210,0.0124,0.0127,20.0,0.0126,10.0,7173.0,666.0
2021-01-05 09:43:13.740,0.0124,0.0127,20.0,0.0126,10.0,7173.0,666.0
2021-01-05 09:43:15.241,0.0124,0.0127,20.0,0.0126,10.0,7173.0,666.0
2021-01-05 09:43:16.720,0.0124,0.0127,20.0,0.0126,10.0,7173.0,666.0
2021-01-05 09:43:18.270,0.0124,0.0127,20.0,0.0126,10.0,7173.0,666.0
2021-01-05 09:43:20.731,0.0124,0.0127,20.0,0.0126,10.0,7173.0,666.0
2021-01-05 09:43:21.271,0.0124,0.0127,20.0,0.0126,10.0,7173.0,666.0
2021-01-05 09:43:22.671,0.0124,0.0127,5.0,0.0126,10.0,7173.0,666.0
2021-01-05 09:43:23.651,0.0126,0.0127,20.0,0.0126,5.0,7178.0,671.0
2021-01-05 09:43:24.120,0.0126,0.0127,20.0,0.0126,5.0,7178.0,671.0
2021-01-05 09:43:24.661,0.0126,0.0127,5.0,0.0126,5.0,7178.0,671.0
2021-01-05 09:43:26.621,0.0126,0.0127,20.0,0.0126,5.0,7178.0,671.0
2021-01-05 09:43:27.190,0.0126,0.0127,5.0,0.0126,5.0,7178.0,671.0
2021-01-05 09:43:31.720,0.0126,0.0127,5.0,0.0126,5.0,7178.0,671.0
2021-01-05 09:43:32.181,0.0126,0.0127,5.0,0.0126,20.0,7178.0,671.0
2021-01-05 09:43:33.141,0.0126,0.0127,5.0,0.0126,5.0,7178.0,671.0
2021-01-05 09:43:33.670,0.0126,0.0127,20.0,0.0126,5.0,7178.0,671.0
2021-01-05 09:43:34.221,0.0126,0.0127,5.0,0.0126,5.0,7178.0,671.0
2021-01-05 09:43:37.631,0.0126,0.0127,20.0,0.0126,5.0,7178.0,671.0
2021-01-05 09:43:38.680,0.0126,0.0127,5.0,0.0126,5.0,7178.0,671.0
2021-01-05 09:43:41.730,0.0126,0.0127,5.0,0.0126,5.0,7178.0,671.0
2021-01-05 09:43:42.230,0.0126,0.0127,5.0,0.0126,3.0,7180.0,673.0
2021-01-05 09:43:43.231,0.0126,0.0127,20.0,0.0126,3.0,7180.0,673.0
2021-01-05 09:43:43.711,0.0126,0.0127,5.0,0.0126,3.0,7180.0,673.0
2021-01-05 09:43:44.670,0.0126,0.0127,5.0,0.0126,3.0,7180.0,673.0
2021-01-05 09:43:45.221,0.0126,0.0127,5.0,0.0126,3.0,7180.0,673.0
2021-01-05 09:43:45.221,0.0126,0.0127,20.0,0.0126,3.0,7180.0,673.0
2021-01-05 09:43:46.151,0.0126,0.0127,5.0,0.0125,15.0,7180.0,673.0
2021-01-05 09:43:46.710,0.0126,0.0127,20.0,0.0126,10.0,7180.0,673.0
2021-01-05 09:43:47.250,0.0126,0.0127,5.0,0.0126,10.0,7180.0,673.0
2021-01-05 09:43:47.661,0.0126,0.0127,20.0,0.0126,10.0,7180.0,673.0
2021-01-05 09:43:48.220,0.0126,0.0127,20.0,0.0124,35.0,7190.0,683.0
2021-01-05 09:43:48.641,0.0126,0.0127,20.0,0.0125,10.0,7190.0,683.0
2021-01-05 09:43:49.221,0.0126,0.0126,15.0,0.0125,10.0,7190.0,683.0
2021-01-05 09:43:49.601,0.0126,0.0126,15.0,0.0125,10.0,7190.0,683.0
2021-01-05 09:43:50.110,0.0127,0.0127,19.0,0.0125,10.0,7191.0,684.0
2021-01-05 09:44:00.701,0.0127,0.0126,15.0,0.0125,10.0,7191.0,684.0
2021-01-05 09:44:01.160,0.0127,0.0128,15.0,0.0125,10.0,7191.0,684.0
2021-01-05 09:44:01.621,0.0127,0.0128,15.0,0.0125,25.0,7191.0,684.0
2021-01-05 09:44:02.031,0.0127,0.0128,15.0,0.0125,10.0,7191.0,684.0
2021-01-05 09:44:02.711,0.0127,0.0128,15.0,0.0125,10.0,7191.0,684.0
2021-01-05 09:44:03.241,0.0127,0.0128,15.0,0.0125,10.0,7191.0,684.0
2021-01-05 09:44:03.750,0.0127,0.0129,15.0,0.0124,20.0,7191.0,684.0
2021-01-05 09:44:04.230,0.0127,0.0128,20.0,0.0125,10.0,7191.0,684.0
2021-01-05 09:44:04.751,0.0127,0.0127,15.0,0.0125,10.0,7191.0,684.0
2021-01-05 09:44:05.260,0.0127,0.0128,20.0,0.0125,10.0,7191.0,684.0
2021-01-05 09:44:05.750,0.0125,0.0127,15.0,0.0125,9.0,7192.0,685.0
2021-01-05 09:44:06.261,0.0125,0.0128,20.0,0.0125,9.0,7192.0,685.0
2021-01-05 09:44:06.770,0.0125,0.0128,15.0,0.0125,24.0,7192.0,685.0
2021-01-05 09:44:07.281,0.0125,0.0128,35.0,0.0125,9.0,7192.0,685.0
2021-01-05 09:44:07.750,0.0125,0.0127,15.0,0.0125,9.0,7192.0,685.0
2021-01-05 09:44:08.760,0.0125,0.0127,15.0,0.0125,9.0,7192.0,685.0
2021-01-05 09:44:09.150,0.0125,0.0127,15.0,0.0125,9.0,7192.0,685.0
2021-01-05 09:44:10.280,0.0125,0.0127,35.0,0.0125,9.0,7192.0,685.0
2021-01-05 09:44:10.781,0.0125,0.0126,15.0,0.0125,9.0,7192.0,685.0
2021-01-05 09:44:11.271,0.0125,0.0126,15.0,0.0125,9.0,7192.0,685.0
2021-01-05 09:44:11.780,0.0125,0.0126,15.0,0.0125,9.0,7192.0,685.0
2021-01-05 09:44:13.230,0.0125,0.0126,16.0,0.0125,9.0,7192.0,685.0
2021-01-05 09:44:13.770,0.0125,0.0126,16.0,0.0125,9.0,7192.0,685.0
2021-01-05 09:44:14.260,0.0125,0.0126,16.0,0.0125,9.0,7192.0,685.0
2021-01-05 09:44:14.781,0.0125,0.0126,16.0,0.0125,9.0,7192.0,685.0
2021-01-05 09:44:17.280,0.0125,0.0126,16.0,0.0125,9.0,7192.0,685.0
2021-01-05 09:44:17.770,0.0125,0.0126,1.0,0.0125,9.0,7192.0,685.0
2021-01-05 09:44:18.231,0.0125,0.0126,1.0,0.0125,9.0,7192.0,685.0
2021-01-05 09:44:19.801,0.0125,0.0126,1.0,0.0125,9.0,7192.0,685.0
2021-01-05 09:44:20.300,0.0125,0.0126,16.0,0.0125,9.0,7192.0,685.0
2021-01-05 09:44:22.250,0.0125,0.0126,16.0,0.0125,9.0,7192.0,685.0
2021-01-05 09:44:26.201,0.0125,0.0125,6.0,0.0124,20.0,7201.0,694.0
2021-01-05 09:44:26.701,0.0125,0.0125,4.0,0.0124,30.0,7201.0,694.0
2021-01-05 09:44:27.201,0.0125,0.0125,4.0,0.0124,30.0,7201.0,694.0
2021-01-05 09:44:27.710,0.0125,0.0125,4.0,0.0124,30.0,7201.0,694.0
2021-01-05 09:44:28.680,0.0125,0.0125,4.0,0.0124,45.0,7201.0,694.0
2021-01-05 09:44:29.200,0.0125,0.0125,4.0,0.0124,30.0,7201.0,694.0
2021-01-05 09:44:29.631,0.0125,0.0125,4.0,0.0124,30.0,7201.0,694.0
2021-01-05 09:44:30.720,0.0125,0.0125,4.0,0.0124,30.0,7201.0,694.0
2021-01-05 09:44:31.730,0.0125,0.0125,4.0,0.0124,30.0,7201.0,694.0
2021-01-05 09:44:32.220,0.0125,0.0125,19.0,0.0124,30.0,7201.0,694.0
2021-01-05 09:44:32.691,0.0125,0.0125,19.0,0.0124,10.0,7201.0,694.0
2021-01-05 09:44:33.240,0.0125,0.0125,4.0,0.0123,10.0,7201.0,694.0
2021-01-05 09:44:34.141,0.0125,0.0125,4.0,0.0123,35.0,7201.0,694.0
2021-01-05 09:44:34.520,0.0125,0.0125,4.0,0.0123,35.0,7201.0,694.0
2021-01-05 09:44:35.740,0.0125,0.0125,4.0,0.0124,15.0,7201.0,694.0
2021-01-05 09:44:37.240,0.0125,0.0125,4.0,0.0124,15.0,7201.0,694.0
2021-01-05 09:44:39.661,0.0125,0.0125,4.0,0.0123,20.0,7201.0,694.0
2021-01-05 09:44:40.740,0.0125,0.0125,4.0,0.0123,35.0,7201.0,694.0
2021-01-05 09:44:44.761,0.0125,0.0125,4.0,0.0123,35.0,7201.0,694.0
2021-01-05 09:44:45.261,0.0125,0.0125,4.0,0.0123,20.0,7201.0,694.0
2021-01-05 09:44:45.261,0.0125,0.0125,4.0,0.0124,15.0,7201.0,694.0
2021-01-05 09:44:46.771,0.0125,0.0125,4.0,0.0124,15.0,7201.0,694.0
2021-01-05 09:44:47.251,0.0125,0.0125,4.0,0.0124,15.0,7201.0,694.0
2021-01-05 09:44:47.770,0.0125,0.0125,4.0,0.0124,15.0,7201.0,694.0
2021-01-05 09:44:48.271,0.0125,0.0125,4.0,0.0124,15.0,7201.0,694.0
2021-01-05 09:44:48.780,0.0125,0.0125,4.0,0.0124,25.0,7201.0,694.0
2021-01-05 09:44:49.270,0.0125,0.0126,1.0,0.0125,15.0,7201.0,698.0
2021-01-05 09:44:49.800,0.0125,0.0126,1.0,0.0124,15.0,7201.0,698.0
2021-01-05 09:44:50.300,0.0125,0.0126,1.0,0.0124,15.0,7201.0,698.0
2021-01-05 09:44:50.811,0.0125,0.0126,1.0,0.0124,25.0,7201.0,698.0
2021-01-05 09:44:51.650,0.0125,0.0126,1.0,0.0124,25.0,7201.0,698.0
2021-01-05 09:44:54.970,0.0125,0.0126,21.0,0.0124,25.0,7201.0,698.0
2021-01-05 09:44:55.700,0.0125,0.0126,1.0,0.0124,25.0,7201.0,698.0
2021-01-05 09:44:56.720,0.0125,0.0126,21.0,0.0124,15.0,7201.0,698.0
2021-01-05 09:44:57.160,0.0125,0.0126,1.0,0.0125,10.0,7201.0,698.0
2021-01-05 09:44:57.431,0.0125,0.0126,36.0,0.0125,10.0,7201.0,698.0
2021-01-05 09:44:58.120,0.0125,0.0126,16.0,0.0125,10.0,7201.0,698.0
2021-01-05 09:44:58.720,0.0125,0.0126,16.0,0.0123,25.0,7211.0,708.0
2021-01-05 09:44:59.190,0.0125,0.0126,16.0,0.0124,10.0,7211.0,708.0
2021-01-05 09:44:59.711,0.0125,0.0125,15.0,0.0124,10.0,7211.0,708.0
2021-01-05 09:45:00.061,0.0125,0.0126,36.0,0.0124,10.0,7211.0,708.0
2021-01-05 09:45:00.591,0.0125,0.0126,36.0,0.0124,10.0,7211.0,708.0
2021-01-05 09:45:01.221,0.0125,0.0126,21.0,0.0124,25.0,7211.0,708.0
2021-01-05 09:45:02.061,0.0125,0.0126,21.0,0.0124,25.0,7211.0,708.0
2021-01-05 09:45:02.621,0.0125,0.0126,21.0,0.0124,25.0,7211.0,708.0
2021-01-05 09:45:03.680,0.0124,0.0126,36.0,0.0123,25.0,7221.0,728.0
2021-01-05 09:45:04.191,0.0124,0.0125,15.0,0.0124,10.0,7221.0,728.0
2021-01-05 09:45:04.700,0.0124,0.0125,35.0,0.0124,10.0,7221.0,728.0
2021-01-05 09:45:05.221,0.0124,0.0124,5.0,0.0123,10.0,7231.0,738.0
2021-01-05 09:45:05.720,0.0124,0.0125,35.0,0.0123,20.0,7231.0,738.0
2021-01-05 09:45:06.220,0.0124,0.0125,15.0,0.0123,20.0,7231.0,738.0
2021-01-05 09:45:06.721,0.0124,0.0125,35.0,0.0123,20.0,7231.0,738.0
2021-01-05 09:45:07.130,0.0124,0.0125,15.0,0.0123,20.0,7231.0,738.0
2021-01-05 09:45:07.720,0.0124,0.0126,36.0,0.0123,35.0,7231.0,738.0
2021-01-05 09:45:08.181,0.0124,0.0126,36.0,0.0123,35.0,7231.0,738.0
2021-01-05 09:45:09.190,0.0124,0.0126,36.0,0.0123,35.0,7231.0,738.0
2021-01-05 09:45:09.720,0.0124,0.0125,15.0,0.0123,20.0,7231.0,738.0
2021-01-05 09:45:10.700,0.0124,0.0126,36.0,0.0123,35.0,7231.0,738.0
2021-01-05 09:45:11.720,0.0124,0.0126,36.0,0.0123,35.0,7231.0,738.0
2021-01-05 09:45:12.150,0.0124,0.0126,21.0,0.0123,20.0,7231.0,738.0
2021-01-05 09:45:12.701,0.0124,0.0125,15.0,0.0123,20.0,7231.0,738.0
2021-01-05 09:45:13.681,0.0124,0.0125,35.0,0.0123,10.0,7231.0,738.0
2021-01-05 09:45:15.230,0.0124,0.0125,20.0,0.0123,10.0,7231.0,738.0
2021-01-05 09:45:15.721,0.0124,0.0124,15.0,0.0123,10.0,7231.0,738.0
2021-01-05 09:45:16.230,0.0124,0.0124,15.0,0.0123,10.0,7231.0,738.0
2021-01-05 09:45:16.630,0.0123,0.0124,20.0,0.012,35.0,7241.0,748.0
2021-01-05 09:45:17.170,0.0123,0.0124,15.0,0.0121,15.0,7241.0,748.0
2021-01-05 09:45:17.731,0.0123,0.0124,15.0,0.0122,10.0,7241.0,748.0
2021-01-05 09:45:18.161,0.0123,0.0124,35.0,0.0122,10.0,7241.0,748.0
2021-01-05 09:45:18.691,0.0122,0.0124,15.0,0.0121,15.0,7251.0,758.0
2021-01-05 09:45:19.191,0.0122,0.0125,15.0,0.012,25.0,7251.0,758.0
2021-01-05 09:45:19.731,0.0122,0.0125,35.0,0.0121,15.0,7251.0,758.0
2021-01-05 09:45:20.221,0.0122,0.0124,15.0,0.0122,10.0,7251.0,758.0
2021-01-05 09:45:20.691,0.0122,0.0124,35.0,0.0122,10.0,7251.0,758.0
2021-01-05 09:45:21.191,0.0122,0.0124,35.0,0.0121,15.0,7251.0,758.0
2021-01-05 09:45:21.731,0.0122,0.0124,35.0,0.0121,25.0,7251.0,758.0
2021-01-05 09:45:22.240,0.0122,0.0124,35.0,0.0121,25.0,7251.0,758.0
2021-01-05 09:45:22.710,0.0122,0.0123,15.0,0.0121,10.0,7251.0,758.0
2021-01-05 09:45:23.630,0.0122,0.0123,35.0,0.0121,10.0,7251.0,758.0
2021-01-05 09:45:24.701,0.0122,0.0123,35.0,0.0121,10.0,7251.0,758.0
2021-01-05 09:45:25.131,0.0122,0.0123,35.0,0.0121,10.0,7251.0,758.0
2021-01-05 09:45:29.701,0.0122,0.0124,35.0,0.0121,25.0,7251.0,758.0
2021-01-05 09:45:30.710,0.0122,0.0124,35.0,0.0121,25.0,7251.0,758.0
2021-01-05 09:45:31.211,0.0122,0.0123,15.0,0.012,25.0,7251.0,758.0
2021-01-05 09:45:32.151,0.0122,0.0123,15.0,0.012,25.0,7251.0,758.0
2021-01-05 09:45:32.690,0.0122,0.0123,15.0,0.012,25.0,7251.0,758.0
2021-01-05 09:45:34.220,0.0122,0.0123,15.0,0.012,45.0,7251.0,758.0
2021-01-05 09:45:35.170,0.0122,0.0123,15.0,0.012,45.0,7251.0,758.0
2021-01-05 09:45:35.731,0.0122,0.0123,35.0,0.012,45.0,7251.0,758.0
2021-01-05 09:45:36.730,0.0122,0.0123,20.0,0.012,30.0,7251.0,758.0
2021-01-05 09:45:37.230,0.0122,0.0123,15.0,0.012,45.0,7251.0,758.0
2021-01-05 09:45:38.240,0.012,0.012,40.0,0.0119,20.0,7281.0,818.0
2021-01-05 09:45:38.621,0.012,0.012,24.0,0.0119,40.0,7281.0,834.0
2021-01-05 09:45:39.210,0.012,0.012,27.0,0.0119,40.0,7281.0,846.0
2021-01-05 09:45:39.700,0.012,0.012,15.0,0.0119,40.0,7281.0,858.0
2021-01-05 09:45:40.240,0.012,0.0121,15.0,0.0119,40.0,7281.0,870.0
2021-01-05 09:45:40.730,0.012,0.0123,35.0,0.012,15.0,7281.0,870.0
2021-01-05 09:45:41.220,0.012,0.0123,35.0,0.0121,10.0,7281.0,870.0
2021-01-05 09:45:42.240,0.012,0.0123,15.0,0.0121,10.0,7281.0,870.0
2021-01-05 09:45:42.711,0.012,0.0123,35.0,0.0121,10.0,7281.0,870.0
2021-01-05 09:45:43.041,0.012,0.0122,15.0,0.0121,10.0,7281.0,870.0
2021-01-05 09:45:43.731,0.012,0.0122,15.0,0.0121,10.0,7281.0,870.0
2021-01-05 09:45:44.201,0.012,0.0122,35.0,0.0121,10.0,7281.0,870.0
2021-01-05 09:45:44.691,0.012,0.0121,15.0,0.0119,40.0,7281.0,870.0
2021-01-05 09:45:45.220,0.012,0.0123,20.0,0.0119,40.0,7281.0,870.0
2021-01-05 09:45:45.681,0.012,0.0122,15.0,0.0119,40.0,7281.0,870.0
2021-01-05 09:45:46.211,0.012,0.0122,15.0,0.0119,40.0,7281.0,870.0
2021-01-05 09:45:46.680,0.012,0.0123,20.0,0.0119,40.0,7281.0,870.0
2021-01-05 09:45:47.241,0.012,0.0122,15.0,0.0119,40.0,7281.0,870.0
2021-01-05 09:45:47.731,0.012,0.0122,15.0,0.0119,40.0,7281.0,870.0
2021-01-05 09:45:48.201,0.012,0.0123,35.0,0.0119,40.0,7281.0,870.0
2021-01-05 09:45:48.741,0.012,0.0122,15.0,0.0119,40.0,7281.0,870.0
2021-01-05 09:45:49.700,0.012,0.0122,15.0,0.0119,20.0,7281.0,870.0
2021-01-05 09:45:50.251,0.012,0.0122,15.0,0.0119,20.0,7281.0,870.0
2021-01-05 09:45:50.750,0.0119,0.0119,30.0,0.0118,10.0,7301.0,890.0
2021-01-05 09:45:51.250,0.0119,0.0119,24.0,0.0118,10.0,7301.0,896.0
2021-01-05 09:45:51.721,0.0119,0.0119,12.0,0.0118,10.0,7301.0,908.0
2021-01-05 09:45:52.251,0.0119,0.012,15.0,0.0118,10.0,7313.0,920.0
2021-01-05 09:45:52.641,0.0119,0.0122,15.0,0.0118,10.0,7313.0,920.0
2021-01-05 09:45:53.211,0.0119,0.0122,15.0,0.0118,10.0,7313.0,920.0
2021-01-05 09:45:53.711,0.0119,0.0122,15.0,0.0118,10.0,7313.0,920.0
2021-01-05 09:45:54.191,0.0118,0.0118,40.0,0.0117,30.0,7323.0,930.0
2021-01-05 09:45:54.710,0.0118,0.0118,34.0,0.0117,35.0,7323.0,936.0
2021-01-05 09:45:55.190,0.0118,0.0118,22.0,0.0117,20.0,7333.0,948.0
2021-01-05 09:45:55.711,0.0118,0.0118,10.0,0.0117,20.0,7343.0,960.0
2021-01-05 09:45:56.120,0.0119,0.012,15.0,0.0117,35.0,7355.0,972.0
2021-01-05 09:45:56.631,0.0119,0.0121,15.0,0.0117,20.0,7355.0,972.0
2021-01-05 09:45:57.201,0.0119,0.0121,15.0,0.0117,20.0,7355.0,972.0
2021-01-05 09:45:58.231,0.0119,0.0121,15.0,0.0117,20.0,7355.0,972.0
2021-01-05 09:45:58.711,0.0119,0.0121,15.0,0.0117,35.0,7355.0,972.0
2021-01-05 09:45:59.230,0.0119,0.0121,15.0,0.0117,20.0,7355.0,972.0
2021-01-05 09:45:59.680,0.0119,0.0121,15.0,0.0117,20.0,7355.0,972.0
2021-01-05 09:46:00.210,0.0119,0.0121,15.0,0.0117,55.0,7355.0,972.0
2021-01-05 09:46:00.730,0.0119,0.0121,15.0,0.0118,15.0,7355.0,972.0
2021-01-05 09:46:01.180,0.0119,0.0122,35.0,0.0119,10.0,7355.0,972.0
2021-01-05 09:46:01.670,0.0119,0.0121,15.0,0.0119,10.0,7355.0,972.0
2021-01-05 09:46:03.731,0.0119,0.0121,15.0,0.0119,10.0,7355.0,972.0
2021-01-05 09:46:04.171,0.0119,0.0121,15.0,0.0119,10.0,7355.0,972.0
2021-01-05 09:46:04.571,0.0119,0.0121,15.0,0.0119,10.0,7355.0,972.0
2021-01-05 09:46:05.161,0.0119,0.0121,15.0,0.0119,10.0,7355.0,972.0
2021-01-05 09:46:08.730,0.0119,0.0121,15.0,0.0119,10.0,7355.0,972.0
2021-01-05 09:46:08.741,0.0119,0.0121,15.0,0.0119,10.0,7355.0,972.0
2021-01-05 09:46:09.470,0.0119,0.0122,15.0,0.0119,10.0,7355.0,972.0
2021-01-05 09:46:10.230,0.0119,0.0122,15.0,0.0119,10.0,7355.0,972.0
2021-01-05 09:46:10.720,0.0119,0.0122,15.0,0.0119,10.0,7355.0,972.0
2021-01-05 09:46:11.671,0.0119,0.0122,15.0,0.0119,10.0,7355.0,972.0
2021-01-05 09:46:12.190,0.0119,0.0122,15.0,0.0119,25.0,7355.0,972.0
2021-01-05 09:46:13.231,0.0119,0.0122,15.0,0.0119,10.0,7355.0,972.0
2021-01-05 09:46:13.681,0.0119,0.0122,15.0,0.0119,25.0,7355.0,972.0
2021-01-05 09:46:14.731,0.0119,0.0122,15.0,0.0119,25.0,7355.0,972.0
2021-01-05 09:46:17.680,0.0119,0.0122,15.0,0.0119,25.0,7355.0,972.0
2021-01-05 09:46:20.210,0.0119,0.0122,15.0,0.0119,25.0,7355.0,972.0
2021-01-05 09:46:20.731,0.0119,0.0122,15.0,0.0119,10.0,7355.0,972.0
2021-01-05 09:46:21.011,0.0119,0.0122,15.0,0.0119,10.0,7355.0,972.0
2021-01-05 09:46:21.611,0.0119,0.012,2.0,0.0119,25.0,7355.0,972.0
2021-01-05 09:46:22.220,0.012,0.0121,8.0,0.0119,25.0,7357.0,974.0
2021-01-05 09:46:22.690,0.012,0.0121,23.0,0.0119,10.0,7357.0,974.0
2021-01-05 09:46:23.201,0.012,0.0121,23.0,0.0119,10.0,7357.0,974.0
2021-01-05 09:46:23.710,0.012,0.0121,8.0,0.0119,25.0,7357.0,974.0
2021-01-05 09:46:24.221,0.012,0.0121,8.0,0.0119,10.0,7357.0,974.0
2021-01-05 09:46:24.631,0.012,0.0121,23.0,0.0119,10.0,7357.0,974.0
2021-01-05 09:46:29.710,0.012,0.0121,8.0,0.0119,10.0,7357.0,974.0
2021-01-05 09:46:30.211,0.012,0.0121,8.0,0.0119,25.0,7357.0,974.0
2021-01-05 09:46:31.210,0.012,0.0121,23.0,0.0119,10.0,7357.0,974.0
2021-01-05 09:46:32.100,0.012,0.0121,23.0,0.0119,10.0,7357.0,974.0
2021-01-05 09:46:33.210,0.012,0.0121,23.0,0.0119,10.0,7357.0,974.0
2021-01-05 09:46:35.721,0.012,0.0121,23.0,0.0119,10.0,7357.0,974.0
2021-01-05 09:46:37.241,0.012,0.012,15.0,0.0119,10.0,7357.0,974.0
2021-01-05 09:46:37.350,0.012,0.012,15.0,0.0119,10.0,7357.0,974.0
2021-01-05 09:46:38.860,0.0119,0.012,15.0,0.0119,4.0,7363.0,980.0
2021-01-05 09:46:39.730,0.0119,0.012,15.0,0.0117,40.0,7367.0,984.0
2021-01-05 09:46:40.230,0.0119,0.0121,8.0,0.0119,15.0,7367.0,984.0
2021-01-05 09:46:40.670,0.0119,0.0121,8.0,0.012,25.0,7367.0,984.0
2021-01-05 09:46:41.250,0.012,0.0121,8.0,0.0119,15.0,7377.0,996.0
2021-01-05 09:46:41.730,0.012,0.0121,8.0,0.012,4.0,7383.0,1002.0
2021-01-05 09:46:42.230,0.012,0.0121,8.0,0.0117,20.0,7387.0,1006.0
2021-01-05 09:46:42.741,0.012,0.0121,23.0,0.0118,15.0,7387.0,1006.0
2021-01-05 09:46:43.121,0.012,0.0121,23.0,0.0119,10.0,7387.0,1006.0
2021-01-05 09:46:44.230,0.012,0.0121,8.0,0.0119,25.0,7387.0,1006.0
2021-01-05 09:46:46.251,0.012,0.0121,8.0,0.0119,10.0,7387.0,1006.0
2021-01-05 09:46:46.671,0.012,0.0121,8.0,0.0119,25.0,7387.0,1006.0
2021-01-05 09:46:47.701,0.012,0.0121,8.0,0.0117,20.0,7387.0,1006.0
2021-01-05 09:46:48.081,0.012,0.0121,8.0,0.0119,15.0,7387.0,1006.0
2021-01-05 09:46:48.761,0.012,0.0121,8.0,0.012,10.0,7387.0,1006.0
2021-01-05 09:46:49.230,0.012,0.0121,8.0,0.012,10.0,7387.0,1006.0
2021-01-05 09:46:50.170,0.012,0.0121,8.0,0.012,10.0,7387.0,1006.0
2021-01-05 09:46:51.731,0.012,0.0121,8.0,0.012,10.0,7387.0,1006.0
2021-01-05 09:46:51.801,0.012,0.0121,8.0,0.012,10.0,7387.0,1006.0
2021-01-05 09:46:52.711,0.012,0.0121,23.0,0.012,10.0,7387.0,1006.0
2021-01-05 09:46:53.201,0.012,0.0121,23.0,0.012,4.0,7393.0,1012.0
2021-01-05 09:46:53.681,0.012,0.0121,8.0,0.012,4.0,7393.0,1012.0
2021-01-05 09:46:56.221,0.012,0.0121,23.0,0.012,4.0,7393.0,1012.0
2021-01-05 09:46:56.711,0.012,0.0121,8.0,0.012,4.0,7393.0,1012.0
2021-01-05 09:46:57.741,0.012,0.0121,8.0,0.012,4.0,7393.0,1012.0
2021-01-05 09:46:58.720,0.012,0.0121,23.0,0.012,4.0,7393.0,1012.0
2021-01-05 09:46:59.191,0.012,0.012,11.0,0.0117,55.0,7397.0,1016.0
2021-01-05 09:47:00.251,0.012,0.0122,20.0,0.0117,40.0,7397.0,1016.0
2021-01-05 09:47:00.741,0.0117,0.0121,15.0,0.0117,10.0,7401.0,1020.0
2021-01-05 09:47:01.210,0.0117,0.0121,15.0,0.0117,6.0,7405.0,1024.0
2021-01-05 09:47:01.721,0.0117,0.012,20.0,0.0117,10.0,7405.0,1024.0
2021-01-05 09:47:02.230,0.0117,0.0119,15.0,0.0117,10.0,7405.0,1024.0
2021-01-05 09:47:02.741,0.0117,0.0121,35.0,0.0117,10.0,7405.0,1024.0
2021-01-05 09:47:03.220,0.0117,0.0122,20.0,0.0117,10.0,7405.0,1024.0
2021-01-05 09:47:03.220,0.0117,0.0123,50.0,0.0117,10.0,7405.0,1024.0
2021-01-05 09:47:03.740,0.0117,0.0122,15.0,0.0117,10.0,7405.0,1024.0
2021-01-05 09:47:04.751,0.0117,0.0122,35.0,0.0117,10.0,7405.0,1024.0
2021-01-05 09:47:05.250,0.0117,0.0121,15.0,0.0117,10.0,7405.0,1024.0
2021-01-05 09:47:05.750,0.0117,0.0121,35.0,0.0117,10.0,7405.0,1024.0
2021-01-05 09:47:06.251,0.0117,0.0121,20.0,0.0117,10.0,7405.0,1024.0
2021-01-05 09:47:06.491,0.0117,0.012,15.0,0.0117,10.0,7405.0,1024.0
2021-01-05 09:47:07.221,0.0117,0.012,35.0,0.0117,10.0,7405.0,1024.0
2021-01-05 09:47:07.721,0.0117,0.0119,15.0,0.0117,10.0,7405.0,1024.0
2021-01-05 09:47:08.700,0.0117,0.0119,15.0,0.0117,10.0,7405.0,1024.0
2021-01-05 09:47:09.751,0.0117,0.0119,35.0,0.0117,10.0,7405.0,1024.0
2021-01-05 09:47:10.260,0.0117,0.0118,15.0,0.0115,35.0,7405.0,1024.0
2021-01-05 09:47:10.721,0.0117,0.0118,15.0,0.0115,35.0,7405.0,1024.0
2021-01-05 09:47:11.090,0.0117,0.0118,15.0,0.0115,35.0,7405.0,1024.0
2021-01-05 09:47:12.731,0.0117,0.0118,15.0,0.0115,35.0,7405.0,1024.0
2021-01-05 09:47:13.201,0.0117,0.0118,15.0,0.0115,35.0,7405.0,1024.0
2021-01-05 09:47:19.111,0.0117,0.0118,35.0,0.0115,20.0,7405.0,1024.0
2021-01-05 09:47:19.760,0.0117,0.0117,15.0,0.0115,20.0,7405.0,1024.0
2021-01-05 09:47:20.231,0.0117,0.0117,15.0,0.0115,20.0,7405.0,1024.0
2021-01-05 09:47:20.761,0.0117,0.0117,20.0,0.0115,35.0,7405.0,1024.0
2021-01-05 09:47:21.260,0.0117,0.0118,35.0,0.0115,35.0,7405.0,1024.0
2021-01-05 09:47:21.760,0.0117,0.0118,35.0,0.0115,35.0,7405.0,1024.0
2021-01-05 09:47:22.240,0.0117,0.0118,35.0,0.0115,35.0,7405.0,1024.0
2021-01-05 09:47:23.151,0.0117,0.0118,35.0,0.0115,35.0,7405.0,1024.0
2021-01-05 09:47:24.221,0.0117,0.0118,35.0,0.0115,35.0,7405.0,1024.0
2021-01-05 09:47:25.241,0.0117,0.0118,35.0,0.0115,35.0,7405.0,1024.0
2021-01-05 09:47:25.710,0.0117,0.0118,35.0,0.0115,35.0,7405.0,1024.0
2021-01-05 09:47:26.180,0.0117,0.0118,35.0,0.0115,35.0,7405.0,1024.0
2021-01-05 09:47:27.721,0.0117,0.0118,35.0,0.0115,35.0,7405.0,1024.0
2021-01-05 09:47:28.230,0.0117,0.0117,15.0,0.0115,20.0,7405.0,1024.0
2021-01-05 09:47:28.710,0.0117,0.0117,35.0,0.0115,20.0,7405.0,1024.0
2021-01-05 09:47:30.720,0.0117,0.0117,35.0,0.0115,20.0,7405.0,1024.0
2021-01-05 09:47:31.711,0.0117,0.0117,20.0,0.0115,10.0,7405.0,1024.0
2021-01-05 09:47:31.990,0.0116,0.0116,15.0,0.0115,10.0,7415.0,1034.0
2021-01-05 09:47:32.681,0.0116,0.0117,20.0,0.0115,20.0,7415.0,1034.0
2021-01-05 09:47:33.181,0.0116,0.0117,20.0,0.0115,25.0,7415.0,1034.0
2021-01-05 09:47:33.730,0.0118,0.0118,35.0,0.0116,10.0,7416.0,1035.0
2021-01-05 09:47:33.830,0.0116,0.0118,20.0,0.0116,15.0,7426.0,1045.0
2021-01-05 09:47:34.341,0.0116,0.0118,35.0,0.0116,10.0,7426.0,1045.0
2021-01-05 09:47:35.000,0.0116,0.0117,15.0,0.0116,4.0,7432.0,1051.0
2021-01-05 09:47:35.740,0.0116,0.0117,35.0,0.0116,4.0,7432.0,1051.0
2021-01-05 09:47:36.721,0.0116,0.0117,35.0,0.0115,10.0,7432.0,1051.0
2021-01-05 09:47:37.251,0.0116,0.0117,35.0,0.0115,20.0,7432.0,1051.0
2021-01-05 09:47:37.761,0.0116,0.0117,20.0,0.0115,20.0,7432.0,1051.0
2021-01-05 09:47:38.001,0.0116,0.0116,15.0,0.0115,20.0,7432.0,1051.0
2021-01-05 09:47:38.760,0.0116,0.0117,20.0,0.0115,20.0,7432.0,1051.0
2021-01-05 09:47:39.261,0.0116,0.0117,15.0,0.0115,20.0,7432.0,1051.0
2021-01-05 09:47:39.751,0.0116,0.0117,35.0,0.0115,20.0,7432.0,1051.0
2021-01-05 09:47:40.260,0.0116,0.0116,15.0,0.0115,10.0,7432.0,1051.0
2021-01-05 09:47:40.761,0.0116,0.0116,15.0,0.0115,20.0,7432.0,1051.0
2021-01-05 09:47:41.261,0.0116,0.0116,15.0,0.0115,20.0,7432.0,1051.0
2021-01-05 09:47:42.250,0.0116,0.0116,15.0,0.0115,20.0,7432.0,1051.0
2021-01-05 09:47:42.761,0.0116,0.0116,15.0,0.0115,20.0,7432.0,1051.0
2021-01-05 09:47:43.240,0.0116,0.0116,35.0,0.0115,20.0,7432.0,1051.0
2021-01-05 09:47:43.720,0.0115,0.0117,20.0,0.0114,10.0,7452.0,1071.0
2021-01-05 09:47:44.260,0.0115,0.0118,40.0,0.0114,10.0,7452.0,1071.0
2021-01-05 09:47:44.761,0.0115,0.0117,15.0,0.0114,25.0,7452.0,1071.0
2021-01-05 09:47:44.761,0.0115,0.0117,20.0,0.0114,10.0,7452.0,1071.0
2021-01-05 09:47:45.760,0.0115,0.0117,15.0,0.0114,10.0,7452.0,1071.0
2021-01-05 09:47:46.260,0.0115,0.0117,35.0,0.0114,25.0,7452.0,1071.0
2021-01-05 09:47:48.261,0.0115,0.0117,35.0,0.0114,25.0,7452.0,1071.0
2021-01-05 09:47:49.771,0.0114,0.0117,20.0,0.0113,10.0,7462.0,1081.0
2021-01-05 09:47:50.271,0.0114,0.0117,20.0,0.0114,15.0,7462.0,1081.0
2021-01-05 09:47:50.751,0.0114,0.0117,15.0,0.0115,10.0,7462.0,1081.0
2021-01-05 09:47:50.751,0.0114,0.0118,40.0,0.0115,10.0,7462.0,1081.0
2021-01-05 09:47:51.740,0.0114,0.0118,55.0,0.0115,25.0,7462.0,1081.0
2021-01-05 09:47:52.271,0.0114,0.0118,40.0,0.0115,10.0,7462.0,1081.0
2021-01-05 09:47:52.271,0.0114,0.0117,15.0,0.0115,10.0,7462.0,1081.0
2021-01-05 09:47:53.221,0.0114,0.0117,15.0,0.0115,10.0,7462.0,1081.0
2021-01-05 09:47:53.740,0.0114,0.0117,15.0,0.0115,10.0,7462.0,1081.0
2021-01-05 09:47:54.741,0.0114,0.0117,15.0,0.0115,10.0,7462.0,1081.0
2021-01-05 09:47:55.241,0.0114,0.0117,15.0,0.0115,10.0,7462.0,1081.0
2021-01-05 09:47:55.740,0.0114,0.0118,20.0,0.0115,10.0,7462.0,1081.0
2021-01-05 09:47:56.251,0.0114,0.0118,20.0,0.0116,15.0,7462.0,1081.0
2021-01-05 09:47:56.751,0.0114,0.0118,20.0,0.0116,15.0,7462.0,1081.0
2021-01-05 09:47:57.250,0.0114,0.0118,20.0,0.0116,25.0,7462.0,1081.0
2021-01-05 09:47:57.750,0.0114,0.0118,20.0,0.0113,10.0,7462.0,1081.0
