,last,ask1,asize1,bid1,bsize1,oi,volume
2021-01-05 09:25:00.080,,0.0112,2.0,0.0107,1.0,6396.0,
2021-01-05 09:30:00.451,,0.0114,21.0,0.0104,1.0,6396.0,
2021-01-05 09:30:00.991,,0.0116,1.0,0.01,1.0,6396.0,
2021-01-05 09:30:01.481,,0.0116,1.0,0.01,1.0,6396.0,
2021-01-05 09:30:01.990,,0.0116,1.0,0.0104,20.0,6396.0,
2021-01-05 09:30:02.440,,0.0119,20.0,0.0105,20.0,6396.0,
2021-01-05 09:30:03.010,,0.0123,20.0,0.0104,20.0,6396.0,
2021-01-05 09:30:03.980,,0.0122,20.0,0.0103,20.0,6396.0,
2021-01-05 09:30:05.010,,0.0123,20.0,0.0104,20.0,6396.0,
2021-01-05 09:30:05.990,,0.0138,1.0,0.0104,20.0,6396.0,
2021-01-05 09:30:06.480,,0.0124,20.0,0.0105,20.0,6396.0,
2021-01-05 09:30:06.971,,0.0126,20.0,0.0107,20.0,6396.0,
2021-01-05 09:30:09.490,,0.0125,20.0,0.0106,20.0,6396.0,
2021-01-05 09:30:10.501,,0.0126,20.0,0.0107,20.0,6396.0,
2021-01-05 09:30:13.000,,0.0125,20.0,0.0106,20.0,6396.0,
2021-01-05 09:30:15.520,,0.0125,20.0,0.0105,20.0,6396.0,
2021-01-05 09:30:15.991,,0.0125,20.0,0.0105,20.0,6396.0,
2021-01-05 09:30:16.531,,0.0125,20.0,0.0106,20.0,6396.0,
2021-01-05 09:30:17.021,,0.0123,20.0,0.0106,20.0,6396.0,
2021-01-05 09:30:17.641,,0.0123,20.0,0.0104,20.0,6396.0,
2021-01-05 09:30:18.231,,0.0122,20.0,0.0104,20.0,6396.0,
2021-01-05 09:30:19.251,,0.0122,20.0,0.0103,20.0,6396.0,
2021-01-05 09:30:21.241,,0.0123,20.0,0.0103,20.0,6396.0,
2021-01-05 09:30:21.741,,0.0122,20.0,0.0103,20.0,6396.0,
2021-01-05 09:30:22.240,,0.0123,20.0,0.0104,20.0,6396.0,
2021-01-05 09:30:24.140,,0.0124,20.0,0.0105,20.0,6396.0,
2021-01-05 09:30:27.671,,0.0123,20.0,0.0104,20.0,6396.0,
2021-01-05 09:30:29.150,,0.0124,20.0,0.0104,20.0,6396.0,
2021-01-05 09:30:29.661,,0.0123,20.0,0.0104,20.0,6396.0,
2021-01-05 09:30:31.121,,0.0123,20.0,0.0107,1.0,6396.0,
2021-01-05 09:30:31.661,,0.0123,20.0,0.0107,21.0,6396.0,
2021-01-05 09:30:32.140,,0.0122,20.0,0.0107,21.0,6396.0,
2021-01-05 09:30:36.170,,0.0123,20.0,0.0107,21.0,6396.0,
2021-01-05 09:30:37.171,,0.0122,20.0,0.0107,21.0,6396.0,
2021-01-05 09:30:40.170,,0.0122,20.0,0.0107,21.0,6396.0,
2021-01-05 09:30:40.690,,0.0121,20.0,0.0107,21.0,6396.0,
2021-01-05 09:30:42.671,,0.012,20.0,0.0107,21.0,6396.0,
2021-01-05 09:30:43.681,,0.012,30.0,0.0107,21.0,6396.0,
2021-01-05 09:30:44.181,,0.0119,20.0,0.0107,21.0,6396.0,
2021-01-05 09:30:46.200,,0.0119,20.0,0.0107,1.0,6396.0,
2021-01-05 09:30:46.701,,0.0119,20.0,0.0107,1.0,6396.0,
2021-01-05 09:30:47.691,,0.0118,20.0,0.0107,1.0,6396.0,
2021-01-05 09:30:48.200,,0.0118,30.0,0.0107,1.0,6396.0,
2021-01-05 09:30:49.700,,0.0117,20.0,0.0107,1.0,6396.0,
2021-01-05 09:30:50.171,,0.0117,30.0,0.0107,11.0,6396.0,
2021-01-05 09:30:52.651,,0.0117,30.0,0.0107,11.0,6396.0,
2021-01-05 09:30:53.120,,0.0117,40.0,0.0107,11.0,6396.0,
2021-01-05 09:30:53.660,,0.0117,40.0,0.0107,11.0,6396.0,
2021-01-05 09:30:54.670,,0.0116,20.0,0.0107,11.0,6396.0,
2021-01-05 09:30:55.671,,0.0116,20.0,0.0107,11.0,6396.0,
2021-01-05 09:30:58.140,,0.0116,20.0,0.0107,11.0,6396.0,
2021-01-05 09:30:59.640,,0.0117,40.0,0.0107,11.0,6396.0,
2021-01-05 09:31:00.681,,0.0117,40.0,0.0107,11.0,6396.0,
2021-01-05 09:31:01.140,,0.0117,30.0,0.0107,11.0,6396.0,
2021-01-05 09:31:02.170,,0.0117,10.0,0.0107,11.0,6396.0,
2021-01-05 09:31:02.681,,0.0117,40.0,0.0107,11.0,6396.0,
2021-01-05 09:31:04.181,,0.0117,40.0,0.0107,11.0,6396.0,
2021-01-05 09:31:05.670,,0.0117,40.0,0.0107,11.0,6396.0,
2021-01-05 09:31:06.160,,0.0117,40.0,0.0107,11.0,6396.0,
2021-01-05 09:31:07.190,,0.0116,20.0,0.0107,11.0,6396.0,
2021-01-05 09:31:08.650,,0.0115,20.0,0.0107,11.0,6396.0,
2021-01-05 09:31:09.101,,0.0116,20.0,0.0107,11.0,6396.0,
2021-01-05 09:31:10.200,,0.0115,3.0,0.0107,11.0,6396.0,
2021-01-05 09:31:10.690,,0.0115,23.0,0.0107,11.0,6396.0,
2021-01-05 09:31:11.701,,0.0115,23.0,0.0107,11.0,6396.0,
2021-01-05 09:31:12.190,,0.0115,23.0,0.0107,11.0,6396.0,
2021-01-05 09:31:12.621,,0.0115,23.0,0.0107,11.0,6396.0,
2021-01-05 09:31:13.170,,0.0115,23.0,0.0107,11.0,6396.0,
2021-01-05 09:31:19.150,,0.0115,3.0,0.0107,11.0,6396.0,
2021-01-05 09:31:19.721,,0.0115,23.0,0.0107,11.0,6396.0,
2021-01-05 09:31:20.171,,0.0115,23.0,0.0107,11.0,6396.0,
2021-01-05 09:31:20.701,,0.0115,23.0,0.0107,11.0,6396.0,
2021-01-05 09:31:21.221,,0.0115,23.0,0.0107,11.0,6396.0,
2021-01-05 09:31:23.640,,0.0115,23.0,0.0107,11.0,6396.0,
2021-01-05 09:31:24.161,,0.0115,23.0,0.0108,2.0,6396.0,
2021-01-05 09:31:25.150,,0.0115,23.0,0.0108,2.0,6396.0,
2021-01-05 09:31:25.640,,0.0115,23.0,0.0108,2.0,6396.0,
2021-01-05 09:31:26.141,,0.0111,20.0,0.0108,2.0,6396.0,
2021-01-05 09:31:26.681,,0.0111,40.0,0.0108,2.0,6396.0,
2021-01-05 09:31:27.171,,0.011,3.0,0.0108,2.0,6396.0,
2021-01-05 09:31:27.601,,0.011,23.0,0.0108,2.0,6396.0,
2021-01-05 09:31:29.171,,0.011,23.0,0.0108,2.0,6396.0,
2021-01-05 09:31:30.671,0.0108,0.011,23.0,0.0107,11.0,6396.0,2.0
2021-01-05 09:31:31.150,0.0108,0.011,23.0,0.0107,1.0,6396.0,2.0
2021-01-05 09:31:31.661,0.0108,0.011,23.0,0.0107,1.0,6396.0,2.0
2021-01-05 09:31:33.190,0.0108,0.011,23.0,0.0107,1.0,6396.0,2.0
2021-01-05 09:31:33.380,0.0103,0.011,23.0,0.0103,39.0,6397.0,4.0
2021-01-05 09:31:34.181,0.0103,0.011,23.0,0.0103,40.0,6397.0,4.0
2021-01-05 09:31:35.190,0.0103,0.011,23.0,0.0103,40.0,6397.0,4.0
2021-01-05 09:31:35.670,0.0103,0.011,23.0,0.0103,40.0,6397.0,4.0
2021-01-05 09:31:35.670,0.0103,0.0109,3.0,0.0103,40.0,6397.0,4.0
2021-01-05 09:31:36.690,0.0103,0.0109,23.0,0.0103,40.0,6397.0,4.0
2021-01-05 09:31:37.191,0.0103,0.0108,3.0,0.0104,2.0,6397.0,4.0
2021-01-05 09:31:37.620,0.0103,0.0108,26.0,0.0104,2.0,6397.0,4.0
2021-01-05 09:31:38.690,0.0103,0.0108,3.0,0.0104,2.0,6397.0,4.0
2021-01-05 09:31:39.210,0.0103,0.0108,6.0,0.0104,2.0,6397.0,4.0
2021-01-05 09:31:39.710,0.0103,0.0108,6.0,0.0104,2.0,6397.0,4.0
2021-01-05 09:31:40.200,0.0103,0.0108,6.0,0.0104,2.0,6397.0,4.0
2021-01-05 09:31:40.711,0.0103,0.0108,6.0,0.0104,2.0,6397.0,4.0
2021-01-05 09:31:41.141,0.0103,0.0108,6.0,0.0104,2.0,6397.0,4.0
2021-01-05 09:31:41.691,0.0103,0.0108,23.0,0.0104,2.0,6397.0,4.0
2021-01-05 09:31:42.211,0.0103,0.0108,23.0,0.0104,2.0,6397.0,4.0
2021-01-05 09:31:43.710,0.0103,0.0108,3.0,0.0104,2.0,6397.0,4.0
2021-01-05 09:31:46.171,0.0103,0.0108,23.0,0.0104,2.0,6397.0,4.0
2021-01-05 09:31:47.191,0.0103,0.0108,3.0,0.0104,2.0,6397.0,4.0
2021-01-05 09:31:47.711,0.0103,0.0108,23.0,0.0104,2.0,6397.0,4.0
2021-01-05 09:31:49.221,0.0103,0.0108,23.0,0.0104,2.0,6397.0,4.0
2021-01-05 09:31:49.711,0.0103,0.0108,23.0,0.0104,2.0,6397.0,4.0
2021-01-05 09:31:52.220,0.0103,0.0108,23.0,0.0104,2.0,6397.0,4.0
2021-01-05 09:31:52.621,0.0103,0.0108,23.0,0.0104,2.0,6397.0,4.0
2021-01-05 09:31:53.171,0.0103,0.0108,23.0,0.0104,2.0,6397.0,4.0
2021-01-05 09:31:53.640,0.0103,0.0108,23.0,0.0104,2.0,6397.0,4.0
2021-01-05 09:31:54.151,0.0103,0.0108,23.0,0.0104,2.0,6397.0,4.0
2021-01-05 09:31:54.470,0.0103,0.0108,23.0,0.0104,2.0,6397.0,4.0
2021-01-05 09:31:54.800,0.0103,0.0108,36.0,0.0104,2.0,6397.0,4.0
2021-01-05 09:31:58.640,0.0103,0.0107,13.0,0.0104,2.0,6397.0,4.0
2021-01-05 09:31:59.180,0.0103,0.0107,33.0,0.0104,2.0,6397.0,4.0
2021-01-05 09:31:59.660,0.0103,0.0106,3.0,0.0104,2.0,6397.0,4.0
2021-01-05 09:32:00.150,0.0103,0.0106,3.0,0.0104,2.0,6397.0,4.0
2021-01-05 09:32:00.561,0.0103,0.0106,3.0,0.0104,2.0,6397.0,4.0
2021-01-05 09:32:01.170,0.0103,0.0106,3.0,0.0104,2.0,6397.0,4.0
2021-01-05 09:32:02.171,0.0103,0.0106,3.0,0.0104,2.0,6397.0,4.0
2021-01-05 09:32:02.671,0.0103,0.0106,3.0,0.0104,2.0,6397.0,4.0
2021-01-05 09:32:04.150,0.0103,0.0106,3.0,0.0104,2.0,6397.0,4.0
2021-01-05 09:32:04.661,0.0103,0.0106,3.0,0.0104,2.0,6397.0,4.0
2021-01-05 09:32:05.141,0.0103,0.0106,3.0,0.0104,2.0,6397.0,4.0
2021-01-05 09:32:05.660,0.0103,0.0106,3.0,0.0104,2.0,6397.0,4.0
2021-01-05 09:32:06.161,0.0103,0.0106,3.0,0.0104,2.0,6397.0,4.0
2021-01-05 09:32:06.680,0.0103,0.0106,3.0,0.0104,2.0,6397.0,4.0
2021-01-05 09:32:07.070,0.0103,0.0106,3.0,0.0104,2.0,6397.0,4.0
2021-01-05 09:32:07.671,0.0103,0.0106,3.0,0.0104,2.0,6397.0,4.0
2021-01-05 09:32:08.670,0.0103,0.0106,3.0,0.0104,2.0,6397.0,4.0
2021-01-05 09:32:09.141,0.0103,0.0106,3.0,0.0104,2.0,6397.0,4.0
2021-01-05 09:32:10.161,0.0103,0.0106,3.0,0.0104,2.0,6397.0,4.0
2021-01-05 09:32:10.630,0.0103,0.0106,3.0,0.0104,2.0,6397.0,4.0
2021-01-05 09:32:11.650,0.0103,0.0106,3.0,0.0104,2.0,6397.0,4.0
2021-01-05 09:32:12.161,0.0103,0.0106,3.0,0.0104,2.0,6397.0,4.0
2021-01-05 09:32:13.680,0.0103,0.0106,3.0,0.0104,2.0,6397.0,4.0
2021-01-05 09:32:14.180,0.0103,0.0106,3.0,0.0104,2.0,6397.0,4.0
2021-01-05 09:32:14.560,0.0103,0.0106,3.0,0.0104,2.0,6397.0,4.0
2021-01-05 09:32:15.171,0.0103,0.0106,3.0,0.0104,2.0,6397.0,4.0
2021-01-05 09:32:16.151,0.0103,0.0106,3.0,0.0104,2.0,6397.0,4.0
2021-01-05 09:32:17.161,0.0103,0.0106,3.0,0.0104,2.0,6397.0,4.0
2021-01-05 09:32:18.130,0.0103,0.0105,13.0,0.0104,2.0,6397.0,4.0
2021-01-05 09:32:18.670,0.0103,0.0105,13.0,0.0104,2.0,6397.0,4.0
2021-01-05 09:32:19.150,0.0104,0.0104,1.0,0.0102,13.0,6395.0,6.0
2021-01-05 09:32:19.640,0.0104,0.0104,1.0,0.0102,13.0,6395.0,6.0
2021-01-05 09:32:20.151,0.0104,0.0104,4.0,0.0102,13.0,6395.0,6.0
2021-01-05 09:32:20.671,0.0104,0.0104,4.0,0.0102,13.0,6395.0,6.0
2021-01-05 09:32:21.130,0.0104,0.0104,4.0,0.0102,13.0,6395.0,6.0
2021-01-05 09:32:22.660,0.0104,0.0104,4.0,0.0102,33.0,6395.0,6.0
2021-01-05 09:32:23.180,0.0104,0.0104,4.0,0.0103,33.0,6395.0,6.0
2021-01-05 09:32:23.670,0.0104,0.0104,4.0,0.0103,33.0,6395.0,6.0
2021-01-05 09:32:24.640,0.0104,0.0104,4.0,0.0103,33.0,6395.0,6.0
2021-01-05 09:32:25.670,0.0104,0.0107,36.0,0.0104,13.0,6391.0,10.0
2021-01-05 09:32:26.171,0.0104,0.0107,36.0,0.0102,13.0,6391.0,10.0
2021-01-05 09:32:26.650,0.0104,0.0107,36.0,0.0102,13.0,6391.0,10.0
2021-01-05 09:32:27.151,0.0104,0.0107,23.0,0.0101,13.0,6391.0,10.0
2021-01-05 09:32:28.171,0.0104,0.0107,23.0,0.0101,13.0,6391.0,10.0
2021-01-05 09:32:28.630,0.0104,0.0107,23.0,0.0101,13.0,6391.0,10.0
2021-01-05 09:32:29.180,0.0104,0.0107,23.0,0.0101,13.0,6391.0,10.0
2021-01-05 09:32:30.171,0.0104,0.0107,23.0,0.0101,13.0,6391.0,10.0
2021-01-05 09:32:30.671,0.0104,0.0107,43.0,0.0101,13.0,6391.0,10.0
2021-01-05 09:32:31.151,0.0104,0.0107,56.0,0.0101,13.0,6391.0,10.0
2021-01-05 09:32:31.631,0.0104,0.0107,43.0,0.0101,13.0,6391.0,10.0
2021-01-05 09:32:32.121,0.0104,0.0107,23.0,0.0101,13.0,6391.0,10.0
2021-01-05 09:32:32.690,0.0104,0.0107,23.0,0.0101,33.0,6391.0,10.0
2021-01-05 09:32:33.141,0.0104,0.0107,23.0,0.0102,13.0,6391.0,10.0
2021-01-05 09:32:33.671,0.0104,0.0106,3.0,0.0102,13.0,6391.0,10.0
2021-01-05 09:32:34.171,0.0104,0.0106,3.0,0.0102,13.0,6391.0,10.0
2021-01-05 09:32:34.691,0.0104,0.0106,3.0,0.0102,13.0,6391.0,10.0
2021-01-05 09:32:35.671,0.0104,0.0106,3.0,0.0102,13.0,6391.0,10.0
2021-01-05 09:32:36.190,0.0104,0.0106,3.0,0.0102,33.0,6391.0,10.0
2021-01-05 09:32:36.691,0.0104,0.0106,3.0,0.0103,13.0,6391.0,10.0
2021-01-05 09:32:37.150,0.0104,0.0106,3.0,0.0103,13.0,6391.0,10.0
2021-01-05 09:32:37.661,0.0104,0.0106,3.0,0.0103,13.0,6391.0,10.0
2021-01-05 09:32:38.670,0.0104,0.0106,3.0,0.0103,13.0,6391.0,10.0
2021-01-05 09:32:39.200,0.0104,0.0105,13.0,0.0102,33.0,6391.0,10.0
2021-01-05 09:32:39.630,0.0104,0.0105,13.0,0.0102,33.0,6391.0,10.0
2021-01-05 09:32:40.151,0.0104,0.0104,3.0,0.0102,33.0,6391.0,10.0
2021-01-05 09:32:40.641,0.0104,0.0104,3.0,0.0103,13.0,6391.0,10.0
2021-01-05 09:32:41.200,0.0104,0.0104,3.0,0.0103,13.0,6391.0,10.0
2021-01-05 09:32:41.690,0.0104,0.0104,3.0,0.0102,33.0,6391.0,10.0
2021-01-05 09:32:42.201,0.0104,0.0104,3.0,0.0103,13.0,6391.0,10.0
2021-01-05 09:32:42.700,0.0104,0.0104,3.0,0.0103,13.0,6391.0,10.0
2021-01-05 09:32:43.580,0.0104,0.0104,3.0,0.0103,13.0,6391.0,10.0
2021-01-05 09:32:44.990,0.0104,0.0104,3.0,0.0103,33.0,6391.0,10.0
2021-01-05 09:32:45.580,0.0104,0.0104,3.0,0.0103,33.0,6391.0,10.0
2021-01-05 09:32:46.160,0.0104,0.0104,3.0,0.0103,13.0,6391.0,10.0
2021-01-05 09:32:46.610,0.0104,0.0104,3.0,0.0103,13.0,6391.0,10.0
2021-01-05 09:32:47.201,0.0104,0.0104,3.0,0.0103,13.0,6391.0,10.0
2021-01-05 09:32:47.701,0.0104,0.0104,3.0,0.0103,13.0,6391.0,10.0
2021-01-05 09:32:48.181,0.0104,0.0104,3.0,0.0103,13.0,6391.0,10.0
2021-01-05 09:32:48.550,0.0104,0.0104,3.0,0.0103,13.0,6391.0,10.0
2021-01-05 09:32:49.190,0.0104,0.0104,3.0,0.0103,13.0,6391.0,10.0
2021-01-05 09:32:49.670,0.0104,0.0104,3.0,0.0103,13.0,6391.0,10.0
2021-01-05 09:32:50.171,0.0104,0.0103,3.0,0.0101,13.0,6391.0,10.0
2021-01-05 09:32:50.700,0.0104,0.0103,3.0,0.0101,13.0,6391.0,10.0
2021-01-05 09:32:51.170,0.0104,0.0102,3.0,0.0101,13.0,6391.0,10.0
2021-01-05 09:32:51.701,0.0104,0.0102,3.0,0.0101,13.0,6391.0,10.0
2021-01-05 09:32:52.191,0.0102,0.0105,13.0,0.0102,10.0,6385.0,16.0
2021-01-05 09:32:52.671,0.0102,0.0106,16.0,0.0101,13.0,6385.0,16.0
2021-01-05 09:32:53.161,0.0102,0.0107,26.0,0.0101,13.0,6385.0,16.0
2021-01-05 09:32:53.641,0.0102,0.0107,26.0,0.0101,13.0,6385.0,16.0
2021-01-05 09:32:54.181,0.0102,0.0107,26.0,0.0101,13.0,6385.0,16.0
2021-01-05 09:32:54.671,0.0102,0.0106,13.0,0.0101,13.0,6385.0,16.0
2021-01-05 09:32:55.670,0.0102,0.0107,26.0,0.0101,13.0,6385.0,16.0
2021-01-05 09:32:56.611,0.0102,0.0107,26.0,0.0101,13.0,6385.0,16.0
2021-01-05 09:32:57.130,0.0102,0.0107,13.0,0.0101,13.0,6385.0,16.0
2021-01-05 09:32:57.600,0.0102,0.0107,13.0,0.0101,13.0,6385.0,16.0
2021-01-05 09:32:58.171,0.0102,0.0107,13.0,0.0101,13.0,6385.0,16.0
2021-01-05 09:32:59.170,0.0102,0.0107,13.0,0.0101,13.0,6385.0,16.0
2021-01-05 09:32:59.621,0.0102,0.0107,13.0,0.0101,13.0,6385.0,16.0
2021-01-05 09:33:00.180,0.0102,0.0107,13.0,0.0101,13.0,6385.0,16.0
2021-01-05 09:33:00.651,0.0102,0.0107,13.0,0.0101,13.0,6385.0,16.0
2021-01-05 09:33:01.141,0.0102,0.0107,33.0,0.0101,33.0,6385.0,16.0
2021-01-05 09:33:01.661,0.0102,0.0107,30.0,0.0102,13.0,6385.0,16.0
2021-01-05 09:33:02.130,0.0102,0.0107,43.0,0.0102,33.0,6385.0,16.0
2021-01-05 09:33:02.651,0.0102,0.0107,43.0,0.0103,13.0,6385.0,16.0
2021-01-05 09:33:03.171,0.0102,0.0107,33.0,0.0103,33.0,6385.0,16.0
2021-01-05 09:33:03.681,0.0102,0.0107,20.0,0.0103,20.0,6385.0,16.0
2021-01-05 09:33:03.871,0.0102,0.0107,33.0,0.0104,13.0,6385.0,16.0
2021-01-05 09:33:04.651,0.0102,0.0107,13.0,0.0104,13.0,6385.0,16.0
2021-01-05 09:33:05.181,0.0102,0.0108,16.0,0.0104,13.0,6385.0,16.0
2021-01-05 09:33:05.690,0.0102,0.0107,13.0,0.0104,13.0,6385.0,16.0
2021-01-05 09:33:06.170,0.0102,0.0107,13.0,0.0104,33.0,6385.0,16.0
2021-01-05 09:33:06.681,0.0102,0.0108,16.0,0.0104,20.0,6385.0,16.0
2021-01-05 09:33:07.171,0.0102,0.0109,3.0,0.0104,20.0,6385.0,16.0
2021-01-05 09:33:07.601,0.0102,0.0108,16.0,0.0105,13.0,6385.0,16.0
2021-01-05 09:33:08.191,0.0102,0.0108,3.0,0.0104,13.0,6385.0,16.0
2021-01-05 09:33:08.681,0.0102,0.0108,16.0,0.0104,13.0,6385.0,16.0
2021-01-05 09:33:09.181,0.0102,0.0108,20.0,0.0104,13.0,6385.0,16.0
2021-01-05 09:33:09.630,0.0102,0.0109,36.0,0.0104,13.0,6385.0,16.0
2021-01-05 09:33:10.180,0.0102,0.0109,36.0,0.0104,13.0,6385.0,16.0
2021-01-05 09:33:10.681,0.0102,0.0108,13.0,0.0104,33.0,6385.0,16.0
2021-01-05 09:33:11.180,0.0102,0.0108,13.0,0.0104,33.0,6385.0,16.0
2021-01-05 09:33:12.131,0.0102,0.0108,13.0,0.0104,13.0,6385.0,16.0
2021-01-05 09:33:12.650,0.0102,0.0109,36.0,0.0104,13.0,6385.0,16.0
2021-01-05 09:33:13.100,0.0102,0.0108,20.0,0.0104,13.0,6385.0,16.0
2021-01-05 09:33:13.691,0.0102,0.0109,36.0,0.0104,13.0,6385.0,16.0
2021-01-05 09:33:14.160,0.0102,0.0109,36.0,0.0103,13.0,6385.0,16.0
2021-01-05 09:33:14.650,0.0102,0.0108,13.0,0.0102,33.0,6385.0,16.0
2021-01-05 09:33:15.140,0.0102,0.0108,13.0,0.0103,13.0,6385.0,16.0
2021-01-05 09:33:15.651,0.0102,0.0108,33.0,0.0103,13.0,6385.0,16.0
2021-01-05 09:33:16.181,0.0102,0.0109,33.0,0.0103,33.0,6385.0,16.0
2021-01-05 09:33:16.671,0.0102,0.0108,20.0,0.0104,13.0,6385.0,16.0
2021-01-05 09:33:17.190,0.0102,0.0108,20.0,0.0103,33.0,6385.0,16.0
2021-01-05 09:33:17.691,0.0102,0.0109,33.0,0.0104,13.0,6385.0,16.0
2021-01-05 09:33:18.160,0.0102,0.0109,13.0,0.0104,13.0,6385.0,16.0
2021-01-05 09:33:18.680,0.0102,0.0109,33.0,0.0104,13.0,6385.0,16.0
2021-01-05 09:33:19.191,0.0102,0.011,46.0,0.0104,13.0,6385.0,16.0
2021-01-05 09:33:19.660,0.0102,0.0109,20.0,0.0104,13.0,6385.0,16.0
2021-01-05 09:33:20.171,0.0102,0.0108,3.0,0.0104,13.0,6385.0,16.0
2021-01-05 09:33:20.680,0.0102,0.0108,3.0,0.0104,13.0,6385.0,16.0
2021-01-05 09:33:21.160,0.0102,0.0108,3.0,0.0104,13.0,6385.0,16.0
2021-01-05 09:33:21.681,0.0102,0.0108,3.0,0.0104,13.0,6385.0,16.0
2021-01-05 09:33:22.150,0.0102,0.0108,3.0,0.0104,13.0,6385.0,16.0
2021-01-05 09:33:22.670,0.0102,0.0108,3.0,0.0104,13.0,6385.0,16.0
2021-01-05 09:33:24.171,0.0102,0.0108,3.0,0.0104,13.0,6385.0,16.0
2021-01-05 09:33:24.251,0.0102,0.0108,3.0,0.0104,13.0,6385.0,16.0
2021-01-05 09:33:26.651,0.0102,0.0108,3.0,0.0104,13.0,6385.0,16.0
2021-01-05 09:33:27.171,0.0102,0.0108,3.0,0.0104,13.0,6385.0,16.0
2021-01-05 09:33:27.571,0.0102,0.0108,23.0,0.0104,13.0,6385.0,16.0
2021-01-05 09:33:28.180,0.0102,0.0108,23.0,0.0102,40.0,6385.0,16.0
2021-01-05 09:33:28.630,0.0102,0.0108,23.0,0.0103,13.0,6385.0,16.0
2021-01-05 09:33:29.171,0.0102,0.0108,23.0,0.0103,13.0,6385.0,16.0
2021-01-05 09:33:30.180,0.0102,0.0108,23.0,0.0103,23.0,6385.0,16.0
2021-01-05 09:33:30.670,0.0102,0.0108,23.0,0.0104,13.0,6385.0,16.0
2021-01-05 09:33:31.680,0.0102,0.0108,23.0,0.0104,13.0,6385.0,16.0
2021-01-05 09:33:32.620,0.0102,0.0108,23.0,0.0104,13.0,6385.0,16.0
2021-01-05 09:33:34.070,0.0102,0.0108,23.0,0.0104,13.0,6385.0,16.0
2021-01-05 09:33:35.690,0.0102,0.0108,23.0,0.0104,13.0,6385.0,16.0
2021-01-05 09:33:36.101,0.0102,0.0108,23.0,0.0104,13.0,6385.0,16.0
2021-01-05 09:33:36.681,0.0102,0.0108,23.0,0.0104,10.0,6385.0,16.0
2021-01-05 09:33:37.190,0.0102,0.0108,23.0,0.0105,13.0,6385.0,16.0
2021-01-05 09:33:37.640,0.0102,0.0108,23.0,0.0105,13.0,6385.0,16.0
2021-01-05 09:33:38.120,0.0102,0.0108,23.0,0.0105,13.0,6385.0,16.0
2021-01-05 09:33:39.641,0.0102,0.0108,3.0,0.0105,13.0,6385.0,16.0
2021-01-05 09:33:40.160,0.0102,0.0107,3.0,0.0105,13.0,6385.0,16.0
2021-01-05 09:33:40.690,0.0102,0.0107,3.0,0.0105,13.0,6385.0,16.0
2021-01-05 09:33:41.161,0.0102,0.0106,3.0,0.0105,13.0,6385.0,16.0
2021-01-05 09:33:41.691,0.0106,0.0108,20.0,0.0105,13.0,6385.0,19.0
2021-01-05 09:33:42.160,0.0106,0.0107,3.0,0.0105,13.0,6385.0,19.0
2021-01-05 09:33:42.640,0.0106,0.0107,3.0,0.0105,13.0,6385.0,19.0
2021-01-05 09:33:43.180,0.0106,0.0107,3.0,0.0105,13.0,6385.0,19.0
2021-01-05 09:33:43.681,0.0106,0.0107,3.0,0.0105,13.0,6385.0,19.0
2021-01-05 09:33:44.110,0.0106,0.0107,3.0,0.0105,13.0,6385.0,19.0
2021-01-05 09:33:44.680,0.0106,0.0107,3.0,0.0105,13.0,6385.0,19.0
2021-01-05 09:33:45.180,0.0106,0.0107,3.0,0.0105,13.0,6385.0,19.0
2021-01-05 09:33:45.660,0.0106,0.0107,3.0,0.0105,13.0,6385.0,19.0
2021-01-05 09:33:46.680,0.0106,0.0107,3.0,0.0105,13.0,6385.0,19.0
2021-01-05 09:33:47.191,0.0106,0.0107,3.0,0.0105,13.0,6385.0,19.0
2021-01-05 09:33:47.681,0.0106,0.0107,3.0,0.0105,13.0,6385.0,19.0
2021-01-05 09:33:49.120,0.0106,0.0107,3.0,0.0105,13.0,6385.0,19.0
2021-01-05 09:33:50.670,0.0106,0.0107,3.0,0.0105,13.0,6385.0,19.0
2021-01-05 09:33:51.581,0.0106,0.0107,3.0,0.0105,13.0,6385.0,19.0
2021-01-05 09:33:52.190,0.0106,0.0107,3.0,0.0105,13.0,6385.0,19.0
2021-01-05 09:33:52.661,0.0106,0.0107,3.0,0.0105,13.0,6385.0,19.0
2021-01-05 09:33:52.960,0.0106,0.0107,3.0,0.0105,13.0,6385.0,19.0
2021-01-05 09:33:53.650,0.0106,0.0107,3.0,0.0105,13.0,6385.0,19.0
2021-01-05 09:33:54.180,0.0106,0.0107,3.0,0.0105,13.0,6385.0,19.0
2021-01-05 09:33:54.610,0.0106,0.0107,3.0,0.0105,13.0,6385.0,19.0
2021-01-05 09:33:55.650,0.0106,0.0107,3.0,0.0105,13.0,6385.0,19.0
2021-01-05 09:33:57.171,0.0106,0.0107,3.0,0.0105,13.0,6385.0,19.0
2021-01-05 09:33:57.671,0.0106,0.0107,3.0,0.0105,13.0,6385.0,19.0
2021-01-05 09:33:58.170,0.0106,0.0107,3.0,0.0105,13.0,6385.0,19.0
2021-01-05 09:33:58.670,0.0106,0.0107,3.0,0.0104,13.0,6385.0,19.0
2021-01-05 09:33:59.140,0.0106,0.0107,3.0,0.0104,13.0,6385.0,19.0
2021-01-05 09:33:59.690,0.0106,0.0107,3.0,0.0104,13.0,6385.0,19.0
2021-01-05 09:34:00.191,0.0106,0.0106,3.0,0.0104,13.0,6385.0,19.0
2021-01-05 09:34:00.671,0.0106,0.0106,3.0,0.0103,13.0,6385.0,19.0
2021-01-05 09:34:01.081,0.0106,0.0105,3.0,0.0103,23.0,6385.0,19.0
2021-01-05 09:34:01.661,0.0106,0.0105,3.0,0.0104,13.0,6385.0,19.0
2021-01-05 09:34:02.080,0.0104,0.0105,3.0,0.0103,20.0,6382.0,22.0
2021-01-05 09:34:02.671,0.0104,0.0105,3.0,0.0104,13.0,6382.0,22.0
2021-01-05 09:34:03.171,0.0104,0.0105,3.0,0.0102,30.0,6382.0,22.0
2021-01-05 09:34:03.670,0.0104,0.0105,3.0,0.0103,13.0,6382.0,22.0
2021-01-05 09:34:04.120,0.0104,0.0105,3.0,0.0103,33.0,6382.0,22.0
2021-01-05 09:34:04.671,0.0104,0.0105,3.0,0.0104,13.0,6382.0,22.0
2021-01-05 09:34:05.121,0.0104,0.0105,3.0,0.0103,33.0,6382.0,22.0
2021-01-05 09:34:05.630,0.0104,0.0105,3.0,0.0104,13.0,6382.0,22.0
2021-01-05 09:34:06.191,0.0104,0.0105,3.0,0.0102,40.0,6382.0,22.0
2021-01-05 09:34:06.671,0.0104,0.0105,3.0,0.0103,13.0,6382.0,22.0
2021-01-05 09:34:07.630,0.0104,0.0105,3.0,0.0103,13.0,6382.0,22.0
2021-01-05 09:34:08.171,0.0104,0.0105,23.0,0.0103,13.0,6382.0,22.0
2021-01-05 09:34:08.690,0.0104,0.0105,23.0,0.0103,13.0,6382.0,22.0
2021-01-05 09:34:09.170,0.0104,0.0105,23.0,0.0103,13.0,6382.0,22.0
2021-01-05 09:34:09.670,0.0104,0.0105,23.0,0.0103,13.0,6382.0,22.0
2021-01-05 09:34:10.690,0.0104,0.0105,23.0,0.0103,33.0,6382.0,22.0
2021-01-05 09:34:11.151,0.0104,0.0105,3.0,0.0104,13.0,6382.0,22.0
2021-01-05 09:34:11.681,0.0104,0.0105,3.0,0.0104,13.0,6382.0,22.0
2021-01-05 09:34:12.640,0.0104,0.0105,3.0,0.0104,13.0,6382.0,22.0
2021-01-05 09:34:13.191,0.0104,0.0105,3.0,0.0102,40.0,6382.0,22.0
2021-01-05 09:34:13.521,0.0104,0.0105,3.0,0.0103,33.0,6382.0,22.0
2021-01-05 09:34:14.181,0.0104,0.0105,3.0,0.0104,13.0,6382.0,22.0
2021-01-05 09:34:14.691,0.0104,0.0105,3.0,0.0104,13.0,6382.0,22.0
2021-01-05 09:34:15.181,0.0105,0.0108,20.0,0.0103,20.0,6382.0,25.0
2021-01-05 09:34:15.681,0.0105,0.0107,13.0,0.0104,13.0,6382.0,25.0
2021-01-05 09:34:16.190,0.0105,0.0108,33.0,0.0103,13.0,6382.0,25.0
2021-01-05 09:34:16.630,0.0105,0.0108,50.0,0.0103,13.0,6382.0,25.0
2021-01-05 09:34:17.181,0.0105,0.0108,50.0,0.0103,13.0,6382.0,25.0
2021-01-05 09:34:17.690,0.0105,0.0108,50.0,0.0103,13.0,6382.0,25.0
2021-01-05 09:34:18.201,0.0105,0.0108,50.0,0.0103,13.0,6382.0,25.0
2021-01-05 09:34:19.041,0.0105,0.0108,50.0,0.0103,13.0,6382.0,25.0
2021-01-05 09:34:19.700,0.0105,0.0108,50.0,0.0103,13.0,6382.0,25.0
2021-01-05 09:34:20.180,0.0105,0.0107,3.0,0.0103,13.0,6382.0,25.0
2021-01-05 09:34:20.651,0.0105,0.0107,3.0,0.0103,13.0,6382.0,25.0
2021-01-05 09:34:21.200,0.0105,0.0107,3.0,0.0103,13.0,6382.0,25.0
2021-01-05 09:34:21.690,0.0105,0.0107,23.0,0.0103,13.0,6382.0,25.0
2021-01-05 09:34:22.151,0.0105,0.0107,23.0,0.0103,13.0,6382.0,25.0
2021-01-05 09:34:23.661,0.0105,0.0107,3.0,0.0103,13.0,6382.0,25.0
2021-01-05 09:34:25.171,0.0105,0.0107,3.0,0.0103,13.0,6382.0,25.0
2021-01-05 09:34:26.170,0.0105,0.0107,3.0,0.0103,13.0,6382.0,25.0
2021-01-05 09:34:26.641,0.0105,0.0107,3.0,0.0103,13.0,6382.0,25.0
2021-01-05 09:34:27.150,0.0105,0.0107,3.0,0.0103,13.0,6382.0,25.0
2021-01-05 09:34:28.120,0.0105,0.0107,3.0,0.0103,13.0,6382.0,25.0
2021-01-05 09:34:28.621,0.0105,0.0107,3.0,0.0103,13.0,6382.0,25.0
2021-01-05 09:34:29.171,0.0105,0.0107,3.0,0.0103,13.0,6382.0,25.0
2021-01-05 09:34:31.691,0.0105,0.0107,3.0,0.0103,13.0,6382.0,25.0
2021-01-05 09:34:32.690,0.0105,0.0107,3.0,0.0103,13.0,6382.0,25.0
2021-01-05 09:34:33.090,0.0105,0.0107,3.0,0.0103,13.0,6382.0,25.0
2021-01-05 09:34:33.691,0.0105,0.0107,3.0,0.0103,13.0,6382.0,25.0
2021-01-05 09:34:34.171,0.0105,0.0107,23.0,0.0103,13.0,6382.0,25.0
2021-01-05 09:34:34.640,0.0105,0.0107,23.0,0.0103,13.0,6382.0,25.0
2021-01-05 09:34:35.691,0.0105,0.0107,23.0,0.0103,13.0,6382.0,25.0
2021-01-05 09:34:38.690,0.0105,0.0107,23.0,0.0103,13.0,6382.0,25.0
2021-01-05 09:34:40.190,0.0105,0.0106,3.0,0.0103,13.0,6382.0,25.0
2021-01-05 09:34:40.651,0.0105,0.0106,3.0,0.0103,13.0,6382.0,25.0
2021-01-05 09:34:41.201,0.0105,0.0105,3.0,0.0103,13.0,6382.0,25.0
2021-01-05 09:34:41.700,0.0105,0.0105,3.0,0.0103,13.0,6382.0,25.0
2021-01-05 09:34:42.171,0.0105,0.0104,3.0,0.0103,13.0,6382.0,25.0
2021-01-05 09:34:42.680,0.0105,0.0104,3.0,0.0103,13.0,6382.0,25.0
2021-01-05 09:34:43.191,0.0103,0.0104,3.0,0.0103,10.0,6379.0,28.0
2021-01-05 09:34:43.671,0.0103,0.0104,3.0,0.0103,13.0,6379.0,28.0
2021-01-05 09:34:45.721,0.0103,0.0104,3.0,0.0103,13.0,6379.0,28.0
2021-01-05 09:34:46.660,0.0103,0.0104,3.0,0.0103,13.0,6379.0,28.0
2021-01-05 09:34:47.181,0.0103,0.0104,3.0,0.0103,13.0,6379.0,28.0
2021-01-05 09:34:47.701,0.0103,0.0104,3.0,0.0103,13.0,6379.0,28.0
2021-01-05 09:34:48.141,0.0103,0.0104,3.0,0.0103,13.0,6379.0,28.0
2021-01-05 09:34:48.700,0.0103,0.0104,3.0,0.0103,13.0,6379.0,28.0
2021-01-05 09:34:49.210,0.0103,0.0104,3.0,0.0103,13.0,6379.0,28.0
2021-01-05 09:34:49.701,0.0103,0.0104,3.0,0.0103,13.0,6379.0,28.0
2021-01-05 09:34:50.161,0.0103,0.0104,3.0,0.0103,13.0,6379.0,28.0
2021-01-05 09:34:51.200,0.0103,0.0104,3.0,0.0103,13.0,6379.0,28.0
2021-01-05 09:34:51.701,0.0104,0.0107,20.0,0.0103,13.0,6379.0,31.0
2021-01-05 09:34:52.101,0.0104,0.0108,33.0,0.0103,13.0,6379.0,31.0
2021-01-05 09:34:52.650,0.0104,0.0108,33.0,0.0103,13.0,6379.0,31.0
2021-01-05 09:34:53.180,0.0104,0.0107,13.0,0.0103,13.0,6379.0,31.0
2021-01-05 09:34:53.651,0.0104,0.0107,20.0,0.0103,13.0,6379.0,31.0
2021-01-05 09:34:54.170,0.0104,0.0108,33.0,0.0103,13.0,6379.0,31.0
2021-01-05 09:34:55.161,0.0104,0.0108,33.0,0.0103,13.0,6379.0,31.0
2021-01-05 09:34:55.520,0.0104,0.0108,43.0,0.0103,13.0,6379.0,31.0
2021-01-05 09:34:56.141,0.0104,0.0108,30.0,0.0103,13.0,6379.0,31.0
2021-01-05 09:34:56.681,0.0104,0.0106,20.0,0.0102,23.0,6379.0,31.0
2021-01-05 09:34:57.130,0.0104,0.0106,20.0,0.0103,13.0,6379.0,31.0
2021-01-05 09:34:57.670,0.0104,0.0106,20.0,0.0103,13.0,6379.0,31.0
2021-01-05 09:34:58.160,0.0104,0.0106,20.0,0.0103,13.0,6379.0,31.0
2021-01-05 09:35:00.640,0.0104,0.0106,20.0,0.0103,13.0,6379.0,31.0
2021-01-05 09:35:01.070,0.0104,0.0106,33.0,0.0103,13.0,6379.0,31.0
2021-01-05 09:35:01.620,0.0104,0.0106,20.0,0.0103,13.0,6379.0,31.0
2021-01-05 09:35:02.680,0.0104,0.0106,20.0,0.0103,13.0,6379.0,31.0
2021-01-05 09:35:04.181,0.0104,0.0106,13.0,0.0103,13.0,6379.0,31.0
2021-01-05 09:35:05.180,0.0104,0.0108,20.0,0.0103,13.0,6379.0,31.0
2021-01-05 09:35:05.671,0.0104,0.0108,13.0,0.0103,13.0,6379.0,31.0
2021-01-05 09:35:06.180,0.0104,0.0109,43.0,0.0103,13.0,6379.0,31.0
2021-01-05 09:35:06.680,0.0104,0.0108,10.0,0.0103,13.0,6379.0,31.0
2021-01-05 09:35:06.820,0.0104,0.0108,20.0,0.0103,13.0,6379.0,31.0
2021-01-05 09:35:07.650,0.0104,0.0107,10.0,0.0103,13.0,6379.0,31.0
2021-01-05 09:35:08.190,0.0104,0.0107,30.0,0.0103,13.0,6379.0,31.0
2021-01-05 09:35:08.661,0.0104,0.0107,30.0,0.0103,13.0,6379.0,31.0
2021-01-05 09:35:10.691,0.0104,0.0107,43.0,0.0103,13.0,6379.0,31.0
2021-01-05 09:35:11.131,0.0104,0.0106,33.0,0.0103,13.0,6379.0,31.0
2021-01-05 09:35:11.671,0.0104,0.0106,53.0,0.0103,13.0,6379.0,31.0
2021-01-05 09:35:12.101,0.0104,0.0106,40.0,0.0103,13.0,6379.0,31.0
2021-01-05 09:35:12.691,0.0104,0.0106,53.0,0.0103,13.0,6379.0,31.0
2021-01-05 09:35:13.160,0.0104,0.0106,40.0,0.0103,13.0,6379.0,31.0
2021-01-05 09:35:13.640,0.0104,0.0106,20.0,0.0103,13.0,6379.0,31.0
2021-01-05 09:35:14.191,0.0104,0.0106,33.0,0.0103,13.0,6379.0,31.0
2021-01-05 09:35:14.700,0.0104,0.0106,13.0,0.0103,23.0,6379.0,31.0
2021-01-05 09:35:15.200,0.0104,0.0109,30.0,0.0103,10.0,6379.0,31.0
2021-01-05 09:35:15.701,0.0104,0.0107,20.0,0.0103,10.0,6379.0,31.0
2021-01-05 09:35:16.151,0.0104,0.0106,13.0,0.0103,13.0,6379.0,31.0
2021-01-05 09:35:16.660,0.0104,0.0107,20.0,0.0103,13.0,6379.0,31.0
2021-01-05 09:35:17.190,0.0104,0.0107,10.0,0.0103,13.0,6379.0,31.0
2021-01-05 09:35:18.681,0.0104,0.0107,10.0,0.0103,13.0,6379.0,31.0
2021-01-05 09:35:19.180,0.0104,0.0107,10.0,0.0103,23.0,6379.0,31.0
2021-01-05 09:35:19.641,0.0104,0.0108,20.0,0.0104,13.0,6379.0,31.0
2021-01-05 09:35:20.120,0.0104,0.0108,10.0,0.0104,13.0,6379.0,31.0
2021-01-05 09:35:20.681,0.0104,0.0108,30.0,0.0104,13.0,6379.0,31.0
2021-01-05 09:35:21.180,0.0104,0.0108,20.0,0.0104,13.0,6379.0,31.0
2021-01-05 09:35:21.620,0.0104,0.0109,43.0,0.0104,13.0,6379.0,31.0
2021-01-05 09:35:22.171,0.0104,0.0108,10.0,0.0103,13.0,6379.0,31.0
2021-01-05 09:35:22.650,0.0104,0.0108,10.0,0.0103,13.0,6379.0,31.0
2021-01-05 09:35:23.151,0.0104,0.0108,30.0,0.0103,13.0,6379.0,31.0
2021-01-05 09:35:23.680,0.0104,0.0108,30.0,0.0103,13.0,6379.0,31.0
2021-01-05 09:35:25.660,0.0104,0.0108,30.0,0.0103,13.0,6379.0,31.0
2021-01-05 09:35:26.160,0.0104,0.0108,30.0,0.0103,23.0,6379.0,31.0
2021-01-05 09:35:26.651,0.0104,0.0108,30.0,0.0104,13.0,6379.0,31.0
2021-01-05 09:35:27.130,0.0104,0.0107,13.0,0.0104,13.0,6379.0,31.0
2021-01-05 09:35:27.641,0.0104,0.0108,33.0,0.0104,13.0,6379.0,31.0
2021-01-05 09:35:29.160,0.0104,0.0107,13.0,0.0104,13.0,6379.0,31.0
2021-01-05 09:35:30.121,0.0104,0.0107,33.0,0.0104,13.0,6379.0,31.0
2021-01-05 09:35:31.170,0.0104,0.0107,20.0,0.0104,13.0,6379.0,31.0
2021-01-05 09:35:31.700,0.0104,0.0107,20.0,0.0104,13.0,6379.0,31.0
2021-01-05 09:35:32.150,0.0104,0.0108,33.0,0.0104,13.0,6379.0,31.0
2021-01-05 09:35:32.630,0.0104,0.0108,43.0,0.0104,13.0,6379.0,31.0
2021-01-05 09:35:33.191,0.0104,0.0107,13.0,0.0104,13.0,6379.0,31.0
2021-01-05 09:35:34.190,0.0104,0.0107,33.0,0.0104,13.0,6379.0,31.0
2021-01-05 09:35:34.691,0.0104,0.0107,30.0,0.0104,13.0,6379.0,31.0
2021-01-05 09:35:35.200,0.0104,0.0106,20.0,0.0104,13.0,6379.0,31.0
2021-01-05 09:35:35.600,0.0104,0.0106,20.0,0.0104,13.0,6379.0,31.0
2021-01-05 09:35:36.161,0.0104,0.0106,40.0,0.0104,13.0,6379.0,31.0
2021-01-05 09:35:36.601,0.0104,0.0106,40.0,0.0103,13.0,6379.0,31.0
2021-01-05 09:35:37.171,0.0104,0.0106,40.0,0.0103,23.0,6379.0,31.0
2021-01-05 09:35:37.640,0.0104,0.0106,53.0,0.0103,23.0,6379.0,31.0
2021-01-05 09:35:38.190,0.0104,0.0106,40.0,0.0104,13.0,6379.0,31.0
2021-01-05 09:35:38.670,0.0104,0.0106,40.0,0.0104,13.0,6379.0,31.0
2021-01-05 09:35:39.140,0.0104,0.0106,40.0,0.0104,13.0,6379.0,31.0
2021-01-05 09:35:39.690,0.0104,0.0106,53.0,0.0103,23.0,6379.0,31.0
2021-01-05 09:35:40.191,0.0104,0.0106,20.0,0.0104,13.0,6379.0,31.0
2021-01-05 09:35:40.691,0.0104,0.0107,33.0,0.0104,13.0,6379.0,31.0
2021-01-05 09:35:41.190,0.0104,0.0107,33.0,0.0104,13.0,6379.0,31.0
2021-01-05 09:35:43.190,0.0104,0.0106,13.0,0.0103,23.0,6379.0,31.0
2021-01-05 09:35:43.661,0.0104,0.0107,20.0,0.0104,13.0,6379.0,31.0
2021-01-05 09:35:44.101,0.0104,0.0108,20.0,0.0103,10.0,6379.0,31.0
2021-01-05 09:35:44.681,0.0104,0.0107,23.0,0.0103,10.0,6379.0,31.0
2021-01-05 09:35:45.071,0.0104,0.0106,13.0,0.0103,13.0,6379.0,31.0
2021-01-05 09:35:45.440,0.0104,0.0106,33.0,0.0103,13.0,6379.0,31.0
2021-01-05 09:35:46.170,0.0104,0.0106,33.0,0.0103,13.0,6379.0,31.0
2021-01-05 09:35:46.700,0.0104,0.0105,13.0,0.0102,23.0,6379.0,31.0
2021-01-05 09:35:47.201,0.0104,0.0105,33.0,0.0102,33.0,6379.0,31.0
2021-01-05 09:35:48.181,0.0104,0.0105,33.0,0.0102,33.0,6379.0,31.0
2021-01-05 09:35:48.181,0.0104,0.0105,33.0,0.0102,33.0,6379.0,31.0
2021-01-05 09:35:51.180,0.0104,0.0105,20.0,0.0103,13.0,6379.0,31.0
2021-01-05 09:35:51.710,0.0104,0.0106,33.0,0.0103,13.0,6379.0,31.0
2021-01-05 09:35:52.190,0.0104,0.0106,33.0,0.0103,13.0,6379.0,31.0
2021-01-05 09:35:52.671,0.0104,0.0106,33.0,0.0103,13.0,6379.0,31.0
2021-01-05 09:35:53.111,0.0104,0.0106,33.0,0.0103,13.0,6379.0,31.0
2021-01-05 09:35:54.161,0.0104,0.0106,33.0,0.0103,13.0,6379.0,31.0
2021-01-05 09:35:55.181,0.0104,0.0107,33.0,0.0103,23.0,6379.0,31.0
2021-01-05 09:35:55.691,0.0104,0.0106,13.0,0.0103,23.0,6379.0,31.0
2021-01-05 09:35:56.140,0.0104,0.0106,13.0,0.0103,10.0,6379.0,31.0
2021-01-05 09:35:56.690,0.0104,0.0106,33.0,0.0103,23.0,6379.0,31.0
2021-01-05 09:35:57.681,0.0104,0.0106,33.0,0.0103,23.0,6379.0,31.0
2021-01-05 09:35:58.701,0.0104,0.0106,33.0,0.0103,13.0,6379.0,31.0
2021-01-05 09:36:00.201,0.0104,0.0106,33.0,0.0103,13.0,6379.0,31.0
2021-01-05 09:36:01.671,0.0104,0.0106,33.0,0.0103,13.0,6379.0,31.0
2021-01-05 09:36:03.150,0.0104,0.0106,33.0,0.0103,13.0,6379.0,31.0
2021-01-05 09:36:03.700,0.0104,0.0105,13.0,0.0102,23.0,6379.0,31.0
2021-01-05 09:36:04.201,0.0104,0.0105,13.0,0.0102,33.0,6379.0,31.0
2021-01-05 09:36:04.670,0.0104,0.0105,13.0,0.0102,33.0,6379.0,31.0
2021-01-05 09:36:05.590,0.0104,0.0106,33.0,0.0103,13.0,6379.0,31.0
2021-01-05 09:36:06.180,0.0104,0.0105,13.0,0.0102,33.0,6379.0,31.0
2021-01-05 09:36:06.700,0.0104,0.0106,33.0,0.0103,13.0,6379.0,31.0
2021-01-05 09:36:07.181,0.0104,0.0105,13.0,0.0102,33.0,6379.0,31.0
2021-01-05 09:36:07.640,0.0104,0.0105,13.0,0.0102,33.0,6379.0,31.0
2021-01-05 09:36:09.161,0.0104,0.0105,13.0,0.0102,33.0,6379.0,31.0
2021-01-05 09:36:09.691,0.0104,0.0106,33.0,0.0103,13.0,6379.0,31.0
2021-01-05 09:36:10.101,0.0104,0.0105,13.0,0.0102,33.0,6379.0,31.0
2021-01-05 09:36:10.671,0.0104,0.0106,33.0,0.0103,13.0,6379.0,31.0
2021-01-05 09:36:11.180,0.0104,0.0106,33.0,0.0103,13.0,6379.0,31.0
2021-01-05 09:36:11.651,0.0104,0.0106,33.0,0.0103,13.0,6379.0,31.0
2021-01-05 09:36:12.690,0.0104,0.0106,33.0,0.0103,13.0,6379.0,31.0
2021-01-05 09:36:13.680,0.0104,0.0105,13.0,0.0102,33.0,6379.0,31.0
2021-01-05 09:36:14.150,0.0104,0.0106,33.0,0.0103,13.0,6379.0,31.0
2021-01-05 09:36:14.611,0.0104,0.0105,13.0,0.0102,33.0,6379.0,31.0
2021-01-05 09:36:15.170,0.0104,0.0105,13.0,0.0102,33.0,6379.0,31.0
2021-01-05 09:36:18.680,0.0104,0.0105,13.0,0.0102,33.0,6379.0,31.0
2021-01-05 09:36:19.151,0.0104,0.0105,13.0,0.0102,33.0,6379.0,31.0
2021-01-05 09:36:19.691,0.0104,0.0106,33.0,0.0103,13.0,6379.0,31.0
2021-01-05 09:36:20.161,0.0104,0.0105,13.0,0.0102,33.0,6379.0,31.0
2021-01-05 09:36:20.680,0.0104,0.0106,33.0,0.0103,13.0,6379.0,31.0
2021-01-05 09:36:21.091,0.0104,0.0106,33.0,0.0103,13.0,6379.0,31.0
2021-01-05 09:36:21.691,0.0104,0.0105,13.0,0.0102,33.0,6379.0,31.0
2021-01-05 09:36:22.171,0.0104,0.0105,13.0,0.0102,33.0,6379.0,31.0
2021-01-05 09:36:22.680,0.0104,0.0105,13.0,0.0102,33.0,6379.0,31.0
2021-01-05 09:36:23.681,0.0104,0.0105,13.0,0.0102,33.0,6379.0,31.0
2021-01-05 09:36:25.650,0.0104,0.0105,13.0,0.0102,33.0,6379.0,31.0
2021-01-05 09:36:26.651,0.0104,0.0105,33.0,0.0102,20.0,6379.0,31.0
2021-01-05 09:36:27.160,0.0104,0.0105,33.0,0.0102,33.0,6379.0,31.0
2021-01-05 09:36:28.120,0.0104,0.0105,33.0,0.0102,23.0,6379.0,31.0
2021-01-05 09:36:29.171,0.0104,0.0104,13.0,0.0102,10.0,6379.0,31.0
2021-01-05 09:36:30.161,0.0104,0.0104,33.0,0.0102,10.0,6379.0,31.0
2021-01-05 09:36:30.700,0.0104,0.0104,13.0,0.0102,10.0,6379.0,31.0
2021-01-05 09:36:33.200,0.0104,0.0105,20.0,0.0102,10.0,6379.0,31.0
2021-01-05 09:36:33.670,0.0104,0.0104,13.0,0.0102,10.0,6379.0,31.0
2021-01-05 09:36:34.091,0.0104,0.0104,13.0,0.0102,10.0,6379.0,31.0
2021-01-05 09:36:35.150,0.0104,0.0105,33.0,0.0102,23.0,6379.0,31.0
2021-01-05 09:36:35.701,0.0104,0.0104,13.0,0.0102,10.0,6379.0,31.0
2021-01-05 09:36:36.191,0.0104,0.0105,20.0,0.0102,10.0,6379.0,31.0
2021-01-05 09:36:36.700,0.0104,0.0105,13.0,0.0102,23.0,6379.0,31.0
2021-01-05 09:36:37.190,0.0104,0.0107,13.0,0.0102,10.0,6379.0,31.0
2021-01-05 09:36:37.691,0.0104,0.0105,20.0,0.0102,10.0,6379.0,31.0
2021-01-05 09:36:37.970,0.0104,0.0104,13.0,0.0102,10.0,6379.0,31.0
2021-01-05 09:36:38.640,0.0104,0.0106,33.0,0.0102,10.0,6379.0,31.0
2021-01-05 09:36:39.090,0.0104,0.0105,13.0,0.0102,10.0,6379.0,31.0
2021-01-05 09:36:39.660,0.0104,0.0105,13.0,0.0102,10.0,6379.0,31.0
2021-01-05 09:36:40.191,0.0104,0.0105,33.0,0.0102,10.0,6379.0,31.0
2021-01-05 09:36:40.700,0.0104,0.0104,13.0,0.0102,10.0,6379.0,31.0
2021-01-05 09:36:41.201,0.0104,0.0104,13.0,0.0102,10.0,6379.0,31.0
2021-01-05 09:36:41.641,0.0104,0.0105,20.0,0.0102,10.0,6379.0,31.0
2021-01-05 09:36:42.200,0.0104,0.0104,13.0,0.0102,10.0,6379.0,31.0
2021-01-05 09:36:42.690,0.0104,0.0105,13.0,0.0102,23.0,6379.0,31.0
2021-01-05 09:36:43.180,0.0104,0.0105,20.0,0.0102,10.0,6379.0,31.0
2021-01-05 09:36:43.700,0.0104,0.0108,43.0,0.0102,10.0,6379.0,31.0
2021-01-05 09:36:44.200,0.0104,0.0105,20.0,0.0102,10.0,6379.0,31.0
2021-01-05 09:36:44.680,0.0104,0.0105,23.0,0.0102,23.0,6379.0,31.0
2021-01-05 09:36:45.191,0.0104,0.0104,13.0,0.0102,10.0,6379.0,31.0
2021-01-05 09:36:45.631,0.0104,0.0104,13.0,0.0102,10.0,6379.0,31.0
2021-01-05 09:36:46.190,0.0104,0.0104,33.0,0.0102,10.0,6379.0,31.0
2021-01-05 09:36:46.651,0.0104,0.0104,13.0,0.0102,10.0,6379.0,31.0
2021-01-05 09:36:47.130,0.0104,0.0107,13.0,0.0102,10.0,6379.0,31.0
2021-01-05 09:36:47.660,0.0104,0.0105,20.0,0.0102,10.0,6379.0,31.0
2021-01-05 09:36:48.130,0.0104,0.0104,13.0,0.0102,10.0,6379.0,31.0
2021-01-05 09:36:48.630,0.0104,0.0105,53.0,0.0102,23.0,6379.0,31.0
2021-01-05 09:36:49.181,0.0104,0.0104,20.0,0.0102,23.0,6379.0,31.0
2021-01-05 09:36:49.700,0.0104,0.0105,53.0,0.0102,23.0,6379.0,31.0
2021-01-05 09:36:50.201,0.0104,0.0104,13.0,0.0102,10.0,6379.0,31.0
2021-01-05 09:36:50.670,0.0104,0.0104,13.0,0.0102,10.0,6379.0,31.0
2021-01-05 09:36:51.671,0.0104,0.0104,13.0,0.0102,10.0,6379.0,31.0
2021-01-05 09:36:52.180,0.0104,0.0104,33.0,0.0102,10.0,6379.0,31.0
2021-01-05 09:36:52.670,0.0104,0.0104,20.0,0.0102,23.0,6379.0,31.0
2021-01-05 09:36:53.191,0.0104,0.0104,13.0,0.0102,10.0,6379.0,31.0
2021-01-05 09:36:54.180,0.0104,0.0104,33.0,0.0102,10.0,6379.0,31.0
2021-01-05 09:36:54.631,0.0104,0.0104,33.0,0.0102,10.0,6379.0,31.0
2021-01-05 09:36:55.171,0.0104,0.0104,20.0,0.0102,10.0,6379.0,31.0
2021-01-05 09:36:55.651,0.0104,0.0104,20.0,0.0102,23.0,6379.0,31.0
2021-01-05 09:36:56.141,0.0104,0.0105,53.0,0.0102,23.0,6379.0,31.0
2021-01-05 09:36:56.691,0.0104,0.0105,63.0,0.0102,23.0,6379.0,31.0
2021-01-05 09:36:57.171,0.0104,0.0105,50.0,0.0103,13.0,6379.0,31.0
2021-01-05 09:36:57.601,0.0104,0.0105,30.0,0.0103,13.0,6379.0,31.0
2021-01-05 09:36:58.160,0.0104,0.0105,43.0,0.0102,23.0,6379.0,31.0
2021-01-05 09:36:58.610,0.0104,0.0105,30.0,0.0103,13.0,6379.0,31.0
2021-01-05 09:36:59.181,0.0103,0.0105,30.0,0.0102,10.0,6379.0,44.0
2021-01-05 09:36:59.690,0.0103,0.0105,43.0,0.0102,23.0,6379.0,44.0
2021-01-05 09:37:01.640,0.0103,0.0105,43.0,0.0102,23.0,6379.0,44.0
2021-01-05 09:37:03.151,0.0103,0.0105,33.0,0.0102,23.0,6379.0,44.0
2021-01-05 09:37:04.200,0.0103,0.0105,13.0,0.0102,23.0,6379.0,44.0
2021-01-05 09:37:08.630,0.0103,0.0105,33.0,0.0102,23.0,6379.0,44.0
2021-01-05 09:37:09.170,0.0103,0.0105,43.0,0.0102,23.0,6379.0,44.0
2021-01-05 09:37:10.140,0.0103,0.0105,10.0,0.0102,10.0,6379.0,44.0
2021-01-05 09:37:10.701,0.0103,0.0105,13.0,0.0102,23.0,6379.0,44.0
2021-01-05 09:37:11.201,0.0103,0.0105,13.0,0.0102,10.0,6379.0,44.0
2021-01-05 09:37:11.700,0.0103,0.0105,13.0,0.0102,23.0,6379.0,44.0
2021-01-05 09:37:14.171,0.0103,0.0105,33.0,0.0102,23.0,6379.0,44.0
2021-01-05 09:37:14.701,0.0103,0.0105,43.0,0.0102,23.0,6379.0,44.0
2021-01-05 09:37:19.131,0.0103,0.0104,13.0,0.0102,10.0,6379.0,44.0
2021-01-05 09:37:19.711,0.0103,0.0105,33.0,0.0102,23.0,6379.0,44.0
2021-01-05 09:37:20.211,0.0103,0.0104,20.0,0.0102,23.0,6379.0,44.0
2021-01-05 09:37:20.691,0.0103,0.0105,33.0,0.0102,23.0,6379.0,44.0
2021-01-05 09:37:21.200,0.0103,0.0105,43.0,0.0102,23.0,6379.0,44.0
2021-01-05 09:37:21.701,0.0103,0.0104,13.0,0.0102,10.0,6379.0,44.0
2021-01-05 09:37:22.030,0.0103,0.0104,13.0,0.0102,10.0,6379.0,44.0
2021-01-05 09:37:23.150,0.0103,0.0104,13.0,0.0102,10.0,6379.0,44.0
2021-01-05 09:37:24.631,0.0103,0.0105,33.0,0.0102,23.0,6379.0,44.0
2021-01-05 09:37:25.200,0.0103,0.0104,13.0,0.0102,10.0,6379.0,44.0
2021-01-05 09:37:25.670,0.0103,0.0104,13.0,0.0102,10.0,6379.0,44.0
2021-01-05 09:37:26.170,0.0103,0.0104,33.0,0.0102,10.0,6379.0,44.0
2021-01-05 09:37:28.151,0.0103,0.0104,20.0,0.0102,23.0,6379.0,44.0
2021-01-05 09:37:28.560,0.0103,0.0104,20.0,0.0102,23.0,6379.0,44.0
2021-01-05 09:37:29.130,0.0103,0.0105,33.0,0.0102,23.0,6379.0,44.0
2021-01-05 09:37:29.691,0.0103,0.0105,43.0,0.0102,23.0,6379.0,44.0
2021-01-05 09:37:30.650,0.0103,0.0104,13.0,0.0102,10.0,6379.0,44.0
2021-01-05 09:37:31.190,0.0103,0.0105,33.0,0.0102,23.0,6379.0,44.0
2021-01-05 09:37:31.691,0.0103,0.0105,43.0,0.0102,23.0,6379.0,44.0
2021-01-05 09:37:33.180,0.0103,0.0105,43.0,0.0102,23.0,6379.0,44.0
2021-01-05 09:37:34.500,0.0103,0.0104,13.0,0.0102,10.0,6379.0,44.0
2021-01-05 09:37:35.170,0.0103,0.0104,13.0,0.0102,10.0,6379.0,44.0
2021-01-05 09:37:35.650,0.0103,0.0104,13.0,0.0102,10.0,6379.0,44.0
2021-01-05 09:37:36.200,0.0103,0.0107,13.0,0.0102,10.0,6379.0,44.0
2021-01-05 09:37:36.671,0.0103,0.0106,10.0,0.0102,10.0,6379.0,44.0
2021-01-05 09:37:37.180,0.0103,0.0105,13.0,0.0102,10.0,6379.0,44.0
2021-01-05 09:37:37.691,0.0103,0.0105,13.0,0.0102,10.0,6379.0,44.0
2021-01-05 09:37:38.161,0.0103,0.0105,23.0,0.0102,10.0,6379.0,44.0
2021-01-05 09:37:38.651,0.0103,0.0105,43.0,0.0102,23.0,6379.0,44.0
2021-01-05 09:37:39.170,0.0103,0.0105,23.0,0.0102,23.0,6379.0,44.0
2021-01-05 09:37:39.700,0.0103,0.0105,43.0,0.0102,23.0,6379.0,44.0
2021-01-05 09:37:40.161,0.0103,0.0105,23.0,0.0102,23.0,6379.0,44.0
2021-01-05 09:37:42.691,0.0103,0.0104,13.0,0.0102,10.0,6379.0,44.0
2021-01-05 09:37:43.181,0.0103,0.0105,13.0,0.0102,23.0,6379.0,44.0
2021-01-05 09:37:43.640,0.0103,0.0105,23.0,0.0102,23.0,6379.0,44.0
2021-01-05 09:37:44.190,0.0103,0.0105,10.0,0.0103,13.0,6379.0,44.0
2021-01-05 09:37:44.651,0.0103,0.0105,23.0,0.0102,23.0,6379.0,44.0
2021-01-05 09:37:45.191,0.0103,0.0105,10.0,0.0102,10.0,6379.0,44.0
2021-01-05 09:37:45.650,0.0103,0.0104,13.0,0.0102,10.0,6379.0,44.0
2021-01-05 09:37:46.161,0.0103,0.0104,13.0,0.0102,10.0,6379.0,44.0
2021-01-05 09:37:46.601,0.0103,0.0106,20.0,0.0102,10.0,6379.0,44.0
2021-01-05 09:37:47.210,0.0103,0.0105,23.0,0.0102,10.0,6379.0,44.0
2021-01-05 09:37:47.661,0.0103,0.0104,13.0,0.0102,10.0,6379.0,44.0
2021-01-05 09:37:48.201,0.0103,0.0104,13.0,0.0102,10.0,6379.0,44.0
2021-01-05 09:37:48.700,0.0103,0.0104,23.0,0.0102,10.0,6379.0,44.0
2021-01-05 09:37:49.670,0.0103,0.0103,13.0,0.0102,10.0,6379.0,44.0
2021-01-05 09:37:50.220,0.0103,0.0103,13.0,0.0102,10.0,6379.0,44.0
2021-01-05 09:37:50.721,0.0103,0.0104,13.0,0.0102,10.0,6379.0,44.0
2021-01-05 09:37:51.100,0.0103,0.0104,23.0,0.0102,10.0,6379.0,44.0
2021-01-05 09:37:51.691,0.0103,0.0104,30.0,0.0102,10.0,6379.0,44.0
2021-01-05 09:37:52.191,0.0103,0.0103,13.0,0.0102,10.0,6379.0,44.0
2021-01-05 09:37:52.660,0.0103,0.0103,13.0,0.0102,10.0,6379.0,44.0
2021-01-05 09:37:54.170,0.0103,0.0104,33.0,0.0102,10.0,6379.0,44.0
2021-01-05 09:37:54.640,0.0103,0.0103,13.0,0.0102,10.0,6379.0,44.0
2021-01-05 09:37:55.190,0.0103,0.0103,13.0,0.0102,10.0,6379.0,44.0
2021-01-05 09:37:56.121,0.0103,0.0103,13.0,0.0102,10.0,6379.0,44.0
2021-01-05 09:37:56.611,0.0103,0.0104,33.0,0.0102,10.0,6379.0,44.0
2021-01-05 09:37:57.170,0.0103,0.0103,13.0,0.0102,10.0,6379.0,44.0
2021-01-05 09:37:57.601,0.0103,0.0104,13.0,0.0102,10.0,6379.0,44.0
2021-01-05 09:37:58.141,0.0103,0.0104,23.0,0.0102,10.0,6379.0,44.0
2021-01-05 09:37:58.640,0.0103,0.0104,43.0,0.0102,10.0,6379.0,44.0
2021-01-05 09:37:59.161,0.0103,0.0104,43.0,0.0102,10.0,6379.0,44.0
2021-01-05 09:38:00.680,0.0103,0.0104,63.0,0.0102,10.0,6379.0,44.0
2021-01-05 09:38:01.681,0.0103,0.0103,13.0,0.0102,10.0,6379.0,44.0
2021-01-05 09:38:02.181,0.0103,0.0103,33.0,0.0102,10.0,6379.0,44.0
2021-01-05 09:38:02.680,0.0103,0.0103,20.0,0.0102,10.0,6379.0,44.0
2021-01-05 09:38:03.191,0.0103,0.0103,20.0,0.0102,10.0,6379.0,44.0
2021-01-05 09:38:03.691,0.0103,0.0104,53.0,0.0102,10.0,6379.0,44.0
2021-01-05 09:38:04.090,0.0102,0.0103,13.0,0.0101,1.0,6389.0,54.0
2021-01-05 09:38:04.680,0.0102,0.0103,33.0,0.0101,1.0,6389.0,54.0
2021-01-05 09:38:05.181,0.0102,0.0103,20.0,0.0101,14.0,6389.0,54.0
2021-01-05 09:38:05.681,0.0102,0.0103,20.0,0.0102,13.0,6389.0,54.0
2021-01-05 09:38:06.151,0.0102,0.0104,40.0,0.0102,13.0,6389.0,67.0
2021-01-05 09:38:06.691,0.0102,0.0103,13.0,0.0101,1.0,6389.0,79.0
2021-01-05 09:38:07.200,0.0102,0.0103,33.0,0.0101,1.0,6389.0,79.0
2021-01-05 09:38:07.590,0.0102,0.0103,43.0,0.0101,1.0,6389.0,79.0
2021-01-05 09:38:09.160,0.0102,0.0103,43.0,0.0101,1.0,6389.0,79.0
2021-01-05 09:38:10.180,0.0102,0.0103,43.0,0.0101,1.0,6389.0,79.0
2021-01-05 09:38:10.670,0.0101,0.0103,43.0,0.01,13.0,6390.0,80.0
2021-01-05 09:38:11.141,0.0101,0.0103,43.0,0.01,13.0,6390.0,80.0
2021-01-05 09:38:11.701,0.0101,0.0103,30.0,0.0099,13.0,6390.0,80.0
2021-01-05 09:38:12.191,0.0101,0.0103,10.0,0.0099,23.0,6390.0,80.0
2021-01-05 09:38:12.531,0.0101,0.0102,13.0,0.0099,23.0,6390.0,80.0
2021-01-05 09:38:13.110,0.0101,0.0102,13.0,0.0099,23.0,6390.0,80.0
2021-01-05 09:38:13.690,0.0101,0.0103,33.0,0.0099,10.0,6390.0,80.0
2021-01-05 09:38:14.141,0.0101,0.0102,33.0,0.0099,10.0,6390.0,80.0
2021-01-05 09:38:14.691,0.0101,0.0102,13.0,0.0099,23.0,6390.0,80.0
2021-01-05 09:38:15.150,0.0101,0.0102,13.0,0.0099,23.0,6390.0,80.0
2021-01-05 09:38:15.730,0.0101,0.0102,20.0,0.0099,10.0,6390.0,80.0
2021-01-05 09:38:16.210,0.0101,0.0102,33.0,0.0099,23.0,6390.0,80.0
2021-01-05 09:38:16.731,0.0101,0.0102,13.0,0.0099,23.0,6390.0,80.0
2021-01-05 09:38:17.190,0.0101,0.0103,13.0,0.0099,10.0,6390.0,80.0
2021-01-05 09:38:17.701,0.0101,0.0103,10.0,0.0098,10.0,6390.0,80.0
2021-01-05 09:38:18.231,0.0101,0.0102,13.0,0.0098,10.0,6390.0,80.0
2021-01-05 09:38:18.660,0.0101,0.0102,13.0,0.0098,10.0,6390.0,80.0
2021-01-05 09:38:19.190,0.0101,0.0102,33.0,0.0098,10.0,6390.0,80.0
2021-01-05 09:38:19.670,0.0101,0.0101,13.0,0.0098,10.0,6390.0,80.0
2021-01-05 09:38:20.231,0.0101,0.0101,13.0,0.0098,10.0,6390.0,80.0
2021-01-05 09:38:20.671,0.0101,0.0101,13.0,0.0098,10.0,6390.0,80.0
2021-01-05 09:38:21.240,0.0101,0.0101,13.0,0.0098,10.0,6390.0,80.0
2021-01-05 09:38:21.670,0.0101,0.0101,33.0,0.0098,10.0,6390.0,80.0
2021-01-05 09:38:22.210,0.0101,0.01,13.0,0.0098,10.0,6390.0,80.0
2021-01-05 09:38:22.661,0.0101,0.0101,20.0,0.0098,10.0,6390.0,80.0
2021-01-05 09:38:23.201,0.0101,0.0101,13.0,0.0098,23.0,6390.0,80.0
2021-01-05 09:38:23.681,0.0101,0.0102,13.0,0.0098,10.0,6390.0,80.0
2021-01-05 09:38:24.141,0.0101,0.0101,20.0,0.0097,10.0,6390.0,80.0
2021-01-05 09:38:24.671,0.0101,0.01,13.0,0.0097,33.0,6390.0,80.0
2021-01-05 09:38:25.101,0.0101,0.01,33.0,0.0097,33.0,6390.0,80.0
2021-01-05 09:38:25.700,0.0101,0.01,20.0,0.0098,13.0,6390.0,80.0
2021-01-05 09:38:26.100,0.0101,0.01,13.0,0.0097,33.0,6390.0,80.0
2021-01-05 09:38:26.701,0.0101,0.0101,33.0,0.0098,13.0,6390.0,80.0
2021-01-05 09:38:27.151,0.0101,0.0101,43.0,0.0098,13.0,6390.0,80.0
2021-01-05 09:38:27.691,0.0101,0.01,13.0,0.0097,33.0,6390.0,80.0
2021-01-05 09:38:28.171,0.0101,0.01,33.0,0.0097,33.0,6390.0,80.0
2021-01-05 09:38:28.680,0.0101,0.01,33.0,0.0097,33.0,6390.0,80.0
2021-01-05 09:38:29.110,0.0101,0.01,33.0,0.0097,33.0,6390.0,80.0
2021-01-05 09:38:31.141,0.0101,0.0099,1.0,0.0097,33.0,6390.0,80.0
2021-01-05 09:38:32.171,0.0101,0.0099,21.0,0.0097,33.0,6390.0,80.0
2021-01-05 09:38:32.701,0.0101,0.0099,21.0,0.0097,33.0,6390.0,80.0
2021-01-05 09:38:33.191,0.0101,0.0099,34.0,0.0097,10.0,6390.0,80.0
2021-01-05 09:38:33.700,0.0101,0.0099,21.0,0.0097,23.0,6390.0,80.0
2021-01-05 09:38:34.201,0.0101,0.0099,21.0,0.0097,10.0,6390.0,80.0
2021-01-05 09:38:34.701,0.0101,0.0099,34.0,0.0097,10.0,6390.0,80.0
2021-01-05 09:38:37.131,0.0101,0.0099,34.0,0.0097,10.0,6390.0,80.0
2021-01-05 09:38:37.680,0.0101,0.0098,2.0,0.0097,10.0,6390.0,80.0
2021-01-05 09:38:38.161,0.0101,0.0098,22.0,0.0097,10.0,6390.0,80.0
2021-01-05 09:38:38.660,0.0101,0.0098,22.0,0.0097,10.0,6390.0,80.0
2021-01-05 09:38:38.900,0.0097,0.0098,22.0,0.0096,13.0,6400.0,90.0
2021-01-05 09:38:39.651,0.0097,0.0098,22.0,0.0095,13.0,6400.0,90.0
2021-01-05 09:38:40.201,0.0097,0.0098,22.0,0.0095,13.0,6400.0,90.0
2021-01-05 09:38:40.670,0.0097,0.0098,22.0,0.0094,13.0,6400.0,90.0
2021-01-05 09:38:41.190,0.0097,0.0098,2.0,0.0094,23.0,6400.0,90.0
2021-01-05 09:38:41.640,0.0097,0.0098,2.0,0.0095,13.0,6400.0,90.0
2021-01-05 09:38:42.191,0.0097,0.0098,2.0,0.0095,13.0,6400.0,90.0
2021-01-05 09:38:43.190,0.0097,0.0098,2.0,0.0095,13.0,6400.0,90.0
2021-01-05 09:38:43.701,0.0097,0.0098,2.0,0.0095,10.0,6400.0,90.0
2021-01-05 09:38:44.200,0.0097,0.0098,2.0,0.0096,13.0,6400.0,90.0
2021-01-05 09:38:44.690,0.0097,0.0098,2.0,0.0096,13.0,6400.0,90.0
2021-01-05 09:38:45.180,0.0097,0.0097,1.0,0.0095,23.0,6400.0,90.0
2021-01-05 09:38:45.580,0.0097,0.0097,1.0,0.0096,13.0,6400.0,90.0
2021-01-05 09:38:46.200,0.0097,0.0097,1.0,0.0096,13.0,6400.0,90.0
2021-01-05 09:38:48.200,0.0097,0.0097,1.0,0.0096,13.0,6400.0,90.0
2021-01-05 09:38:48.650,0.0097,0.0097,1.0,0.0096,13.0,6400.0,90.0
2021-01-05 09:38:49.670,0.0097,0.0097,1.0,0.0096,13.0,6400.0,90.0
2021-01-05 09:38:50.110,0.0097,0.0097,1.0,0.0096,13.0,6400.0,90.0
2021-01-05 09:38:50.651,0.0097,0.0097,1.0,0.0096,13.0,6400.0,90.0
2021-01-05 09:38:51.170,0.0097,0.0097,1.0,0.0096,13.0,6400.0,90.0
2021-01-05 09:38:51.691,0.0097,0.0097,1.0,0.0096,13.0,6400.0,90.0
2021-01-05 09:38:52.150,0.0097,0.0097,1.0,0.0096,13.0,6400.0,90.0
2021-01-05 09:38:52.671,0.0097,0.0097,1.0,0.0096,13.0,6400.0,90.0
2021-01-05 09:38:52.951,0.0097,0.0099,33.0,0.0096,13.0,6400.0,90.0
2021-01-05 09:38:53.620,0.0097,0.0098,13.0,0.0095,23.0,6400.0,90.0
2021-01-05 09:38:54.200,0.0097,0.0098,13.0,0.0095,23.0,6400.0,90.0
2021-01-05 09:38:54.690,0.0097,0.0098,13.0,0.0095,23.0,6400.0,90.0
2021-01-05 09:38:56.190,0.0095,0.0098,33.0,0.0095,22.0,6400.0,91.0
2021-01-05 09:38:56.661,0.0095,0.0098,13.0,0.0095,22.0,6400.0,91.0
2021-01-05 09:38:57.200,0.0095,0.0098,13.0,0.0095,22.0,6400.0,91.0
2021-01-05 09:38:57.640,0.0095,0.0098,13.0,0.0095,9.0,6400.0,91.0
2021-01-05 09:38:58.161,0.0095,0.0098,13.0,0.0095,22.0,6400.0,91.0
2021-01-05 09:38:59.060,0.0095,0.0098,13.0,0.0095,22.0,6400.0,91.0
2021-01-05 09:39:00.140,0.0095,0.0098,13.0,0.0095,22.0,6400.0,91.0
2021-01-05 09:39:00.660,0.0095,0.0098,13.0,0.0095,22.0,6400.0,91.0
2021-01-05 09:39:02.660,0.0095,0.0098,13.0,0.0095,22.0,6400.0,91.0
2021-01-05 09:39:03.150,0.0095,0.0098,13.0,0.0095,18.0,6400.0,95.0
2021-01-05 09:39:04.161,0.0095,0.0098,13.0,0.0095,18.0,6400.0,95.0
2021-01-05 09:39:04.610,0.0095,0.0099,13.0,0.0095,18.0,6400.0,95.0
2021-01-05 09:39:05.211,0.0095,0.0099,23.0,0.0095,18.0,6400.0,95.0
2021-01-05 09:39:05.701,0.0095,0.0099,23.0,0.0096,13.0,6400.0,95.0
2021-01-05 09:39:06.191,0.0095,0.0099,43.0,0.0096,13.0,6400.0,95.0
2021-01-05 09:39:06.650,0.0095,0.0099,30.0,0.0095,5.0,6400.0,95.0
2021-01-05 09:39:07.200,0.0095,0.0099,30.0,0.0095,5.0,6400.0,95.0
2021-01-05 09:39:07.680,0.0095,0.0099,30.0,0.0096,13.0,6400.0,95.0
2021-01-05 09:39:08.131,0.0095,0.0099,30.0,0.0096,13.0,6400.0,95.0
2021-01-05 09:39:11.201,0.0095,0.0099,30.0,0.0096,13.0,6400.0,95.0
2021-01-05 09:39:11.701,0.0095,0.0099,43.0,0.0096,13.0,6400.0,95.0
2021-01-05 09:39:12.220,0.0095,0.0099,30.0,0.0095,5.0,6400.0,95.0
2021-01-05 09:39:12.690,0.0095,0.0098,13.0,0.0095,18.0,6400.0,95.0
2021-01-05 09:39:13.170,0.0095,0.0098,13.0,0.0095,18.0,6400.0,95.0
2021-01-05 09:39:13.720,0.0095,0.0099,33.0,0.0096,13.0,6400.0,95.0
2021-01-05 09:39:14.160,0.0095,0.0098,13.0,0.0095,18.0,6400.0,95.0
2021-01-05 09:39:15.220,0.0095,0.0098,33.0,0.0095,18.0,6400.0,95.0
2021-01-05 09:39:15.720,0.0095,0.0098,13.0,0.0095,18.0,6400.0,95.0
2021-01-05 09:39:16.121,0.0095,0.0098,20.0,0.0095,5.0,6400.0,95.0
2021-01-05 09:39:16.711,0.0095,0.0098,13.0,0.0095,18.0,6400.0,95.0
2021-01-05 09:39:17.151,0.0095,0.0101,53.0,0.0095,5.0,6400.0,95.0
2021-01-05 09:39:17.650,0.0095,0.01,23.0,0.0095,5.0,6400.0,95.0
2021-01-05 09:39:18.221,0.0095,0.0099,13.0,0.0095,18.0,6400.0,95.0
2021-01-05 09:39:18.671,0.0095,0.0099,13.0,0.0095,18.0,6400.0,95.0
2021-01-05 09:39:19.710,0.0095,0.0099,30.0,0.0095,5.0,6400.0,95.0
2021-01-05 09:39:20.221,0.0095,0.0099,33.0,0.0096,13.0,6400.0,95.0
2021-01-05 09:39:20.741,0.0095,0.0099,30.0,0.0094,13.0,6400.0,95.0
2021-01-05 09:39:21.231,0.0095,0.0099,30.0,0.0095,10.0,6400.0,95.0
2021-01-05 09:39:21.671,0.0095,0.0098,13.0,0.0095,23.0,6400.0,95.0
2021-01-05 09:39:22.211,0.0095,0.0098,13.0,0.0095,23.0,6400.0,95.0
2021-01-05 09:39:22.651,0.0095,0.0098,33.0,0.0095,23.0,6400.0,95.0
2021-01-05 09:39:30.220,0.0095,0.0098,13.0,0.0095,23.0,6400.0,95.0
2021-01-05 09:39:31.121,0.0095,0.0098,13.0,0.0095,23.0,6400.0,95.0
2021-01-05 09:39:31.701,0.0095,0.0098,13.0,0.0095,23.0,6400.0,95.0
2021-01-05 09:39:32.700,0.0095,0.0098,33.0,0.0095,13.0,6400.0,95.0
2021-01-05 09:39:33.180,0.0095,0.0098,30.0,0.0094,20.0,6400.0,95.0
2021-01-05 09:39:33.530,0.0095,0.0098,30.0,0.0095,13.0,6400.0,95.0
2021-01-05 09:39:34.210,0.0095,0.0098,20.0,0.0095,13.0,6400.0,95.0
2021-01-05 09:39:34.681,0.0095,0.0098,13.0,0.0095,23.0,6400.0,95.0
2021-01-05 09:39:35.701,0.0095,0.0098,13.0,0.0095,23.0,6400.0,95.0
2021-01-05 09:39:37.221,0.0095,0.0099,33.0,0.0096,13.0,6400.0,95.0
2021-01-05 09:39:37.730,0.0095,0.0098,13.0,0.0095,23.0,6400.0,95.0
2021-01-05 09:39:38.221,0.0095,0.0098,13.0,0.0095,23.0,6400.0,95.0
2021-01-05 09:39:41.220,0.0095,0.0098,13.0,0.0095,23.0,6400.0,95.0
2021-01-05 09:39:41.750,0.0095,0.0098,13.0,0.0095,23.0,6400.0,95.0
2021-01-05 09:39:42.210,0.0095,0.01,20.0,0.0095,23.0,6400.0,95.0
2021-01-05 09:39:42.740,0.0095,0.0099,23.0,0.0095,23.0,6400.0,95.0
2021-01-05 09:39:43.191,0.0095,0.0098,13.0,0.0095,23.0,6400.0,95.0
2021-01-05 09:39:43.570,0.0095,0.0098,13.0,0.0095,23.0,6400.0,95.0
2021-01-05 09:39:44.231,0.0095,0.0099,13.0,0.0095,23.0,6400.0,95.0
2021-01-05 09:39:44.680,0.0095,0.0099,23.0,0.0095,10.0,6400.0,95.0
2021-01-05 09:39:45.251,0.0095,0.0099,10.0,0.0095,23.0,6400.0,95.0
2021-01-05 09:39:45.750,0.0095,0.0098,13.0,0.0095,23.0,6400.0,95.0
2021-01-05 09:39:46.190,0.0095,0.0098,13.0,0.0095,23.0,6400.0,95.0
2021-01-05 09:39:46.711,0.0095,0.0099,33.0,0.0095,10.0,6400.0,95.0
2021-01-05 09:39:47.250,0.0095,0.0098,13.0,0.0095,23.0,6400.0,95.0
2021-01-05 09:39:47.731,0.0095,0.0098,13.0,0.0095,23.0,6400.0,95.0
2021-01-05 09:39:48.221,0.0095,0.01,20.0,0.0095,23.0,6400.0,95.0
2021-01-05 09:39:48.720,0.0095,0.0099,43.0,0.0095,10.0,6400.0,95.0
2021-01-05 09:39:49.241,0.0095,0.0098,13.0,0.0095,23.0,6400.0,95.0
2021-01-05 09:39:49.531,0.0095,0.0098,13.0,0.0095,23.0,6400.0,95.0
2021-01-05 09:39:50.710,0.0095,0.0098,13.0,0.0095,23.0,6400.0,95.0
2021-01-05 09:39:51.241,0.0095,0.0098,23.0,0.0094,13.0,6400.0,95.0
2021-01-05 09:39:51.730,0.0095,0.0098,10.0,0.0094,23.0,6400.0,95.0
2021-01-05 09:39:52.251,0.0095,0.0098,43.0,0.0095,13.0,6400.0,95.0
2021-01-05 09:39:52.670,0.0095,0.0098,13.0,0.0095,13.0,6400.0,95.0
2021-01-05 09:39:53.181,0.0095,0.0099,13.0,0.0095,10.0,6400.0,95.0
2021-01-05 09:39:53.630,0.0095,0.0099,43.0,0.0095,10.0,6400.0,95.0
2021-01-05 09:39:54.191,0.0095,0.0099,30.0,0.0095,10.0,6400.0,95.0
2021-01-05 09:39:54.691,0.0095,0.0098,13.0,0.0095,10.0,6400.0,95.0
2021-01-05 09:39:55.181,0.0095,0.0098,33.0,0.0094,13.0,6400.0,95.0
2021-01-05 09:39:55.640,0.0095,0.0098,30.0,0.0094,23.0,6400.0,95.0
2021-01-05 09:39:56.120,0.0095,0.0097,13.0,0.0094,23.0,6400.0,95.0
2021-01-05 09:39:56.691,0.0095,0.0097,13.0,0.0094,23.0,6400.0,95.0
2021-01-05 09:39:57.181,0.0095,0.0098,13.0,0.0095,13.0,6400.0,95.0
2021-01-05 09:39:57.580,0.0095,0.0099,33.0,0.0095,10.0,6400.0,95.0
2021-01-05 09:39:58.170,0.0095,0.0098,13.0,0.0095,10.0,6400.0,95.0
2021-01-05 09:39:58.600,0.0095,0.0098,13.0,0.0095,10.0,6400.0,95.0
2021-01-05 09:39:59.670,0.0095,0.0098,13.0,0.0095,23.0,6400.0,95.0
2021-01-05 09:40:01.570,0.0095,0.0098,13.0,0.0095,23.0,6400.0,95.0
2021-01-05 09:40:02.141,0.0095,0.01,30.0,0.0095,10.0,6400.0,95.0
2021-01-05 09:40:02.671,0.0095,0.0099,15.0,0.0095,10.0,6400.0,95.0
2021-01-05 09:40:03.171,0.0095,0.0099,25.0,0.0095,10.0,6400.0,95.0
2021-01-05 09:40:03.691,0.0095,0.0098,15.0,0.0095,10.0,6400.0,95.0
2021-01-05 09:40:04.160,0.0095,0.0098,15.0,0.0095,10.0,6400.0,95.0
2021-01-05 09:40:04.700,0.0095,0.0099,35.0,0.0095,10.0,6400.0,95.0
2021-01-05 09:40:05.170,0.0095,0.0098,15.0,0.0095,10.0,6400.0,95.0
2021-01-05 09:40:05.701,0.0095,0.0098,15.0,0.0095,10.0,6400.0,95.0
2021-01-05 09:40:06.200,0.0095,0.0099,15.0,0.0095,10.0,6400.0,95.0
2021-01-05 09:40:06.701,0.0095,0.0099,45.0,0.0095,10.0,6400.0,95.0
2021-01-05 09:40:07.191,0.0095,0.0098,15.0,0.0095,10.0,6400.0,95.0
2021-01-05 09:40:07.700,0.0095,0.0098,15.0,0.0095,25.0,6400.0,95.0
2021-01-05 09:40:08.200,0.0095,0.0098,15.0,0.0095,25.0,6400.0,95.0
2021-01-05 09:40:08.690,0.0095,0.0098,15.0,0.0095,25.0,6400.0,95.0
2021-01-05 09:40:09.170,0.0095,0.0098,15.0,0.0095,10.0,6400.0,95.0
2021-01-05 09:40:10.680,0.0095,0.0098,15.0,0.0095,25.0,6400.0,95.0
2021-01-05 09:40:12.680,0.0095,0.0098,15.0,0.0095,25.0,6400.0,95.0
2021-01-05 09:40:13.170,0.0095,0.0099,15.0,0.0095,25.0,6400.0,95.0
2021-01-05 09:40:13.700,0.0095,0.0099,45.0,0.0095,25.0,6400.0,95.0
2021-01-05 09:40:14.150,0.0095,0.0098,15.0,0.0095,35.0,6400.0,95.0
2021-01-05 09:40:14.701,0.0095,0.0098,15.0,0.0095,45.0,6400.0,95.0
2021-01-05 09:40:15.690,0.0095,0.0099,35.0,0.0096,15.0,6400.0,95.0
2021-01-05 09:40:16.140,0.0095,0.0099,45.0,0.0096,15.0,6400.0,95.0
2021-01-05 09:40:17.661,0.0095,0.0099,30.0,0.0096,15.0,6400.0,95.0
2021-01-05 09:40:18.161,0.0095,0.0099,45.0,0.0096,15.0,6400.0,95.0
2021-01-05 09:40:19.190,0.0095,0.0099,30.0,0.0096,15.0,6400.0,95.0
2021-01-05 09:40:19.711,0.0095,0.0099,20.0,0.0096,15.0,6400.0,95.0
2021-01-05 09:40:20.191,0.0095,0.0098,10.0,0.0096,15.0,6400.0,95.0
2021-01-05 09:40:20.691,0.0095,0.01,45.0,0.0096,15.0,6400.0,95.0
2021-01-05 09:40:21.200,0.0095,0.0098,20.0,0.0096,15.0,6400.0,95.0
2021-01-05 09:40:21.701,0.0095,0.0099,15.0,0.0096,15.0,6400.0,95.0
2021-01-05 09:40:22.210,0.0095,0.0099,10.0,0.0096,15.0,6400.0,95.0
2021-01-05 09:40:22.591,0.0095,0.0099,30.0,0.0096,15.0,6400.0,95.0
2021-01-05 09:40:23.200,0.0095,0.0099,25.0,0.0096,15.0,6400.0,95.0
2021-01-05 09:40:23.701,0.0095,0.0099,45.0,0.0096,15.0,6400.0,95.0
2021-01-05 09:40:24.681,0.0095,0.0099,30.0,0.0096,15.0,6400.0,95.0
2021-01-05 09:40:25.570,0.0095,0.0099,45.0,0.0096,15.0,6400.0,95.0
2021-01-05 09:40:26.181,0.0095,0.0099,30.0,0.0096,15.0,6400.0,95.0
2021-01-05 09:40:27.140,0.0095,0.0098,15.0,0.0095,35.0,6400.0,95.0
2021-01-05 09:40:27.701,0.0095,0.0098,15.0,0.0095,25.0,6400.0,95.0
2021-01-05 09:40:28.110,0.0095,0.0098,35.0,0.0095,25.0,6400.0,95.0
2021-01-05 09:40:28.690,0.0095,0.0098,15.0,0.0095,25.0,6400.0,95.0
2021-01-05 09:40:29.170,0.0095,0.0098,35.0,0.0095,25.0,6400.0,95.0
2021-01-05 09:40:30.160,0.0095,0.0097,15.0,0.0095,10.0,6400.0,95.0
2021-01-05 09:40:30.700,0.0095,0.0098,35.0,0.0095,25.0,6400.0,95.0
2021-01-05 09:40:32.611,0.0095,0.0098,35.0,0.0095,25.0,6400.0,95.0
2021-01-05 09:40:33.161,0.0095,0.0098,20.0,0.0096,15.0,6400.0,95.0
2021-01-05 09:40:33.551,0.0095,0.0099,40.0,0.0096,10.0,6400.0,95.0
2021-01-05 09:40:34.171,0.0095,0.0099,65.0,0.0096,25.0,6400.0,95.0
2021-01-05 09:40:34.601,0.0095,0.0098,15.0,0.0096,10.0,6400.0,95.0
2021-01-05 09:40:35.201,0.0095,0.0099,55.0,0.0096,25.0,6400.0,95.0
2021-01-05 09:40:35.681,0.0095,0.0099,65.0,0.0096,25.0,6400.0,95.0
2021-01-05 09:40:36.040,0.0095,0.0098,15.0,0.0096,10.0,6400.0,95.0
2021-01-05 09:40:36.620,0.0095,0.0098,15.0,0.0095,15.0,6400.0,95.0
2021-01-05 09:40:37.201,0.0095,0.0098,20.0,0.0095,25.0,6400.0,95.0
2021-01-05 09:40:37.700,0.0095,0.0098,15.0,0.0095,25.0,6400.0,95.0
2021-01-05 09:40:38.130,0.0095,0.0099,55.0,0.0096,15.0,6400.0,95.0
2021-01-05 09:40:38.651,0.0095,0.0098,20.0,0.0096,15.0,6400.0,95.0
2021-01-05 09:40:39.041,0.0095,0.0099,55.0,0.0096,15.0,6400.0,95.0
2021-01-05 09:40:39.681,0.0095,0.0099,50.0,0.0096,10.0,6400.0,95.0
2021-01-05 09:40:40.151,0.0095,0.0099,65.0,0.0096,25.0,6400.0,95.0
2021-01-05 09:40:41.191,0.0095,0.0099,55.0,0.0096,25.0,6400.0,95.0
2021-01-05 09:40:41.640,0.0095,0.0099,55.0,0.0096,25.0,6400.0,95.0
2021-01-05 09:40:42.180,0.0095,0.0099,55.0,0.0096,25.0,6400.0,95.0
2021-01-05 09:40:43.191,0.0095,0.0099,40.0,0.0096,10.0,6400.0,95.0
2021-01-05 09:40:43.621,0.0095,0.0099,40.0,0.0096,10.0,6400.0,95.0
2021-01-05 09:40:44.161,0.0095,0.0098,15.0,0.0096,10.0,6400.0,95.0
2021-01-05 09:40:46.161,0.0095,0.0099,55.0,0.0096,25.0,6400.0,95.0
2021-01-05 09:40:48.700,0.0095,0.0099,35.0,0.0096,25.0,6400.0,95.0
2021-01-05 09:40:53.651,0.0095,0.0099,20.0,0.0097,15.0,6400.0,95.0
2021-01-05 09:40:54.141,0.0095,0.0099,35.0,0.0096,25.0,6400.0,95.0
2021-01-05 09:40:54.661,0.0095,0.0099,15.0,0.0096,25.0,6400.0,95.0
2021-01-05 09:40:55.111,0.0095,0.0099,15.0,0.0096,25.0,6400.0,95.0
2021-01-05 09:40:55.681,0.0095,0.0099,20.0,0.0096,10.0,6400.0,95.0
2021-01-05 09:40:56.121,0.0095,0.0099,25.0,0.0096,25.0,6400.0,95.0
2021-01-05 09:40:56.600,0.0095,0.0099,25.0,0.0096,15.0,6400.0,95.0
2021-01-05 09:40:57.180,0.0095,0.0099,30.0,0.0094,10.0,6400.0,95.0
2021-01-05 09:40:57.710,0.0095,0.0099,30.0,0.0095,15.0,6400.0,95.0
2021-01-05 09:40:58.200,0.0095,0.0099,30.0,0.0096,10.0,6400.0,95.0
2021-01-05 09:40:58.721,0.0095,0.0099,45.0,0.0096,25.0,6400.0,95.0
2021-01-05 09:41:01.650,0.0095,0.0099,45.0,0.0096,25.0,6400.0,95.0
2021-01-05 09:41:02.190,0.0095,0.0099,45.0,0.0096,25.0,6400.0,95.0
2021-01-05 09:41:04.180,0.0095,0.0099,45.0,0.0096,15.0,6400.0,95.0
2021-01-05 09:41:04.680,0.0095,0.0099,30.0,0.0095,15.0,6400.0,95.0
2021-01-05 09:41:05.220,0.0095,0.0099,30.0,0.0095,25.0,6400.0,95.0
2021-01-05 09:41:05.660,0.0095,0.0099,30.0,0.0096,15.0,6400.0,95.0
2021-01-05 09:41:06.221,0.0095,0.0099,45.0,0.0096,15.0,6400.0,95.0
2021-01-05 09:41:07.100,0.0095,0.0099,30.0,0.0096,15.0,6400.0,95.0
2021-01-05 09:41:07.631,0.0095,0.0099,45.0,0.0096,15.0,6400.0,95.0
2021-01-05 09:41:11.210,0.0095,0.0099,30.0,0.0096,15.0,6400.0,95.0
2021-01-05 09:41:11.711,0.0095,0.0099,30.0,0.0095,10.0,6400.0,95.0
2021-01-05 09:41:12.710,0.0095,0.0099,45.0,0.0096,15.0,6400.0,95.0
2021-01-05 09:41:13.701,0.0095,0.0099,45.0,0.0096,15.0,6400.0,95.0
2021-01-05 09:41:14.160,0.0095,0.0099,30.0,0.0094,10.0,6400.0,95.0
2021-01-05 09:41:14.671,0.0095,0.0099,10.0,0.0095,15.0,6400.0,95.0
2021-01-05 09:41:15.180,0.0095,0.0099,10.0,0.0096,10.0,6400.0,95.0
2021-01-05 09:41:15.651,0.0095,0.0099,25.0,0.0096,25.0,6400.0,95.0
2021-01-05 09:41:16.210,0.0095,0.0099,25.0,0.0096,25.0,6400.0,95.0
2021-01-05 09:41:16.500,0.0095,0.0099,25.0,0.0096,25.0,6400.0,95.0
2021-01-05 09:41:17.670,0.0095,0.0099,25.0,0.0096,15.0,6400.0,95.0
2021-01-05 09:41:18.200,0.0095,0.0099,10.0,0.0094,10.0,6400.0,95.0
2021-01-05 09:41:18.600,0.0095,0.0099,10.0,0.0095,15.0,6400.0,95.0
2021-01-05 09:41:19.051,0.0095,0.0099,10.0,0.0095,25.0,6400.0,95.0
2021-01-05 09:41:19.601,0.0095,0.0099,25.0,0.0096,15.0,6400.0,95.0
2021-01-05 09:41:20.070,0.0095,0.0099,25.0,0.0096,15.0,6400.0,95.0
2021-01-05 09:41:20.721,0.0095,0.0099,10.0,0.0096,10.0,6400.0,95.0
2021-01-05 09:41:21.190,0.0095,0.0099,25.0,0.0096,25.0,6400.0,95.0
2021-01-05 09:41:22.190,0.0095,0.0099,25.0,0.0096,15.0,6400.0,95.0
2021-01-05 09:41:22.700,0.0095,0.0099,10.0,0.0095,15.0,6400.0,95.0
2021-01-05 09:41:23.061,0.0095,0.0099,10.0,0.0095,25.0,6400.0,95.0
2021-01-05 09:41:24.171,0.0095,0.0099,10.0,0.0096,10.0,6400.0,95.0
2021-01-05 09:41:24.651,0.0095,0.0099,45.0,0.0096,25.0,6400.0,95.0
2021-01-05 09:41:25.120,0.0095,0.0099,25.0,0.0096,25.0,6400.0,95.0
2021-01-05 09:41:25.641,0.0095,0.0099,45.0,0.0096,15.0,6400.0,95.0
2021-01-05 09:41:26.190,0.0095,0.0099,45.0,0.0095,15.0,6400.0,95.0
2021-01-05 09:41:26.670,0.0095,0.0099,45.0,0.0095,25.0,6400.0,95.0
2021-01-05 09:41:27.131,0.0095,0.0098,15.0,0.0095,25.0,6400.0,95.0
2021-01-05 09:41:27.710,0.0095,0.0098,15.0,0.0095,25.0,6400.0,95.0
2021-01-05 09:41:28.171,0.0095,0.0098,35.0,0.0095,25.0,6400.0,95.0
2021-01-05 09:41:29.690,0.0095,0.0098,20.0,0.0096,15.0,6400.0,95.0
2021-01-05 09:41:30.240,0.0095,0.0098,15.0,0.0095,25.0,6400.0,95.0
2021-01-05 09:41:31.181,0.0095,0.0099,35.0,0.0096,15.0,6400.0,95.0
2021-01-05 09:41:31.700,0.0095,0.0099,45.0,0.0096,15.0,6400.0,95.0
2021-01-05 09:41:32.670,0.0095,0.0099,45.0,0.0096,15.0,6400.0,95.0
2021-01-05 09:41:33.171,0.0095,0.0098,15.0,0.0095,25.0,6400.0,95.0
2021-01-05 09:41:33.680,0.0095,0.0099,35.0,0.0096,15.0,6400.0,95.0
2021-01-05 09:41:34.120,0.0095,0.0099,45.0,0.0096,15.0,6400.0,95.0
2021-01-05 09:41:35.221,0.0095,0.0099,30.0,0.0095,10.0,6400.0,95.0
2021-01-05 09:41:35.721,0.0095,0.0099,30.0,0.0095,25.0,6400.0,95.0
2021-01-05 09:41:36.070,0.0095,0.0098,15.0,0.0095,25.0,6400.0,95.0
2021-01-05 09:41:36.720,0.0095,0.0098,35.0,0.0095,25.0,6400.0,95.0
2021-01-05 09:41:37.210,0.0095,0.0098,20.0,0.0095,10.0,6400.0,95.0
2021-01-05 09:41:37.711,0.0095,0.0098,15.0,0.0095,25.0,6400.0,95.0
2021-01-05 09:41:38.220,0.0095,0.0101,60.0,0.0095,10.0,6400.0,95.0
2021-01-05 09:41:38.650,0.0095,0.0099,20.0,0.0096,15.0,6400.0,95.0
2021-01-05 09:41:39.221,0.0095,0.0099,10.0,0.0096,15.0,6400.0,95.0
2021-01-05 09:41:39.521,0.0095,0.0099,30.0,0.0096,15.0,6400.0,95.0
2021-01-05 09:41:40.231,0.0095,0.0099,10.0,0.0096,15.0,6400.0,95.0
2021-01-05 09:41:40.721,0.0095,0.0099,30.0,0.0096,15.0,6400.0,95.0
2021-01-05 09:41:41.130,0.0095,0.0099,10.0,0.0096,15.0,6400.0,95.0
2021-01-05 09:41:41.730,0.0095,0.0099,30.0,0.0096,15.0,6400.0,95.0
2021-01-05 09:41:42.700,0.0095,0.0099,10.0,0.0096,15.0,6400.0,95.0
2021-01-05 09:41:43.080,0.0095,0.0099,10.0,0.0096,15.0,6400.0,95.0
2021-01-05 09:41:45.190,0.0095,0.0099,30.0,0.0096,15.0,6400.0,95.0
2021-01-05 09:41:45.701,0.0095,0.0099,10.0,0.0096,15.0,6400.0,95.0
2021-01-05 09:41:46.241,0.0095,0.0099,30.0,0.0096,15.0,6400.0,95.0
2021-01-05 09:41:46.661,0.0095,0.0099,10.0,0.0096,15.0,6400.0,95.0
2021-01-05 09:41:47.201,0.0095,0.0099,30.0,0.0096,15.0,6400.0,95.0
2021-01-05 09:41:47.741,0.0095,0.0099,10.0,0.0096,15.0,6400.0,95.0
2021-01-05 09:41:48.181,0.0095,0.0099,10.0,0.0096,15.0,6400.0,95.0
2021-01-05 09:41:48.740,0.0095,0.0099,30.0,0.0096,15.0,6400.0,95.0
2021-01-05 09:41:49.191,0.0095,0.0099,30.0,0.0096,15.0,6400.0,95.0
2021-01-05 09:41:49.750,0.0095,0.0099,30.0,0.0096,15.0,6400.0,95.0
2021-01-05 09:41:50.231,0.0095,0.0099,45.0,0.0096,15.0,6400.0,95.0
2021-01-05 09:41:50.751,0.0095,0.0099,20.0,0.0094,10.0,6400.0,95.0
2021-01-05 09:41:51.251,0.0095,0.0099,20.0,0.0095,15.0,6400.0,95.0
2021-01-05 09:41:51.760,0.0095,0.0101,75.0,0.0096,10.0,6400.0,95.0
2021-01-05 09:41:52.261,0.0095,0.0101,60.0,0.0096,10.0,6400.0,95.0
2021-01-05 09:41:52.561,0.0095,0.0101,60.0,0.0096,10.0,6400.0,95.0
2021-01-05 09:41:53.151,0.0095,0.01,15.0,0.0096,10.0,6400.0,95.0
2021-01-05 09:41:53.681,0.0095,0.01,45.0,0.0096,10.0,6400.0,95.0
2021-01-05 09:41:54.161,0.0095,0.0099,15.0,0.0096,25.0,6400.0,95.0
2021-01-05 09:41:54.670,0.0095,0.0099,15.0,0.0096,10.0,6400.0,95.0
2021-01-05 09:41:55.160,0.0095,0.0099,35.0,0.0096,10.0,6400.0,95.0
2021-01-05 09:41:55.671,0.0095,0.0098,15.0,0.0096,10.0,6400.0,95.0
2021-01-05 09:41:56.151,0.0095,0.0098,20.0,0.0096,10.0,6400.0,95.0
2021-01-05 09:41:56.680,0.0095,0.0099,15.0,0.0096,10.0,6400.0,95.0
2021-01-05 09:41:57.110,0.0095,0.0101,60.0,0.0096,10.0,6400.0,95.0
2021-01-05 09:41:57.640,0.0095,0.01,15.0,0.0096,10.0,6400.0,95.0
2021-01-05 09:41:58.140,0.0095,0.01,25.0,0.0096,10.0,6400.0,95.0
2021-01-05 09:41:58.660,0.0095,0.0099,15.0,0.0096,25.0,6400.0,95.0
2021-01-05 09:41:59.131,0.0095,0.0099,35.0,0.0096,25.0,6400.0,95.0
2021-01-05 09:42:00.151,0.0095,0.0099,30.0,0.0095,15.0,6400.0,95.0
2021-01-05 09:42:00.701,0.0095,0.0099,30.0,0.0095,25.0,6400.0,95.0
2021-01-05 09:42:01.190,0.0095,0.0099,45.0,0.0096,15.0,6400.0,95.0
2021-01-05 09:42:01.651,0.0095,0.0099,45.0,0.0096,15.0,6400.0,95.0
2021-01-05 09:42:02.201,0.0095,0.0099,45.0,0.0096,15.0,6400.0,95.0
2021-01-05 09:42:02.710,0.0095,0.0098,15.0,0.0095,25.0,6400.0,95.0
2021-01-05 09:42:03.161,0.0095,0.0099,35.0,0.0096,15.0,6400.0,95.0
2021-01-05 09:42:03.690,0.0095,0.0099,45.0,0.0096,15.0,6400.0,95.0
2021-01-05 09:42:04.110,0.0095,0.0099,45.0,0.0096,15.0,6400.0,95.0
2021-01-05 09:42:04.641,0.0095,0.0099,30.0,0.0096,15.0,6400.0,95.0
2021-01-05 09:42:05.211,0.0095,0.0099,45.0,0.0096,15.0,6400.0,95.0
2021-01-05 09:42:05.711,0.0095,0.0099,30.0,0.0096,15.0,6400.0,95.0
2021-01-05 09:42:06.181,0.0095,0.0099,30.0,0.0096,15.0,6400.0,95.0
2021-01-05 09:42:06.671,0.0095,0.0099,45.0,0.0096,15.0,6400.0,95.0
2021-01-05 09:42:07.230,0.0095,0.0098,15.0,0.0095,25.0,6400.0,95.0
2021-01-05 09:42:07.691,0.0095,0.0098,15.0,0.0095,25.0,6400.0,95.0
2021-01-05 09:42:07.970,0.0095,0.0098,20.0,0.0096,15.0,6400.0,95.0
2021-01-05 09:42:08.660,0.0095,0.0099,15.0,0.0096,15.0,6400.0,95.0
2021-01-05 09:42:09.230,0.0095,0.0099,30.0,0.0095,10.0,6400.0,95.0
2021-01-05 09:42:09.570,0.0095,0.0098,15.0,0.0095,25.0,6400.0,95.0
2021-01-05 09:42:10.200,0.0095,0.0098,15.0,0.0095,25.0,6400.0,95.0
2021-01-05 09:42:10.590,0.0095,0.0098,35.0,0.0095,25.0,6400.0,95.0
2021-01-05 09:42:12.210,0.0095,0.0098,35.0,0.0095,25.0,6400.0,95.0
2021-01-05 09:42:13.211,0.0095,0.0098,35.0,0.0095,25.0,6400.0,95.0
2021-01-05 09:42:13.731,0.0095,0.0098,15.0,0.0095,25.0,6400.0,95.0
2021-01-05 09:42:14.671,0.0095,0.0098,35.0,0.0095,25.0,6400.0,95.0
2021-01-05 09:42:15.151,0.0095,0.0099,20.0,0.0094,10.0,6400.0,95.0
2021-01-05 09:42:15.650,0.0095,0.0099,30.0,0.0095,15.0,6400.0,95.0
2021-01-05 09:42:16.181,0.0095,0.0099,25.0,0.0096,10.0,6400.0,95.0
2021-01-05 09:42:16.651,0.0095,0.0099,45.0,0.0096,25.0,6400.0,95.0
2021-01-05 09:42:17.681,0.0095,0.0099,35.0,0.0096,25.0,6400.0,95.0
2021-01-05 09:42:18.701,0.0095,0.0099,35.0,0.0096,25.0,6400.0,95.0
2021-01-05 09:42:19.721,0.0095,0.0098,15.0,0.0096,10.0,6400.0,95.0
2021-01-05 09:42:20.150,0.0095,0.0099,35.0,0.0096,25.0,6400.0,95.0
2021-01-05 09:42:22.570,0.0095,0.0099,35.0,0.0096,25.0,6400.0,95.0
2021-01-05 09:42:24.670,0.0095,0.0099,35.0,0.0096,15.0,6400.0,95.0
2021-01-05 09:42:25.200,0.0095,0.0099,20.0,0.0096,10.0,6400.0,95.0
2021-01-05 09:42:25.621,0.0095,0.0099,35.0,0.0096,25.0,6400.0,95.0
2021-01-05 09:42:28.641,0.0095,0.0099,35.0,0.0096,25.0,6400.0,95.0
2021-01-05 09:42:29.720,0.0095,0.0099,35.0,0.0096,25.0,6400.0,95.0
2021-01-05 09:42:30.710,0.0095,0.0099,20.0,0.0097,15.0,6400.0,95.0
2021-01-05 09:42:31.200,0.0095,0.0099,15.0,0.0096,25.0,6400.0,95.0
2021-01-05 09:42:31.720,0.0095,0.0099,20.0,0.0097,15.0,6400.0,95.0
2021-01-05 09:42:32.721,0.0095,0.01,35.0,0.0097,15.0,6400.0,95.0
2021-01-05 09:42:33.230,0.0095,0.01,45.0,0.0097,15.0,6400.0,95.0
2021-01-05 09:42:33.720,0.0095,0.01,45.0,0.0097,15.0,6400.0,95.0
2021-01-05 09:42:34.210,0.0095,0.01,30.0,0.0097,15.0,6400.0,95.0
2021-01-05 09:42:35.151,0.0095,0.0099,15.0,0.0096,25.0,6400.0,95.0
2021-01-05 09:42:35.701,0.0095,0.0099,15.0,0.0096,25.0,6400.0,95.0
2021-01-05 09:42:36.650,0.0095,0.0099,15.0,0.0096,25.0,6400.0,95.0
2021-01-05 09:42:37.751,0.0095,0.01,35.0,0.0097,15.0,6400.0,95.0
2021-01-05 09:42:38.200,0.0095,0.01,45.0,0.0097,15.0,6400.0,95.0
2021-01-05 09:42:40.221,0.0095,0.0099,15.0,0.0096,25.0,6400.0,95.0
2021-01-05 09:42:40.721,0.0095,0.0099,15.0,0.0096,25.0,6400.0,95.0
2021-01-05 09:42:41.731,0.0095,0.0099,35.0,0.0096,25.0,6400.0,95.0
2021-01-05 09:42:43.251,0.0095,0.0099,15.0,0.0096,25.0,6400.0,95.0
2021-01-05 09:42:44.751,0.0095,0.0099,15.0,0.0096,25.0,6400.0,95.0
2021-01-05 09:42:45.191,0.0095,0.0099,15.0,0.0096,25.0,6400.0,95.0
2021-01-05 09:42:45.650,0.0095,0.0099,15.0,0.0096,25.0,6400.0,95.0
2021-01-05 09:42:48.171,0.0095,0.0099,15.0,0.0096,15.0,6400.0,95.0
2021-01-05 09:42:48.720,0.0095,0.01,20.0,0.0096,10.0,6400.0,95.0
2021-01-05 09:42:49.110,0.0095,0.0099,15.0,0.0096,25.0,6400.0,95.0
2021-01-05 09:42:50.261,0.0095,0.01,35.0,0.0096,25.0,6400.0,95.0
2021-01-05 09:42:50.720,0.0095,0.0099,15.0,0.0096,25.0,6400.0,95.0
2021-01-05 09:42:51.761,0.0095,0.0099,15.0,0.0096,25.0,6400.0,95.0
2021-01-05 09:42:52.601,0.0095,0.0099,15.0,0.0096,25.0,6400.0,95.0
2021-01-05 09:42:53.621,0.0095,0.0099,15.0,0.0096,25.0,6400.0,95.0
2021-01-05 09:42:55.190,0.0095,0.01,35.0,0.0097,15.0,6400.0,95.0
2021-01-05 09:42:55.701,0.0095,0.0099,15.0,0.0096,25.0,6400.0,95.0
2021-01-05 09:42:56.191,0.0095,0.0099,15.0,0.0096,10.0,6400.0,95.0
2021-01-05 09:42:57.661,0.0095,0.0099,15.0,0.0096,25.0,6400.0,95.0
2021-01-05 09:42:58.220,0.0095,0.0099,15.0,0.0096,10.0,6400.0,95.0
2021-01-05 09:42:58.731,0.0095,0.0099,15.0,0.0096,25.0,6400.0,95.0
2021-01-05 09:42:58.990,0.0095,0.0099,15.0,0.0096,15.0,6400.0,95.0
2021-01-05 09:42:59.730,0.0095,0.0099,15.0,0.0095,35.0,6400.0,95.0
2021-01-05 09:43:00.131,0.0095,0.0099,15.0,0.0096,10.0,6400.0,95.0
2021-01-05 09:43:01.211,0.0095,0.0099,15.0,0.0096,25.0,6400.0,95.0
2021-01-05 09:43:01.701,0.0095,0.0099,15.0,0.0096,10.0,6400.0,95.0
2021-01-05 09:43:02.681,0.0095,0.0099,15.0,0.0096,10.0,6400.0,95.0
2021-01-05 09:43:03.241,0.0095,0.01,20.0,0.0096,25.0,6400.0,95.0
2021-01-05 09:43:03.701,0.0095,0.0099,15.0,0.0096,25.0,6400.0,95.0
2021-01-05 09:43:04.740,0.0095,0.0099,15.0,0.0096,25.0,6400.0,95.0
2021-01-05 09:43:05.251,0.0095,0.01,15.0,0.0096,10.0,6400.0,95.0
2021-01-05 09:43:05.681,0.0095,0.01,15.0,0.0096,10.0,6400.0,95.0
2021-01-05 09:43:06.680,0.0095,0.01,15.0,0.0096,30.0,6400.0,95.0
2021-01-05 09:43:08.200,0.0095,0.01,15.0,0.0096,45.0,6400.0,95.0
2021-01-05 09:43:08.701,0.0095,0.01,15.0,0.0096,30.0,6400.0,95.0
2021-01-05 09:43:10.150,0.0095,0.01,15.0,0.0096,10.0,6400.0,95.0
2021-01-05 09:43:10.761,0.0095,0.01,15.0,0.0096,10.0,6400.0,95.0
2021-01-05 09:43:13.210,0.0095,0.01,15.0,0.0096,10.0,6400.0,95.0
2021-01-05 09:43:15.241,0.0095,0.01,15.0,0.0096,10.0,6400.0,95.0
2021-01-05 09:43:16.720,0.0095,0.01,15.0,0.0096,10.0,6400.0,95.0
2021-01-05 09:43:18.270,0.0095,0.01,15.0,0.0096,10.0,6400.0,95.0
2021-01-05 09:43:18.741,0.0095,0.01,15.0,0.0096,25.0,6400.0,95.0
2021-01-05 09:43:19.261,0.0095,0.01,15.0,0.0096,10.0,6400.0,95.0
2021-01-05 09:43:20.731,0.0095,0.01,15.0,0.0096,45.0,6400.0,95.0
2021-01-05 09:43:21.271,0.0095,0.01,15.0,0.0096,30.0,6400.0,95.0
2021-01-05 09:43:24.661,0.0095,0.01,15.0,0.0096,10.0,6400.0,95.0
2021-01-05 09:43:25.201,0.0095,0.01,25.0,0.0096,10.0,6400.0,95.0
2021-01-05 09:43:25.701,0.0095,0.0099,15.0,0.0096,25.0,6400.0,95.0
2021-01-05 09:43:26.181,0.0095,0.0099,15.0,0.0096,10.0,6400.0,95.0
2021-01-05 09:43:26.621,0.0095,0.01,15.0,0.0096,10.0,6400.0,95.0
2021-01-05 09:43:27.190,0.0095,0.01,25.0,0.0096,10.0,6400.0,95.0
2021-01-05 09:43:27.591,0.0095,0.0099,15.0,0.0096,25.0,6400.0,95.0
2021-01-05 09:43:28.091,0.0095,0.0099,15.0,0.0096,45.0,6400.0,95.0
2021-01-05 09:43:28.700,0.0095,0.01,15.0,0.0096,25.0,6400.0,95.0
2021-01-05 09:43:29.080,0.0095,0.01,25.0,0.0096,45.0,6400.0,95.0
2021-01-05 09:43:30.050,0.0095,0.0099,15.0,0.0096,25.0,6400.0,95.0
2021-01-05 09:43:30.701,0.0095,0.0101,40.0,0.0096,45.0,6400.0,95.0
2021-01-05 09:43:31.080,0.0095,0.01,15.0,0.0096,45.0,6400.0,95.0
2021-01-05 09:43:31.720,0.0095,0.01,25.0,0.0096,25.0,6400.0,95.0
2021-01-05 09:43:32.181,0.0095,0.0099,15.0,0.0096,25.0,6400.0,95.0
2021-01-05 09:43:32.701,0.0095,0.0099,15.0,0.0096,25.0,6400.0,95.0
2021-01-05 09:43:33.141,0.0095,0.01,15.0,0.0097,15.0,6400.0,95.0
2021-01-05 09:43:33.670,0.0095,0.01,25.0,0.0096,35.0,6400.0,95.0
2021-01-05 09:43:34.221,0.0095,0.0099,15.0,0.0096,45.0,6400.0,95.0
2021-01-05 09:43:34.661,0.0095,0.0099,15.0,0.0096,25.0,6400.0,95.0
2021-01-05 09:43:35.160,0.0095,0.0101,40.0,0.0096,10.0,6400.0,95.0
2021-01-05 09:43:35.610,0.0095,0.01,15.0,0.0096,45.0,6400.0,95.0
2021-01-05 09:43:36.221,0.0095,0.01,25.0,0.0096,45.0,6400.0,95.0
2021-01-05 09:43:36.661,0.0095,0.0099,15.0,0.0096,45.0,6400.0,95.0
2021-01-05 09:43:37.181,0.0095,0.0099,15.0,0.0096,45.0,6400.0,95.0
2021-01-05 09:43:37.631,0.0095,0.01,15.0,0.0096,30.0,6400.0,95.0
2021-01-05 09:43:38.221,0.0095,0.01,25.0,0.0096,30.0,6400.0,95.0
2021-01-05 09:43:39.241,0.0095,0.0099,15.0,0.0096,25.0,6400.0,95.0
2021-01-05 09:43:39.711,0.0095,0.01,15.0,0.0096,25.0,6400.0,95.0
2021-01-05 09:43:40.230,0.0095,0.01,25.0,0.0096,25.0,6400.0,95.0
2021-01-05 09:43:40.361,0.0095,0.0099,15.0,0.0096,25.0,6400.0,95.0
2021-01-05 09:43:41.231,0.0095,0.0099,15.0,0.0096,45.0,6400.0,95.0
2021-01-05 09:43:41.671,0.0095,0.01,15.0,0.0096,45.0,6400.0,95.0
2021-01-05 09:43:42.191,0.0095,0.01,15.0,0.0096,25.0,6400.0,95.0
2021-01-05 09:43:43.231,0.0095,0.01,15.0,0.0097,15.0,6400.0,95.0
2021-01-05 09:43:43.711,0.0095,0.01,15.0,0.0096,45.0,6400.0,95.0
2021-01-05 09:43:44.670,0.0095,0.01,15.0,0.0097,15.0,6400.0,95.0
2021-01-05 09:43:45.221,0.0095,0.01,15.0,0.0096,30.0,6400.0,95.0
2021-01-05 09:43:45.720,0.0095,0.01,15.0,0.0096,30.0,6400.0,95.0
2021-01-05 09:43:46.750,0.0095,0.01,15.0,0.0096,30.0,6400.0,95.0
2021-01-05 09:43:47.250,0.0095,0.01,15.0,0.0096,10.0,6400.0,95.0
2021-01-05 09:43:48.220,0.0095,0.01,15.0,0.0096,30.0,6400.0,95.0
2021-01-05 09:43:49.061,0.0095,0.01,15.0,0.0096,20.0,6400.0,95.0
2021-01-05 09:43:49.511,0.0095,0.01,15.0,0.0094,45.0,6400.0,95.0
2021-01-05 09:43:50.110,0.0095,0.0101,55.0,0.0095,15.0,6400.0,95.0
2021-01-05 09:43:50.721,0.0095,0.0101,35.0,0.0096,10.0,6400.0,95.0
2021-01-05 09:43:51.221,0.0095,0.01,15.0,0.0096,25.0,6400.0,95.0
2021-01-05 09:43:51.660,0.0095,0.01,15.0,0.0096,45.0,6400.0,95.0
2021-01-05 09:43:52.681,0.0095,0.01,15.0,0.0097,15.0,6400.0,95.0
2021-01-05 09:43:53.201,0.0095,0.01,15.0,0.0097,15.0,6400.0,95.0
2021-01-05 09:43:53.610,0.0095,0.01,15.0,0.0097,25.0,6400.0,95.0
2021-01-05 09:43:54.680,0.0095,0.01,15.0,0.0097,45.0,6400.0,95.0
2021-01-05 09:43:54.980,0.0095,0.01,15.0,0.0097,35.0,6400.0,95.0
2021-01-05 09:43:55.660,0.0095,0.01,15.0,0.0097,45.0,6400.0,95.0
2021-01-05 09:43:57.230,0.0095,0.01,15.0,0.0097,25.0,6400.0,95.0
2021-01-05 09:43:59.170,0.0095,0.01,15.0,0.0097,10.0,6400.0,95.0
2021-01-05 09:44:00.701,0.0095,0.01,15.0,0.0097,45.0,6400.0,95.0
2021-01-05 09:44:01.160,0.0095,0.01,15.0,0.0097,30.0,6400.0,95.0
2021-01-05 09:44:01.621,0.0095,0.01,15.0,0.0097,45.0,6400.0,95.0
2021-01-05 09:44:04.230,0.0095,0.0101,35.0,0.0098,15.0,6400.0,95.0
2021-01-05 09:44:04.751,0.0095,0.0101,35.0,0.0098,15.0,6400.0,95.0
2021-01-05 09:44:05.260,0.0095,0.0101,10.0,0.0098,15.0,6400.0,95.0
2021-01-05 09:44:05.750,0.0095,0.0101,10.0,0.0098,15.0,6400.0,95.0
2021-01-05 09:44:06.770,0.0095,0.0101,25.0,0.0098,15.0,6400.0,95.0
2021-01-05 09:44:07.281,0.0095,0.0101,10.0,0.0097,30.0,6400.0,95.0
2021-01-05 09:44:07.750,0.0095,0.01,15.0,0.0097,45.0,6400.0,95.0
2021-01-05 09:44:08.230,0.0095,0.01,15.0,0.0097,45.0,6400.0,95.0
2021-01-05 09:44:09.150,0.0095,0.01,15.0,0.0097,45.0,6400.0,95.0
2021-01-05 09:44:09.751,0.0095,0.0101,10.0,0.0097,30.0,6400.0,95.0
2021-01-05 09:44:10.280,0.0095,0.0101,10.0,0.0097,30.0,6400.0,95.0
2021-01-05 09:44:10.781,0.0095,0.0101,25.0,0.0097,30.0,6400.0,95.0
2021-01-05 09:44:11.271,0.0095,0.0101,10.0,0.0097,30.0,6400.0,95.0
2021-01-05 09:44:11.780,0.0095,0.0101,25.0,0.0098,15.0,6400.0,95.0
2021-01-05 09:44:12.270,0.0095,0.0101,25.0,0.0098,15.0,6400.0,95.0
2021-01-05 09:44:12.781,0.0095,0.01,15.0,0.0097,45.0,6400.0,95.0
2021-01-05 09:44:13.230,0.0095,0.01,15.0,0.0097,45.0,6400.0,95.0
2021-01-05 09:44:13.770,0.0095,0.0101,25.0,0.0098,15.0,6400.0,95.0
2021-01-05 09:44:14.260,0.0095,0.0101,25.0,0.0098,15.0,6400.0,95.0
2021-01-05 09:44:15.280,0.0095,0.0101,10.0,0.0098,15.0,6400.0,95.0
2021-01-05 09:44:15.780,0.0095,0.0101,25.0,0.0098,15.0,6400.0,95.0
2021-01-05 09:44:17.770,0.0095,0.0101,25.0,0.0098,15.0,6400.0,95.0
2021-01-05 09:44:18.231,0.0095,0.0101,10.0,0.0097,15.0,6400.0,95.0
2021-01-05 09:44:18.780,0.0095,0.0101,10.0,0.0097,25.0,6400.0,95.0
2021-01-05 09:44:19.261,0.0095,0.0101,25.0,0.0097,10.0,6400.0,95.0
2021-01-05 09:44:19.801,0.0095,0.0101,25.0,0.0097,25.0,6400.0,95.0
2021-01-05 09:44:20.300,0.0095,0.0101,10.0,0.0097,25.0,6400.0,95.0
2021-01-05 09:44:20.761,0.0095,0.0101,25.0,0.0098,15.0,6400.0,95.0
2021-01-05 09:44:21.270,0.0095,0.01,15.0,0.0097,25.0,6400.0,95.0
2021-01-05 09:44:21.760,0.0095,0.01,15.0,0.0097,45.0,6400.0,95.0
2021-01-05 09:44:22.250,0.0095,0.0101,10.0,0.0097,30.0,6400.0,95.0
2021-01-05 09:44:22.661,0.0095,0.0101,25.0,0.0098,15.0,6400.0,95.0
2021-01-05 09:44:23.130,0.0095,0.0101,25.0,0.0098,15.0,6400.0,95.0
2021-01-05 09:44:23.620,0.0095,0.0101,10.0,0.0098,15.0,6400.0,95.0
2021-01-05 09:44:25.120,0.0095,0.0101,10.0,0.0097,30.0,6400.0,95.0
2021-01-05 09:44:25.660,0.0095,0.01,15.0,0.0097,45.0,6400.0,95.0
2021-01-05 09:44:26.201,0.0095,0.01,15.0,0.0097,25.0,6400.0,95.0
2021-01-05 09:44:26.701,0.0095,0.01,15.0,0.0097,45.0,6400.0,95.0
2021-01-05 09:44:27.201,0.0095,0.01,15.0,0.0097,45.0,6400.0,95.0
2021-01-05 09:44:29.200,0.0095,0.0101,25.0,0.0098,15.0,6400.0,95.0
2021-01-05 09:44:29.640,0.0095,0.0101,25.0,0.0098,15.0,6400.0,95.0
2021-01-05 09:44:30.720,0.0095,0.01,15.0,0.0097,45.0,6400.0,95.0
2021-01-05 09:44:31.231,0.0095,0.01,15.0,0.0097,45.0,6400.0,95.0
2021-01-05 09:44:32.680,0.0095,0.01,15.0,0.0097,45.0,6400.0,95.0
2021-01-05 09:44:34.520,0.0095,0.0101,25.0,0.0098,15.0,6400.0,95.0
2021-01-05 09:44:35.221,0.0095,0.0101,25.0,0.0098,15.0,6400.0,95.0
2021-01-05 09:44:35.740,0.0095,0.0101,10.0,0.0097,30.0,6400.0,95.0
2021-01-05 09:44:36.220,0.0095,0.0101,25.0,0.0098,15.0,6400.0,95.0
2021-01-05 09:44:36.741,0.0095,0.0101,10.0,0.0097,30.0,6400.0,95.0
2021-01-05 09:44:37.240,0.0095,0.0101,10.0,0.0097,30.0,6400.0,95.0
2021-01-05 09:44:37.751,0.0095,0.0101,25.0,0.0098,15.0,6400.0,95.0
2021-01-05 09:44:38.201,0.0095,0.01,15.0,0.0097,45.0,6400.0,95.0
2021-01-05 09:44:39.240,0.0095,0.0101,25.0,0.0098,15.0,6400.0,95.0
2021-01-05 09:44:40.740,0.0095,0.0101,10.0,0.0097,30.0,6400.0,95.0
2021-01-05 09:44:41.251,0.0095,0.01,15.0,0.0097,45.0,6400.0,95.0
2021-01-05 09:44:41.730,0.0095,0.01,15.0,0.0097,45.0,6400.0,95.0
2021-01-05 09:44:43.251,0.0095,0.01,15.0,0.0097,45.0,6400.0,95.0
2021-01-05 09:44:44.761,0.0095,0.0101,25.0,0.0098,15.0,6400.0,95.0
2021-01-05 09:44:45.261,0.0095,0.01,15.0,0.0097,35.0,6400.0,95.0
2021-01-05 09:44:45.760,0.0095,0.01,25.0,0.0097,15.0,6400.0,95.0
2021-01-05 09:44:46.271,0.0095,0.01,10.0,0.0097,15.0,6400.0,95.0
2021-01-05 09:44:46.771,0.0095,0.01,10.0,0.0097,15.0,6400.0,95.0
2021-01-05 09:44:47.251,0.0095,0.01,10.0,0.0097,15.0,6400.0,95.0
2021-01-05 09:44:48.281,0.0095,0.0102,20.0,0.0097,15.0,6400.0,95.0
2021-01-05 09:44:48.780,0.0095,0.0101,10.0,0.0098,10.0,6400.0,95.0
2021-01-05 09:44:49.270,0.0095,0.0101,10.0,0.0098,25.0,6400.0,95.0
2021-01-05 09:44:49.800,0.0095,0.0101,10.0,0.0099,15.0,6400.0,95.0
2021-01-05 09:44:50.300,0.0095,0.0101,45.0,0.0096,30.0,6400.0,95.0
2021-01-05 09:44:50.761,0.0095,0.0101,10.0,0.0097,15.0,6400.0,95.0
2021-01-05 09:44:51.231,0.0095,0.0101,10.0,0.0098,10.0,6400.0,95.0
2021-01-05 09:44:51.810,0.0095,0.0101,25.0,0.0098,25.0,6400.0,95.0
2021-01-05 09:44:53.201,0.0095,0.0101,15.0,0.0098,25.0,6400.0,95.0
2021-01-05 09:44:53.621,0.0095,0.0101,25.0,0.0098,25.0,6400.0,95.0
2021-01-05 09:44:54.720,0.0095,0.0101,25.0,0.0098,15.0,6400.0,95.0
2021-01-05 09:44:54.970,0.0095,0.0101,10.0,0.0098,10.0,6400.0,95.0
2021-01-05 09:44:55.700,0.0095,0.0101,25.0,0.0098,25.0,6400.0,95.0
2021-01-05 09:44:56.220,0.0095,0.01,15.0,0.0097,15.0,6400.0,95.0
2021-01-05 09:44:56.720,0.0095,0.0102,20.0,0.0097,25.0,6400.0,95.0
2021-01-05 09:44:57.160,0.0095,0.0101,25.0,0.0098,15.0,6400.0,95.0
2021-01-05 09:44:57.431,0.0095,0.0101,25.0,0.0098,15.0,6400.0,95.0
2021-01-05 09:44:58.120,0.0095,0.0101,25.0,0.0098,15.0,6400.0,95.0
2021-01-05 09:44:58.720,0.0095,0.0101,25.0,0.0098,25.0,6400.0,95.0
2021-01-05 09:44:59.190,0.0095,0.01,15.0,0.0098,10.0,6400.0,95.0
2021-01-05 09:44:59.711,0.0095,0.01,15.0,0.0098,10.0,6400.0,95.0
2021-01-05 09:45:00.061,0.0095,0.0101,15.0,0.0098,25.0,6400.0,95.0
2021-01-05 09:45:00.591,0.0095,0.0101,25.0,0.0098,25.0,6400.0,95.0
2021-01-05 09:45:01.221,0.0095,0.0101,10.0,0.0099,15.0,6400.0,95.0
2021-01-05 09:45:01.680,0.0095,0.0103,68.0,0.0099,15.0,6400.0,95.0
2021-01-05 09:45:02.061,0.0095,0.0103,68.0,0.0099,15.0,6400.0,95.0
2021-01-05 09:45:03.680,0.0095,0.0102,15.0,0.0099,15.0,6400.0,95.0
2021-01-05 09:45:04.191,0.0095,0.0102,25.0,0.0099,15.0,6400.0,95.0
2021-01-05 09:45:04.700,0.0095,0.0101,15.0,0.0098,25.0,6400.0,95.0
2021-01-05 09:45:05.221,0.0095,0.0101,15.0,0.0098,25.0,6400.0,95.0
2021-01-05 09:45:05.720,0.0095,0.0102,15.0,0.0098,45.0,6400.0,95.0
2021-01-05 09:45:06.220,0.0095,0.0102,25.0,0.0098,45.0,6400.0,95.0
2021-01-05 09:45:06.721,0.0095,0.0101,15.0,0.0098,45.0,6400.0,95.0
2021-01-05 09:45:07.130,0.0095,0.0101,15.0,0.0098,25.0,6400.0,95.0
2021-01-05 09:45:07.720,0.0095,0.0102,15.0,0.0099,15.0,6400.0,95.0
2021-01-05 09:45:08.181,0.0095,0.0102,25.0,0.0098,25.0,6400.0,95.0
2021-01-05 09:45:09.190,0.0095,0.0102,10.0,0.0099,15.0,6400.0,95.0
2021-01-05 09:45:09.720,0.0095,0.0102,25.0,0.0099,15.0,6400.0,95.0
2021-01-05 09:45:10.200,0.0095,0.0102,25.0,0.0099,15.0,6400.0,95.0
2021-01-05 09:45:11.720,0.0095,0.0102,10.0,0.0099,15.0,6400.0,95.0
2021-01-05 09:45:12.150,0.0095,0.0102,10.0,0.0099,15.0,6400.0,95.0
2021-01-05 09:45:12.701,0.0095,0.0102,25.0,0.0099,15.0,6400.0,95.0
2021-01-05 09:45:13.220,0.0095,0.0102,25.0,0.0099,15.0,6400.0,95.0
2021-01-05 09:45:14.181,0.0095,0.0101,15.0,0.0098,25.0,6400.0,95.0
2021-01-05 09:45:15.230,0.0095,0.0101,10.0,0.0098,25.0,6400.0,95.0
2021-01-05 09:45:15.721,0.0095,0.0101,25.0,0.0098,25.0,6400.0,95.0
2021-01-05 09:45:16.230,0.0095,0.0102,15.0,0.0099,15.0,6400.0,95.0
2021-01-05 09:45:16.741,0.0095,0.0102,25.0,0.0099,15.0,6400.0,95.0
2021-01-05 09:45:18.230,0.0095,0.0102,10.0,0.0098,10.0,6400.0,95.0
2021-01-05 09:45:18.691,0.0095,0.0102,25.0,0.0098,45.0,6400.0,95.0
2021-01-05 09:45:19.191,0.0095,0.0101,15.0,0.0098,45.0,6400.0,95.0
2021-01-05 09:45:19.731,0.0095,0.0101,10.0,0.0098,35.0,6400.0,95.0
2021-01-05 09:45:20.240,0.0095,0.0101,25.0,0.0098,35.0,6400.0,95.0
2021-01-05 09:45:21.191,0.0095,0.0101,10.0,0.0098,20.0,6400.0,95.0
2021-01-05 09:45:21.731,0.0095,0.0101,10.0,0.0098,15.0,6400.0,95.0
2021-01-05 09:45:22.240,0.0095,0.0101,25.0,0.0098,15.0,6400.0,95.0
2021-01-05 09:45:23.671,0.0095,0.0101,15.0,0.0098,15.0,6400.0,95.0
2021-01-05 09:45:24.201,0.0095,0.0101,10.0,0.0098,20.0,6400.0,95.0
2021-01-05 09:45:24.701,0.0095,0.0101,25.0,0.0098,15.0,6400.0,95.0
2021-01-05 09:45:25.131,0.0095,0.01,15.0,0.0097,36.0,6400.0,95.0
2021-01-05 09:45:25.661,0.0095,0.01,15.0,0.0098,20.0,6400.0,95.0
2021-01-05 09:45:26.220,0.0095,0.0102,15.0,0.0097,31.0,6400.0,95.0
2021-01-05 09:45:26.681,0.0095,0.0101,10.0,0.0097,31.0,6400.0,95.0
2021-01-05 09:45:27.211,0.0095,0.01,15.0,0.0097,46.0,6400.0,95.0
2021-01-05 09:45:27.671,0.0095,0.01,15.0,0.0097,46.0,6400.0,95.0
2021-01-05 09:45:28.220,0.0095,0.0102,15.0,0.0097,31.0,6400.0,95.0
2021-01-05 09:45:28.550,0.0095,0.0101,10.0,0.0097,31.0,6400.0,95.0
2021-01-05 09:45:29.140,0.0095,0.01,15.0,0.0097,46.0,6400.0,95.0
2021-01-05 09:45:30.191,0.0095,0.0102,15.0,0.0097,21.0,6400.0,95.0
2021-01-05 09:45:30.700,0.0095,0.0101,10.0,0.0097,21.0,6400.0,95.0
2021-01-05 09:45:31.211,0.0095,0.0101,25.0,0.0098,15.0,6400.0,95.0
2021-01-05 09:45:31.701,0.0095,0.0101,25.0,0.0098,15.0,6400.0,95.0
2021-01-05 09:45:32.160,0.0095,0.0101,25.0,0.0098,35.0,6400.0,95.0
2021-01-05 09:45:32.690,0.0095,0.0101,25.0,0.0098,15.0,6400.0,95.0
2021-01-05 09:45:33.180,0.0095,0.0101,25.0,0.0098,35.0,6400.0,95.0
2021-01-05 09:45:34.690,0.0095,0.0101,25.0,0.0098,15.0,6400.0,95.0
2021-01-05 09:45:35.190,0.0095,0.0101,15.0,0.0098,15.0,6400.0,95.0
2021-01-05 09:45:35.701,0.0095,0.0101,15.0,0.0098,25.0,6400.0,95.0
2021-01-05 09:45:36.730,0.0095,0.0103,53.0,0.0098,10.0,6400.0,95.0
2021-01-05 09:45:37.230,0.0095,0.0102,35.0,0.0098,10.0,6400.0,95.0
2021-01-05 09:45:37.731,0.0095,0.0101,15.0,0.0098,15.0,6400.0,95.0
2021-01-05 09:45:38.240,0.0095,0.0101,15.0,0.0098,15.0,6400.0,95.0
2021-01-05 09:45:38.721,0.0095,0.0101,25.0,0.0097,20.0,6400.0,95.0
2021-01-05 09:45:39.210,0.0095,0.0101,15.0,0.0097,35.0,6400.0,95.0
2021-01-05 09:45:39.700,0.0101,0.0102,35.0,0.0101,40.0,6410.0,105.0
2021-01-05 09:45:40.240,0.0101,0.0102,10.0,0.0101,4.0,6446.0,141.0
2021-01-05 09:45:40.730,0.0101,0.0101,12.0,0.0098,15.0,6450.0,145.0
2021-01-05 09:45:41.220,0.0101,0.0103,68.0,0.0098,15.0,6450.0,145.0
2021-01-05 09:45:41.700,0.0101,0.0102,15.0,0.0098,15.0,6450.0,145.0
2021-01-05 09:45:42.240,0.0101,0.0101,10.0,0.0097,45.0,6450.0,145.0
2021-01-05 09:45:42.711,0.0101,0.0101,10.0,0.0098,15.0,6450.0,145.0
2021-01-05 09:45:43.041,0.0101,0.01,15.0,0.0097,45.0,6450.0,145.0
2021-01-05 09:45:43.731,0.0101,0.01,15.0,0.0097,45.0,6450.0,145.0
2021-01-05 09:45:44.201,0.0101,0.0102,20.0,0.0097,30.0,6450.0,145.0
2021-01-05 09:45:44.691,0.0101,0.01,15.0,0.0097,45.0,6450.0,145.0
2021-01-05 09:45:45.220,0.0101,0.01,15.0,0.0097,10.0,6450.0,145.0
2021-01-05 09:45:45.681,0.0101,0.0102,35.0,0.0097,30.0,6450.0,145.0
2021-01-05 09:45:46.230,0.0101,0.0101,25.0,0.0097,10.0,6450.0,145.0
2021-01-05 09:45:46.680,0.0101,0.0101,10.0,0.0097,45.0,6450.0,145.0
2021-01-05 09:45:47.241,0.0101,0.01,15.0,0.0097,25.0,6450.0,145.0
2021-01-05 09:45:48.201,0.0101,0.01,15.0,0.0097,15.0,6450.0,145.0
2021-01-05 09:45:48.741,0.0101,0.0101,15.0,0.0097,45.0,6450.0,145.0
2021-01-05 09:45:49.221,0.0101,0.0101,25.0,0.0097,10.0,6450.0,145.0
2021-01-05 09:45:50.251,0.0101,0.01,15.0,0.0097,25.0,6450.0,145.0
2021-01-05 09:45:50.750,0.0101,0.0101,15.0,0.0097,10.0,6450.0,145.0
2021-01-05 09:45:51.221,0.0101,0.0101,10.0,0.0097,10.0,6450.0,145.0
2021-01-05 09:45:51.721,0.0101,0.01,15.0,0.0097,10.0,6450.0,145.0
2021-01-05 09:45:52.641,0.0101,0.01,15.0,0.0097,30.0,6450.0,145.0
2021-01-05 09:45:53.211,0.0101,0.0101,15.0,0.0097,30.0,6450.0,145.0
2021-01-05 09:45:53.711,0.0101,0.0101,25.0,0.0097,10.0,6450.0,145.0
2021-01-05 09:45:54.191,0.0101,0.01,15.0,0.0097,10.0,6450.0,145.0
2021-01-05 09:45:54.710,0.0101,0.01,15.0,0.0097,10.0,6450.0,145.0
2021-01-05 09:45:55.711,0.0101,0.01,15.0,0.0097,10.0,6450.0,145.0
2021-01-05 09:45:56.120,0.0101,0.01,15.0,0.0096,65.0,6450.0,145.0
2021-01-05 09:45:56.631,0.0101,0.01,25.0,0.0096,65.0,6450.0,145.0
2021-01-05 09:45:57.201,0.0101,0.0099,15.0,0.0096,65.0,6450.0,145.0
2021-01-05 09:45:57.601,0.0101,0.01,15.0,0.0097,15.0,6450.0,145.0
2021-01-05 09:45:58.231,0.0101,0.01,25.0,0.0097,15.0,6450.0,145.0
2021-01-05 09:45:58.711,0.0101,0.0099,15.0,0.0096,65.0,6450.0,145.0
2021-01-05 09:45:59.230,0.0101,0.0099,15.0,0.0096,65.0,6450.0,145.0
2021-01-05 09:45:59.710,0.0101,0.01,15.0,0.0096,50.0,6450.0,145.0
2021-01-05 09:46:00.210,0.0101,0.01,25.0,0.0096,40.0,6450.0,145.0
2021-01-05 09:46:00.730,0.0101,0.0099,15.0,0.0096,25.0,6450.0,145.0
2021-01-05 09:46:01.230,0.0101,0.0099,15.0,0.0096,25.0,6450.0,145.0
2021-01-05 09:46:02.200,0.0101,0.01,10.0,0.0096,15.0,6450.0,145.0
2021-01-05 09:46:04.171,0.0101,0.01,25.0,0.0096,15.0,6450.0,145.0
2021-01-05 09:46:04.711,0.0101,0.0099,15.0,0.0096,25.0,6450.0,145.0
2021-01-05 09:46:05.161,0.0101,0.0099,15.0,0.0096,15.0,6450.0,145.0
2021-01-05 09:46:05.691,0.0101,0.0101,15.0,0.0095,25.0,6450.0,145.0
2021-01-05 09:46:06.221,0.0101,0.01,10.0,0.0095,35.0,6450.0,145.0
2021-01-05 09:46:06.690,0.0101,0.0099,15.0,0.0096,15.0,6450.0,145.0
2021-01-05 09:46:07.231,0.0101,0.0102,33.0,0.0096,15.0,6450.0,145.0
2021-01-05 09:46:07.741,0.0101,0.0101,15.0,0.0095,20.0,6450.0,145.0
2021-01-05 09:46:08.121,0.0101,0.01,10.0,0.0095,20.0,6450.0,145.0
2021-01-05 09:46:08.730,0.0101,0.0099,15.0,0.0095,20.0,6450.0,145.0
2021-01-05 09:46:09.181,0.0101,0.0099,15.0,0.0095,20.0,6450.0,145.0
2021-01-05 09:46:09.481,0.0101,0.0099,10.0,0.0095,20.0,6450.0,145.0
2021-01-05 09:46:10.230,0.0101,0.0098,15.0,0.0095,35.0,6450.0,145.0
2021-01-05 09:46:10.720,0.0101,0.01,15.0,0.0096,15.0,6450.0,145.0
2021-01-05 09:46:11.181,0.0101,0.0099,10.0,0.0096,15.0,6450.0,145.0
2021-01-05 09:46:11.721,0.0101,0.0099,25.0,0.0096,15.0,6450.0,145.0
2021-01-05 09:46:12.190,0.0101,0.0099,25.0,0.0096,15.0,6450.0,145.0
2021-01-05 09:46:12.680,0.0101,0.0099,10.0,0.0096,15.0,6450.0,145.0
2021-01-05 09:46:13.200,0.0101,0.0099,25.0,0.0096,15.0,6450.0,145.0
2021-01-05 09:46:13.681,0.0101,0.0099,25.0,0.0096,15.0,6450.0,145.0
2021-01-05 09:46:14.731,0.0101,0.0099,10.0,0.0096,15.0,6450.0,145.0
2021-01-05 09:46:15.730,0.0101,0.0099,25.0,0.0096,15.0,6450.0,145.0
2021-01-05 09:46:16.201,0.0101,0.0099,10.0,0.0096,15.0,6450.0,145.0
2021-01-05 09:46:17.221,0.0101,0.0099,25.0,0.0096,15.0,6450.0,145.0
2021-01-05 09:46:18.180,0.0101,0.0099,10.0,0.0096,15.0,6450.0,145.0
2021-01-05 09:46:20.210,0.0101,0.0099,10.0,0.0096,15.0,6450.0,145.0
2021-01-05 09:46:20.731,0.0101,0.0099,10.0,0.0096,15.0,6450.0,145.0
2021-01-05 09:46:21.240,0.0101,0.0099,10.0,0.0096,15.0,6450.0,145.0
2021-01-05 09:46:21.611,0.0101,0.0098,11.0,0.0096,15.0,6450.0,145.0
2021-01-05 09:46:22.220,0.0101,0.0098,18.0,0.0096,15.0,6450.0,145.0
2021-01-05 09:46:22.690,0.0101,0.0098,33.0,0.0095,35.0,6450.0,145.0
2021-01-05 09:46:23.201,0.0101,0.0098,33.0,0.0095,35.0,6450.0,145.0
2021-01-05 09:46:23.710,0.0101,0.0096,5.0,0.0095,35.0,6450.0,145.0
2021-01-05 09:46:24.221,0.0096,0.0098,33.0,0.0095,35.0,6450.0,150.0
2021-01-05 09:46:24.631,0.0096,0.0098,33.0,0.0095,35.0,6450.0,150.0
2021-01-05 09:46:25.211,0.0096,0.0097,15.0,0.0095,20.0,6450.0,150.0
2021-01-05 09:46:26.711,0.0096,0.0097,15.0,0.0095,20.0,6450.0,150.0
2021-01-05 09:46:27.201,0.0096,0.0097,15.0,0.0095,20.0,6450.0,150.0
2021-01-05 09:46:27.720,0.0096,0.0098,33.0,0.0095,35.0,6450.0,150.0
2021-01-05 09:46:28.181,0.0096,0.0097,15.0,0.0095,20.0,6450.0,150.0
2021-01-05 09:46:29.710,0.0096,0.0098,33.0,0.0095,35.0,6450.0,150.0
2021-01-05 09:46:30.721,0.0096,0.0098,33.0,0.0095,25.0,6450.0,150.0
2021-01-05 09:46:31.670,0.0096,0.0097,15.0,0.0095,10.0,6450.0,150.0
2021-01-05 09:46:32.701,0.0096,0.0097,15.0,0.0095,10.0,6450.0,150.0
2021-01-05 09:46:33.210,0.0096,0.0097,15.0,0.0095,20.0,6450.0,150.0
2021-01-05 09:46:34.171,0.0096,0.0097,15.0,0.0095,10.0,6450.0,150.0
2021-01-05 09:46:35.231,0.0096,0.0097,15.0,0.0095,10.0,6450.0,150.0
2021-01-05 09:46:35.721,0.0096,0.0097,15.0,0.0095,10.0,6450.0,150.0
2021-01-05 09:46:36.221,0.0096,0.0098,18.0,0.0095,10.0,6450.0,150.0
2021-01-05 09:46:36.730,0.0096,0.0097,15.0,0.0095,10.0,6450.0,150.0
2021-01-05 09:46:37.241,0.0096,0.0097,15.0,0.0095,10.0,6450.0,150.0
2021-01-05 09:46:37.350,0.0096,0.0097,15.0,0.0095,20.0,6450.0,150.0
2021-01-05 09:46:38.201,0.0096,0.0098,18.0,0.0095,10.0,6450.0,150.0
2021-01-05 09:46:38.680,0.0096,0.0097,15.0,0.0095,10.0,6450.0,150.0
2021-01-05 09:46:39.210,0.0096,0.0097,15.0,0.0095,30.0,6450.0,150.0
2021-01-05 09:46:40.230,0.0096,0.0098,33.0,0.0095,25.0,6450.0,150.0
2021-01-05 09:46:40.670,0.0096,0.0098,28.0,0.0096,15.0,6450.0,150.0
2021-01-05 09:46:41.250,0.0096,0.0098,43.0,0.0095,25.0,6450.0,150.0
2021-01-05 09:46:41.730,0.0096,0.0097,15.0,0.0095,10.0,6450.0,150.0
2021-01-05 09:46:42.230,0.0096,0.0097,15.0,0.0095,10.0,6450.0,150.0
2021-01-05 09:46:44.230,0.0096,0.0098,33.0,0.0095,25.0,6450.0,150.0
2021-01-05 09:46:44.681,0.0096,0.0098,43.0,0.0095,25.0,6450.0,150.0
2021-01-05 09:46:45.161,0.0096,0.0098,28.0,0.0095,10.0,6450.0,150.0
2021-01-05 09:46:45.711,0.0096,0.0098,28.0,0.0095,10.0,6450.0,150.0
2021-01-05 09:46:46.251,0.0096,0.0098,43.0,0.0095,25.0,6450.0,150.0
2021-01-05 09:46:46.671,0.0096,0.0098,43.0,0.0095,25.0,6450.0,150.0
2021-01-05 09:46:47.230,0.0096,0.0097,15.0,0.0095,10.0,6450.0,150.0
2021-01-05 09:46:47.701,0.0096,0.0097,15.0,0.0095,10.0,6450.0,150.0
2021-01-05 09:46:48.081,0.0096,0.0098,18.0,0.0095,10.0,6450.0,150.0
2021-01-05 09:46:48.761,0.0096,0.0098,43.0,0.0095,25.0,6450.0,150.0
2021-01-05 09:46:49.251,0.0096,0.0098,43.0,0.0095,25.0,6450.0,150.0
2021-01-05 09:46:49.730,0.0096,0.0098,43.0,0.0095,25.0,6450.0,150.0
2021-01-05 09:46:50.170,0.0096,0.0098,43.0,0.0095,25.0,6450.0,150.0
2021-01-05 09:46:50.661,0.0096,0.0098,43.0,0.0095,25.0,6450.0,150.0
2021-01-05 09:46:51.261,0.0096,0.0098,43.0,0.0095,25.0,6450.0,150.0
2021-01-05 09:46:56.711,0.0096,0.0098,43.0,0.0095,25.0,6450.0,150.0
2021-01-05 09:46:57.080,0.0096,0.0098,43.0,0.0095,25.0,6450.0,150.0
2021-01-05 09:47:00.741,0.0096,0.0098,43.0,0.0095,25.0,6450.0,150.0
2021-01-05 09:47:01.721,0.0096,0.0098,43.0,0.0095,45.0,6450.0,150.0
2021-01-05 09:47:02.230,0.0096,0.0098,43.0,0.0095,25.0,6450.0,150.0
2021-01-05 09:47:02.741,0.0096,0.0098,43.0,0.0095,45.0,6450.0,150.0
2021-01-05 09:47:03.220,0.0096,0.0098,43.0,0.0095,25.0,6450.0,150.0
2021-01-05 09:47:03.740,0.0096,0.0098,33.0,0.0095,55.0,6450.0,150.0
2021-01-05 09:47:04.211,0.0096,0.0098,33.0,0.0095,45.0,6450.0,150.0
2021-01-05 09:47:04.751,0.0096,0.0098,28.0,0.0096,15.0,6450.0,150.0
2021-01-05 09:47:05.250,0.0096,0.0098,18.0,0.0096,15.0,6450.0,150.0
2021-01-05 09:47:05.750,0.0096,0.0098,43.0,0.0095,45.0,6450.0,150.0
2021-01-05 09:47:06.251,0.0096,0.0098,28.0,0.0095,40.0,6450.0,150.0
2021-01-05 09:47:06.750,0.0096,0.0098,33.0,0.0095,55.0,6450.0,150.0
2021-01-05 09:47:07.721,0.0096,0.0098,18.0,0.0096,15.0,6450.0,150.0
2021-01-05 09:47:08.230,0.0096,0.0098,18.0,0.0096,15.0,6450.0,150.0
2021-01-05 09:47:09.221,0.0096,0.0098,18.0,0.0096,15.0,6450.0,150.0
2021-01-05 09:47:09.751,0.0096,0.0098,18.0,0.0096,35.0,6450.0,150.0
2021-01-05 09:47:10.260,0.0096,0.0098,18.0,0.0096,35.0,6450.0,150.0
2021-01-05 09:47:11.250,0.0096,0.0098,18.0,0.0096,35.0,6450.0,150.0
2021-01-05 09:47:11.751,0.0096,0.0098,18.0,0.0096,45.0,6450.0,150.0
2021-01-05 09:47:12.241,0.0096,0.0098,18.0,0.0096,45.0,6450.0,150.0
2021-01-05 09:47:13.201,0.0096,0.0098,18.0,0.0096,35.0,6450.0,150.0
2021-01-05 09:47:14.721,0.0096,0.0098,18.0,0.0097,15.0,6450.0,150.0
2021-01-05 09:47:15.230,0.0096,0.0098,18.0,0.0097,15.0,6450.0,150.0
2021-01-05 09:47:15.701,0.0096,0.0098,18.0,0.0096,35.0,6450.0,150.0
2021-01-05 09:47:16.241,0.0096,0.0098,18.0,0.0096,45.0,6450.0,150.0
2021-01-05 09:47:19.261,0.0096,0.0098,18.0,0.0096,45.0,6450.0,150.0
2021-01-05 09:47:19.760,0.0096,0.0098,18.0,0.0097,15.0,6450.0,150.0
2021-01-05 09:47:20.160,0.0096,0.0098,18.0,0.0097,40.0,6450.0,150.0
2021-01-05 09:47:20.761,0.0096,0.0098,18.0,0.0097,40.0,6450.0,150.0
2021-01-05 09:47:21.760,0.0096,0.0098,18.0,0.0097,40.0,6450.0,150.0
2021-01-05 09:47:22.240,0.0096,0.0098,18.0,0.0097,40.0,6450.0,150.0
2021-01-05 09:47:23.710,0.0096,0.0098,18.0,0.0097,55.0,6450.0,150.0
2021-01-05 09:47:25.710,0.0096,0.0098,18.0,0.0097,20.0,6450.0,150.0
2021-01-05 09:47:26.180,0.0096,0.0098,18.0,0.0097,35.0,6450.0,150.0
2021-01-05 09:47:26.680,0.0096,0.0098,18.0,0.0097,55.0,6450.0,150.0
2021-01-05 09:47:27.721,0.0098,0.0098,3.0,0.0097,40.0,6450.0,165.0
2021-01-05 09:47:28.230,0.0098,0.0101,20.0,0.0097,40.0,6450.0,168.0
2021-01-05 09:47:28.710,0.0098,0.01,15.0,0.0097,55.0,6450.0,168.0
2021-01-05 09:47:29.181,0.0098,0.01,25.0,0.0097,55.0,6450.0,168.0
2021-01-05 09:47:30.720,0.0098,0.01,25.0,0.0097,55.0,6450.0,168.0
2021-01-05 09:47:31.661,0.0098,0.01,25.0,0.0097,55.0,6450.0,168.0
2021-01-05 09:47:33.181,0.0098,0.01,10.0,0.0098,15.0,6450.0,168.0
2021-01-05 09:47:33.730,0.0098,0.01,10.0,0.0098,15.0,6450.0,168.0
2021-01-05 09:47:34.231,0.0098,0.01,10.0,0.0098,15.0,6450.0,168.0
2021-01-05 09:47:34.750,0.0098,0.01,10.0,0.0098,15.0,6450.0,168.0
2021-01-05 09:47:35.000,0.0098,0.01,10.0,0.0098,15.0,6450.0,168.0
2021-01-05 09:47:35.740,0.0098,0.01,25.0,0.0097,35.0,6450.0,168.0
2021-01-05 09:47:36.241,0.0098,0.01,10.0,0.0098,15.0,6450.0,168.0
2021-01-05 09:47:36.721,0.0098,0.01,10.0,0.0098,15.0,6450.0,168.0
2021-01-05 09:47:37.251,0.0098,0.01,10.0,0.0098,15.0,6450.0,168.0
2021-01-05 09:47:37.761,0.0098,0.01,10.0,0.0098,15.0,6450.0,168.0
2021-01-05 09:47:39.261,0.0098,0.01,25.0,0.0097,35.0,6450.0,168.0
2021-01-05 09:47:39.751,0.0098,0.01,10.0,0.0098,15.0,6450.0,168.0
2021-01-05 09:47:40.260,0.0098,0.01,15.0,0.0097,35.0,6450.0,168.0
2021-01-05 09:47:40.761,0.0098,0.0101,25.0,0.0098,15.0,6450.0,168.0
2021-01-05 09:47:41.261,0.0098,0.01,15.0,0.0097,35.0,6450.0,168.0
2021-01-05 09:47:41.701,0.0098,0.0101,10.0,0.0097,30.0,6450.0,168.0
2021-01-05 09:47:42.250,0.0098,0.0101,10.0,0.0097,30.0,6450.0,168.0
2021-01-05 09:47:42.500,0.0098,0.0101,10.0,0.0097,30.0,6450.0,168.0
2021-01-05 09:47:43.251,0.0098,0.0101,10.0,0.0097,45.0,6450.0,168.0
2021-01-05 09:47:43.720,0.0098,0.0101,25.0,0.0098,15.0,6450.0,168.0
2021-01-05 09:47:44.260,0.0098,0.0101,10.0,0.0098,15.0,6450.0,168.0
2021-01-05 09:47:44.761,0.0098,0.0101,25.0,0.0098,15.0,6450.0,168.0
2021-01-05 09:47:45.251,0.0098,0.0101,10.0,0.0098,15.0,6450.0,168.0
2021-01-05 09:47:45.760,0.0098,0.0101,25.0,0.0098,15.0,6450.0,168.0
2021-01-05 09:47:46.740,0.0098,0.0101,25.0,0.0098,15.0,6450.0,168.0
