,last,ask1,asize1,bid1,bsize1,oi,volume
2021-01-05 09:25:00.080,,0.0492,1.0,0.0454,1.0,5065.0,
2021-01-05 09:29:55.001,,0.0492,1.0,0.0454,1.0,5065.0,
2021-01-05 09:30:00.991,,0.0492,21.0,0.0462,20.0,5065.0,
2021-01-05 09:30:01.450,,0.0532,1.0,0.0462,20.0,5065.0,
2021-01-05 09:30:01.990,,0.0532,1.0,0.0447,1.0,5065.0,
2021-01-05 09:30:02.511,,0.0504,20.0,0.0463,20.0,5065.0,
2021-01-05 09:30:02.611,,0.0504,20.0,0.0465,20.0,5065.0,
2021-01-05 09:30:03.980,,0.0504,20.0,0.0463,20.0,5065.0,
2021-01-05 09:30:05.010,,0.0532,1.0,0.0463,20.0,5065.0,
2021-01-05 09:30:05.481,,0.0506,20.0,0.0466,20.0,5065.0,
2021-01-05 09:30:05.990,,0.0532,1.0,0.0463,20.0,5065.0,
2021-01-05 09:30:07.471,,0.051,20.0,0.047,20.0,5065.0,
2021-01-05 09:30:13.000,,0.051,20.0,0.0468,20.0,5065.0,
2021-01-05 09:30:13.501,,0.0508,20.0,0.0468,20.0,5065.0,
2021-01-05 09:30:15.520,,0.0508,20.0,0.0468,20.0,5065.0,
2021-01-05 09:30:17.021,,0.0508,20.0,0.0466,20.0,5065.0,
2021-01-05 09:30:18.231,,0.0508,20.0,0.0463,20.0,5065.0,
2021-01-05 09:30:18.750,,0.0505,20.0,0.0463,20.0,5065.0,
2021-01-05 09:30:19.251,,0.0505,20.0,0.0463,20.0,5065.0,
2021-01-05 09:30:19.751,,0.0505,20.0,0.0463,20.0,5065.0,
2021-01-05 09:30:20.740,,0.0505,20.0,0.0465,20.0,5065.0,
2021-01-05 09:30:22.240,,0.0506,20.0,0.0466,20.0,5065.0,
2021-01-05 09:30:24.161,,0.0508,20.0,0.0463,20.0,5065.0,
2021-01-05 09:30:24.661,,0.0508,20.0,0.0467,20.0,5065.0,
2021-01-05 09:30:25.160,,0.0508,20.0,0.0467,20.0,5065.0,
2021-01-05 09:30:31.121,,0.0506,20.0,0.0467,20.0,5065.0,
2021-01-05 09:30:32.140,,0.0506,20.0,0.0465,20.0,5065.0,
2021-01-05 09:30:32.631,,0.0505,20.0,0.0465,20.0,5065.0,
2021-01-05 09:30:42.671,,0.0505,20.0,0.0463,20.0,5065.0,
2021-01-05 09:30:43.180,,0.0503,20.0,0.0463,20.0,5065.0,
2021-01-05 09:30:43.681,,0.0503,20.0,0.0463,30.0,5065.0,
2021-01-05 09:30:44.181,,0.0503,20.0,0.0463,30.0,5065.0,
2021-01-05 09:30:44.650,,0.0503,20.0,0.0463,30.0,5065.0,
2021-01-05 09:30:45.710,,0.0503,20.0,0.0463,30.0,5065.0,
2021-01-05 09:30:46.701,,0.0503,20.0,0.0463,30.0,5065.0,
2021-01-05 09:30:47.691,,0.0501,20.0,0.0463,30.0,5065.0,
2021-01-05 09:30:48.200,,0.0501,30.0,0.0463,30.0,5065.0,
2021-01-05 09:31:00.681,,0.0501,30.0,0.0463,30.0,5065.0,
2021-01-05 09:31:01.150,,0.0501,30.0,0.0463,30.0,5065.0,
2021-01-05 09:31:01.680,,0.0501,30.0,0.0463,30.0,5065.0,
2021-01-05 09:31:03.680,,0.0501,30.0,0.0463,30.0,5065.0,
2021-01-05 09:31:04.051,,0.0501,30.0,0.0473,10.0,5065.0,
2021-01-05 09:31:04.671,,0.0501,30.0,0.0473,40.0,5065.0,
2021-01-05 09:31:05.190,,0.0501,30.0,0.0473,40.0,5065.0,
2021-01-05 09:31:05.670,,0.0501,30.0,0.0473,40.0,5065.0,
2021-01-05 09:31:06.681,,0.0501,30.0,0.0473,20.0,5065.0,
2021-01-05 09:31:07.670,,0.0501,30.0,0.0473,20.0,5065.0,
2021-01-05 09:31:11.701,,0.0501,30.0,0.0473,40.0,5065.0,
2021-01-05 09:31:12.711,,0.0501,30.0,0.0473,40.0,5065.0,
2021-01-05 09:31:18.720,,0.0494,10.0,0.0473,30.0,5065.0,
2021-01-05 09:31:19.150,,0.0494,20.0,0.0473,10.0,5065.0,
2021-01-05 09:31:19.721,,0.0494,40.0,0.0473,30.0,5065.0,
2021-01-05 09:31:22.620,,0.0494,40.0,0.0473,20.0,5065.0,
2021-01-05 09:31:23.171,,0.0494,40.0,0.0473,10.0,5065.0,
2021-01-05 09:31:23.640,,0.0494,40.0,0.0473,30.0,5065.0,
2021-01-05 09:31:25.640,,0.0494,40.0,0.0473,10.0,5065.0,
2021-01-05 09:31:26.141,,0.0494,53.0,0.0473,10.0,5065.0,
2021-01-05 09:31:27.171,,0.0494,40.0,0.0473,10.0,5065.0,
2021-01-05 09:31:31.150,,0.0493,13.0,0.0473,10.0,5065.0,
2021-01-05 09:31:32.191,,0.0493,13.0,0.0473,10.0,5065.0,
2021-01-05 09:31:32.671,,0.0493,13.0,0.0473,10.0,5065.0,
2021-01-05 09:31:33.190,,0.0493,23.0,0.0471,20.0,5065.0,
2021-01-05 09:31:34.681,,0.0493,23.0,0.047,10.0,5065.0,
2021-01-05 09:31:35.670,,0.0486,10.0,0.047,10.0,5065.0,
2021-01-05 09:31:36.181,,0.0486,40.0,0.047,10.0,5065.0,
2021-01-05 09:31:37.191,,0.0485,3.0,0.047,10.0,5065.0,
2021-01-05 09:31:38.190,,0.0485,3.0,0.047,10.0,5065.0,
2021-01-05 09:31:39.210,,0.0485,3.0,0.047,10.0,5065.0,
2021-01-05 09:31:39.710,,0.0483,12.0,0.047,10.0,5065.0,
2021-01-05 09:31:40.200,,0.0479,10.0,0.0468,10.0,5065.0,
2021-01-05 09:31:40.711,,0.0477,12.0,0.0466,10.0,5065.0,
2021-01-05 09:31:41.191,,0.0477,22.0,0.0465,10.0,5065.0,
2021-01-05 09:31:41.700,,0.0475,12.0,0.0465,10.0,5065.0,
2021-01-05 09:31:42.211,,0.0475,22.0,0.0464,20.0,5065.0,
2021-01-05 09:31:42.711,,0.0473,12.0,0.0464,20.0,5065.0,
2021-01-05 09:31:43.191,,0.0473,22.0,0.0464,10.0,5065.0,
2021-01-05 09:31:43.690,,0.0471,12.0,0.0464,10.0,5065.0,
2021-01-05 09:31:44.190,,0.0472,10.0,0.0464,10.0,5065.0,
2021-01-05 09:31:44.670,,0.0472,10.0,0.0464,10.0,5065.0,
2021-01-05 09:31:45.170,,0.0472,10.0,0.0464,10.0,5065.0,
2021-01-05 09:31:45.621,,0.0472,10.0,0.0464,10.0,5065.0,
2021-01-05 09:31:46.701,,0.0472,10.0,0.0464,10.0,5065.0,
2021-01-05 09:31:47.191,,0.0472,10.0,0.0464,10.0,5065.0,
2021-01-05 09:31:47.711,,0.0472,10.0,0.0464,10.0,5065.0,
2021-01-05 09:31:49.221,,0.0472,10.0,0.0464,10.0,5065.0,
2021-01-05 09:31:49.711,,0.0472,30.0,0.0464,10.0,5065.0,
2021-01-05 09:31:50.191,,0.0472,30.0,0.0464,10.0,5065.0,
2021-01-05 09:31:50.710,,0.0472,42.0,0.0464,10.0,5065.0,
2021-01-05 09:31:51.701,,0.0471,12.0,0.0464,10.0,5065.0,
2021-01-05 09:31:52.220,,0.0472,42.0,0.0464,10.0,5065.0,
2021-01-05 09:31:53.640,,0.0472,30.0,0.0464,10.0,5065.0,
2021-01-05 09:31:54.151,,0.0472,30.0,0.0464,10.0,5065.0,
2021-01-05 09:31:54.151,,0.0472,42.0,0.0464,10.0,5065.0,
2021-01-05 09:31:58.171,,0.0472,30.0,0.0464,10.0,5065.0,
2021-01-05 09:31:58.640,,0.0472,30.0,0.0464,10.0,5065.0,
2021-01-05 09:32:00.150,,0.0472,30.0,0.0464,10.0,5065.0,
2021-01-05 09:32:00.650,,0.0472,42.0,0.0464,10.0,5065.0,
2021-01-05 09:32:01.170,,0.0471,12.0,0.0464,10.0,5065.0,
2021-01-05 09:32:01.670,,0.0471,12.0,0.0464,10.0,5065.0,
2021-01-05 09:32:02.171,,0.0469,10.0,0.0464,10.0,5065.0,
2021-01-05 09:32:02.671,,0.0469,40.0,0.0464,10.0,5065.0,
2021-01-05 09:32:03.180,,0.0469,40.0,0.0464,10.0,5065.0,
2021-01-05 09:32:03.180,,0.0469,40.0,0.0464,10.0,5065.0,
2021-01-05 09:32:04.161,,0.0469,40.0,0.0464,10.0,5065.0,
2021-01-05 09:32:04.661,,0.0469,40.0,0.0464,10.0,5065.0,
2021-01-05 09:32:05.141,,0.0469,40.0,0.0464,10.0,5065.0,
2021-01-05 09:32:05.660,,0.0469,40.0,0.0464,10.0,5065.0,
2021-01-05 09:32:06.161,,0.0469,40.0,0.0464,10.0,5065.0,
2021-01-05 09:32:06.680,,0.0469,40.0,0.0464,10.0,5065.0,
2021-01-05 09:32:07.070,,0.0468,12.0,0.0464,10.0,5065.0,
2021-01-05 09:32:08.171,,0.0467,12.0,0.0464,10.0,5065.0,
2021-01-05 09:32:08.670,,0.0467,22.0,0.0464,10.0,5065.0,
2021-01-05 09:32:09.141,,0.0467,10.0,0.0464,10.0,5065.0,
2021-01-05 09:32:09.681,,0.0467,10.0,0.0464,10.0,5065.0,
2021-01-05 09:32:10.161,,0.0467,10.0,0.0464,10.0,5065.0,
2021-01-05 09:32:10.630,,0.0467,10.0,0.0464,10.0,5065.0,
2021-01-05 09:32:11.170,,0.0467,10.0,0.0464,10.0,5065.0,
2021-01-05 09:32:11.650,,0.0467,10.0,0.0464,10.0,5065.0,
2021-01-05 09:32:12.670,,0.0467,10.0,0.0464,10.0,5065.0,
2021-01-05 09:32:13.171,,0.0467,10.0,0.0464,10.0,5065.0,
2021-01-05 09:32:13.680,,0.0467,10.0,0.0464,10.0,5065.0,
2021-01-05 09:32:14.660,,0.0467,10.0,0.0464,10.0,5065.0,
2021-01-05 09:32:15.171,,0.0467,10.0,0.0464,10.0,5065.0,
2021-01-05 09:32:15.671,,0.0467,10.0,0.0464,10.0,5065.0,
2021-01-05 09:32:16.551,0.0464,0.0467,30.0,0.0458,10.0,5065.0,10.0
2021-01-05 09:32:17.161,0.0464,0.0467,30.0,0.0457,10.0,5065.0,10.0
2021-01-05 09:32:17.651,0.0464,0.0467,30.0,0.0457,10.0,5065.0,10.0
2021-01-05 09:32:18.670,0.0464,0.0467,30.0,0.0457,10.0,5065.0,10.0
2021-01-05 09:32:20.151,0.0464,0.0467,30.0,0.0457,10.0,5065.0,10.0
2021-01-05 09:32:20.671,0.0464,0.0467,30.0,0.0457,10.0,5065.0,10.0
2021-01-05 09:32:23.180,0.0464,0.0467,30.0,0.0457,10.0,5065.0,10.0
2021-01-05 09:32:24.160,0.0464,0.0467,30.0,0.0457,10.0,5065.0,10.0
2021-01-05 09:32:26.171,0.0464,0.0467,30.0,0.0457,10.0,5065.0,10.0
2021-01-05 09:32:26.650,0.0464,0.0467,30.0,0.0457,10.0,5065.0,10.0
2021-01-05 09:32:28.171,0.0464,0.0467,30.0,0.0457,10.0,5065.0,10.0
2021-01-05 09:32:28.431,0.0464,0.0466,12.0,0.0457,10.0,5065.0,10.0
2021-01-05 09:32:29.180,0.0464,0.0466,22.0,0.0457,20.0,5065.0,10.0
2021-01-05 09:32:30.171,0.0464,0.0466,10.0,0.0457,10.0,5065.0,10.0
2021-01-05 09:32:31.691,0.0464,0.0466,22.0,0.0457,10.0,5065.0,10.0
2021-01-05 09:32:32.121,0.0464,0.0466,10.0,0.0457,10.0,5065.0,10.0
2021-01-05 09:32:33.671,0.0464,0.0466,22.0,0.0457,10.0,5065.0,10.0
2021-01-05 09:32:34.691,0.0464,0.0466,10.0,0.0457,10.0,5065.0,10.0
2021-01-05 09:32:35.170,0.0464,0.0466,10.0,0.0457,10.0,5065.0,10.0
2021-01-05 09:32:41.690,0.0464,0.0466,20.0,0.0455,10.0,5065.0,10.0
2021-01-05 09:32:42.700,0.0464,0.0466,32.0,0.0455,10.0,5065.0,10.0
2021-01-05 09:32:44.151,0.0464,0.0466,20.0,0.0455,10.0,5065.0,10.0
2021-01-05 09:32:45.190,0.0464,0.0466,20.0,0.0455,10.0,5065.0,10.0
2021-01-05 09:32:45.580,0.0464,0.0466,20.0,0.0455,10.0,5065.0,10.0
2021-01-05 09:32:47.701,0.0464,0.0466,32.0,0.0455,10.0,5065.0,10.0
2021-01-05 09:32:48.181,0.0464,0.0466,32.0,0.0455,10.0,5065.0,10.0
2021-01-05 09:32:48.690,0.0464,0.0466,32.0,0.0455,10.0,5065.0,10.0
2021-01-05 09:32:48.690,0.0464,0.0466,32.0,0.0455,10.0,5065.0,10.0
2021-01-05 09:32:49.670,0.0464,0.0466,10.0,0.0455,10.0,5065.0,10.0
2021-01-05 09:32:50.171,0.0464,0.0464,12.0,0.0453,10.0,5065.0,10.0
2021-01-05 09:32:50.650,0.0464,0.0464,10.0,0.0453,10.0,5065.0,10.0
2021-01-05 09:32:51.170,0.0464,0.0464,22.0,0.0453,10.0,5065.0,10.0
2021-01-05 09:32:51.701,0.0464,0.0464,30.0,0.0453,10.0,5065.0,10.0
2021-01-05 09:32:51.701,0.0464,0.0464,30.0,0.0453,10.0,5065.0,10.0
2021-01-05 09:32:53.161,0.0464,0.0464,30.0,0.0453,10.0,5065.0,10.0
2021-01-05 09:32:54.490,0.0464,0.0464,10.0,0.0453,10.0,5065.0,10.0
2021-01-05 09:32:56.150,0.0464,0.0464,30.0,0.0453,10.0,5065.0,10.0
2021-01-05 09:32:57.181,0.0464,0.0464,30.0,0.0453,10.0,5065.0,10.0
2021-01-05 09:32:57.181,0.0464,0.0464,30.0,0.0453,10.0,5065.0,10.0
2021-01-05 09:32:58.171,0.0464,0.0464,30.0,0.0453,10.0,5065.0,10.0
2021-01-05 09:33:01.141,0.0464,0.0464,30.0,0.0453,10.0,5065.0,10.0
2021-01-05 09:33:02.620,0.0464,0.0464,30.0,0.0454,10.0,5065.0,10.0
2021-01-05 09:33:03.171,0.0464,0.0464,30.0,0.0454,20.0,5065.0,10.0
2021-01-05 09:33:03.681,0.0464,0.0464,30.0,0.0454,10.0,5065.0,10.0
2021-01-05 09:33:04.140,0.0464,0.0464,10.0,0.0454,10.0,5065.0,10.0
2021-01-05 09:33:04.651,0.0464,0.0464,10.0,0.0454,30.0,5065.0,10.0
2021-01-05 09:33:05.181,0.0464,0.0464,10.0,0.0454,10.0,5065.0,10.0
2021-01-05 09:33:06.170,0.0464,0.0464,10.0,0.0454,10.0,5065.0,10.0
2021-01-05 09:33:06.681,0.0464,0.0464,10.0,0.0454,10.0,5065.0,10.0
2021-01-05 09:33:07.171,0.0464,0.0464,10.0,0.0454,30.0,5065.0,10.0
2021-01-05 09:33:07.601,0.0464,0.0464,10.0,0.0454,10.0,5065.0,10.0
2021-01-05 09:33:08.681,0.0464,0.0464,10.0,0.0454,10.0,5065.0,10.0
2021-01-05 09:33:09.181,0.0464,0.0464,30.0,0.0454,10.0,5065.0,10.0
2021-01-05 09:33:09.630,0.0464,0.0464,10.0,0.0454,10.0,5065.0,10.0
2021-01-05 09:33:10.180,0.0464,0.0464,10.0,0.0454,10.0,5065.0,10.0
2021-01-05 09:33:10.681,0.0464,0.0464,10.0,0.0454,10.0,5065.0,10.0
2021-01-05 09:33:12.650,0.0464,0.0464,10.0,0.0454,10.0,5065.0,10.0
2021-01-05 09:33:14.650,0.0464,0.0464,10.0,0.0454,10.0,5065.0,10.0
2021-01-05 09:33:15.140,0.0464,0.0464,10.0,0.0454,10.0,5065.0,10.0
2021-01-05 09:33:15.651,0.0464,0.0464,10.0,0.0454,10.0,5065.0,10.0
2021-01-05 09:33:16.671,0.0464,0.0464,10.0,0.0458,10.0,5065.0,10.0
2021-01-05 09:33:17.190,0.0464,0.0464,10.0,0.0458,10.0,5065.0,10.0
2021-01-05 09:33:17.551,0.0464,0.0464,10.0,0.0458,10.0,5065.0,10.0
2021-01-05 09:33:18.680,0.0464,0.0464,10.0,0.0458,20.0,5065.0,10.0
2021-01-05 09:33:19.660,0.0464,0.0464,10.0,0.0458,20.0,5065.0,10.0
2021-01-05 09:33:19.950,0.0464,0.0464,10.0,0.0458,20.0,5065.0,10.0
2021-01-05 09:33:23.660,0.0464,0.0464,10.0,0.0458,10.0,5065.0,10.0
2021-01-05 09:33:25.151,0.0464,0.0467,20.0,0.0458,10.0,5065.0,10.0
2021-01-05 09:33:25.671,0.0464,0.0467,30.0,0.0458,20.0,5065.0,10.0
2021-01-05 09:33:26.161,0.0464,0.0467,30.0,0.0458,20.0,5065.0,10.0
2021-01-05 09:33:27.171,0.0464,0.0467,10.0,0.0458,20.0,5065.0,10.0
2021-01-05 09:33:27.681,0.0464,0.0467,10.0,0.0458,20.0,5065.0,10.0
2021-01-05 09:33:28.670,0.0464,0.0467,10.0,0.0458,20.0,5065.0,10.0
2021-01-05 09:33:29.681,0.0464,0.0467,10.0,0.0458,20.0,5065.0,10.0
2021-01-05 09:33:36.681,0.0464,0.0467,10.0,0.0458,20.0,5065.0,10.0
2021-01-05 09:33:37.640,0.0464,0.0467,10.0,0.0458,20.0,5065.0,10.0
2021-01-05 09:33:38.621,0.0464,0.0467,10.0,0.0458,20.0,5065.0,10.0
2021-01-05 09:33:39.641,0.0464,0.0467,30.0,0.0458,20.0,5065.0,10.0
2021-01-05 09:33:42.100,0.0464,0.0467,30.0,0.0458,10.0,5065.0,10.0
2021-01-05 09:33:42.640,0.0464,0.0467,30.0,0.0458,10.0,5065.0,10.0
2021-01-05 09:33:43.180,0.0464,0.0467,30.0,0.0458,10.0,5065.0,10.0
2021-01-05 09:33:44.110,0.0464,0.0467,30.0,0.0458,10.0,5065.0,10.0
2021-01-05 09:33:46.680,0.0464,0.0467,30.0,0.0458,10.0,5065.0,10.0
2021-01-05 09:33:47.191,0.0464,0.0467,42.0,0.0458,10.0,5065.0,10.0
2021-01-05 09:33:47.681,0.0464,0.0467,30.0,0.0458,10.0,5065.0,10.0
2021-01-05 09:33:50.130,0.0464,0.0467,30.0,0.0458,10.0,5065.0,10.0
2021-01-05 09:33:52.190,0.0464,0.0467,42.0,0.0458,10.0,5065.0,10.0
2021-01-05 09:33:54.180,0.0464,0.0467,42.0,0.0457,10.0,5065.0,10.0
2021-01-05 09:33:54.610,0.0464,0.0467,42.0,0.0457,10.0,5065.0,10.0
2021-01-05 09:33:55.650,0.0464,0.0466,12.0,0.0457,10.0,5065.0,10.0
2021-01-05 09:33:56.120,0.0464,0.0466,10.0,0.0457,10.0,5065.0,10.0
2021-01-05 09:33:56.681,0.0464,0.0466,10.0,0.0457,10.0,5065.0,10.0
2021-01-05 09:33:57.171,0.0464,0.0466,10.0,0.0457,10.0,5065.0,10.0
2021-01-05 09:33:57.671,0.0464,0.0466,22.0,0.0457,10.0,5065.0,10.0
2021-01-05 09:33:58.170,0.0464,0.0466,22.0,0.0457,10.0,5065.0,10.0
2021-01-05 09:33:59.690,0.0464,0.0465,12.0,0.0456,10.0,5065.0,10.0
2021-01-05 09:34:00.191,0.0464,0.0465,42.0,0.0455,10.0,5065.0,10.0
2021-01-05 09:34:00.671,0.0464,0.0464,12.0,0.0455,10.0,5065.0,10.0
2021-01-05 09:34:01.081,0.0464,0.0464,10.0,0.0455,10.0,5065.0,10.0
2021-01-05 09:34:01.661,0.0464,0.0464,10.0,0.0455,10.0,5065.0,10.0
2021-01-05 09:34:01.951,0.0464,0.0464,10.0,0.0455,10.0,5065.0,10.0
2021-01-05 09:34:02.671,0.0464,0.0464,10.0,0.0455,10.0,5065.0,10.0
2021-01-05 09:34:03.171,0.0464,0.0464,10.0,0.0455,10.0,5065.0,10.0
2021-01-05 09:34:05.121,0.0464,0.0464,10.0,0.0455,10.0,5065.0,10.0
2021-01-05 09:34:06.681,0.0464,0.0464,20.0,0.0455,10.0,5065.0,10.0
2021-01-05 09:34:08.171,0.0464,0.0464,20.0,0.0455,10.0,5065.0,10.0
2021-01-05 09:34:08.690,0.0464,0.0463,12.0,0.0455,10.0,5065.0,10.0
2021-01-05 09:34:09.170,0.0464,0.0463,42.0,0.0455,10.0,5065.0,10.0
2021-01-05 09:34:10.690,0.0464,0.0463,30.0,0.0455,10.0,5065.0,10.0
2021-01-05 09:34:11.681,0.0464,0.0463,30.0,0.0455,10.0,5065.0,10.0
2021-01-05 09:34:12.640,0.0464,0.0463,30.0,0.0455,10.0,5065.0,10.0
2021-01-05 09:34:13.191,0.0464,0.0463,30.0,0.0455,10.0,5065.0,10.0
2021-01-05 09:34:13.681,0.0464,0.0463,30.0,0.0455,10.0,5065.0,10.0
2021-01-05 09:34:14.181,0.0464,0.0463,30.0,0.0455,10.0,5065.0,10.0
2021-01-05 09:34:14.691,0.0464,0.0463,10.0,0.0455,10.0,5065.0,10.0
2021-01-05 09:34:15.181,0.0464,0.0463,10.0,0.0455,10.0,5065.0,10.0
2021-01-05 09:34:15.681,0.0464,0.0463,10.0,0.0455,10.0,5065.0,10.0
2021-01-05 09:34:15.900,0.0464,0.0463,10.0,0.0455,10.0,5065.0,10.0
2021-01-05 09:34:17.181,0.0464,0.0463,30.0,0.0455,10.0,5065.0,10.0
2021-01-05 09:34:17.690,0.0464,0.0463,30.0,0.0455,10.0,5065.0,10.0
2021-01-05 09:34:19.700,0.0464,0.0463,30.0,0.0454,10.0,5065.0,10.0
2021-01-05 09:34:20.180,0.0464,0.0463,30.0,0.0454,10.0,5065.0,10.0
2021-01-05 09:34:20.651,0.0464,0.0463,30.0,0.0454,10.0,5065.0,10.0
2021-01-05 09:34:22.651,0.0464,0.0463,30.0,0.0454,10.0,5065.0,10.0
2021-01-05 09:34:24.600,0.0464,0.0463,30.0,0.0454,10.0,5065.0,10.0
2021-01-05 09:34:25.171,0.0464,0.0463,30.0,0.0454,10.0,5065.0,10.0
2021-01-05 09:34:26.641,0.0464,0.0461,12.0,0.0454,10.0,5065.0,10.0
2021-01-05 09:34:27.150,0.0464,0.0461,22.0,0.0454,10.0,5065.0,10.0
2021-01-05 09:34:27.321,0.0464,0.0459,12.0,0.0454,10.0,5065.0,10.0
2021-01-05 09:34:28.120,0.0464,0.0459,12.0,0.0454,10.0,5065.0,10.0
2021-01-05 09:34:28.621,0.0464,0.0458,12.0,0.0454,10.0,5065.0,10.0
2021-01-05 09:34:29.090,0.0464,0.0458,22.0,0.0453,10.0,5065.0,10.0
2021-01-05 09:34:29.601,0.0464,0.0456,12.0,0.0453,10.0,5065.0,10.0
2021-01-05 09:34:30.170,0.0464,0.0456,12.0,0.0452,10.0,5065.0,10.0
2021-01-05 09:34:30.610,0.0464,0.0455,12.0,0.0451,10.0,5065.0,10.0
2021-01-05 09:34:31.280,0.0464,0.0455,12.0,0.0451,10.0,5065.0,10.0
2021-01-05 09:34:32.150,0.0464,0.0455,12.0,0.0451,10.0,5065.0,10.0
2021-01-05 09:34:33.691,0.0464,0.0455,12.0,0.0451,10.0,5065.0,10.0
2021-01-05 09:34:34.171,0.0464,0.0455,12.0,0.0451,10.0,5065.0,10.0
2021-01-05 09:34:34.640,0.0464,0.0454,12.0,0.0451,10.0,5065.0,10.0
2021-01-05 09:34:35.570,0.0464,0.0454,12.0,0.0451,10.0,5065.0,10.0
2021-01-05 09:34:36.171,0.0464,0.0453,12.0,0.045,20.0,5065.0,10.0
2021-01-05 09:34:36.680,0.0464,0.0453,12.0,0.045,20.0,5065.0,10.0
2021-01-05 09:34:37.161,0.0464,0.0452,12.0,0.045,10.0,5065.0,10.0
2021-01-05 09:34:37.700,0.0464,0.0453,12.0,0.045,10.0,5065.0,10.0
2021-01-05 09:34:38.690,0.0464,0.0454,22.0,0.045,32.0,5065.0,10.0
2021-01-05 09:34:39.091,0.0464,0.0454,12.0,0.045,22.0,5065.0,10.0
2021-01-05 09:34:40.171,0.0464,0.0454,12.0,0.045,22.0,5065.0,10.0
2021-01-05 09:34:40.601,0.0464,0.0455,22.0,0.0451,12.0,5065.0,10.0
2021-01-05 09:34:41.201,0.0464,0.0453,12.0,0.0451,10.0,5065.0,10.0
2021-01-05 09:34:41.700,0.0464,0.0453,12.0,0.045,10.0,5065.0,10.0
2021-01-05 09:34:42.680,0.0464,0.0453,12.0,0.0449,10.0,5065.0,10.0
2021-01-05 09:34:43.191,0.0464,0.0453,12.0,0.0447,1.0,5065.0,10.0
2021-01-05 09:34:43.660,0.0464,0.0453,10.0,0.0447,1.0,5065.0,10.0
2021-01-05 09:34:44.151,0.0464,0.0451,12.0,0.0447,1.0,5065.0,10.0
2021-01-05 09:34:44.701,0.0464,0.0451,12.0,0.0447,1.0,5065.0,10.0
2021-01-05 09:34:45.200,0.0464,0.0451,12.0,0.0447,1.0,5065.0,10.0
2021-01-05 09:34:45.721,0.0464,0.045,12.0,0.0447,1.0,5065.0,10.0
2021-01-05 09:34:46.140,0.0464,0.045,12.0,0.0447,1.0,5065.0,10.0
2021-01-05 09:34:46.660,0.0464,0.045,12.0,0.0447,1.0,5065.0,10.0
2021-01-05 09:34:47.181,0.0464,0.045,12.0,0.0447,1.0,5065.0,10.0
2021-01-05 09:34:47.701,0.0464,0.045,12.0,0.0447,1.0,5065.0,10.0
2021-01-05 09:34:48.141,0.0464,0.045,12.0,0.0448,1.0,5065.0,10.0
2021-01-05 09:34:48.700,0.0464,0.045,12.0,0.0448,11.0,5065.0,10.0
2021-01-05 09:34:49.171,0.0464,0.0452,10.0,0.0449,12.0,5065.0,10.0
2021-01-05 09:34:49.701,0.0464,0.0452,10.0,0.0449,22.0,5065.0,10.0
2021-01-05 09:34:50.220,0.0464,0.0452,10.0,0.045,12.0,5065.0,10.0
2021-01-05 09:34:50.700,0.0464,0.0451,12.0,0.0449,10.0,5065.0,10.0
2021-01-05 09:34:51.200,0.0464,0.0452,12.0,0.0449,10.0,5065.0,10.0
2021-01-05 09:34:51.651,0.0464,0.0451,12.0,0.0449,10.0,5065.0,10.0
2021-01-05 09:34:52.550,0.0464,0.0451,12.0,0.0449,10.0,5065.0,10.0
2021-01-05 09:34:53.180,0.0464,0.0452,12.0,0.0449,10.0,5065.0,10.0
2021-01-05 09:34:53.651,0.0464,0.0452,12.0,0.0449,10.0,5065.0,10.0
2021-01-05 09:34:54.170,0.0464,0.0452,12.0,0.0449,10.0,5065.0,10.0
2021-01-05 09:34:54.631,0.0464,0.0451,12.0,0.0449,10.0,5065.0,10.0
2021-01-05 09:34:55.161,0.0464,0.0451,12.0,0.0449,10.0,5065.0,10.0
2021-01-05 09:34:55.680,0.0464,0.0452,22.0,0.0449,10.0,5065.0,10.0
2021-01-05 09:34:56.141,0.0464,0.045,12.0,0.0449,10.0,5065.0,10.0
2021-01-05 09:34:56.681,0.0464,0.0451,10.0,0.0448,23.0,5065.0,10.0
2021-01-05 09:34:57.171,0.0464,0.0451,10.0,0.0449,12.0,5065.0,10.0
2021-01-05 09:34:57.670,0.0464,0.0451,12.0,0.0448,11.0,5065.0,10.0
2021-01-05 09:34:58.160,0.0464,0.0451,12.0,0.0448,1.0,5065.0,10.0
2021-01-05 09:34:58.640,0.0464,0.0452,22.0,0.0448,13.0,5065.0,10.0
2021-01-05 09:34:59.170,0.0464,0.0452,12.0,0.0448,23.0,5065.0,10.0
2021-01-05 09:35:00.630,0.0464,0.0452,22.0,0.0448,12.0,5065.0,10.0
2021-01-05 09:35:00.640,0.0464,0.0452,22.0,0.0448,12.0,5065.0,10.0
2021-01-05 09:35:02.680,0.0464,0.0451,12.0,0.0447,24.0,5065.0,10.0
2021-01-05 09:35:03.180,0.0464,0.0452,10.0,0.0449,12.0,5065.0,10.0
2021-01-05 09:35:03.660,0.0464,0.0454,10.0,0.0449,12.0,5065.0,10.0
2021-01-05 09:35:04.181,0.0464,0.0453,12.0,0.0449,12.0,5065.0,10.0
2021-01-05 09:35:05.671,0.0464,0.0453,32.0,0.0449,12.0,5065.0,10.0
2021-01-05 09:35:06.680,0.0464,0.0452,12.0,0.0448,22.0,5065.0,10.0
2021-01-05 09:35:07.131,0.0464,0.0451,12.0,0.0447,12.0,5065.0,10.0
2021-01-05 09:35:07.650,0.0464,0.0451,12.0,0.0447,2.0,5065.0,10.0
2021-01-05 09:35:08.190,0.0464,0.0451,32.0,0.0447,2.0,5065.0,10.0
2021-01-05 09:35:09.191,0.0464,0.0449,12.0,0.0447,2.0,5065.0,10.0
2021-01-05 09:35:09.700,0.0464,0.0448,12.0,0.0447,1.0,5065.0,10.0
2021-01-05 09:35:10.180,0.0464,0.0448,12.0,0.0447,1.0,5065.0,10.0
2021-01-05 09:35:10.691,0.0464,0.0448,12.0,0.0447,1.0,5065.0,10.0
2021-01-05 09:35:11.160,0.0464,0.0448,12.0,0.0447,1.0,5065.0,10.0
2021-01-05 09:35:11.680,0.0464,0.045,32.0,0.0447,1.0,5065.0,10.0
2021-01-05 09:35:13.181,0.0464,0.045,20.0,0.0447,13.0,5065.0,10.0
2021-01-05 09:35:13.640,0.0464,0.0451,12.0,0.0447,13.0,5065.0,10.0
2021-01-05 09:35:14.191,0.0464,0.0453,22.0,0.0449,12.0,5065.0,10.0
2021-01-05 09:35:14.700,0.0464,0.0453,12.0,0.0449,12.0,5065.0,10.0
2021-01-05 09:35:15.050,0.0464,0.0453,12.0,0.0449,22.0,5065.0,10.0
2021-01-05 09:35:15.701,0.0464,0.0454,12.0,0.045,12.0,5065.0,10.0
2021-01-05 09:35:16.141,0.0464,0.0454,12.0,0.045,12.0,5065.0,10.0
2021-01-05 09:35:16.681,0.0464,0.0455,12.0,0.0451,12.0,5065.0,10.0
2021-01-05 09:35:17.190,0.0464,0.0454,12.0,0.045,10.0,5065.0,10.0
2021-01-05 09:35:17.680,0.0464,0.0454,12.0,0.0449,22.0,5065.0,10.0
2021-01-05 09:35:18.170,0.0464,0.0454,12.0,0.0449,22.0,5065.0,10.0
2021-01-05 09:35:18.641,0.0464,0.0454,12.0,0.045,12.0,5065.0,10.0
2021-01-05 09:35:19.180,0.0464,0.0456,30.0,0.0451,12.0,5065.0,10.0
2021-01-05 09:35:19.641,0.0464,0.0456,20.0,0.0452,12.0,5065.0,10.0
2021-01-05 09:35:20.170,0.0464,0.0456,20.0,0.0453,12.0,5065.0,10.0
2021-01-05 09:35:20.631,0.0464,0.0456,32.0,0.0452,22.0,5065.0,10.0
2021-01-05 09:35:21.180,0.0464,0.0456,32.0,0.0452,12.0,5065.0,10.0
2021-01-05 09:35:21.620,0.0464,0.0455,12.0,0.0451,22.0,5065.0,10.0
2021-01-05 09:35:22.171,0.0464,0.0456,30.0,0.045,10.0,5065.0,10.0
2021-01-05 09:35:22.650,0.0464,0.0454,12.0,0.045,10.0,5065.0,10.0
2021-01-05 09:35:23.151,0.0464,0.0454,12.0,0.045,10.0,5065.0,10.0
2021-01-05 09:35:23.680,0.0464,0.0453,12.0,0.0449,10.0,5065.0,10.0
2021-01-05 09:35:24.171,0.0464,0.0453,12.0,0.0449,10.0,5065.0,10.0
2021-01-05 09:35:24.671,0.0464,0.0452,12.0,0.0449,10.0,5065.0,10.0
2021-01-05 09:35:25.170,0.0464,0.0451,12.0,0.0449,10.0,5065.0,10.0
2021-01-05 09:35:25.660,0.0464,0.0451,12.0,0.0448,10.0,5065.0,10.0
2021-01-05 09:35:26.171,0.0464,0.045,12.0,0.0448,10.0,5065.0,10.0
2021-01-05 09:35:26.651,0.0464,0.0451,12.0,0.0448,10.0,5065.0,10.0
2021-01-05 09:35:27.130,0.0464,0.0451,12.0,0.0448,10.0,5065.0,10.0
2021-01-05 09:35:27.641,0.0464,0.0454,10.0,0.0448,10.0,5065.0,10.0
2021-01-05 09:35:27.641,0.0464,0.0452,12.0,0.0448,10.0,5065.0,10.0
2021-01-05 09:35:28.171,0.0464,0.0453,12.0,0.0448,10.0,5065.0,10.0
2021-01-05 09:35:29.160,0.0464,0.0452,12.0,0.0448,10.0,5065.0,10.0
2021-01-05 09:35:29.641,0.0464,0.0452,12.0,0.0448,10.0,5065.0,10.0
2021-01-05 09:35:30.121,0.0464,0.0452,12.0,0.0448,10.0,5065.0,10.0
2021-01-05 09:35:30.690,0.0464,0.0452,12.0,0.0448,10.0,5065.0,10.0
2021-01-05 09:35:31.170,0.0464,0.0452,12.0,0.0448,10.0,5065.0,10.0
2021-01-05 09:35:31.700,0.0464,0.0452,12.0,0.0448,10.0,5065.0,10.0
2021-01-05 09:35:32.630,0.0464,0.0452,12.0,0.0448,10.0,5065.0,10.0
2021-01-05 09:35:33.191,0.0464,0.0452,12.0,0.0448,10.0,5065.0,10.0
2021-01-05 09:35:34.190,0.0464,0.0452,12.0,0.0448,10.0,5065.0,10.0
2021-01-05 09:35:34.691,0.0464,0.0452,12.0,0.0448,10.0,5065.0,10.0
2021-01-05 09:35:35.200,0.0464,0.0452,12.0,0.0448,10.0,5065.0,10.0
2021-01-05 09:35:35.690,0.0464,0.0451,12.0,0.0448,10.0,5065.0,10.0
2021-01-05 09:35:38.190,0.0464,0.0451,12.0,0.0447,11.0,5065.0,10.0
2021-01-05 09:35:38.651,0.0464,0.0452,12.0,0.0447,1.0,5065.0,10.0
2021-01-05 09:35:39.140,0.0464,0.0451,12.0,0.0447,1.0,5065.0,10.0
2021-01-05 09:35:40.191,0.0464,0.0451,12.0,0.0447,1.0,5065.0,10.0
2021-01-05 09:35:40.691,0.0464,0.045,12.0,0.0447,1.0,5065.0,10.0
2021-01-05 09:35:41.190,0.0464,0.0451,12.0,0.0447,1.0,5065.0,10.0
2021-01-05 09:35:41.680,0.0464,0.045,12.0,0.0447,1.0,5065.0,10.0
2021-01-05 09:35:42.160,0.0464,0.0451,12.0,0.0447,1.0,5065.0,10.0
2021-01-05 09:35:43.190,0.0464,0.0451,12.0,0.0447,1.0,5065.0,10.0
2021-01-05 09:35:43.661,0.0464,0.045,12.0,0.0447,1.0,5065.0,10.0
2021-01-05 09:35:44.101,0.0464,0.0453,10.0,0.0447,1.0,5065.0,10.0
2021-01-05 09:35:44.681,0.0464,0.0451,12.0,0.0447,1.0,5065.0,10.0
2021-01-05 09:35:45.071,0.0464,0.0451,12.0,0.0447,1.0,5065.0,10.0
2021-01-05 09:35:46.170,0.0464,0.0451,12.0,0.0447,1.0,5065.0,10.0
2021-01-05 09:35:46.700,0.0464,0.0451,12.0,0.0447,1.0,5065.0,10.0
2021-01-05 09:35:48.181,0.0464,0.0451,12.0,0.0447,1.0,5065.0,10.0
2021-01-05 09:35:49.190,0.0464,0.0451,12.0,0.0447,1.0,5065.0,10.0
2021-01-05 09:35:50.121,0.0464,0.0451,12.0,0.0447,1.0,5065.0,10.0
2021-01-05 09:35:50.680,0.0464,0.045,12.0,0.0447,1.0,5065.0,10.0
2021-01-05 09:35:52.190,0.0464,0.045,12.0,0.0447,1.0,5065.0,10.0
2021-01-05 09:35:52.661,0.0464,0.0449,12.0,0.0447,1.0,5065.0,10.0
2021-01-05 09:35:52.990,0.0464,0.045,12.0,0.0447,1.0,5065.0,10.0
2021-01-05 09:35:53.570,0.0464,0.045,12.0,0.0447,1.0,5065.0,10.0
2021-01-05 09:35:54.161,0.0464,0.045,12.0,0.0447,1.0,5065.0,10.0
2021-01-05 09:35:54.640,0.0464,0.045,12.0,0.0447,1.0,5065.0,10.0
2021-01-05 09:35:55.141,0.0464,0.0451,12.0,0.0447,1.0,5065.0,10.0
2021-01-05 09:35:55.691,0.0464,0.0451,12.0,0.0447,13.0,5065.0,10.0
2021-01-05 09:35:56.140,0.0464,0.0452,12.0,0.0448,12.0,5065.0,10.0
2021-01-05 09:35:56.690,0.0464,0.0452,12.0,0.0448,22.0,5065.0,10.0
2021-01-05 09:35:57.141,0.0464,0.0452,12.0,0.0448,10.0,5065.0,10.0
2021-01-05 09:35:59.160,0.0464,0.0452,12.0,0.0448,10.0,5065.0,10.0
2021-01-05 09:36:00.201,0.0464,0.0453,10.0,0.0448,10.0,5065.0,10.0
2021-01-05 09:36:00.680,0.0464,0.0451,12.0,0.0448,10.0,5065.0,10.0
2021-01-05 09:36:01.181,0.0464,0.045,5.0,0.0448,10.0,5065.0,10.0
2021-01-05 09:36:01.671,0.0464,0.045,5.0,0.0448,10.0,5065.0,10.0
2021-01-05 09:36:02.701,0.0464,0.045,5.0,0.0448,10.0,5065.0,10.0
2021-01-05 09:36:03.200,0.0464,0.045,5.0,0.0447,23.0,5065.0,10.0
2021-01-05 09:36:03.700,0.0464,0.045,5.0,0.0448,12.0,5065.0,10.0
2021-01-05 09:36:04.201,0.0464,0.045,5.0,0.0449,12.0,5065.0,10.0
2021-01-05 09:36:04.670,0.0464,0.045,5.0,0.0449,12.0,5065.0,10.0
2021-01-05 09:36:05.150,0.0464,0.045,5.0,0.0448,22.0,5065.0,10.0
2021-01-05 09:36:05.690,0.0464,0.045,5.0,0.0447,23.0,5065.0,10.0
2021-01-05 09:36:06.180,0.0464,0.045,5.0,0.0448,12.0,5065.0,10.0
2021-01-05 09:36:06.700,0.0464,0.045,5.0,0.0448,12.0,5065.0,10.0
2021-01-05 09:36:07.181,0.0464,0.045,10.0,0.0448,12.0,5065.0,10.0
2021-01-05 09:36:09.161,0.0464,0.045,10.0,0.0449,12.0,5065.0,10.0
2021-01-05 09:36:09.691,0.0464,0.045,10.0,0.0449,12.0,5065.0,10.0
2021-01-05 09:36:10.160,0.045,0.0454,10.0,0.045,2.0,5075.0,20.0
2021-01-05 09:36:10.671,0.045,0.0455,12.0,0.045,22.0,5075.0,20.0
2021-01-05 09:36:10.971,0.045,0.0454,12.0,0.045,10.0,5075.0,20.0
2021-01-05 09:36:11.651,0.045,0.0455,12.0,0.045,10.0,5075.0,20.0
2021-01-05 09:36:11.661,0.045,0.0454,12.0,0.045,10.0,5075.0,20.0
2021-01-05 09:36:12.690,0.045,0.0455,12.0,0.045,10.0,5075.0,20.0
2021-01-05 09:36:13.190,0.045,0.0454,12.0,0.045,10.0,5075.0,20.0
2021-01-05 09:36:13.680,0.045,0.0455,12.0,0.045,10.0,5075.0,20.0
2021-01-05 09:36:14.150,0.045,0.0454,12.0,0.045,10.0,5075.0,20.0
2021-01-05 09:36:14.690,0.045,0.0455,12.0,0.045,10.0,5075.0,20.0
2021-01-05 09:36:15.170,0.045,0.0455,12.0,0.045,10.0,5075.0,20.0
2021-01-05 09:36:15.660,0.045,0.0454,12.0,0.045,10.0,5075.0,20.0
2021-01-05 09:36:16.150,0.045,0.0454,12.0,0.045,10.0,5075.0,20.0
2021-01-05 09:36:16.680,0.045,0.0455,12.0,0.045,10.0,5075.0,20.0
2021-01-05 09:36:17.651,0.045,0.0455,12.0,0.045,10.0,5075.0,20.0
2021-01-05 09:36:18.181,0.045,0.0454,12.0,0.045,10.0,5075.0,20.0
2021-01-05 09:36:18.680,0.045,0.0454,12.0,0.045,10.0,5075.0,20.0
2021-01-05 09:36:19.151,0.045,0.0454,12.0,0.045,10.0,5075.0,20.0
2021-01-05 09:36:19.691,0.045,0.0455,12.0,0.045,10.0,5075.0,20.0
2021-01-05 09:36:20.690,0.045,0.0455,12.0,0.045,10.0,5075.0,20.0
2021-01-05 09:36:22.680,0.045,0.0455,12.0,0.045,20.0,5075.0,20.0
2021-01-05 09:36:24.171,0.045,0.0455,12.0,0.045,20.0,5075.0,20.0
2021-01-05 09:36:25.650,0.045,0.0455,12.0,0.045,10.0,5075.0,20.0
2021-01-05 09:36:26.171,0.045,0.0455,12.0,0.045,10.0,5075.0,20.0
2021-01-05 09:36:27.690,0.045,0.0455,12.0,0.045,10.0,5075.0,20.0
2021-01-05 09:36:28.190,0.045,0.0456,12.0,0.045,10.0,5075.0,20.0
2021-01-05 09:36:28.681,0.045,0.0455,12.0,0.045,10.0,5075.0,20.0
2021-01-05 09:36:29.171,0.045,0.0455,12.0,0.045,10.0,5075.0,20.0
2021-01-05 09:36:29.661,0.045,0.0456,12.0,0.045,10.0,5075.0,20.0
2021-01-05 09:36:30.161,0.045,0.0455,12.0,0.045,10.0,5075.0,20.0
2021-01-05 09:36:30.700,0.045,0.0455,12.0,0.045,10.0,5075.0,20.0
2021-01-05 09:36:31.181,0.045,0.0454,12.0,0.045,10.0,5075.0,20.0
2021-01-05 09:36:31.690,0.045,0.0454,12.0,0.045,10.0,5075.0,20.0
2021-01-05 09:36:33.670,0.045,0.0454,12.0,0.045,10.0,5075.0,20.0
2021-01-05 09:36:34.091,0.045,0.0454,12.0,0.045,10.0,5075.0,20.0
2021-01-05 09:36:35.150,0.045,0.0454,12.0,0.045,10.0,5075.0,20.0
2021-01-05 09:36:36.191,0.045,0.0454,12.0,0.045,10.0,5075.0,20.0
2021-01-05 09:36:36.700,0.045,0.0454,12.0,0.045,10.0,5075.0,20.0
2021-01-05 09:36:38.120,0.045,0.0454,12.0,0.045,10.0,5075.0,20.0
2021-01-05 09:36:40.191,0.045,0.0454,12.0,0.045,10.0,5075.0,20.0
2021-01-05 09:36:40.700,0.045,0.0454,12.0,0.045,10.0,5075.0,20.0
2021-01-05 09:36:41.201,0.045,0.0454,12.0,0.045,10.0,5075.0,20.0
2021-01-05 09:36:41.641,0.045,0.0455,12.0,0.045,10.0,5075.0,20.0
2021-01-05 09:36:42.200,0.045,0.0455,12.0,0.045,10.0,5075.0,20.0
2021-01-05 09:36:42.690,0.045,0.0455,12.0,0.045,10.0,5075.0,20.0
2021-01-05 09:36:43.700,0.045,0.0455,12.0,0.045,10.0,5075.0,20.0
2021-01-05 09:36:45.191,0.045,0.0455,12.0,0.045,10.0,5075.0,20.0
2021-01-05 09:36:45.631,0.045,0.0455,12.0,0.045,10.0,5075.0,20.0
2021-01-05 09:36:46.190,0.045,0.0454,12.0,0.045,10.0,5075.0,20.0
2021-01-05 09:36:46.651,0.045,0.0454,12.0,0.045,10.0,5075.0,20.0
2021-01-05 09:36:47.130,0.045,0.0454,12.0,0.045,10.0,5075.0,20.0
2021-01-05 09:36:47.660,0.045,0.0453,12.0,0.045,10.0,5075.0,20.0
2021-01-05 09:36:48.630,0.045,0.0453,12.0,0.045,10.0,5075.0,20.0
2021-01-05 09:36:49.181,0.045,0.0453,12.0,0.045,10.0,5075.0,20.0
2021-01-05 09:36:49.700,0.045,0.0453,12.0,0.045,10.0,5075.0,20.0
2021-01-05 09:36:51.671,0.045,0.0453,12.0,0.045,10.0,5075.0,20.0
2021-01-05 09:36:52.180,0.045,0.0454,12.0,0.045,10.0,5075.0,20.0
2021-01-05 09:36:52.691,0.045,0.0453,12.0,0.045,10.0,5075.0,20.0
2021-01-05 09:36:53.191,0.045,0.0454,12.0,0.045,10.0,5075.0,20.0
2021-01-05 09:36:53.680,0.045,0.0453,12.0,0.045,10.0,5075.0,20.0
2021-01-05 09:36:54.180,0.045,0.0455,10.0,0.045,10.0,5075.0,20.0
2021-01-05 09:36:54.180,0.045,0.0453,12.0,0.045,10.0,5075.0,20.0
2021-01-05 09:36:55.171,0.045,0.0454,12.0,0.045,10.0,5075.0,20.0
2021-01-05 09:36:55.651,0.045,0.0454,12.0,0.045,22.0,5075.0,20.0
2021-01-05 09:36:56.141,0.045,0.0455,10.0,0.0452,12.0,5075.0,20.0
2021-01-05 09:36:56.691,0.045,0.0456,10.0,0.0452,12.0,5075.0,20.0
2021-01-05 09:36:57.171,0.045,0.0456,22.0,0.0452,12.0,5075.0,20.0
2021-01-05 09:36:57.601,0.045,0.0456,10.0,0.0451,10.0,5075.0,20.0
2021-01-05 09:36:58.160,0.045,0.0456,12.0,0.0451,10.0,5075.0,20.0
2021-01-05 09:36:58.610,0.045,0.0455,12.0,0.0451,10.0,5075.0,20.0
2021-01-05 09:36:59.181,0.045,0.0454,12.0,0.0451,10.0,5075.0,20.0
2021-01-05 09:37:01.081,0.045,0.0454,12.0,0.0451,10.0,5075.0,20.0
2021-01-05 09:37:01.640,0.045,0.0455,12.0,0.0451,22.0,5075.0,20.0
2021-01-05 09:37:02.191,0.045,0.0455,12.0,0.0451,22.0,5075.0,20.0
2021-01-05 09:37:02.640,0.045,0.0456,12.0,0.0452,12.0,5075.0,20.0
2021-01-05 09:37:03.151,0.045,0.0455,12.0,0.0451,22.0,5075.0,20.0
2021-01-05 09:37:03.630,0.045,0.0456,12.0,0.0451,22.0,5075.0,20.0
2021-01-05 09:37:04.200,0.045,0.0457,10.0,0.0451,10.0,5075.0,20.0
2021-01-05 09:37:04.690,0.045,0.0458,11.0,0.0453,12.0,5075.0,20.0
2021-01-05 09:37:05.140,0.045,0.0458,1.0,0.0453,22.0,5075.0,20.0
2021-01-05 09:37:05.660,0.045,0.0457,12.0,0.0453,22.0,5075.0,20.0
2021-01-05 09:37:06.171,0.045,0.0456,12.0,0.0453,10.0,5075.0,20.0
2021-01-05 09:37:07.180,0.045,0.0456,12.0,0.0453,10.0,5075.0,20.0
2021-01-05 09:37:08.200,0.045,0.0456,12.0,0.0453,10.0,5075.0,20.0
2021-01-05 09:37:09.170,0.045,0.0456,12.0,0.0452,10.0,5075.0,20.0
2021-01-05 09:37:09.660,0.045,0.0456,12.0,0.0451,10.0,5075.0,20.0
2021-01-05 09:37:10.140,0.045,0.0456,12.0,0.0451,10.0,5075.0,20.0
2021-01-05 09:37:10.701,0.045,0.0456,12.0,0.0451,35.0,5075.0,20.0
2021-01-05 09:37:12.131,0.045,0.0456,12.0,0.0451,22.0,5075.0,20.0
2021-01-05 09:37:12.620,0.045,0.0456,12.0,0.0452,13.0,5075.0,20.0
2021-01-05 09:37:13.181,0.045,0.0456,12.0,0.0452,25.0,5075.0,20.0
2021-01-05 09:37:13.681,0.045,0.0456,12.0,0.0452,13.0,5075.0,20.0
2021-01-05 09:37:14.171,0.045,0.0456,12.0,0.0451,22.0,5075.0,20.0
2021-01-05 09:37:14.701,0.045,0.0456,12.0,0.0451,35.0,5075.0,20.0
2021-01-05 09:37:15.200,0.045,0.0456,12.0,0.0451,23.0,5075.0,20.0
2021-01-05 09:37:15.700,0.045,0.0456,12.0,0.0451,35.0,5075.0,20.0
2021-01-05 09:37:16.201,0.045,0.0456,12.0,0.0451,35.0,5075.0,20.0
2021-01-05 09:37:16.461,0.045,0.0456,12.0,0.0452,12.0,5075.0,20.0
2021-01-05 09:37:17.200,0.045,0.0456,12.0,0.0452,25.0,5075.0,20.0
2021-01-05 09:37:18.061,0.045,0.0456,12.0,0.0452,25.0,5075.0,20.0
2021-01-05 09:37:19.131,0.045,0.0456,12.0,0.0452,25.0,5075.0,20.0
2021-01-05 09:37:20.211,0.045,0.0456,12.0,0.0452,12.0,5075.0,20.0
2021-01-05 09:37:20.691,0.045,0.0456,12.0,0.0452,25.0,5075.0,20.0
2021-01-05 09:37:21.200,0.045,0.0456,12.0,0.0452,12.0,5075.0,20.0
2021-01-05 09:37:21.701,0.045,0.0456,12.0,0.0453,13.0,5075.0,20.0
2021-01-05 09:37:22.030,0.045,0.0457,22.0,0.0453,35.0,5075.0,20.0
2021-01-05 09:37:22.620,0.045,0.0456,12.0,0.0453,23.0,5075.0,20.0
2021-01-05 09:37:23.150,0.045,0.0456,12.0,0.0453,23.0,5075.0,20.0
2021-01-05 09:37:23.661,0.045,0.0456,12.0,0.0453,23.0,5075.0,20.0
2021-01-05 09:37:24.631,0.045,0.0456,12.0,0.0453,23.0,5075.0,20.0
2021-01-05 09:37:25.200,0.045,0.0456,12.0,0.0453,23.0,5075.0,20.0
2021-01-05 09:37:25.670,0.045,0.0456,12.0,0.0453,23.0,5075.0,20.0
2021-01-05 09:37:26.650,0.045,0.0457,22.0,0.0453,35.0,5075.0,20.0
2021-01-05 09:37:27.130,0.045,0.0456,12.0,0.0453,23.0,5075.0,20.0
2021-01-05 09:37:27.551,0.045,0.0456,12.0,0.0453,23.0,5075.0,20.0
2021-01-05 09:37:28.560,0.045,0.0456,12.0,0.0453,23.0,5075.0,20.0
2021-01-05 09:37:30.191,0.045,0.0457,22.0,0.0453,35.0,5075.0,20.0
2021-01-05 09:37:30.650,0.045,0.0455,12.0,0.0453,23.0,5075.0,20.0
2021-01-05 09:37:31.190,0.045,0.0457,10.0,0.0453,23.0,5075.0,20.0
2021-01-05 09:37:31.691,0.045,0.0458,1.0,0.0455,12.0,5075.0,20.0
2021-01-05 09:37:32.141,0.045,0.0458,11.0,0.0455,12.0,5075.0,20.0
2021-01-05 09:37:32.651,0.045,0.0458,23.0,0.0455,10.0,5075.0,20.0
2021-01-05 09:37:33.180,0.045,0.0457,12.0,0.0454,10.0,5075.0,20.0
2021-01-05 09:37:33.681,0.045,0.0458,23.0,0.0454,12.0,5075.0,20.0
2021-01-05 09:37:34.200,0.045,0.0458,23.0,0.0454,22.0,5075.0,20.0
2021-01-05 09:37:35.170,0.045,0.0458,11.0,0.0455,12.0,5075.0,20.0
2021-01-05 09:37:37.180,0.045,0.0458,11.0,0.0455,12.0,5075.0,20.0
2021-01-05 09:37:38.651,0.045,0.0458,11.0,0.0455,22.0,5075.0,20.0
2021-01-05 09:37:39.170,0.045,0.0458,11.0,0.0455,22.0,5075.0,20.0
2021-01-05 09:37:39.700,0.045,0.0458,11.0,0.0455,22.0,5075.0,20.0
2021-01-05 09:37:40.161,0.045,0.0458,11.0,0.0455,25.0,5075.0,20.0
2021-01-05 09:37:42.691,0.045,0.0458,11.0,0.0456,12.0,5075.0,20.0
2021-01-05 09:37:43.181,0.045,0.0458,11.0,0.0456,12.0,5075.0,20.0
2021-01-05 09:37:43.671,0.045,0.0458,11.0,0.0456,12.0,5075.0,20.0
2021-01-05 09:37:44.190,0.045,0.0458,11.0,0.0456,35.0,5075.0,20.0
2021-01-05 09:37:44.651,0.045,0.0458,11.0,0.0457,12.0,5075.0,20.0
2021-01-05 09:37:47.210,0.045,0.0458,11.0,0.0457,12.0,5075.0,20.0
2021-01-05 09:37:47.661,0.045,0.0458,11.0,0.0456,35.0,5075.0,20.0
2021-01-05 09:37:49.670,0.045,0.0458,11.0,0.0457,12.0,5075.0,20.0
2021-01-05 09:37:50.220,0.045,0.0458,11.0,0.0456,35.0,5075.0,20.0
2021-01-05 09:37:51.691,0.045,0.0458,11.0,0.0456,22.0,5075.0,20.0
2021-01-05 09:37:52.191,0.045,0.0458,11.0,0.0456,35.0,5075.0,20.0
2021-01-05 09:37:54.170,0.045,0.0458,11.0,0.0456,35.0,5075.0,20.0
2021-01-05 09:37:55.190,0.045,0.0458,11.0,0.0456,22.0,5075.0,20.0
2021-01-05 09:37:57.170,0.045,0.0458,11.0,0.0456,22.0,5075.0,20.0
2021-01-05 09:37:57.601,0.045,0.0458,11.0,0.0457,25.0,5075.0,20.0
2021-01-05 09:37:58.141,0.045,0.0458,11.0,0.0457,35.0,5075.0,20.0
2021-01-05 09:37:59.651,0.045,0.0458,11.0,0.0457,23.0,5075.0,20.0
2021-01-05 09:38:01.681,0.045,0.0458,11.0,0.0457,10.0,5075.0,20.0
2021-01-05 09:38:04.190,0.045,0.0458,11.0,0.0457,10.0,5075.0,20.0
2021-01-05 09:38:04.680,0.045,0.0458,11.0,0.0456,10.0,5075.0,20.0
2021-01-05 09:38:05.181,0.045,0.0458,23.0,0.0456,23.0,5075.0,20.0
2021-01-05 09:38:05.681,0.045,0.0458,11.0,0.0456,35.0,5075.0,20.0
2021-01-05 09:38:06.151,0.045,0.0458,11.0,0.0456,35.0,5075.0,20.0
2021-01-05 09:38:07.200,0.045,0.0458,11.0,0.0456,10.0,5075.0,20.0
2021-01-05 09:38:08.151,0.045,0.0458,11.0,0.0456,10.0,5075.0,20.0
2021-01-05 09:38:09.160,0.045,0.0458,23.0,0.0456,10.0,5075.0,20.0
2021-01-05 09:38:10.180,0.045,0.0457,12.0,0.0456,10.0,5075.0,20.0
2021-01-05 09:38:10.670,0.045,0.0457,12.0,0.0455,10.0,5075.0,20.0
2021-01-05 09:38:11.141,0.045,0.0458,23.0,0.0455,10.0,5075.0,20.0
2021-01-05 09:38:12.191,0.045,0.0458,11.0,0.0456,12.0,5075.0,20.0
2021-01-05 09:38:12.531,0.045,0.0457,12.0,0.0456,10.0,5075.0,20.0
2021-01-05 09:38:14.691,0.045,0.0457,12.0,0.0455,10.0,5075.0,20.0
2021-01-05 09:38:15.150,0.045,0.0456,12.0,0.0455,10.0,5075.0,20.0
2021-01-05 09:38:15.730,0.045,0.0456,12.0,0.0454,10.0,5075.0,20.0
2021-01-05 09:38:16.210,0.045,0.0456,12.0,0.0454,10.0,5075.0,20.0
2021-01-05 09:38:16.721,0.045,0.0458,11.0,0.0455,25.0,5075.0,20.0
2021-01-05 09:38:17.190,0.045,0.0458,11.0,0.0455,35.0,5075.0,20.0
2021-01-05 09:38:18.231,0.045,0.0458,11.0,0.0455,35.0,5075.0,20.0
2021-01-05 09:38:18.660,0.045,0.0458,11.0,0.0455,25.0,5075.0,20.0
2021-01-05 09:38:19.190,0.045,0.0458,11.0,0.0455,22.0,5075.0,20.0
2021-01-05 09:38:19.670,0.045,0.0458,11.0,0.0455,22.0,5075.0,20.0
2021-01-05 09:38:21.670,0.045,0.0458,11.0,0.0455,22.0,5075.0,20.0
2021-01-05 09:38:22.210,0.045,0.0458,11.0,0.0455,10.0,5075.0,20.0
2021-01-05 09:38:22.531,0.045,0.0458,11.0,0.0455,22.0,5075.0,20.0
2021-01-05 09:38:23.201,0.045,0.0458,11.0,0.0455,22.0,5075.0,20.0
2021-01-05 09:38:24.690,0.045,0.0458,11.0,0.0455,22.0,5075.0,20.0
2021-01-05 09:38:25.101,0.045,0.0458,11.0,0.0456,12.0,5075.0,20.0
2021-01-05 09:38:26.100,0.045,0.0458,11.0,0.0456,10.0,5075.0,20.0
2021-01-05 09:38:26.701,0.0456,0.0456,12.0,0.0452,12.0,5075.0,30.0
2021-01-05 09:38:27.151,0.0456,0.0458,11.0,0.0453,13.0,5075.0,30.0
2021-01-05 09:38:27.550,0.0456,0.0458,11.0,0.0455,12.0,5075.0,30.0
2021-01-05 09:38:28.171,0.0456,0.0457,12.0,0.0455,10.0,5075.0,30.0
2021-01-05 09:38:28.680,0.0456,0.0458,23.0,0.0454,22.0,5075.0,30.0
2021-01-05 09:38:30.190,0.0456,0.0457,12.0,0.0454,10.0,5075.0,30.0
2021-01-05 09:38:30.670,0.0456,0.0458,11.0,0.0456,12.0,5075.0,30.0
2021-01-05 09:38:31.181,0.0456,0.0458,11.0,0.0456,12.0,5075.0,30.0
2021-01-05 09:38:31.700,0.0456,0.0458,11.0,0.0457,12.0,5075.0,30.0
2021-01-05 09:38:32.171,0.0457,0.0458,11.0,0.0457,7.0,5080.0,35.0
2021-01-05 09:38:32.701,0.0457,0.0458,11.0,0.0455,10.0,5087.0,45.0
2021-01-05 09:38:33.191,0.0457,0.0458,11.0,0.0455,10.0,5087.0,45.0
2021-01-05 09:38:33.700,0.0457,0.0456,12.0,0.0454,10.0,5087.0,45.0
2021-01-05 09:38:34.201,0.0457,0.0458,11.0,0.0454,10.0,5087.0,45.0
2021-01-05 09:38:35.200,0.0457,0.0457,12.0,0.0454,10.0,5087.0,45.0
2021-01-05 09:38:35.700,0.0457,0.0458,11.0,0.0454,10.0,5087.0,45.0
2021-01-05 09:38:36.130,0.0457,0.0458,11.0,0.0453,10.0,5087.0,45.0
2021-01-05 09:38:36.691,0.0457,0.0456,12.0,0.0454,13.0,5087.0,45.0
2021-01-05 09:38:37.131,0.0457,0.0456,12.0,0.0454,13.0,5087.0,45.0
2021-01-05 09:38:37.680,0.0457,0.0456,12.0,0.0454,13.0,5087.0,45.0
2021-01-05 09:38:38.161,0.0457,0.0457,12.0,0.0454,13.0,5087.0,45.0
2021-01-05 09:38:38.660,0.0457,0.0456,12.0,0.0454,23.0,5087.0,45.0
2021-01-05 09:38:39.161,0.0457,0.0456,12.0,0.0454,13.0,5087.0,45.0
2021-01-05 09:38:40.201,0.0457,0.0456,12.0,0.0454,13.0,5087.0,45.0
2021-01-05 09:38:40.591,0.0457,0.0456,12.0,0.0453,10.0,5087.0,45.0
2021-01-05 09:38:41.190,0.0457,0.0458,41.0,0.0455,12.0,5087.0,45.0
2021-01-05 09:38:41.670,0.0457,0.0458,31.0,0.0454,10.0,5087.0,45.0
2021-01-05 09:38:42.170,0.0457,0.0458,31.0,0.0454,13.0,5087.0,45.0
2021-01-05 09:38:42.700,0.0457,0.0457,12.0,0.0454,13.0,5087.0,45.0
2021-01-05 09:38:43.190,0.0457,0.0457,12.0,0.0454,13.0,5087.0,45.0
2021-01-05 09:38:43.701,0.0457,0.0457,12.0,0.0454,23.0,5087.0,45.0
2021-01-05 09:38:44.191,0.0457,0.0458,11.0,0.0455,12.0,5087.0,45.0
2021-01-05 09:38:44.690,0.0457,0.0458,11.0,0.0456,12.0,5087.0,45.0
2021-01-05 09:38:45.201,0.0457,0.0458,11.0,0.0457,12.0,5087.0,45.0
2021-01-05 09:38:45.580,0.0457,0.0458,11.0,0.0457,12.0,5087.0,45.0
2021-01-05 09:38:46.200,0.0457,0.0458,11.0,0.0457,12.0,5087.0,45.0
2021-01-05 09:38:46.210,0.0457,0.0458,11.0,0.0457,13.0,5087.0,45.0
2021-01-05 09:38:47.140,0.0457,0.0458,11.0,0.0457,13.0,5087.0,45.0
2021-01-05 09:38:47.691,0.0457,0.0458,11.0,0.0457,13.0,5087.0,45.0
2021-01-05 09:38:48.200,0.0457,0.0458,11.0,0.0457,25.0,5087.0,45.0
2021-01-05 09:38:49.130,0.0458,0.0458,10.0,0.0457,35.0,5087.0,46.0
2021-01-05 09:38:49.691,0.0458,0.0461,12.0,0.0457,35.0,5087.0,46.0
2021-01-05 09:38:50.091,0.0458,0.0459,10.0,0.0457,10.0,5087.0,46.0
2021-01-05 09:38:50.651,0.0458,0.0462,20.0,0.0458,13.0,5087.0,46.0
2021-01-05 09:38:51.170,0.0458,0.046,12.0,0.0458,11.0,5099.0,58.0
2021-01-05 09:38:51.691,0.0458,0.0462,30.0,0.046,12.0,5099.0,58.0
2021-01-05 09:38:52.140,0.0458,0.0462,10.0,0.046,12.0,5099.0,58.0
2021-01-05 09:38:52.630,0.0458,0.046,12.0,0.0458,10.0,5099.0,58.0
2021-01-05 09:38:53.191,0.0458,0.0462,12.0,0.0459,13.0,5099.0,58.0
2021-01-05 09:38:54.190,0.0458,0.0461,12.0,0.0458,13.0,5099.0,58.0
2021-01-05 09:38:54.690,0.0458,0.0461,12.0,0.0458,23.0,5099.0,58.0
2021-01-05 09:38:55.191,0.0458,0.0462,10.0,0.0459,12.0,5099.0,58.0
2021-01-05 09:38:55.700,0.0458,0.0462,12.0,0.0458,35.0,5099.0,58.0
2021-01-05 09:38:56.190,0.0458,0.0462,12.0,0.0458,35.0,5099.0,58.0
2021-01-05 09:38:56.661,0.0458,0.0462,12.0,0.0458,35.0,5099.0,58.0
2021-01-05 09:38:57.181,0.0458,0.0463,10.0,0.0458,10.0,5099.0,58.0
2021-01-05 09:38:57.640,0.0458,0.0465,10.0,0.0459,13.0,5099.0,58.0
2021-01-05 09:38:58.161,0.0458,0.0463,12.0,0.0459,35.0,5099.0,58.0
2021-01-05 09:38:58.670,0.0458,0.0463,12.0,0.0459,35.0,5099.0,58.0
2021-01-05 09:38:59.060,0.0458,0.0464,22.0,0.046,12.0,5099.0,58.0
2021-01-05 09:39:00.140,0.0458,0.0464,22.0,0.0461,13.0,5099.0,58.0
2021-01-05 09:39:00.660,0.0458,0.0462,12.0,0.0461,13.0,5099.0,58.0
2021-01-05 09:39:01.160,0.0458,0.0462,12.0,0.0461,23.0,5099.0,58.0
2021-01-05 09:39:01.700,0.0458,0.0462,12.0,0.0461,13.0,5099.0,58.0
2021-01-05 09:39:02.170,0.0458,0.0462,12.0,0.0461,23.0,5099.0,58.0
2021-01-05 09:39:02.660,0.0458,0.0462,12.0,0.0461,10.0,5099.0,58.0
2021-01-05 09:39:03.150,0.0458,0.0462,12.0,0.046,10.0,5099.0,58.0
2021-01-05 09:39:03.671,0.0458,0.0462,12.0,0.0461,13.0,5099.0,58.0
2021-01-05 09:39:04.161,0.0458,0.0462,12.0,0.0461,23.0,5099.0,58.0
2021-01-05 09:39:04.610,0.0458,0.0462,12.0,0.0461,23.0,5099.0,58.0
2021-01-05 09:39:05.211,0.0458,0.0464,10.0,0.0461,35.0,5099.0,58.0
2021-01-05 09:39:05.701,0.0458,0.0465,12.0,0.0461,35.0,5099.0,58.0
2021-01-05 09:39:06.191,0.0458,0.0465,22.0,0.0461,35.0,5099.0,58.0
2021-01-05 09:39:07.200,0.0458,0.0465,22.0,0.0461,35.0,5099.0,58.0
2021-01-05 09:39:07.680,0.0458,0.0464,12.0,0.0461,23.0,5099.0,58.0
2021-01-05 09:39:08.131,0.0458,0.0465,22.0,0.0461,35.0,5099.0,58.0
2021-01-05 09:39:08.690,0.0458,0.0464,12.0,0.0461,23.0,5099.0,58.0
2021-01-05 09:39:09.161,0.0458,0.0464,12.0,0.0461,10.0,5099.0,58.0
2021-01-05 09:39:10.721,0.0458,0.0465,10.0,0.0461,10.0,5099.0,58.0
2021-01-05 09:39:11.011,0.0458,0.0463,12.0,0.0461,10.0,5099.0,58.0
2021-01-05 09:39:11.670,0.0458,0.0463,10.0,0.046,10.0,5099.0,58.0
2021-01-05 09:39:12.150,0.0458,0.0464,12.0,0.0461,13.0,5099.0,58.0
2021-01-05 09:39:12.690,0.0458,0.0463,12.0,0.0461,10.0,5099.0,58.0
2021-01-05 09:39:13.161,0.0458,0.0463,12.0,0.0461,13.0,5099.0,58.0
2021-01-05 09:39:13.720,0.0458,0.0464,10.0,0.0461,25.0,5099.0,58.0
2021-01-05 09:39:14.160,0.0458,0.0462,12.0,0.0461,23.0,5099.0,58.0
2021-01-05 09:39:15.220,0.0458,0.0465,10.0,0.046,23.0,5099.0,58.0
2021-01-05 09:39:15.220,0.0458,0.0463,12.0,0.046,23.0,5099.0,58.0
2021-01-05 09:39:16.071,0.0458,0.0463,10.0,0.046,23.0,5099.0,58.0
2021-01-05 09:39:16.600,0.0458,0.0461,12.0,0.046,23.0,5099.0,58.0
2021-01-05 09:39:17.151,0.0458,0.0461,10.0,0.046,13.0,5099.0,58.0
2021-01-05 09:39:17.650,0.0458,0.0462,12.0,0.046,13.0,5099.0,58.0
2021-01-05 09:39:18.221,0.0458,0.0462,10.0,0.046,23.0,5099.0,58.0
2021-01-05 09:39:18.671,0.0458,0.0462,12.0,0.0459,10.0,5099.0,58.0
2021-01-05 09:39:19.710,0.0458,0.0462,12.0,0.046,23.0,5099.0,58.0
2021-01-05 09:39:20.221,0.0458,0.0462,10.0,0.046,23.0,5099.0,58.0
2021-01-05 09:39:20.741,0.0458,0.0461,12.0,0.046,23.0,5099.0,58.0
2021-01-05 09:39:21.231,0.0458,0.0463,10.0,0.046,13.0,5099.0,58.0
2021-01-05 09:39:21.671,0.0458,0.0463,12.0,0.046,23.0,5099.0,58.0
2021-01-05 09:39:22.140,0.0458,0.0463,12.0,0.046,23.0,5099.0,58.0
2021-01-05 09:39:22.651,0.0458,0.0462,12.0,0.046,23.0,5099.0,58.0
2021-01-05 09:39:23.200,0.0458,0.0462,12.0,0.046,23.0,5099.0,58.0
2021-01-05 09:39:23.700,0.0458,0.0464,10.0,0.0461,12.0,5099.0,58.0
2021-01-05 09:39:24.151,0.0458,0.0466,10.0,0.0462,12.0,5099.0,58.0
2021-01-05 09:39:25.210,0.0458,0.0465,12.0,0.0461,10.0,5099.0,58.0
2021-01-05 09:39:25.561,0.0458,0.0465,10.0,0.046,10.0,5099.0,58.0
2021-01-05 09:39:26.130,0.0458,0.0463,12.0,0.046,23.0,5099.0,58.0
2021-01-05 09:39:26.681,0.0458,0.0463,10.0,0.046,23.0,5099.0,58.0
2021-01-05 09:39:27.210,0.0458,0.0462,12.0,0.046,13.0,5099.0,58.0
2021-01-05 09:39:27.711,0.0458,0.0463,12.0,0.046,13.0,5099.0,58.0
2021-01-05 09:39:28.201,0.0458,0.0462,12.0,0.046,23.0,5099.0,58.0
2021-01-05 09:39:28.710,0.0458,0.0462,12.0,0.0459,10.0,5099.0,58.0
2021-01-05 09:39:28.960,0.0458,0.0462,12.0,0.0459,23.0,5099.0,58.0
2021-01-05 09:39:29.721,0.0458,0.0463,12.0,0.0459,22.0,5099.0,58.0
2021-01-05 09:39:30.220,0.0458,0.0463,12.0,0.0459,35.0,5099.0,58.0
2021-01-05 09:39:30.721,0.0458,0.0462,12.0,0.0459,23.0,5099.0,58.0
2021-01-05 09:39:31.121,0.0462,0.0462,12.0,0.0459,13.0,5099.0,63.0
2021-01-05 09:39:31.701,0.0462,0.0464,20.0,0.0461,12.0,5099.0,63.0
2021-01-05 09:39:32.141,0.0462,0.0464,10.0,0.0461,12.0,5099.0,63.0
2021-01-05 09:39:32.700,0.0462,0.0465,22.0,0.0461,12.0,5099.0,63.0
2021-01-05 09:39:33.180,0.0462,0.0465,32.0,0.0461,12.0,5099.0,63.0
2021-01-05 09:39:33.530,0.0462,0.0465,10.0,0.046,10.0,5099.0,63.0
2021-01-05 09:39:33.530,0.0462,0.0466,10.0,0.0462,12.0,5099.0,63.0
2021-01-05 09:39:34.631,0.0462,0.0466,10.0,0.0462,12.0,5099.0,63.0
2021-01-05 09:39:35.171,0.0462,0.0466,22.0,0.0462,12.0,5099.0,63.0
2021-01-05 09:39:35.701,0.0462,0.0466,22.0,0.0462,12.0,5099.0,63.0
2021-01-05 09:39:36.231,0.0462,0.0465,12.0,0.0461,22.0,5099.0,63.0
2021-01-05 09:39:36.660,0.0462,0.0465,10.0,0.0462,12.0,5099.0,63.0
2021-01-05 09:39:37.221,0.0462,0.0463,12.0,0.0461,10.0,5099.0,63.0
2021-01-05 09:39:37.730,0.0462,0.0464,12.0,0.0459,10.0,5099.0,63.0
2021-01-05 09:39:38.221,0.0462,0.0463,12.0,0.0459,23.0,5099.0,63.0
2021-01-05 09:39:38.650,0.0462,0.0462,12.0,0.0459,23.0,5099.0,63.0
2021-01-05 09:39:39.241,0.0462,0.0462,12.0,0.0459,10.0,5099.0,63.0
2021-01-05 09:39:40.200,0.0462,0.0462,12.0,0.0459,10.0,5099.0,63.0
2021-01-05 09:39:41.220,0.0462,0.0463,12.0,0.0459,22.0,5099.0,63.0
2021-01-05 09:39:41.750,0.0462,0.0462,12.0,0.0459,10.0,5099.0,63.0
2021-01-05 09:39:42.210,0.0462,0.0462,12.0,0.0459,10.0,5099.0,63.0
2021-01-05 09:39:42.640,0.0462,0.0462,12.0,0.0458,22.0,5099.0,63.0
2021-01-05 09:39:43.170,0.0462,0.0462,12.0,0.0458,25.0,5099.0,63.0
2021-01-05 09:39:43.660,0.0462,0.0462,12.0,0.0458,25.0,5099.0,63.0
2021-01-05 09:39:44.231,0.0462,0.0462,12.0,0.0458,55.0,5099.0,63.0
2021-01-05 09:39:44.680,0.0462,0.0461,12.0,0.0458,30.0,5099.0,63.0
2021-01-05 09:39:45.251,0.0462,0.0461,12.0,0.0458,20.0,5099.0,63.0
2021-01-05 09:39:45.750,0.0462,0.046,12.0,0.0458,20.0,5099.0,63.0
2021-01-05 09:39:46.190,0.0462,0.0462,40.0,0.0458,20.0,5099.0,63.0
2021-01-05 09:39:46.711,0.0462,0.0462,30.0,0.046,12.0,5099.0,63.0
2021-01-05 09:39:47.250,0.0462,0.0462,30.0,0.0459,12.0,5099.0,63.0
2021-01-05 09:39:47.731,0.0462,0.046,12.0,0.0458,10.0,5099.0,63.0
2021-01-05 09:39:48.221,0.0462,0.046,12.0,0.0456,30.0,5099.0,63.0
2021-01-05 09:39:48.720,0.0462,0.046,12.0,0.0456,43.0,5099.0,63.0
2021-01-05 09:39:49.711,0.0462,0.046,12.0,0.0456,30.0,5099.0,63.0
2021-01-05 09:39:50.121,0.0462,0.046,12.0,0.0456,20.0,5099.0,63.0
2021-01-05 09:39:50.710,0.0462,0.046,12.0,0.0456,20.0,5099.0,63.0
2021-01-05 09:39:51.241,0.0462,0.046,12.0,0.0455,10.0,5099.0,63.0
2021-01-05 09:39:51.730,0.0462,0.0461,10.0,0.0454,30.0,5099.0,63.0
2021-01-05 09:39:52.251,0.0462,0.0459,12.0,0.0454,43.0,5099.0,63.0
2021-01-05 09:39:52.601,0.0462,0.0459,12.0,0.0454,30.0,5099.0,63.0
2021-01-05 09:39:53.181,0.0462,0.0458,12.0,0.0455,13.0,5099.0,63.0
2021-01-05 09:39:53.630,0.0462,0.046,12.0,0.0456,12.0,5099.0,63.0
2021-01-05 09:39:54.191,0.0462,0.0459,12.0,0.0456,30.0,5099.0,63.0
2021-01-05 09:39:54.691,0.0462,0.0459,12.0,0.0456,20.0,5099.0,63.0
2021-01-05 09:39:55.181,0.0462,0.0458,12.0,0.0456,20.0,5099.0,63.0
2021-01-05 09:39:55.640,0.0462,0.0458,12.0,0.0456,20.0,5099.0,63.0
2021-01-05 09:39:56.120,0.0462,0.0458,12.0,0.0456,20.0,5099.0,63.0
2021-01-05 09:39:56.691,0.0462,0.0458,12.0,0.0455,10.0,5099.0,63.0
2021-01-05 09:39:57.181,0.0462,0.0459,12.0,0.0454,10.0,5099.0,63.0
2021-01-05 09:39:57.181,0.0462,0.0458,12.0,0.0454,23.0,5099.0,63.0
2021-01-05 09:39:58.101,0.0462,0.0458,12.0,0.0454,10.0,5099.0,63.0
2021-01-05 09:39:58.600,0.0462,0.0458,12.0,0.0454,35.0,5099.0,63.0
2021-01-05 09:40:00.631,0.0462,0.0458,12.0,0.0454,22.0,5099.0,63.0
2021-01-05 09:40:01.570,0.0462,0.0458,12.0,0.0454,22.0,5099.0,63.0
2021-01-05 09:40:02.671,0.0462,0.046,10.0,0.0454,10.0,5099.0,63.0
2021-01-05 09:40:03.171,0.0462,0.0459,12.0,0.0455,12.0,5099.0,63.0
2021-01-05 09:40:03.691,0.0462,0.0459,12.0,0.0455,22.0,5099.0,63.0
2021-01-05 09:40:04.160,0.0462,0.0459,12.0,0.0455,22.0,5099.0,63.0
2021-01-05 09:40:05.170,0.0462,0.0459,12.0,0.0455,22.0,5099.0,63.0
2021-01-05 09:40:05.701,0.0462,0.0459,12.0,0.0455,22.0,5099.0,63.0
2021-01-05 09:40:06.701,0.0462,0.0459,12.0,0.0455,42.0,5099.0,63.0
2021-01-05 09:40:07.191,0.0462,0.046,12.0,0.0456,12.0,5099.0,63.0
2021-01-05 09:40:07.700,0.0462,0.046,12.0,0.0456,22.0,5099.0,63.0
2021-01-05 09:40:08.200,0.0462,0.0461,12.0,0.0457,12.0,5099.0,63.0
2021-01-05 09:40:08.690,0.0462,0.046,12.0,0.0457,10.0,5099.0,63.0
2021-01-05 09:40:09.191,0.0462,0.0462,30.0,0.0457,30.0,5099.0,63.0
2021-01-05 09:40:09.691,0.0462,0.0461,12.0,0.0457,42.0,5099.0,63.0
2021-01-05 09:40:10.150,0.0462,0.0462,30.0,0.0457,30.0,5099.0,63.0
2021-01-05 09:40:10.680,0.0462,0.046,12.0,0.0457,30.0,5099.0,63.0
2021-01-05 09:40:11.170,0.0462,0.046,12.0,0.0457,30.0,5099.0,63.0
2021-01-05 09:40:12.190,0.0462,0.0461,12.0,0.0457,42.0,5099.0,63.0
2021-01-05 09:40:13.170,0.0462,0.0461,12.0,0.0457,42.0,5099.0,63.0
2021-01-05 09:40:13.700,0.0462,0.0462,42.0,0.0458,12.0,5099.0,63.0
2021-01-05 09:40:14.150,0.0462,0.0462,42.0,0.0458,22.0,5099.0,63.0
2021-01-05 09:40:15.690,0.0462,0.0462,42.0,0.0458,22.0,5099.0,63.0
2021-01-05 09:40:16.140,0.0462,0.0462,42.0,0.0458,22.0,5099.0,63.0
2021-01-05 09:40:16.610,0.0462,0.0461,12.0,0.0458,10.0,5099.0,63.0
2021-01-05 09:40:17.191,0.0462,0.0462,42.0,0.0458,22.0,5099.0,63.0
2021-01-05 09:40:18.120,0.0462,0.0461,12.0,0.0458,10.0,5099.0,63.0
2021-01-05 09:40:20.191,0.0462,0.0462,30.0,0.0458,10.0,5099.0,63.0
2021-01-05 09:40:20.691,0.0462,0.046,12.0,0.0458,10.0,5099.0,63.0
2021-01-05 09:40:21.200,0.0462,0.0462,30.0,0.0459,12.0,5099.0,63.0
2021-01-05 09:40:21.701,0.0462,0.046,12.0,0.0458,10.0,5099.0,63.0
2021-01-05 09:40:22.210,0.0462,0.046,12.0,0.0457,30.0,5099.0,63.0
2021-01-05 09:40:22.650,0.0462,0.046,12.0,0.0457,30.0,5099.0,63.0
2021-01-05 09:40:23.200,0.0462,0.046,12.0,0.0457,30.0,5099.0,63.0
2021-01-05 09:40:23.701,0.0462,0.046,12.0,0.0457,30.0,5099.0,63.0
2021-01-05 09:40:25.121,0.0462,0.046,12.0,0.0457,30.0,5099.0,63.0
2021-01-05 09:40:25.570,0.0462,0.046,12.0,0.0457,30.0,5099.0,63.0
2021-01-05 09:40:27.701,0.0462,0.046,12.0,0.0457,10.0,5099.0,63.0
2021-01-05 09:40:28.200,0.0462,0.046,12.0,0.0457,10.0,5099.0,63.0
2021-01-05 09:40:32.611,0.0462,0.0462,40.0,0.0457,22.0,5099.0,63.0
2021-01-05 09:40:33.180,0.0462,0.0462,43.0,0.0457,10.0,5099.0,63.0
2021-01-05 09:40:33.681,0.0462,0.0462,30.0,0.0459,12.0,5099.0,63.0
2021-01-05 09:40:34.171,0.0462,0.0462,30.0,0.0459,22.0,5099.0,63.0
2021-01-05 09:40:34.601,0.0462,0.0462,30.0,0.0459,22.0,5099.0,63.0
2021-01-05 09:40:36.620,0.0462,0.0462,30.0,0.0459,22.0,5099.0,63.0
2021-01-05 09:40:37.201,0.0462,0.0462,30.0,0.0459,22.0,5099.0,63.0
2021-01-05 09:40:39.041,0.0462,0.0462,30.0,0.0459,22.0,5099.0,63.0
2021-01-05 09:40:39.681,0.0462,0.0462,30.0,0.046,12.0,5099.0,63.0
2021-01-05 09:40:40.151,0.0462,0.0462,30.0,0.046,22.0,5099.0,63.0
2021-01-05 09:40:40.601,0.0462,0.0462,30.0,0.046,22.0,5099.0,63.0
2021-01-05 09:40:41.640,0.0462,0.0462,30.0,0.046,22.0,5099.0,63.0
2021-01-05 09:40:43.621,0.0462,0.0462,30.0,0.046,10.0,5099.0,63.0
2021-01-05 09:40:44.201,0.0462,0.0462,42.0,0.0459,10.0,5099.0,63.0
2021-01-05 09:40:45.131,0.0462,0.0462,42.0,0.0459,10.0,5099.0,63.0
2021-01-05 09:40:45.621,0.0462,0.0462,30.0,0.0459,22.0,5099.0,63.0
2021-01-05 09:40:46.161,0.0462,0.0462,30.0,0.0459,22.0,5099.0,63.0
2021-01-05 09:40:48.700,0.0462,0.0462,30.0,0.046,12.0,5099.0,63.0
2021-01-05 09:40:49.111,0.0462,0.0462,30.0,0.0459,22.0,5099.0,63.0
2021-01-05 09:40:50.671,0.0462,0.0462,30.0,0.0459,22.0,5099.0,63.0
2021-01-05 09:40:51.021,0.0462,0.0462,42.0,0.0459,10.0,5099.0,63.0
2021-01-05 09:40:52.650,0.0462,0.0462,30.0,0.046,12.0,5099.0,63.0
2021-01-05 09:40:54.661,0.0462,0.0462,30.0,0.0461,12.0,5099.0,63.0
2021-01-05 09:40:55.111,0.0462,0.0462,30.0,0.0459,10.0,5099.0,63.0
2021-01-05 09:40:55.240,0.0462,0.046,12.0,0.0459,23.0,5099.0,63.0
2021-01-05 09:40:56.121,0.046,0.0462,30.0,0.0459,10.0,5104.0,68.0
2021-01-05 09:40:56.711,0.046,0.0462,42.0,0.0459,10.0,5104.0,68.0
2021-01-05 09:40:57.560,0.046,0.0462,42.0,0.0459,10.0,5104.0,68.0
2021-01-05 09:40:58.200,0.046,0.0462,42.0,0.0459,10.0,5104.0,68.0
2021-01-05 09:40:58.721,0.046,0.0462,42.0,0.0459,10.0,5104.0,68.0
2021-01-05 09:40:58.980,0.046,0.0462,30.0,0.046,12.0,5104.0,68.0
2021-01-05 09:40:59.721,0.046,0.0462,30.0,0.046,22.0,5104.0,68.0
2021-01-05 09:41:01.160,0.046,0.0462,30.0,0.046,10.0,5104.0,68.0
2021-01-05 09:41:01.650,0.046,0.0462,30.0,0.046,22.0,5104.0,68.0
2021-01-05 09:41:02.661,0.046,0.0462,30.0,0.046,22.0,5104.0,68.0
2021-01-05 09:41:03.110,0.046,0.0462,30.0,0.046,10.0,5104.0,68.0
2021-01-05 09:41:03.721,0.046,0.0462,30.0,0.046,10.0,5104.0,68.0
2021-01-05 09:41:04.180,0.046,0.0462,30.0,0.046,10.0,5104.0,68.0
2021-01-05 09:41:05.220,0.046,0.0462,30.0,0.046,22.0,5104.0,68.0
2021-01-05 09:41:06.221,0.046,0.0462,30.0,0.046,10.0,5104.0,68.0
2021-01-05 09:41:06.620,0.046,0.0462,30.0,0.046,10.0,5104.0,68.0
2021-01-05 09:41:07.100,0.046,0.0462,42.0,0.046,10.0,5104.0,68.0
2021-01-05 09:41:08.701,0.046,0.0462,30.0,0.046,10.0,5104.0,68.0
2021-01-05 09:41:09.210,0.046,0.0462,30.0,0.046,10.0,5104.0,68.0
2021-01-05 09:41:09.650,0.046,0.0462,30.0,0.046,12.0,5104.0,68.0
2021-01-05 09:41:10.220,0.046,0.0462,30.0,0.046,22.0,5104.0,68.0
2021-01-05 09:41:10.710,0.046,0.0462,30.0,0.0459,22.0,5104.0,68.0
2021-01-05 09:41:11.210,0.046,0.0462,30.0,0.0459,22.0,5104.0,68.0
2021-01-05 09:41:12.151,0.046,0.0462,30.0,0.0459,22.0,5104.0,68.0
2021-01-05 09:41:12.710,0.046,0.0462,40.0,0.0459,22.0,5104.0,68.0
2021-01-05 09:41:13.161,0.046,0.0462,30.0,0.046,12.0,5104.0,68.0
2021-01-05 09:41:13.711,0.046,0.0462,30.0,0.0461,12.0,5104.0,68.0
2021-01-05 09:41:14.160,0.0461,0.0462,30.0,0.0459,10.0,5104.0,73.0
2021-01-05 09:41:14.671,0.0461,0.0462,30.0,0.0459,22.0,5104.0,73.0
2021-01-05 09:41:15.180,0.0461,0.0462,30.0,0.0459,22.0,5104.0,73.0
2021-01-05 09:41:15.601,0.0461,0.0462,30.0,0.0459,22.0,5104.0,73.0
2021-01-05 09:41:16.500,0.0461,0.0462,42.0,0.0459,10.0,5104.0,73.0
2021-01-05 09:41:17.670,0.0461,0.0462,42.0,0.0459,10.0,5104.0,73.0
2021-01-05 09:41:20.721,0.0461,0.0462,42.0,0.0459,10.0,5104.0,73.0
2021-01-05 09:41:21.190,0.0461,0.0462,42.0,0.0459,10.0,5104.0,73.0
2021-01-05 09:41:24.651,0.0461,0.0462,42.0,0.0459,10.0,5104.0,73.0
2021-01-05 09:41:25.120,0.0461,0.0462,42.0,0.0459,10.0,5104.0,73.0
2021-01-05 09:41:25.641,0.0461,0.0462,42.0,0.0459,10.0,5104.0,73.0
2021-01-05 09:41:27.710,0.0461,0.0461,12.0,0.0459,10.0,5104.0,73.0
2021-01-05 09:41:28.171,0.0461,0.046,12.0,0.0459,10.0,5104.0,73.0
2021-01-05 09:41:28.540,0.0461,0.0462,52.0,0.0458,22.0,5104.0,73.0
2021-01-05 09:41:29.001,0.0461,0.0462,30.0,0.0459,12.0,5104.0,73.0
2021-01-05 09:41:29.690,0.0461,0.0462,30.0,0.0458,23.0,5104.0,73.0
2021-01-05 09:41:30.180,0.0461,0.0462,42.0,0.0458,22.0,5104.0,73.0
2021-01-05 09:41:30.711,0.0461,0.0462,30.0,0.0458,10.0,5104.0,73.0
2021-01-05 09:41:31.181,0.0461,0.0462,30.0,0.0459,12.0,5104.0,73.0
2021-01-05 09:41:31.700,0.0461,0.0462,30.0,0.0459,22.0,5104.0,73.0
2021-01-05 09:41:32.220,0.0461,0.0462,30.0,0.0459,12.0,5104.0,73.0
2021-01-05 09:41:33.171,0.0461,0.0462,30.0,0.0459,12.0,5104.0,73.0
2021-01-05 09:41:33.680,0.0461,0.0462,30.0,0.0459,22.0,5104.0,73.0
2021-01-05 09:41:36.070,0.0461,0.0462,42.0,0.0458,22.0,5104.0,73.0
2021-01-05 09:41:36.720,0.0461,0.0461,12.0,0.0458,10.0,5104.0,73.0
2021-01-05 09:41:37.210,0.0461,0.0461,12.0,0.0458,10.0,5104.0,73.0
2021-01-05 09:41:37.711,0.0461,0.0462,40.0,0.0457,10.0,5104.0,73.0
2021-01-05 09:41:38.220,0.0461,0.0462,53.0,0.0457,10.0,5104.0,73.0
2021-01-05 09:41:38.650,0.0461,0.0462,53.0,0.0459,12.0,5104.0,73.0
2021-01-05 09:41:39.221,0.0461,0.0462,43.0,0.0459,12.0,5104.0,73.0
2021-01-05 09:41:39.521,0.0461,0.0462,43.0,0.046,12.0,5104.0,73.0
2021-01-05 09:41:41.730,0.0461,0.0462,30.0,0.046,12.0,5104.0,73.0
2021-01-05 09:41:43.080,0.0461,0.0462,30.0,0.0459,12.0,5104.0,73.0
2021-01-05 09:41:45.190,0.0461,0.0462,42.0,0.0458,22.0,5104.0,73.0
2021-01-05 09:41:45.701,0.0461,0.0462,40.0,0.0459,12.0,5104.0,73.0
2021-01-05 09:41:46.241,0.0461,0.0462,42.0,0.0459,10.0,5104.0,73.0
2021-01-05 09:41:46.661,0.0461,0.0462,30.0,0.0459,10.0,5104.0,73.0
2021-01-05 09:41:47.201,0.0461,0.0462,30.0,0.0459,22.0,5104.0,73.0
2021-01-05 09:41:47.741,0.0461,0.0462,30.0,0.0459,10.0,5104.0,73.0
2021-01-05 09:41:48.181,0.0461,0.0462,30.0,0.046,12.0,5104.0,73.0
2021-01-05 09:41:49.191,0.0461,0.0462,30.0,0.046,12.0,5104.0,73.0
2021-01-05 09:41:49.750,0.0461,0.0462,30.0,0.0459,12.0,5104.0,73.0
2021-01-05 09:41:50.231,0.0461,0.0462,30.0,0.0459,25.0,5104.0,73.0
2021-01-05 09:41:50.751,0.0461,0.0462,30.0,0.0459,35.0,5104.0,73.0
2021-01-05 09:41:51.251,0.0461,0.0462,30.0,0.046,12.0,5104.0,73.0
2021-01-05 09:41:51.760,0.0461,0.0462,30.0,0.046,12.0,5104.0,73.0
2021-01-05 09:41:53.201,0.0461,0.0462,30.0,0.046,12.0,5104.0,73.0
2021-01-05 09:41:54.161,0.0461,0.0462,30.0,0.046,12.0,5104.0,73.0
2021-01-05 09:41:55.671,0.0461,0.0462,30.0,0.046,12.0,5104.0,73.0
2021-01-05 09:41:56.151,0.0461,0.0462,30.0,0.0459,22.0,5104.0,73.0
2021-01-05 09:41:56.670,0.0461,0.0462,30.0,0.046,12.0,5104.0,73.0
2021-01-05 09:41:57.110,0.0461,0.0462,30.0,0.0459,35.0,5104.0,73.0
2021-01-05 09:41:57.640,0.0461,0.0462,30.0,0.0459,22.0,5104.0,73.0
2021-01-05 09:41:58.140,0.0461,0.0462,30.0,0.0459,12.0,5104.0,73.0
2021-01-05 09:41:58.660,0.0461,0.0462,30.0,0.0459,12.0,5104.0,73.0
2021-01-05 09:42:00.701,0.0461,0.0462,42.0,0.0458,22.0,5104.0,73.0
2021-01-05 09:42:02.201,0.0461,0.0462,52.0,0.0458,22.0,5104.0,73.0
2021-01-05 09:42:02.710,0.0461,0.0462,52.0,0.0458,12.0,5104.0,73.0
2021-01-05 09:42:03.690,0.0461,0.0462,52.0,0.0458,12.0,5104.0,73.0
2021-01-05 09:42:04.641,0.0461,0.0462,40.0,0.0459,12.0,5104.0,73.0
2021-01-05 09:42:05.211,0.0461,0.0462,30.0,0.0459,12.0,5104.0,73.0
2021-01-05 09:42:05.711,0.0461,0.0462,40.0,0.0459,22.0,5104.0,73.0
2021-01-05 09:42:06.181,0.0461,0.0462,30.0,0.0459,12.0,5104.0,73.0
2021-01-05 09:42:06.690,0.0461,0.0462,30.0,0.0459,12.0,5104.0,73.0
2021-01-05 09:42:07.230,0.0461,0.0462,30.0,0.0459,12.0,5104.0,73.0
2021-01-05 09:42:09.570,0.0461,0.0462,30.0,0.0459,12.0,5104.0,73.0
2021-01-05 09:42:11.211,0.0461,0.0462,42.0,0.0458,22.0,5104.0,73.0
2021-01-05 09:42:11.691,0.0461,0.0462,52.0,0.0458,22.0,5104.0,73.0
2021-01-05 09:42:12.210,0.0461,0.0462,52.0,0.0458,12.0,5104.0,73.0
2021-01-05 09:42:12.721,0.0461,0.0462,52.0,0.0458,12.0,5104.0,73.0
2021-01-05 09:42:13.211,0.0461,0.0462,52.0,0.0458,12.0,5104.0,73.0
2021-01-05 09:42:13.731,0.0461,0.0462,40.0,0.0459,12.0,5104.0,73.0
2021-01-05 09:42:14.150,0.0461,0.0462,30.0,0.0459,12.0,5104.0,73.0
2021-01-05 09:42:14.671,0.0461,0.0462,52.0,0.0458,22.0,5104.0,73.0
2021-01-05 09:42:15.151,0.0461,0.0462,30.0,0.0457,10.0,5104.0,73.0
2021-01-05 09:42:15.650,0.0461,0.0462,40.0,0.0459,12.0,5104.0,73.0
2021-01-05 09:42:16.181,0.0461,0.0462,30.0,0.0459,12.0,5104.0,73.0
2021-01-05 09:42:16.701,0.0461,0.0462,30.0,0.0459,12.0,5104.0,73.0
2021-01-05 09:42:19.210,0.0461,0.0462,30.0,0.0459,12.0,5104.0,73.0
2021-01-05 09:42:19.721,0.0461,0.0462,30.0,0.0459,12.0,5104.0,73.0
2021-01-05 09:42:23.650,0.0461,0.0462,30.0,0.0458,10.0,5104.0,73.0
2021-01-05 09:42:24.151,0.0461,0.046,12.0,0.0458,10.0,5104.0,73.0
2021-01-05 09:42:24.670,0.0461,0.046,12.0,0.0457,10.0,5104.0,73.0
2021-01-05 09:42:25.200,0.0461,0.046,10.0,0.0458,12.0,5104.0,73.0
2021-01-05 09:42:25.511,0.0461,0.0462,52.0,0.0458,12.0,5104.0,73.0
2021-01-05 09:42:25.940,0.0461,0.0461,10.0,0.0458,22.0,5104.0,73.0
2021-01-05 09:42:26.701,0.0461,0.0462,52.0,0.0458,12.0,5104.0,73.0
2021-01-05 09:42:27.171,0.0461,0.0462,52.0,0.0458,10.0,5104.0,73.0
2021-01-05 09:42:27.571,0.0461,0.0462,40.0,0.0459,12.0,5104.0,73.0
2021-01-05 09:42:30.710,0.0461,0.0462,40.0,0.0459,12.0,5104.0,73.0
2021-01-05 09:42:32.131,0.0461,0.0462,40.0,0.0459,22.0,5104.0,73.0
2021-01-05 09:42:33.720,0.0461,0.0462,40.0,0.0459,12.0,5104.0,73.0
2021-01-05 09:42:34.210,0.0461,0.0462,50.0,0.0459,12.0,5104.0,73.0
2021-01-05 09:42:35.701,0.0461,0.0462,62.0,0.0459,10.0,5104.0,73.0
2021-01-05 09:42:36.141,0.0461,0.0462,62.0,0.0458,22.0,5104.0,73.0
2021-01-05 09:42:36.650,0.0461,0.0462,62.0,0.0458,22.0,5104.0,73.0
2021-01-05 09:42:41.731,0.0461,0.0461,12.0,0.0458,10.0,5104.0,73.0
2021-01-05 09:42:42.250,0.0461,0.0461,12.0,0.0457,22.0,5104.0,73.0
2021-01-05 09:42:42.711,0.0461,0.0461,22.0,0.0457,12.0,5104.0,73.0
2021-01-05 09:42:43.741,0.0461,0.0462,50.0,0.0458,12.0,5104.0,73.0
2021-01-05 09:42:44.211,0.0461,0.0462,50.0,0.0457,10.0,5104.0,73.0
2021-01-05 09:42:44.751,0.0461,0.0462,75.0,0.0457,10.0,5104.0,73.0
2021-01-05 09:42:45.191,0.0461,0.0461,12.0,0.0457,22.0,5104.0,73.0
2021-01-05 09:42:45.650,0.0461,0.0461,22.0,0.0457,22.0,5104.0,73.0
2021-01-05 09:42:46.240,0.0461,0.0461,12.0,0.0457,22.0,5104.0,73.0
2021-01-05 09:42:48.720,0.0461,0.0462,52.0,0.0458,12.0,5104.0,73.0
2021-01-05 09:42:49.110,0.0461,0.0462,42.0,0.0458,22.0,5104.0,73.0
2021-01-05 09:42:49.750,0.0461,0.0462,42.0,0.0458,35.0,5104.0,73.0
2021-01-05 09:42:50.261,0.0461,0.0462,42.0,0.0458,22.0,5104.0,73.0
2021-01-05 09:42:52.601,0.0461,0.0462,52.0,0.0458,22.0,5104.0,73.0
2021-01-05 09:42:52.971,0.0461,0.0462,52.0,0.0458,35.0,5104.0,73.0
2021-01-05 09:42:55.701,0.0461,0.0462,42.0,0.0458,35.0,5104.0,73.0
2021-01-05 09:42:56.191,0.0461,0.0462,52.0,0.0458,35.0,5104.0,73.0
2021-01-05 09:42:56.650,0.0461,0.0462,42.0,0.0458,35.0,5104.0,73.0
2021-01-05 09:42:59.730,0.0461,0.0462,52.0,0.0458,35.0,5104.0,73.0
2021-01-05 09:43:00.200,0.0461,0.0462,42.0,0.0458,35.0,5104.0,73.0
2021-01-05 09:43:02.681,0.0461,0.0462,30.0,0.0458,23.0,5104.0,73.0
2021-01-05 09:43:02.681,0.0461,0.0461,12.0,0.0458,23.0,5104.0,73.0
2021-01-05 09:43:04.740,0.0461,0.0462,40.0,0.0459,12.0,5104.0,73.0
2021-01-05 09:43:05.251,0.0461,0.0462,30.0,0.0459,12.0,5104.0,73.0
2021-01-05 09:43:05.681,0.0461,0.0462,30.0,0.0459,25.0,5104.0,73.0
2021-01-05 09:43:06.171,0.0461,0.0462,30.0,0.0459,35.0,5104.0,73.0
2021-01-05 09:43:06.730,0.0461,0.0462,30.0,0.046,12.0,5104.0,73.0
2021-01-05 09:43:07.231,0.0461,0.0462,30.0,0.046,12.0,5104.0,73.0
2021-01-05 09:43:07.710,0.0461,0.0462,42.0,0.0459,23.0,5104.0,73.0
2021-01-05 09:43:08.181,0.0461,0.0462,42.0,0.0459,23.0,5104.0,73.0
2021-01-05 09:43:09.231,0.0461,0.0462,42.0,0.0459,10.0,5104.0,73.0
2021-01-05 09:43:09.740,0.0461,0.0462,42.0,0.0459,23.0,5104.0,73.0
2021-01-05 09:43:10.150,0.0461,0.0461,12.0,0.0458,10.0,5104.0,73.0
2021-01-05 09:43:10.150,0.0461,0.0462,42.0,0.0458,35.0,5104.0,73.0
2021-01-05 09:43:13.210,0.0461,0.0462,30.0,0.0459,12.0,5104.0,73.0
2021-01-05 09:43:13.740,0.0461,0.0462,30.0,0.0459,12.0,5104.0,73.0
2021-01-05 09:43:14.270,0.0461,0.0462,30.0,0.0459,25.0,5104.0,73.0
2021-01-05 09:43:16.270,0.0461,0.0461,12.0,0.0459,13.0,5104.0,73.0
2021-01-05 09:43:16.720,0.0461,0.0461,12.0,0.0459,13.0,5104.0,73.0
2021-01-05 09:43:17.771,0.0461,0.0462,42.0,0.0459,13.0,5104.0,73.0
2021-01-05 09:43:18.270,0.0461,0.0462,30.0,0.0459,25.0,5104.0,73.0
2021-01-05 09:43:19.751,0.0461,0.0462,30.0,0.0459,13.0,5104.0,73.0
2021-01-05 09:43:20.281,0.0461,0.046,12.0,0.0458,10.0,5104.0,73.0
2021-01-05 09:43:20.731,0.046,0.0462,30.0,0.0459,20.0,5104.0,85.0
2021-01-05 09:43:21.271,0.046,0.0462,30.0,0.0459,32.0,5104.0,85.0
2021-01-05 09:43:22.671,0.046,0.0462,30.0,0.046,12.0,5104.0,85.0
2021-01-05 09:43:23.201,0.046,0.0462,30.0,0.0459,42.0,5104.0,85.0
2021-01-05 09:43:24.120,0.046,0.0462,30.0,0.0459,42.0,5104.0,85.0
2021-01-05 09:43:24.661,0.046,0.0462,30.0,0.0459,32.0,5104.0,85.0
2021-01-05 09:43:25.201,0.046,0.046,12.0,0.0459,20.0,5104.0,85.0
2021-01-05 09:43:25.701,0.046,0.046,12.0,0.0459,20.0,5104.0,85.0
2021-01-05 09:43:26.060,0.046,0.046,12.0,0.0459,20.0,5104.0,85.0
2021-01-05 09:43:26.621,0.046,0.0462,42.0,0.0458,12.0,5104.0,85.0
2021-01-05 09:43:27.190,0.046,0.0462,30.0,0.0458,22.0,5104.0,85.0
2021-01-05 09:43:27.591,0.046,0.0462,30.0,0.046,12.0,5104.0,85.0
2021-01-05 09:43:28.091,0.046,0.0462,30.0,0.0459,10.0,5104.0,85.0
2021-01-05 09:43:28.700,0.046,0.0461,12.0,0.0459,10.0,5104.0,85.0
2021-01-05 09:43:29.080,0.046,0.0461,12.0,0.0458,30.0,5104.0,85.0
2021-01-05 09:43:33.141,0.046,0.0462,42.0,0.0458,42.0,5104.0,85.0
2021-01-05 09:43:34.221,0.046,0.0462,30.0,0.0458,30.0,5104.0,85.0
2021-01-05 09:43:34.230,0.046,0.0461,12.0,0.0458,30.0,5104.0,85.0
2021-01-05 09:43:35.160,0.046,0.0461,12.0,0.0458,30.0,5104.0,85.0
2021-01-05 09:43:35.681,0.046,0.0461,12.0,0.0458,30.0,5104.0,85.0
2021-01-05 09:43:36.661,0.046,0.0462,42.0,0.0458,42.0,5104.0,85.0
2021-01-05 09:43:38.221,0.046,0.0461,12.0,0.0458,30.0,5104.0,85.0
2021-01-05 09:43:39.700,0.046,0.046,12.0,0.0458,20.0,5104.0,85.0
2021-01-05 09:43:40.230,0.046,0.046,12.0,0.0458,20.0,5104.0,85.0
2021-01-05 09:43:41.231,0.046,0.046,12.0,0.0458,20.0,5104.0,85.0
2021-01-05 09:43:43.231,0.046,0.046,12.0,0.0458,20.0,5104.0,85.0
2021-01-05 09:43:43.711,0.046,0.046,12.0,0.0458,20.0,5104.0,85.0
2021-01-05 09:43:44.251,0.046,0.046,12.0,0.0458,20.0,5104.0,85.0
2021-01-05 09:43:45.221,0.046,0.046,12.0,0.0458,20.0,5104.0,85.0
2021-01-05 09:43:45.720,0.046,0.046,12.0,0.0458,20.0,5104.0,85.0
2021-01-05 09:43:46.151,0.046,0.046,12.0,0.0458,20.0,5104.0,85.0
2021-01-05 09:43:46.750,0.046,0.046,12.0,0.0458,20.0,5104.0,85.0
2021-01-05 09:43:47.250,0.046,0.046,12.0,0.0458,20.0,5104.0,85.0
2021-01-05 09:43:47.661,0.046,0.046,12.0,0.0458,20.0,5104.0,85.0
2021-01-05 09:43:48.220,0.046,0.046,12.0,0.0458,20.0,5104.0,85.0
2021-01-05 09:43:48.721,0.046,0.046,12.0,0.0456,42.0,5104.0,85.0
2021-01-05 09:43:49.221,0.046,0.046,12.0,0.0456,32.0,5104.0,85.0
2021-01-05 09:43:50.721,0.046,0.046,10.0,0.0458,12.0,5104.0,85.0
2021-01-05 09:43:51.660,0.046,0.046,12.0,0.0458,20.0,5104.0,85.0
2021-01-05 09:43:52.200,0.046,0.046,22.0,0.0456,32.0,5104.0,85.0
2021-01-05 09:43:52.681,0.046,0.046,22.0,0.0456,32.0,5104.0,85.0
2021-01-05 09:43:53.610,0.046,0.046,22.0,0.0456,32.0,5104.0,85.0
2021-01-05 09:43:53.931,0.046,0.046,10.0,0.0458,12.0,5104.0,85.0
2021-01-05 09:43:54.680,0.046,0.046,10.0,0.0458,32.0,5104.0,85.0
2021-01-05 09:43:54.980,0.046,0.046,10.0,0.0458,32.0,5104.0,85.0
2021-01-05 09:43:55.660,0.046,0.046,10.0,0.0458,32.0,5104.0,85.0
2021-01-05 09:43:56.721,0.046,0.046,10.0,0.0458,20.0,5104.0,85.0
2021-01-05 09:43:57.650,0.046,0.0461,22.0,0.0458,20.0,5104.0,85.0
2021-01-05 09:43:59.691,0.046,0.0459,12.0,0.0458,20.0,5104.0,85.0
2021-01-05 09:44:00.131,0.0459,0.046,10.0,0.0456,20.0,5104.0,97.0
2021-01-05 09:44:00.131,0.0459,0.046,10.0,0.0458,12.0,5104.0,97.0
2021-01-05 09:44:01.160,0.0459,0.046,10.0,0.0458,12.0,5104.0,97.0
2021-01-05 09:44:02.711,0.0459,0.046,10.0,0.0458,12.0,5104.0,97.0
2021-01-05 09:44:03.750,0.0459,0.046,10.0,0.0458,12.0,5104.0,97.0
2021-01-05 09:44:04.751,0.0459,0.0461,10.0,0.0456,20.0,5104.0,97.0
2021-01-05 09:44:05.260,0.0459,0.0461,10.0,0.0458,20.0,5104.0,97.0
2021-01-05 09:44:05.681,0.0459,0.046,12.0,0.0456,42.0,5104.0,97.0
2021-01-05 09:44:06.261,0.0459,0.0461,10.0,0.0456,20.0,5104.0,97.0
2021-01-05 09:44:06.770,0.0459,0.0461,10.0,0.0458,12.0,5104.0,97.0
2021-01-05 09:44:07.281,0.0459,0.0459,12.0,0.0456,30.0,5104.0,97.0
2021-01-05 09:44:07.750,0.0459,0.0459,12.0,0.0456,20.0,5104.0,97.0
2021-01-05 09:44:08.230,0.0459,0.046,10.0,0.0456,20.0,5104.0,97.0
2021-01-05 09:44:08.760,0.0459,0.046,10.0,0.0454,30.0,5104.0,97.0
2021-01-05 09:44:09.150,0.0459,0.046,10.0,0.0456,12.0,5104.0,97.0
2021-01-05 09:44:09.780,0.0459,0.046,10.0,0.0456,32.0,5104.0,97.0
2021-01-05 09:44:10.280,0.0459,0.046,10.0,0.0457,12.0,5104.0,97.0
2021-01-05 09:44:10.781,0.0459,0.046,10.0,0.0457,12.0,5104.0,97.0
2021-01-05 09:44:11.780,0.0459,0.046,10.0,0.0457,12.0,5104.0,97.0
2021-01-05 09:44:12.270,0.0459,0.046,10.0,0.0457,12.0,5104.0,97.0
2021-01-05 09:44:12.781,0.0459,0.0461,22.0,0.0457,12.0,5104.0,97.0
2021-01-05 09:44:13.230,0.0459,0.0461,35.0,0.0457,12.0,5104.0,97.0
2021-01-05 09:44:16.281,0.0459,0.0461,35.0,0.0457,12.0,5104.0,97.0
2021-01-05 09:44:16.781,0.0459,0.0461,23.0,0.0457,12.0,5104.0,97.0
2021-01-05 09:44:17.770,0.0459,0.046,12.0,0.0456,12.0,5104.0,97.0
2021-01-05 09:44:18.231,0.0459,0.0459,12.0,0.0455,12.0,5104.0,97.0
2021-01-05 09:44:18.780,0.0459,0.0459,12.0,0.0455,12.0,5104.0,97.0
2021-01-05 09:44:19.261,0.0459,0.0462,30.0,0.0455,12.0,5104.0,97.0
2021-01-05 09:44:19.801,0.0459,0.0461,25.0,0.0456,12.0,5104.0,97.0
2021-01-05 09:44:20.300,0.0459,0.0459,12.0,0.0455,12.0,5104.0,97.0
2021-01-05 09:44:20.780,0.0459,0.0459,12.0,0.0455,12.0,5104.0,97.0
2021-01-05 09:44:21.270,0.0459,0.046,10.0,0.0455,10.0,5104.0,97.0
2021-01-05 09:44:21.760,0.0459,0.046,10.0,0.0457,12.0,5104.0,97.0
2021-01-05 09:44:22.250,0.0459,0.046,10.0,0.0457,12.0,5104.0,97.0
2021-01-05 09:44:22.661,0.0459,0.0461,10.0,0.0457,12.0,5104.0,97.0
2021-01-05 09:44:22.991,0.0459,0.0461,23.0,0.0458,12.0,5104.0,97.0
2021-01-05 09:44:26.201,0.0459,0.0461,23.0,0.0458,12.0,5104.0,97.0
2021-01-05 09:44:26.701,0.0459,0.0461,23.0,0.0458,12.0,5104.0,97.0
2021-01-05 09:44:30.720,0.0459,0.0461,23.0,0.0458,12.0,5104.0,97.0
2021-01-05 09:44:31.231,0.0459,0.0461,23.0,0.0458,12.0,5104.0,97.0
2021-01-05 09:44:31.730,0.0459,0.0461,23.0,0.0458,12.0,5104.0,97.0
2021-01-05 09:44:32.691,0.0459,0.0461,23.0,0.0458,12.0,5104.0,97.0
2021-01-05 09:44:33.240,0.0459,0.0461,23.0,0.0458,12.0,5104.0,97.0
2021-01-05 09:44:33.730,0.0459,0.0461,23.0,0.0458,12.0,5104.0,97.0
2021-01-05 09:44:35.740,0.0459,0.0461,22.0,0.0457,12.0,5104.0,97.0
2021-01-05 09:44:36.220,0.0459,0.046,13.0,0.0458,12.0,5104.0,97.0
2021-01-05 09:44:36.741,0.0459,0.046,23.0,0.0457,12.0,5104.0,97.0
2021-01-05 09:44:37.240,0.0459,0.046,23.0,0.0457,12.0,5104.0,97.0
2021-01-05 09:44:37.751,0.0459,0.046,23.0,0.0457,12.0,5104.0,97.0
2021-01-05 09:44:38.731,0.0459,0.046,23.0,0.0457,12.0,5104.0,97.0
2021-01-05 09:44:39.661,0.046,0.046,13.0,0.0457,12.0,5104.0,107.0
2021-01-05 09:44:41.730,0.046,0.046,10.0,0.0457,12.0,5104.0,107.0
2021-01-05 09:44:42.731,0.046,0.046,10.0,0.0457,12.0,5104.0,107.0
2021-01-05 09:44:43.251,0.046,0.046,23.0,0.0457,12.0,5104.0,107.0
2021-01-05 09:44:44.761,0.046,0.046,23.0,0.0457,12.0,5104.0,107.0
2021-01-05 09:44:45.261,0.046,0.046,10.0,0.0457,12.0,5104.0,107.0
2021-01-05 09:44:45.760,0.046,0.046,10.0,0.0454,10.0,5104.0,107.0
2021-01-05 09:44:46.271,0.046,0.046,23.0,0.0457,12.0,5104.0,107.0
2021-01-05 09:44:46.771,0.046,0.046,23.0,0.0455,12.0,5104.0,107.0
2021-01-05 09:44:47.251,0.046,0.046,23.0,0.0456,12.0,5104.0,107.0
2021-01-05 09:44:47.770,0.046,0.046,23.0,0.0455,12.0,5104.0,107.0
2021-01-05 09:44:48.271,0.046,0.046,23.0,0.0453,10.0,5104.0,107.0
2021-01-05 09:44:48.780,0.046,0.046,23.0,0.0455,12.0,5104.0,107.0
2021-01-05 09:44:50.300,0.046,0.046,23.0,0.0455,12.0,5104.0,107.0
2021-01-05 09:44:50.811,0.046,0.0458,12.0,0.0454,12.0,5104.0,107.0
2021-01-05 09:44:51.231,0.046,0.0458,10.0,0.0455,12.0,5104.0,107.0
2021-01-05 09:44:52.711,0.046,0.0458,22.0,0.0454,12.0,5104.0,107.0
2021-01-05 09:44:53.201,0.046,0.0458,10.0,0.0454,12.0,5104.0,107.0
2021-01-05 09:44:53.621,0.046,0.0458,10.0,0.0454,12.0,5104.0,107.0
2021-01-05 09:44:54.201,0.046,0.0458,10.0,0.0454,12.0,5104.0,107.0
2021-01-05 09:44:54.551,0.046,0.0458,10.0,0.0455,12.0,5104.0,107.0
2021-01-05 09:44:55.150,0.046,0.0458,10.0,0.0454,12.0,5104.0,107.0
2021-01-05 09:44:55.700,0.046,0.0458,10.0,0.0454,12.0,5104.0,107.0
2021-01-05 09:44:56.220,0.046,0.0458,10.0,0.0453,10.0,5104.0,107.0
2021-01-05 09:44:56.720,0.046,0.0458,10.0,0.0453,12.0,5104.0,107.0
2021-01-05 09:44:57.160,0.046,0.0459,12.0,0.0454,12.0,5104.0,107.0
2021-01-05 09:44:57.431,0.046,0.0458,12.0,0.0453,12.0,5104.0,107.0
2021-01-05 09:44:58.120,0.046,0.0458,22.0,0.0453,12.0,5104.0,107.0
2021-01-05 09:44:58.720,0.046,0.0458,10.0,0.0453,12.0,5104.0,107.0
2021-01-05 09:44:59.190,0.046,0.0458,10.0,0.0454,12.0,5104.0,107.0
2021-01-05 09:44:59.711,0.046,0.0458,10.0,0.0452,10.0,5104.0,107.0
2021-01-05 09:45:00.061,0.046,0.0458,10.0,0.0451,10.0,5104.0,107.0
2021-01-05 09:45:00.591,0.046,0.0457,12.0,0.0453,12.0,5104.0,107.0
2021-01-05 09:45:01.221,0.046,0.0456,12.0,0.0452,10.0,5104.0,107.0
2021-01-05 09:45:01.680,0.0456,0.0457,10.0,0.0454,12.0,5104.0,117.0
2021-01-05 09:45:02.061,0.0456,0.0458,10.0,0.0454,12.0,5104.0,117.0
2021-01-05 09:45:03.190,0.0456,0.0458,10.0,0.0455,12.0,5104.0,117.0
2021-01-05 09:45:03.680,0.0456,0.0458,10.0,0.0455,12.0,5104.0,117.0
2021-01-05 09:45:04.191,0.0456,0.0458,10.0,0.0455,12.0,5104.0,117.0
2021-01-05 09:45:04.700,0.0456,0.0459,10.0,0.0455,12.0,5104.0,117.0
2021-01-05 09:45:05.221,0.0456,0.046,10.0,0.0455,12.0,5104.0,117.0
2021-01-05 09:45:05.720,0.0456,0.046,23.0,0.0456,12.0,5104.0,117.0
2021-01-05 09:45:06.220,0.0456,0.046,23.0,0.0456,12.0,5104.0,117.0
2021-01-05 09:45:06.721,0.0456,0.046,35.0,0.0456,12.0,5104.0,117.0
2021-01-05 09:45:07.130,0.0456,0.0459,12.0,0.0455,12.0,5104.0,117.0
2021-01-05 09:45:07.651,0.0456,0.0459,13.0,0.0456,12.0,5104.0,117.0
2021-01-05 09:45:08.181,0.0456,0.0459,13.0,0.0455,12.0,5104.0,117.0
2021-01-05 09:45:09.190,0.0456,0.0459,13.0,0.0452,10.0,5104.0,117.0
2021-01-05 09:45:09.720,0.0456,0.0459,25.0,0.0454,12.0,5104.0,117.0
2021-01-05 09:45:10.200,0.0456,0.0458,12.0,0.0453,12.0,5104.0,117.0
2021-01-05 09:45:10.700,0.0456,0.0458,22.0,0.0453,12.0,5104.0,117.0
2021-01-05 09:45:11.720,0.0456,0.0458,22.0,0.0453,12.0,5104.0,117.0
2021-01-05 09:45:12.150,0.0456,0.0458,10.0,0.0452,12.0,5104.0,117.0
2021-01-05 09:45:12.701,0.0456,0.0458,23.0,0.0452,12.0,5104.0,117.0
2021-01-05 09:45:13.220,0.0456,0.0458,10.0,0.0452,12.0,5104.0,117.0
2021-01-05 09:45:14.181,0.0456,0.0458,10.0,0.0452,12.0,5104.0,117.0
2021-01-05 09:45:14.701,0.0456,0.0458,23.0,0.0452,12.0,5104.0,117.0
2021-01-05 09:45:15.721,0.0456,0.0458,10.0,0.0453,10.0,5104.0,117.0
2021-01-05 09:45:16.230,0.0456,0.0457,12.0,0.0453,22.0,5104.0,117.0
2021-01-05 09:45:16.741,0.0456,0.0457,10.0,0.0454,12.0,5104.0,117.0
2021-01-05 09:45:17.220,0.0456,0.0457,10.0,0.0454,12.0,5104.0,117.0
2021-01-05 09:45:18.691,0.0456,0.0457,10.0,0.0454,12.0,5104.0,117.0
2021-01-05 09:45:19.191,0.0456,0.0457,22.0,0.0453,22.0,5104.0,117.0
2021-01-05 09:45:19.731,0.0456,0.0456,12.0,0.0453,10.0,5104.0,117.0
2021-01-05 09:45:20.240,0.0456,0.0456,22.0,0.0453,10.0,5104.0,117.0
2021-01-05 09:45:21.091,0.0456,0.0456,22.0,0.0452,12.0,5104.0,117.0
2021-01-05 09:45:21.731,0.0456,0.0456,10.0,0.0452,12.0,5104.0,117.0
2021-01-05 09:45:23.160,0.0456,0.0456,10.0,0.0452,12.0,5104.0,117.0
2021-01-05 09:45:24.201,0.0456,0.0456,10.0,0.0452,12.0,5104.0,117.0
2021-01-05 09:45:24.701,0.0456,0.0456,10.0,0.0452,12.0,5104.0,117.0
2021-01-05 09:45:25.131,0.0456,0.0456,10.0,0.0452,12.0,5104.0,117.0
2021-01-05 09:45:25.690,0.0456,0.0457,10.0,0.0453,12.0,5104.0,117.0
2021-01-05 09:45:26.220,0.0456,0.0457,10.0,0.0453,12.0,5104.0,117.0
2021-01-05 09:45:26.681,0.0456,0.0457,10.0,0.0453,12.0,5104.0,117.0
2021-01-05 09:45:27.211,0.0456,0.0457,10.0,0.0453,12.0,5104.0,117.0
2021-01-05 09:45:28.220,0.0456,0.0457,10.0,0.0453,12.0,5104.0,117.0
2021-01-05 09:45:28.550,0.0456,0.0457,10.0,0.0454,12.0,5104.0,117.0
2021-01-05 09:45:29.140,0.0456,0.0457,10.0,0.0454,12.0,5104.0,117.0
2021-01-05 09:45:30.191,0.0456,0.0457,23.0,0.0452,12.0,5104.0,117.0
2021-01-05 09:45:30.700,0.0456,0.0455,12.0,0.045,32.0,5104.0,117.0
2021-01-05 09:45:31.211,0.0456,0.0455,22.0,0.045,22.0,5104.0,117.0
2021-01-05 09:45:31.680,0.0456,0.0454,12.0,0.045,22.0,5104.0,117.0
2021-01-05 09:45:32.160,0.0456,0.0455,10.0,0.045,10.0,5104.0,117.0
2021-01-05 09:45:32.690,0.0456,0.0455,10.0,0.0452,12.0,5104.0,117.0
2021-01-05 09:45:33.670,0.0456,0.0455,10.0,0.0452,12.0,5104.0,117.0
2021-01-05 09:45:36.240,0.0456,0.0456,30.0,0.0452,12.0,5104.0,117.0
2021-01-05 09:45:36.730,0.0456,0.0456,30.0,0.0452,12.0,5104.0,117.0
2021-01-05 09:45:37.241,0.0456,0.0456,30.0,0.0452,12.0,5104.0,117.0
2021-01-05 09:45:37.731,0.0456,0.0454,12.0,0.045,32.0,5104.0,117.0
2021-01-05 09:45:38.240,0.0456,0.0455,10.0,0.0452,12.0,5104.0,117.0
2021-01-05 09:45:38.721,0.0456,0.0456,30.0,0.0452,12.0,5104.0,117.0
2021-01-05 09:45:39.210,0.0456,0.0456,10.0,0.0452,12.0,5104.0,117.0
2021-01-05 09:45:39.700,0.0456,0.0456,10.0,0.0452,12.0,5104.0,117.0
2021-01-05 09:45:40.730,0.0456,0.0456,10.0,0.0452,12.0,5104.0,117.0
2021-01-05 09:45:41.220,0.0456,0.0456,10.0,0.0452,12.0,5104.0,117.0
2021-01-05 09:45:42.240,0.0456,0.0456,10.0,0.0452,12.0,5104.0,117.0
2021-01-05 09:45:42.711,0.0456,0.0456,10.0,0.0452,12.0,5104.0,117.0
2021-01-05 09:45:43.220,0.0456,0.0456,10.0,0.0452,12.0,5104.0,117.0
2021-01-05 09:45:44.201,0.0456,0.0456,10.0,0.0452,12.0,5104.0,117.0
2021-01-05 09:45:44.711,0.0456,0.0456,10.0,0.0452,12.0,5104.0,118.0
2021-01-05 09:45:45.220,0.0456,0.0456,10.0,0.0452,12.0,5104.0,118.0
2021-01-05 09:45:50.251,0.0456,0.0456,10.0,0.0452,12.0,5104.0,118.0
2021-01-05 09:45:50.750,0.0456,0.0456,10.0,0.045,20.0,5104.0,118.0
2021-01-05 09:45:51.221,0.0456,0.0454,12.0,0.045,33.0,5104.0,118.0
2021-01-05 09:45:51.260,0.0456,0.0455,10.0,0.0452,12.0,5104.0,118.0
2021-01-05 09:45:52.251,0.0456,0.0455,10.0,0.0452,12.0,5104.0,118.0
2021-01-05 09:45:52.641,0.0456,0.0455,10.0,0.0451,10.0,5104.0,118.0
2021-01-05 09:45:53.211,0.0456,0.0453,12.0,0.045,20.0,5104.0,118.0
2021-01-05 09:45:53.711,0.0456,0.0453,12.0,0.045,10.0,5104.0,118.0
2021-01-05 09:45:54.191,0.0456,0.0452,12.0,0.045,10.0,5104.0,118.0
2021-01-05 09:45:54.710,0.0456,0.0452,12.0,0.045,23.0,5104.0,118.0
2021-01-05 09:45:55.230,0.0456,0.0454,10.0,0.0452,12.0,5104.0,118.0
2021-01-05 09:45:55.711,0.0456,0.0455,10.0,0.0452,12.0,5104.0,118.0
2021-01-05 09:45:56.120,0.0456,0.0453,12.0,0.045,33.0,5104.0,118.0
2021-01-05 09:45:56.631,0.0456,0.0454,22.0,0.045,35.0,5104.0,118.0
2021-01-05 09:45:57.201,0.0456,0.0454,12.0,0.045,35.0,5104.0,118.0
2021-01-05 09:45:57.651,0.0456,0.0454,12.0,0.045,35.0,5104.0,118.0
2021-01-05 09:45:58.711,0.0456,0.0453,12.0,0.045,23.0,5104.0,118.0
2021-01-05 09:45:59.230,0.0456,0.0453,10.0,0.045,23.0,5104.0,118.0
2021-01-05 09:45:59.680,0.0456,0.0456,20.0,0.0452,12.0,5104.0,118.0
2021-01-05 09:45:59.901,0.0456,0.0454,12.0,0.045,45.0,5104.0,118.0
2021-01-05 09:46:00.730,0.0456,0.0454,12.0,0.045,10.0,5104.0,118.0
2021-01-05 09:46:01.180,0.0456,0.0453,12.0,0.045,10.0,5104.0,118.0
2021-01-05 09:46:02.221,0.0456,0.0454,10.0,0.0451,12.0,5104.0,118.0
2021-01-05 09:46:02.640,0.0456,0.0455,10.0,0.0452,12.0,5104.0,118.0
2021-01-05 09:46:03.120,0.0456,0.0455,10.0,0.0451,10.0,5104.0,118.0
2021-01-05 09:46:03.731,0.0456,0.0453,12.0,0.0451,10.0,5104.0,118.0
2021-01-05 09:46:03.841,0.0456,0.0453,22.0,0.045,10.0,5104.0,118.0
2021-01-05 09:46:06.690,0.0456,0.0453,22.0,0.045,10.0,5104.0,118.0
2021-01-05 09:46:08.121,0.0456,0.0453,22.0,0.045,10.0,5104.0,118.0
2021-01-05 09:46:09.181,0.0456,0.0453,22.0,0.045,20.0,5104.0,118.0
2021-01-05 09:46:09.710,0.0456,0.0453,22.0,0.045,10.0,5104.0,118.0
2021-01-05 09:46:10.221,0.0456,0.0453,10.0,0.045,10.0,5104.0,118.0
2021-01-05 09:46:10.720,0.0456,0.0453,10.0,0.045,10.0,5104.0,118.0
2021-01-05 09:46:11.181,0.0456,0.0453,10.0,0.0452,12.0,5104.0,118.0
2021-01-05 09:46:11.721,0.0456,0.0453,10.0,0.0452,12.0,5104.0,118.0
2021-01-05 09:46:12.680,0.0456,0.0453,10.0,0.0452,12.0,5104.0,118.0
2021-01-05 09:46:13.200,0.0456,0.0459,10.0,0.0452,12.0,5104.0,118.0
2021-01-05 09:46:13.681,0.0456,0.0458,13.0,0.0452,12.0,5104.0,118.0
2021-01-05 09:46:14.230,0.0456,0.0456,12.0,0.0451,22.0,5104.0,118.0
2021-01-05 09:46:15.231,0.0456,0.0454,12.0,0.0451,10.0,5104.0,118.0
2021-01-05 09:46:15.730,0.0456,0.0454,12.0,0.0451,10.0,5104.0,118.0
2021-01-05 09:46:16.201,0.0456,0.0453,12.0,0.0451,10.0,5104.0,118.0
2021-01-05 09:46:16.631,0.0456,0.0454,10.0,0.0451,12.0,5104.0,118.0
2021-01-05 09:46:17.021,0.0456,0.0455,10.0,0.0452,12.0,5104.0,118.0
2021-01-05 09:46:17.751,0.0456,0.0455,10.0,0.0452,12.0,5104.0,118.0
2021-01-05 09:46:18.160,0.0456,0.0455,10.0,0.0451,10.0,5104.0,118.0
2021-01-05 09:46:18.180,0.0456,0.0455,10.0,0.0452,12.0,5104.0,118.0
2021-01-05 09:46:19.661,0.0456,0.0455,10.0,0.0453,12.0,5104.0,118.0
2021-01-05 09:46:20.210,0.0456,0.0455,10.0,0.0453,12.0,5104.0,118.0
2021-01-05 09:46:20.731,0.0456,0.0455,10.0,0.0453,12.0,5104.0,118.0
2021-01-05 09:46:21.211,0.0456,0.0455,10.0,0.0453,12.0,5104.0,118.0
2021-01-05 09:46:22.220,0.0456,0.0455,10.0,0.0452,22.0,5104.0,118.0
2021-01-05 09:46:22.220,0.0456,0.0455,10.0,0.0453,12.0,5104.0,118.0
2021-01-05 09:46:23.201,0.0456,0.0455,10.0,0.0453,12.0,5104.0,118.0
2021-01-05 09:46:23.710,0.0456,0.0455,10.0,0.0453,12.0,5104.0,118.0
2021-01-05 09:46:25.211,0.0456,0.0455,10.0,0.0452,22.0,5104.0,118.0
2021-01-05 09:46:25.651,0.0456,0.0455,10.0,0.0453,12.0,5104.0,118.0
2021-01-05 09:46:26.191,0.0456,0.0455,10.0,0.0453,12.0,5104.0,118.0
2021-01-05 09:46:26.711,0.0456,0.0455,10.0,0.0453,12.0,5104.0,118.0
2021-01-05 09:46:27.201,0.0456,0.0455,10.0,0.0453,12.0,5104.0,118.0
2021-01-05 09:46:27.720,0.0456,0.0455,10.0,0.0453,12.0,5104.0,118.0
2021-01-05 09:46:28.200,0.0456,0.0455,10.0,0.0453,12.0,5104.0,118.0
2021-01-05 09:46:29.710,0.0456,0.0455,10.0,0.0453,12.0,5104.0,118.0
2021-01-05 09:46:30.211,0.0456,0.0455,10.0,0.0453,12.0,5104.0,118.0
2021-01-05 09:46:31.210,0.0456,0.0455,10.0,0.0453,12.0,5104.0,118.0
2021-01-05 09:46:37.750,0.0456,0.0455,10.0,0.0453,12.0,5104.0,118.0
2021-01-05 09:46:38.741,0.0456,0.0456,20.0,0.0453,12.0,5104.0,118.0
2021-01-05 09:46:39.210,0.0456,0.0456,10.0,0.0453,10.0,5104.0,118.0
2021-01-05 09:46:40.230,0.0456,0.0455,10.0,0.0451,13.0,5104.0,118.0
2021-01-05 09:46:40.301,0.0456,0.0455,22.0,0.0451,35.0,5104.0,118.0
2021-01-05 09:46:41.250,0.0456,0.0454,12.0,0.0451,23.0,5104.0,118.0
2021-01-05 09:46:41.730,0.0456,0.0455,10.0,0.0453,12.0,5104.0,118.0
2021-01-05 09:46:42.741,0.0456,0.0455,10.0,0.0453,12.0,5104.0,118.0
2021-01-05 09:46:43.121,0.0456,0.0455,10.0,0.0452,10.0,5104.0,118.0
2021-01-05 09:46:43.630,0.0456,0.0454,12.0,0.0451,10.0,5104.0,118.0
2021-01-05 09:46:44.230,0.0456,0.0454,12.0,0.0451,13.0,5104.0,118.0
2021-01-05 09:46:46.251,0.0456,0.0454,12.0,0.045,32.0,5104.0,118.0
2021-01-05 09:46:46.671,0.0456,0.0455,10.0,0.0451,13.0,5104.0,118.0
2021-01-05 09:46:47.230,0.0456,0.0455,10.0,0.0453,12.0,5104.0,118.0
2021-01-05 09:46:47.701,0.0456,0.0455,10.0,0.0453,12.0,5104.0,118.0
2021-01-05 09:46:48.081,0.0456,0.0455,10.0,0.0453,12.0,5104.0,118.0
2021-01-05 09:46:48.761,0.0456,0.0455,10.0,0.0454,12.0,5104.0,118.0
2021-01-05 09:46:49.251,0.0456,0.0456,10.0,0.0454,12.0,5104.0,118.0
2021-01-05 09:46:49.730,0.0456,0.0456,10.0,0.0454,12.0,5104.0,118.0
2021-01-05 09:46:50.170,0.0456,0.0456,10.0,0.0454,12.0,5104.0,118.0
2021-01-05 09:46:50.661,0.0456,0.0456,10.0,0.0454,12.0,5104.0,118.0
2021-01-05 09:46:51.731,0.0456,0.0455,10.0,0.0454,12.0,5104.0,118.0
2021-01-05 09:46:52.210,0.0456,0.0455,20.0,0.0452,10.0,5104.0,118.0
2021-01-05 09:46:52.711,0.0456,0.0455,20.0,0.0453,12.0,5104.0,118.0
2021-01-05 09:46:53.201,0.0456,0.0455,20.0,0.0453,12.0,5104.0,118.0
2021-01-05 09:46:54.221,0.0456,0.0455,10.0,0.0453,12.0,5104.0,118.0
2021-01-05 09:46:54.701,0.0456,0.0455,10.0,0.0454,12.0,5104.0,118.0
2021-01-05 09:46:55.180,0.0456,0.0456,10.0,0.0454,12.0,5104.0,118.0
2021-01-05 09:46:55.681,0.0456,0.0456,10.0,0.0454,12.0,5104.0,118.0
2021-01-05 09:46:58.131,0.0456,0.0457,10.0,0.0455,12.0,5104.0,118.0
2021-01-05 09:46:59.191,0.0456,0.0457,10.0,0.0455,12.0,5104.0,118.0
2021-01-05 09:47:01.210,0.0456,0.0457,10.0,0.0455,12.0,5104.0,118.0
2021-01-05 09:47:01.721,0.0456,0.0458,10.0,0.0456,12.0,5104.0,118.0
2021-01-05 09:47:02.230,0.0456,0.0458,10.0,0.0456,12.0,5104.0,118.0
2021-01-05 09:47:02.741,0.0456,0.0458,10.0,0.0455,12.0,5104.0,118.0
2021-01-05 09:47:03.220,0.0456,0.0461,10.0,0.045,10.0,5104.0,118.0
2021-01-05 09:47:03.740,0.0456,0.0461,33.0,0.0451,13.0,5104.0,118.0
2021-01-05 09:47:03.740,0.0456,0.0461,33.0,0.0453,12.0,5104.0,118.0
2021-01-05 09:47:04.691,0.0456,0.0461,33.0,0.0453,22.0,5104.0,118.0
2021-01-05 09:47:05.250,0.0456,0.0461,23.0,0.0455,12.0,5104.0,118.0
2021-01-05 09:47:05.750,0.0456,0.0461,23.0,0.0456,12.0,5104.0,118.0
2021-01-05 09:47:06.251,0.0456,0.0462,50.0,0.0457,12.0,5104.0,118.0
2021-01-05 09:47:06.750,0.0456,0.0461,12.0,0.0457,10.0,5104.0,118.0
2021-01-05 09:47:07.081,0.0456,0.0459,12.0,0.0457,10.0,5104.0,118.0
2021-01-05 09:47:07.740,0.0456,0.0459,12.0,0.0456,10.0,5104.0,118.0
2021-01-05 09:47:08.230,0.0456,0.0458,12.0,0.0456,10.0,5104.0,118.0
2021-01-05 09:47:08.700,0.0456,0.046,12.0,0.0456,12.0,5104.0,118.0
2021-01-05 09:47:09.221,0.0456,0.046,10.0,0.0458,12.0,5104.0,118.0
2021-01-05 09:47:09.751,0.0456,0.0461,10.0,0.0458,12.0,5104.0,118.0
2021-01-05 09:47:10.260,0.0456,0.0461,10.0,0.0459,12.0,5104.0,118.0
2021-01-05 09:47:10.721,0.0456,0.0461,10.0,0.0459,12.0,5104.0,118.0
2021-01-05 09:47:11.250,0.0456,0.0461,10.0,0.0459,12.0,5104.0,118.0
2021-01-05 09:47:11.751,0.0456,0.0461,10.0,0.0459,12.0,5104.0,118.0
2021-01-05 09:47:12.241,0.0456,0.0461,10.0,0.0459,12.0,5104.0,118.0
2021-01-05 09:47:12.731,0.0456,0.0461,10.0,0.0459,12.0,5104.0,118.0
2021-01-05 09:47:13.201,0.0456,0.0461,10.0,0.0458,22.0,5104.0,118.0
2021-01-05 09:47:13.751,0.0456,0.0461,10.0,0.0458,12.0,5104.0,118.0
2021-01-05 09:47:14.721,0.0456,0.0461,10.0,0.0459,12.0,5104.0,118.0
2021-01-05 09:47:16.731,0.0456,0.0461,10.0,0.0458,12.0,5104.0,118.0
2021-01-05 09:47:17.251,0.0456,0.0461,10.0,0.0459,12.0,5104.0,118.0
2021-01-05 09:47:18.221,0.0456,0.0461,10.0,0.0459,12.0,5104.0,118.0
2021-01-05 09:47:19.111,0.0456,0.0462,40.0,0.0459,12.0,5104.0,118.0
2021-01-05 09:47:19.731,0.0456,0.0462,40.0,0.0459,12.0,5104.0,118.0
2021-01-05 09:47:20.160,0.0456,0.0462,40.0,0.046,12.0,5104.0,118.0
2021-01-05 09:47:20.761,0.0456,0.0462,40.0,0.046,12.0,5104.0,118.0
2021-01-05 09:47:21.260,0.0456,0.0462,40.0,0.046,12.0,5104.0,118.0
2021-01-05 09:47:22.240,0.0456,0.0462,40.0,0.046,12.0,5104.0,118.0
2021-01-05 09:47:22.571,0.0456,0.0462,30.0,0.046,10.0,5104.0,118.0
2021-01-05 09:47:23.151,0.0456,0.0462,30.0,0.046,10.0,5104.0,118.0
2021-01-05 09:47:23.710,0.0456,0.0462,30.0,0.0459,12.0,5104.0,118.0
2021-01-05 09:47:24.221,0.0456,0.0462,30.0,0.0459,10.0,5104.0,118.0
2021-01-05 09:47:24.680,0.0456,0.0462,30.0,0.0459,22.0,5104.0,118.0
2021-01-05 09:47:25.241,0.0456,0.0462,30.0,0.0459,10.0,5104.0,118.0
2021-01-05 09:47:25.341,0.0456,0.0462,30.0,0.0459,22.0,5104.0,118.0
2021-01-05 09:47:26.180,0.0456,0.0462,30.0,0.0459,22.0,5104.0,118.0
2021-01-05 09:47:27.721,0.0456,0.0462,30.0,0.0459,22.0,5104.0,118.0
2021-01-05 09:47:28.710,0.0456,0.0462,30.0,0.0459,22.0,5104.0,118.0
2021-01-05 09:47:29.181,0.0456,0.0462,30.0,0.0459,12.0,5104.0,118.0
2021-01-05 09:47:30.230,0.0456,0.0462,40.0,0.0459,12.0,5104.0,118.0
2021-01-05 09:47:30.720,0.0456,0.0462,40.0,0.0459,35.0,5104.0,118.0
2021-01-05 09:47:31.000,0.0456,0.0462,40.0,0.0459,25.0,5104.0,118.0
2021-01-05 09:47:31.661,0.0456,0.0462,40.0,0.0459,35.0,5104.0,118.0
2021-01-05 09:47:32.681,0.0456,0.0462,40.0,0.0459,25.0,5104.0,118.0
2021-01-05 09:47:33.181,0.0456,0.0462,40.0,0.0459,25.0,5104.0,118.0
2021-01-05 09:47:34.231,0.0456,0.0462,52.0,0.0458,32.0,5104.0,118.0
2021-01-05 09:47:34.750,0.0456,0.0462,40.0,0.0459,12.0,5104.0,118.0
2021-01-05 09:47:35.740,0.0456,0.0462,52.0,0.0458,45.0,5104.0,118.0
2021-01-05 09:47:36.241,0.0456,0.0462,40.0,0.0459,12.0,5104.0,118.0
2021-01-05 09:47:37.251,0.0456,0.0462,30.0,0.0459,12.0,5104.0,118.0
2021-01-05 09:47:38.260,0.0456,0.0462,40.0,0.0459,12.0,5104.0,118.0
2021-01-05 09:47:41.261,0.0456,0.0462,40.0,0.046,12.0,5104.0,118.0
2021-01-05 09:47:41.680,0.0456,0.0462,40.0,0.046,12.0,5104.0,118.0
2021-01-05 09:47:42.250,0.0456,0.0462,40.0,0.0459,10.0,5104.0,118.0
2021-01-05 09:47:43.251,0.0456,0.0462,40.0,0.046,12.0,5104.0,118.0
2021-01-05 09:47:43.720,0.0456,0.0462,40.0,0.046,12.0,5104.0,118.0
2021-01-05 09:47:47.270,0.0456,0.0462,40.0,0.0459,35.0,5104.0,118.0
2021-01-05 09:47:47.771,0.0456,0.0462,40.0,0.0459,25.0,5104.0,118.0
2021-01-05 09:47:48.261,0.0456,0.0462,40.0,0.0459,12.0,5104.0,118.0
2021-01-05 09:47:49.771,0.0456,0.0462,30.0,0.0459,12.0,5104.0,118.0
2021-01-05 09:47:50.271,0.0456,0.0462,40.0,0.0459,12.0,5104.0,118.0
2021-01-05 09:47:51.270,0.0456,0.0462,52.0,0.0458,42.0,5104.0,118.0
2021-01-05 09:47:51.771,0.0456,0.0462,40.0,0.0458,33.0,5104.0,118.0
2021-01-05 09:47:52.221,0.0456,0.046,12.0,0.0458,13.0,5104.0,118.0
2021-01-05 09:47:52.730,0.0456,0.046,22.0,0.0458,13.0,5104.0,118.0
2021-01-05 09:47:53.231,0.0456,0.046,10.0,0.0457,30.0,5104.0,118.0
2021-01-05 09:47:54.230,0.0456,0.046,10.0,0.0458,13.0,5104.0,118.0
2021-01-05 09:47:54.741,0.0458,0.046,10.0,0.0456,10.0,5116.0,130.0
2021-01-05 09:47:55.241,0.0458,0.046,10.0,0.0455,10.0,5116.0,130.0
2021-01-05 09:47:55.740,0.0458,0.0462,30.0,0.0457,12.0,5116.0,130.0
2021-01-05 09:47:56.251,0.0458,0.0461,13.0,0.0457,22.0,5116.0,130.0
2021-01-05 09:47:56.751,0.0458,0.0461,35.0,0.0457,12.0,5116.0,130.0
2021-01-05 09:47:57.250,0.0458,0.0461,10.0,0.0458,12.0,5116.0,130.0
2021-01-05 09:47:57.750,0.0458,0.0461,10.0,0.0458,12.0,5116.0,130.0
2021-01-05 09:47:58.261,0.0458,0.0461,10.0,0.0458,12.0,5116.0,130.0
2021-01-05 09:47:58.781,0.0458,0.0461,10.0,0.0458,12.0,5116.0,130.0
2021-01-05 09:47:59.231,0.0458,0.0461,10.0,0.0456,10.0,5116.0,130.0
2021-01-05 09:48:00.260,0.0458,0.0461,10.0,0.0457,12.0,5116.0,130.0
2021-01-05 09:48:00.791,0.0458,0.0461,10.0,0.0458,12.0,5116.0,130.0
2021-01-05 09:48:01.261,0.0458,0.0461,10.0,0.0457,12.0,5116.0,130.0
2021-01-05 09:48:01.791,0.0458,0.0461,10.0,0.0458,12.0,5116.0,130.0
2021-01-05 09:48:02.260,0.0458,0.0461,10.0,0.0458,12.0,5116.0,130.0
2021-01-05 09:48:03.290,0.0458,0.0461,10.0,0.0458,12.0,5116.0,130.0
2021-01-05 09:48:03.791,0.0458,0.0461,10.0,0.0458,12.0,5116.0,130.0
2021-01-05 09:48:03.791,0.0458,0.0461,10.0,0.0458,12.0,5116.0,130.0
2021-01-05 09:48:04.790,0.0458,0.0461,10.0,0.0458,12.0,5116.0,130.0
2021-01-05 09:48:06.300,0.0458,0.0461,10.0,0.0458,12.0,5116.0,130.0
2021-01-05 09:48:06.781,0.0458,0.0461,10.0,0.0458,12.0,5116.0,130.0
2021-01-05 09:48:07.280,0.0458,0.0461,10.0,0.0458,12.0,5116.0,130.0
2021-01-05 09:48:07.760,0.0458,0.0461,10.0,0.0458,12.0,5116.0,130.0
2021-01-05 09:48:08.281,0.0458,0.0461,10.0,0.0459,12.0,5116.0,130.0
2021-01-05 09:48:09.291,0.0458,0.0461,10.0,0.0459,12.0,5116.0,130.0
2021-01-05 09:48:09.751,0.0458,0.0461,10.0,0.0459,12.0,5116.0,130.0
2021-01-05 09:48:11.291,0.0458,0.0461,10.0,0.0459,12.0,5116.0,130.0
2021-01-05 09:48:11.791,0.0458,0.0461,10.0,0.0459,12.0,5116.0,130.0
2021-01-05 09:48:12.751,0.0458,0.0461,10.0,0.0458,12.0,5116.0,130.0
2021-01-05 09:48:13.251,0.0458,0.0462,42.0,0.0459,20.0,5116.0,130.0
2021-01-05 09:48:13.760,0.0458,0.0461,12.0,0.0459,20.0,5116.0,130.0
2021-01-05 09:48:14.300,0.0458,0.0461,10.0,0.0458,12.0,5116.0,130.0
2021-01-05 09:48:14.791,0.0458,0.0461,10.0,0.0458,12.0,5116.0,130.0
2021-01-05 09:48:15.310,0.0458,0.0461,22.0,0.0457,32.0,5116.0,130.0
2021-01-05 09:48:15.831,0.0458,0.046,12.0,0.0456,12.0,5116.0,130.0
2021-01-05 09:48:16.290,0.0458,0.0462,30.0,0.0451,24.0,5116.0,130.0
2021-01-05 09:48:16.801,0.0458,0.0461,13.0,0.0451,54.0,5116.0,130.0
2021-01-05 09:48:17.300,0.0458,0.0461,13.0,0.0453,12.0,5116.0,130.0
2021-01-05 09:48:17.811,0.0458,0.0461,23.0,0.0454,13.0,5116.0,130.0
2021-01-05 09:48:18.330,0.0458,0.0461,13.0,0.0454,13.0,5116.0,130.0
2021-01-05 09:48:18.330,0.0458,0.0461,35.0,0.0456,12.0,5116.0,130.0
2021-01-05 09:48:19.271,0.0458,0.0461,35.0,0.0456,32.0,5116.0,130.0
2021-01-05 09:48:19.331,0.0458,0.0461,23.0,0.0456,20.0,5116.0,130.0
2021-01-05 09:48:20.311,0.0458,0.0461,25.0,0.0457,12.0,5116.0,130.0
2021-01-05 09:48:21.340,0.0458,0.0461,23.0,0.0458,12.0,5116.0,130.0
2021-01-05 09:48:21.340,0.0458,0.0461,35.0,0.0457,12.0,5116.0,130.0
2021-01-05 09:48:22.301,0.0458,0.0461,10.0,0.0458,12.0,5116.0,130.0
2021-01-05 09:48:22.731,0.0458,0.0461,10.0,0.0458,12.0,5116.0,130.0
2021-01-05 09:48:23.021,0.0458,0.0461,35.0,0.0457,12.0,5116.0,130.0
2021-01-05 09:48:26.621,0.0458,0.046,12.0,0.0456,32.0,5116.0,130.0
2021-01-05 09:48:27.181,0.0458,0.046,22.0,0.0456,12.0,5116.0,130.0
2021-01-05 09:48:27.701,0.0458,0.046,23.0,0.0456,12.0,5116.0,130.0
2021-01-05 09:48:28.181,0.0458,0.046,23.0,0.0456,12.0,5116.0,130.0
2021-01-05 09:48:28.731,0.0458,0.046,23.0,0.0454,10.0,5116.0,130.0
2021-01-05 09:48:29.121,0.0458,0.0459,12.0,0.0455,12.0,5116.0,130.0
2021-01-05 09:48:30.210,0.0458,0.046,35.0,0.0455,12.0,5116.0,130.0
2021-01-05 09:48:30.731,0.0458,0.0459,12.0,0.0455,12.0,5116.0,130.0
2021-01-05 09:48:31.050,0.0458,0.0459,12.0,0.0455,12.0,5116.0,130.0
2021-01-05 09:48:31.710,0.0458,0.0459,25.0,0.0455,12.0,5116.0,130.0
2021-01-05 09:48:32.200,0.0458,0.0459,25.0,0.0455,12.0,5116.0,130.0
2021-01-05 09:48:32.700,0.0458,0.0459,13.0,0.0453,10.0,5116.0,130.0
2021-01-05 09:48:33.190,0.0458,0.0458,12.0,0.0454,12.0,5116.0,130.0
2021-01-05 09:48:33.680,0.0458,0.0458,10.0,0.0455,12.0,5116.0,130.0
2021-01-05 09:48:34.141,0.0458,0.0458,10.0,0.0455,12.0,5116.0,130.0
2021-01-05 09:48:34.721,0.0458,0.0458,10.0,0.0456,12.0,5116.0,130.0
2021-01-05 09:48:36.210,0.0458,0.0458,10.0,0.0456,12.0,5116.0,130.0
2021-01-05 09:48:36.730,0.0458,0.0458,10.0,0.0456,12.0,5116.0,130.0
2021-01-05 09:48:38.211,0.0458,0.0458,10.0,0.0457,12.0,5116.0,130.0
2021-01-05 09:48:39.201,0.0458,0.046,12.0,0.0456,12.0,5116.0,130.0
2021-01-05 09:48:40.200,0.0458,0.0459,13.0,0.0456,12.0,5116.0,130.0
2021-01-05 09:48:40.670,0.0458,0.0459,13.0,0.0456,12.0,5116.0,130.0
2021-01-05 09:48:41.231,0.0458,0.0459,25.0,0.0455,22.0,5116.0,130.0
2021-01-05 09:48:41.681,0.0458,0.0459,25.0,0.0455,12.0,5116.0,130.0
2021-01-05 09:48:43.740,0.0458,0.0459,13.0,0.0456,12.0,5116.0,130.0
2021-01-05 09:48:44.370,0.0458,0.0459,13.0,0.0456,12.0,5116.0,130.0
2021-01-05 09:48:45.001,0.0458,0.0459,25.0,0.0455,12.0,5116.0,130.0
2021-01-05 09:48:45.531,0.0458,0.0458,12.0,0.0454,22.0,5116.0,130.0
2021-01-05 09:48:45.840,0.0458,0.0458,22.0,0.0454,22.0,5116.0,130.0
2021-01-05 09:48:46.391,0.0458,0.0458,10.0,0.0455,12.0,5116.0,130.0
2021-01-05 09:48:47.440,0.0458,0.0459,12.0,0.0455,12.0,5116.0,130.0
2021-01-05 09:48:47.911,0.0458,0.0459,13.0,0.0454,10.0,5116.0,130.0
2021-01-05 09:48:49.010,0.0458,0.0459,13.0,0.0456,12.0,5116.0,130.0
2021-01-05 09:48:50.030,0.0458,0.0459,13.0,0.0456,12.0,5116.0,130.0
2021-01-05 09:48:50.541,0.0458,0.0459,13.0,0.0456,12.0,5116.0,130.0
2021-01-05 09:48:51.540,0.0458,0.046,10.0,0.0454,10.0,5116.0,130.0
2021-01-05 09:48:52.020,0.0458,0.046,23.0,0.0454,10.0,5116.0,130.0
2021-01-05 09:48:52.510,0.0458,0.046,22.0,0.0453,22.0,5116.0,130.0
2021-01-05 09:48:52.700,0.0458,0.0459,13.0,0.0453,10.0,5116.0,130.0
2021-01-05 09:48:53.150,0.0458,0.0458,12.0,0.0454,12.0,5116.0,130.0
2021-01-05 09:48:54.091,0.0458,0.0458,22.0,0.0454,12.0,5116.0,130.0
2021-01-05 09:48:54.681,0.0458,0.0458,22.0,0.0454,12.0,5116.0,130.0
2021-01-05 09:48:55.201,0.0458,0.0458,22.0,0.0454,12.0,5116.0,130.0
2021-01-05 09:48:56.200,0.0458,0.0458,22.0,0.0454,12.0,5116.0,130.0
2021-01-05 09:48:57.171,0.0458,0.0458,22.0,0.0454,12.0,5116.0,130.0
2021-01-05 09:48:58.160,0.0458,0.0458,10.0,0.0452,10.0,5116.0,130.0
2021-01-05 09:48:58.610,0.0458,0.0457,12.0,0.0452,12.0,5116.0,130.0
2021-01-05 09:48:59.161,0.0458,0.0457,10.0,0.0453,12.0,5116.0,130.0
2021-01-05 09:48:59.760,0.0458,0.0457,10.0,0.0454,12.0,5116.0,130.0
2021-01-05 09:49:01.261,0.0458,0.0457,22.0,0.0453,12.0,5116.0,130.0
2021-01-05 09:49:02.790,0.0458,0.0457,10.0,0.0454,12.0,5116.0,130.0
2021-01-05 09:49:03.291,0.0458,0.0457,22.0,0.0453,12.0,5116.0,130.0
2021-01-05 09:49:03.791,0.0458,0.0457,10.0,0.0454,12.0,5116.0,130.0
2021-01-05 09:49:04.290,0.0458,0.0457,22.0,0.0453,22.0,5116.0,130.0
2021-01-05 09:49:04.780,0.0458,0.0457,22.0,0.0453,12.0,5116.0,130.0
2021-01-05 09:49:06.311,0.0458,0.0457,10.0,0.0454,12.0,5116.0,130.0
2021-01-05 09:49:06.820,0.0458,0.0457,10.0,0.0454,12.0,5116.0,130.0
2021-01-05 09:49:07.291,0.0458,0.0457,10.0,0.0454,12.0,5116.0,130.0
2021-01-05 09:49:07.790,0.0458,0.0457,10.0,0.0454,12.0,5116.0,130.0
2021-01-05 09:49:08.301,0.0458,0.0457,10.0,0.0454,12.0,5116.0,130.0
2021-01-05 09:49:09.821,0.0458,0.0459,32.0,0.0454,12.0,5116.0,130.0
2021-01-05 09:49:10.330,0.0458,0.046,10.0,0.0454,10.0,5116.0,130.0
2021-01-05 09:49:10.831,0.0458,0.046,23.0,0.0456,12.0,5116.0,130.0
2021-01-05 09:49:11.260,0.0458,0.046,10.0,0.0456,12.0,5116.0,130.0
2021-01-05 09:49:11.850,0.0458,0.0459,13.0,0.0454,10.0,5116.0,130.0
2021-01-05 09:49:12.270,0.0458,0.0459,25.0,0.0455,12.0,5116.0,130.0
2021-01-05 09:49:12.850,0.0458,0.0459,13.0,0.0455,12.0,5116.0,130.0
2021-01-05 09:49:13.310,0.0458,0.0459,13.0,0.0454,10.0,5116.0,130.0
2021-01-05 09:49:13.851,0.0458,0.0459,25.0,0.0455,12.0,5116.0,130.0
2021-01-05 09:49:16.821,0.0458,0.0459,25.0,0.0455,12.0,5116.0,130.0
2021-01-05 09:49:17.300,0.0458,0.0459,13.0,0.0453,10.0,5116.0,130.0
2021-01-05 09:49:17.720,0.0458,0.0459,25.0,0.0455,12.0,5116.0,130.0
2021-01-05 09:49:18.351,0.0458,0.0459,25.0,0.0455,12.0,5116.0,130.0
2021-01-05 09:49:18.860,0.0458,0.0459,13.0,0.0454,12.0,5116.0,130.0
2021-01-05 09:49:19.330,0.0458,0.0459,25.0,0.0455,12.0,5116.0,130.0
2021-01-05 09:49:20.291,0.0458,0.0459,25.0,0.0455,12.0,5116.0,130.0
2021-01-05 09:49:20.840,0.0458,0.0459,13.0,0.0452,12.0,5116.0,130.0
2021-01-05 09:49:21.330,0.0458,0.0459,13.0,0.0452,12.0,5116.0,130.0
