,last,ask1,asize1,bid1,bsize1,oi,volume
2021-01-05 09:15:01.560,0.34,0.34,1.0,0.34,1.0,77912.0,
2021-01-05 09:19:54.311,0.3398,0.3398,1.0,0.3398,1.0,77912.0,
2021-01-05 09:21:31.800,0.34,0.34,3.0,0.34,3.0,77912.0,
2021-01-05 09:22:10.250,0.34,0.34,5.0,0.34,5.0,77912.0,
2021-01-05 09:22:28.201,0.3406,0.3406,5.0,0.3406,5.0,77912.0,
2021-01-05 09:22:50.090,0.3404,0.3404,5.0,0.3404,5.0,77912.0,
2021-01-05 09:23:35.721,0.34,0.34,8.0,0.34,8.0,77912.0,
2021-01-05 09:23:42.261,0.34,0.34,8.0,0.34,8.0,77912.0,
2021-01-05 09:23:44.280,0.34,0.34,8.0,0.34,8.0,77912.0,
2021-01-05 09:23:51.841,0.3385,0.3385,8.0,0.3385,8.0,77912.0,
2021-01-05 09:24:09.321,0.3385,0.3385,8.0,0.3385,8.0,77912.0,
2021-01-05 09:24:17.411,0.3385,0.3385,9.0,0.3385,9.0,77912.0,
2021-01-05 09:24:18.930,0.3385,0.3385,10.0,0.3385,10.0,77912.0,
2021-01-05 09:24:27.170,0.3385,0.3385,10.0,0.3385,10.0,77912.0,
2021-01-05 09:24:28.711,0.3384,0.3384,18.0,0.3384,18.0,77912.0,
2021-01-05 09:24:34.720,0.3384,0.3384,18.0,0.3384,18.0,77912.0,
2021-01-05 09:24:37.730,0.3384,0.3384,21.0,0.3384,21.0,77912.0,
2021-01-05 09:24:40.241,0.3384,0.3384,24.0,0.3384,24.0,77912.0,
2021-01-05 09:24:40.741,0.3384,0.3384,24.0,0.3384,24.0,77912.0,
2021-01-05 09:24:42.760,0.3382,0.3382,24.0,0.3382,24.0,77912.0,
2021-01-05 09:24:44.771,0.3384,0.3384,25.0,0.3384,25.0,77912.0,
2021-01-05 09:24:45.270,0.3384,0.3384,27.0,0.3384,27.0,77912.0,
2021-01-05 09:24:47.781,0.3384,0.3384,27.0,0.3384,27.0,77912.0,
2021-01-05 09:24:48.281,0.3384,0.3384,30.0,0.3384,30.0,77912.0,
2021-01-05 09:24:52.651,0.3384,0.3384,30.0,0.3384,30.0,77912.0,
2021-01-05 09:24:53.160,0.3384,0.3384,30.0,0.3384,30.0,77912.0,
2021-01-05 09:24:53.660,0.3359,0.3359,30.0,0.3359,30.0,77912.0,
2021-01-05 09:24:56.171,0.3359,0.3359,31.0,0.3359,31.0,77912.0,
2021-01-05 09:24:56.670,0.3359,0.3359,32.0,0.3359,32.0,77912.0,
2021-01-05 09:24:58.171,0.3359,0.3359,33.0,0.3359,33.0,77912.0,
2021-01-05 09:24:58.680,0.3319,0.3319,46.0,0.3319,46.0,77912.0,
2021-01-05 09:24:59.681,0.3301,0.3301,59.0,0.3301,59.0,77912.0,
2021-01-05 09:25:00.080,0.3301,0.3359,39.0,0.3301,21.0,77896.0,59.0
2021-01-05 09:30:00.451,0.33,0.3301,3.0,0.3288,1.0,77890.0,117.0
2021-01-05 09:30:00.991,0.332,0.3338,5.0,0.3322,10.0,77893.0,145.0
2021-01-05 09:30:01.481,0.332,0.3322,2.0,0.3316,10.0,77899.0,156.0
2021-01-05 09:30:01.990,0.3316,0.3321,5.0,0.3302,1.0,77904.0,163.0
2021-01-05 09:30:02.211,0.3321,0.3322,3.0,0.3314,10.0,77914.0,173.0
2021-01-05 09:30:02.751,0.3303,0.3322,3.0,0.3303,7.0,77924.0,184.0
2021-01-05 09:30:03.460,0.3314,0.3338,5.0,0.3314,4.0,77933.0,195.0
2021-01-05 09:30:03.980,0.3314,0.3338,5.0,0.3322,1.0,77933.0,195.0
2021-01-05 09:30:04.430,0.3314,0.3313,10.0,0.3303,20.0,77934.0,200.0
2021-01-05 09:30:05.010,0.3306,0.3312,10.0,0.3306,4.0,77937.0,206.0
2021-01-05 09:30:05.350,0.33,0.3306,18.0,0.33,3.0,77938.0,230.0
2021-01-05 09:30:05.990,0.3271,0.33,5.0,0.3274,10.0,77910.0,278.0
2021-01-05 09:30:06.480,0.3274,0.3274,2.0,0.327,6.0,77916.0,284.0
2021-01-05 09:30:06.971,0.327,0.327,4.0,0.3263,1.0,77922.0,290.0
2021-01-05 09:30:07.471,0.3264,0.3269,7.0,0.3264,1.0,77922.0,298.0
2021-01-05 09:30:08.001,0.3264,0.3264,1.0,0.326,10.0,77922.0,299.0
2021-01-05 09:30:08.520,0.326,0.3263,5.0,0.326,5.0,77927.0,304.0
2021-01-05 09:30:08.960,0.326,0.3263,5.0,0.3252,11.0,77931.0,309.0
2021-01-05 09:30:09.260,0.3252,0.326,1.0,0.325,40.0,77936.0,315.0
2021-01-05 09:30:09.721,0.326,0.3259,3.0,0.325,40.0,77941.0,320.0
2021-01-05 09:30:10.501,0.325,0.3264,10.0,0.325,36.0,77941.0,324.0
2021-01-05 09:30:11.000,0.325,0.3263,8.0,0.325,15.0,77937.0,345.0
2021-01-05 09:30:11.440,0.325,0.3255,10.0,0.3238,21.0,77933.0,360.0
2021-01-05 09:30:11.970,0.325,0.3254,5.0,0.3239,4.0,77935.0,362.0
2021-01-05 09:30:12.470,0.325,0.3254,5.0,0.325,1.0,77931.0,372.0
2021-01-05 09:30:12.860,0.3255,0.3264,10.0,0.3255,1.0,77928.0,377.0
2021-01-05 09:30:13.501,0.3254,0.3275,20.0,0.3252,20.0,77936.0,389.0
2021-01-05 09:30:13.941,0.3254,0.325,1.0,0.3247,20.0,77936.0,389.0
2021-01-05 09:30:14.521,0.325,0.3266,10.0,0.3251,4.0,77936.0,390.0
2021-01-05 09:30:14.761,0.3251,0.3266,10.0,0.3251,1.0,77933.0,393.0
2021-01-05 09:30:15.261,0.3252,0.3267,10.0,0.3252,4.0,77935.0,397.0
2021-01-05 09:30:15.991,0.3252,0.3282,20.0,0.3252,4.0,77935.0,397.0
2021-01-05 09:30:16.391,0.3264,0.3298,20.0,0.3253,1.0,77944.0,407.0
2021-01-05 09:30:16.950,0.3253,0.3273,10.0,0.3256,10.0,77944.0,408.0
2021-01-05 09:30:17.641,0.3253,0.3289,20.0,0.3273,3.0,77944.0,408.0
2021-01-05 09:30:18.160,0.3289,0.3289,19.0,0.3273,11.0,77944.0,409.0
2021-01-05 09:30:18.730,0.3289,0.33,20.0,0.3274,4.0,77944.0,409.0
2021-01-05 09:30:19.251,0.3289,0.3296,10.0,0.3274,4.0,77944.0,409.0
2021-01-05 09:30:19.251,0.3289,0.3296,10.0,0.3274,10.0,77944.0,409.0
2021-01-05 09:30:20.231,0.3289,0.3293,10.0,0.329,1.0,77944.0,409.0
2021-01-05 09:30:20.740,0.329,0.3287,16.0,0.3275,1.0,77945.0,410.0
2021-01-05 09:30:21.241,0.3273,0.3273,4.0,0.3272,20.0,77943.0,413.0
2021-01-05 09:30:21.270,0.3273,0.3287,16.0,0.3273,7.0,77941.0,417.0
2021-01-05 09:30:22.240,0.3273,0.328,10.0,0.3262,20.0,77941.0,417.0
2021-01-05 09:30:22.671,0.3273,0.3289,10.0,0.3274,5.0,77941.0,417.0
2021-01-05 09:30:23.170,0.3273,0.3282,10.0,0.3274,5.0,77941.0,417.0
2021-01-05 09:30:23.670,0.3273,0.3274,10.0,0.3258,10.0,77941.0,417.0
2021-01-05 09:30:24.140,0.3273,0.3268,10.0,0.3253,20.0,77941.0,417.0
2021-01-05 09:30:24.661,0.3263,0.3267,10.0,0.3253,20.0,77943.0,419.0
2021-01-05 09:30:25.160,0.3263,0.326,10.0,0.325,2.0,77943.0,419.0
2021-01-05 09:30:25.671,0.3265,0.3261,15.0,0.3252,10.0,77944.0,420.0
2021-01-05 09:30:25.940,0.3265,0.3263,19.0,0.325,2.0,77944.0,420.0
2021-01-05 09:30:26.601,0.3256,0.3256,8.0,0.3253,3.0,77944.0,421.0
2021-01-05 09:30:27.170,0.3256,0.3256,8.0,0.3253,3.0,77944.0,421.0
2021-01-05 09:30:27.671,0.3256,0.3253,17.0,0.325,2.0,77944.0,421.0
2021-01-05 09:30:28.101,0.325,0.3249,6.0,0.3248,1.0,77946.0,425.0
2021-01-05 09:30:28.630,0.3249,0.325,8.0,0.3248,1.0,77952.0,431.0
2021-01-05 09:30:29.150,0.3253,0.3253,9.0,0.3251,3.0,77938.0,447.0
2021-01-05 09:30:29.550,0.3253,0.3259,10.0,0.3253,5.0,77930.0,456.0
2021-01-05 09:30:30.171,0.325,0.3263,10.0,0.325,15.0,77927.0,464.0
2021-01-05 09:30:30.620,0.3267,0.3269,10.0,0.3251,15.0,77928.0,465.0
2021-01-05 09:30:31.121,0.3254,0.3268,10.0,0.3254,10.0,77928.0,466.0
2021-01-05 09:30:31.661,0.3254,0.3272,10.0,0.3255,25.0,77928.0,466.0
2021-01-05 09:30:32.140,0.3254,0.327,10.0,0.3256,15.0,77928.0,466.0
2021-01-05 09:30:32.620,0.3254,0.3282,20.0,0.3257,3.0,77948.0,486.0
2021-01-05 09:30:32.701,0.3257,0.3281,10.0,0.3267,3.0,77948.0,487.0
2021-01-05 09:30:33.651,0.3257,0.328,15.0,0.3271,1.0,77948.0,487.0
2021-01-05 09:30:33.671,0.3257,0.3279,5.0,0.3271,1.0,77948.0,487.0
2021-01-05 09:30:34.670,0.3257,0.328,15.0,0.3271,1.0,77948.0,487.0
2021-01-05 09:30:34.931,0.3271,0.3279,5.0,0.3267,3.0,77948.0,488.0
2021-01-05 09:30:35.680,0.3271,0.3279,5.0,0.3267,3.0,77948.0,488.0
2021-01-05 09:30:36.170,0.3271,0.3272,10.0,0.3267,3.0,77948.0,488.0
2021-01-05 09:30:36.681,0.3267,0.3276,20.0,0.326,10.0,77951.0,494.0
2021-01-05 09:30:37.171,0.3262,0.3276,10.0,0.3261,15.0,77951.0,496.0
2021-01-05 09:30:37.670,0.3262,0.3275,5.0,0.326,20.0,77951.0,496.0
2021-01-05 09:30:38.001,0.3262,0.326,1.0,0.3257,25.0,77951.0,496.0
2021-01-05 09:30:38.581,0.326,0.3278,20.0,0.3263,10.0,77952.0,498.0
2021-01-05 09:30:39.201,0.326,0.3277,15.0,0.3261,5.0,77952.0,498.0
2021-01-05 09:30:39.570,0.326,0.3275,10.0,0.3261,5.0,77952.0,498.0
2021-01-05 09:30:40.170,0.326,0.3274,15.0,0.326,17.0,77952.0,498.0
2021-01-05 09:30:40.690,0.326,0.3278,20.0,0.3262,10.0,77952.0,498.0
2021-01-05 09:30:40.990,0.326,0.3277,15.0,0.326,27.0,77952.0,498.0
2021-01-05 09:30:41.701,0.326,0.3261,1.0,0.326,17.0,77952.0,498.0
2021-01-05 09:30:42.081,0.3263,0.3272,15.0,0.3262,10.0,77950.0,500.0
2021-01-05 09:30:42.550,0.3272,0.3278,20.0,0.3272,17.0,77956.0,517.0
2021-01-05 09:30:43.170,0.3278,0.328,15.0,0.3278,1.0,77956.0,520.0
2021-01-05 09:30:43.681,0.3282,0.3281,15.0,0.328,3.0,77955.0,536.0
2021-01-05 09:30:44.100,0.3281,0.3285,15.0,0.3281,26.0,77953.0,539.0
2021-01-05 09:30:44.650,0.3281,0.3286,12.0,0.3281,25.0,77963.0,551.0
2021-01-05 09:30:45.161,0.3286,0.3288,15.0,0.3281,25.0,77963.0,557.0
2021-01-05 09:30:45.620,0.3288,0.329,2.0,0.3288,6.0,77978.0,572.0
2021-01-05 09:30:46.181,0.329,0.3292,20.0,0.329,4.0,77983.0,584.0
2021-01-05 09:30:46.431,0.3292,0.3291,15.0,0.3288,5.0,78002.0,603.0
2021-01-05 09:30:47.191,0.3291,0.3296,10.0,0.3292,5.0,78013.0,618.0
2021-01-05 09:30:47.681,0.3292,0.3306,20.0,0.3292,3.0,78015.0,620.0
2021-01-05 09:30:48.200,0.3292,0.3305,25.0,0.3297,11.0,78015.0,620.0
2021-01-05 09:30:48.711,0.3297,0.3291,6.0,0.3288,15.0,78023.0,631.0
2021-01-05 09:30:49.210,0.3291,0.3297,25.0,0.3288,5.0,78023.0,637.0
2021-01-05 09:30:49.700,0.3291,0.3296,15.0,0.3291,1.0,78023.0,637.0
2021-01-05 09:30:50.171,0.3291,0.3306,20.0,0.3292,5.0,78023.0,637.0
2021-01-05 09:30:50.720,0.3291,0.3303,10.0,0.3292,5.0,78023.0,637.0
2021-01-05 09:30:51.170,0.3291,0.3302,25.0,0.3291,1.0,78023.0,637.0
2021-01-05 09:30:51.721,0.3291,0.3301,20.0,0.3291,1.0,78023.0,637.0
2021-01-05 09:30:52.071,0.3291,0.33,15.0,0.3291,1.0,78023.0,637.0
2021-01-05 09:30:52.221,0.3291,0.3304,20.0,0.3292,15.0,78023.0,637.0
2021-01-05 09:30:53.120,0.3291,0.3303,15.0,0.3294,10.0,78023.0,637.0
2021-01-05 09:30:53.660,0.3291,0.3309,20.0,0.3291,1.0,78023.0,637.0
2021-01-05 09:30:54.130,0.3291,0.3308,25.0,0.3293,10.0,78023.0,637.0
2021-01-05 09:30:54.670,0.3291,0.3307,15.0,0.3294,10.0,78023.0,637.0
2021-01-05 09:30:55.081,0.3291,0.3308,20.0,0.33,10.0,78023.0,637.0
2021-01-05 09:30:55.671,0.3291,0.3311,15.0,0.3308,20.0,78023.0,637.0
2021-01-05 09:30:56.170,0.33,0.3314,30.0,0.33,9.0,78022.0,638.0
2021-01-05 09:30:56.660,0.33,0.3313,15.0,0.3301,12.0,78022.0,638.0
2021-01-05 09:30:57.171,0.33,0.3313,15.0,0.3301,2.0,78022.0,638.0
2021-01-05 09:30:57.171,0.33,0.3313,15.0,0.3308,5.0,78022.0,638.0
2021-01-05 09:30:58.091,0.3308,0.3304,10.0,0.3296,10.0,78022.0,643.0
2021-01-05 09:30:59.171,0.3294,0.3299,10.0,0.3291,1.0,78024.0,645.0
2021-01-05 09:30:59.630,0.3291,0.3291,8.0,0.3288,1.0,78025.0,646.0
2021-01-05 09:31:00.161,0.3294,0.3304,30.0,0.3293,5.0,78029.0,659.0
2021-01-05 09:31:00.660,0.3293,0.3293,7.0,0.3283,20.0,78024.0,664.0
2021-01-05 09:31:00.860,0.3293,0.3293,11.0,0.3286,10.0,78024.0,664.0
2021-01-05 09:31:01.680,0.328,0.3282,10.0,0.3272,1.0,78034.0,685.0
2021-01-05 09:31:02.170,0.3282,0.3283,1.0,0.3276,10.0,78034.0,690.0
2021-01-05 09:31:02.681,0.3286,0.3283,15.0,0.3272,1.0,78038.0,713.0
2021-01-05 09:31:03.131,0.3284,0.3284,2.0,0.3274,10.0,78055.0,746.0
2021-01-05 09:31:03.680,0.328,0.328,9.0,0.3275,15.0,78056.0,749.0
2021-01-05 09:31:04.181,0.328,0.3279,5.0,0.3272,11.0,78056.0,749.0
2021-01-05 09:31:04.671,0.328,0.3279,5.0,0.3276,7.0,78056.0,749.0
2021-01-05 09:31:05.130,0.328,0.3283,10.0,0.3282,1.0,78056.0,749.0
2021-01-05 09:31:05.661,0.3282,0.3281,5.0,0.3272,1.0,78057.0,750.0
2021-01-05 09:31:06.110,0.3282,0.3286,10.0,0.328,10.0,78057.0,755.0
2021-01-05 09:31:06.650,0.328,0.3298,20.0,0.3281,3.0,78065.0,778.0
2021-01-05 09:31:07.190,0.3281,0.3295,10.0,0.3285,10.0,78065.0,779.0
2021-01-05 09:31:07.651,0.3286,0.3295,10.0,0.3287,9.0,78065.0,782.0
2021-01-05 09:31:07.951,0.3286,0.3295,10.0,0.3288,10.0,78065.0,782.0
2021-01-05 09:31:08.590,0.3297,0.3313,10.0,0.3299,10.0,78080.0,803.0
2021-01-05 09:31:09.051,0.3299,0.3302,10.0,0.329,10.0,78083.0,806.0
2021-01-05 09:31:09.701,0.3299,0.3302,10.0,0.3292,10.0,78083.0,806.0
2021-01-05 09:31:10.200,0.3299,0.3307,10.0,0.3294,10.0,78083.0,806.0
2021-01-05 09:31:10.661,0.3302,0.3307,10.0,0.3296,10.0,78085.0,808.0
2021-01-05 09:31:11.170,0.3302,0.3307,10.0,0.3296,10.0,78085.0,808.0
2021-01-05 09:31:11.701,0.3302,0.3301,1.0,0.3295,15.0,78085.0,808.0
2021-01-05 09:31:12.171,0.3302,0.3301,21.0,0.3295,10.0,78085.0,808.0
2021-01-05 09:31:12.590,0.3293,0.3299,10.0,0.3287,10.0,78081.0,822.0
2021-01-05 09:31:13.061,0.3301,0.3301,21.0,0.3298,10.0,78081.0,823.0
2021-01-05 09:31:13.710,0.3301,0.3298,2.0,0.3289,15.0,78098.0,854.0
2021-01-05 09:31:14.200,0.3301,0.3295,5.0,0.3294,10.0,78098.0,854.0
2021-01-05 09:31:14.690,0.3294,0.3294,1.0,0.329,10.0,78098.0,864.0
2021-01-05 09:31:15.710,0.3294,0.3295,5.0,0.3287,10.0,78098.0,864.0
2021-01-05 09:31:16.180,0.3287,0.3295,5.0,0.3287,8.0,78098.0,866.0
2021-01-05 09:31:16.711,0.3295,0.3295,4.0,0.3293,8.0,78097.0,869.0
2021-01-05 09:31:17.201,0.3296,0.3302,20.0,0.3296,5.0,78093.0,879.0
2021-01-05 09:31:18.201,0.3297,0.3303,15.0,0.3297,7.0,78091.0,883.0
2021-01-05 09:31:18.720,0.33,0.3307,20.0,0.33,12.0,78098.0,906.0
2021-01-05 09:31:19.150,0.3304,0.3312,1.0,0.3305,10.0,78095.0,936.0
2021-01-05 09:31:19.721,0.3304,0.3309,9.0,0.3304,31.0,78095.0,956.0
2021-01-05 09:31:20.151,0.3305,0.3312,1.0,0.3305,9.0,78103.0,975.0
2021-01-05 09:31:20.691,0.3304,0.3305,6.0,0.3304,1.0,78133.0,1014.0
2021-01-05 09:31:21.221,0.3295,0.3302,15.0,0.3294,1.0,78143.0,1054.0
2021-01-05 09:31:21.671,0.3292,0.3294,1.0,0.3292,34.0,78172.0,1101.0
2021-01-05 09:31:22.211,0.3303,0.3304,1.0,0.3303,17.0,78209.0,1139.0
2021-01-05 09:31:22.591,0.3303,0.3298,10.0,0.3286,10.0,78226.0,1156.0
2021-01-05 09:31:23.171,0.3298,0.3295,10.0,0.3284,10.0,78226.0,1157.0
2021-01-05 09:31:23.640,0.3298,0.3298,10.0,0.3294,1.0,78226.0,1157.0
2021-01-05 09:31:24.151,0.3294,0.3292,7.0,0.3288,10.0,78226.0,1158.0
2021-01-05 09:31:24.261,0.3292,0.3292,3.0,0.329,10.0,78222.0,1172.0
2021-01-05 09:31:25.131,0.3292,0.33,15.0,0.3296,10.0,78219.0,1175.0
2021-01-05 09:31:25.640,0.3296,0.3296,7.0,0.3292,10.0,78219.0,1185.0
2021-01-05 09:31:26.101,0.3301,0.3301,9.0,0.3293,7.0,78220.0,1188.0
2021-01-05 09:31:26.641,0.3301,0.3301,9.0,0.3292,20.0,78220.0,1188.0
2021-01-05 09:31:27.171,0.3297,0.3303,28.0,0.3297,9.0,78220.0,1189.0
2021-01-05 09:31:27.430,0.3292,0.3299,10.0,0.3289,15.0,78220.0,1190.0
2021-01-05 09:31:28.091,0.3292,0.3301,15.0,0.3292,19.0,78218.0,1192.0
2021-01-05 09:31:28.610,0.3292,0.3288,1.0,0.3287,21.0,78218.0,1192.0
2021-01-05 09:31:29.140,0.3291,0.3297,30.0,0.3291,9.0,78217.0,1195.0
2021-01-05 09:31:29.641,0.3291,0.3297,15.0,0.3291,7.0,78215.0,1212.0
2021-01-05 09:31:29.941,0.3291,0.3297,15.0,0.3291,16.0,78214.0,1213.0
2021-01-05 09:31:30.671,0.3291,0.3297,15.0,0.3293,10.0,78214.0,1213.0
2021-01-05 09:31:31.101,0.3293,0.3297,15.0,0.3293,9.0,78214.0,1214.0
2021-01-05 09:31:31.641,0.3297,0.3297,12.0,0.3294,10.0,78214.0,1226.0
2021-01-05 09:31:32.191,0.3297,0.3294,16.0,0.329,4.0,78214.0,1226.0
2021-01-05 09:31:32.671,0.3294,0.3294,3.0,0.3293,1.0,78214.0,1229.0
2021-01-05 09:31:33.190,0.3294,0.3297,12.0,0.3294,10.0,78217.0,1232.0
2021-01-05 09:31:33.680,0.3291,0.3294,9.0,0.3291,8.0,78216.0,1236.0
2021-01-05 09:31:34.181,0.3297,0.3297,10.0,0.3296,10.0,78221.0,1247.0
2021-01-05 09:31:34.640,0.3297,0.3295,10.0,0.329,14.0,78221.0,1247.0
2021-01-05 09:31:35.190,0.3295,0.3295,8.0,0.3291,10.0,78222.0,1249.0
2021-01-05 09:31:35.651,0.3295,0.3296,6.0,0.3293,10.0,78222.0,1249.0
2021-01-05 09:31:36.041,0.3293,0.3293,2.0,0.3291,10.0,78224.0,1252.0
2021-01-05 09:31:36.680,0.3297,0.3298,4.0,0.3297,10.0,78262.0,1298.0
2021-01-05 09:31:37.130,0.3298,0.3297,2.0,0.3294,10.0,78276.0,1315.0
2021-01-05 09:31:37.620,0.3294,0.3298,2.0,0.3292,10.0,78280.0,1319.0
2021-01-05 09:31:38.190,0.3298,0.3302,1.0,0.3299,10.0,78280.0,1321.0
2021-01-05 09:31:38.621,0.3298,0.3298,1.0,0.3294,15.0,78280.0,1326.0
2021-01-05 09:31:39.210,0.33,0.3312,25.0,0.3299,15.0,78278.0,1335.0
2021-01-05 09:31:39.381,0.33,0.3312,10.0,0.33,10.0,78273.0,1350.0
2021-01-05 09:31:40.190,0.33,0.3305,1.0,0.3302,10.0,78273.0,1350.0
2021-01-05 09:31:40.711,0.3313,0.3319,20.0,0.3313,35.0,78288.0,1366.0
2021-01-05 09:31:41.191,0.3313,0.332,2.0,0.3319,6.0,78288.0,1367.0
2021-01-05 09:31:41.691,0.332,0.3323,15.0,0.332,17.0,78286.0,1369.0
2021-01-05 09:31:42.211,0.3323,0.3321,2.0,0.332,17.0,78301.0,1399.0
2021-01-05 09:31:42.711,0.3321,0.3322,10.0,0.3321,5.0,78303.0,1408.0
2021-01-05 09:31:43.191,0.3321,0.3318,10.0,0.3313,44.0,78307.0,1412.0
2021-01-05 09:31:43.581,0.3302,0.3312,1.0,0.3302,19.0,78327.0,1461.0
2021-01-05 09:31:44.030,0.3312,0.3311,2.0,0.3307,10.0,78326.0,1462.0
2021-01-05 09:31:44.670,0.3313,0.3314,15.0,0.3313,38.0,78341.0,1479.0
2021-01-05 09:31:45.160,0.3313,0.3313,46.0,0.3309,10.0,78399.0,1537.0
2021-01-05 09:31:45.700,0.3313,0.3313,8.0,0.3302,19.0,78409.0,1547.0
2021-01-05 09:31:46.071,0.3313,0.3323,10.0,0.3313,3.0,78409.0,1547.0
2021-01-05 09:31:46.701,0.3313,0.3322,17.0,0.3314,10.0,78409.0,1547.0
2021-01-05 09:31:46.970,0.3313,0.3316,10.0,0.3313,10.0,78409.0,1547.0
2021-01-05 09:31:47.650,0.3316,0.3322,2.0,0.3314,10.0,78419.0,1557.0
2021-01-05 09:31:48.211,0.3316,0.3322,2.0,0.3315,10.0,78419.0,1557.0
2021-01-05 09:31:48.691,0.3316,0.3325,12.0,0.3322,1.0,78419.0,1557.0
2021-01-05 09:31:49.221,0.3314,0.3325,12.0,0.3314,9.0,78419.0,1559.0
2021-01-05 09:31:49.331,0.3325,0.3325,19.0,0.3321,10.0,78417.0,1568.0
2021-01-05 09:31:49.980,0.3328,0.333,20.0,0.3327,10.0,78421.0,1591.0
2021-01-05 09:31:50.681,0.3328,0.3327,2.0,0.3326,10.0,78421.0,1591.0
2021-01-05 09:31:51.210,0.3327,0.3333,10.0,0.3327,12.0,78421.0,1593.0
2021-01-05 09:31:51.690,0.3327,0.3337,30.0,0.3327,4.0,78421.0,1593.0
2021-01-05 09:31:52.220,0.3332,0.3338,20.0,0.3331,10.0,78421.0,1595.0
2021-01-05 09:31:52.621,0.3332,0.3334,3.0,0.3332,5.0,78421.0,1595.0
2021-01-05 09:31:53.171,0.3334,0.3338,5.0,0.3334,1.0,78421.0,1598.0
2021-01-05 09:31:53.630,0.3338,0.334,2.0,0.3338,10.0,78421.0,1603.0
2021-01-05 09:31:54.151,0.3341,0.3345,15.0,0.3341,8.0,78413.0,1617.0
2021-01-05 09:31:54.201,0.3341,0.3347,15.0,0.3336,10.0,78413.0,1625.0
2021-01-05 09:31:55.150,0.3341,0.335,16.0,0.3339,10.0,78413.0,1625.0
2021-01-05 09:31:55.670,0.3341,0.335,1.0,0.3344,10.0,78413.0,1625.0
2021-01-05 09:31:56.110,0.3344,0.335,1.0,0.3342,10.0,78413.0,1635.0
2021-01-05 09:31:56.681,0.3344,0.335,1.0,0.3341,11.0,78413.0,1635.0
2021-01-05 09:31:57.171,0.335,0.3353,20.0,0.335,1.0,78414.0,1636.0
2021-01-05 09:31:57.511,0.335,0.3353,20.0,0.3344,10.0,78415.0,1637.0
2021-01-05 09:31:58.171,0.335,0.3351,10.0,0.3341,1.0,78415.0,1637.0
2021-01-05 09:31:58.360,0.3339,0.335,15.0,0.3342,5.0,78414.0,1639.0
2021-01-05 09:31:59.180,0.3339,0.335,2.0,0.3342,5.0,78414.0,1639.0
2021-01-05 09:31:59.620,0.3339,0.3349,15.0,0.3341,10.0,78414.0,1639.0
2021-01-05 09:32:00.150,0.3341,0.3347,10.0,0.3338,50.0,78414.0,1659.0
2021-01-05 09:32:00.650,0.3346,0.3346,5.0,0.3342,10.0,78414.0,1661.0
2021-01-05 09:32:01.170,0.3342,0.3342,24.0,0.334,10.0,78417.0,1674.0
2021-01-05 09:32:01.601,0.3338,0.3339,5.0,0.3338,20.0,78427.0,1714.0
2021-01-05 09:32:02.171,0.3338,0.3337,5.0,0.3331,10.0,78447.0,1734.0
2021-01-05 09:32:02.561,0.3331,0.3327,15.0,0.3324,20.0,78447.0,1744.0
2021-01-05 09:32:03.180,0.332,0.3331,6.0,0.332,8.0,78435.0,1779.0
2021-01-05 09:32:03.641,0.332,0.333,17.0,0.3319,20.0,78435.0,1779.0
2021-01-05 09:32:04.150,0.3329,0.3329,19.0,0.3317,20.0,78435.0,1780.0
2021-01-05 09:32:04.661,0.3329,0.3328,25.0,0.3327,10.0,78435.0,1780.0
2021-01-05 09:32:05.130,0.3327,0.3331,6.0,0.3326,10.0,78435.0,1810.0
2021-01-05 09:32:05.660,0.3325,0.333,15.0,0.3325,7.0,78432.0,1813.0
2021-01-05 09:32:06.161,0.3336,0.3338,20.0,0.3326,7.0,78447.0,1830.0
2021-01-05 09:32:06.651,0.3336,0.334,5.0,0.3331,10.0,78447.0,1830.0
2021-01-05 09:32:07.070,0.3336,0.3333,10.0,0.3321,10.0,78447.0,1830.0
2021-01-05 09:32:07.570,0.3336,0.3333,10.0,0.3322,15.0,78447.0,1830.0
2021-01-05 09:32:08.171,0.3336,0.3336,10.0,0.3326,20.0,78447.0,1830.0
2021-01-05 09:32:08.651,0.3336,0.3338,1.0,0.3332,10.0,78447.0,1832.0
2021-01-05 09:32:09.141,0.3336,0.3338,1.0,0.3337,20.0,78447.0,1832.0
2021-01-05 09:32:09.681,0.3338,0.334,3.0,0.3338,13.0,78446.0,1833.0
2021-01-05 09:32:09.971,0.334,0.3339,2.0,0.3338,13.0,78446.0,1839.0
2021-01-05 09:32:10.601,0.3339,0.3346,15.0,0.3339,1.0,78444.0,1841.0
2021-01-05 09:32:11.120,0.3339,0.3345,10.0,0.3339,7.0,78444.0,1841.0
2021-01-05 09:32:11.650,0.3338,0.3338,4.0,0.3327,10.0,78444.0,1847.0
2021-01-05 09:32:12.121,0.3338,0.3327,5.0,0.3325,15.0,78444.0,1847.0
2021-01-05 09:32:12.211,0.3338,0.3334,25.0,0.3327,5.0,78444.0,1847.0
2021-01-05 09:32:13.171,0.3338,0.3334,25.0,0.3327,5.0,78444.0,1847.0
2021-01-05 09:32:13.680,0.3338,0.3334,10.0,0.3327,5.0,78444.0,1847.0
2021-01-05 09:32:14.180,0.3338,0.3334,10.0,0.3327,5.0,78444.0,1847.0
2021-01-05 09:32:14.660,0.3338,0.3337,2.0,0.3329,10.0,78444.0,1847.0
2021-01-05 09:32:15.171,0.3329,0.3337,2.0,0.3329,9.0,78444.0,1848.0
2021-01-05 09:32:15.171,0.3329,0.3336,5.0,0.3331,10.0,78444.0,1848.0
2021-01-05 09:32:16.151,0.3329,0.3336,5.0,0.3331,10.0,78444.0,1848.0
2021-01-05 09:32:16.520,0.3329,0.3342,10.0,0.3331,10.0,78444.0,1848.0
2021-01-05 09:32:17.161,0.3335,0.3335,9.0,0.3329,1.0,78445.0,1849.0
2021-01-05 09:32:17.561,0.3335,0.3341,2.0,0.3332,11.0,78445.0,1849.0
2021-01-05 09:32:18.130,0.3335,0.334,13.0,0.3332,11.0,78445.0,1849.0
2021-01-05 09:32:18.660,0.3335,0.334,13.0,0.3336,10.0,78445.0,1849.0
2021-01-05 09:32:19.131,0.3335,0.3345,23.0,0.334,3.0,78445.0,1849.0
2021-01-05 09:32:19.640,0.3335,0.334,3.0,0.3336,10.0,78445.0,1849.0
2021-01-05 09:32:20.151,0.3336,0.3335,5.0,0.3334,10.0,78445.0,1859.0
2021-01-05 09:32:20.600,0.3334,0.3333,5.0,0.3332,1.0,78456.0,1879.0
2021-01-05 09:32:20.861,0.3332,0.3333,16.0,0.3329,1.0,78459.0,1882.0
2021-01-05 09:32:21.680,0.3329,0.3328,1.0,0.3327,5.0,78460.0,1883.0
2021-01-05 09:32:22.181,0.3327,0.3327,2.0,0.3321,35.0,78460.0,1888.0
2021-01-05 09:32:22.650,0.3327,0.3326,7.0,0.3321,10.0,78460.0,1888.0
2021-01-05 09:32:22.930,0.3327,0.3326,7.0,0.3319,15.0,78460.0,1888.0
2021-01-05 09:32:23.580,0.3327,0.3326,2.0,0.3318,30.0,78460.0,1888.0
2021-01-05 09:32:24.091,0.3327,0.3327,13.0,0.3322,10.0,78458.0,1893.0
2021-01-05 09:32:24.160,0.3327,0.333,13.0,0.3327,11.0,78458.0,1893.0
2021-01-05 09:32:24.690,0.333,0.3332,20.0,0.3331,7.0,78458.0,1897.0
2021-01-05 09:32:25.670,0.3332,0.3336,24.0,0.3334,10.0,78438.0,1917.0
2021-01-05 09:32:25.950,0.3336,0.3341,35.0,0.3336,17.0,78440.0,1950.0
2021-01-05 09:32:26.581,0.3336,0.3345,15.0,0.3336,17.0,78440.0,1950.0
2021-01-05 09:32:27.151,0.3336,0.3345,15.0,0.3337,7.0,78440.0,1950.0
2021-01-05 09:32:27.670,0.3336,0.3346,2.0,0.3345,15.0,78440.0,1950.0
2021-01-05 09:32:28.171,0.3347,0.3347,6.0,0.3346,3.0,78438.0,1956.0
2021-01-05 09:32:28.611,0.3348,0.3351,1.0,0.3348,4.0,78438.0,1963.0
2021-01-05 09:32:29.180,0.3348,0.3351,1.0,0.3348,4.0,78438.0,1963.0
2021-01-05 09:32:30.121,0.3348,0.3347,10.0,0.3338,10.0,78438.0,1963.0
2021-01-05 09:32:30.671,0.3348,0.3347,10.0,0.3338,25.0,78438.0,1963.0
2021-01-05 09:32:31.120,0.3339,0.3347,10.0,0.3339,14.0,78437.0,1964.0
2021-01-05 09:32:31.631,0.3339,0.3351,1.0,0.3342,10.0,78437.0,1964.0
2021-01-05 09:32:32.121,0.3339,0.3348,10.0,0.3338,15.0,78437.0,1964.0
2021-01-05 09:32:33.141,0.3339,0.3348,10.0,0.3339,10.0,78437.0,1964.0
2021-01-05 09:32:33.671,0.3339,0.3351,13.0,0.3342,10.0,78437.0,1964.0
2021-01-05 09:32:34.171,0.3339,0.3349,10.0,0.3347,2.0,78437.0,1964.0
2021-01-05 09:32:34.691,0.3347,0.3345,21.0,0.3336,15.0,78439.0,1966.0
2021-01-05 09:32:35.110,0.3347,0.3345,21.0,0.3336,15.0,78439.0,1966.0
2021-01-05 09:32:35.671,0.3347,0.3345,13.0,0.3338,10.0,78439.0,1966.0
2021-01-05 09:32:36.190,0.3347,0.3345,11.0,0.3339,5.0,78439.0,1966.0
2021-01-05 09:32:36.691,0.3339,0.3348,25.0,0.3339,4.0,78440.0,1967.0
2021-01-05 09:32:37.141,0.3339,0.3348,25.0,0.3338,10.0,78440.0,1967.0
2021-01-05 09:32:37.640,0.3339,0.3346,1.0,0.3338,10.0,78440.0,1967.0
2021-01-05 09:32:38.190,0.3339,0.3345,12.0,0.3338,10.0,78440.0,1967.0
2021-01-05 09:32:39.200,0.3339,0.3346,1.0,0.3337,10.0,78440.0,1967.0
2021-01-05 09:32:39.630,0.3339,0.3346,1.0,0.3345,20.0,78440.0,1967.0
2021-01-05 09:32:40.111,0.3346,0.3348,10.0,0.3345,20.0,78440.0,1968.0
2021-01-05 09:32:40.641,0.3346,0.3348,10.0,0.3347,50.0,78440.0,1968.0
2021-01-05 09:32:41.200,0.3348,0.3349,2.0,0.3347,50.0,78450.0,1978.0
2021-01-05 09:32:41.640,0.3348,0.3349,2.0,0.3348,4.0,78450.0,1978.0
2021-01-05 09:32:42.161,0.3347,0.3349,10.0,0.3347,49.0,78448.0,1981.0
2021-01-05 09:32:42.301,0.3347,0.3351,3.0,0.3347,41.0,78456.0,1989.0
2021-01-05 09:32:43.121,0.3347,0.3351,5.0,0.3349,2.0,78456.0,1989.0
2021-01-05 09:32:43.321,0.3349,0.3349,24.0,0.3347,41.0,78456.0,1991.0
2021-01-05 09:32:44.151,0.3349,0.3349,38.0,0.3345,20.0,78547.0,2082.0
2021-01-05 09:32:44.691,0.3335,0.3344,5.0,0.3334,20.0,78552.0,2117.0
2021-01-05 09:32:45.190,0.3335,0.3343,13.0,0.3334,20.0,78552.0,2117.0
2021-01-05 09:32:45.580,0.3335,0.3344,2.0,0.3342,10.0,78552.0,2117.0
2021-01-05 09:32:45.770,0.3344,0.3347,31.0,0.3342,9.0,78552.0,2120.0
2021-01-05 09:32:46.610,0.3347,0.3348,1.0,0.3342,9.0,78552.0,2126.0
2021-01-05 09:32:47.100,0.3348,0.335,10.0,0.3348,3.0,78551.0,2127.0
2021-01-05 09:32:47.651,0.3348,0.3351,5.0,0.335,18.0,78551.0,2127.0
2021-01-05 09:32:48.101,0.3351,0.3355,1.0,0.3351,14.0,78539.0,2142.0
2021-01-05 09:32:48.281,0.3355,0.3356,10.0,0.3355,6.0,78538.0,2143.0
2021-01-05 09:32:49.190,0.3356,0.3358,5.0,0.3357,5.0,78528.0,2153.0
2021-01-05 09:32:49.670,0.3358,0.3366,3.0,0.3359,10.0,78523.0,2158.0
2021-01-05 09:32:50.171,0.3372,0.3377,13.0,0.3366,23.0,78532.0,2181.0
2021-01-05 09:32:50.700,0.3366,0.3371,10.0,0.336,13.0,78544.0,2204.0
2021-01-05 09:32:51.170,0.3377,0.3378,10.0,0.3377,10.0,78542.0,2207.0
2021-01-05 09:32:51.641,0.3377,0.3379,13.0,0.3375,10.0,78539.0,2232.0
2021-01-05 09:32:52.191,0.3379,0.338,25.0,0.3379,1.0,78537.0,2244.0
2021-01-05 09:32:52.671,0.3379,0.3377,10.0,0.3366,15.0,78537.0,2245.0
2021-01-05 09:32:53.161,0.3379,0.3369,10.0,0.3361,15.0,78537.0,2245.0
2021-01-05 09:32:53.641,0.3359,0.3367,10.0,0.3358,25.0,78537.0,2246.0
2021-01-05 09:32:53.871,0.3358,0.3358,15.0,0.3354,15.0,78547.0,2256.0
2021-01-05 09:32:54.371,0.3358,0.3358,10.0,0.335,2.0,78547.0,2260.0
2021-01-05 09:32:55.161,0.3358,0.3361,13.0,0.3351,15.0,78547.0,2260.0
2021-01-05 09:32:55.650,0.3358,0.3364,13.0,0.3357,10.0,78547.0,2260.0
2021-01-05 09:32:56.150,0.3364,0.3368,60.0,0.3366,10.0,78550.0,2279.0
2021-01-05 09:32:56.611,0.3366,0.3368,75.0,0.3366,4.0,78558.0,2342.0
2021-01-05 09:32:57.130,0.3366,0.3365,10.0,0.336,10.0,78558.0,2372.0
2021-01-05 09:32:57.600,0.336,0.336,11.0,0.3355,25.0,78558.0,2382.0
2021-01-05 09:32:58.171,0.3359,0.336,5.0,0.3359,9.0,78565.0,2404.0
2021-01-05 09:32:58.351,0.3361,0.3366,61.0,0.3361,5.0,78562.0,2411.0
2021-01-05 09:32:59.170,0.3361,0.3366,61.0,0.3357,11.0,78562.0,2411.0
2021-01-05 09:32:59.621,0.3361,0.3366,12.0,0.3363,10.0,78562.0,2411.0
2021-01-05 09:33:00.111,0.3363,0.3371,15.0,0.3363,9.0,78561.0,2412.0
2021-01-05 09:33:00.651,0.336,0.3361,53.0,0.336,3.0,78569.0,2448.0
2021-01-05 09:33:01.081,0.3361,0.3361,35.0,0.3358,15.0,78593.0,2482.0
2021-01-05 09:33:01.661,0.3358,0.3358,2.0,0.3352,15.0,78595.0,2503.0
2021-01-05 09:33:02.021,0.3357,0.3357,7.0,0.335,20.0,78600.0,2508.0
2021-01-05 09:33:02.570,0.335,0.335,23.0,0.3349,1.0,78597.0,2528.0
2021-01-05 09:33:03.121,0.3334,0.3349,21.0,0.3341,15.0,78587.0,2576.0
2021-01-05 09:33:03.681,0.3334,0.3347,1.0,0.3335,10.0,78587.0,2576.0
2021-01-05 09:33:04.140,0.3334,0.3341,15.0,0.3334,19.0,78587.0,2576.0
2021-01-05 09:33:04.651,0.3334,0.334,42.0,0.3333,1.0,78606.0,2595.0
2021-01-05 09:33:05.181,0.3333,0.3333,11.0,0.3327,1.0,78607.0,2596.0
2021-01-05 09:33:05.580,0.3327,0.3332,7.0,0.3322,35.0,78608.0,2597.0
2021-01-05 09:33:06.170,0.3327,0.3327,26.0,0.3318,15.0,78608.0,2597.0
2021-01-05 09:33:06.651,0.3327,0.3326,7.0,0.3318,10.0,78608.0,2597.0
2021-01-05 09:33:07.171,0.3327,0.3326,7.0,0.3313,10.0,78608.0,2597.0
2021-01-05 09:33:07.601,0.3327,0.3327,18.0,0.3326,7.0,78606.0,2606.0
2021-01-05 09:33:08.151,0.3322,0.3322,19.0,0.3321,10.0,78606.0,2644.0
2021-01-05 09:33:08.681,0.3332,0.3332,2.0,0.3328,15.0,78616.0,2681.0
2021-01-05 09:33:09.181,0.3328,0.3335,15.0,0.3328,4.0,78626.0,2694.0
2021-01-05 09:33:09.290,0.3331,0.3338,13.0,0.3331,4.0,78632.0,2700.0
2021-01-05 09:33:10.131,0.3329,0.333,1.0,0.3326,10.0,78636.0,2708.0
2021-01-05 09:33:10.681,0.3329,0.333,1.0,0.3318,20.0,78636.0,2708.0
2021-01-05 09:33:11.150,0.3329,0.3329,5.0,0.3319,15.0,78636.0,2708.0
2021-01-05 09:33:11.670,0.3329,0.3329,45.0,0.3318,25.0,78636.0,2708.0
2021-01-05 09:33:11.920,0.3329,0.3329,5.0,0.332,10.0,78636.0,2708.0
2021-01-05 09:33:12.650,0.3329,0.333,1.0,0.3329,5.0,78636.0,2713.0
2021-01-05 09:33:13.080,0.333,0.3337,2.0,0.333,10.0,78635.0,2714.0
2021-01-05 09:33:13.691,0.3329,0.3336,10.0,0.3329,1.0,78635.0,2719.0
2021-01-05 09:33:14.110,0.3329,0.3334,10.0,0.3329,1.0,78635.0,2719.0
2021-01-05 09:33:14.650,0.3329,0.3334,10.0,0.3322,40.0,78636.0,2720.0
2021-01-05 09:33:15.140,0.3329,0.3333,13.0,0.3322,30.0,78636.0,2720.0
2021-01-05 09:33:15.630,0.3329,0.3328,20.0,0.3318,10.0,78636.0,2720.0
2021-01-05 09:33:16.171,0.3329,0.3322,30.0,0.3318,10.0,78636.0,2720.0
2021-01-05 09:33:16.590,0.3322,0.3322,22.0,0.3311,15.0,78644.0,2738.0
2021-01-05 09:33:17.190,0.3322,0.3321,40.0,0.3309,20.0,78644.0,2738.0
2021-01-05 09:33:17.551,0.3322,0.332,23.0,0.3309,20.0,78644.0,2738.0
2021-01-05 09:33:18.160,0.3322,0.3319,10.0,0.3307,15.0,78644.0,2738.0
2021-01-05 09:33:18.680,0.3322,0.3319,10.0,0.3308,20.0,78644.0,2738.0
2021-01-05 09:33:19.191,0.3322,0.3318,2.0,0.3306,10.0,78644.0,2738.0
2021-01-05 09:33:19.660,0.3322,0.3315,10.0,0.3302,9.0,78644.0,2738.0
2021-01-05 09:33:20.171,0.3322,0.3315,10.0,0.3303,15.0,78644.0,2738.0
2021-01-05 09:33:20.680,0.3322,0.3318,12.0,0.3311,10.0,78644.0,2738.0
2021-01-05 09:33:21.160,0.3311,0.3314,5.0,0.3302,9.0,78654.0,2748.0
2021-01-05 09:33:21.681,0.3311,0.3313,2.0,0.3304,10.0,78654.0,2748.0
2021-01-05 09:33:22.150,0.3311,0.3313,12.0,0.3302,9.0,78654.0,2748.0
2021-01-05 09:33:22.670,0.3311,0.3311,26.0,0.3302,9.0,78654.0,2750.0
2021-01-05 09:33:23.051,0.3311,0.3309,20.0,0.3302,9.0,78654.0,2750.0
2021-01-05 09:33:23.660,0.3302,0.3309,10.0,0.3301,3.0,78663.0,2759.0
2021-01-05 09:33:24.171,0.3309,0.3311,10.0,0.3309,5.0,78666.0,2781.0
2021-01-05 09:33:24.651,0.3309,0.3311,10.0,0.3305,20.0,78666.0,2781.0
2021-01-05 09:33:24.661,0.3309,0.3311,10.0,0.3305,20.0,78666.0,2781.0
2021-01-05 09:33:25.541,0.3311,0.3318,2.0,0.3311,1.0,78658.0,2789.0
2021-01-05 09:33:26.161,0.3311,0.3319,10.0,0.3312,9.0,78658.0,2789.0
2021-01-05 09:33:26.651,0.3311,0.3319,10.0,0.3313,9.0,78658.0,2789.0
2021-01-05 09:33:27.171,0.3315,0.3315,9.0,0.3305,13.0,78660.0,2800.0
2021-01-05 09:33:27.490,0.3315,0.3324,33.0,0.3313,20.0,78660.0,2808.0
2021-01-05 09:33:28.180,0.3315,0.332,10.0,0.3309,10.0,78660.0,2808.0
2021-01-05 09:33:28.630,0.3315,0.3313,10.0,0.3304,15.0,78660.0,2808.0
2021-01-05 09:33:29.171,0.3315,0.3313,10.0,0.3304,10.0,78660.0,2808.0
2021-01-05 09:33:30.170,0.3317,0.3317,8.0,0.3309,10.0,78662.0,2810.0
2021-01-05 09:33:30.670,0.3317,0.3317,8.0,0.3309,10.0,78662.0,2810.0
2021-01-05 09:33:31.131,0.3317,0.3317,8.0,0.3309,25.0,78662.0,2810.0
2021-01-05 09:33:31.680,0.3317,0.3316,13.0,0.3306,25.0,78662.0,2810.0
2021-01-05 09:33:32.141,0.3317,0.3318,10.0,0.3307,15.0,78662.0,2810.0
2021-01-05 09:33:32.620,0.3308,0.3317,1.0,0.3308,9.0,78661.0,2811.0
2021-01-05 09:33:33.171,0.3317,0.3318,10.0,0.3317,11.0,78662.0,2812.0
2021-01-05 09:33:33.680,0.3317,0.3316,14.0,0.3308,15.0,78673.0,2823.0
2021-01-05 09:33:34.070,0.3317,0.3316,14.0,0.3308,10.0,78673.0,2823.0
2021-01-05 09:33:34.201,0.3319,0.332,28.0,0.3319,31.0,78688.0,2842.0
2021-01-05 09:33:35.171,0.3319,0.3319,11.0,0.3308,25.0,78719.0,2873.0
2021-01-05 09:33:35.680,0.3319,0.3318,10.0,0.3309,15.0,78719.0,2873.0
2021-01-05 09:33:36.101,0.3319,0.3317,2.0,0.3309,15.0,78719.0,2873.0
2021-01-05 09:33:36.681,0.3319,0.3314,10.0,0.3308,1.0,78719.0,2873.0
2021-01-05 09:33:37.190,0.3308,0.3308,1.0,0.3304,11.0,78720.0,2874.0
2021-01-05 09:33:37.640,0.3304,0.3308,1.0,0.3304,8.0,78723.0,2877.0
2021-01-05 09:33:38.120,0.3302,0.3307,9.0,0.3302,1.0,78731.0,2886.0
2021-01-05 09:33:38.621,0.3307,0.3307,4.0,0.3302,1.0,78736.0,2891.0
2021-01-05 09:33:39.201,0.3307,0.3307,2.0,0.3302,1.0,78736.0,2891.0
2021-01-05 09:33:39.641,0.3307,0.3312,13.0,0.3307,5.0,78734.0,2893.0
2021-01-05 09:33:40.160,0.3312,0.3312,2.0,0.3308,5.0,78747.0,2906.0
2021-01-05 09:33:40.681,0.3307,0.3317,2.0,0.3307,11.0,78735.0,2918.0
2021-01-05 09:33:41.161,0.3309,0.3308,10.0,0.3307,1.0,78725.0,2928.0
2021-01-05 09:33:41.691,0.3309,0.3316,15.0,0.3309,4.0,78715.0,2939.0
2021-01-05 09:33:42.041,0.3316,0.3317,2.0,0.3316,12.0,78715.0,2954.0
2021-01-05 09:33:42.600,0.3317,0.3323,2.0,0.3318,9.0,78713.0,2958.0
2021-01-05 09:33:42.740,0.3323,0.3328,15.0,0.3323,1.0,78711.0,2960.0
2021-01-05 09:33:43.241,0.3328,0.3331,20.0,0.3329,4.0,78720.0,2975.0
2021-01-05 09:33:44.110,0.3329,0.3327,7.0,0.3323,1.0,78720.0,2979.0
2021-01-05 09:33:44.671,0.3329,0.3324,10.0,0.3317,51.0,78720.0,2979.0
2021-01-05 09:33:45.180,0.3324,0.3329,3.0,0.3317,66.0,78720.0,2989.0
2021-01-05 09:33:45.520,0.3325,0.3325,9.0,0.3318,15.0,78721.0,2990.0
2021-01-05 09:33:46.100,0.3325,0.3328,2.0,0.3325,23.0,78730.0,2999.0
2021-01-05 09:33:46.671,0.3328,0.3336,15.0,0.333,50.0,78728.0,3001.0
2021-01-05 09:33:47.191,0.3328,0.3339,38.0,0.333,50.0,78728.0,3001.0
2021-01-05 09:33:47.681,0.3331,0.3339,10.0,0.3331,8.0,78726.0,3003.0
2021-01-05 09:33:48.171,0.3331,0.3339,10.0,0.3331,3.0,78721.0,3008.0
2021-01-05 09:33:48.211,0.3331,0.3337,10.0,0.3332,5.0,78721.0,3008.0
2021-01-05 09:33:49.051,0.3331,0.3338,2.0,0.3332,5.0,78721.0,3008.0
2021-01-05 09:33:49.681,0.3338,0.334,10.0,0.3333,10.0,78719.0,3010.0
2021-01-05 09:33:50.040,0.3333,0.3341,15.0,0.3333,8.0,78717.0,3012.0
2021-01-05 09:33:50.570,0.3333,0.3341,15.0,0.3333,8.0,78717.0,3012.0
2021-01-05 09:33:50.901,0.3333,0.334,2.0,0.3333,8.0,78717.0,3012.0
2021-01-05 09:33:51.571,0.3333,0.3337,10.0,0.3333,8.0,78717.0,3012.0
2021-01-05 09:33:52.190,0.3333,0.3334,10.0,0.3333,8.0,78717.0,3012.0
2021-01-05 09:33:52.630,0.333,0.3341,10.0,0.333,49.0,78716.0,3018.0
2021-01-05 09:33:53.171,0.333,0.334,15.0,0.3331,10.0,78716.0,3018.0
2021-01-05 09:33:53.650,0.333,0.3334,10.0,0.3331,10.0,78716.0,3018.0
2021-01-05 09:33:54.180,0.333,0.3334,10.0,0.3331,10.0,78716.0,3018.0
2021-01-05 09:33:54.610,0.333,0.3337,10.0,0.3334,10.0,78716.0,3018.0
2021-01-05 09:33:54.881,0.3337,0.3338,15.0,0.3334,13.0,78716.0,3028.0
2021-01-05 09:33:55.650,0.3338,0.3339,2.0,0.3334,13.0,78716.0,3039.0
2021-01-05 09:33:56.120,0.3338,0.3339,2.0,0.3334,13.0,78716.0,3039.0
2021-01-05 09:33:56.651,0.3338,0.3339,2.0,0.3334,13.0,78716.0,3039.0
2021-01-05 09:33:57.171,0.3338,0.3339,2.0,0.3334,13.0,78716.0,3039.0
2021-01-05 09:33:57.671,0.3339,0.3344,15.0,0.3339,4.0,78716.0,3041.0
2021-01-05 09:33:58.170,0.3344,0.3349,15.0,0.3344,8.0,78715.0,3042.0
2021-01-05 09:33:58.670,0.3345,0.3352,20.0,0.3345,7.0,78704.0,3068.0
2021-01-05 09:33:59.140,0.3349,0.3355,15.0,0.3349,7.0,78703.0,3076.0
2021-01-05 09:33:59.690,0.3352,0.336,23.0,0.3352,2.0,78702.0,3088.0
2021-01-05 09:34:00.191,0.3352,0.336,10.0,0.3352,1.0,78701.0,3089.0
2021-01-05 09:34:00.671,0.3353,0.336,10.0,0.3356,10.0,78701.0,3090.0
2021-01-05 09:34:01.081,0.3357,0.336,8.0,0.3354,25.0,78699.0,3093.0
2021-01-05 09:34:01.640,0.3357,0.3354,1.0,0.3353,20.0,78699.0,3093.0
2021-01-05 09:34:02.080,0.3353,0.3353,12.0,0.3344,30.0,78699.0,3096.0
2021-01-05 09:34:02.591,0.3353,0.3356,20.0,0.3345,25.0,78699.0,3096.0
2021-01-05 09:34:03.121,0.3356,0.3356,5.0,0.3354,50.0,78714.0,3111.0
2021-01-05 09:34:03.670,0.3356,0.3356,3.0,0.3355,1.0,78714.0,3113.0
2021-01-05 09:34:04.120,0.3356,0.3359,2.0,0.3357,2.0,78714.0,3116.0
2021-01-05 09:34:04.671,0.3356,0.336,8.0,0.3357,2.0,78714.0,3116.0
2021-01-05 09:34:05.121,0.3356,0.336,8.0,0.3355,1.0,78714.0,3116.0
2021-01-05 09:34:05.630,0.3356,0.336,8.0,0.3356,5.0,78714.0,3116.0
2021-01-05 09:34:06.191,0.3356,0.336,8.0,0.3356,5.0,78714.0,3116.0
2021-01-05 09:34:06.661,0.3356,0.336,8.0,0.3358,10.0,78714.0,3116.0
2021-01-05 09:34:07.130,0.336,0.3367,1.0,0.3361,5.0,78706.0,3124.0
2021-01-05 09:34:07.311,0.336,0.3367,1.0,0.336,5.0,78706.0,3124.0
2021-01-05 09:34:08.171,0.3369,0.3377,1.0,0.3366,10.0,78705.0,3130.0
2021-01-05 09:34:08.630,0.3369,0.3376,8.0,0.3367,7.0,78705.0,3130.0
2021-01-05 09:34:09.170,0.3367,0.3374,10.0,0.3367,4.0,78706.0,3133.0
2021-01-05 09:34:09.670,0.3367,0.3367,16.0,0.3361,20.0,78706.0,3137.0
2021-01-05 09:34:10.140,0.3369,0.3369,14.0,0.3361,10.0,78699.0,3164.0
2021-01-05 09:34:10.281,0.3369,0.3368,10.0,0.3362,1.0,78718.0,3183.0
2021-01-05 09:34:11.151,0.3369,0.3362,6.0,0.336,3.0,78718.0,3183.0
2021-01-05 09:34:11.681,0.336,0.3356,10.0,0.3355,1.0,78721.0,3186.0
2021-01-05 09:34:12.121,0.336,0.3359,30.0,0.3356,3.0,78721.0,3186.0
2021-01-05 09:34:12.480,0.336,0.3363,15.0,0.3356,16.0,78721.0,3186.0
2021-01-05 09:34:13.191,0.336,0.3362,10.0,0.3354,1.0,78721.0,3186.0
2021-01-05 09:34:13.500,0.3354,0.3354,2.0,0.3353,10.0,78722.0,3187.0
2021-01-05 09:34:14.150,0.3353,0.3352,10.0,0.3344,20.0,78732.0,3197.0
2021-01-05 09:34:14.691,0.3356,0.3344,20.0,0.3337,20.0,78780.0,3247.0
2021-01-05 09:34:15.181,0.3344,0.3344,27.0,0.3334,15.0,78780.0,3250.0
2021-01-05 09:34:15.681,0.3343,0.3344,17.0,0.3336,10.0,78780.0,3253.0
2021-01-05 09:34:16.190,0.3344,0.3347,28.0,0.3344,14.0,78780.0,3270.0
2021-01-05 09:34:16.620,0.3347,0.336,1.0,0.335,5.0,78780.0,3298.0
2021-01-05 09:34:16.970,0.3347,0.3359,17.0,0.335,5.0,78780.0,3298.0
2021-01-05 09:34:17.690,0.3347,0.3359,2.0,0.3356,5.0,78780.0,3298.0
2021-01-05 09:34:17.900,0.3356,0.336,1.0,0.3357,17.0,78783.0,3301.0
2021-01-05 09:34:18.620,0.3356,0.336,1.0,0.3357,7.0,78783.0,3301.0
2021-01-05 09:34:19.041,0.336,0.3368,15.0,0.336,1.0,78783.0,3302.0
2021-01-05 09:34:19.661,0.336,0.3358,9.0,0.3356,2.0,78783.0,3303.0
2021-01-05 09:34:19.961,0.3358,0.3366,10.0,0.3359,4.0,78784.0,3313.0
2021-01-05 09:34:20.651,0.3358,0.3367,12.0,0.3359,4.0,78784.0,3313.0
2021-01-05 09:34:21.131,0.3367,0.3367,9.0,0.3359,15.0,78785.0,3314.0
2021-01-05 09:34:21.690,0.3367,0.3371,20.0,0.3367,1.0,78785.0,3314.0
2021-01-05 09:34:21.730,0.3367,0.3373,25.0,0.336,35.0,78785.0,3314.0
2021-01-05 09:34:22.191,0.3367,0.3369,10.0,0.336,10.0,78785.0,3314.0
2021-01-05 09:34:23.090,0.3367,0.3368,13.0,0.336,11.0,78785.0,3314.0
2021-01-05 09:34:23.640,0.3367,0.3369,10.0,0.336,11.0,78785.0,3314.0
2021-01-05 09:34:24.170,0.3367,0.3369,10.0,0.336,11.0,78785.0,3314.0
2021-01-05 09:34:24.600,0.3367,0.3369,10.0,0.336,11.0,78785.0,3314.0
2021-01-05 09:34:25.150,0.3367,0.3371,15.0,0.3363,10.0,78785.0,3314.0
2021-01-05 09:34:25.671,0.3367,0.3373,35.0,0.3363,10.0,78785.0,3314.0
2021-01-05 09:34:26.020,0.3367,0.3372,28.0,0.3363,10.0,78785.0,3314.0
2021-01-05 09:34:26.641,0.3367,0.3371,15.0,0.3363,10.0,78785.0,3314.0
2021-01-05 09:34:27.150,0.3363,0.337,1.0,0.3363,8.0,78783.0,3316.0
2021-01-05 09:34:27.321,0.3363,0.3369,7.0,0.3367,10.0,78783.0,3316.0
2021-01-05 09:34:28.120,0.337,0.3371,10.0,0.3367,10.0,78790.0,3326.0
2021-01-05 09:34:28.621,0.337,0.3372,25.0,0.3367,10.0,78790.0,3326.0
2021-01-05 09:34:29.101,0.337,0.3371,28.0,0.3367,10.0,78790.0,3326.0
2021-01-05 09:34:29.601,0.3367,0.337,28.0,0.3367,6.0,78794.0,3330.0
2021-01-05 09:34:30.141,0.3367,0.3372,15.0,0.3367,6.0,78794.0,3330.0
2021-01-05 09:34:30.621,0.3367,0.3368,10.0,0.336,1.0,78800.0,3336.0
2021-01-05 09:34:31.190,0.3367,0.3371,20.0,0.3362,10.0,78800.0,3336.0
2021-01-05 09:34:31.280,0.3367,0.3371,30.0,0.3366,10.0,78800.0,3336.0
2021-01-05 09:34:32.121,0.3366,0.3371,30.0,0.3363,4.0,78790.0,3346.0
2021-01-05 09:34:32.640,0.3362,0.3371,30.0,0.3362,10.0,78790.0,3347.0
2021-01-05 09:34:33.090,0.3371,0.3371,26.0,0.3365,10.0,78790.0,3351.0
2021-01-05 09:34:33.691,0.3371,0.3377,1.0,0.3371,3.0,78793.0,3377.0
2021-01-05 09:34:34.131,0.3371,0.3377,1.0,0.3371,3.0,78793.0,3377.0
2021-01-05 09:34:34.540,0.3371,0.3377,1.0,0.3371,1.0,78793.0,3378.0
2021-01-05 09:34:35.130,0.3377,0.338,2.0,0.3377,1.0,78792.0,3379.0
2021-01-05 09:34:35.670,0.3381,0.3383,20.0,0.338,2.0,78788.0,3383.0
2021-01-05 09:34:36.171,0.3381,0.3384,20.0,0.3381,2.0,78785.0,3386.0
2021-01-05 09:34:36.680,0.3381,0.3384,20.0,0.3381,2.0,78785.0,3386.0
2021-01-05 09:34:37.161,0.3381,0.3384,20.0,0.3383,5.0,78785.0,3386.0
2021-01-05 09:34:37.700,0.3383,0.3384,15.0,0.3383,4.0,78786.0,3392.0
2021-01-05 09:34:37.990,0.3384,0.3384,14.0,0.3383,4.0,78787.0,3393.0
2021-01-05 09:34:38.611,0.3384,0.3392,20.0,0.3384,6.0,78792.0,3407.0
2021-01-05 09:34:39.091,0.3384,0.3392,22.0,0.3385,5.0,78792.0,3407.0
2021-01-05 09:34:39.470,0.3384,0.3392,22.0,0.3386,7.0,78792.0,3407.0
2021-01-05 09:34:40.171,0.3387,0.3392,20.0,0.3388,10.0,78792.0,3408.0
2021-01-05 09:34:40.601,0.3394,0.3394,9.0,0.3387,4.0,78792.0,3410.0
2021-01-05 09:34:41.201,0.3394,0.3397,15.0,0.3387,10.0,78792.0,3410.0
2021-01-05 09:34:41.700,0.3394,0.3398,15.0,0.3392,3.0,78792.0,3410.0
2021-01-05 09:34:42.171,0.3394,0.3398,15.0,0.3392,3.0,78792.0,3410.0
2021-01-05 09:34:42.680,0.3394,0.3399,11.0,0.3392,3.0,78792.0,3410.0
2021-01-05 09:34:42.680,0.3394,0.3398,1.0,0.3392,3.0,78792.0,3410.0
2021-01-05 09:34:43.660,0.3394,0.3397,16.0,0.3392,3.0,78792.0,3410.0
2021-01-05 09:34:44.011,0.3392,0.3396,10.0,0.3392,2.0,78792.0,3411.0
2021-01-05 09:34:44.651,0.3392,0.3395,10.0,0.3386,15.0,78794.0,3413.0
2021-01-05 09:34:45.200,0.3392,0.3396,2.0,0.3389,20.0,78794.0,3413.0
2021-01-05 09:34:45.200,0.3392,0.3395,11.0,0.339,10.0,78794.0,3413.0
2021-01-05 09:34:46.140,0.3392,0.3395,11.0,0.3392,20.0,78794.0,3413.0
2021-01-05 09:34:46.660,0.3392,0.3398,1.0,0.339,10.0,78794.0,3413.0
2021-01-05 09:34:47.181,0.3399,0.34,41.0,0.3399,1.0,78795.0,3415.0
2021-01-05 09:34:47.701,0.3399,0.34,16.0,0.3395,1.0,78796.0,3416.0
2021-01-05 09:34:47.990,0.3399,0.34,16.0,0.3395,1.0,78796.0,3416.0
2021-01-05 09:34:49.210,0.3399,0.34,16.0,0.3395,1.0,78796.0,3416.0
2021-01-05 09:34:49.661,0.3395,0.3395,16.0,0.339,5.0,78796.0,3417.0
2021-01-05 09:34:50.020,0.339,0.339,16.0,0.3384,11.0,78801.0,3423.0
2021-01-05 09:34:50.700,0.339,0.3389,1.0,0.3384,11.0,78801.0,3423.0
2021-01-05 09:34:50.831,0.339,0.3389,1.0,0.3387,10.0,78801.0,3423.0
2021-01-05 09:34:51.511,0.3387,0.3387,10.0,0.3384,5.0,78806.0,3438.0
2021-01-05 09:34:52.101,0.3388,0.3389,1.0,0.3386,10.0,78807.0,3453.0
2021-01-05 09:34:52.650,0.3388,0.3389,1.0,0.3384,2.0,78807.0,3453.0
2021-01-05 09:34:53.180,0.3389,0.3395,10.0,0.3389,4.0,78807.0,3454.0
2021-01-05 09:34:53.651,0.3395,0.3398,15.0,0.3391,10.0,78807.0,3460.0
2021-01-05 09:34:54.170,0.3395,0.3399,2.0,0.3392,17.0,78807.0,3460.0
2021-01-05 09:34:54.621,0.3399,0.34,16.0,0.3399,3.0,78805.0,3465.0
2021-01-05 09:34:55.040,0.3404,0.341,15.0,0.3401,5.0,78801.0,3496.0
2021-01-05 09:34:55.301,0.3415,0.3414,15.0,0.3406,10.0,78802.0,3497.0
2021-01-05 09:34:56.051,0.3416,0.3418,25.0,0.3414,3.0,78803.0,3498.0
2021-01-05 09:34:56.661,0.3416,0.3418,10.0,0.3415,15.0,78803.0,3498.0
2021-01-05 09:34:57.130,0.3418,0.342,2.0,0.3418,4.0,78793.0,3508.0
2021-01-05 09:34:57.651,0.342,0.3423,1.0,0.3414,9.0,78791.0,3514.0
2021-01-05 09:34:58.131,0.3415,0.3423,1.0,0.3415,5.0,78786.0,3519.0
2021-01-05 09:34:58.160,0.3415,0.3422,20.0,0.342,10.0,78786.0,3519.0
2021-01-05 09:34:59.151,0.342,0.3423,1.0,0.3416,10.0,78796.0,3529.0
2021-01-05 09:35:00.160,0.342,0.3423,1.0,0.3418,10.0,78796.0,3529.0
2021-01-05 09:35:00.630,0.342,0.3423,1.0,0.3419,10.0,78796.0,3529.0
2021-01-05 09:35:01.170,0.3423,0.3427,20.0,0.3418,20.0,78796.0,3530.0
2021-01-05 09:35:01.620,0.3418,0.3418,3.0,0.3413,25.0,78806.0,3540.0
2021-01-05 09:35:02.160,0.3413,0.3417,11.0,0.3411,10.0,78806.0,3568.0
2021-01-05 09:35:02.680,0.3411,0.3411,3.0,0.3408,10.0,78806.0,3578.0
2021-01-05 09:35:03.180,0.3408,0.3411,10.0,0.3404,10.0,78806.0,3579.0
2021-01-05 09:35:03.510,0.3408,0.3405,10.0,0.3397,10.0,78806.0,3579.0
2021-01-05 09:35:04.061,0.3405,0.341,2.0,0.3406,10.0,78811.0,3588.0
2021-01-05 09:35:04.621,0.341,0.3408,7.0,0.3405,10.0,78809.0,3593.0
2021-01-05 09:35:05.180,0.3408,0.3408,4.0,0.3406,10.0,78806.0,3596.0
2021-01-05 09:35:05.671,0.3408,0.3414,10.0,0.3408,3.0,78802.0,3600.0
2021-01-05 09:35:06.180,0.3408,0.3414,10.0,0.3409,5.0,78802.0,3600.0
2021-01-05 09:35:06.421,0.3415,0.3417,15.0,0.3414,5.0,78803.0,3611.0
2021-01-05 09:35:07.070,0.3417,0.3419,1.0,0.3417,1.0,78803.0,3627.0
2021-01-05 09:35:07.650,0.3419,0.3418,1.0,0.3417,10.0,78802.0,3628.0
2021-01-05 09:35:08.171,0.3422,0.3429,2.0,0.3424,10.0,78802.0,3630.0
2021-01-05 09:35:08.651,0.3424,0.343,10.0,0.3429,1.0,78792.0,3640.0
2021-01-05 09:35:09.191,0.343,0.3435,1.0,0.3431,10.0,78804.0,3662.0
2021-01-05 09:35:09.341,0.3431,0.3438,15.0,0.343,18.0,78804.0,3664.0
2021-01-05 09:35:10.180,0.343,0.3439,15.0,0.343,11.0,78804.0,3665.0
2021-01-05 09:35:10.691,0.343,0.344,15.0,0.343,1.0,78804.0,3665.0
2021-01-05 09:35:11.160,0.3428,0.3442,35.0,0.3432,10.0,78804.0,3668.0
2021-01-05 09:35:11.671,0.3428,0.3443,2.0,0.3434,10.0,78804.0,3668.0
2021-01-05 09:35:12.101,0.3428,0.3443,2.0,0.344,50.0,78804.0,3668.0
2021-01-05 09:35:12.660,0.344,0.344,26.0,0.3433,10.0,78854.0,3718.0
2021-01-05 09:35:12.931,0.3431,0.3433,1.0,0.3425,10.0,78851.0,3723.0
2021-01-05 09:35:13.371,0.3426,0.3425,6.0,0.3418,10.0,78848.0,3748.0
2021-01-05 09:35:14.191,0.3418,0.3417,1.0,0.3414,10.0,78858.0,3760.0
2021-01-05 09:35:14.691,0.3416,0.3413,16.0,0.3408,1.0,78877.0,3780.0
2021-01-05 09:35:15.171,0.3413,0.3413,7.0,0.3405,10.0,78878.0,3790.0
2021-01-05 09:35:15.690,0.3413,0.3416,2.0,0.3413,32.0,78878.0,3797.0
2021-01-05 09:35:16.141,0.3415,0.3419,13.0,0.3413,15.0,78886.0,3842.0
2021-01-05 09:35:16.451,0.3413,0.3418,15.0,0.3413,64.0,78886.0,3843.0
2021-01-05 09:35:17.190,0.3413,0.3419,10.0,0.3413,41.0,78895.0,3852.0
2021-01-05 09:35:17.680,0.3413,0.3418,28.0,0.3413,21.0,78915.0,3872.0
2021-01-05 09:35:18.151,0.3413,0.3413,31.0,0.3407,10.0,78936.0,3893.0
2021-01-05 09:35:18.641,0.3413,0.3407,1.0,0.3401,10.0,78936.0,3893.0
2021-01-05 09:35:19.161,0.3407,0.3406,5.0,0.3401,10.0,78936.0,3894.0
2021-01-05 09:35:19.641,0.3401,0.3401,20.0,0.34,1.0,78946.0,3904.0
2021-01-05 09:35:20.120,0.34,0.3405,2.0,0.3398,20.0,78953.0,3912.0
2021-01-05 09:35:20.631,0.3405,0.3411,13.0,0.3406,10.0,78951.0,3914.0
2021-01-05 09:35:21.140,0.3405,0.3415,13.0,0.3411,31.0,78951.0,3914.0
2021-01-05 09:35:21.480,0.3417,0.3424,15.0,0.3416,2.0,78951.0,3933.0
2021-01-05 09:35:21.841,0.3424,0.3426,10.0,0.3417,15.0,78949.0,3948.0
2021-01-05 09:35:22.581,0.3424,0.3426,25.0,0.3417,5.0,78949.0,3948.0
2021-01-05 09:35:23.130,0.3424,0.3426,12.0,0.3415,10.0,78949.0,3948.0
2021-01-05 09:35:23.680,0.3424,0.3426,2.0,0.3416,10.0,78949.0,3948.0
2021-01-05 09:35:24.171,0.3424,0.3416,10.0,0.3414,10.0,78949.0,3948.0
2021-01-05 09:35:24.671,0.3416,0.3425,20.0,0.3416,18.0,78954.0,3958.0
2021-01-05 09:35:24.671,0.3416,0.3426,2.0,0.3417,15.0,78954.0,3958.0
2021-01-05 09:35:25.660,0.3426,0.3428,1.0,0.3419,10.0,78952.0,3960.0
2021-01-05 09:35:26.160,0.3426,0.3428,11.0,0.3418,10.0,78952.0,3960.0
2021-01-05 09:35:26.600,0.3426,0.3428,1.0,0.342,10.0,78952.0,3960.0
2021-01-05 09:35:27.120,0.3426,0.3428,1.0,0.342,20.0,78952.0,3960.0
2021-01-05 09:35:27.641,0.3426,0.3423,10.0,0.3416,43.0,78952.0,3960.0
2021-01-05 09:35:27.641,0.3426,0.3423,10.0,0.3416,18.0,78952.0,3960.0
2021-01-05 09:35:28.680,0.3426,0.3423,10.0,0.3416,18.0,78952.0,3960.0
2021-01-05 09:35:29.160,0.3426,0.3424,20.0,0.3416,18.0,78952.0,3960.0
2021-01-05 09:35:29.620,0.3424,0.3422,10.0,0.3416,5.0,78962.0,3970.0
2021-01-05 09:35:30.121,0.3422,0.3427,15.0,0.3422,17.0,78962.0,3980.0
2021-01-05 09:35:30.661,0.3422,0.3428,3.0,0.3427,1.0,78959.0,3983.0
2021-01-05 09:35:31.170,0.3427,0.3427,19.0,0.3421,20.0,78959.0,3984.0
2021-01-05 09:35:31.700,0.3427,0.3426,25.0,0.3417,10.0,78959.0,3984.0
2021-01-05 09:35:31.961,0.3427,0.3427,3.0,0.3421,10.0,78959.0,3984.0
2021-01-05 09:35:32.630,0.3427,0.3428,3.0,0.342,20.0,78959.0,3984.0
2021-01-05 09:35:33.160,0.3427,0.3428,3.0,0.3422,10.0,78959.0,3987.0
2021-01-05 09:35:33.610,0.3429,0.3437,10.0,0.3428,32.0,78957.0,3994.0
2021-01-05 09:35:34.180,0.3429,0.3436,15.0,0.3428,29.0,78957.0,3994.0
2021-01-05 09:35:34.691,0.3428,0.3438,13.0,0.3428,29.0,78950.0,4016.0
2021-01-05 09:35:35.050,0.3438,0.3438,1.0,0.3429,10.0,78948.0,4018.0
2021-01-05 09:35:35.600,0.3438,0.344,42.0,0.3438,2.0,78947.0,4019.0
2021-01-05 09:35:36.101,0.344,0.344,18.0,0.3438,1.0,78947.0,4043.0
2021-01-05 09:35:36.581,0.344,0.344,2.0,0.3433,10.0,78939.0,4059.0
2021-01-05 09:35:37.171,0.344,0.344,2.0,0.3434,10.0,78939.0,4059.0
2021-01-05 09:35:37.640,0.344,0.344,2.0,0.3434,10.0,78939.0,4059.0
2021-01-05 09:35:38.190,0.344,0.344,2.0,0.3434,10.0,78939.0,4059.0
2021-01-05 09:35:38.651,0.3431,0.3437,10.0,0.3431,19.0,78939.0,4060.0
2021-01-05 09:35:39.140,0.3431,0.3437,10.0,0.3428,11.0,78939.0,4060.0
2021-01-05 09:35:39.690,0.3431,0.3437,20.0,0.3427,10.0,78939.0,4060.0
2021-01-05 09:35:40.191,0.3431,0.3433,20.0,0.3424,20.0,78939.0,4060.0
2021-01-05 09:35:40.691,0.3431,0.3424,1.0,0.3423,10.0,78939.0,4060.0
2021-01-05 09:35:41.190,0.3424,0.3431,10.0,0.3424,14.0,78939.0,4061.0
2021-01-05 09:35:41.680,0.3424,0.343,10.0,0.3424,14.0,78939.0,4061.0
2021-01-05 09:35:42.160,0.3424,0.3433,10.0,0.343,3.0,78939.0,4061.0
2021-01-05 09:35:42.370,0.343,0.3436,2.0,0.343,2.0,78937.0,4063.0
2021-01-05 09:35:43.190,0.343,0.344,2.0,0.3433,1.0,78937.0,4063.0
2021-01-05 09:35:43.661,0.3433,0.3434,10.0,0.343,2.0,78938.0,4064.0
2021-01-05 09:35:44.101,0.3434,0.3439,2.0,0.3434,3.0,78938.0,4068.0
2021-01-05 09:35:44.681,0.344,0.344,1.0,0.3439,4.0,78937.0,4071.0
2021-01-05 09:35:45.071,0.344,0.3447,5.0,0.344,8.0,78932.0,4078.0
2021-01-05 09:35:45.440,0.3447,0.3448,2.0,0.3441,10.0,78932.0,4083.0
2021-01-05 09:35:45.870,0.3447,0.3448,2.0,0.3442,40.0,78932.0,4083.0
2021-01-05 09:35:46.700,0.3448,0.345,11.0,0.3448,3.0,78930.0,4085.0
2021-01-05 09:35:46.971,0.345,0.3456,10.0,0.345,8.0,78933.0,4096.0
2021-01-05 09:35:47.591,0.345,0.3457,22.0,0.3451,5.0,78933.0,4096.0
2021-01-05 09:35:48.181,0.345,0.3457,2.0,0.3451,15.0,78933.0,4096.0
2021-01-05 09:35:48.650,0.3457,0.3455,10.0,0.3446,33.0,78931.0,4098.0
2021-01-05 09:35:49.001,0.3457,0.3459,12.0,0.3448,10.0,78931.0,4098.0
2021-01-05 09:35:49.701,0.3449,0.3459,2.0,0.3448,10.0,78921.0,4108.0
2021-01-05 09:35:50.121,0.3449,0.3459,7.0,0.345,10.0,78921.0,4108.0
2021-01-05 09:35:50.680,0.3449,0.3458,10.0,0.3448,25.0,78921.0,4108.0
2021-01-05 09:35:51.180,0.3449,0.3458,10.0,0.3448,10.0,78921.0,4108.0
2021-01-05 09:35:51.710,0.3449,0.3454,20.0,0.3445,10.0,78921.0,4108.0
2021-01-05 09:35:52.190,0.3454,0.3454,15.0,0.3445,10.0,78926.0,4113.0
2021-01-05 09:35:52.661,0.3454,0.3453,12.0,0.3445,10.0,78926.0,4113.0
2021-01-05 09:35:53.111,0.3445,0.3453,2.0,0.3445,10.0,78926.0,4114.0
2021-01-05 09:35:53.981,0.3445,0.3445,23.0,0.3442,30.0,78926.0,4124.0
2021-01-05 09:35:54.640,0.3441,0.3441,5.0,0.3436,20.0,78959.0,4162.0
2021-01-05 09:35:55.141,0.3435,0.3433,1.0,0.3429,10.0,78974.0,4188.0
2021-01-05 09:35:55.381,0.3429,0.3432,5.0,0.3428,10.0,78976.0,4190.0
2021-01-05 09:35:56.071,0.3428,0.3428,2.0,0.3426,20.0,78976.0,4198.0
2021-01-05 09:35:56.690,0.3433,0.3441,10.0,0.344,3.0,78974.0,4202.0
2021-01-05 09:35:57.060,0.344,0.344,29.0,0.3433,10.0,78977.0,4205.0
2021-01-05 09:35:57.681,0.344,0.344,29.0,0.343,10.0,78977.0,4205.0
2021-01-05 09:35:58.150,0.344,0.344,9.0,0.3435,2.0,78977.0,4205.0
2021-01-05 09:35:58.701,0.344,0.344,6.0,0.3436,5.0,78977.0,4206.0
2021-01-05 09:35:58.970,0.344,0.3443,10.0,0.344,12.0,78977.0,4212.0
2021-01-05 09:35:59.610,0.3444,0.3447,20.0,0.3444,6.0,78975.0,4224.0
2021-01-05 09:35:59.761,0.3447,0.3453,20.0,0.3448,5.0,78975.0,4244.0
2021-01-05 09:36:00.680,0.3455,0.3454,20.0,0.3448,5.0,78975.0,4245.0
2021-01-05 09:36:01.181,0.3454,0.3454,14.0,0.3447,15.0,78975.0,4251.0
2021-01-05 09:36:01.671,0.3447,0.3452,10.0,0.3446,20.0,78975.0,4266.0
2021-01-05 09:36:02.170,0.3447,0.3446,51.0,0.3442,20.0,78975.0,4266.0
2021-01-05 09:36:02.630,0.3442,0.3441,6.0,0.3436,20.0,78975.0,4286.0
2021-01-05 09:36:03.150,0.3436,0.3439,10.0,0.3435,2.0,78975.0,4296.0
2021-01-05 09:36:03.700,0.3435,0.3438,17.0,0.3429,15.0,78977.0,4298.0
2021-01-05 09:36:04.161,0.3435,0.3437,12.0,0.3428,10.0,78977.0,4298.0
2021-01-05 09:36:04.670,0.3437,0.3437,2.0,0.3429,30.0,78977.0,4301.0
2021-01-05 09:36:05.150,0.3437,0.3443,20.0,0.3437,15.0,78975.0,4303.0
2021-01-05 09:36:05.590,0.3437,0.3438,19.0,0.3437,14.0,78975.0,4313.0
2021-01-05 09:36:06.180,0.3438,0.3443,10.0,0.3438,40.0,78965.0,4332.0
2021-01-05 09:36:06.700,0.3438,0.3442,10.0,0.3438,11.0,78965.0,4332.0
2021-01-05 09:36:06.940,0.3438,0.3442,12.0,0.3438,8.0,78965.0,4335.0
2021-01-05 09:36:07.640,0.3438,0.3441,10.0,0.3438,8.0,78965.0,4335.0
2021-01-05 09:36:08.170,0.3438,0.3441,10.0,0.3438,5.0,78965.0,4338.0
2021-01-05 09:36:08.641,0.3438,0.3438,13.0,0.3437,1.0,78965.0,4343.0
2021-01-05 09:36:08.741,0.3437,0.3437,17.0,0.3432,10.0,78966.0,4344.0
2021-01-05 09:36:09.670,0.3437,0.3432,3.0,0.3429,20.0,78966.0,4344.0
2021-01-05 09:36:10.020,0.3428,0.3429,17.0,0.3426,20.0,78978.0,4369.0
2021-01-05 09:36:10.671,0.3429,0.3425,1.0,0.3424,10.0,78987.0,4378.0
2021-01-05 09:36:10.971,0.3425,0.3431,10.0,0.3429,2.0,78987.0,4379.0
2021-01-05 09:36:11.651,0.3431,0.3436,15.0,0.3431,3.0,78987.0,4392.0
2021-01-05 09:36:12.131,0.3436,0.3438,15.0,0.3432,5.0,78987.0,4401.0
2021-01-05 09:36:12.650,0.3436,0.3435,1.0,0.3432,5.0,78987.0,4401.0
2021-01-05 09:36:13.190,0.3435,0.3438,15.0,0.343,10.0,78987.0,4402.0
2021-01-05 09:36:13.680,0.343,0.3432,5.0,0.3428,15.0,78987.0,4412.0
2021-01-05 09:36:14.150,0.3432,0.3438,15.0,0.3429,10.0,78990.0,4416.0
2021-01-05 09:36:14.611,0.3432,0.3435,1.0,0.3432,5.0,78990.0,4416.0
2021-01-05 09:36:15.140,0.3432,0.3435,1.0,0.3432,1.0,78990.0,4416.0
2021-01-05 09:36:15.660,0.3432,0.3432,1.0,0.3426,10.0,78991.0,4417.0
2021-01-05 09:36:16.121,0.3435,0.3435,4.0,0.3433,10.0,78998.0,4427.0
2021-01-05 09:36:16.250,0.3433,0.3436,20.0,0.3426,25.0,78998.0,4433.0
2021-01-05 09:36:17.180,0.3433,0.3433,14.0,0.3426,10.0,78998.0,4433.0
2021-01-05 09:36:17.651,0.3433,0.3433,5.0,0.3426,10.0,78999.0,4434.0
2021-01-05 09:36:18.181,0.3433,0.3433,5.0,0.3425,21.0,78999.0,4434.0
2021-01-05 09:36:18.640,0.3425,0.343,5.0,0.3421,20.0,78999.0,4435.0
2021-01-05 09:36:18.680,0.3425,0.343,5.0,0.3426,10.0,78999.0,4435.0
2021-01-05 09:36:19.331,0.3426,0.343,5.0,0.3426,9.0,78999.0,4436.0
2021-01-05 09:36:20.161,0.3426,0.343,5.0,0.3423,10.0,78999.0,4436.0
2021-01-05 09:36:20.680,0.343,0.343,14.0,0.3423,10.0,78998.0,4437.0
2021-01-05 09:36:21.120,0.343,0.3429,13.0,0.3419,10.0,78998.0,4437.0
2021-01-05 09:36:21.491,0.343,0.3429,13.0,0.3419,10.0,78998.0,4437.0
2021-01-05 09:36:22.150,0.3429,0.3429,2.0,0.342,20.0,78998.0,4438.0
2021-01-05 09:36:22.611,0.3429,0.3429,1.0,0.3421,10.0,78998.0,4439.0
2021-01-05 09:36:23.151,0.3429,0.343,24.0,0.3422,1.0,78998.0,4439.0
2021-01-05 09:36:23.681,0.3429,0.343,14.0,0.3429,1.0,78998.0,4439.0
2021-01-05 09:36:24.090,0.3435,0.3435,8.0,0.3431,10.0,78987.0,4463.0
2021-01-05 09:36:24.651,0.3435,0.3438,5.0,0.3432,1.0,78987.0,4463.0
2021-01-05 09:36:25.181,0.3435,0.3438,5.0,0.3435,1.0,78987.0,4463.0
2021-01-05 09:36:25.650,0.3435,0.3435,9.0,0.3426,10.0,78988.0,4464.0
2021-01-05 09:36:26.171,0.3439,0.3439,15.0,0.3438,10.0,78999.0,4483.0
2021-01-05 09:36:26.651,0.3438,0.3443,10.0,0.3435,10.0,78999.0,4487.0
2021-01-05 09:36:27.000,0.3438,0.3444,10.0,0.3443,1.0,78999.0,4487.0
2021-01-05 09:36:27.690,0.3446,0.3446,1.0,0.3443,29.0,78998.0,4488.0
2021-01-05 09:36:27.761,0.3445,0.345,15.0,0.3448,10.0,78997.0,4490.0
2021-01-05 09:36:28.601,0.345,0.3455,10.0,0.345,2.0,79015.0,4511.0
2021-01-05 09:36:29.100,0.3458,0.3459,15.0,0.3456,10.0,79015.0,4531.0
2021-01-05 09:36:29.630,0.3458,0.3458,5.0,0.3445,10.0,78964.0,4587.0
2021-01-05 09:36:30.161,0.3462,0.3463,20.0,0.3459,1.0,78960.0,4632.0
2021-01-05 09:36:30.651,0.3459,0.3454,10.0,0.3451,10.0,78960.0,4633.0
2021-01-05 09:36:30.910,0.3454,0.3459,10.0,0.3458,10.0,78960.0,4634.0
2021-01-05 09:36:31.690,0.345,0.3458,30.0,0.345,10.0,78968.0,4666.0
2021-01-05 09:36:32.130,0.345,0.3458,30.0,0.3449,25.0,78968.0,4666.0
2021-01-05 09:36:32.660,0.345,0.3458,30.0,0.3449,10.0,78968.0,4666.0
2021-01-05 09:36:33.200,0.345,0.3452,10.0,0.3446,15.0,78968.0,4666.0
2021-01-05 09:36:33.670,0.3452,0.3454,10.0,0.3446,15.0,78968.0,4675.0
2021-01-05 09:36:34.091,0.3452,0.3453,2.0,0.3448,10.0,78968.0,4675.0
2021-01-05 09:36:34.610,0.345,0.345,23.0,0.3449,1.0,78967.0,4685.0
2021-01-05 09:36:34.971,0.345,0.3453,10.0,0.3444,10.0,78970.0,4708.0
2021-01-05 09:36:35.701,0.345,0.3453,20.0,0.345,11.0,78970.0,4708.0
2021-01-05 09:36:36.131,0.3458,0.3458,46.0,0.3456,10.0,78980.0,4738.0
2021-01-05 09:36:36.270,0.3456,0.3459,5.0,0.3456,7.0,78980.0,4744.0
2021-01-05 09:36:37.161,0.3456,0.3459,5.0,0.3455,10.0,78980.0,4744.0
2021-01-05 09:36:37.691,0.3459,0.3459,1.0,0.3455,10.0,78978.0,4748.0
2021-01-05 09:36:38.041,0.3459,0.3459,1.0,0.3455,10.0,78978.0,4748.0
2021-01-05 09:36:38.640,0.3459,0.3461,2.0,0.3453,11.0,78977.0,4749.0
2021-01-05 09:36:39.090,0.3459,0.3461,2.0,0.3454,10.0,78977.0,4749.0
2021-01-05 09:36:39.090,0.3459,0.3461,2.0,0.3453,5.0,78977.0,4749.0
2021-01-05 09:36:40.191,0.3459,0.3456,10.0,0.3453,5.0,78977.0,4749.0
2021-01-05 09:36:40.671,0.3459,0.346,13.0,0.3454,10.0,78977.0,4749.0
2021-01-05 09:36:41.201,0.3454,0.346,13.0,0.3452,10.0,78977.0,4754.0
2021-01-05 09:36:41.641,0.3454,0.3455,10.0,0.3446,35.0,78977.0,4754.0
2021-01-05 09:36:41.770,0.3454,0.3452,14.0,0.3449,10.0,78977.0,4754.0
2021-01-05 09:36:42.221,0.3454,0.3452,10.0,0.3446,20.0,78977.0,4754.0
2021-01-05 09:36:43.091,0.345,0.3454,10.0,0.345,9.0,78977.0,4758.0
2021-01-05 09:36:43.700,0.3452,0.3458,20.0,0.3452,19.0,78977.0,4759.0
2021-01-05 09:36:44.200,0.3452,0.3458,20.0,0.3452,19.0,78977.0,4759.0
2021-01-05 09:36:44.680,0.3452,0.3459,15.0,0.3452,19.0,78977.0,4759.0
2021-01-05 09:36:45.001,0.346,0.346,31.0,0.3458,18.0,78975.0,4765.0
2021-01-05 09:36:45.631,0.346,0.346,12.0,0.3459,3.0,78978.0,4784.0
2021-01-05 09:36:46.050,0.346,0.3467,1.0,0.3461,5.0,78978.0,4796.0
2021-01-05 09:36:46.190,0.346,0.3467,1.0,0.3462,11.0,78978.0,4796.0
2021-01-05 09:36:47.080,0.3467,0.3473,30.0,0.3463,27.0,78978.0,4798.0
2021-01-05 09:36:47.660,0.3467,0.3475,10.0,0.3467,2.0,78978.0,4798.0
2021-01-05 09:36:48.130,0.3467,0.3477,12.0,0.3473,4.0,78978.0,4798.0
2021-01-05 09:36:48.620,0.3473,0.3472,10.0,0.3468,5.0,78982.0,4802.0
2021-01-05 09:36:49.160,0.3469,0.3473,27.0,0.3469,7.0,78980.0,4805.0
2021-01-05 09:36:49.700,0.3468,0.3468,1.0,0.3467,10.0,78980.0,4815.0
2021-01-05 09:36:50.190,0.3468,0.3473,27.0,0.3472,1.0,78980.0,4815.0
2021-01-05 09:36:50.670,0.3467,0.3467,5.0,0.3464,10.0,78981.0,4826.0
2021-01-05 09:36:51.171,0.3467,0.3466,1.0,0.3465,10.0,78981.0,4826.0
2021-01-05 09:36:51.231,0.3466,0.3472,19.0,0.3467,5.0,78981.0,4827.0
2021-01-05 09:36:52.151,0.3466,0.3477,12.0,0.3467,20.0,78981.0,4827.0
2021-01-05 09:36:52.670,0.3472,0.3477,2.0,0.3472,8.0,78979.0,4829.0
2021-01-05 09:36:53.191,0.3472,0.3477,2.0,0.3472,8.0,78979.0,4829.0
2021-01-05 09:36:53.680,0.3472,0.3479,10.0,0.3473,9.0,78978.0,4839.0
2021-01-05 09:36:54.120,0.3473,0.3472,8.0,0.3465,30.0,78978.0,4848.0
2021-01-05 09:36:54.631,0.3465,0.3471,14.0,0.3465,8.0,78981.0,4851.0
2021-01-05 09:36:55.141,0.3465,0.3471,5.0,0.3467,10.0,78982.0,4859.0
2021-01-05 09:36:55.260,0.3467,0.3467,6.0,0.3463,10.0,78982.0,4869.0
2021-01-05 09:36:56.141,0.3467,0.347,1.0,0.3467,1.0,78984.0,4875.0
2021-01-05 09:36:56.650,0.3463,0.347,1.0,0.3462,10.0,78982.0,4886.0
2021-01-05 09:36:57.171,0.3463,0.347,1.0,0.3463,10.0,78982.0,4886.0
2021-01-05 09:36:57.601,0.3463,0.3472,31.0,0.3462,10.0,78982.0,4886.0
2021-01-05 09:36:58.160,0.3463,0.3471,10.0,0.3461,10.0,78982.0,4886.0
2021-01-05 09:36:58.610,0.3463,0.3469,10.0,0.346,12.0,78982.0,4886.0
2021-01-05 09:36:59.181,0.3463,0.3472,21.0,0.3465,10.0,78982.0,4886.0
2021-01-05 09:36:59.690,0.3463,0.3472,2.0,0.347,10.0,78982.0,4886.0
2021-01-05 09:37:00.110,0.3472,0.3472,1.0,0.347,10.0,78982.0,4887.0
2021-01-05 09:37:00.591,0.347,0.3472,1.0,0.347,2.0,78982.0,4895.0
2021-01-05 09:37:01.081,0.347,0.3472,1.0,0.347,1.0,78982.0,4896.0
2021-01-05 09:37:01.630,0.347,0.3469,5.0,0.3464,20.0,78982.0,4897.0
2021-01-05 09:37:01.970,0.347,0.3469,5.0,0.3462,25.0,78982.0,4897.0
2021-01-05 09:37:02.610,0.347,0.3468,12.0,0.3461,10.0,78982.0,4897.0
2021-01-05 09:37:03.151,0.347,0.3467,1.0,0.3462,20.0,78982.0,4897.0
2021-01-05 09:37:03.630,0.3462,0.3462,3.0,0.3458,15.0,78982.0,4917.0
2021-01-05 09:37:04.200,0.3458,0.3461,22.0,0.3455,10.0,78982.0,4919.0
2021-01-05 09:37:04.350,0.3455,0.3461,12.0,0.3451,10.0,78982.0,4929.0
2021-01-05 09:37:05.140,0.3455,0.346,11.0,0.3451,10.0,78982.0,4929.0
2021-01-05 09:37:05.660,0.3461,0.3456,10.0,0.3445,30.0,78990.0,4939.0
2021-01-05 09:37:06.000,0.3461,0.3455,10.0,0.3445,45.0,78990.0,4939.0
2021-01-05 09:37:06.700,0.3455,0.3451,1.0,0.3445,30.0,78990.0,4940.0
2021-01-05 09:37:07.180,0.3455,0.3451,1.0,0.3447,10.0,78990.0,4940.0
2021-01-05 09:37:07.681,0.3455,0.3451,1.0,0.3449,10.0,78990.0,4940.0
2021-01-05 09:37:08.190,0.3451,0.3461,15.0,0.3455,10.0,78991.0,4941.0
2021-01-05 09:37:08.630,0.3451,0.3466,25.0,0.3457,10.0,78991.0,4941.0
2021-01-05 09:37:09.170,0.3451,0.3465,6.0,0.346,10.0,78991.0,4941.0
2021-01-05 09:37:09.620,0.3465,0.346,5.0,0.3457,10.0,78991.0,4952.0
2021-01-05 09:37:10.121,0.346,0.3459,12.0,0.3458,1.0,79003.0,4966.0
2021-01-05 09:37:10.701,0.3456,0.3455,10.0,0.345,15.0,79003.0,4977.0
2021-01-05 09:37:11.080,0.3456,0.3454,13.0,0.3449,15.0,79003.0,4977.0
2021-01-05 09:37:11.621,0.3445,0.3448,1.0,0.3445,9.0,79003.0,4993.0
2021-01-05 09:37:12.100,0.3448,0.3454,2.0,0.3445,10.0,79004.0,4994.0
2021-01-05 09:37:12.620,0.3448,0.3453,10.0,0.3448,1.0,79004.0,4994.0
2021-01-05 09:37:13.181,0.3454,0.3453,1.0,0.3448,1.0,79005.0,4997.0
2021-01-05 09:37:13.681,0.3453,0.3458,1.0,0.3453,1.0,79006.0,5007.0
2021-01-05 09:37:14.130,0.3453,0.3459,2.0,0.3453,1.0,79006.0,5007.0
2021-01-05 09:37:14.651,0.3453,0.3459,2.0,0.3454,1.0,79006.0,5007.0
2021-01-05 09:37:15.091,0.3461,0.3461,4.0,0.3459,11.0,79007.0,5010.0
2021-01-05 09:37:15.671,0.3461,0.3461,4.0,0.3455,30.0,79007.0,5010.0
2021-01-05 09:37:16.190,0.3459,0.3461,4.0,0.3456,11.0,79008.0,5011.0
2021-01-05 09:37:16.461,0.3456,0.3457,10.0,0.345,2.0,79008.0,5021.0
2021-01-05 09:37:17.200,0.3456,0.3455,1.0,0.345,2.0,79008.0,5021.0
2021-01-05 09:37:17.671,0.3456,0.3455,1.0,0.345,22.0,79008.0,5021.0
2021-01-05 09:37:18.061,0.3455,0.3459,25.0,0.3451,1.0,79008.0,5022.0
2021-01-05 09:37:18.641,0.3455,0.346,12.0,0.3451,11.0,79008.0,5022.0
2021-01-05 09:37:18.891,0.3461,0.3461,4.0,0.3457,1.0,79006.0,5025.0
2021-01-05 09:37:19.331,0.3457,0.3461,14.0,0.3454,10.0,79007.0,5026.0
2021-01-05 09:37:19.940,0.3457,0.346,5.0,0.3454,30.0,79007.0,5026.0
2021-01-05 09:37:20.691,0.3454,0.346,5.0,0.3454,29.0,79007.0,5027.0
2021-01-05 09:37:21.200,0.3454,0.3457,10.0,0.345,2.0,79011.0,5032.0
2021-01-05 09:37:21.701,0.345,0.3454,12.0,0.3448,1.0,79013.0,5034.0
2021-01-05 09:37:22.030,0.345,0.3454,12.0,0.3448,1.0,79013.0,5034.0
2021-01-05 09:37:22.641,0.3448,0.3454,22.0,0.3446,20.0,79014.0,5035.0
2021-01-05 09:37:23.150,0.3448,0.3454,32.0,0.3446,20.0,79014.0,5035.0
2021-01-05 09:37:23.701,0.345,0.3451,10.0,0.345,19.0,79014.0,5036.0
2021-01-05 09:37:24.080,0.3451,0.3454,22.0,0.345,18.0,79015.0,5038.0
2021-01-05 09:37:24.631,0.3451,0.3453,2.0,0.345,18.0,79015.0,5038.0
2021-01-05 09:37:25.200,0.3452,0.3453,2.0,0.345,18.0,79013.0,5040.0
2021-01-05 09:37:25.670,0.345,0.3453,1.0,0.345,16.0,79012.0,5044.0
2021-01-05 09:37:26.170,0.345,0.3457,20.0,0.345,15.0,79011.0,5047.0
2021-01-05 09:37:26.650,0.345,0.3454,20.0,0.345,15.0,79011.0,5047.0
2021-01-05 09:37:27.130,0.345,0.3454,10.0,0.345,14.0,79012.0,5048.0
2021-01-05 09:37:27.551,0.345,0.3457,20.0,0.345,14.0,79012.0,5048.0
2021-01-05 09:37:27.951,0.345,0.3455,10.0,0.345,14.0,79012.0,5048.0
2021-01-05 09:37:28.560,0.345,0.3455,10.0,0.345,14.0,79012.0,5048.0
2021-01-05 09:37:29.130,0.345,0.3456,2.0,0.345,14.0,79012.0,5048.0
2021-01-05 09:37:29.691,0.345,0.3456,2.0,0.345,14.0,79012.0,5048.0
2021-01-05 09:37:30.191,0.345,0.345,6.0,0.3448,1.0,79026.0,5062.0
2021-01-05 09:37:30.590,0.345,0.3456,2.0,0.345,13.0,79024.0,5071.0
2021-01-05 09:37:31.190,0.345,0.3455,5.0,0.345,3.0,79024.0,5071.0
2021-01-05 09:37:31.691,0.345,0.3456,2.0,0.3451,1.0,79024.0,5071.0
2021-01-05 09:37:31.950,0.345,0.3456,2.0,0.345,3.0,79024.0,5071.0
2021-01-05 09:37:32.571,0.3456,0.3459,2.0,0.3456,3.0,79024.0,5073.0
2021-01-05 09:37:33.180,0.346,0.3461,4.0,0.3459,5.0,79024.0,5081.0
2021-01-05 09:37:33.270,0.3461,0.3463,1.0,0.3461,6.0,79024.0,5085.0
2021-01-05 09:37:34.200,0.3458,0.3461,2.0,0.3456,1.0,79025.0,5099.0
2021-01-05 09:37:34.340,0.3455,0.3461,2.0,0.3455,19.0,79026.0,5101.0
2021-01-05 09:37:35.170,0.3454,0.346,3.0,0.3454,19.0,79028.0,5105.0
2021-01-05 09:37:35.641,0.345,0.3458,10.0,0.345,20.0,79028.0,5106.0
2021-01-05 09:37:36.140,0.3452,0.3461,4.0,0.3452,9.0,79028.0,5107.0
2021-01-05 09:37:36.630,0.3452,0.3458,10.0,0.345,20.0,79028.0,5107.0
2021-01-05 09:37:37.180,0.345,0.3457,1.0,0.3448,31.0,79043.0,5122.0
2021-01-05 09:37:37.691,0.3448,0.3456,12.0,0.3447,10.0,79043.0,5148.0
2021-01-05 09:37:37.981,0.3447,0.3448,9.0,0.3445,15.0,79043.0,5149.0
2021-01-05 09:37:38.651,0.3448,0.3445,18.0,0.3443,20.0,79052.0,5158.0
2021-01-05 09:37:39.170,0.3444,0.3444,1.0,0.344,30.0,79052.0,5159.0
2021-01-05 09:37:39.700,0.3444,0.3445,10.0,0.344,30.0,79051.0,5160.0
2021-01-05 09:37:40.161,0.3445,0.3446,10.0,0.344,30.0,79051.0,5170.0
2021-01-05 09:37:40.701,0.3445,0.3447,1.0,0.344,30.0,79051.0,5170.0
2021-01-05 09:37:41.131,0.344,0.3447,1.0,0.344,26.0,79047.0,5174.0
2021-01-05 09:37:41.660,0.344,0.3446,3.0,0.344,23.0,79047.0,5177.0
2021-01-05 09:37:42.130,0.344,0.3445,1.0,0.344,23.0,79047.0,5177.0
2021-01-05 09:37:42.520,0.344,0.344,16.0,0.3437,10.0,79047.0,5210.0
2021-01-05 09:37:43.181,0.3437,0.3437,1.0,0.3433,10.0,79047.0,5220.0
2021-01-05 09:37:43.640,0.3431,0.3436,3.0,0.3431,20.0,79047.0,5231.0
2021-01-05 09:37:44.190,0.3431,0.3436,3.0,0.3431,20.0,79047.0,5231.0
2021-01-05 09:37:44.651,0.3431,0.3437,10.0,0.3428,10.0,79057.0,5251.0
2021-01-05 09:37:45.191,0.3431,0.3436,2.0,0.3427,15.0,79057.0,5251.0
2021-01-05 09:37:45.650,0.3431,0.3436,12.0,0.3429,1.0,79057.0,5251.0
2021-01-05 09:37:46.161,0.3431,0.3436,12.0,0.3431,5.0,79057.0,5251.0
2021-01-05 09:37:46.520,0.3431,0.3435,1.0,0.3432,1.0,79057.0,5251.0
2021-01-05 09:37:47.210,0.3431,0.3436,2.0,0.3435,1.0,79057.0,5251.0
2021-01-05 09:37:47.661,0.3436,0.344,3.0,0.3436,7.0,79055.0,5254.0
2021-01-05 09:37:48.030,0.344,0.344,1.0,0.3437,1.0,79055.0,5256.0
2021-01-05 09:37:48.691,0.344,0.3439,1.0,0.3438,1.0,79054.0,5257.0
2021-01-05 09:37:49.190,0.3439,0.3442,10.0,0.3436,2.0,79054.0,5258.0
2021-01-05 09:37:49.590,0.3432,0.344,20.0,0.3432,15.0,79046.0,5266.0
2021-01-05 09:37:50.220,0.3432,0.3444,35.0,0.3437,1.0,79046.0,5266.0
2021-01-05 09:37:50.721,0.3432,0.3443,10.0,0.3437,1.0,79046.0,5266.0
2021-01-05 09:37:50.931,0.3432,0.3444,37.0,0.3438,6.0,79046.0,5266.0
2021-01-05 09:37:51.540,0.344,0.345,21.0,0.3439,10.0,79045.0,5270.0
2021-01-05 09:37:52.191,0.344,0.3446,10.0,0.3439,10.0,79045.0,5270.0
2021-01-05 09:37:52.660,0.344,0.3446,10.0,0.344,5.0,79045.0,5270.0
2021-01-05 09:37:52.961,0.344,0.3446,20.0,0.344,5.0,79045.0,5270.0
2021-01-05 09:37:53.620,0.344,0.3449,12.0,0.3439,25.0,79045.0,5270.0
2021-01-05 09:37:54.170,0.344,0.3445,11.0,0.3436,3.0,79045.0,5270.0
2021-01-05 09:37:54.690,0.344,0.3445,11.0,0.3436,3.0,79045.0,5270.0
2021-01-05 09:37:55.190,0.344,0.3445,22.0,0.3436,3.0,79045.0,5270.0
2021-01-05 09:37:55.691,0.344,0.3445,22.0,0.3436,3.0,79045.0,5270.0
2021-01-05 09:37:56.121,0.3436,0.3443,10.0,0.3435,20.0,79048.0,5273.0
2021-01-05 09:37:56.611,0.3435,0.3435,1.0,0.3431,15.0,79068.0,5293.0
2021-01-05 09:37:57.170,0.3438,0.3438,7.0,0.3431,12.0,79072.0,5300.0
2021-01-05 09:37:57.601,0.3438,0.3433,20.0,0.3431,2.0,79072.0,5300.0
2021-01-05 09:37:58.091,0.3431,0.3434,10.0,0.3431,1.0,79072.0,5302.0
2021-01-05 09:37:58.640,0.3431,0.3436,10.0,0.3431,1.0,79072.0,5302.0
2021-01-05 09:37:59.130,0.3436,0.3438,20.0,0.3432,6.0,79072.0,5312.0
2021-01-05 09:37:59.651,0.3438,0.3443,2.0,0.3434,10.0,79072.0,5342.0
2021-01-05 09:37:59.831,0.3438,0.3443,12.0,0.3433,20.0,79072.0,5342.0
2021-01-05 09:38:00.290,0.3442,0.3442,19.0,0.3433,10.0,79073.0,5343.0
2021-01-05 09:38:01.180,0.3442,0.3439,10.0,0.3433,10.0,79073.0,5343.0
2021-01-05 09:38:01.681,0.3442,0.3438,1.0,0.3433,10.0,79073.0,5343.0
2021-01-05 09:38:02.181,0.3442,0.3438,1.0,0.3433,10.0,79073.0,5343.0
2021-01-05 09:38:02.680,0.3442,0.3438,1.0,0.3434,1.0,79073.0,5343.0
2021-01-05 09:38:02.841,0.3438,0.3442,2.0,0.3435,1.0,79074.0,5344.0
2021-01-05 09:38:03.681,0.3438,0.3442,12.0,0.3436,6.0,79074.0,5344.0
2021-01-05 09:38:03.981,0.3442,0.3445,1.0,0.3438,10.0,79077.0,5349.0
2021-01-05 09:38:04.680,0.3445,0.3448,26.0,0.3438,20.0,79078.0,5350.0
2021-01-05 09:38:04.970,0.3445,0.3448,11.0,0.3439,12.0,79078.0,5350.0
2021-01-05 09:38:05.671,0.3445,0.3446,10.0,0.3439,2.0,79078.0,5350.0
2021-01-05 09:38:06.151,0.3445,0.3446,20.0,0.3436,10.0,79078.0,5350.0
2021-01-05 09:38:06.691,0.3446,0.3447,1.0,0.344,10.0,79078.0,5351.0
2021-01-05 09:38:07.200,0.3447,0.345,1.0,0.3444,10.0,79074.0,5357.0
2021-01-05 09:38:07.590,0.345,0.3454,1.0,0.3451,4.0,79074.0,5358.0
2021-01-05 09:38:07.961,0.3454,0.3456,10.0,0.3451,4.0,79075.0,5359.0
2021-01-05 09:38:08.670,0.3454,0.3457,2.0,0.3451,4.0,79075.0,5359.0
2021-01-05 09:38:09.160,0.3457,0.346,1.0,0.3452,7.0,79075.0,5361.0
2021-01-05 09:38:09.590,0.3461,0.3463,1.0,0.3461,4.0,79074.0,5363.0
2021-01-05 09:38:10.180,0.3461,0.3461,3.0,0.3455,10.0,79074.0,5367.0
2021-01-05 09:38:10.610,0.3463,0.3466,15.0,0.3461,3.0,79074.0,5368.0
2021-01-05 09:38:11.141,0.3461,0.3461,3.0,0.3456,1.0,79074.0,5371.0
2021-01-05 09:38:11.701,0.3461,0.3461,2.0,0.3453,30.0,79075.0,5372.0
2021-01-05 09:38:12.191,0.3453,0.3456,1.0,0.3447,15.0,79078.0,5395.0
2021-01-05 09:38:12.531,0.3456,0.3458,10.0,0.3448,10.0,79079.0,5396.0
2021-01-05 09:38:12.981,0.3458,0.346,2.0,0.3458,12.0,79079.0,5405.0
2021-01-05 09:38:13.371,0.346,0.3464,10.0,0.346,38.0,79077.0,5407.0
2021-01-05 09:38:14.101,0.3464,0.3466,5.0,0.3464,13.0,79077.0,5417.0
2021-01-05 09:38:14.650,0.3466,0.347,11.0,0.3466,7.0,79072.0,5432.0
2021-01-05 09:38:15.150,0.347,0.3471,1.0,0.347,1.0,79073.0,5433.0
2021-01-05 09:38:15.290,0.3471,0.3476,15.0,0.3471,1.0,79077.0,5438.0
2021-01-05 09:38:16.151,0.3471,0.3469,5.0,0.3466,7.0,79077.0,5439.0
2021-01-05 09:38:16.721,0.3466,0.3468,1.0,0.3466,4.0,79078.0,5440.0
2021-01-05 09:38:16.950,0.3469,0.347,35.0,0.3469,3.0,79078.0,5443.0
2021-01-05 09:38:17.630,0.347,0.3475,12.0,0.347,5.0,79078.0,5473.0
2021-01-05 09:38:18.231,0.347,0.3475,21.0,0.3469,3.0,79078.0,5473.0
2021-01-05 09:38:18.660,0.347,0.3475,22.0,0.3469,3.0,79078.0,5473.0
2021-01-05 09:38:19.190,0.3475,0.3479,10.0,0.3475,1.0,79080.0,5475.0
2021-01-05 09:38:19.670,0.3475,0.3478,11.0,0.3475,1.0,79080.0,5475.0
2021-01-05 09:38:20.231,0.3475,0.3475,11.0,0.3469,10.0,79081.0,5476.0
2021-01-05 09:38:20.650,0.3475,0.3478,1.0,0.3475,11.0,79081.0,5477.0
2021-01-05 09:38:21.180,0.3475,0.3478,1.0,0.3475,11.0,79081.0,5477.0
2021-01-05 09:38:21.520,0.3479,0.3479,5.0,0.3478,3.0,79082.0,5483.0
2021-01-05 09:38:22.141,0.348,0.3486,1.0,0.3479,19.0,79088.0,5489.0
2021-01-05 09:38:22.661,0.348,0.3486,1.0,0.348,5.0,79088.0,5489.0
2021-01-05 09:38:23.201,0.348,0.3486,1.0,0.3483,10.0,79088.0,5489.0
2021-01-05 09:38:23.660,0.348,0.3486,1.0,0.3483,10.0,79088.0,5489.0
2021-01-05 09:38:23.800,0.3486,0.3489,20.0,0.3486,2.0,79088.0,5490.0
2021-01-05 09:38:24.671,0.3489,0.3493,20.0,0.3489,2.0,79088.0,5496.0
2021-01-05 09:38:25.101,0.3489,0.3491,10.0,0.3484,1.0,79088.0,5498.0
2021-01-05 09:38:25.700,0.3489,0.3491,30.0,0.3486,10.0,79088.0,5498.0
2021-01-05 09:38:26.100,0.3491,0.3495,15.0,0.3489,10.0,79089.0,5509.0
2021-01-05 09:38:26.701,0.3489,0.3489,32.0,0.3481,10.0,79089.0,5519.0
2021-01-05 09:38:27.151,0.3489,0.3489,22.0,0.3486,15.0,79089.0,5519.0
2021-01-05 09:38:27.691,0.3489,0.349,10.0,0.3486,15.0,79089.0,5519.0
2021-01-05 09:38:28.171,0.3489,0.3492,20.0,0.349,3.0,79089.0,5519.0
2021-01-05 09:38:28.680,0.3489,0.3496,15.0,0.3492,20.0,79089.0,5519.0
2021-01-05 09:38:29.170,0.3492,0.3493,10.0,0.349,34.0,79088.0,5531.0
2021-01-05 09:38:29.621,0.349,0.3492,1.0,0.3487,10.0,79107.0,5550.0
2021-01-05 09:38:30.190,0.3489,0.3492,1.0,0.3489,9.0,79106.0,5551.0
2021-01-05 09:38:30.670,0.3492,0.3496,15.0,0.349,1.0,79105.0,5552.0
2021-01-05 09:38:31.181,0.3492,0.3495,1.0,0.3492,3.0,79105.0,5552.0
2021-01-05 09:38:31.640,0.3492,0.3495,1.0,0.3488,1.0,79105.0,5552.0
2021-01-05 09:38:32.090,0.3495,0.3496,5.0,0.3493,10.0,79106.0,5553.0
2021-01-05 09:38:32.701,0.3496,0.3499,3.0,0.3493,10.0,79101.0,5558.0
2021-01-05 09:38:33.191,0.3499,0.35,20.0,0.3499,6.0,79100.0,5561.0
2021-01-05 09:38:33.700,0.35,0.3506,15.0,0.3503,12.0,79101.0,5581.0
2021-01-05 09:38:33.830,0.3506,0.3516,10.0,0.3507,5.0,79101.0,5591.0
2021-01-05 09:38:34.660,0.3506,0.3517,16.0,0.3508,10.0,79101.0,5591.0
2021-01-05 09:38:35.200,0.3506,0.3517,1.0,0.3508,10.0,79101.0,5591.0
2021-01-05 09:38:35.700,0.3523,0.3523,10.0,0.3512,10.0,79105.0,5596.0
2021-01-05 09:38:36.130,0.3523,0.3515,1.0,0.3509,25.0,79105.0,5596.0
2021-01-05 09:38:36.691,0.3515,0.3522,10.0,0.351,19.0,79104.0,5597.0
2021-01-05 09:38:37.131,0.3515,0.3524,20.0,0.3515,10.0,79104.0,5597.0
2021-01-05 09:38:37.680,0.3524,0.3527,15.0,0.3524,10.0,79104.0,5607.0
2021-01-05 09:38:37.970,0.3524,0.3525,10.0,0.3516,5.0,79104.0,5607.0
2021-01-05 09:38:38.660,0.3524,0.3526,10.0,0.3515,25.0,79104.0,5607.0
2021-01-05 09:38:39.161,0.3524,0.3533,10.0,0.3526,2.0,79104.0,5607.0
2021-01-05 09:38:39.661,0.3524,0.3533,15.0,0.3527,6.0,79104.0,5607.0
2021-01-05 09:38:39.901,0.3533,0.3545,14.0,0.3533,12.0,79104.0,5622.0
2021-01-05 09:38:40.591,0.3533,0.3543,10.0,0.3534,1.0,79104.0,5622.0
2021-01-05 09:38:41.140,0.3533,0.3537,10.0,0.3535,1.0,79104.0,5622.0
2021-01-05 09:38:41.640,0.3533,0.3542,3.0,0.3538,5.0,79104.0,5622.0
2021-01-05 09:38:42.191,0.3537,0.3539,10.0,0.3533,3.0,79109.0,5634.0
2021-01-05 09:38:42.700,0.3537,0.3538,3.0,0.3534,1.0,79109.0,5634.0
2021-01-05 09:38:43.150,0.3534,0.3534,9.0,0.3533,1.0,79110.0,5636.0
2021-01-05 09:38:43.380,0.3534,0.3537,3.0,0.3533,10.0,79110.0,5659.0
2021-01-05 09:38:44.200,0.3533,0.3533,12.0,0.3531,10.0,79120.0,5669.0
2021-01-05 09:38:44.600,0.353,0.353,15.0,0.3525,10.0,79125.0,5678.0
2021-01-05 09:38:44.850,0.3531,0.3531,2.0,0.353,15.0,79125.0,5695.0
2021-01-05 09:38:45.451,0.353,0.3532,10.0,0.3523,10.0,79125.0,5710.0
2021-01-05 09:38:46.200,0.353,0.3532,10.0,0.3525,10.0,79125.0,5710.0
2021-01-05 09:38:46.521,0.353,0.3533,2.0,0.3525,20.0,79125.0,5710.0
2021-01-05 09:38:47.140,0.3525,0.3525,5.0,0.3519,10.0,79135.0,5726.0
2021-01-05 09:38:47.601,0.3525,0.3525,11.0,0.3519,10.0,79135.0,5726.0
2021-01-05 09:38:48.200,0.3525,0.3519,5.0,0.3512,10.0,79135.0,5726.0
2021-01-05 09:38:48.531,0.3518,0.3518,1.0,0.3512,10.0,79146.0,5737.0
2021-01-05 09:38:49.130,0.3518,0.3517,15.0,0.351,11.0,79146.0,5737.0
2021-01-05 09:38:49.670,0.351,0.3517,5.0,0.3507,15.0,79154.0,5745.0
2021-01-05 09:38:50.091,0.3516,0.3517,20.0,0.351,20.0,79155.0,5747.0
2021-01-05 09:38:50.651,0.3516,0.3518,10.0,0.3517,5.0,79155.0,5747.0
2021-01-05 09:38:51.170,0.3521,0.3521,19.0,0.3518,2.0,79159.0,5765.0
2021-01-05 09:38:51.270,0.3523,0.3525,5.0,0.3522,4.0,79159.0,5766.0
2021-01-05 09:38:52.140,0.3525,0.353,1.0,0.3523,12.0,79163.0,5771.0
2021-01-05 09:38:52.450,0.353,0.3535,18.0,0.3525,21.0,79164.0,5772.0
2021-01-05 09:38:53.191,0.353,0.3534,3.0,0.3526,11.0,79164.0,5772.0
2021-01-05 09:38:54.190,0.3525,0.3525,6.0,0.3524,1.0,79121.0,5816.0
2021-01-05 09:38:54.640,0.353,0.3534,3.0,0.3529,10.0,79115.0,5823.0
2021-01-05 09:38:55.001,0.353,0.3534,3.0,0.353,1.0,79115.0,5823.0
2021-01-05 09:38:55.650,0.3534,0.3538,10.0,0.3531,5.0,79114.0,5826.0
2021-01-05 09:38:56.190,0.3534,0.3539,1.0,0.3532,26.0,79114.0,5826.0
2021-01-05 09:38:56.661,0.3534,0.3539,1.0,0.3532,25.0,79114.0,5826.0
2021-01-05 09:38:57.181,0.3533,0.3533,9.0,0.353,1.0,79114.0,5827.0
2021-01-05 09:38:57.640,0.3534,0.3539,1.0,0.3534,3.0,79114.0,5837.0
2021-01-05 09:38:58.161,0.3533,0.3532,1.0,0.3525,10.0,79117.0,5843.0
2021-01-05 09:38:58.670,0.3525,0.3529,10.0,0.3525,1.0,79129.0,5856.0
2021-01-05 09:38:58.981,0.3525,0.3523,1.0,0.3522,5.0,79130.0,5857.0
2021-01-05 09:38:59.640,0.3523,0.3524,10.0,0.3523,1.0,79130.0,5858.0
2021-01-05 09:39:00.111,0.3523,0.3525,2.0,0.3522,5.0,79130.0,5863.0
2021-01-05 09:39:00.660,0.3523,0.3525,2.0,0.3522,5.0,79130.0,5863.0
2021-01-05 09:39:01.060,0.3527,0.3531,15.0,0.3526,5.0,79128.0,5869.0
2021-01-05 09:39:01.671,0.3527,0.3532,15.0,0.353,1.0,79128.0,5869.0
2021-01-05 09:39:01.990,0.353,0.3529,10.0,0.3522,2.0,79129.0,5870.0
2021-01-05 09:39:02.660,0.3529,0.353,4.0,0.3527,10.0,79130.0,5871.0
2021-01-05 09:39:03.150,0.3529,0.3527,10.0,0.3523,2.0,79130.0,5871.0
2021-01-05 09:39:03.671,0.3529,0.353,26.0,0.3523,2.0,79130.0,5871.0
2021-01-05 09:39:04.161,0.3528,0.3526,10.0,0.3523,1.0,79132.0,5873.0
2021-01-05 09:39:04.610,0.3522,0.3522,2.0,0.3518,10.0,79135.0,5876.0
2021-01-05 09:39:04.921,0.3522,0.3522,2.0,0.3518,20.0,79135.0,5876.0
2021-01-05 09:39:05.651,0.3523,0.3526,10.0,0.352,10.0,79125.0,5887.0
2021-01-05 09:39:06.191,0.3523,0.3525,10.0,0.352,10.0,79125.0,5887.0
2021-01-05 09:39:06.191,0.3523,0.3527,11.0,0.352,10.0,79125.0,5887.0
2021-01-05 09:39:07.200,0.3523,0.3526,10.0,0.3516,10.0,79125.0,5887.0
2021-01-05 09:39:07.680,0.3523,0.3527,11.0,0.3519,20.0,79125.0,5887.0
2021-01-05 09:39:08.070,0.3523,0.3524,10.0,0.3515,10.0,79125.0,5887.0
2021-01-05 09:39:08.650,0.3523,0.3525,10.0,0.352,10.0,79125.0,5887.0
2021-01-05 09:39:09.161,0.3523,0.3527,2.0,0.3523,19.0,79125.0,5888.0
2021-01-05 09:39:09.601,0.3523,0.3527,2.0,0.3524,10.0,79125.0,5888.0
2021-01-05 09:39:10.191,0.3527,0.3529,20.0,0.3525,1.0,79125.0,5890.0
2021-01-05 09:39:10.681,0.3532,0.3532,1.0,0.3529,14.0,79124.0,5912.0
2021-01-05 09:39:11.201,0.3532,0.3537,15.0,0.3532,11.0,79123.0,5913.0
2021-01-05 09:39:11.660,0.3532,0.3539,1.0,0.3531,10.0,79123.0,5913.0
2021-01-05 09:39:12.150,0.3532,0.3536,10.0,0.3529,3.0,79123.0,5913.0
2021-01-05 09:39:12.661,0.3532,0.3536,10.0,0.3529,13.0,79123.0,5913.0
2021-01-05 09:39:13.170,0.3532,0.3536,10.0,0.3534,4.0,79123.0,5913.0
2021-01-05 09:39:13.720,0.3534,0.3533,19.0,0.3525,31.0,79123.0,5917.0
2021-01-05 09:39:14.160,0.3533,0.3534,1.0,0.353,20.0,79123.0,5919.0
2021-01-05 09:39:14.650,0.3534,0.3539,1.0,0.3534,4.0,79123.0,5920.0
2021-01-05 09:39:14.771,0.3539,0.3544,10.0,0.3541,4.0,79123.0,5921.0
2021-01-05 09:39:15.641,0.3542,0.3542,9.0,0.3535,2.0,79127.0,5926.0
2021-01-05 09:39:16.121,0.3542,0.3542,9.0,0.3534,15.0,79127.0,5926.0
2021-01-05 09:39:16.600,0.3542,0.3542,9.0,0.3534,11.0,79127.0,5926.0
2021-01-05 09:39:17.151,0.3535,0.3545,1.0,0.3534,11.0,79117.0,5936.0
2021-01-05 09:39:17.641,0.3535,0.3538,10.0,0.3531,2.0,79117.0,5936.0
2021-01-05 09:39:18.221,0.3531,0.3531,1.0,0.3529,30.0,79117.0,5937.0
2021-01-05 09:39:18.671,0.3531,0.3538,20.0,0.3528,10.0,79117.0,5942.0
2021-01-05 09:39:19.710,0.3534,0.3537,10.0,0.353,10.0,79117.0,5943.0
2021-01-05 09:39:20.180,0.3537,0.3544,2.0,0.3537,12.0,79117.0,5953.0
2021-01-05 09:39:20.620,0.3537,0.3544,2.0,0.3537,10.0,79117.0,5953.0
2021-01-05 09:39:21.231,0.3535,0.3542,20.0,0.3532,15.0,79117.0,5954.0
2021-01-05 09:39:21.671,0.3535,0.3544,2.0,0.3535,20.0,79117.0,5954.0
2021-01-05 09:39:22.211,0.3535,0.3544,2.0,0.3535,25.0,79117.0,5954.0
2021-01-05 09:39:22.551,0.3535,0.3545,1.0,0.3539,10.0,79117.0,5954.0
2021-01-05 09:39:23.150,0.3539,0.3539,8.0,0.3537,15.0,79117.0,5964.0
2021-01-05 09:39:23.610,0.3537,0.3537,19.0,0.3532,10.0,79118.0,5980.0
2021-01-05 09:39:24.151,0.3537,0.3539,8.0,0.3535,10.0,79122.0,5984.0
2021-01-05 09:39:24.670,0.3539,0.3539,7.0,0.3535,10.0,79122.0,5985.0
2021-01-05 09:39:24.720,0.3539,0.3542,15.0,0.3536,1.0,79123.0,5986.0
2021-01-05 09:39:25.250,0.3536,0.3544,15.0,0.3538,10.0,79122.0,5987.0
2021-01-05 09:39:26.130,0.3536,0.3545,1.0,0.3539,3.0,79122.0,5987.0
2021-01-05 09:39:26.641,0.3539,0.3539,2.0,0.3538,10.0,79122.0,5990.0
2021-01-05 09:39:27.210,0.3539,0.3544,3.0,0.3539,3.0,79122.0,5990.0
2021-01-05 09:39:27.711,0.3544,0.3545,26.0,0.3536,10.0,79130.0,5998.0
2021-01-05 09:39:27.761,0.3544,0.3538,1.0,0.3536,10.0,79130.0,5998.0
2021-01-05 09:39:28.710,0.3538,0.3544,15.0,0.3536,20.0,79130.0,5999.0
2021-01-05 09:39:28.960,0.3536,0.3543,5.0,0.3538,20.0,79130.0,6007.0
2021-01-05 09:39:29.721,0.3538,0.3538,20.0,0.3536,2.0,79130.0,6027.0
2021-01-05 09:39:29.970,0.3535,0.3536,15.0,0.3535,4.0,79128.0,6035.0
2021-01-05 09:39:30.520,0.3535,0.3535,15.0,0.3533,10.0,79128.0,6039.0
2021-01-05 09:39:30.781,0.3533,0.3535,7.0,0.3525,31.0,79128.0,6048.0
2021-01-05 09:39:31.121,0.3533,0.3533,10.0,0.3526,10.0,79128.0,6048.0
2021-01-05 09:39:32.141,0.3533,0.3533,1.0,0.3529,10.0,79133.0,6053.0
2021-01-05 09:39:32.631,0.3533,0.3536,3.0,0.3533,1.0,79134.0,6054.0
2021-01-05 09:39:33.180,0.3533,0.3539,3.0,0.3533,1.0,79134.0,6054.0
2021-01-05 09:39:33.180,0.3533,0.3539,3.0,0.3533,1.0,79134.0,6054.0
2021-01-05 09:39:34.210,0.3532,0.3539,3.0,0.3532,8.0,79132.0,6057.0
2021-01-05 09:39:34.681,0.3532,0.3537,10.0,0.353,2.0,79132.0,6057.0
2021-01-05 09:39:34.990,0.3532,0.3536,3.0,0.3532,10.0,79132.0,6057.0
2021-01-05 09:39:35.651,0.3532,0.3536,13.0,0.3527,20.0,79132.0,6067.0
2021-01-05 09:39:36.231,0.3532,0.3536,3.0,0.3529,20.0,79132.0,6067.0
2021-01-05 09:39:36.660,0.3531,0.3536,10.0,0.3531,8.0,79130.0,6069.0
2021-01-05 09:39:37.071,0.3531,0.3531,6.0,0.3525,31.0,79130.0,6069.0
2021-01-05 09:39:37.730,0.3531,0.3531,6.0,0.3525,31.0,79130.0,6069.0
2021-01-05 09:39:38.221,0.3531,0.3536,21.0,0.3526,1.0,79130.0,6069.0
2021-01-05 09:39:38.650,0.3536,0.3531,5.0,0.3527,5.0,79145.0,6084.0
2021-01-05 09:39:39.201,0.3531,0.3536,1.0,0.353,20.0,79145.0,6089.0
2021-01-05 09:39:39.460,0.3531,0.3535,3.0,0.3531,12.0,79145.0,6089.0
2021-01-05 09:39:40.110,0.3531,0.3535,3.0,0.3532,1.0,79145.0,6090.0
2021-01-05 09:39:40.721,0.3532,0.3532,6.0,0.353,10.0,79145.0,6091.0
2021-01-05 09:39:41.220,0.3526,0.3526,16.0,0.3525,1.0,79145.0,6107.0
2021-01-05 09:39:41.750,0.3533,0.3534,1.0,0.3531,20.0,79158.0,6172.0
2021-01-05 09:39:42.210,0.3526,0.3529,10.0,0.3526,15.0,79161.0,6197.0
2021-01-05 09:39:42.580,0.3529,0.353,1.0,0.3521,30.0,79162.0,6203.0
2021-01-05 09:39:43.170,0.3529,0.3526,1.0,0.3521,10.0,79162.0,6203.0
2021-01-05 09:39:43.570,0.3529,0.3525,10.0,0.3517,35.0,79162.0,6203.0
2021-01-05 09:39:44.231,0.3526,0.3527,10.0,0.3517,25.0,79162.0,6214.0
2021-01-05 09:39:44.680,0.3526,0.3529,10.0,0.3521,10.0,79162.0,6214.0
2021-01-05 09:39:45.101,0.353,0.3532,10.0,0.3524,10.0,79161.0,6215.0
2021-01-05 09:39:45.750,0.3524,0.3535,10.0,0.3527,10.0,79161.0,6235.0
2021-01-05 09:39:46.040,0.3536,0.3541,20.0,0.3535,3.0,79160.0,6249.0
2021-01-05 09:39:46.390,0.3541,0.3545,1.0,0.3538,10.0,79162.0,6271.0
2021-01-05 09:39:46.970,0.3547,0.3546,15.0,0.3537,10.0,79161.0,6283.0
2021-01-05 09:39:47.710,0.3547,0.3541,10.0,0.3537,10.0,79161.0,6283.0
2021-01-05 09:39:48.140,0.3547,0.3539,10.0,0.3533,10.0,79161.0,6283.0
2021-01-05 09:39:48.720,0.3539,0.3545,10.0,0.354,1.0,79163.0,6285.0
2021-01-05 09:39:49.241,0.3539,0.3545,10.0,0.3539,10.0,79163.0,6285.0
2021-01-05 09:39:49.510,0.3545,0.3546,5.0,0.3539,10.0,79163.0,6295.0
2021-01-05 09:39:50.121,0.3546,0.3548,26.0,0.3538,10.0,79158.0,6300.0
2021-01-05 09:39:50.701,0.3548,0.3549,10.0,0.3548,16.0,79152.0,6326.0
2021-01-05 09:39:51.200,0.355,0.3556,12.0,0.3549,33.0,79153.0,6349.0
2021-01-05 09:39:51.730,0.355,0.3564,11.0,0.3549,16.0,79152.0,6362.0
2021-01-05 09:39:52.180,0.355,0.355,1.0,0.3549,6.0,79152.0,6364.0
2021-01-05 09:39:52.601,0.3549,0.3549,12.0,0.3545,30.0,79152.0,6366.0
2021-01-05 09:39:53.181,0.3545,0.3545,30.0,0.3541,10.0,79152.0,6373.0
2021-01-05 09:39:53.630,0.3541,0.354,10.0,0.3534,10.0,79152.0,6381.0
2021-01-05 09:39:54.091,0.3547,0.3547,8.0,0.354,10.0,79150.0,6403.0
2021-01-05 09:39:54.691,0.3547,0.355,15.0,0.3549,4.0,79152.0,6411.0
2021-01-05 09:39:55.181,0.3554,0.3554,3.0,0.3548,10.0,79162.0,6451.0
2021-01-05 09:39:55.640,0.3551,0.3553,10.0,0.3543,30.0,79162.0,6461.0
2021-01-05 09:39:56.120,0.3553,0.3558,13.0,0.3553,11.0,79162.0,6472.0
2021-01-05 09:39:56.691,0.3553,0.3553,13.0,0.3549,13.0,79165.0,6485.0
2021-01-05 09:39:57.181,0.3549,0.3549,13.0,0.3544,40.0,79165.0,6498.0
2021-01-05 09:39:57.580,0.3549,0.3548,2.0,0.3544,10.0,79165.0,6498.0
2021-01-05 09:39:58.170,0.3544,0.3548,12.0,0.354,15.0,79165.0,6505.0
2021-01-05 09:39:58.600,0.3544,0.3546,10.0,0.3537,10.0,79165.0,6505.0
2021-01-05 09:39:59.050,0.3546,0.3548,2.0,0.354,10.0,79163.0,6517.0
2021-01-05 09:39:59.651,0.3548,0.3549,10.0,0.3548,13.0,79163.0,6519.0
2021-01-05 09:39:59.991,0.3548,0.3548,16.0,0.354,10.0,79176.0,6532.0
2021-01-05 09:40:00.201,0.3548,0.3548,14.0,0.3543,10.0,79176.0,6532.0
2021-01-05 09:40:01.201,0.3543,0.3543,24.0,0.3541,2.0,79176.0,6542.0
2021-01-05 09:40:01.570,0.3541,0.3541,1.0,0.3534,25.0,79176.0,6544.0
2021-01-05 09:40:02.141,0.3534,0.3533,1.0,0.3531,15.0,79176.0,6554.0
2021-01-05 09:40:02.671,0.3531,0.3532,1.0,0.3525,30.0,79197.0,6585.0
2021-01-05 09:40:03.171,0.3532,0.3539,20.0,0.3533,2.0,79197.0,6586.0
2021-01-05 09:40:03.691,0.3532,0.3539,27.0,0.3531,10.0,79187.0,6596.0
2021-01-05 09:40:04.160,0.3532,0.3543,36.0,0.3534,10.0,79187.0,6596.0
2021-01-05 09:40:04.700,0.3532,0.3534,6.0,0.3532,10.0,79187.0,6596.0
2021-01-05 09:40:05.170,0.3532,0.3532,2.0,0.3529,10.0,79187.0,6596.0
2021-01-05 09:40:05.701,0.3532,0.3534,8.0,0.353,20.0,79187.0,6608.0
2021-01-05 09:40:06.200,0.3532,0.3531,3.0,0.3528,10.0,79187.0,6608.0
2021-01-05 09:40:06.600,0.3531,0.3534,8.0,0.3528,10.0,79190.0,6611.0
2021-01-05 09:40:07.191,0.3531,0.3533,1.0,0.3527,20.0,79190.0,6611.0
2021-01-05 09:40:07.700,0.3527,0.3532,6.0,0.3527,19.0,79190.0,6612.0
2021-01-05 09:40:08.110,0.3527,0.353,10.0,0.3526,20.0,79190.0,6617.0
2021-01-05 09:40:08.690,0.3526,0.3526,13.0,0.352,10.0,79190.0,6632.0
2021-01-05 09:40:08.730,0.3526,0.3526,15.0,0.352,10.0,79190.0,6632.0
2021-01-05 09:40:09.441,0.352,0.3524,10.0,0.3515,15.0,79189.0,6633.0
2021-01-05 09:40:10.050,0.3525,0.3526,4.0,0.3522,10.0,79194.0,6643.0
2021-01-05 09:40:10.651,0.3525,0.3527,10.0,0.3523,10.0,79194.0,6643.0
2021-01-05 09:40:11.170,0.3527,0.3527,1.0,0.3523,10.0,79203.0,6652.0
2021-01-05 09:40:11.610,0.3527,0.3529,10.0,0.3527,1.0,79203.0,6654.0
2021-01-05 09:40:12.190,0.3522,0.3522,6.0,0.3517,10.0,79203.0,6661.0
2021-01-05 09:40:12.380,0.3517,0.3521,8.0,0.3513,20.0,79206.0,6665.0
2021-01-05 09:40:13.170,0.3517,0.352,1.0,0.3514,10.0,79206.0,6665.0
2021-01-05 09:40:13.400,0.3514,0.3514,9.0,0.3513,20.0,79206.0,6675.0
2021-01-05 09:40:14.150,0.3513,0.3513,8.0,0.3512,1.0,79209.0,6678.0
2021-01-05 09:40:14.680,0.3512,0.3512,6.0,0.3506,10.0,79209.0,6679.0
2021-01-05 09:40:15.191,0.3513,0.3513,10.0,0.3506,10.0,79209.0,6689.0
2021-01-05 09:40:15.690,0.3515,0.3515,2.0,0.3507,2.0,79207.0,6699.0
2021-01-05 09:40:16.140,0.3515,0.3516,25.0,0.3508,1.0,79207.0,6699.0
2021-01-05 09:40:16.520,0.3515,0.3519,15.0,0.3511,10.0,79207.0,6699.0
2021-01-05 09:40:17.191,0.3515,0.3517,20.0,0.3512,1.0,79207.0,6699.0
2021-01-05 09:40:17.621,0.3512,0.3516,21.0,0.3511,10.0,79207.0,6700.0
2021-01-05 09:40:18.161,0.3512,0.3516,31.0,0.3511,10.0,79207.0,6700.0
2021-01-05 09:40:18.641,0.3512,0.3516,31.0,0.3511,10.0,79207.0,6700.0
2021-01-05 09:40:19.190,0.3512,0.3516,21.0,0.3512,11.0,79207.0,6700.0
2021-01-05 09:40:19.711,0.3516,0.3518,2.0,0.3516,103.0,79207.0,6741.0
2021-01-05 09:40:20.191,0.3525,0.3525,15.0,0.352,4.0,79250.0,6798.0
2021-01-05 09:40:20.631,0.3519,0.353,10.0,0.3525,8.0,79250.0,6813.0
2021-01-05 09:40:21.040,0.3519,0.3531,10.0,0.353,5.0,79250.0,6813.0
2021-01-05 09:40:21.701,0.353,0.3531,5.0,0.353,2.0,79245.0,6821.0
2021-01-05 09:40:22.210,0.353,0.3529,10.0,0.3526,15.0,79245.0,6829.0
2021-01-05 09:40:22.591,0.3529,0.353,1.0,0.3524,10.0,79240.0,6834.0
2021-01-05 09:40:23.150,0.353,0.3534,13.0,0.353,5.0,79240.0,6835.0
2021-01-05 09:40:23.701,0.3534,0.3534,12.0,0.353,15.0,79239.0,6856.0
2021-01-05 09:40:24.160,0.3534,0.3534,5.0,0.3531,1.0,79234.0,6861.0
2021-01-05 09:40:24.681,0.3534,0.3536,10.0,0.3526,25.0,79234.0,6861.0
2021-01-05 09:40:25.011,0.3534,0.3531,10.0,0.3526,10.0,79234.0,6861.0
2021-01-05 09:40:25.501,0.3534,0.3533,1.0,0.3531,16.0,79234.0,6861.0
2021-01-05 09:40:25.941,0.3531,0.3531,25.0,0.3529,1.0,79234.0,6886.0
2021-01-05 09:40:26.621,0.3531,0.3537,20.0,0.3531,16.0,79234.0,6921.0
2021-01-05 09:40:26.771,0.3531,0.3537,10.0,0.3532,5.0,79234.0,6921.0
2021-01-05 09:40:27.251,0.3531,0.3539,1.0,0.3533,1.0,79234.0,6921.0
2021-01-05 09:40:28.110,0.3531,0.3539,11.0,0.3533,1.0,79234.0,6921.0
2021-01-05 09:40:28.690,0.3531,0.3539,11.0,0.3531,2.0,79234.0,6921.0
2021-01-05 09:40:29.170,0.3531,0.3538,10.0,0.3531,2.0,79234.0,6921.0
2021-01-05 09:40:30.150,0.3531,0.3537,1.0,0.3533,3.0,79234.0,6921.0
2021-01-05 09:40:30.700,0.3531,0.3537,1.0,0.3533,3.0,79234.0,6921.0
2021-01-05 09:40:31.101,0.3531,0.3537,1.0,0.3533,3.0,79234.0,6921.0
2021-01-05 09:40:31.631,0.3531,0.3537,1.0,0.3533,3.0,79234.0,6921.0
2021-01-05 09:40:31.960,0.3533,0.3539,2.0,0.3533,1.0,79236.0,6923.0
2021-01-05 09:40:32.611,0.3533,0.3532,5.0,0.353,1.0,79237.0,6924.0
2021-01-05 09:40:33.161,0.353,0.353,4.0,0.3529,1.0,79237.0,6925.0
2021-01-05 09:40:33.501,0.3529,0.3528,11.0,0.3525,10.0,79237.0,6926.0
2021-01-05 09:40:34.171,0.3529,0.3527,15.0,0.3525,10.0,79237.0,6926.0
2021-01-05 09:40:34.271,0.3527,0.3529,10.0,0.3525,10.0,79237.0,6941.0
2021-01-05 09:40:35.201,0.3527,0.353,1.0,0.3527,14.0,79236.0,6942.0
2021-01-05 09:40:35.681,0.353,0.3529,10.0,0.3528,1.0,79236.0,6943.0
2021-01-05 09:40:36.161,0.3529,0.3533,20.0,0.3532,1.0,79237.0,6953.0
2021-01-05 09:40:36.601,0.3529,0.3533,10.0,0.3529,18.0,79237.0,6953.0
2021-01-05 09:40:37.201,0.3533,0.3535,10.0,0.3533,3.0,79227.0,6963.0
2021-01-05 09:40:37.420,0.3533,0.3535,2.0,0.3529,18.0,79228.0,6964.0
2021-01-05 09:40:38.090,0.3533,0.3533,15.0,0.3529,18.0,79228.0,6965.0
2021-01-05 09:40:38.651,0.3533,0.3532,1.0,0.3529,8.0,79228.0,6965.0
2021-01-05 09:40:39.041,0.3529,0.3532,3.0,0.3529,3.0,79228.0,6970.0
2021-01-05 09:40:39.681,0.3529,0.3532,3.0,0.3529,3.0,79228.0,6970.0
2021-01-05 09:40:39.940,0.3528,0.3527,10.0,0.3525,10.0,79228.0,6975.0
2021-01-05 09:40:40.670,0.3525,0.3527,2.0,0.3525,9.0,79228.0,6976.0
2021-01-05 09:40:41.191,0.3525,0.3525,5.0,0.3519,10.0,79221.0,6985.0
2021-01-05 09:40:41.621,0.3525,0.3525,43.0,0.3519,10.0,79221.0,6985.0
2021-01-05 09:40:42.161,0.3525,0.3529,30.0,0.3519,10.0,79219.0,7016.0
2021-01-05 09:40:42.201,0.3525,0.3524,1.0,0.3519,10.0,79219.0,7016.0
2021-01-05 09:40:43.191,0.3524,0.3527,10.0,0.3519,10.0,79220.0,7017.0
2021-01-05 09:40:43.500,0.3524,0.3527,20.0,0.352,1.0,79220.0,7017.0
2021-01-05 09:40:44.161,0.3524,0.3527,45.0,0.3519,10.0,79220.0,7017.0
2021-01-05 09:40:44.610,0.3519,0.3527,20.0,0.3517,10.0,79220.0,7027.0
2021-01-05 09:40:45.131,0.3527,0.3527,18.0,0.3517,10.0,79220.0,7029.0
2021-01-05 09:40:45.600,0.3527,0.3526,1.0,0.3517,10.0,79220.0,7029.0
2021-01-05 09:40:46.161,0.3527,0.3526,16.0,0.3517,10.0,79220.0,7029.0
2021-01-05 09:40:46.581,0.3517,0.3526,26.0,0.3517,10.0,79219.0,7030.0
2021-01-05 09:40:46.981,0.3517,0.3526,10.0,0.3517,10.0,79219.0,7030.0
2021-01-05 09:40:47.611,0.3517,0.3525,18.0,0.3516,12.0,79209.0,7040.0
2021-01-05 09:40:47.791,0.3517,0.3525,18.0,0.3516,12.0,79209.0,7040.0
2021-01-05 09:40:48.700,0.3525,0.3522,10.0,0.3516,2.0,79207.0,7042.0
2021-01-05 09:40:49.111,0.3522,0.3525,1.0,0.3522,1.0,79207.0,7045.0
2021-01-05 09:40:49.640,0.3522,0.3527,20.0,0.3522,1.0,79207.0,7045.0
2021-01-05 09:40:50.181,0.3522,0.3522,1.0,0.3516,22.0,79208.0,7046.0
2021-01-05 09:40:50.671,0.3522,0.3522,2.0,0.3516,12.0,79208.0,7046.0
2021-01-05 09:40:51.021,0.3522,0.3522,2.0,0.3516,22.0,79208.0,7046.0
2021-01-05 09:40:51.601,0.3522,0.3522,2.0,0.3516,2.0,79208.0,7046.0
2021-01-05 09:40:52.081,0.3522,0.3524,12.0,0.3523,7.0,79209.0,7048.0
2021-01-05 09:40:52.661,0.3524,0.3524,7.0,0.3522,1.0,79216.0,7060.0
2021-01-05 09:40:53.121,0.3524,0.3523,1.0,0.3522,1.0,79216.0,7060.0
2021-01-05 09:40:53.611,0.3522,0.3523,21.0,0.3517,1.0,79217.0,7061.0
2021-01-05 09:40:54.141,0.3523,0.3523,1.0,0.3518,1.0,79213.0,7072.0
2021-01-05 09:40:54.521,0.352,0.352,9.0,0.3517,1.0,79213.0,7073.0
2021-01-05 09:40:55.111,0.3523,0.3525,15.0,0.352,10.0,79217.0,7080.0
2021-01-05 09:40:55.240,0.3523,0.3526,10.0,0.3523,12.0,79217.0,7080.0
2021-01-05 09:40:56.121,0.3526,0.3524,20.0,0.3523,12.0,79217.0,7089.0
2021-01-05 09:40:56.600,0.3524,0.3526,1.0,0.3524,3.0,79207.0,7103.0
2021-01-05 09:40:57.051,0.3526,0.3529,12.0,0.3526,1.0,79206.0,7104.0
2021-01-05 09:40:57.460,0.3524,0.3526,1.0,0.3524,3.0,79207.0,7107.0
2021-01-05 09:40:58.110,0.3524,0.3524,2.0,0.3523,12.0,79208.0,7108.0
2021-01-05 09:40:58.721,0.3523,0.3523,1.0,0.3518,10.0,79221.0,7121.0
2021-01-05 09:40:58.980,0.3523,0.3524,2.0,0.3519,20.0,79224.0,7124.0
2021-01-05 09:40:59.650,0.3523,0.3524,2.0,0.3516,12.0,79224.0,7124.0
2021-01-05 09:40:59.921,0.3524,0.3524,1.0,0.352,1.0,79225.0,7125.0
2021-01-05 09:41:00.571,0.3524,0.3523,1.0,0.352,1.0,79225.0,7125.0
2021-01-05 09:41:00.611,0.3524,0.3523,1.0,0.3521,10.0,79225.0,7125.0
2021-01-05 09:41:01.650,0.352,0.3524,1.0,0.3516,2.0,79227.0,7128.0
2021-01-05 09:41:02.190,0.3524,0.3524,2.0,0.3523,1.0,79227.0,7129.0
2021-01-05 09:41:02.661,0.3524,0.352,1.0,0.3518,10.0,79227.0,7129.0
2021-01-05 09:41:03.110,0.3524,0.3526,1.0,0.3522,20.0,79226.0,7132.0
2021-01-05 09:41:03.660,0.3526,0.3529,22.0,0.3522,10.0,79226.0,7133.0
2021-01-05 09:41:04.140,0.3526,0.3529,10.0,0.3526,3.0,79226.0,7133.0
2021-01-05 09:41:04.641,0.3526,0.3529,10.0,0.3527,5.0,79226.0,7133.0
2021-01-05 09:41:05.170,0.3527,0.3528,20.0,0.3527,1.0,79229.0,7137.0
2021-01-05 09:41:05.660,0.3529,0.3529,34.0,0.3528,2.0,79230.0,7158.0
2021-01-05 09:41:06.180,0.3531,0.3531,21.0,0.3528,37.0,79228.0,7173.0
2021-01-05 09:41:06.221,0.3531,0.3532,10.0,0.353,2.0,79228.0,7173.0
2021-01-05 09:41:06.751,0.3531,0.3533,16.0,0.3531,35.0,79228.0,7175.0
2021-01-05 09:41:07.611,0.3531,0.3533,1.0,0.3532,5.0,79228.0,7175.0
2021-01-05 09:41:08.080,0.3534,0.3537,3.0,0.3533,39.0,79230.0,7181.0
2021-01-05 09:41:08.651,0.3536,0.3534,10.0,0.3533,28.0,79230.0,7187.0
2021-01-05 09:41:08.900,0.3533,0.3534,3.0,0.3527,1.0,79223.0,7196.0
2021-01-05 09:41:09.260,0.3535,0.3537,3.0,0.3534,32.0,79220.0,7204.0
2021-01-05 09:41:10.020,0.3537,0.3538,20.0,0.3537,8.0,79220.0,7208.0
2021-01-05 09:41:10.691,0.3538,0.3539,2.0,0.3538,25.0,79210.0,7218.0
2021-01-05 09:41:10.981,0.3539,0.3544,15.0,0.354,10.0,79209.0,7220.0
2021-01-05 09:41:11.640,0.3539,0.354,13.0,0.3539,2.0,79209.0,7240.0
2021-01-05 09:41:12.151,0.3539,0.3539,13.0,0.3538,8.0,79207.0,7253.0
2021-01-05 09:41:12.351,0.3538,0.3538,21.0,0.3533,20.0,79207.0,7255.0
2021-01-05 09:41:13.161,0.3533,0.3531,4.0,0.353,10.0,79207.0,7261.0
2021-01-05 09:41:13.361,0.3527,0.353,14.0,0.3524,10.0,79208.0,7263.0
2021-01-05 09:41:13.980,0.3533,0.3537,1.0,0.3533,10.0,79214.0,7290.0
2021-01-05 09:41:14.671,0.3533,0.3533,12.0,0.353,2.0,79214.0,7290.0
2021-01-05 09:41:14.981,0.3533,0.3532,1.0,0.3524,30.0,79214.0,7290.0
2021-01-05 09:41:15.371,0.3533,0.3532,11.0,0.3524,10.0,79214.0,7290.0
2021-01-05 09:41:16.210,0.3533,0.3531,23.0,0.3521,30.0,79214.0,7290.0
2021-01-05 09:41:16.500,0.3533,0.3531,23.0,0.3527,10.0,79214.0,7290.0
2021-01-05 09:41:16.990,0.3533,0.3532,1.0,0.3529,10.0,79214.0,7290.0
2021-01-05 09:41:17.670,0.3533,0.3534,10.0,0.3529,10.0,79214.0,7290.0
2021-01-05 09:41:18.141,0.3533,0.3533,10.0,0.3524,10.0,79214.0,7290.0
2021-01-05 09:41:18.600,0.3533,0.3534,10.0,0.3528,10.0,79214.0,7290.0
2021-01-05 09:41:19.161,0.353,0.3538,8.0,0.353,19.0,79214.0,7291.0
2021-01-05 09:41:19.520,0.353,0.3538,28.0,0.353,9.0,79214.0,7291.0
2021-01-05 09:41:19.960,0.353,0.353,10.0,0.3528,10.0,79214.0,7300.0
2021-01-05 09:41:20.721,0.353,0.3535,10.0,0.353,1.0,79224.0,7310.0
2021-01-05 09:41:21.190,0.3535,0.3536,10.0,0.3531,2.0,79224.0,7320.0
2021-01-05 09:41:21.451,0.3536,0.3536,10.0,0.3535,14.0,79214.0,7330.0
2021-01-05 09:41:21.931,0.354,0.3539,10.0,0.3538,10.0,79226.0,7360.0
2021-01-05 09:41:22.571,0.3538,0.354,29.0,0.3538,9.0,79225.0,7371.0
2021-01-05 09:41:23.061,0.3538,0.3538,3.0,0.3536,1.0,79225.0,7380.0
2021-01-05 09:41:23.610,0.3534,0.3539,1.0,0.3534,3.0,79211.0,7401.0
2021-01-05 09:41:24.150,0.3534,0.3535,10.0,0.353,1.0,79211.0,7403.0
2021-01-05 09:41:24.521,0.3538,0.3538,6.0,0.3535,3.0,79225.0,7417.0
2021-01-05 09:41:25.120,0.3538,0.354,29.0,0.3538,4.0,79225.0,7423.0
2021-01-05 09:41:25.301,0.354,0.3544,10.0,0.354,3.0,79227.0,7452.0
2021-01-05 09:41:26.190,0.354,0.3545,25.0,0.3541,7.0,79227.0,7452.0
2021-01-05 09:41:26.670,0.3545,0.3544,15.0,0.3541,7.0,79227.0,7458.0
2021-01-05 09:41:26.680,0.3545,0.3548,35.0,0.354,1.0,79227.0,7458.0
2021-01-05 09:41:27.710,0.3545,0.3547,15.0,0.3541,20.0,79227.0,7458.0
2021-01-05 09:41:28.050,0.3542,0.3546,2.0,0.3542,2.0,79227.0,7459.0
2021-01-05 09:41:28.540,0.3542,0.3546,2.0,0.3541,2.0,79227.0,7461.0
2021-01-05 09:41:29.001,0.3542,0.3546,17.0,0.3539,10.0,79227.0,7461.0
2021-01-05 09:41:30.180,0.3542,0.3547,15.0,0.354,5.0,79227.0,7461.0
2021-01-05 09:41:30.441,0.3542,0.3549,16.0,0.3541,10.0,79227.0,7461.0
2021-01-05 09:41:31.181,0.3542,0.3547,10.0,0.3541,10.0,79227.0,7461.0
2021-01-05 09:41:31.700,0.3542,0.3546,15.0,0.3542,2.0,79227.0,7461.0
2021-01-05 09:41:32.220,0.3542,0.3549,11.0,0.3542,2.0,79227.0,7461.0
2021-01-05 09:41:32.670,0.3545,0.3545,19.0,0.354,10.0,79225.0,7465.0
2021-01-05 09:41:32.751,0.3545,0.3548,16.0,0.3542,10.0,79225.0,7465.0
2021-01-05 09:41:33.291,0.3545,0.3546,10.0,0.3537,10.0,79225.0,7465.0
2021-01-05 09:41:33.990,0.3545,0.3544,10.0,0.3536,10.0,79225.0,7465.0
2021-01-05 09:41:34.720,0.3544,0.3544,15.0,0.3537,1.0,79241.0,7481.0
2021-01-05 09:41:35.000,0.3544,0.3547,3.0,0.3544,5.0,79241.0,7496.0
2021-01-05 09:41:35.671,0.3547,0.3549,1.0,0.3547,2.0,79240.0,7500.0
2021-01-05 09:41:35.771,0.3549,0.355,1.0,0.3549,11.0,79239.0,7501.0
2021-01-05 09:41:36.481,0.355,0.3557,15.0,0.355,40.0,79239.0,7502.0
2021-01-05 09:41:36.720,0.355,0.3556,10.0,0.355,10.0,79239.0,7502.0
2021-01-05 09:41:37.711,0.3556,0.3563,20.0,0.3551,11.0,79239.0,7503.0
2021-01-05 09:41:38.160,0.3556,0.3563,10.0,0.3556,2.0,79239.0,7503.0
2021-01-05 09:41:38.650,0.3556,0.3559,10.0,0.3557,1.0,79240.0,7504.0
2021-01-05 09:41:38.741,0.3557,0.3556,1.0,0.3551,11.0,79241.0,7505.0
2021-01-05 09:41:39.261,0.3557,0.3556,1.0,0.3553,10.0,79241.0,7505.0
2021-01-05 09:41:39.521,0.3557,0.3551,1.0,0.3549,2.0,79241.0,7505.0
2021-01-05 09:41:40.441,0.3553,0.3553,10.0,0.3549,1.0,79241.0,7507.0
2021-01-05 09:41:40.990,0.3549,0.3549,2.0,0.3547,10.0,79242.0,7508.0
2021-01-05 09:41:41.730,0.3549,0.3549,1.0,0.3544,10.0,79242.0,7508.0
2021-01-05 09:41:42.191,0.3549,0.3546,2.0,0.3544,10.0,79242.0,7508.0
2021-01-05 09:41:42.690,0.3549,0.3545,2.0,0.3541,10.0,79242.0,7508.0
2021-01-05 09:41:43.080,0.3549,0.3545,2.0,0.3541,10.0,79242.0,7508.0
2021-01-05 09:41:43.720,0.3545,0.3547,15.0,0.3541,10.0,79241.0,7509.0
2021-01-05 09:41:44.181,0.3545,0.3547,15.0,0.3541,10.0,79241.0,7509.0
2021-01-05 09:41:44.671,0.3545,0.3548,35.0,0.3543,20.0,79241.0,7509.0
2021-01-05 09:41:44.761,0.3545,0.3549,1.0,0.3547,30.0,79241.0,7509.0
2021-01-05 09:41:45.660,0.3545,0.3547,1.0,0.354,10.0,79241.0,7529.0
2021-01-05 09:41:46.191,0.3547,0.3549,16.0,0.3548,9.0,79241.0,7530.0
2021-01-05 09:41:46.661,0.3548,0.3548,31.0,0.354,10.0,79241.0,7539.0
2021-01-05 09:41:46.990,0.3548,0.355,31.0,0.3548,12.0,79241.0,7549.0
2021-01-05 09:41:47.710,0.355,0.355,16.0,0.3548,12.0,79242.0,7564.0
2021-01-05 09:41:48.181,0.355,0.3553,1.0,0.3551,15.0,79242.0,7580.0
2021-01-05 09:41:48.740,0.3553,0.3561,25.0,0.3553,20.0,79242.0,7581.0
2021-01-05 09:41:49.191,0.3553,0.3555,20.0,0.355,6.0,79242.0,7582.0
