,last,ask1,asize1,bid1,bsize1,oi,volume
2021-01-05 09:25:00.080,,0.5884,1.0,0.5485,5.0,2243.0,
2021-01-05 09:30:00.451,,0.5884,1.0,0.5485,5.0,2243.0,
2021-01-05 09:30:00.991,,0.5883,1.0,0.5485,5.0,2243.0,
2021-01-05 09:30:00.991,,0.5883,1.0,0.5485,5.0,2243.0,
2021-01-05 09:30:02.511,,0.5883,1.0,0.5558,20.0,2243.0,
2021-01-05 09:30:03.010,,0.5673,20.0,0.5568,20.0,2243.0,
2021-01-05 09:30:03.471,,0.5666,20.0,0.5558,20.0,2243.0,
2021-01-05 09:30:03.980,,0.5666,20.0,0.5485,5.0,2243.0,
2021-01-05 09:30:04.430,,0.5666,20.0,0.556,20.0,2243.0,
2021-01-05 09:30:05.010,,0.5883,1.0,0.556,20.0,2243.0,
2021-01-05 09:30:05.481,,0.5677,20.0,0.5572,20.0,2243.0,
2021-01-05 09:30:05.990,,0.5883,1.0,0.5572,20.0,2243.0,
2021-01-05 09:30:06.480,,0.5688,20.0,0.5583,20.0,2243.0,
2021-01-05 09:30:06.971,,0.5883,1.0,0.5583,20.0,2243.0,
2021-01-05 09:30:07.471,,0.5704,20.0,0.5598,20.0,2243.0,
2021-01-05 09:30:09.970,,0.5704,20.0,0.5603,20.0,2243.0,
2021-01-05 09:30:10.501,,0.5709,20.0,0.5603,20.0,2243.0,
2021-01-05 09:30:11.521,,0.5709,20.0,0.5608,20.0,2243.0,
2021-01-05 09:30:13.000,,0.5701,20.0,0.5596,20.0,2243.0,
2021-01-05 09:30:15.520,,0.5695,20.0,0.559,20.0,2243.0,
2021-01-05 09:30:15.520,,0.5695,20.0,0.559,20.0,2243.0,
2021-01-05 09:30:16.531,,0.5701,20.0,0.559,20.0,2243.0,
2021-01-05 09:30:17.021,,0.5701,20.0,0.5485,5.0,2243.0,
2021-01-05 09:30:17.641,,0.569,20.0,0.5585,20.0,2243.0,
2021-01-05 09:30:18.231,,0.5681,20.0,0.5585,20.0,2243.0,
2021-01-05 09:30:19.251,,0.5681,20.0,0.5573,20.0,2243.0,
2021-01-05 09:30:19.751,,0.5676,20.0,0.5573,20.0,2243.0,
2021-01-05 09:30:20.740,,0.5681,20.0,0.5573,20.0,2243.0,
2021-01-05 09:30:21.241,,0.5681,20.0,0.5579,20.0,2243.0,
2021-01-05 09:30:21.741,,0.5681,20.0,0.5573,20.0,2243.0,
2021-01-05 09:30:22.240,,0.5689,20.0,0.5584,20.0,2243.0,
2021-01-05 09:30:24.161,,0.5696,20.0,0.5591,20.0,2243.0,
2021-01-05 09:30:24.661,,0.5696,20.0,0.5591,20.0,2243.0,
2021-01-05 09:30:25.160,,0.5696,20.0,0.5591,20.0,2243.0,
2021-01-05 09:30:25.671,,0.5702,20.0,0.5596,20.0,2243.0,
2021-01-05 09:30:29.150,,0.5702,20.0,0.5596,20.0,2243.0,
2021-01-05 09:30:30.171,,0.5702,20.0,0.5591,20.0,2243.0,
2021-01-05 09:30:30.620,,0.5695,20.0,0.5591,20.0,2243.0,
2021-01-05 09:30:31.661,,0.569,20.0,0.5585,20.0,2243.0,
2021-01-05 09:30:32.631,,0.5685,20.0,0.558,20.0,2243.0,
2021-01-05 09:30:36.170,,0.569,20.0,0.5585,20.0,2243.0,
2021-01-05 09:30:36.681,,0.5689,13.0,0.558,20.0,2243.0,
2021-01-05 09:30:39.201,,0.5689,13.0,0.5603,10.0,2243.0,
2021-01-05 09:30:39.680,,0.5689,13.0,0.5603,30.0,2243.0,
2021-01-05 09:30:42.671,,0.5683,20.0,0.5603,30.0,2243.0,
2021-01-05 09:30:43.180,,0.5683,20.0,0.5603,30.0,2243.0,
2021-01-05 09:30:43.180,,0.5682,13.0,0.5603,30.0,2243.0,
2021-01-05 09:30:44.181,,0.5677,20.0,0.5603,30.0,2243.0,
2021-01-05 09:30:44.650,,0.5677,20.0,0.5603,30.0,2243.0,
2021-01-05 09:30:45.161,,0.5676,13.0,0.5603,30.0,2243.0,
2021-01-05 09:30:47.691,,0.5668,20.0,0.5603,30.0,2243.0,
2021-01-05 09:30:48.200,,0.5668,20.0,0.5603,30.0,2243.0,
2021-01-05 09:30:48.711,,0.5667,13.0,0.5603,30.0,2243.0,
2021-01-05 09:30:50.171,,0.5667,13.0,0.5603,10.0,2243.0,
2021-01-05 09:30:50.720,,0.5667,13.0,0.5603,30.0,2243.0,
2021-01-05 09:30:51.181,,0.5667,13.0,0.5603,10.0,2243.0,
2021-01-05 09:30:55.081,,0.5662,20.0,0.5603,10.0,2243.0,
2021-01-05 09:30:55.671,,0.5662,20.0,0.5603,10.0,2243.0,
2021-01-05 09:30:56.170,,0.5661,13.0,0.5603,10.0,2243.0,
2021-01-05 09:30:58.140,,0.5661,13.0,0.5603,10.0,2243.0,
2021-01-05 09:31:00.161,,0.5661,13.0,0.5603,10.0,2243.0,
2021-01-05 09:31:01.150,,0.5661,13.0,0.5603,10.0,2243.0,
2021-01-05 09:31:02.170,,0.5688,20.0,0.5603,10.0,2243.0,
2021-01-05 09:31:02.681,,0.568,20.0,0.5603,10.0,2243.0,
2021-01-05 09:31:03.131,,0.568,20.0,0.5603,10.0,2243.0,
2021-01-05 09:31:03.680,,0.5679,13.0,0.5603,10.0,2243.0,
2021-01-05 09:31:05.670,,0.5679,13.0,0.5603,10.0,2243.0,
2021-01-05 09:31:06.681,,0.5679,13.0,0.5603,10.0,2243.0,
2021-01-05 09:31:08.650,,0.5668,20.0,0.5603,10.0,2243.0,
2021-01-05 09:31:09.101,,0.5674,20.0,0.5603,10.0,2243.0,
2021-01-05 09:31:09.701,,0.5673,13.0,0.5603,10.0,2243.0,
2021-01-05 09:31:11.701,,0.5673,13.0,0.5603,30.0,2243.0,
2021-01-05 09:31:18.720,,0.5668,10.0,0.5603,20.0,2243.0,
2021-01-05 09:31:19.150,,0.5668,10.0,0.5563,14.0,2243.0,
2021-01-05 09:31:19.721,,0.5666,20.0,0.5563,34.0,2243.0,
2021-01-05 09:31:20.171,,0.5666,20.0,0.5563,34.0,2243.0,
2021-01-05 09:31:20.701,,0.5665,13.0,0.5563,34.0,2243.0,
2021-01-05 09:31:21.221,,0.5665,13.0,0.5568,20.0,2243.0,
2021-01-05 09:31:22.620,,0.5665,13.0,0.5588,10.0,2243.0,
2021-01-05 09:31:23.171,,0.5653,10.0,0.5592,10.0,2243.0,
2021-01-05 09:31:23.621,,0.5653,30.0,0.5592,10.0,2243.0,
2021-01-05 09:31:24.660,,0.5653,30.0,0.5588,20.0,2243.0,
2021-01-05 09:31:25.150,,0.5653,30.0,0.5588,20.0,2243.0,
2021-01-05 09:31:25.640,,0.5652,13.0,0.5588,20.0,2243.0,
2021-01-05 09:31:26.141,,0.5653,30.0,0.5588,20.0,2243.0,
2021-01-05 09:31:26.681,,0.5653,30.0,0.5588,20.0,2243.0,
2021-01-05 09:31:27.171,,0.5653,43.0,0.5588,20.0,2243.0,
2021-01-05 09:31:27.601,,0.5653,30.0,0.5588,20.0,2243.0,
2021-01-05 09:31:28.091,,0.5653,43.0,0.5588,20.0,2243.0,
2021-01-05 09:31:28.610,,0.5653,43.0,0.5588,20.0,2243.0,
2021-01-05 09:31:29.171,,0.5653,30.0,0.5588,20.0,2243.0,
2021-01-05 09:31:30.170,,0.5653,30.0,0.5588,20.0,2243.0,
2021-01-05 09:31:30.671,,0.5653,30.0,0.5588,20.0,2243.0,
2021-01-05 09:31:31.150,,0.5652,13.0,0.5588,20.0,2243.0,
2021-01-05 09:31:31.661,,0.5652,13.0,0.5588,20.0,2243.0,
2021-01-05 09:31:32.191,,0.5653,30.0,0.5588,20.0,2243.0,
2021-01-05 09:31:32.671,,0.5653,30.0,0.5588,20.0,2243.0,
2021-01-05 09:31:33.190,,0.5652,13.0,0.5588,20.0,2243.0,
2021-01-05 09:31:33.470,,0.5652,13.0,0.5588,20.0,2243.0,
2021-01-05 09:31:34.181,,0.5652,13.0,0.5588,20.0,2243.0,
2021-01-05 09:31:34.681,,0.5653,30.0,0.5588,20.0,2243.0,
2021-01-05 09:31:35.670,,0.5653,30.0,0.5588,20.0,2243.0,
2021-01-05 09:31:36.181,,0.5652,3.0,0.5588,20.0,2243.0,
2021-01-05 09:31:36.690,,0.5652,3.0,0.5588,20.0,2243.0,
2021-01-05 09:31:37.191,,0.5652,3.0,0.5588,20.0,2243.0,
2021-01-05 09:31:38.190,,0.5652,3.0,0.5588,20.0,2243.0,
2021-01-05 09:31:39.210,,0.5652,3.0,0.5586,10.0,2243.0,
2021-01-05 09:31:39.710,,0.5651,13.0,0.5586,10.0,2243.0,
2021-01-05 09:31:40.200,,0.5623,10.0,0.5581,20.0,2243.0,
2021-01-05 09:31:40.711,,0.5623,30.0,0.5575,20.0,2243.0,
2021-01-05 09:31:41.191,,0.5623,30.0,0.5569,10.0,2243.0,
2021-01-05 09:31:41.700,,0.5623,30.0,0.5569,13.0,2243.0,
2021-01-05 09:31:42.211,,0.5623,30.0,0.5569,3.0,2243.0,
2021-01-05 09:31:43.191,,0.5623,30.0,0.5569,3.0,2243.0,
2021-01-05 09:31:44.190,,0.5623,30.0,0.5568,30.0,2243.0,
2021-01-05 09:31:44.691,,0.5623,30.0,0.5571,10.0,2243.0,
2021-01-05 09:31:45.170,,0.5622,3.0,0.5568,20.0,2243.0,
2021-01-05 09:31:45.700,,0.5622,3.0,0.5566,10.0,2243.0,
2021-01-05 09:31:46.171,,0.5622,3.0,0.5563,20.0,2243.0,
2021-01-05 09:31:46.701,,0.5622,3.0,0.5563,20.0,2243.0,
2021-01-05 09:31:47.191,,0.5622,3.0,0.5565,10.0,2243.0,
2021-01-05 09:31:47.711,,0.5622,3.0,0.5563,20.0,2243.0,
2021-01-05 09:31:49.711,,0.5622,3.0,0.5563,20.0,2243.0,
2021-01-05 09:31:50.191,,0.5622,3.0,0.5557,30.0,2243.0,
2021-01-05 09:31:50.710,,0.5596,10.0,0.5557,20.0,2243.0,
2021-01-05 09:31:51.210,,0.5596,30.0,0.5557,20.0,2243.0,
2021-01-05 09:31:52.621,,0.5596,30.0,0.5557,20.0,2243.0,
2021-01-05 09:31:53.171,,0.5596,30.0,0.5548,20.0,2243.0,
2021-01-05 09:31:53.530,,0.5596,33.0,0.5548,20.0,2243.0,
2021-01-05 09:31:54.151,,0.5596,33.0,0.5548,20.0,2243.0,
2021-01-05 09:31:54.641,,0.5596,33.0,0.5548,20.0,2243.0,
2021-01-05 09:31:55.150,,0.5596,33.0,0.5548,20.0,2243.0,
2021-01-05 09:31:55.670,,0.5596,33.0,0.5548,20.0,2243.0,
2021-01-05 09:31:57.171,,0.5596,33.0,0.5548,20.0,2243.0,
2021-01-05 09:31:58.171,,0.5596,33.0,0.5548,20.0,2243.0,
2021-01-05 09:31:59.180,,0.5596,33.0,0.5548,20.0,2243.0,
2021-01-05 09:31:59.660,,0.5596,33.0,0.5548,20.0,2243.0,
2021-01-05 09:32:00.150,,0.5596,33.0,0.5548,20.0,2243.0,
2021-01-05 09:32:00.650,,0.5596,33.0,0.5548,20.0,2243.0,
2021-01-05 09:32:01.670,,0.5596,33.0,0.5548,20.0,2243.0,
2021-01-05 09:32:02.171,,0.5596,33.0,0.5548,20.0,2243.0,
2021-01-05 09:32:02.671,,0.5596,33.0,0.5548,20.0,2243.0,
2021-01-05 09:32:03.180,,0.5596,13.0,0.5547,10.0,2243.0,
2021-01-05 09:32:03.641,,0.5596,33.0,0.5547,30.0,2243.0,
2021-01-05 09:32:04.090,,0.5595,3.0,0.5547,30.0,2243.0,
2021-01-05 09:32:04.661,,0.5595,3.0,0.5547,20.0,2243.0,
2021-01-05 09:32:05.141,,0.5595,3.0,0.5538,20.0,2243.0,
2021-01-05 09:32:05.660,,0.5595,3.0,0.5538,30.0,2243.0,
2021-01-05 09:32:06.161,,0.5595,3.0,0.5538,20.0,2243.0,
2021-01-05 09:32:06.680,,0.5595,3.0,0.5532,10.0,2243.0,
2021-01-05 09:32:08.171,,0.5595,3.0,0.5532,10.0,2243.0,
2021-01-05 09:32:08.670,,0.5595,3.0,0.553,30.0,2243.0,
2021-01-05 09:32:09.141,,0.5595,3.0,0.553,30.0,2243.0,
2021-01-05 09:32:09.681,,0.5595,3.0,0.553,30.0,2243.0,
2021-01-05 09:32:10.161,,0.5595,3.0,0.553,30.0,2243.0,
2021-01-05 09:32:10.630,,0.5595,3.0,0.553,30.0,2243.0,
2021-01-05 09:32:11.170,,0.5595,3.0,0.553,30.0,2243.0,
2021-01-05 09:32:11.650,,0.5595,3.0,0.553,40.0,2243.0,
2021-01-05 09:32:12.161,,0.5591,10.0,0.5554,10.0,2243.0,
2021-01-05 09:32:12.670,,0.5591,30.0,0.5554,10.0,2243.0,
2021-01-05 09:32:13.171,,0.5591,30.0,0.5554,10.0,2243.0,
2021-01-05 09:32:13.680,,0.5591,30.0,0.5554,10.0,2243.0,
2021-01-05 09:32:14.660,,0.5591,20.0,0.5548,20.0,2243.0,
2021-01-05 09:32:15.171,,0.5595,13.0,0.5549,1.0,2243.0,
2021-01-05 09:32:15.671,,0.5595,13.0,0.5549,1.0,2243.0,
2021-01-05 09:32:16.151,,0.5595,13.0,0.5542,30.0,2243.0,
2021-01-05 09:32:16.551,,0.5595,13.0,0.5543,1.0,2243.0,
2021-01-05 09:32:17.161,,0.5595,13.0,0.5543,1.0,2243.0,
2021-01-05 09:32:17.651,,0.5595,13.0,0.5543,1.0,2243.0,
2021-01-05 09:32:18.670,,0.5594,3.0,0.5543,1.0,2243.0,
2021-01-05 09:32:19.670,,0.5594,3.0,0.5543,1.0,2243.0,
2021-01-05 09:32:20.671,,0.5594,3.0,0.5543,1.0,2243.0,
2021-01-05 09:32:21.171,,0.5594,3.0,0.5543,1.0,2243.0,
2021-01-05 09:32:21.680,,0.5594,3.0,0.5543,1.0,2243.0,
2021-01-05 09:32:22.181,,0.5594,3.0,0.5544,3.0,2243.0,
2021-01-05 09:32:22.660,,0.5594,13.0,0.5558,10.0,2243.0,
2021-01-05 09:32:23.180,,0.5594,13.0,0.5558,10.0,2243.0,
2021-01-05 09:32:23.670,,0.5594,13.0,0.5558,10.0,2243.0,
2021-01-05 09:32:24.160,,0.5594,13.0,0.5558,10.0,2243.0,
2021-01-05 09:32:25.170,,0.5594,13.0,0.5558,10.0,2243.0,
2021-01-05 09:32:25.670,,0.5594,13.0,0.5558,10.0,2243.0,
2021-01-05 09:32:26.171,,0.5582,10.0,0.5546,10.0,2243.0,
2021-01-05 09:32:26.650,,0.5582,30.0,0.5559,1.0,2243.0,
2021-01-05 09:32:27.151,,0.5582,30.0,0.556,1.0,2243.0,
2021-01-05 09:32:28.171,,0.5582,30.0,0.5546,10.0,2243.0,
2021-01-05 09:32:28.630,,0.5582,30.0,0.5561,1.0,2243.0,
2021-01-05 09:32:29.180,,0.5582,30.0,0.5546,10.0,2243.0,
2021-01-05 09:32:30.171,,0.5582,30.0,0.5546,10.0,2243.0,
2021-01-05 09:32:31.151,,0.5582,30.0,0.5546,10.0,2243.0,
2021-01-05 09:32:31.631,,0.5582,30.0,0.5546,10.0,2243.0,
2021-01-05 09:32:32.121,,0.5582,30.0,0.5546,10.0,2243.0,
2021-01-05 09:32:33.141,,0.5582,30.0,0.5546,10.0,2243.0,
2021-01-05 09:32:33.671,,0.5582,30.0,0.5546,10.0,2243.0,
2021-01-05 09:32:34.691,,0.5582,30.0,0.5546,10.0,2243.0,
2021-01-05 09:32:35.170,,0.5582,30.0,0.5546,10.0,2243.0,
2021-01-05 09:32:35.671,,0.5582,30.0,0.5546,10.0,2243.0,
2021-01-05 09:32:36.190,,0.5582,30.0,0.5546,10.0,2243.0,
2021-01-05 09:32:39.630,,0.5582,30.0,0.5546,10.0,2243.0,
2021-01-05 09:32:40.151,,0.5582,30.0,0.5546,10.0,2243.0,
2021-01-05 09:32:41.690,,0.5582,30.0,0.5546,10.0,2243.0,
2021-01-05 09:32:42.201,,0.5582,30.0,0.5546,10.0,2243.0,
2021-01-05 09:32:42.700,,0.5582,30.0,0.5546,10.0,2243.0,
2021-01-05 09:32:43.190,,0.5582,30.0,0.5546,10.0,2243.0,
2021-01-05 09:32:43.580,,0.5582,30.0,0.5546,10.0,2243.0,
2021-01-05 09:32:44.151,,0.5582,30.0,0.5546,10.0,2243.0,
2021-01-05 09:32:44.700,,0.5582,30.0,0.5546,10.0,2243.0,
2021-01-05 09:32:45.580,,0.5582,30.0,0.5546,10.0,2243.0,
2021-01-05 09:32:46.160,,0.5582,30.0,0.5546,10.0,2243.0,
2021-01-05 09:32:47.201,,0.5582,30.0,0.5546,10.0,2243.0,
2021-01-05 09:32:47.701,,0.5582,30.0,0.5546,10.0,2243.0,
2021-01-05 09:32:48.181,,0.5582,30.0,0.5546,10.0,2243.0,
2021-01-05 09:32:48.690,,0.5569,10.0,0.5538,20.0,2243.0,
2021-01-05 09:32:49.190,,0.5569,30.0,0.5533,30.0,2243.0,
2021-01-05 09:32:49.670,,0.5569,10.0,0.5515,10.0,2243.0,
2021-01-05 09:32:50.171,,0.5569,10.0,0.5515,10.0,2243.0,
2021-01-05 09:32:50.700,,0.5569,10.0,0.5515,10.0,2243.0,
2021-01-05 09:32:51.170,,0.5569,10.0,0.5515,10.0,2243.0,
2021-01-05 09:32:51.701,,0.5569,30.0,0.5515,10.0,2243.0,
2021-01-05 09:32:52.191,,0.5569,30.0,0.5515,10.0,2243.0,
2021-01-05 09:32:53.161,,0.5569,30.0,0.5515,10.0,2243.0,
2021-01-05 09:32:53.641,,0.5569,30.0,0.5516,3.0,2243.0,
2021-01-05 09:32:54.181,,0.5569,30.0,0.5516,13.0,2243.0,
2021-01-05 09:32:54.671,,0.5569,30.0,0.5517,10.0,2243.0,
2021-01-05 09:32:55.170,,0.5569,10.0,0.5516,3.0,2243.0,
2021-01-05 09:32:55.670,,0.5569,10.0,0.5516,3.0,2243.0,
2021-01-05 09:32:56.150,,0.5569,10.0,0.5516,3.0,2243.0,
2021-01-05 09:32:56.611,,0.5569,10.0,0.5516,3.0,2243.0,
2021-01-05 09:32:57.181,,0.5569,10.0,0.5516,3.0,2243.0,
2021-01-05 09:32:57.600,,0.5569,10.0,0.5516,3.0,2243.0,
2021-01-05 09:32:58.171,,0.5569,10.0,0.5516,3.0,2243.0,
2021-01-05 09:32:58.651,,0.5569,10.0,0.5516,3.0,2243.0,
2021-01-05 09:32:59.170,,0.5569,10.0,0.5516,3.0,2243.0,
2021-01-05 09:32:59.621,,0.5569,10.0,0.5516,3.0,2243.0,
2021-01-05 09:33:00.651,,0.5569,10.0,0.5516,3.0,2243.0,
2021-01-05 09:33:01.141,,0.5569,10.0,0.5516,3.0,2243.0,
2021-01-05 09:33:01.661,,0.5568,10.0,0.5532,10.0,2243.0,
2021-01-05 09:33:02.130,,0.5568,10.0,0.5532,10.0,2243.0,
2021-01-05 09:33:02.651,,0.5568,10.0,0.5532,10.0,2243.0,
2021-01-05 09:33:03.171,,0.5568,10.0,0.5532,30.0,2243.0,
2021-01-05 09:33:03.681,,0.5575,20.0,0.5532,23.0,2243.0,
2021-01-05 09:33:04.140,,0.5585,10.0,0.5532,3.0,2243.0,
2021-01-05 09:33:04.651,,0.5585,30.0,0.5532,23.0,2243.0,
2021-01-05 09:33:05.181,,0.5585,10.0,0.5532,23.0,2243.0,
2021-01-05 09:33:05.690,,0.5585,10.0,0.5532,23.0,2243.0,
2021-01-05 09:33:06.170,,0.5585,10.0,0.5532,23.0,2243.0,
2021-01-05 09:33:07.171,,0.5585,10.0,0.5532,23.0,2243.0,
2021-01-05 09:33:07.601,,0.5585,10.0,0.5532,23.0,2243.0,
2021-01-05 09:33:08.191,,0.5585,10.0,0.5532,23.0,2243.0,
2021-01-05 09:33:08.681,,0.5584,10.0,0.5548,10.0,2243.0,
2021-01-05 09:33:09.181,,0.5584,10.0,0.5548,10.0,2243.0,
2021-01-05 09:33:09.630,,0.5584,10.0,0.5548,10.0,2243.0,
2021-01-05 09:33:10.180,,0.5584,10.0,0.5548,10.0,2243.0,
2021-01-05 09:33:10.681,,0.5584,10.0,0.5548,10.0,2243.0,
2021-01-05 09:33:11.670,,0.5584,10.0,0.5548,10.0,2243.0,
2021-01-05 09:33:12.181,,0.5584,10.0,0.5548,10.0,2243.0,
2021-01-05 09:33:12.650,,0.5584,10.0,0.5548,10.0,2243.0,
2021-01-05 09:33:13.100,,0.5584,10.0,0.5548,10.0,2243.0,
2021-01-05 09:33:13.691,,0.5584,10.0,0.5548,10.0,2243.0,
2021-01-05 09:33:14.160,,0.5584,10.0,0.5548,10.0,2243.0,
2021-01-05 09:33:14.650,,0.5584,10.0,0.5548,10.0,2243.0,
2021-01-05 09:33:15.651,,0.5584,10.0,0.5548,10.0,2243.0,
2021-01-05 09:33:16.181,,0.5584,10.0,0.5548,10.0,2243.0,
2021-01-05 09:33:16.671,,0.5584,10.0,0.5548,10.0,2243.0,
2021-01-05 09:33:17.190,,0.5594,23.0,0.5558,10.0,2243.0,
2021-01-05 09:33:17.691,,0.5594,23.0,0.5558,10.0,2243.0,
2021-01-05 09:33:18.160,,0.5594,23.0,0.5558,30.0,2243.0,
2021-01-05 09:33:18.680,,0.5594,23.0,0.5558,10.0,2243.0,
2021-01-05 09:33:19.191,,0.5594,23.0,0.5558,30.0,2243.0,
2021-01-05 09:33:19.660,,0.5594,23.0,0.5558,10.0,2243.0,
2021-01-05 09:33:19.950,,0.5594,23.0,0.5558,30.0,2243.0,
2021-01-05 09:33:20.680,,0.5594,23.0,0.5558,10.0,2243.0,
2021-01-05 09:33:21.160,,0.5594,23.0,0.5558,30.0,2243.0,
2021-01-05 09:33:21.681,,0.5594,23.0,0.5558,10.0,2243.0,
2021-01-05 09:33:22.150,,0.5594,23.0,0.5558,30.0,2243.0,
2021-01-05 09:33:22.670,,0.5594,3.0,0.5558,10.0,2243.0,
2021-01-05 09:33:23.151,,0.5594,3.0,0.5558,30.0,2243.0,
2021-01-05 09:33:23.660,,0.5594,3.0,0.5558,10.0,2243.0,
2021-01-05 09:33:24.171,,0.5594,3.0,0.5558,30.0,2243.0,
2021-01-05 09:33:24.661,,0.5594,3.0,0.5558,10.0,2243.0,
2021-01-05 09:33:25.151,,0.5594,3.0,0.5558,30.0,2243.0,
2021-01-05 09:33:25.671,,0.5594,3.0,0.5558,30.0,2243.0,
2021-01-05 09:33:26.161,,0.5594,23.0,0.5558,30.0,2243.0,
2021-01-05 09:33:26.651,,0.5593,13.0,0.5558,30.0,2243.0,
2021-01-05 09:33:27.171,,0.5594,3.0,0.5558,10.0,2243.0,
2021-01-05 09:33:27.571,,0.5594,3.0,0.5558,30.0,2243.0,
2021-01-05 09:33:28.180,,0.5593,13.0,0.5558,30.0,2243.0,
2021-01-05 09:33:28.670,,0.5594,3.0,0.5558,30.0,2243.0,
2021-01-05 09:33:29.171,,0.5594,3.0,0.5558,30.0,2243.0,
2021-01-05 09:33:30.670,,0.5593,13.0,0.5558,30.0,2243.0,
2021-01-05 09:33:31.680,,0.5593,13.0,0.5558,30.0,2243.0,
2021-01-05 09:33:32.620,,0.5593,13.0,0.5558,30.0,2243.0,
2021-01-05 09:33:33.680,,0.5593,13.0,0.5558,30.0,2243.0,
2021-01-05 09:33:36.681,,0.5595,10.0,0.5558,30.0,2243.0,
2021-01-05 09:33:37.190,,0.5595,10.0,0.5558,30.0,2243.0,
2021-01-05 09:33:37.640,,0.5595,10.0,0.5558,30.0,2243.0,
2021-01-05 09:33:39.201,,0.5595,10.0,0.5558,30.0,2243.0,
2021-01-05 09:33:39.641,,0.5595,10.0,0.5558,30.0,2243.0,
2021-01-05 09:33:40.160,,0.5595,10.0,0.5558,30.0,2243.0,
2021-01-05 09:33:41.161,,0.5595,10.0,0.5558,30.0,2243.0,
2021-01-05 09:33:41.691,,0.5594,13.0,0.5558,30.0,2243.0,
2021-01-05 09:33:42.160,,0.5594,13.0,0.5558,20.0,2243.0,
2021-01-05 09:33:42.640,,0.5594,13.0,0.5558,20.0,2243.0,
2021-01-05 09:33:43.180,,0.5594,13.0,0.5545,30.0,2243.0,
2021-01-05 09:33:44.110,,0.5594,13.0,0.5545,30.0,2243.0,
2021-01-05 09:33:44.671,,0.5594,13.0,0.5545,30.0,2243.0,
2021-01-05 09:33:45.180,,0.5594,13.0,0.5545,30.0,2243.0,
2021-01-05 09:33:45.660,,0.5594,13.0,0.5545,30.0,2243.0,
2021-01-05 09:33:46.161,,0.5594,13.0,0.5545,30.0,2243.0,
2021-01-05 09:33:46.680,,0.5594,13.0,0.5545,30.0,2243.0,
2021-01-05 09:33:50.180,,0.5576,10.0,0.5545,20.0,2243.0,
2021-01-05 09:33:50.670,,0.5576,10.0,0.5539,10.0,2243.0,
2021-01-05 09:33:51.141,,0.5576,10.0,0.5539,10.0,2243.0,
2021-01-05 09:33:51.581,,0.5576,10.0,0.5539,10.0,2243.0,
2021-01-05 09:33:52.190,,0.5576,10.0,0.5539,10.0,2243.0,
2021-01-05 09:33:52.661,,0.5576,10.0,0.5539,10.0,2243.0,
2021-01-05 09:33:53.650,,0.5576,10.0,0.5539,10.0,2243.0,
2021-01-05 09:33:54.180,,0.5576,10.0,0.5539,10.0,2243.0,
2021-01-05 09:33:54.610,,0.5576,10.0,0.5539,10.0,2243.0,
2021-01-05 09:33:55.181,,0.5576,10.0,0.5539,10.0,2243.0,
2021-01-05 09:33:55.650,,0.5576,10.0,0.5539,10.0,2243.0,
2021-01-05 09:33:56.120,,0.5576,10.0,0.5539,10.0,2243.0,
2021-01-05 09:33:56.681,,0.5576,10.0,0.5539,10.0,2243.0,
2021-01-05 09:33:57.171,,0.5576,10.0,0.5539,10.0,2243.0,
2021-01-05 09:33:57.671,,0.5576,10.0,0.5539,10.0,2243.0,
2021-01-05 09:33:58.170,,0.5577,30.0,0.5537,20.0,2243.0,
2021-01-05 09:33:58.670,,0.5576,13.0,0.5523,30.0,2243.0,
2021-01-05 09:33:59.140,,0.5576,13.0,0.5524,3.0,2243.0,
2021-01-05 09:34:00.191,,0.5576,13.0,0.5524,3.0,2243.0,
2021-01-05 09:34:00.671,,0.5576,13.0,0.5523,30.0,2243.0,
2021-01-05 09:34:01.661,,0.5576,13.0,0.5523,30.0,2243.0,
2021-01-05 09:34:02.170,,0.5576,13.0,0.5523,30.0,2243.0,
2021-01-05 09:34:02.671,,0.5576,13.0,0.5524,3.0,2243.0,
2021-01-05 09:34:03.171,,0.5576,13.0,0.5524,3.0,2243.0,
2021-01-05 09:34:03.670,,0.5576,13.0,0.5524,4.0,2243.0,
2021-01-05 09:34:05.121,,0.5576,13.0,0.5524,1.0,2243.0,
2021-01-05 09:34:06.191,,0.5576,13.0,0.5524,1.0,2243.0,
2021-01-05 09:34:06.671,,0.5558,10.0,0.5524,1.0,2243.0,
2021-01-05 09:34:07.130,,0.5558,10.0,0.5524,1.0,2243.0,
2021-01-05 09:34:07.651,,0.5558,10.0,0.5524,1.0,2243.0,
2021-01-05 09:34:08.171,,0.5558,10.0,0.5524,1.0,2243.0,
2021-01-05 09:34:08.690,,0.5557,13.0,0.5524,1.0,2243.0,
2021-01-05 09:34:09.170,,0.5558,10.0,0.5524,1.0,2243.0,
2021-01-05 09:34:09.670,,0.5558,10.0,0.5524,1.0,2243.0,
2021-01-05 09:34:10.140,,0.5558,10.0,0.5524,1.0,2243.0,
2021-01-05 09:34:10.690,,0.5558,10.0,0.5524,1.0,2243.0,
2021-01-05 09:34:11.681,,0.5558,10.0,0.5525,3.0,2243.0,
2021-01-05 09:34:12.121,,0.5558,10.0,0.5525,3.0,2243.0,
2021-01-05 09:34:12.640,,0.5558,10.0,0.5525,3.0,2243.0,
2021-01-05 09:34:13.191,,0.5558,10.0,0.5525,3.0,2243.0,
2021-01-05 09:34:13.681,,0.5558,10.0,0.5525,3.0,2243.0,
2021-01-05 09:34:14.181,,0.5558,10.0,0.5525,3.0,2243.0,
2021-01-05 09:34:14.691,,0.5571,10.0,0.5534,10.0,2243.0,
2021-01-05 09:34:15.181,,0.5571,10.0,0.5534,13.0,2243.0,
2021-01-05 09:34:15.681,,0.5571,10.0,0.5535,1.0,2243.0,
2021-01-05 09:34:15.681,,0.5571,10.0,0.5535,1.0,2243.0,
2021-01-05 09:34:16.620,,0.5571,10.0,0.5535,21.0,2243.0,
2021-01-05 09:34:17.070,,0.557,13.0,0.5535,21.0,2243.0,
2021-01-05 09:34:18.201,,0.557,33.0,0.5535,21.0,2243.0,
2021-01-05 09:34:18.620,,0.557,33.0,0.5535,21.0,2243.0,
2021-01-05 09:34:19.041,,0.557,33.0,0.5535,21.0,2243.0,
2021-01-05 09:34:19.700,,0.557,33.0,0.5535,21.0,2243.0,
2021-01-05 09:34:20.180,,0.557,33.0,0.5535,21.0,2243.0,
2021-01-05 09:34:20.651,,0.557,33.0,0.5535,21.0,2243.0,
2021-01-05 09:34:21.690,,0.5558,10.0,0.5535,1.0,2243.0,
2021-01-05 09:34:22.151,,0.5558,30.0,0.5527,20.0,2243.0,
2021-01-05 09:34:22.651,,0.5558,30.0,0.5528,1.0,2243.0,
2021-01-05 09:34:23.181,,0.5558,30.0,0.5528,1.0,2243.0,
2021-01-05 09:34:24.600,,0.5558,30.0,0.5528,1.0,2243.0,
2021-01-05 09:34:25.171,,0.5558,30.0,0.5528,1.0,2243.0,
2021-01-05 09:34:26.641,,0.5558,30.0,0.5528,1.0,2243.0,
2021-01-05 09:34:28.120,,0.5558,30.0,0.5528,1.0,2243.0,
2021-01-05 09:34:28.621,,0.5558,30.0,0.5528,1.0,2243.0,
2021-01-05 09:34:30.170,,0.5558,30.0,0.5528,1.0,2243.0,
2021-01-05 09:34:30.681,,0.5558,30.0,0.5528,1.0,2243.0,
2021-01-05 09:34:31.190,,0.5558,30.0,0.5528,1.0,2243.0,
2021-01-05 09:34:31.691,,0.5558,30.0,0.5528,1.0,2243.0,
2021-01-05 09:34:33.090,,0.5558,30.0,0.5528,1.0,2243.0,
2021-01-05 09:34:33.691,,0.5558,30.0,0.5528,1.0,2243.0,
2021-01-05 09:34:34.171,,0.5557,13.0,0.5528,1.0,2243.0,
2021-01-05 09:34:34.640,,0.5557,13.0,0.5522,30.0,2243.0,
2021-01-05 09:34:35.130,,0.5546,10.0,0.5523,1.0,2243.0,
2021-01-05 09:34:35.670,,0.5546,10.0,0.5523,1.0,2243.0,
2021-01-05 09:34:36.680,,0.5546,10.0,0.5517,20.0,2243.0,
2021-01-05 09:34:37.161,,0.5546,10.0,0.551,30.0,2243.0,
2021-01-05 09:34:37.700,,0.5546,10.0,0.551,30.0,2243.0,
2021-01-05 09:34:38.171,,0.5546,10.0,0.551,30.0,2243.0,
2021-01-05 09:34:38.690,,0.5545,13.0,0.5511,1.0,2243.0,
2021-01-05 09:34:39.091,,0.5545,13.0,0.5511,1.0,2243.0,
2021-01-05 09:34:40.171,,0.5545,13.0,0.5511,1.0,2243.0,
2021-01-05 09:34:40.651,,0.5545,13.0,0.5511,1.0,2243.0,
2021-01-05 09:34:41.201,,0.5545,13.0,0.5511,1.0,2243.0,
2021-01-05 09:34:44.701,,0.5545,13.0,0.5511,1.0,2243.0,
2021-01-05 09:34:45.200,,0.5545,13.0,0.5511,1.0,2243.0,
2021-01-05 09:34:45.721,,0.5545,13.0,0.5511,1.0,2243.0,
2021-01-05 09:34:46.140,,0.5531,10.0,0.5511,1.0,2243.0,
2021-01-05 09:34:46.660,,0.5531,10.0,0.5511,1.0,2243.0,
2021-01-05 09:34:47.701,,0.5531,10.0,0.5511,1.0,2243.0,
2021-01-05 09:34:48.141,,0.5531,10.0,0.5511,1.0,2243.0,
2021-01-05 09:34:49.210,,0.5531,10.0,0.5506,1.0,2243.0,
2021-01-05 09:34:49.701,,0.5531,10.0,0.5506,1.0,2243.0,
2021-01-05 09:34:50.220,,0.5531,10.0,0.5506,1.0,2243.0,
2021-01-05 09:34:51.200,,0.5531,10.0,0.5506,1.0,2243.0,
2021-01-05 09:34:51.701,,0.5531,10.0,0.5506,1.0,2243.0,
2021-01-05 09:34:52.220,,0.5531,10.0,0.5506,1.0,2243.0,
2021-01-05 09:34:53.180,,0.5531,10.0,0.5506,1.0,2243.0,
2021-01-05 09:34:53.651,,0.5531,10.0,0.5506,1.0,2243.0,
2021-01-05 09:34:54.170,,0.5531,10.0,0.5506,1.0,2243.0,
2021-01-05 09:34:54.631,,0.5531,10.0,0.5506,1.0,2243.0,
2021-01-05 09:34:55.161,,0.5516,10.0,0.5506,1.0,2243.0,
2021-01-05 09:34:55.680,,0.5516,10.0,0.5485,5.0,2243.0,
2021-01-05 09:34:56.051,,0.5516,10.0,0.5486,1.0,2243.0,
2021-01-05 09:34:56.681,,0.5516,10.0,0.5486,1.0,2243.0,
2021-01-05 09:34:57.130,,0.5516,10.0,0.5486,2.0,2243.0,
2021-01-05 09:34:57.670,,0.5515,13.0,0.5486,2.0,2243.0,
2021-01-05 09:34:58.640,,0.5515,13.0,0.5486,2.0,2243.0,
2021-01-05 09:34:59.170,,0.5515,13.0,0.5486,2.0,2243.0,
2021-01-05 09:35:00.160,,0.5515,13.0,0.5486,2.0,2243.0,
2021-01-05 09:35:00.640,,0.5516,10.0,0.5486,2.0,2243.0,
2021-01-05 09:35:00.640,,0.5515,13.0,0.5486,2.0,2243.0,
2021-01-05 09:35:02.680,,0.5515,13.0,0.5486,2.0,2243.0,
2021-01-05 09:35:03.180,,0.5516,10.0,0.5486,2.0,2243.0,
2021-01-05 09:35:03.660,,0.5523,14.0,0.5486,12.0,2243.0,
2021-01-05 09:35:04.181,,0.5523,14.0,0.5486,2.0,2243.0,
2021-01-05 09:35:04.621,,0.5523,14.0,0.5486,2.0,2243.0,
2021-01-05 09:35:05.180,,0.5523,14.0,0.5486,2.0,2243.0,
2021-01-05 09:35:05.671,,0.5523,14.0,0.5486,2.0,2243.0,
2021-01-05 09:35:06.680,,0.5523,14.0,0.5486,2.0,2243.0,
2021-01-05 09:35:07.131,,0.5523,14.0,0.5486,2.0,2243.0,
2021-01-05 09:35:07.650,,0.5523,14.0,0.5486,2.0,2243.0,
2021-01-05 09:35:08.171,,0.5514,14.0,0.5486,1.0,2243.0,
2021-01-05 09:35:09.191,,0.5514,44.0,0.5486,1.0,2243.0,
2021-01-05 09:35:09.700,,0.5506,14.0,0.5486,1.0,2243.0,
2021-01-05 09:35:10.180,,0.5506,34.0,0.5486,1.0,2243.0,
2021-01-05 09:35:10.691,,0.5506,34.0,0.5486,1.0,2243.0,
2021-01-05 09:35:11.160,,0.5506,34.0,0.5486,1.0,2243.0,
2021-01-05 09:35:11.680,,0.5506,34.0,0.5485,5.0,2243.0,
2021-01-05 09:35:12.101,,0.5506,34.0,0.5485,5.0,2243.0,
2021-01-05 09:35:12.691,0.5485,0.5506,34.0,0.5485,4.0,2243.0,1.0
2021-01-05 09:35:13.181,0.5485,0.5506,34.0,0.5485,4.0,2243.0,1.0
2021-01-05 09:35:13.371,0.5485,0.5517,24.0,0.5486,1.0,2243.0,1.0
2021-01-05 09:35:14.191,0.5485,0.5517,14.0,0.5486,1.0,2243.0,1.0
2021-01-05 09:35:14.691,0.5485,0.5526,20.0,0.5487,14.0,2243.0,1.0
2021-01-05 09:35:15.200,0.5485,0.5525,13.0,0.5487,14.0,2243.0,1.0
2021-01-05 09:35:15.701,0.5485,0.5525,13.0,0.5487,14.0,2243.0,1.0
2021-01-05 09:35:16.201,0.5485,0.5525,13.0,0.5487,14.0,2243.0,1.0
2021-01-05 09:35:16.681,0.5485,0.5525,13.0,0.5487,14.0,2243.0,1.0
2021-01-05 09:35:17.680,0.5485,0.5525,13.0,0.5487,14.0,2243.0,1.0
2021-01-05 09:35:18.681,0.5485,0.5525,13.0,0.5487,14.0,2243.0,1.0
2021-01-05 09:35:20.170,0.5485,0.5525,13.0,0.5488,1.0,2243.0,1.0
2021-01-05 09:35:20.690,0.5485,0.5525,13.0,0.5487,14.0,2243.0,1.0
2021-01-05 09:35:21.180,0.5485,0.5525,13.0,0.5487,14.0,2243.0,1.0
2021-01-05 09:35:21.620,0.5485,0.5525,16.0,0.5487,14.0,2243.0,1.0
2021-01-05 09:35:22.171,0.5485,0.5521,14.0,0.5486,1.0,2243.0,1.0
2021-01-05 09:35:22.650,0.5485,0.5521,14.0,0.5485,4.0,2243.0,1.0
2021-01-05 09:35:24.171,0.5485,0.5521,14.0,0.5485,24.0,2243.0,1.0
2021-01-05 09:35:24.671,0.5485,0.5521,14.0,0.5485,24.0,2243.0,1.0
2021-01-05 09:35:25.170,0.5485,0.5521,14.0,0.5485,24.0,2243.0,1.0
2021-01-05 09:35:25.660,0.5485,0.5521,34.0,0.5485,4.0,2243.0,1.0
2021-01-05 09:35:26.651,0.5485,0.5521,34.0,0.5485,4.0,2243.0,1.0
2021-01-05 09:35:27.641,0.5485,0.5521,14.0,0.5485,4.0,2243.0,1.0
2021-01-05 09:35:28.171,0.5485,0.5521,14.0,0.5485,4.0,2243.0,1.0
2021-01-05 09:35:29.641,0.5485,0.5521,14.0,0.5485,4.0,2243.0,1.0
2021-01-05 09:35:30.121,0.5485,0.5521,14.0,0.5485,4.0,2243.0,1.0
2021-01-05 09:35:30.690,0.5485,0.5521,14.0,0.5485,4.0,2243.0,1.0
2021-01-05 09:35:31.170,0.5485,0.5521,34.0,0.5485,4.0,2243.0,1.0
2021-01-05 09:35:31.700,0.5485,0.5521,34.0,0.5485,4.0,2243.0,1.0
2021-01-05 09:35:32.150,0.5485,0.5521,34.0,0.5485,24.0,2243.0,1.0
2021-01-05 09:35:32.691,0.5485,0.5521,34.0,0.5485,24.0,2243.0,1.0
2021-01-05 09:35:33.191,0.5485,0.5521,34.0,0.5485,24.0,2243.0,1.0
2021-01-05 09:35:33.650,0.5485,0.5521,34.0,0.5485,24.0,2243.0,1.0
2021-01-05 09:35:34.190,0.5485,0.5521,34.0,0.5485,24.0,2243.0,1.0
2021-01-05 09:35:34.691,0.5485,0.5511,10.0,0.5485,24.0,2243.0,1.0
2021-01-05 09:35:35.200,0.5485,0.551,13.0,0.5485,24.0,2243.0,1.0
2021-01-05 09:35:35.600,0.5485,0.551,13.0,0.5485,24.0,2243.0,1.0
2021-01-05 09:35:36.180,0.5485,0.551,13.0,0.5485,4.0,2243.0,1.0
2021-01-05 09:35:39.690,0.5485,0.551,13.0,0.5485,4.0,2243.0,1.0
2021-01-05 09:35:40.691,0.5485,0.551,13.0,0.5485,4.0,2243.0,1.0
2021-01-05 09:35:42.160,0.5485,0.551,13.0,0.5485,4.0,2243.0,1.0
2021-01-05 09:35:43.190,0.5485,0.551,33.0,0.5485,4.0,2243.0,1.0
2021-01-05 09:35:44.101,0.5485,0.551,33.0,0.5485,4.0,2243.0,1.0
2021-01-05 09:35:46.170,0.5485,0.5504,14.0,0.5485,4.0,2243.0,1.0
2021-01-05 09:35:46.700,0.5485,0.5501,10.0,0.5485,4.0,2243.0,1.0
2021-01-05 09:35:47.201,0.5485,0.55,13.0,0.5485,4.0,2243.0,1.0
2021-01-05 09:35:47.691,0.5485,0.55,13.0,0.5484,4.0,2243.0,5.0
2021-01-05 09:35:48.181,0.5484,0.55,13.0,0.5484,3.0,2243.0,6.0
2021-01-05 09:35:48.700,0.5484,0.55,13.0,0.5484,2.0,2243.0,7.0
2021-01-05 09:35:49.190,0.5484,0.55,13.0,0.5484,2.0,2243.0,7.0
2021-01-05 09:35:50.121,0.5484,0.55,13.0,0.5484,1.0,2243.0,8.0
2021-01-05 09:35:50.680,0.5484,0.55,13.0,0.5484,1.0,2243.0,8.0
2021-01-05 09:35:51.710,0.5484,0.55,13.0,0.5484,1.0,2243.0,8.0
2021-01-05 09:35:53.111,0.5484,0.55,13.0,0.5484,1.0,2243.0,8.0
2021-01-05 09:35:54.161,0.5484,0.55,13.0,0.5484,1.0,2243.0,8.0
2021-01-05 09:35:54.640,0.5484,0.55,13.0,0.5484,1.0,2243.0,8.0
2021-01-05 09:35:55.181,0.5484,0.5501,10.0,0.5484,1.0,2243.0,8.0
2021-01-05 09:35:55.691,0.5484,0.5501,10.0,0.5484,21.0,2243.0,8.0
2021-01-05 09:35:56.121,0.5484,0.5501,10.0,0.5484,21.0,2243.0,8.0
2021-01-05 09:35:56.690,0.5484,0.5501,10.0,0.5484,21.0,2243.0,8.0
2021-01-05 09:35:57.681,0.5484,0.5501,10.0,0.5484,21.0,2243.0,8.0
2021-01-05 09:35:58.150,0.5484,0.5501,10.0,0.5484,21.0,2243.0,8.0
2021-01-05 09:35:59.640,0.5484,0.5501,10.0,0.5484,21.0,2243.0,8.0
2021-01-05 09:36:00.201,0.5484,0.55,13.0,0.5484,1.0,2243.0,8.0
2021-01-05 09:36:00.680,0.5484,0.55,13.0,0.5484,1.0,2243.0,8.0
2021-01-05 09:36:01.671,0.5484,0.55,13.0,0.5484,1.0,2243.0,8.0
2021-01-05 09:36:02.170,0.5484,0.55,13.0,0.5484,1.0,2243.0,8.0
2021-01-05 09:36:02.701,0.5484,0.55,13.0,0.5484,1.0,2243.0,8.0
2021-01-05 09:36:03.150,0.5484,0.5511,14.0,0.5484,1.0,2243.0,8.0
2021-01-05 09:36:05.150,0.5484,0.5511,14.0,0.5484,1.0,2243.0,8.0
2021-01-05 09:36:05.590,0.5484,0.5511,14.0,0.5484,1.0,2243.0,8.0
2021-01-05 09:36:09.161,0.5484,0.5511,14.0,0.5484,1.0,2243.0,8.0
2021-01-05 09:36:10.160,0.5484,0.5521,34.0,0.5484,1.0,2243.0,8.0
2021-01-05 09:36:10.671,0.5484,0.5521,34.0,0.5484,1.0,2243.0,8.0
2021-01-05 09:36:11.180,0.5484,0.5521,34.0,0.5484,1.0,2243.0,8.0
2021-01-05 09:36:11.651,0.5484,0.5521,34.0,0.5484,1.0,2243.0,8.0
2021-01-05 09:36:12.690,0.5484,0.5521,34.0,0.5484,1.0,2243.0,8.0
2021-01-05 09:36:15.170,0.5484,0.5521,34.0,0.5484,1.0,2243.0,8.0
2021-01-05 09:36:16.150,0.5484,0.5521,34.0,0.5484,1.0,2243.0,8.0
2021-01-05 09:36:18.680,0.5484,0.5521,14.0,0.5485,3.0,2243.0,8.0
2021-01-05 09:36:18.680,0.5484,0.5521,14.0,0.5484,1.0,2243.0,8.0
2021-01-05 09:36:19.691,0.5484,0.5521,14.0,0.5484,1.0,2243.0,8.0
2021-01-05 09:36:21.120,0.5484,0.5521,14.0,0.5484,1.0,2243.0,8.0
2021-01-05 09:36:21.691,0.5484,0.5521,14.0,0.5486,10.0,2243.0,8.0
2021-01-05 09:36:22.171,0.5484,0.5521,14.0,0.5486,10.0,2243.0,8.0
2021-01-05 09:36:23.681,0.5484,0.5521,14.0,0.5486,10.0,2243.0,8.0
2021-01-05 09:36:24.171,0.5484,0.5521,34.0,0.5486,10.0,2243.0,8.0
2021-01-05 09:36:25.191,0.5484,0.5521,34.0,0.5486,10.0,2243.0,8.0
2021-01-05 09:36:25.650,0.5484,0.5521,34.0,0.5485,1.0,2243.0,8.0
2021-01-05 09:36:26.651,0.5484,0.5521,34.0,0.5485,1.0,2243.0,8.0
2021-01-05 09:36:27.070,0.5484,0.5521,34.0,0.5484,1.0,2243.0,8.0
2021-01-05 09:36:27.690,0.5484,0.5521,34.0,0.5484,1.0,2243.0,8.0
2021-01-05 09:36:28.120,0.5484,0.5513,14.0,0.5484,1.0,2243.0,8.0
2021-01-05 09:36:28.681,0.5484,0.5513,14.0,0.5484,1.0,2243.0,8.0
2021-01-05 09:36:29.171,0.5484,0.551,10.0,0.5484,1.0,2243.0,8.0
2021-01-05 09:36:29.661,0.5484,0.5509,13.0,0.5484,1.0,2243.0,8.0
2021-01-05 09:36:30.161,0.5484,0.5509,13.0,0.5484,1.0,2243.0,8.0
2021-01-05 09:36:30.700,0.5484,0.5509,13.0,0.5484,21.0,2243.0,8.0
2021-01-05 09:36:31.181,0.5484,0.5509,13.0,0.5484,1.0,2243.0,8.0
2021-01-05 09:36:31.690,0.5484,0.5509,13.0,0.5484,21.0,2243.0,8.0
2021-01-05 09:36:33.200,0.5484,0.5509,13.0,0.5484,21.0,2243.0,8.0
2021-01-05 09:36:33.670,0.5484,0.5509,13.0,0.5484,21.0,2243.0,8.0
2021-01-05 09:36:34.091,0.5484,0.5509,13.0,0.5484,21.0,2243.0,8.0
2021-01-05 09:36:35.150,0.5484,0.5509,13.0,0.5484,21.0,2243.0,8.0
2021-01-05 09:36:35.701,0.5484,0.5509,13.0,0.5484,21.0,2243.0,8.0
2021-01-05 09:36:36.191,0.5484,0.5509,13.0,0.5484,21.0,2243.0,8.0
2021-01-05 09:36:36.700,0.5484,0.5509,13.0,0.5484,21.0,2243.0,8.0
2021-01-05 09:36:37.190,0.5484,0.5509,13.0,0.5484,21.0,2243.0,8.0
2021-01-05 09:36:38.120,0.5484,0.5509,13.0,0.5484,21.0,2243.0,8.0
2021-01-05 09:36:40.191,0.5484,0.5509,13.0,0.5484,21.0,2243.0,8.0
2021-01-05 09:36:40.700,0.5484,0.5509,13.0,0.5484,21.0,2243.0,8.0
2021-01-05 09:36:41.201,0.5484,0.5509,13.0,0.5484,21.0,2243.0,8.0
2021-01-05 09:36:41.641,0.5484,0.5509,13.0,0.5484,21.0,2243.0,8.0
2021-01-05 09:36:42.200,0.5484,0.5509,13.0,0.5484,21.0,2243.0,8.0
2021-01-05 09:36:42.690,0.5484,0.5509,13.0,0.5485,1.0,2243.0,8.0
2021-01-05 09:36:43.180,0.5484,0.5509,13.0,0.5484,21.0,2243.0,8.0
2021-01-05 09:36:43.700,0.5484,0.5509,13.0,0.5484,21.0,2243.0,8.0
2021-01-05 09:36:44.200,0.5484,0.5509,13.0,0.5484,21.0,2243.0,8.0
2021-01-05 09:36:45.191,0.5484,0.5494,10.0,0.5484,21.0,2243.0,8.0
2021-01-05 09:36:45.631,0.5484,0.5494,10.0,0.5484,21.0,2243.0,8.0
2021-01-05 09:36:46.190,0.5484,0.5494,23.0,0.5484,21.0,2243.0,8.0
2021-01-05 09:36:46.501,0.5484,0.5494,10.0,0.5484,21.0,2243.0,8.0
2021-01-05 09:36:47.130,0.5484,0.5493,13.0,0.5484,1.0,2243.0,8.0
2021-01-05 09:36:47.660,0.5484,0.5493,13.0,0.5478,20.0,2243.0,9.0
2021-01-05 09:36:48.630,0.5484,0.5493,13.0,0.5462,34.0,2243.0,9.0
2021-01-05 09:36:49.181,0.5484,0.5493,13.0,0.5463,1.0,2243.0,9.0
2021-01-05 09:36:49.700,0.5484,0.5493,13.0,0.5463,2.0,2243.0,9.0
2021-01-05 09:36:50.670,0.5484,0.5493,13.0,0.5463,2.0,2243.0,9.0
2021-01-05 09:36:53.191,0.5484,0.5493,13.0,0.5463,2.0,2243.0,9.0
2021-01-05 09:36:54.180,0.5484,0.5493,13.0,0.5463,2.0,2243.0,9.0
2021-01-05 09:36:54.631,0.5484,0.5493,13.0,0.5464,3.0,2243.0,9.0
2021-01-05 09:36:55.651,0.5484,0.5494,10.0,0.5464,3.0,2243.0,9.0
2021-01-05 09:36:56.141,0.5484,0.5494,10.0,0.5464,3.0,2243.0,9.0
2021-01-05 09:36:56.601,0.5484,0.5494,10.0,0.5464,3.0,2243.0,9.0
2021-01-05 09:36:57.630,0.5484,0.5494,10.0,0.5464,3.0,2243.0,9.0
2021-01-05 09:36:59.181,0.5484,0.5494,10.0,0.5464,3.0,2243.0,9.0
2021-01-05 09:36:59.690,0.5484,0.5493,13.0,0.5463,2.0,2243.0,9.0
2021-01-05 09:37:00.700,0.5484,0.5493,13.0,0.5463,2.0,2243.0,9.0
2021-01-05 09:37:02.191,0.5484,0.5494,10.0,0.5463,2.0,2243.0,9.0
2021-01-05 09:37:02.610,0.5484,0.5494,10.0,0.5464,3.0,2243.0,9.0
2021-01-05 09:37:03.151,0.5484,0.5494,10.0,0.5464,3.0,2243.0,9.0
2021-01-05 09:37:03.630,0.5484,0.5494,10.0,0.5464,3.0,2243.0,9.0
2021-01-05 09:37:04.200,0.5484,0.5512,14.0,0.547,14.0,2243.0,9.0
2021-01-05 09:37:04.690,0.5484,0.5512,14.0,0.547,14.0,2243.0,9.0
2021-01-05 09:37:05.140,0.5484,0.5512,14.0,0.5471,1.0,2243.0,9.0
2021-01-05 09:37:05.701,0.5484,0.5512,14.0,0.5472,3.0,2243.0,9.0
2021-01-05 09:37:06.171,0.5484,0.5512,14.0,0.5472,3.0,2243.0,9.0
2021-01-05 09:37:06.700,0.5484,0.5512,14.0,0.5472,3.0,2243.0,9.0
2021-01-05 09:37:07.180,0.5484,0.5512,14.0,0.5472,3.0,2243.0,9.0
2021-01-05 09:37:07.681,0.5484,0.5512,14.0,0.5472,3.0,2243.0,9.0
2021-01-05 09:37:08.200,0.5484,0.5512,14.0,0.5471,21.0,2243.0,9.0
2021-01-05 09:37:08.630,0.5484,0.5512,14.0,0.5471,21.0,2243.0,9.0
2021-01-05 09:37:09.170,0.5484,0.5499,10.0,0.5471,22.0,2243.0,9.0
2021-01-05 09:37:09.660,0.5484,0.5498,13.0,0.5471,22.0,2243.0,9.0
2021-01-05 09:37:10.140,0.5484,0.5498,13.0,0.5471,22.0,2243.0,9.0
2021-01-05 09:37:10.701,0.5484,0.5499,10.0,0.5471,22.0,2243.0,9.0
2021-01-05 09:37:12.131,0.5484,0.5499,10.0,0.5471,22.0,2243.0,9.0
2021-01-05 09:37:12.131,0.5484,0.5499,10.0,0.5479,14.0,2243.0,9.0
2021-01-05 09:37:13.181,0.5484,0.551,24.0,0.5479,34.0,2243.0,9.0
2021-01-05 09:37:13.181,0.5484,0.551,24.0,0.5479,34.0,2243.0,9.0
2021-01-05 09:37:14.171,0.5484,0.551,24.0,0.548,1.0,2243.0,9.0
2021-01-05 09:37:14.651,0.5484,0.551,24.0,0.548,1.0,2243.0,9.0
2021-01-05 09:37:15.101,0.5484,0.5502,14.0,0.548,1.0,2243.0,9.0
2021-01-05 09:37:16.501,0.5484,0.5502,14.0,0.548,1.0,2243.0,9.0
2021-01-05 09:37:17.200,0.5484,0.5502,14.0,0.548,1.0,2243.0,9.0
2021-01-05 09:37:17.671,0.5484,0.5502,14.0,0.548,1.0,2243.0,9.0
2021-01-05 09:37:18.710,0.5484,0.5502,14.0,0.548,1.0,2243.0,9.0
2021-01-05 09:37:19.021,0.5484,0.5502,14.0,0.548,1.0,2243.0,9.0
2021-01-05 09:37:21.200,0.5484,0.5502,14.0,0.548,1.0,2243.0,9.0
2021-01-05 09:37:21.701,0.5484,0.5509,14.0,0.548,1.0,2243.0,9.0
2021-01-05 09:37:22.030,0.5484,0.5509,14.0,0.548,1.0,2243.0,9.0
2021-01-05 09:37:23.150,0.5484,0.5509,14.0,0.548,1.0,2243.0,9.0
2021-01-05 09:37:23.701,0.5484,0.5509,14.0,0.548,1.0,2243.0,9.0
2021-01-05 09:37:24.080,0.5484,0.5509,14.0,0.548,1.0,2243.0,9.0
2021-01-05 09:37:25.200,0.5484,0.5509,14.0,0.548,1.0,2243.0,9.0
2021-01-05 09:37:26.650,0.5484,0.5509,14.0,0.548,1.0,2243.0,9.0
2021-01-05 09:37:27.130,0.5484,0.5509,14.0,0.548,1.0,2243.0,9.0
2021-01-05 09:37:29.130,0.5484,0.5509,14.0,0.548,1.0,2243.0,9.0
2021-01-05 09:37:30.191,0.5484,0.5509,14.0,0.548,1.0,2243.0,9.0
2021-01-05 09:37:30.650,0.5484,0.5509,14.0,0.548,1.0,2243.0,9.0
2021-01-05 09:37:32.651,0.5484,0.5509,14.0,0.548,1.0,2243.0,9.0
2021-01-05 09:37:33.180,0.5484,0.5503,14.0,0.548,1.0,2243.0,9.0
2021-01-05 09:37:34.200,0.5484,0.5503,14.0,0.548,1.0,2243.0,9.0
2021-01-05 09:37:35.650,0.5484,0.5505,14.0,0.548,1.0,2243.0,9.0
2021-01-05 09:37:36.200,0.5484,0.5505,14.0,0.548,2.0,2243.0,9.0
2021-01-05 09:37:37.691,0.5484,0.5505,14.0,0.548,2.0,2243.0,9.0
2021-01-05 09:37:38.651,0.5484,0.5512,14.0,0.5485,14.0,2243.0,9.0
2021-01-05 09:37:39.170,0.5484,0.5512,14.0,0.5485,14.0,2243.0,9.0
2021-01-05 09:37:39.641,0.5484,0.5512,14.0,0.5485,34.0,2243.0,9.0
2021-01-05 09:37:41.131,0.5484,0.5512,14.0,0.5485,34.0,2243.0,9.0
2021-01-05 09:37:43.181,0.5484,0.5515,10.0,0.5486,3.0,2243.0,9.0
2021-01-05 09:37:43.671,0.5484,0.5514,13.0,0.549,14.0,2243.0,9.0
2021-01-05 09:37:44.190,0.5484,0.5514,13.0,0.549,14.0,2243.0,9.0
2021-01-05 09:37:44.651,0.5484,0.5514,13.0,0.549,14.0,2243.0,9.0
2021-01-05 09:37:45.171,0.5484,0.5515,10.0,0.549,34.0,2243.0,9.0
2021-01-05 09:37:45.650,0.5484,0.5515,23.0,0.5491,1.0,2243.0,9.0
2021-01-05 09:37:46.601,0.5484,0.5515,10.0,0.5491,1.0,2243.0,9.0
2021-01-05 09:37:47.210,0.5484,0.5514,13.0,0.5491,1.0,2243.0,9.0
2021-01-05 09:37:53.161,0.5484,0.5514,13.0,0.5491,2.0,2243.0,9.0
2021-01-05 09:37:53.680,0.5484,0.5512,14.0,0.5491,2.0,2243.0,9.0
2021-01-05 09:37:56.121,0.5484,0.5512,14.0,0.5491,2.0,2243.0,9.0
2021-01-05 09:37:56.611,0.5484,0.5515,10.0,0.5491,16.0,2243.0,9.0
2021-01-05 09:37:57.170,0.5491,0.5514,13.0,0.5491,13.0,2246.0,12.0
2021-01-05 09:37:57.601,0.5491,0.5523,14.0,0.5497,14.0,2246.0,12.0
2021-01-05 09:37:58.091,0.5491,0.5523,14.0,0.5497,34.0,2246.0,12.0
2021-01-05 09:37:58.640,0.5491,0.5523,14.0,0.5497,34.0,2246.0,12.0
2021-01-05 09:37:59.161,0.5491,0.5523,14.0,0.5497,34.0,2246.0,12.0
2021-01-05 09:38:00.131,0.5491,0.5518,14.0,0.5497,20.0,2246.0,12.0
2021-01-05 09:38:00.680,0.5491,0.5518,24.0,0.5497,20.0,2246.0,12.0
2021-01-05 09:38:01.180,0.5491,0.5518,24.0,0.5492,17.0,2246.0,12.0
2021-01-05 09:38:02.181,0.5491,0.5518,24.0,0.5492,17.0,2246.0,12.0
2021-01-05 09:38:04.190,0.5491,0.5518,24.0,0.5492,14.0,2246.0,12.0
2021-01-05 09:38:05.181,0.5491,0.5518,24.0,0.5492,14.0,2246.0,12.0
2021-01-05 09:38:05.681,0.5491,0.5518,14.0,0.5492,14.0,2246.0,12.0
2021-01-05 09:38:06.691,0.5491,0.5513,14.0,0.5491,3.0,2246.0,12.0
2021-01-05 09:38:07.200,0.5491,0.5513,14.0,0.549,20.0,2246.0,12.0
2021-01-05 09:38:07.690,0.5491,0.5508,14.0,0.549,20.0,2246.0,12.0
2021-01-05 09:38:07.961,0.5491,0.5508,14.0,0.5485,21.0,2246.0,12.0
2021-01-05 09:38:08.670,0.5491,0.5508,14.0,0.5486,3.0,2246.0,12.0
2021-01-05 09:38:09.160,0.5491,0.5508,14.0,0.5485,20.0,2246.0,12.0
2021-01-05 09:38:09.611,0.5491,0.5508,14.0,0.5485,20.0,2246.0,12.0
2021-01-05 09:38:10.180,0.5491,0.5503,14.0,0.5485,20.0,2246.0,12.0
2021-01-05 09:38:10.670,0.5491,0.5503,14.0,0.5477,44.0,2246.0,12.0
2021-01-05 09:38:11.141,0.5491,0.5503,14.0,0.5478,4.0,2246.0,12.0
2021-01-05 09:38:11.701,0.5491,0.5503,14.0,0.5478,4.0,2246.0,12.0
2021-01-05 09:38:12.191,0.5491,0.551,14.0,0.5484,14.0,2246.0,12.0
2021-01-05 09:38:12.691,0.5491,0.551,14.0,0.5484,34.0,2246.0,12.0
2021-01-05 09:38:13.110,0.5491,0.551,14.0,0.5484,34.0,2246.0,12.0
2021-01-05 09:38:13.690,0.5491,0.551,14.0,0.5484,34.0,2246.0,12.0
2021-01-05 09:38:14.141,0.5491,0.5505,14.0,0.5479,34.0,2246.0,12.0
2021-01-05 09:38:14.691,0.5491,0.5505,14.0,0.5479,34.0,2246.0,12.0
2021-01-05 09:38:15.150,0.5491,0.55,14.0,0.5479,20.0,2246.0,12.0
2021-01-05 09:38:15.150,0.5491,0.55,14.0,0.5474,14.0,2246.0,12.0
2021-01-05 09:38:16.210,0.5491,0.55,14.0,0.5474,14.0,2246.0,12.0
2021-01-05 09:38:16.731,0.5491,0.55,14.0,0.5474,14.0,2246.0,12.0
2021-01-05 09:38:17.190,0.5491,0.55,14.0,0.5474,14.0,2246.0,12.0
2021-01-05 09:38:18.231,0.5491,0.55,14.0,0.5474,14.0,2246.0,12.0
2021-01-05 09:38:18.660,0.5491,0.55,14.0,0.5474,14.0,2246.0,12.0
2021-01-05 09:38:19.230,0.5491,0.55,14.0,0.5474,14.0,2246.0,12.0
2021-01-05 09:38:19.670,0.5491,0.55,14.0,0.5474,14.0,2246.0,12.0
2021-01-05 09:38:20.690,0.5491,0.55,14.0,0.5474,14.0,2246.0,12.0
2021-01-05 09:38:21.670,0.5491,0.5494,14.0,0.5473,20.0,2246.0,12.0
2021-01-05 09:38:22.210,0.5491,0.5494,14.0,0.5468,14.0,2246.0,12.0
2021-01-05 09:38:22.661,0.5491,0.5494,14.0,0.5468,14.0,2246.0,12.0
2021-01-05 09:38:23.201,0.5491,0.5494,14.0,0.5468,34.0,2246.0,12.0
2021-01-05 09:38:24.141,0.5491,0.5494,14.0,0.5468,34.0,2246.0,12.0
2021-01-05 09:38:24.690,0.5491,0.5489,14.0,0.5468,20.0,2246.0,12.0
2021-01-05 09:38:25.101,0.5491,0.5489,14.0,0.5461,34.0,2246.0,12.0
2021-01-05 09:38:25.101,0.5491,0.5489,14.0,0.5462,3.0,2246.0,12.0
2021-01-05 09:38:26.100,0.5491,0.5489,14.0,0.5461,34.0,2246.0,12.0
2021-01-05 09:38:26.701,0.5491,0.5489,14.0,0.5462,3.0,2246.0,12.0
2021-01-05 09:38:28.171,0.5491,0.5489,14.0,0.5461,34.0,2246.0,12.0
2021-01-05 09:38:28.680,0.5491,0.5489,14.0,0.5461,34.0,2246.0,12.0
2021-01-05 09:38:29.191,0.5491,0.5489,14.0,0.5461,34.0,2246.0,12.0
2021-01-05 09:38:29.641,0.5491,0.5489,14.0,0.5461,34.0,2246.0,12.0
2021-01-05 09:38:30.190,0.5491,0.5489,14.0,0.5461,34.0,2246.0,12.0
2021-01-05 09:38:31.181,0.5491,0.5489,14.0,0.5461,34.0,2246.0,12.0
2021-01-05 09:38:31.700,0.5491,0.5489,14.0,0.5461,34.0,2246.0,12.0
2021-01-05 09:38:32.171,0.5491,0.5489,14.0,0.5461,34.0,2246.0,12.0
2021-01-05 09:38:32.701,0.5461,0.5489,14.0,0.5461,33.0,2247.0,13.0
2021-01-05 09:38:33.191,0.5461,0.5489,14.0,0.5461,33.0,2247.0,13.0
2021-01-05 09:38:33.700,0.5461,0.5481,14.0,0.5461,20.0,2247.0,13.0
2021-01-05 09:38:34.201,0.5461,0.5481,14.0,0.5452,34.0,2247.0,13.0
2021-01-05 09:38:35.200,0.5461,0.5481,14.0,0.5452,34.0,2247.0,13.0
2021-01-05 09:38:35.700,0.5461,0.5474,14.0,0.5452,20.0,2247.0,13.0
2021-01-05 09:38:36.130,0.5461,0.5474,14.0,0.5452,20.0,2247.0,13.0
2021-01-05 09:38:36.691,0.5461,0.5474,14.0,0.5445,34.0,2247.0,13.0
2021-01-05 09:38:37.680,0.5461,0.5474,14.0,0.5445,34.0,2247.0,13.0
2021-01-05 09:38:38.161,0.5461,0.5474,14.0,0.5445,34.0,2247.0,13.0
2021-01-05 09:38:38.660,0.5445,0.5474,14.0,0.5445,32.0,2249.0,15.0
2021-01-05 09:38:39.161,0.5445,0.5474,14.0,0.5445,32.0,2249.0,15.0
2021-01-05 09:38:39.661,0.5445,0.5474,14.0,0.5445,32.0,2249.0,15.0
2021-01-05 09:38:40.141,0.5445,0.5464,14.0,0.5445,20.0,2249.0,15.0
2021-01-05 09:38:40.591,0.5445,0.5464,14.0,0.5435,14.0,2249.0,15.0
2021-01-05 09:38:41.190,0.5445,0.5464,14.0,0.5435,14.0,2249.0,15.0
2021-01-05 09:38:41.640,0.5445,0.5464,14.0,0.5435,14.0,2249.0,15.0
2021-01-05 09:38:42.191,0.5445,0.5464,14.0,0.5435,14.0,2249.0,15.0
2021-01-05 09:38:42.700,0.5445,0.5464,14.0,0.5435,14.0,2249.0,15.0
2021-01-05 09:38:43.190,0.5445,0.5464,14.0,0.5435,14.0,2249.0,15.0
2021-01-05 09:38:43.701,0.5445,0.5464,14.0,0.5435,14.0,2249.0,15.0
2021-01-05 09:38:44.200,0.5445,0.5464,14.0,0.5435,14.0,2249.0,15.0
2021-01-05 09:38:44.690,0.5445,0.5471,14.0,0.5441,14.0,2249.0,15.0
2021-01-05 09:38:45.480,0.5445,0.5471,14.0,0.5441,34.0,2249.0,15.0
2021-01-05 09:38:45.580,0.5445,0.5483,20.0,0.5441,20.0,2249.0,15.0
2021-01-05 09:38:46.210,0.5445,0.5476,14.0,0.5447,14.0,2249.0,15.0
2021-01-05 09:38:47.140,0.5445,0.5476,14.0,0.5447,34.0,2249.0,15.0
2021-01-05 09:38:47.691,0.5445,0.5476,14.0,0.5447,34.0,2249.0,15.0
2021-01-05 09:38:48.110,0.5445,0.5484,14.0,0.5455,14.0,2249.0,15.0
2021-01-05 09:38:48.650,0.5445,0.5484,14.0,0.5455,34.0,2249.0,15.0
2021-01-05 09:38:49.130,0.5445,0.5484,14.0,0.5455,34.0,2249.0,15.0
2021-01-05 09:38:49.670,0.5445,0.5492,24.0,0.5463,14.0,2249.0,15.0
2021-01-05 09:38:50.110,0.5445,0.5492,24.0,0.5463,34.0,2249.0,15.0
2021-01-05 09:38:50.651,0.5445,0.5492,44.0,0.5463,34.0,2249.0,15.0
2021-01-05 09:38:51.170,0.5445,0.5485,14.0,0.5463,20.0,2249.0,15.0
2021-01-05 09:38:51.691,0.5445,0.5485,14.0,0.5458,14.0,2249.0,15.0
2021-01-05 09:38:52.150,0.5445,0.5478,14.0,0.5455,20.0,2249.0,15.0
2021-01-05 09:38:52.671,0.5445,0.5478,14.0,0.545,14.0,2249.0,15.0
2021-01-05 09:38:53.620,0.5445,0.5478,14.0,0.545,14.0,2249.0,15.0
2021-01-05 09:38:54.200,0.5445,0.5478,14.0,0.545,14.0,2249.0,15.0
2021-01-05 09:38:54.690,0.5445,0.5478,14.0,0.545,14.0,2249.0,15.0
2021-01-05 09:38:55.191,0.5445,0.5478,14.0,0.545,14.0,2249.0,15.0
2021-01-05 09:38:55.700,0.5445,0.5471,14.0,0.5447,20.0,2249.0,15.0
2021-01-05 09:38:56.190,0.5445,0.5471,14.0,0.5447,20.0,2249.0,15.0
2021-01-05 09:38:57.200,0.5445,0.5471,14.0,0.5447,20.0,2249.0,15.0
2021-01-05 09:38:57.640,0.5445,0.5471,14.0,0.5447,20.0,2249.0,15.0
2021-01-05 09:38:58.190,0.5445,0.5476,14.0,0.545,14.0,2249.0,15.0
2021-01-05 09:38:58.670,0.5445,0.5481,14.0,0.5456,14.0,2249.0,15.0
2021-01-05 09:38:59.060,0.5445,0.5481,14.0,0.5456,34.0,2249.0,15.0
2021-01-05 09:39:00.660,0.5445,0.5481,14.0,0.5456,34.0,2249.0,15.0
2021-01-05 09:39:01.160,0.5445,0.5481,14.0,0.5456,34.0,2249.0,15.0
2021-01-05 09:39:02.201,0.5445,0.5481,14.0,0.5456,34.0,2249.0,15.0
2021-01-05 09:39:02.660,0.5445,0.5481,14.0,0.5456,34.0,2249.0,15.0
2021-01-05 09:39:03.150,0.5445,0.5481,14.0,0.5456,34.0,2249.0,15.0
2021-01-05 09:39:04.161,0.5445,0.5481,14.0,0.5456,34.0,2249.0,15.0
2021-01-05 09:39:04.610,0.5445,0.5481,14.0,0.5456,34.0,2249.0,15.0
2021-01-05 09:39:05.701,0.5445,0.5481,14.0,0.5456,34.0,2249.0,15.0
2021-01-05 09:39:08.690,0.5445,0.5481,14.0,0.5456,34.0,2249.0,15.0
2021-01-05 09:39:09.161,0.5445,0.5481,14.0,0.5456,34.0,2249.0,15.0
2021-01-05 09:39:10.721,0.5445,0.5481,14.0,0.5456,34.0,2249.0,15.0
2021-01-05 09:39:11.201,0.5445,0.5475,14.0,0.5456,20.0,2249.0,15.0
2021-01-05 09:39:11.701,0.5445,0.5475,14.0,0.5456,20.0,2249.0,15.0
2021-01-05 09:39:12.220,0.5445,0.5475,14.0,0.5456,20.0,2249.0,15.0
2021-01-05 09:39:12.690,0.5445,0.5475,14.0,0.5456,20.0,2249.0,15.0
2021-01-05 09:39:13.170,0.5445,0.5475,14.0,0.5449,14.0,2249.0,15.0
2021-01-05 09:39:13.720,0.5445,0.5475,14.0,0.5449,14.0,2249.0,15.0
2021-01-05 09:39:13.970,0.5445,0.5475,14.0,0.5449,14.0,2249.0,15.0
2021-01-05 09:39:14.650,0.5445,0.5475,14.0,0.5449,14.0,2249.0,15.0
2021-01-05 09:39:15.720,0.5445,0.5475,14.0,0.5449,14.0,2249.0,15.0
2021-01-05 09:39:16.121,0.5445,0.5475,14.0,0.5449,14.0,2249.0,15.0
2021-01-05 09:39:16.711,0.5445,0.5475,14.0,0.5449,14.0,2249.0,15.0
2021-01-05 09:39:17.191,0.5445,0.5475,14.0,0.5449,14.0,2249.0,15.0
2021-01-05 09:39:17.650,0.5445,0.5475,14.0,0.5449,14.0,2249.0,15.0
2021-01-05 09:39:18.221,0.5445,0.5475,14.0,0.5449,14.0,2249.0,15.0
2021-01-05 09:39:18.671,0.5445,0.5475,14.0,0.5449,14.0,2249.0,15.0
2021-01-05 09:39:19.710,0.5445,0.5475,14.0,0.5449,14.0,2249.0,15.0
2021-01-05 09:39:20.221,0.5445,0.5475,14.0,0.5449,14.0,2249.0,15.0
2021-01-05 09:39:20.741,0.5445,0.5475,14.0,0.5449,14.0,2249.0,15.0
2021-01-05 09:39:21.231,0.5445,0.5475,14.0,0.5449,14.0,2249.0,15.0
2021-01-05 09:39:21.671,0.5445,0.5475,14.0,0.5449,14.0,2249.0,15.0
2021-01-05 09:39:22.651,0.5445,0.5475,14.0,0.5449,14.0,2249.0,15.0
2021-01-05 09:39:23.200,0.5445,0.5475,14.0,0.5449,14.0,2249.0,15.0
2021-01-05 09:39:24.151,0.5445,0.5475,14.0,0.5449,14.0,2249.0,15.0
2021-01-05 09:39:25.700,0.5445,0.5475,14.0,0.5449,14.0,2249.0,15.0
2021-01-05 09:39:26.130,0.5445,0.5475,14.0,0.5449,14.0,2249.0,15.0
2021-01-05 09:39:29.231,0.5445,0.5475,14.0,0.5449,14.0,2249.0,15.0
2021-01-05 09:39:29.721,0.5445,0.5475,14.0,0.5449,14.0,2249.0,15.0
2021-01-05 09:39:30.220,0.5445,0.5475,14.0,0.5449,14.0,2249.0,15.0
2021-01-05 09:39:30.721,0.5445,0.5475,14.0,0.5449,14.0,2249.0,15.0
2021-01-05 09:39:31.121,0.5445,0.5475,14.0,0.5449,14.0,2249.0,15.0
2021-01-05 09:39:31.701,0.5445,0.5475,14.0,0.5449,14.0,2249.0,15.0
2021-01-05 09:39:32.141,0.5445,0.5475,14.0,0.5449,14.0,2249.0,15.0
2021-01-05 09:39:32.700,0.5445,0.5475,14.0,0.5449,14.0,2249.0,15.0
2021-01-05 09:39:33.530,0.5445,0.5475,14.0,0.5449,14.0,2249.0,15.0
2021-01-05 09:39:34.210,0.5445,0.5475,14.0,0.545,1.0,2249.0,15.0
2021-01-05 09:39:34.681,0.5445,0.5475,14.0,0.545,11.0,2249.0,15.0
2021-01-05 09:39:35.171,0.5445,0.5481,14.0,0.5453,14.0,2249.0,15.0
2021-01-05 09:39:35.701,0.5445,0.5481,14.0,0.5453,14.0,2249.0,15.0
2021-01-05 09:39:36.231,0.5445,0.5481,14.0,0.5453,34.0,2249.0,15.0
2021-01-05 09:39:37.221,0.5445,0.5481,14.0,0.5455,10.0,2249.0,15.0
2021-01-05 09:39:37.730,0.5445,0.5481,14.0,0.5453,34.0,2249.0,15.0
2021-01-05 09:39:39.241,0.5445,0.5481,14.0,0.5453,34.0,2249.0,15.0
2021-01-05 09:39:41.220,0.5445,0.5481,14.0,0.5453,34.0,2249.0,15.0
2021-01-05 09:39:41.750,0.5445,0.5481,14.0,0.5453,34.0,2249.0,15.0
2021-01-05 09:39:42.210,0.5445,0.5481,14.0,0.5453,34.0,2249.0,15.0
2021-01-05 09:39:42.740,0.5445,0.5481,14.0,0.5453,34.0,2249.0,15.0
2021-01-05 09:39:43.191,0.5445,0.5481,14.0,0.5453,34.0,2249.0,15.0
2021-01-05 09:39:43.660,0.5445,0.5481,14.0,0.5453,34.0,2249.0,15.0
2021-01-05 09:39:44.231,0.5445,0.5481,14.0,0.5453,34.0,2249.0,15.0
2021-01-05 09:39:44.680,0.5445,0.5481,14.0,0.5453,34.0,2249.0,15.0
2021-01-05 09:39:45.251,0.5445,0.5481,14.0,0.5453,34.0,2249.0,15.0
2021-01-05 09:39:46.190,0.5445,0.5474,14.0,0.5453,20.0,2249.0,15.0
2021-01-05 09:39:46.711,0.5445,0.5474,14.0,0.5453,20.0,2249.0,15.0
2021-01-05 09:39:47.250,0.5445,0.5474,14.0,0.5448,1.0,2249.0,15.0
2021-01-05 09:39:47.731,0.5445,0.5474,14.0,0.5448,1.0,2249.0,15.0
2021-01-05 09:39:48.221,0.5445,0.5474,14.0,0.5447,20.0,2249.0,15.0
2021-01-05 09:39:48.720,0.5445,0.5474,14.0,0.5447,20.0,2249.0,15.0
2021-01-05 09:39:49.241,0.5445,0.5474,14.0,0.5447,20.0,2249.0,15.0
2021-01-05 09:39:50.710,0.5445,0.5468,14.0,0.5447,20.0,2249.0,15.0
2021-01-05 09:39:51.241,0.5445,0.5468,14.0,0.5442,10.0,2249.0,15.0
2021-01-05 09:39:51.730,0.5445,0.5461,14.0,0.5442,30.0,2249.0,15.0
2021-01-05 09:39:52.251,0.5445,0.5461,14.0,0.5442,30.0,2249.0,15.0
2021-01-05 09:39:52.670,0.5445,0.5461,14.0,0.5443,3.0,2249.0,15.0
2021-01-05 09:39:53.181,0.5445,0.5468,14.0,0.5443,3.0,2249.0,15.0
2021-01-05 09:39:53.630,0.5445,0.5468,14.0,0.5443,3.0,2249.0,15.0
2021-01-05 09:39:54.191,0.5445,0.5468,14.0,0.5444,1.0,2249.0,15.0
2021-01-05 09:39:54.691,0.5445,0.5468,14.0,0.5444,1.0,2249.0,15.0
2021-01-05 09:39:55.181,0.5445,0.5468,14.0,0.5442,30.0,2249.0,15.0
2021-01-05 09:39:55.461,0.5445,0.5468,14.0,0.5442,30.0,2249.0,15.0
2021-01-05 09:39:56.120,0.5445,0.5468,14.0,0.5442,30.0,2249.0,15.0
2021-01-05 09:39:56.691,0.5445,0.5468,14.0,0.5442,10.0,2249.0,15.0
2021-01-05 09:39:57.181,0.5445,0.5468,14.0,0.5442,30.0,2249.0,15.0
2021-01-05 09:39:57.580,0.5445,0.5468,14.0,0.5442,30.0,2249.0,15.0
2021-01-05 09:39:58.201,0.5445,0.5468,14.0,0.5442,30.0,2249.0,15.0
2021-01-05 09:40:00.631,0.5445,0.5468,14.0,0.5442,30.0,2249.0,15.0
2021-01-05 09:40:01.201,0.5445,0.5468,14.0,0.5442,30.0,2249.0,15.0
2021-01-05 09:40:01.570,0.5445,0.5475,14.0,0.5444,14.0,2249.0,15.0
2021-01-05 09:40:02.200,0.5445,0.5475,14.0,0.5444,14.0,2249.0,15.0
2021-01-05 09:40:02.671,0.5445,0.5497,10.0,0.5461,10.0,2249.0,15.0
2021-01-05 09:40:03.171,0.5445,0.5481,14.0,0.5461,10.0,2249.0,15.0
2021-01-05 09:40:03.691,0.5445,0.5481,14.0,0.5461,10.0,2249.0,15.0
2021-01-05 09:40:04.160,0.5461,0.5481,14.0,0.5456,20.0,2250.0,16.0
2021-01-05 09:40:04.160,0.5461,0.5481,14.0,0.5456,20.0,2250.0,16.0
2021-01-05 09:40:05.170,0.5461,0.5481,14.0,0.545,34.0,2250.0,16.0
2021-01-05 09:40:05.701,0.5461,0.5481,14.0,0.545,34.0,2250.0,16.0
2021-01-05 09:40:06.200,0.5461,0.5481,14.0,0.545,34.0,2250.0,16.0
2021-01-05 09:40:06.701,0.5461,0.5481,14.0,0.545,34.0,2250.0,16.0
2021-01-05 09:40:07.700,0.5461,0.5481,14.0,0.545,37.0,2250.0,16.0
2021-01-05 09:40:08.200,0.5461,0.5481,14.0,0.545,37.0,2250.0,16.0
2021-01-05 09:40:08.690,0.5461,0.5488,14.0,0.5457,14.0,2250.0,16.0
2021-01-05 09:40:09.191,0.5461,0.5488,14.0,0.5457,14.0,2250.0,16.0
2021-01-05 09:40:09.691,0.5461,0.5488,14.0,0.5457,37.0,2250.0,16.0
2021-01-05 09:40:10.150,0.5461,0.5488,14.0,0.5457,34.0,2250.0,16.0
2021-01-05 09:40:10.680,0.5461,0.5488,14.0,0.5457,34.0,2250.0,16.0
2021-01-05 09:40:11.170,0.5461,0.5488,14.0,0.5457,34.0,2250.0,16.0
2021-01-05 09:40:11.671,0.5461,0.5488,14.0,0.5457,34.0,2250.0,16.0
2021-01-05 09:40:12.190,0.5461,0.5488,14.0,0.5457,34.0,2250.0,16.0
2021-01-05 09:40:12.680,0.5461,0.5493,14.0,0.5464,14.0,2250.0,16.0
2021-01-05 09:40:13.170,0.5461,0.5493,14.0,0.5464,34.0,2250.0,16.0
2021-01-05 09:40:13.400,0.5461,0.5493,14.0,0.5464,34.0,2250.0,16.0
2021-01-05 09:40:14.150,0.5461,0.5493,14.0,0.5464,34.0,2250.0,16.0
2021-01-05 09:40:14.701,0.5461,0.5493,14.0,0.5464,34.0,2250.0,16.0
2021-01-05 09:40:15.120,0.5461,0.5493,14.0,0.5465,1.0,2250.0,16.0
2021-01-05 09:40:15.690,0.5461,0.5493,14.0,0.547,10.0,2250.0,16.0
2021-01-05 09:40:16.140,0.5461,0.5493,14.0,0.547,30.0,2250.0,16.0
2021-01-05 09:40:17.191,0.5461,0.5493,14.0,0.547,30.0,2250.0,16.0
2021-01-05 09:40:17.661,0.5461,0.55,14.0,0.547,44.0,2250.0,16.0
2021-01-05 09:40:18.161,0.5461,0.55,14.0,0.547,44.0,2250.0,16.0
2021-01-05 09:40:19.711,0.5461,0.55,14.0,0.547,44.0,2250.0,16.0
2021-01-05 09:40:20.191,0.5461,0.5494,14.0,0.547,10.0,2250.0,16.0
2021-01-05 09:40:20.691,0.5461,0.5494,14.0,0.547,10.0,2250.0,16.0
2021-01-05 09:40:21.200,0.5461,0.5488,14.0,0.5465,1.0,2250.0,16.0
2021-01-05 09:40:21.701,0.5461,0.5488,14.0,0.5464,20.0,2250.0,16.0
2021-01-05 09:40:22.591,0.5461,0.5488,14.0,0.5459,34.0,2250.0,16.0
2021-01-05 09:40:23.200,0.5461,0.5488,14.0,0.5459,34.0,2250.0,16.0
2021-01-05 09:40:24.681,0.5461,0.5488,14.0,0.5459,34.0,2250.0,16.0
2021-01-05 09:40:25.121,0.5461,0.5488,14.0,0.5459,34.0,2250.0,16.0
2021-01-05 09:40:25.551,0.5461,0.5488,14.0,0.5459,34.0,2250.0,16.0
2021-01-05 09:40:26.650,0.5461,0.5488,14.0,0.5459,34.0,2250.0,16.0
2021-01-05 09:40:27.140,0.5461,0.5488,14.0,0.5459,34.0,2250.0,16.0
2021-01-05 09:40:27.701,0.5461,0.5481,14.0,0.5459,20.0,2250.0,16.0
2021-01-05 09:40:28.110,0.5461,0.5481,14.0,0.5459,20.0,2250.0,16.0
2021-01-05 09:40:28.690,0.5461,0.5481,14.0,0.5453,30.0,2250.0,16.0
2021-01-05 09:40:29.170,0.5461,0.5481,14.0,0.5453,30.0,2250.0,16.0
2021-01-05 09:40:32.611,0.5461,0.5481,14.0,0.5453,33.0,2250.0,16.0
2021-01-05 09:40:33.191,0.5461,0.5481,14.0,0.5454,10.0,2250.0,16.0
2021-01-05 09:40:33.531,0.5461,0.5488,14.0,0.5459,14.0,2250.0,16.0
2021-01-05 09:40:34.561,0.5461,0.5488,14.0,0.5459,34.0,2250.0,16.0
2021-01-05 09:40:35.201,0.5461,0.5488,14.0,0.5459,34.0,2250.0,16.0
2021-01-05 09:40:36.620,0.5461,0.5488,14.0,0.5459,34.0,2250.0,16.0
2021-01-05 09:40:37.700,0.5461,0.5488,14.0,0.5459,34.0,2250.0,16.0
2021-01-05 09:40:38.130,0.5461,0.5488,14.0,0.5459,34.0,2250.0,16.0
2021-01-05 09:40:39.681,0.5461,0.5488,14.0,0.5459,34.0,2250.0,16.0
2021-01-05 09:40:40.151,0.5461,0.5488,14.0,0.5459,37.0,2250.0,16.0
2021-01-05 09:40:41.191,0.5461,0.5493,14.0,0.5466,14.0,2250.0,16.0
2021-01-05 09:40:41.640,0.5461,0.5493,14.0,0.5469,10.0,2250.0,16.0
2021-01-05 09:40:42.180,0.5461,0.5493,14.0,0.5469,10.0,2250.0,16.0
2021-01-05 09:40:48.700,0.5461,0.5493,14.0,0.5469,10.0,2250.0,16.0
2021-01-05 09:40:49.111,0.5461,0.5493,14.0,0.5466,34.0,2250.0,16.0
2021-01-05 09:40:50.181,0.5461,0.5493,14.0,0.5466,34.0,2250.0,16.0
2021-01-05 09:40:51.601,0.5461,0.5493,14.0,0.5466,34.0,2250.0,16.0
2021-01-05 09:40:53.651,0.5461,0.5493,14.0,0.5466,34.0,2250.0,16.0
2021-01-05 09:40:54.141,0.5461,0.5493,14.0,0.5466,34.0,2250.0,16.0
2021-01-05 09:40:54.661,0.5461,0.5493,14.0,0.5466,34.0,2250.0,16.0
2021-01-05 09:40:55.111,0.5461,0.5493,14.0,0.5466,34.0,2250.0,16.0
2021-01-05 09:40:55.681,0.5461,0.5493,14.0,0.5466,34.0,2250.0,16.0
2021-01-05 09:40:56.711,0.5461,0.5493,14.0,0.5466,34.0,2250.0,16.0
2021-01-05 09:40:57.180,0.5461,0.5493,14.0,0.5466,34.0,2250.0,16.0
2021-01-05 09:40:57.710,0.5461,0.5493,14.0,0.5466,34.0,2250.0,16.0
2021-01-05 09:40:58.721,0.5461,0.5493,14.0,0.5466,34.0,2250.0,16.0
2021-01-05 09:40:58.980,0.5461,0.5493,14.0,0.5466,34.0,2250.0,16.0
2021-01-05 09:41:01.041,0.5461,0.5493,14.0,0.5466,34.0,2250.0,16.0
2021-01-05 09:41:01.650,0.5461,0.5493,14.0,0.5466,34.0,2250.0,16.0
2021-01-05 09:41:02.661,0.5461,0.5493,14.0,0.5466,34.0,2250.0,16.0
2021-01-05 09:41:03.110,0.5461,0.5493,14.0,0.5466,34.0,2250.0,16.0
2021-01-05 09:41:03.721,0.5461,0.5493,14.0,0.5466,34.0,2250.0,16.0
2021-01-05 09:41:04.180,0.5461,0.5493,14.0,0.5466,34.0,2250.0,16.0
2021-01-05 09:41:04.680,0.5461,0.5493,14.0,0.5466,34.0,2250.0,16.0
2021-01-05 09:41:05.220,0.5461,0.5493,14.0,0.5466,34.0,2250.0,16.0
2021-01-05 09:41:06.620,0.5461,0.5493,14.0,0.5466,34.0,2250.0,16.0
2021-01-05 09:41:07.100,0.5461,0.5493,14.0,0.5466,34.0,2250.0,16.0
2021-01-05 09:41:07.631,0.5461,0.5496,20.0,0.5466,20.0,2250.0,16.0
2021-01-05 09:41:08.130,0.5461,0.5488,14.0,0.5466,20.0,2250.0,16.0
2021-01-05 09:41:08.701,0.5461,0.5488,14.0,0.5462,14.0,2250.0,16.0
2021-01-05 09:41:09.210,0.5461,0.5488,14.0,0.5462,14.0,2250.0,16.0
2021-01-05 09:41:09.650,0.5461,0.5488,14.0,0.5462,14.0,2250.0,16.0
2021-01-05 09:41:10.220,0.5461,0.5488,14.0,0.5462,14.0,2250.0,16.0
2021-01-05 09:41:10.710,0.5461,0.5488,14.0,0.5462,14.0,2250.0,16.0
2021-01-05 09:41:11.210,0.5461,0.5488,14.0,0.5462,14.0,2250.0,16.0
2021-01-05 09:41:11.711,0.5461,0.5488,14.0,0.5462,14.0,2250.0,16.0
2021-01-05 09:41:12.151,0.5461,0.5483,14.0,0.5459,20.0,2250.0,16.0
2021-01-05 09:41:12.710,0.5461,0.5483,14.0,0.5459,20.0,2250.0,16.0
2021-01-05 09:41:13.161,0.5461,0.5483,14.0,0.5459,20.0,2250.0,16.0
2021-01-05 09:41:13.670,0.5461,0.5488,14.0,0.5463,14.0,2250.0,16.0
2021-01-05 09:41:14.160,0.5461,0.5488,14.0,0.5463,14.0,2250.0,16.0
2021-01-05 09:41:14.671,0.5461,0.5488,14.0,0.5463,34.0,2250.0,16.0
2021-01-05 09:41:15.180,0.5461,0.5488,14.0,0.5463,34.0,2250.0,16.0
2021-01-05 09:41:18.200,0.5461,0.5488,14.0,0.5463,34.0,2250.0,16.0
2021-01-05 09:41:18.600,0.5461,0.5488,14.0,0.5463,34.0,2250.0,16.0
2021-01-05 09:41:19.161,0.5461,0.5488,14.0,0.5463,34.0,2250.0,16.0
2021-01-05 09:41:20.070,0.5461,0.5488,14.0,0.5463,34.0,2250.0,16.0
2021-01-05 09:41:22.700,0.5461,0.5488,14.0,0.5463,14.0,2250.0,16.0
2021-01-05 09:41:23.610,0.5461,0.5488,14.0,0.5463,14.0,2250.0,16.0
2021-01-05 09:41:24.171,0.5461,0.5488,14.0,0.5463,14.0,2250.0,16.0
2021-01-05 09:41:24.651,0.5461,0.5488,14.0,0.5463,34.0,2250.0,16.0
2021-01-05 09:41:25.120,0.5461,0.5488,14.0,0.5463,14.0,2250.0,16.0
2021-01-05 09:41:25.641,0.5461,0.5488,14.0,0.5463,34.0,2250.0,16.0
2021-01-05 09:41:26.190,0.5461,0.5488,14.0,0.5463,14.0,2250.0,16.0
2021-01-05 09:41:26.651,0.5461,0.5483,14.0,0.5463,20.0,2250.0,16.0
2021-01-05 09:41:27.131,0.5461,0.5483,14.0,0.5463,20.0,2250.0,16.0
2021-01-05 09:41:27.710,0.5461,0.5483,14.0,0.5458,34.0,2250.0,16.0
2021-01-05 09:41:28.171,0.5461,0.5483,14.0,0.5458,34.0,2250.0,16.0
2021-01-05 09:41:28.540,0.5461,0.5483,14.0,0.5458,34.0,2250.0,16.0
2021-01-05 09:41:29.690,0.5461,0.5483,14.0,0.5458,34.0,2250.0,16.0
2021-01-05 09:41:30.670,0.5461,0.5483,14.0,0.5458,34.0,2250.0,16.0
2021-01-05 09:41:31.181,0.5461,0.5483,14.0,0.5458,34.0,2250.0,16.0
2021-01-05 09:41:31.700,0.5461,0.5483,14.0,0.5458,34.0,2250.0,16.0
2021-01-05 09:41:32.670,0.5461,0.5483,14.0,0.5458,34.0,2250.0,16.0
2021-01-05 09:41:33.171,0.5461,0.5483,14.0,0.5458,34.0,2250.0,16.0
2021-01-05 09:41:33.680,0.5461,0.5483,14.0,0.5458,34.0,2250.0,16.0
2021-01-05 09:41:34.120,0.5461,0.5483,14.0,0.5458,34.0,2250.0,16.0
2021-01-05 09:41:35.221,0.5461,0.5483,14.0,0.5458,34.0,2250.0,16.0
2021-01-05 09:41:35.721,0.5461,0.5479,14.0,0.5458,20.0,2250.0,16.0
2021-01-05 09:41:36.070,0.5461,0.5479,14.0,0.5458,20.0,2250.0,16.0
2021-01-05 09:41:36.720,0.5461,0.5483,20.0,0.5453,21.0,2250.0,16.0
2021-01-05 09:41:37.210,0.5461,0.5474,14.0,0.5453,20.0,2250.0,16.0
2021-01-05 09:41:37.711,0.5461,0.5474,14.0,0.5447,34.0,2250.0,16.0
2021-01-05 09:41:38.220,0.5461,0.5476,10.0,0.5447,20.0,2250.0,16.0
2021-01-05 09:41:38.650,0.5461,0.5469,14.0,0.5448,3.0,2250.0,16.0
2021-01-05 09:41:39.221,0.5461,0.5469,14.0,0.5448,3.0,2250.0,16.0
2021-01-05 09:41:39.521,0.5461,0.5469,14.0,0.5448,23.0,2250.0,16.0
2021-01-05 09:41:40.231,0.5461,0.5474,14.0,0.5448,17.0,2250.0,16.0
2021-01-05 09:41:40.721,0.5461,0.5474,14.0,0.5448,37.0,2250.0,16.0
2021-01-05 09:41:41.130,0.5461,0.5474,14.0,0.5448,17.0,2250.0,16.0
2021-01-05 09:41:41.730,0.5461,0.5474,14.0,0.5448,37.0,2250.0,16.0
2021-01-05 09:41:42.201,0.5461,0.5474,14.0,0.5448,18.0,2250.0,16.0
2021-01-05 09:41:42.690,0.5461,0.5474,14.0,0.5453,10.0,2250.0,16.0
2021-01-05 09:41:43.080,0.5461,0.5474,14.0,0.5453,30.0,2250.0,16.0
2021-01-05 09:41:44.671,0.5461,0.5474,14.0,0.5453,30.0,2250.0,16.0
2021-01-05 09:41:45.190,0.5461,0.5474,14.0,0.5453,30.0,2250.0,16.0
2021-01-05 09:41:45.701,0.5461,0.5474,14.0,0.5453,30.0,2250.0,16.0
2021-01-05 09:41:47.201,0.5461,0.5474,14.0,0.5453,20.0,2250.0,16.0
2021-01-05 09:41:48.181,0.5461,0.5474,14.0,0.5448,35.0,2250.0,16.0
2021-01-05 09:41:48.740,0.5461,0.5474,14.0,0.5448,34.0,2250.0,16.0
2021-01-05 09:41:49.191,0.5461,0.5474,14.0,0.5448,37.0,2250.0,16.0
2021-01-05 09:41:49.750,0.5461,0.5474,14.0,0.5448,34.0,2250.0,16.0
2021-01-05 09:41:50.231,0.5461,0.5474,14.0,0.5448,34.0,2250.0,16.0
2021-01-05 09:41:51.251,0.5461,0.5474,14.0,0.5448,34.0,2250.0,16.0
2021-01-05 09:41:51.760,0.5461,0.5474,14.0,0.5448,34.0,2250.0,16.0
2021-01-05 09:41:52.261,0.5461,0.5474,14.0,0.5448,34.0,2250.0,16.0
2021-01-05 09:41:52.690,0.5461,0.5474,14.0,0.5448,34.0,2250.0,16.0
2021-01-05 09:41:53.201,0.5461,0.5474,14.0,0.5448,34.0,2250.0,16.0
2021-01-05 09:41:54.161,0.5461,0.5469,14.0,0.5448,20.0,2250.0,16.0
2021-01-05 09:41:54.670,0.5461,0.5469,14.0,0.5442,14.0,2250.0,16.0
2021-01-05 09:41:55.160,0.5461,0.5469,14.0,0.5442,14.0,2250.0,16.0
2021-01-05 09:41:55.671,0.5461,0.5469,14.0,0.5442,14.0,2250.0,16.0
2021-01-05 09:41:56.151,0.5461,0.5469,14.0,0.5442,14.0,2250.0,16.0
2021-01-05 09:41:56.680,0.5461,0.5469,14.0,0.5442,14.0,2250.0,16.0
2021-01-05 09:41:57.110,0.5461,0.5469,14.0,0.5442,14.0,2250.0,16.0
2021-01-05 09:41:57.640,0.5461,0.5469,14.0,0.5442,14.0,2250.0,16.0
2021-01-05 09:41:58.140,0.5461,0.5469,14.0,0.5442,14.0,2250.0,16.0
2021-01-05 09:41:58.660,0.5461,0.5469,14.0,0.5442,34.0,2250.0,16.0
2021-01-05 09:41:59.131,0.5461,0.5469,14.0,0.5442,34.0,2250.0,16.0
2021-01-05 09:42:00.151,0.5461,0.5469,14.0,0.5442,34.0,2250.0,16.0
2021-01-05 09:42:00.701,0.5461,0.5469,14.0,0.5442,34.0,2250.0,16.0
2021-01-05 09:42:01.651,0.5461,0.5469,14.0,0.5442,34.0,2250.0,16.0
2021-01-05 09:42:02.201,0.5461,0.5469,14.0,0.5442,34.0,2250.0,16.0
2021-01-05 09:42:02.710,0.5461,0.5464,14.0,0.5442,20.0,2250.0,16.0
2021-01-05 09:42:03.690,0.5461,0.5464,14.0,0.5437,14.0,2250.0,16.0
2021-01-05 09:42:04.110,0.5461,0.5464,14.0,0.5437,14.0,2250.0,16.0
2021-01-05 09:42:04.641,0.5461,0.5464,14.0,0.5437,14.0,2250.0,16.0
2021-01-05 09:42:05.211,0.5461,0.5464,14.0,0.5437,14.0,2250.0,16.0
2021-01-05 09:42:06.181,0.5461,0.5464,14.0,0.5437,14.0,2250.0,16.0
2021-01-05 09:42:06.690,0.5461,0.5464,14.0,0.5437,17.0,2250.0,16.0
2021-01-05 09:42:07.230,0.5461,0.5464,14.0,0.5437,14.0,2250.0,16.0
2021-01-05 09:42:07.691,0.5461,0.5464,14.0,0.5437,14.0,2250.0,16.0
2021-01-05 09:42:09.230,0.5461,0.5464,14.0,0.5437,14.0,2250.0,16.0
2021-01-05 09:42:10.220,0.5461,0.5464,14.0,0.5437,14.0,2250.0,16.0
2021-01-05 09:42:11.211,0.5461,0.5464,14.0,0.5437,14.0,2250.0,16.0
2021-01-05 09:42:11.651,0.5461,0.5458,14.0,0.5434,30.0,2250.0,16.0
2021-01-05 09:42:12.210,0.5461,0.5458,14.0,0.5434,30.0,2250.0,16.0
2021-01-05 09:42:13.211,0.5461,0.5458,14.0,0.5434,30.0,2250.0,16.0
2021-01-05 09:42:13.731,0.5461,0.5458,14.0,0.5434,30.0,2250.0,16.0
2021-01-05 09:42:14.150,0.5461,0.5458,14.0,0.5434,20.0,2250.0,16.0
2021-01-05 09:42:14.671,0.5461,0.5458,14.0,0.5434,20.0,2250.0,16.0
2021-01-05 09:42:15.170,0.5461,0.5458,14.0,0.5434,20.0,2250.0,16.0
2021-01-05 09:42:16.701,0.5461,0.5458,14.0,0.5434,20.0,2250.0,16.0
2021-01-05 09:42:18.701,0.5461,0.5464,14.0,0.5437,14.0,2250.0,16.0
2021-01-05 09:42:20.150,0.5461,0.5464,14.0,0.5437,14.0,2250.0,16.0
2021-01-05 09:42:21.231,0.5461,0.5464,14.0,0.5437,14.0,2250.0,16.0
2021-01-05 09:42:21.621,0.5461,0.5464,14.0,0.5437,14.0,2250.0,16.0
2021-01-05 09:42:22.221,0.5461,0.5464,14.0,0.5437,14.0,2250.0,16.0
2021-01-05 09:42:24.151,0.5461,0.5464,14.0,0.5437,14.0,2250.0,16.0
2021-01-05 09:42:24.670,0.5461,0.5464,14.0,0.5437,14.0,2250.0,16.0
2021-01-05 09:42:25.511,0.5461,0.5458,14.0,0.5434,20.0,2250.0,16.0
2021-01-05 09:42:26.130,0.5461,0.5458,14.0,0.5434,20.0,2250.0,16.0
2021-01-05 09:42:27.171,0.5461,0.5458,14.0,0.5434,20.0,2250.0,16.0
2021-01-05 09:42:29.211,0.5461,0.5458,14.0,0.5434,20.0,2250.0,16.0
2021-01-05 09:42:29.720,0.5461,0.5458,14.0,0.5434,20.0,2250.0,16.0
2021-01-05 09:42:30.710,0.5461,0.5458,14.0,0.5434,20.0,2250.0,16.0
2021-01-05 09:42:31.200,0.5461,0.5458,14.0,0.5434,20.0,2250.0,16.0
2021-01-05 09:42:33.230,0.5461,0.5458,14.0,0.5434,20.0,2250.0,16.0
2021-01-05 09:42:34.210,0.5461,0.5458,14.0,0.5434,20.0,2250.0,16.0
2021-01-05 09:42:35.151,0.5461,0.5458,14.0,0.5434,20.0,2250.0,16.0
2021-01-05 09:42:35.701,0.5461,0.5458,14.0,0.5434,20.0,2250.0,16.0
2021-01-05 09:42:36.650,0.5461,0.5458,14.0,0.5434,20.0,2250.0,16.0
2021-01-05 09:42:37.251,0.5461,0.5458,14.0,0.5434,20.0,2250.0,16.0
2021-01-05 09:42:40.221,0.5461,0.5458,14.0,0.5434,20.0,2250.0,16.0
2021-01-05 09:42:41.731,0.5461,0.5458,14.0,0.5434,20.0,2250.0,16.0
2021-01-05 09:42:42.250,0.5461,0.5458,14.0,0.5434,20.0,2250.0,16.0
2021-01-05 09:42:42.711,0.5461,0.5458,14.0,0.5434,20.0,2250.0,16.0
2021-01-05 09:42:43.251,0.5461,0.5458,14.0,0.5434,20.0,2250.0,16.0
2021-01-05 09:42:43.741,0.5461,0.5458,14.0,0.5434,20.0,2250.0,16.0
2021-01-05 09:42:44.211,0.5461,0.5458,14.0,0.5434,20.0,2250.0,16.0
2021-01-05 09:42:44.751,0.5461,0.5458,14.0,0.5434,20.0,2250.0,16.0
2021-01-05 09:42:45.191,0.5461,0.5458,14.0,0.5434,20.0,2250.0,16.0
2021-01-05 09:42:46.240,0.5461,0.5458,14.0,0.5434,20.0,2250.0,16.0
2021-01-05 09:42:46.741,0.5461,0.5458,14.0,0.5434,20.0,2250.0,16.0
2021-01-05 09:42:48.720,0.5461,0.5458,14.0,0.5434,20.0,2250.0,16.0
2021-01-05 09:42:49.750,0.5461,0.5458,14.0,0.5434,20.0,2250.0,16.0
2021-01-05 09:42:50.720,0.5461,0.5458,14.0,0.5434,20.0,2250.0,16.0
2021-01-05 09:42:53.640,0.5461,0.5455,10.0,0.5434,20.0,2250.0,16.0
2021-01-05 09:42:54.191,0.5461,0.5454,13.0,0.5434,20.0,2250.0,16.0
2021-01-05 09:42:56.191,0.5461,0.5454,13.0,0.5434,20.0,2250.0,16.0
2021-01-05 09:42:58.220,0.5461,0.5454,13.0,0.5434,20.0,2250.0,16.0
2021-01-05 09:42:58.731,0.5461,0.5454,13.0,0.5434,20.0,2250.0,16.0
2021-01-05 09:42:59.230,0.5461,0.5454,13.0,0.5434,20.0,2250.0,16.0
2021-01-05 09:42:59.730,0.5461,0.5454,13.0,0.5434,20.0,2250.0,16.0
2021-01-05 09:43:00.200,0.5461,0.5454,13.0,0.5434,20.0,2250.0,16.0
2021-01-05 09:43:01.211,0.5461,0.5454,13.0,0.5434,20.0,2250.0,16.0
2021-01-05 09:43:01.701,0.5461,0.5454,13.0,0.5434,20.0,2250.0,16.0
2021-01-05 09:43:02.150,0.5461,0.5454,13.0,0.5434,20.0,2250.0,16.0
2021-01-05 09:43:02.681,0.5461,0.5454,13.0,0.5434,20.0,2250.0,16.0
2021-01-05 09:43:04.740,0.5461,0.5454,13.0,0.5434,20.0,2250.0,16.0
2021-01-05 09:43:05.251,0.5461,0.5454,13.0,0.5434,20.0,2250.0,16.0
2021-01-05 09:43:05.681,0.5461,0.5454,13.0,0.5434,20.0,2250.0,16.0
2021-01-05 09:43:06.171,0.5461,0.5454,13.0,0.5434,20.0,2250.0,16.0
2021-01-05 09:43:06.751,0.5461,0.5454,13.0,0.5434,20.0,2250.0,16.0
2021-01-05 09:43:07.231,0.5461,0.5458,14.0,0.5434,20.0,2250.0,16.0
2021-01-05 09:43:08.181,0.5461,0.5463,14.0,0.5436,14.0,2250.0,16.0
2021-01-05 09:43:09.231,0.5461,0.5463,14.0,0.5436,14.0,2250.0,16.0
2021-01-05 09:43:09.740,0.5461,0.5463,14.0,0.5436,14.0,2250.0,16.0
2021-01-05 09:43:10.150,0.5461,0.5463,14.0,0.5436,14.0,2250.0,16.0
2021-01-05 09:43:11.750,0.5461,0.5463,14.0,0.5436,14.0,2250.0,16.0
2021-01-05 09:43:13.210,0.5461,0.5463,14.0,0.5436,14.0,2250.0,16.0
2021-01-05 09:43:13.740,0.5461,0.5463,14.0,0.5436,14.0,2250.0,16.0
2021-01-05 09:43:14.270,0.5461,0.5463,14.0,0.5436,14.0,2250.0,16.0
2021-01-05 09:43:15.460,0.5461,0.5469,14.0,0.5442,14.0,2250.0,16.0
2021-01-05 09:43:16.270,0.5461,0.5469,14.0,0.5442,14.0,2250.0,16.0
2021-01-05 09:43:16.720,0.5461,0.5469,14.0,0.5442,34.0,2250.0,16.0
2021-01-05 09:43:17.271,0.5461,0.5469,14.0,0.5442,14.0,2250.0,16.0
2021-01-05 09:43:17.771,0.5461,0.5469,14.0,0.5442,34.0,2250.0,16.0
2021-01-05 09:43:18.270,0.5461,0.5469,14.0,0.5442,14.0,2250.0,16.0
2021-01-05 09:43:18.741,0.5461,0.5469,14.0,0.5442,34.0,2250.0,16.0
2021-01-05 09:43:19.261,0.5461,0.5469,14.0,0.5442,14.0,2250.0,16.0
2021-01-05 09:43:19.751,0.5461,0.5469,14.0,0.5442,34.0,2250.0,16.0
2021-01-05 09:43:20.281,0.5461,0.5469,14.0,0.5442,14.0,2250.0,16.0
2021-01-05 09:43:20.731,0.5461,0.5469,14.0,0.5442,34.0,2250.0,16.0
2021-01-05 09:43:21.271,0.5461,0.5463,14.0,0.5442,20.0,2250.0,16.0
2021-01-05 09:43:21.701,0.5461,0.5463,14.0,0.5442,20.0,2250.0,16.0
2021-01-05 09:43:22.281,0.5461,0.5463,14.0,0.5437,15.0,2250.0,16.0
2021-01-05 09:43:22.671,0.5461,0.5463,14.0,0.5437,14.0,2250.0,16.0
2021-01-05 09:43:23.201,0.5461,0.5463,14.0,0.5437,14.0,2250.0,16.0
2021-01-05 09:43:23.651,0.5461,0.5463,14.0,0.5437,14.0,2250.0,16.0
2021-01-05 09:43:24.120,0.5461,0.5463,14.0,0.5437,14.0,2250.0,16.0
2021-01-05 09:43:25.201,0.5461,0.5463,14.0,0.5437,14.0,2250.0,16.0
2021-01-05 09:43:25.701,0.5461,0.5463,14.0,0.5437,14.0,2250.0,16.0
2021-01-05 09:43:26.181,0.5461,0.5463,14.0,0.5437,14.0,2250.0,16.0
2021-01-05 09:43:26.621,0.5461,0.5463,14.0,0.5437,14.0,2250.0,16.0
2021-01-05 09:43:27.190,0.5461,0.5463,14.0,0.5437,14.0,2250.0,16.0
2021-01-05 09:43:27.620,0.5461,0.5463,14.0,0.5437,14.0,2250.0,16.0
2021-01-05 09:43:29.660,0.5461,0.5463,14.0,0.5437,14.0,2250.0,16.0
2021-01-05 09:43:31.720,0.5461,0.5463,14.0,0.5437,14.0,2250.0,16.0
2021-01-05 09:43:32.181,0.5461,0.5463,14.0,0.5437,14.0,2250.0,16.0
2021-01-05 09:43:32.701,0.5461,0.5458,14.0,0.5434,20.0,2250.0,16.0
2021-01-05 09:43:33.141,0.5461,0.5458,14.0,0.5435,3.0,2250.0,16.0
2021-01-05 09:43:34.221,0.5461,0.5458,14.0,0.5435,3.0,2250.0,16.0
2021-01-05 09:43:34.230,0.5461,0.5458,14.0,0.5435,3.0,2250.0,16.0
2021-01-05 09:43:35.160,0.5461,0.5458,14.0,0.5435,3.0,2250.0,16.0
2021-01-05 09:43:35.681,0.5461,0.5458,14.0,0.5434,20.0,2250.0,16.0
2021-01-05 09:43:36.221,0.5461,0.5458,14.0,0.5434,23.0,2250.0,16.0
2021-01-05 09:43:36.661,0.5461,0.5458,14.0,0.5434,23.0,2250.0,16.0
2021-01-05 09:43:37.181,0.5461,0.5462,14.0,0.5436,14.0,2250.0,16.0
2021-01-05 09:43:37.631,0.5461,0.5462,14.0,0.5436,14.0,2250.0,16.0
2021-01-05 09:43:38.221,0.5461,0.5462,14.0,0.5436,14.0,2250.0,16.0
2021-01-05 09:43:38.680,0.5461,0.5462,14.0,0.5436,14.0,2250.0,16.0
2021-01-05 09:43:39.241,0.5461,0.5462,14.0,0.5436,14.0,2250.0,16.0
2021-01-05 09:43:40.731,0.5461,0.5462,14.0,0.5436,14.0,2250.0,16.0
2021-01-05 09:43:41.730,0.5461,0.5462,14.0,0.5436,14.0,2250.0,16.0
2021-01-05 09:43:43.231,0.5461,0.5462,14.0,0.5436,14.0,2250.0,16.0
2021-01-05 09:43:43.711,0.5461,0.5462,14.0,0.5436,14.0,2250.0,16.0
2021-01-05 09:43:44.670,0.5461,0.5462,14.0,0.5436,14.0,2250.0,16.0
2021-01-05 09:43:45.221,0.5461,0.5462,14.0,0.5436,14.0,2250.0,16.0
2021-01-05 09:43:45.720,0.5461,0.5462,14.0,0.5436,14.0,2250.0,16.0
2021-01-05 09:43:46.151,0.5461,0.5462,14.0,0.5436,14.0,2250.0,16.0
2021-01-05 09:43:46.750,0.5461,0.5462,14.0,0.5436,14.0,2250.0,16.0
2021-01-05 09:43:47.250,0.5461,0.5462,14.0,0.5436,14.0,2250.0,16.0
2021-01-05 09:43:47.661,0.5461,0.5462,14.0,0.5436,14.0,2250.0,16.0
2021-01-05 09:43:47.661,0.5461,0.5462,14.0,0.5436,14.0,2250.0,16.0
2021-01-05 09:43:48.721,0.5461,0.5462,14.0,0.5437,3.0,2250.0,16.0
2021-01-05 09:43:50.110,0.5461,0.5462,14.0,0.5437,3.0,2250.0,16.0
2021-01-05 09:43:51.660,0.5461,0.5462,14.0,0.5436,14.0,2250.0,16.0
2021-01-05 09:43:52.200,0.5461,0.5462,14.0,0.5436,14.0,2250.0,16.0
2021-01-05 09:43:56.200,0.5461,0.5462,14.0,0.5436,14.0,2250.0,16.0
2021-01-05 09:43:56.721,0.5461,0.5462,14.0,0.5436,14.0,2250.0,16.0
2021-01-05 09:43:57.650,0.5461,0.5462,14.0,0.5436,14.0,2250.0,16.0
2021-01-05 09:43:59.170,0.5461,0.5462,14.0,0.5436,14.0,2250.0,16.0
2021-01-05 09:44:00.701,0.5461,0.5462,14.0,0.5436,14.0,2250.0,16.0
2021-01-05 09:44:01.621,0.5461,0.5462,14.0,0.5436,14.0,2250.0,16.0
2021-01-05 09:44:03.241,0.5461,0.5462,14.0,0.5436,14.0,2250.0,16.0
2021-01-05 09:44:04.230,0.5461,0.5469,14.0,0.5442,14.0,2250.0,16.0
2021-01-05 09:44:04.230,0.5461,0.5469,14.0,0.5442,14.0,2250.0,16.0
2021-01-05 09:44:05.260,0.5461,0.5469,14.0,0.5443,1.0,2250.0,16.0
2021-01-05 09:44:05.681,0.5461,0.5469,14.0,0.5451,10.0,2250.0,16.0
2021-01-05 09:44:06.261,0.5461,0.5469,14.0,0.5451,30.0,2250.0,16.0
2021-01-05 09:44:06.770,0.5461,0.5469,14.0,0.5451,30.0,2250.0,16.0
2021-01-05 09:44:07.750,0.5461,0.5469,14.0,0.5451,20.0,2250.0,16.0
2021-01-05 09:44:08.261,0.5461,0.5469,14.0,0.5443,20.0,2250.0,16.0
2021-01-05 09:44:09.050,0.5461,0.5469,14.0,0.5443,20.0,2250.0,16.0
2021-01-05 09:44:09.780,0.5461,0.5469,14.0,0.5443,20.0,2250.0,16.0
2021-01-05 09:44:11.271,0.5461,0.5469,14.0,0.5444,1.0,2250.0,16.0
2021-01-05 09:44:13.770,0.5461,0.5469,14.0,0.5444,1.0,2250.0,16.0
2021-01-05 09:44:14.781,0.5461,0.5469,14.0,0.5444,1.0,2250.0,16.0
2021-01-05 09:44:15.780,0.5461,0.5469,14.0,0.5444,1.0,2250.0,16.0
2021-01-05 09:44:17.280,0.5461,0.5469,14.0,0.5443,20.0,2250.0,16.0
2021-01-05 09:44:17.770,0.5461,0.5469,14.0,0.5443,20.0,2250.0,16.0
2021-01-05 09:44:18.231,0.5461,0.5474,20.0,0.5443,20.0,2250.0,16.0
2021-01-05 09:44:18.780,0.5461,0.5464,14.0,0.5438,14.0,2250.0,16.0
2021-01-05 09:44:18.780,0.5461,0.5464,14.0,0.5438,14.0,2250.0,16.0
2021-01-05 09:44:19.261,0.5461,0.5464,14.0,0.5438,14.0,2250.0,16.0
2021-01-05 09:44:20.300,0.5461,0.5464,14.0,0.5438,14.0,2250.0,16.0
2021-01-05 09:44:20.780,0.5461,0.5464,14.0,0.5438,14.0,2250.0,16.0
2021-01-05 09:44:21.791,0.5461,0.5464,14.0,0.5439,3.0,2250.0,16.0
2021-01-05 09:44:21.981,0.5461,0.5464,14.0,0.5439,3.0,2250.0,16.0
2021-01-05 09:44:23.130,0.5461,0.5464,14.0,0.5439,3.0,2250.0,16.0
2021-01-05 09:44:25.660,0.5461,0.5464,14.0,0.5439,3.0,2250.0,16.0
2021-01-05 09:44:26.090,0.5461,0.5464,14.0,0.5439,3.0,2250.0,16.0
2021-01-05 09:44:26.701,0.5461,0.5464,14.0,0.5439,3.0,2250.0,16.0
2021-01-05 09:44:27.201,0.5461,0.5464,14.0,0.5439,3.0,2250.0,16.0
2021-01-05 09:44:28.680,0.5461,0.5464,14.0,0.5439,3.0,2250.0,16.0
2021-01-05 09:44:29.200,0.5461,0.547,14.0,0.5444,14.0,2250.0,16.0
2021-01-05 09:44:29.640,0.5461,0.547,14.0,0.5444,14.0,2250.0,16.0
2021-01-05 09:44:30.201,0.5461,0.547,14.0,0.5444,34.0,2250.0,16.0
2021-01-05 09:44:30.720,0.5461,0.547,14.0,0.5444,34.0,2250.0,16.0
2021-01-05 09:44:32.220,0.5461,0.547,14.0,0.5444,37.0,2250.0,16.0
2021-01-05 09:44:32.691,0.5461,0.547,14.0,0.5444,37.0,2250.0,16.0
2021-01-05 09:44:33.730,0.5461,0.547,14.0,0.5444,37.0,2250.0,16.0
2021-01-05 09:44:34.520,0.5461,0.547,14.0,0.5444,37.0,2250.0,16.0
2021-01-05 09:44:35.740,0.5461,0.547,14.0,0.5444,37.0,2250.0,16.0
2021-01-05 09:44:36.220,0.5461,0.547,14.0,0.5444,37.0,2250.0,16.0
2021-01-05 09:44:37.240,0.5461,0.547,14.0,0.5444,37.0,2250.0,16.0
2021-01-05 09:44:37.751,0.5461,0.547,14.0,0.5444,37.0,2250.0,16.0
2021-01-05 09:44:38.201,0.5461,0.547,14.0,0.5444,37.0,2250.0,16.0
2021-01-05 09:44:39.240,0.5461,0.547,14.0,0.5444,37.0,2250.0,16.0
2021-01-05 09:44:39.661,0.5461,0.547,14.0,0.5444,37.0,2250.0,16.0
2021-01-05 09:44:40.750,0.5461,0.547,14.0,0.5444,37.0,2250.0,16.0
2021-01-05 09:44:41.211,0.5461,0.547,14.0,0.5448,10.0,2250.0,16.0
2021-01-05 09:44:41.730,0.5461,0.547,14.0,0.5448,10.0,2250.0,16.0
2021-01-05 09:44:43.251,0.5461,0.547,14.0,0.5448,10.0,2250.0,16.0
2021-01-05 09:44:43.981,0.5461,0.547,14.0,0.5448,10.0,2250.0,16.0
2021-01-05 09:44:44.661,0.5461,0.547,14.0,0.5448,10.0,2250.0,16.0
2021-01-05 09:44:45.261,0.5461,0.547,14.0,0.5444,34.0,2250.0,16.0
2021-01-05 09:44:45.760,0.5461,0.5473,20.0,0.5444,20.0,2250.0,16.0
2021-01-05 09:44:45.760,0.5461,0.5466,14.0,0.5444,20.0,2250.0,16.0
2021-01-05 09:44:46.271,0.5461,0.5466,14.0,0.5438,14.0,2250.0,16.0
2021-01-05 09:44:47.251,0.5461,0.5466,14.0,0.5438,14.0,2250.0,16.0
2021-01-05 09:44:47.770,0.5461,0.5466,14.0,0.5438,14.0,2250.0,16.0
2021-01-05 09:44:47.770,0.5461,0.5466,14.0,0.5438,14.0,2250.0,16.0
2021-01-05 09:44:49.270,0.5461,0.5466,14.0,0.5438,14.0,2250.0,16.0
2021-01-05 09:44:49.270,0.5461,0.5466,14.0,0.5438,14.0,2250.0,16.0
2021-01-05 09:44:50.300,0.5461,0.5466,14.0,0.5438,14.0,2250.0,16.0
2021-01-05 09:44:50.811,0.5461,0.5466,14.0,0.5438,14.0,2250.0,16.0
2021-01-05 09:44:51.270,0.5461,0.5466,14.0,0.5438,14.0,2250.0,16.0
2021-01-05 09:44:51.810,0.5461,0.5466,14.0,0.5438,14.0,2250.0,16.0
2021-01-05 09:44:53.201,0.5461,0.5466,14.0,0.5438,14.0,2250.0,16.0
2021-01-05 09:44:54.720,0.5461,0.5466,14.0,0.5438,17.0,2250.0,16.0
2021-01-05 09:44:54.970,0.5461,0.5466,14.0,0.5438,17.0,2250.0,16.0
2021-01-05 09:44:55.700,0.5461,0.5466,14.0,0.5438,17.0,2250.0,16.0
2021-01-05 09:44:56.220,0.5461,0.5466,14.0,0.5438,17.0,2250.0,16.0
2021-01-05 09:44:56.720,0.5461,0.5466,14.0,0.5438,17.0,2250.0,16.0
2021-01-05 09:44:58.120,0.5461,0.5466,14.0,0.5438,17.0,2250.0,16.0
2021-01-05 09:44:58.720,0.5461,0.5472,14.0,0.5443,14.0,2250.0,16.0
2021-01-05 09:44:59.711,0.5461,0.5472,14.0,0.5444,3.0,2250.0,16.0
2021-01-05 09:45:00.591,0.5461,0.5472,14.0,0.5444,3.0,2250.0,16.0
2021-01-05 09:45:00.831,0.5461,0.5472,14.0,0.5444,13.0,2250.0,16.0
2021-01-05 09:45:01.680,0.5461,0.5477,14.0,0.5449,14.0,2250.0,16.0
2021-01-05 09:45:02.061,0.5461,0.5477,14.0,0.5449,14.0,2250.0,16.0
2021-01-05 09:45:02.710,0.5461,0.5477,14.0,0.545,1.0,2250.0,16.0
2021-01-05 09:45:03.190,0.5461,0.5477,14.0,0.545,1.0,2250.0,16.0
2021-01-05 09:45:03.680,0.5461,0.5477,14.0,0.545,1.0,2250.0,16.0
2021-01-05 09:45:04.191,0.5461,0.5477,14.0,0.545,1.0,2250.0,16.0
2021-01-05 09:45:05.221,0.5461,0.5477,14.0,0.545,4.0,2250.0,16.0
2021-01-05 09:45:05.720,0.5461,0.5484,14.0,0.5456,14.0,2250.0,16.0
2021-01-05 09:45:06.721,0.5461,0.5484,14.0,0.5456,34.0,2250.0,16.0
2021-01-05 09:45:07.130,0.5461,0.5484,14.0,0.5456,34.0,2250.0,16.0
2021-01-05 09:45:07.720,0.5461,0.5484,14.0,0.5456,34.0,2250.0,16.0
2021-01-05 09:45:08.181,0.5461,0.5479,14.0,0.5456,20.0,2250.0,16.0
2021-01-05 09:45:09.190,0.5479,0.5493,10.0,0.545,1.0,2260.0,26.0
2021-01-05 09:45:09.720,0.5479,0.5483,14.0,0.5454,14.0,2260.0,26.0
2021-01-05 09:45:10.200,0.5479,0.5483,14.0,0.5454,14.0,2260.0,26.0
2021-01-05 09:45:10.700,0.5479,0.5483,14.0,0.5454,34.0,2260.0,26.0
2021-01-05 09:45:11.091,0.5479,0.5483,14.0,0.5461,3.0,2260.0,26.0
2021-01-05 09:45:11.720,0.5479,0.5483,14.0,0.5461,3.0,2260.0,26.0
2021-01-05 09:45:12.150,0.5479,0.5483,14.0,0.5461,3.0,2260.0,26.0
2021-01-05 09:45:13.220,0.5479,0.5483,14.0,0.5461,3.0,2260.0,26.0
2021-01-05 09:45:15.721,0.5479,0.5483,14.0,0.5461,3.0,2260.0,26.0
2021-01-05 09:45:16.230,0.5479,0.549,14.0,0.5461,3.0,2260.0,26.0
2021-01-05 09:45:16.741,0.5479,0.549,14.0,0.5461,3.0,2260.0,26.0
2021-01-05 09:45:17.731,0.5479,0.549,14.0,0.5472,10.0,2260.0,26.0
2021-01-05 09:45:18.670,0.5479,0.549,14.0,0.5472,10.0,2260.0,26.0
2021-01-05 09:45:19.191,0.5479,0.549,14.0,0.5472,10.0,2260.0,26.0
2021-01-05 09:45:19.731,0.5479,0.549,14.0,0.5472,10.0,2260.0,26.0
2021-01-05 09:45:20.741,0.5479,0.549,14.0,0.5472,10.0,2260.0,26.0
2021-01-05 09:45:21.731,0.5479,0.549,14.0,0.5472,10.0,2260.0,26.0
2021-01-05 09:45:22.240,0.5479,0.549,14.0,0.5472,10.0,2260.0,26.0
2021-01-05 09:45:22.710,0.5479,0.549,14.0,0.5466,20.0,2260.0,26.0
2021-01-05 09:45:23.160,0.5479,0.549,14.0,0.5461,3.0,2260.0,26.0
2021-01-05 09:45:23.671,0.5479,0.549,14.0,0.5461,3.0,2260.0,26.0
2021-01-05 09:45:24.651,0.5479,0.549,14.0,0.5461,3.0,2260.0,26.0
2021-01-05 09:45:25.690,0.5479,0.549,14.0,0.5461,3.0,2260.0,26.0
2021-01-05 09:45:26.220,0.5479,0.549,34.0,0.5461,3.0,2260.0,26.0
2021-01-05 09:45:26.681,0.5479,0.549,34.0,0.5461,3.0,2260.0,26.0
2021-01-05 09:45:27.211,0.5479,0.5484,14.0,0.5461,3.0,2260.0,26.0
2021-01-05 09:45:27.671,0.5479,0.5484,14.0,0.5461,3.0,2260.0,26.0
2021-01-05 09:45:28.220,0.5479,0.5484,14.0,0.5461,3.0,2260.0,26.0
2021-01-05 09:45:28.700,0.5479,0.5484,14.0,0.5461,3.0,2260.0,26.0
2021-01-05 09:45:29.140,0.5479,0.5484,14.0,0.5461,3.0,2260.0,26.0
2021-01-05 09:45:30.191,0.5479,0.5478,14.0,0.5461,3.0,2260.0,26.0
2021-01-05 09:45:30.710,0.5479,0.5478,14.0,0.5453,20.0,2260.0,26.0
2021-01-05 09:45:31.211,0.5479,0.5478,14.0,0.5446,34.0,2260.0,26.0
2021-01-05 09:45:31.680,0.5479,0.5478,14.0,0.5447,3.0,2260.0,26.0
2021-01-05 09:45:34.220,0.5479,0.5478,14.0,0.5447,3.0,2260.0,26.0
2021-01-05 09:45:35.190,0.5479,0.5478,14.0,0.5447,3.0,2260.0,26.0
2021-01-05 09:45:35.731,0.5479,0.5478,34.0,0.5447,3.0,2260.0,26.0
2021-01-05 09:45:36.730,0.5479,0.5478,34.0,0.5447,3.0,2260.0,26.0
2021-01-05 09:45:37.241,0.5479,0.5478,34.0,0.5446,34.0,2260.0,26.0
2021-01-05 09:45:39.210,0.5479,0.5478,14.0,0.5447,3.0,2260.0,26.0
2021-01-05 09:45:39.700,0.5479,0.5478,14.0,0.5446,34.0,2260.0,26.0
2021-01-05 09:45:40.240,0.5479,0.5478,14.0,0.5446,34.0,2260.0,26.0
2021-01-05 09:45:42.240,0.5479,0.5478,14.0,0.5446,34.0,2260.0,26.0
2021-01-05 09:45:42.711,0.5479,0.5478,14.0,0.5446,34.0,2260.0,26.0
2021-01-05 09:45:43.220,0.5479,0.5478,14.0,0.5446,34.0,2260.0,26.0
2021-01-05 09:45:43.731,0.5479,0.5478,14.0,0.5447,3.0,2260.0,26.0
2021-01-05 09:45:44.201,0.5479,0.5478,14.0,0.5447,3.0,2260.0,26.0
2021-01-05 09:45:45.220,0.5479,0.5478,14.0,0.5447,3.0,2260.0,26.0
2021-01-05 09:45:45.681,0.5479,0.5478,14.0,0.5447,3.0,2260.0,26.0
2021-01-05 09:45:46.240,0.5479,0.5478,14.0,0.5447,3.0,2260.0,26.0
2021-01-05 09:45:46.751,0.5479,0.5478,14.0,0.5447,3.0,2260.0,26.0
2021-01-05 09:45:47.241,0.5479,0.5478,14.0,0.5447,3.0,2260.0,26.0
2021-01-05 09:45:47.731,0.5479,0.5478,14.0,0.5447,3.0,2260.0,26.0
2021-01-05 09:45:48.201,0.5479,0.5478,14.0,0.5446,34.0,2260.0,26.0
2021-01-05 09:45:48.741,0.5479,0.5478,14.0,0.5446,34.0,2260.0,26.0
2021-01-05 09:45:49.700,0.5479,0.5478,14.0,0.5446,34.0,2260.0,26.0
2021-01-05 09:45:50.251,0.5479,0.5478,14.0,0.5446,34.0,2260.0,26.0
2021-01-05 09:45:50.750,0.5479,0.5478,14.0,0.5446,34.0,2260.0,26.0
2021-01-05 09:45:52.641,0.5479,0.5478,14.0,0.5446,34.0,2260.0,26.0
2021-01-05 09:45:53.711,0.5479,0.5478,14.0,0.5446,37.0,2260.0,26.0
2021-01-05 09:45:54.191,0.5479,0.5478,14.0,0.5446,34.0,2260.0,26.0
2021-01-05 09:45:55.230,0.5479,0.5478,14.0,0.5453,10.0,2260.0,26.0
2021-01-05 09:45:55.711,0.5479,0.5478,14.0,0.5453,10.0,2260.0,26.0
2021-01-05 09:45:56.631,0.5479,0.5478,14.0,0.5453,10.0,2260.0,26.0
2021-01-05 09:45:57.230,0.5478,0.5478,11.0,0.5453,10.0,2260.0,29.0
2021-01-05 09:45:58.231,0.5478,0.5478,11.0,0.5453,10.0,2260.0,29.0
2021-01-05 09:45:58.711,0.5478,0.5478,11.0,0.5453,10.0,2260.0,29.0
2021-01-05 09:45:59.230,0.5478,0.5478,11.0,0.5453,10.0,2260.0,29.0
2021-01-05 09:46:00.730,0.5478,0.5472,14.0,0.5442,10.0,2260.0,29.0
2021-01-05 09:46:01.230,0.5478,0.5472,14.0,0.5442,10.0,2260.0,29.0
2021-01-05 09:46:02.221,0.5478,0.5472,14.0,0.5442,10.0,2260.0,29.0
2021-01-05 09:46:02.711,0.5478,0.5472,14.0,0.5442,10.0,2260.0,29.0
2021-01-05 09:46:03.731,0.5478,0.5472,14.0,0.5437,20.0,2260.0,29.0
2021-01-05 09:46:04.171,0.5478,0.5472,14.0,0.5437,20.0,2260.0,29.0
2021-01-05 09:46:05.691,0.5478,0.5472,14.0,0.5437,20.0,2260.0,29.0
2021-01-05 09:46:06.221,0.5478,0.5472,14.0,0.5437,20.0,2260.0,29.0
2021-01-05 09:46:06.690,0.5478,0.5472,14.0,0.5437,20.0,2260.0,29.0
2021-01-05 09:46:07.741,0.5478,0.5472,34.0,0.5435,24.0,2260.0,29.0
2021-01-05 09:46:08.121,0.5478,0.5472,20.0,0.5435,10.0,2260.0,29.0
2021-01-05 09:46:09.181,0.5478,0.5465,14.0,0.5435,10.0,2260.0,29.0
2021-01-05 09:46:09.600,0.5478,0.5465,14.0,0.5435,10.0,2260.0,29.0
2021-01-05 09:46:10.221,0.5478,0.5465,14.0,0.5431,14.0,2260.0,29.0
2021-01-05 09:46:10.720,0.5478,0.5465,14.0,0.5432,3.0,2260.0,29.0
2021-01-05 09:46:11.721,0.5478,0.5465,14.0,0.5432,3.0,2260.0,29.0
2021-01-05 09:46:12.190,0.5478,0.5465,14.0,0.5431,14.0,2260.0,29.0
2021-01-05 09:46:16.041,0.5478,0.5465,14.0,0.5431,14.0,2260.0,29.0
2021-01-05 09:46:17.221,0.5478,0.5458,14.0,0.543,10.0,2260.0,29.0
2021-01-05 09:46:20.210,0.5478,0.5458,14.0,0.543,20.0,2260.0,29.0
2021-01-05 09:46:20.731,0.5478,0.5458,14.0,0.543,20.0,2260.0,29.0
2021-01-05 09:46:21.240,0.5478,0.5458,14.0,0.5426,14.0,2260.0,29.0
2021-01-05 09:46:21.611,0.5478,0.5458,14.0,0.543,20.0,2260.0,29.0
2021-01-05 09:46:22.220,0.5478,0.5458,14.0,0.5426,14.0,2260.0,29.0
2021-01-05 09:46:22.690,0.5478,0.5458,14.0,0.5426,14.0,2260.0,29.0
2021-01-05 09:46:24.221,0.5478,0.5458,14.0,0.5426,14.0,2260.0,29.0
2021-01-05 09:46:25.211,0.5478,0.5458,14.0,0.5426,14.0,2260.0,29.0
2021-01-05 09:46:26.711,0.5426,0.5458,14.0,0.5426,13.0,2261.0,30.0
2021-01-05 09:46:27.201,0.5426,0.5458,14.0,0.5426,13.0,2261.0,30.0
2021-01-05 09:46:31.210,0.5426,0.5458,14.0,0.5426,13.0,2261.0,30.0
2021-01-05 09:46:32.701,0.5426,0.5458,14.0,0.5426,13.0,2261.0,30.0
2021-01-05 09:46:33.660,0.5426,0.5458,14.0,0.5426,13.0,2261.0,30.0
2021-01-05 09:46:35.120,0.5426,0.5458,14.0,0.5426,13.0,2261.0,30.0
2021-01-05 09:46:35.721,0.5426,0.5458,14.0,0.5426,13.0,2261.0,30.0
2021-01-05 09:46:36.221,0.5426,0.5458,14.0,0.5426,13.0,2261.0,30.0
2021-01-05 09:46:36.730,0.5426,0.5458,14.0,0.5426,13.0,2261.0,30.0
2021-01-05 09:46:37.750,0.5426,0.5462,14.0,0.5432,14.0,2261.0,30.0
2021-01-05 09:46:38.201,0.5426,0.5462,14.0,0.5432,14.0,2261.0,30.0
2021-01-05 09:46:38.741,0.5426,0.5462,14.0,0.5432,34.0,2261.0,30.0
2021-01-05 09:46:39.210,0.5426,0.5468,24.0,0.5438,14.0,2261.0,30.0
2021-01-05 09:46:40.211,0.5426,0.5468,24.0,0.5438,14.0,2261.0,30.0
2021-01-05 09:46:40.670,0.5426,0.5468,24.0,0.5438,14.0,2261.0,30.0
2021-01-05 09:46:41.250,0.5426,0.5468,24.0,0.5438,14.0,2261.0,30.0
2021-01-05 09:46:41.730,0.5426,0.5468,24.0,0.5438,14.0,2261.0,30.0
2021-01-05 09:46:42.230,0.5426,0.5468,24.0,0.5438,14.0,2261.0,30.0
2021-01-05 09:46:46.671,0.5426,0.5468,14.0,0.5438,14.0,2261.0,30.0
2021-01-05 09:46:47.230,0.5426,0.5463,14.0,0.5436,14.0,2261.0,30.0
2021-01-05 09:46:47.701,0.5426,0.5463,14.0,0.5436,14.0,2261.0,30.0
2021-01-05 09:46:48.761,0.5426,0.5463,14.0,0.5436,14.0,2261.0,30.0
2021-01-05 09:46:50.170,0.5426,0.5463,14.0,0.5436,14.0,2261.0,30.0
2021-01-05 09:46:51.261,0.5426,0.5463,14.0,0.5436,14.0,2261.0,30.0
2021-01-05 09:46:51.731,0.5426,0.5463,24.0,0.5436,14.0,2261.0,30.0
2021-01-05 09:46:53.201,0.5426,0.5463,24.0,0.5436,14.0,2261.0,30.0
2021-01-05 09:46:53.681,0.5426,0.5463,24.0,0.5436,14.0,2261.0,30.0
2021-01-05 09:46:54.081,0.5426,0.5463,14.0,0.5436,14.0,2261.0,30.0
2021-01-05 09:46:54.701,0.5426,0.5463,14.0,0.5436,14.0,2261.0,30.0
2021-01-05 09:46:56.711,0.5426,0.5463,14.0,0.5436,14.0,2261.0,30.0
2021-01-05 09:46:57.080,0.5426,0.5463,14.0,0.5436,14.0,2261.0,30.0
2021-01-05 09:46:57.741,0.5426,0.5463,14.0,0.5436,14.0,2261.0,30.0
2021-01-05 09:46:58.720,0.5426,0.5463,14.0,0.5436,14.0,2261.0,30.0
2021-01-05 09:46:59.191,0.5426,0.5463,14.0,0.5436,14.0,2261.0,30.0
2021-01-05 09:47:00.741,0.5426,0.5468,14.0,0.5442,24.0,2261.0,30.0
2021-01-05 09:47:01.210,0.5426,0.5468,14.0,0.5442,44.0,2261.0,30.0
2021-01-05 09:47:01.721,0.5426,0.5474,14.0,0.5448,14.0,2261.0,30.0
2021-01-05 09:47:02.230,0.5426,0.5474,14.0,0.5448,14.0,2261.0,30.0
2021-01-05 09:47:02.741,0.5426,0.5474,14.0,0.5448,34.0,2261.0,30.0
2021-01-05 09:47:03.220,0.5426,0.5479,14.0,0.5454,10.0,2261.0,30.0
2021-01-05 09:47:03.220,0.5426,0.5479,14.0,0.5454,30.0,2261.0,30.0
2021-01-05 09:47:04.211,0.5426,0.5479,14.0,0.5454,30.0,2261.0,30.0
2021-01-05 09:47:05.250,0.5426,0.5479,14.0,0.5454,20.0,2261.0,30.0
2021-01-05 09:47:06.251,0.5426,0.5484,14.0,0.5458,14.0,2261.0,30.0
2021-01-05 09:47:06.251,0.5426,0.5484,14.0,0.5458,14.0,2261.0,30.0
2021-01-05 09:47:07.221,0.5426,0.5484,14.0,0.5458,14.0,2261.0,30.0
2021-01-05 09:47:07.740,0.5426,0.5489,14.0,0.5463,14.0,2261.0,30.0
2021-01-05 09:47:08.230,0.5426,0.5489,14.0,0.5463,34.0,2261.0,30.0
2021-01-05 09:47:09.751,0.5426,0.5496,10.0,0.5463,20.0,2261.0,30.0
2021-01-05 09:47:09.811,0.5426,0.5494,14.0,0.5468,14.0,2261.0,30.0
2021-01-05 09:47:10.721,0.5426,0.5494,14.0,0.5468,34.0,2261.0,30.0
2021-01-05 09:47:11.751,0.5426,0.55,14.0,0.5474,14.0,2261.0,30.0
2021-01-05 09:47:12.241,0.5426,0.55,14.0,0.5474,34.0,2261.0,30.0
2021-01-05 09:47:12.731,0.5426,0.55,14.0,0.5474,34.0,2261.0,30.0
2021-01-05 09:47:13.201,0.5426,0.55,14.0,0.5474,34.0,2261.0,30.0
2021-01-05 09:47:14.220,0.5426,0.55,14.0,0.5474,34.0,2261.0,30.0
2021-01-05 09:47:15.701,0.5426,0.55,14.0,0.5474,34.0,2261.0,30.0
2021-01-05 09:47:16.731,0.5426,0.55,14.0,0.5474,34.0,2261.0,30.0
2021-01-05 09:47:17.251,0.5426,0.55,14.0,0.5474,34.0,2261.0,30.0
2021-01-05 09:47:18.221,0.5426,0.55,14.0,0.5474,34.0,2261.0,30.0
2021-01-05 09:47:18.621,0.5426,0.55,14.0,0.5474,34.0,2261.0,30.0
2021-01-05 09:47:19.111,0.5426,0.5506,14.0,0.548,14.0,2261.0,30.0
2021-01-05 09:47:19.731,0.5426,0.5506,14.0,0.548,34.0,2261.0,30.0
2021-01-05 09:47:20.761,0.5426,0.5506,14.0,0.548,34.0,2261.0,30.0
2021-01-05 09:47:21.260,0.5426,0.5511,14.0,0.5485,14.0,2261.0,30.0
2021-01-05 09:47:21.760,0.5426,0.5511,14.0,0.5485,14.0,2261.0,30.0
2021-01-05 09:47:22.240,0.5426,0.5511,14.0,0.5485,34.0,2261.0,30.0
2021-01-05 09:47:22.580,0.5426,0.5511,14.0,0.5485,34.0,2261.0,30.0
2021-01-05 09:47:23.151,0.5426,0.5511,14.0,0.5485,34.0,2261.0,30.0
2021-01-05 09:47:23.710,0.5426,0.5511,14.0,0.5485,34.0,2261.0,30.0
2021-01-05 09:47:25.241,0.5426,0.5511,14.0,0.5485,34.0,2261.0,30.0
2021-01-05 09:47:25.710,0.5426,0.5511,14.0,0.5485,34.0,2261.0,30.0
2021-01-05 09:47:27.721,0.5426,0.5511,14.0,0.5485,34.0,2261.0,30.0
2021-01-05 09:47:28.710,0.5426,0.5513,10.0,0.549,14.0,2261.0,30.0
2021-01-05 09:47:29.181,0.5426,0.5512,13.0,0.549,34.0,2261.0,30.0
2021-01-05 09:47:30.720,0.5426,0.5512,13.0,0.549,34.0,2261.0,30.0
2021-01-05 09:47:31.711,0.5426,0.5512,13.0,0.549,34.0,2261.0,30.0
2021-01-05 09:47:32.681,0.5426,0.5512,13.0,0.549,34.0,2261.0,30.0
2021-01-05 09:47:34.231,0.5426,0.5512,13.0,0.549,34.0,2261.0,30.0
2021-01-05 09:47:34.750,0.5426,0.5512,13.0,0.549,34.0,2261.0,30.0
2021-01-05 09:47:35.221,0.5426,0.5512,13.0,0.549,34.0,2261.0,30.0
2021-01-05 09:47:35.740,0.5426,0.551,14.0,0.549,20.0,2261.0,30.0
2021-01-05 09:47:36.241,0.5426,0.551,14.0,0.5485,20.0,2261.0,30.0
2021-01-05 09:47:36.721,0.5426,0.551,14.0,0.5485,20.0,2261.0,30.0
2021-01-05 09:47:36.721,0.5426,0.551,14.0,0.5485,20.0,2261.0,30.0
2021-01-05 09:47:38.260,0.5426,0.5526,30.0,0.5485,20.0,2261.0,30.0
2021-01-05 09:47:38.760,0.5426,0.5515,14.0,0.5489,14.0,2261.0,30.0
2021-01-05 09:47:39.261,0.5426,0.5515,14.0,0.5489,34.0,2261.0,30.0
2021-01-05 09:47:39.751,0.5426,0.5515,14.0,0.5489,34.0,2261.0,30.0
2021-01-05 09:47:40.260,0.5426,0.5515,14.0,0.5489,34.0,2261.0,30.0
2021-01-05 09:47:40.761,0.5426,0.5515,14.0,0.5489,34.0,2261.0,30.0
2021-01-05 09:47:41.261,0.5426,0.5515,14.0,0.5489,34.0,2261.0,30.0
2021-01-05 09:47:41.731,0.5426,0.5515,14.0,0.5489,34.0,2261.0,30.0
2021-01-05 09:47:42.250,0.5426,0.5515,14.0,0.5489,34.0,2261.0,30.0
2021-01-05 09:47:42.761,0.5426,0.5515,14.0,0.549,1.0,2261.0,30.0
2021-01-05 09:47:43.251,0.5426,0.5515,14.0,0.549,1.0,2261.0,30.0
2021-01-05 09:47:46.260,0.5426,0.5515,14.0,0.549,1.0,2261.0,30.0
2021-01-05 09:47:46.761,0.5426,0.5515,14.0,0.5489,34.0,2261.0,30.0
2021-01-05 09:47:47.270,0.5426,0.5515,14.0,0.5489,34.0,2261.0,30.0
2021-01-05 09:47:49.260,0.5426,0.5515,14.0,0.5489,34.0,2261.0,30.0
2021-01-05 09:47:49.771,0.5426,0.5515,14.0,0.5489,34.0,2261.0,30.0
2021-01-05 09:47:50.271,0.5426,0.5515,14.0,0.5489,34.0,2261.0,30.0
2021-01-05 09:47:50.751,0.5426,0.5515,14.0,0.5489,34.0,2261.0,30.0
2021-01-05 09:47:51.270,0.5426,0.551,14.0,0.5489,20.0,2261.0,30.0
2021-01-05 09:47:51.781,0.5426,0.5519,20.0,0.5489,20.0,2261.0,30.0
2021-01-05 09:47:51.781,0.5426,0.5503,14.0,0.5484,20.0,2261.0,30.0
2021-01-05 09:47:52.730,0.5426,0.5503,14.0,0.5477,14.0,2261.0,30.0
2021-01-05 09:47:53.231,0.5426,0.5503,14.0,0.5477,14.0,2261.0,30.0
2021-01-05 09:47:54.230,0.5426,0.5508,14.0,0.5482,14.0,2261.0,30.0
2021-01-05 09:47:54.270,0.5426,0.5508,14.0,0.5482,34.0,2261.0,30.0
2021-01-05 09:47:55.231,0.5426,0.55,14.0,0.5477,20.0,2261.0,30.0
2021-01-05 09:47:55.740,0.5426,0.55,14.0,0.5477,20.0,2261.0,30.0
2021-01-05 09:47:56.251,0.5426,0.55,14.0,0.5477,20.0,2261.0,30.0
2021-01-05 09:47:56.751,0.5426,0.5494,14.0,0.5477,20.0,2261.0,30.0
2021-01-05 09:47:57.250,0.5426,0.5494,14.0,0.5477,20.0,2261.0,30.0
2021-01-05 09:47:57.750,0.5426,0.55,14.0,0.5474,14.0,2261.0,30.0
2021-01-05 09:47:58.261,0.5426,0.5508,10.0,0.5472,3.0,2261.0,30.0
2021-01-05 09:47:58.781,0.5426,0.5507,14.0,0.5481,14.0,2261.0,30.0
2021-01-05 09:47:59.231,0.5426,0.5507,14.0,0.5481,14.0,2261.0,30.0
2021-01-05 09:47:59.690,0.5426,0.5507,14.0,0.5481,14.0,2261.0,30.0
2021-01-05 09:47:59.751,0.5426,0.5507,14.0,0.5481,34.0,2261.0,30.0
2021-01-05 09:48:01.261,0.5426,0.5507,14.0,0.5481,34.0,2261.0,30.0
2021-01-05 09:48:01.791,0.5426,0.5507,14.0,0.5481,34.0,2261.0,30.0
2021-01-05 09:48:02.260,0.5426,0.5525,10.0,0.5481,20.0,2261.0,30.0
2021-01-05 09:48:02.781,0.5426,0.5512,14.0,0.5486,14.0,2261.0,30.0
2021-01-05 09:48:03.261,0.5426,0.5512,14.0,0.5486,34.0,2261.0,30.0
2021-01-05 09:48:03.290,0.5426,0.5512,14.0,0.5486,34.0,2261.0,30.0
2021-01-05 09:48:04.250,0.5426,0.5512,14.0,0.5486,34.0,2261.0,30.0
2021-01-05 09:48:04.790,0.5426,0.5512,14.0,0.5487,1.0,2261.0,30.0
2021-01-05 09:48:05.261,0.5426,0.5512,14.0,0.5486,34.0,2261.0,30.0
2021-01-05 09:48:06.291,0.5426,0.5512,14.0,0.5487,1.0,2261.0,30.0
2021-01-05 09:48:06.781,0.5426,0.5512,14.0,0.5487,1.0,2261.0,30.0
2021-01-05 09:48:07.760,0.5426,0.5525,10.0,0.5487,1.0,2261.0,30.0
2021-01-05 09:48:08.281,0.5426,0.5518,14.0,0.5492,14.0,2261.0,30.0
2021-01-05 09:48:09.291,0.5426,0.5518,14.0,0.5492,14.0,2261.0,30.0
2021-01-05 09:48:09.751,0.5426,0.5518,14.0,0.5492,34.0,2261.0,30.0
2021-01-05 09:48:10.231,0.5426,0.5518,14.0,0.5492,34.0,2261.0,30.0
2021-01-05 09:48:10.801,0.5426,0.5525,10.0,0.5492,20.0,2261.0,30.0
2021-01-05 09:48:11.291,0.5426,0.5524,14.0,0.5498,14.0,2261.0,30.0
2021-01-05 09:48:11.791,0.5426,0.5524,14.0,0.5498,34.0,2261.0,30.0
2021-01-05 09:48:12.300,0.5426,0.5525,10.0,0.5498,20.0,2261.0,30.0
2021-01-05 09:48:12.751,0.5426,0.5519,14.0,0.5493,14.0,2261.0,30.0
2021-01-05 09:48:13.251,0.5426,0.5519,14.0,0.5493,34.0,2261.0,30.0
2021-01-05 09:48:13.760,0.5426,0.5514,14.0,0.5493,20.0,2261.0,30.0
2021-01-05 09:48:14.010,0.5426,0.5514,14.0,0.5493,20.0,2261.0,30.0
2021-01-05 09:48:14.791,0.5426,0.5514,14.0,0.5488,15.0,2261.0,30.0
2021-01-05 09:48:15.310,0.5426,0.5525,10.0,0.5488,1.0,2261.0,30.0
2021-01-05 09:48:15.831,0.5426,0.5508,14.0,0.5482,14.0,2261.0,30.0
2021-01-05 09:48:16.321,0.5426,0.5525,10.0,0.5472,10.0,2261.0,30.0
2021-01-05 09:48:16.321,0.5426,0.5501,14.0,0.5475,14.0,2261.0,30.0
2021-01-05 09:48:18.330,0.5426,0.5501,14.0,0.5475,14.0,2261.0,30.0
2021-01-05 09:48:18.841,0.5426,0.5501,14.0,0.5475,14.0,2261.0,30.0
2021-01-05 09:48:19.271,0.5426,0.5501,14.0,0.5475,14.0,2261.0,30.0
2021-01-05 09:48:20.311,0.5426,0.5501,14.0,0.5475,14.0,2261.0,30.0
2021-01-05 09:48:21.800,0.5426,0.5501,14.0,0.5475,14.0,2261.0,30.0
2021-01-05 09:48:22.731,0.5426,0.5501,14.0,0.5475,14.0,2261.0,30.0
2021-01-05 09:48:23.021,0.5426,0.5501,14.0,0.5475,14.0,2261.0,30.0
2021-01-05 09:48:23.730,0.5426,0.5501,14.0,0.5475,14.0,2261.0,30.0
2021-01-05 09:48:26.101,0.5426,0.5495,14.0,0.5472,20.0,2261.0,30.0
2021-01-05 09:48:26.621,0.5426,0.5491,10.0,0.5472,20.0,2261.0,30.0
2021-01-05 09:48:27.181,0.5426,0.549,13.0,0.5472,20.0,2261.0,30.0
2021-01-05 09:48:28.181,0.5426,0.5487,14.0,0.5461,14.0,2261.0,30.0
2021-01-05 09:48:28.731,0.5426,0.5487,14.0,0.5466,20.0,2261.0,30.0
2021-01-05 09:48:29.121,0.5426,0.5487,14.0,0.5461,34.0,2261.0,30.0
2021-01-05 09:48:30.210,0.5426,0.5487,14.0,0.5461,34.0,2261.0,30.0
2021-01-05 09:48:31.140,0.5426,0.5487,14.0,0.5461,34.0,2261.0,30.0
2021-01-05 09:48:31.710,0.5426,0.5487,14.0,0.5461,34.0,2261.0,30.0
2021-01-05 09:48:32.200,0.5426,0.548,14.0,0.5455,10.0,2261.0,30.0
2021-01-05 09:48:32.700,0.5426,0.548,14.0,0.5454,14.0,2261.0,30.0
2021-01-05 09:48:33.190,0.5426,0.548,14.0,0.5454,14.0,2261.0,30.0
2021-01-05 09:48:33.680,0.5426,0.548,14.0,0.5454,14.0,2261.0,30.0
2021-01-05 09:48:34.721,0.5426,0.548,14.0,0.5454,14.0,2261.0,30.0
2021-01-05 09:48:36.730,0.5426,0.548,14.0,0.5454,14.0,2261.0,30.0
2021-01-05 09:48:37.211,0.5426,0.5488,10.0,0.5453,23.0,2261.0,30.0
2021-01-05 09:48:37.681,0.5426,0.5486,14.0,0.546,14.0,2261.0,30.0
2021-01-05 09:48:38.211,0.5426,0.5486,14.0,0.546,14.0,2261.0,30.0
2021-01-05 09:48:38.690,0.5426,0.5486,14.0,0.546,14.0,2261.0,30.0
2021-01-05 09:48:39.600,0.5426,0.5486,14.0,0.546,34.0,2261.0,30.0
2021-01-05 09:48:41.231,0.5426,0.5486,14.0,0.546,34.0,2261.0,30.0
2021-01-05 09:48:41.681,0.5426,0.5486,14.0,0.546,34.0,2261.0,30.0
2021-01-05 09:48:42.190,0.5426,0.5486,14.0,0.546,34.0,2261.0,30.0
2021-01-05 09:48:42.661,0.5426,0.5486,14.0,0.546,34.0,2261.0,30.0
2021-01-05 09:48:44.701,0.5426,0.5479,14.0,0.546,20.0,2261.0,30.0
2021-01-05 09:48:45.400,0.5426,0.5479,14.0,0.5453,34.0,2261.0,30.0
2021-01-05 09:48:46.011,0.5426,0.5479,14.0,0.5453,34.0,2261.0,30.0
2021-01-05 09:48:46.391,0.5426,0.5479,14.0,0.5453,34.0,2261.0,30.0
2021-01-05 09:48:47.021,0.5426,0.5479,14.0,0.5454,1.0,2261.0,30.0
2021-01-05 09:48:47.511,0.5426,0.5484,14.0,0.5458,14.0,2261.0,30.0
2021-01-05 09:48:47.911,0.5426,0.5484,14.0,0.5458,34.0,2261.0,30.0
2021-01-05 09:48:48.330,0.5426,0.5484,14.0,0.5458,34.0,2261.0,30.0
2021-01-05 09:48:49.010,0.5426,0.5484,14.0,0.5458,34.0,2261.0,30.0
2021-01-05 09:48:49.361,0.5426,0.5484,14.0,0.5458,34.0,2261.0,30.0
2021-01-05 09:48:50.030,0.5426,0.5484,14.0,0.5458,34.0,2261.0,30.0
2021-01-05 09:48:51.031,0.5426,0.5484,14.0,0.5458,34.0,2261.0,30.0
2021-01-05 09:48:51.540,0.5426,0.5478,14.0,0.5458,20.0,2261.0,30.0
2021-01-05 09:48:52.020,0.5426,0.5478,14.0,0.5454,1.0,2261.0,30.0
2021-01-05 09:48:52.510,0.5426,0.5478,14.0,0.5453,20.0,2261.0,30.0
2021-01-05 09:48:53.000,0.5426,0.5472,14.0,0.5453,20.0,2261.0,30.0
2021-01-05 09:48:54.091,0.5426,0.5472,14.0,0.5446,34.0,2261.0,30.0
2021-01-05 09:48:54.681,0.5426,0.5472,14.0,0.5453,20.0,2261.0,30.0
2021-01-05 09:48:55.201,0.5426,0.5472,14.0,0.5446,34.0,2261.0,30.0
2021-01-05 09:48:56.711,0.5426,0.5472,14.0,0.5446,34.0,2261.0,30.0
2021-01-05 09:48:57.171,0.5426,0.5472,14.0,0.5446,34.0,2261.0,30.0
2021-01-05 09:48:58.160,0.5426,0.5466,14.0,0.544,14.0,2261.0,30.0
2021-01-05 09:48:58.750,0.5426,0.5466,14.0,0.5446,20.0,2261.0,30.0
2021-01-05 09:48:59.161,0.5426,0.5466,14.0,0.544,34.0,2261.0,30.0
2021-01-05 09:48:59.760,0.5426,0.5466,14.0,0.544,14.0,2261.0,30.0
2021-01-05 09:49:00.260,0.5426,0.5466,14.0,0.544,34.0,2261.0,30.0
2021-01-05 09:49:00.761,0.5426,0.5466,14.0,0.544,34.0,2261.0,30.0
2021-01-05 09:49:01.681,0.5426,0.5466,14.0,0.544,34.0,2261.0,30.0
2021-01-05 09:49:02.790,0.5426,0.5466,14.0,0.544,34.0,2261.0,30.0
2021-01-05 09:49:03.291,0.5426,0.5466,14.0,0.544,34.0,2261.0,30.0
2021-01-05 09:49:03.791,0.5426,0.5466,14.0,0.544,34.0,2261.0,30.0
2021-01-05 09:49:04.290,0.5426,0.5466,14.0,0.544,34.0,2261.0,30.0
2021-01-05 09:49:05.301,0.5426,0.5466,14.0,0.544,34.0,2261.0,30.0
2021-01-05 09:49:05.790,0.5426,0.5466,14.0,0.544,34.0,2261.0,30.0
2021-01-05 09:49:06.290,0.5426,0.5466,14.0,0.544,34.0,2261.0,30.0
2021-01-05 09:49:06.311,0.5426,0.5471,14.0,0.5445,14.0,2261.0,30.0
2021-01-05 09:49:06.820,0.5426,0.5471,14.0,0.5445,34.0,2261.0,30.0
