,last,ask1,asize1,bid1,bsize1,oi,volume
2021-01-05 09:25:00.080,,0.2597,1.0,0.2554,1.0,2865.0,
2021-01-05 09:30:00.451,0.2598,0.2633,20.0,0.2614,1.0,2866.0,1.0
2021-01-05 09:30:00.991,0.2598,0.2653,1.0,0.2611,20.0,2866.0,1.0
2021-01-05 09:30:01.481,0.2598,0.2653,1.0,0.2611,20.0,2866.0,1.0
2021-01-05 09:30:01.990,0.2598,0.2653,1.0,0.2615,20.0,2866.0,1.0
2021-01-05 09:30:02.440,0.2598,0.2653,1.0,0.2623,20.0,2866.0,1.0
2021-01-05 09:30:03.010,0.2598,0.2653,1.0,0.2615,20.0,2866.0,1.0
2021-01-05 09:30:03.471,0.2598,0.2653,1.0,0.2615,20.0,2866.0,1.0
2021-01-05 09:30:03.980,0.2598,0.2653,21.0,0.2605,20.0,2866.0,1.0
2021-01-05 09:30:04.430,0.2598,0.2653,1.0,0.2612,20.0,2866.0,1.0
2021-01-05 09:30:05.010,0.2598,0.2653,1.0,0.2624,20.0,2866.0,1.0
2021-01-05 09:30:05.990,0.2653,0.2669,1.0,0.263,20.0,2867.0,2.0
2021-01-05 09:30:06.480,0.2653,0.2669,1.0,0.2634,20.0,2867.0,2.0
2021-01-05 09:30:06.971,0.2653,0.2669,1.0,0.2649,20.0,2867.0,2.0
2021-01-05 09:30:08.001,0.2669,0.2698,20.0,0.2652,20.0,2868.0,3.0
2021-01-05 09:30:08.520,0.2669,0.2718,20.0,0.2649,20.0,2868.0,3.0
2021-01-05 09:30:08.960,0.2669,0.2714,20.0,0.2649,20.0,2868.0,3.0
2021-01-05 09:30:09.970,0.2669,0.2718,20.0,0.2649,20.0,2868.0,3.0
2021-01-05 09:30:10.501,0.2669,0.2718,20.0,0.2652,20.0,2868.0,3.0
2021-01-05 09:30:11.000,0.2669,0.2721,20.0,0.2656,20.0,2868.0,3.0
2021-01-05 09:30:12.521,0.2669,0.2725,20.0,0.2659,20.0,2868.0,3.0
2021-01-05 09:30:13.000,0.2669,0.2725,20.0,0.2598,2.0,2868.0,3.0
2021-01-05 09:30:13.501,0.2669,0.271,20.0,0.2644,20.0,2868.0,3.0
2021-01-05 09:30:13.941,0.2669,0.271,20.0,0.2647,20.0,2868.0,3.0
2021-01-05 09:30:15.040,0.2669,0.271,20.0,0.2644,20.0,2868.0,3.0
2021-01-05 09:30:15.991,0.2669,0.271,20.0,0.2644,20.0,2868.0,3.0
2021-01-05 09:30:17.021,0.2669,0.2701,20.0,0.2635,20.0,2868.0,3.0
2021-01-05 09:30:18.231,0.2669,0.2691,20.0,0.2625,20.0,2868.0,3.0
2021-01-05 09:30:19.251,0.2669,0.2688,20.0,0.2622,20.0,2868.0,3.0
2021-01-05 09:30:20.740,0.2669,0.2691,20.0,0.2625,20.0,2868.0,3.0
2021-01-05 09:30:21.241,0.2669,0.2691,20.0,0.2628,20.0,2868.0,3.0
2021-01-05 09:30:21.741,0.2669,0.2691,20.0,0.2625,20.0,2868.0,3.0
2021-01-05 09:30:22.240,0.2669,0.2698,20.0,0.2632,20.0,2868.0,3.0
2021-01-05 09:30:22.671,0.2669,0.2691,20.0,0.2629,20.0,2868.0,3.0
2021-01-05 09:30:23.170,0.2669,0.2695,20.0,0.2629,20.0,2868.0,3.0
2021-01-05 09:30:23.670,0.2669,0.2702,20.0,0.2637,20.0,2868.0,3.0
2021-01-05 09:30:24.661,0.2669,0.2673,1.0,0.2644,20.0,2868.0,3.0
2021-01-05 09:30:25.160,0.2669,0.2673,1.0,0.2644,20.0,2868.0,3.0
2021-01-05 09:30:25.671,0.2669,0.2673,1.0,0.2647,20.0,2868.0,3.0
2021-01-05 09:30:26.670,0.2669,0.2673,1.0,0.2644,20.0,2868.0,3.0
2021-01-05 09:30:28.670,0.2669,0.2673,1.0,0.2647,10.0,2868.0,3.0
2021-01-05 09:30:29.150,0.2669,0.2673,1.0,0.2647,30.0,2868.0,3.0
2021-01-05 09:30:29.650,0.2669,0.2673,1.0,0.2647,30.0,2868.0,3.0
2021-01-05 09:30:31.121,0.2669,0.2673,1.0,0.2647,30.0,2868.0,3.0
2021-01-05 09:30:32.140,0.2669,0.2673,1.0,0.2647,30.0,2868.0,3.0
2021-01-05 09:30:32.631,0.2669,0.2673,1.0,0.2647,30.0,2868.0,3.0
2021-01-05 09:30:33.171,0.2669,0.2673,1.0,0.2647,20.0,2868.0,3.0
2021-01-05 09:30:33.671,0.2669,0.2673,21.0,0.2632,30.0,2868.0,3.0
2021-01-05 09:30:34.191,0.2669,0.2673,21.0,0.2632,30.0,2868.0,3.0
2021-01-05 09:30:34.670,0.2669,0.2673,21.0,0.2632,30.0,2868.0,3.0
2021-01-05 09:30:36.170,0.2669,0.2673,1.0,0.2635,20.0,2868.0,3.0
2021-01-05 09:30:37.171,0.2669,0.2673,1.0,0.2632,30.0,2868.0,3.0
2021-01-05 09:30:37.670,0.2669,0.2673,21.0,0.2632,30.0,2868.0,3.0
2021-01-05 09:30:39.680,0.2669,0.2673,1.0,0.2632,30.0,2868.0,3.0
2021-01-05 09:30:40.690,0.2669,0.2673,21.0,0.2632,30.0,2868.0,3.0
2021-01-05 09:30:42.181,0.2669,0.2672,12.0,0.2632,30.0,2868.0,3.0
2021-01-05 09:30:43.180,0.2632,0.2672,12.0,0.26,10.0,2898.0,33.0
2021-01-05 09:30:43.681,0.2632,0.2672,12.0,0.2629,10.0,2898.0,33.0
2021-01-05 09:30:44.181,0.2632,0.2672,12.0,0.2629,10.0,2898.0,33.0
2021-01-05 09:30:44.650,0.2632,0.2672,12.0,0.2629,10.0,2898.0,33.0
2021-01-05 09:30:45.161,0.2632,0.2672,12.0,0.2629,10.0,2898.0,33.0
2021-01-05 09:30:45.710,0.2632,0.2672,32.0,0.2629,30.0,2898.0,33.0
2021-01-05 09:30:50.171,0.2632,0.2667,20.0,0.2626,20.0,2898.0,33.0
2021-01-05 09:30:50.720,0.2632,0.2672,32.0,0.2629,20.0,2898.0,33.0
2021-01-05 09:30:51.181,0.2632,0.2672,32.0,0.2614,30.0,2898.0,33.0
2021-01-05 09:30:51.721,0.2632,0.2672,32.0,0.2614,10.0,2898.0,33.0
2021-01-05 09:30:52.221,0.2632,0.2672,32.0,0.2614,30.0,2898.0,33.0
2021-01-05 09:30:52.651,0.2632,0.2668,20.0,0.2614,30.0,2898.0,33.0
2021-01-05 09:30:53.660,0.2632,0.2668,20.0,0.2614,30.0,2898.0,33.0
2021-01-05 09:30:55.081,0.2632,0.2662,20.0,0.2614,30.0,2898.0,33.0
2021-01-05 09:30:55.671,0.2632,0.2662,20.0,0.2614,30.0,2898.0,33.0
2021-01-05 09:30:56.170,0.2632,0.2662,20.0,0.2614,30.0,2898.0,33.0
2021-01-05 09:30:58.091,0.2632,0.2668,20.0,0.2614,30.0,2898.0,33.0
2021-01-05 09:30:59.171,0.2632,0.2668,20.0,0.2614,30.0,2898.0,33.0
2021-01-05 09:31:00.681,0.2632,0.2672,32.0,0.2623,10.0,2898.0,33.0
2021-01-05 09:31:01.140,0.2632,0.2672,32.0,0.2623,30.0,2898.0,33.0
2021-01-05 09:31:01.680,0.2632,0.2672,32.0,0.2623,30.0,2898.0,33.0
2021-01-05 09:31:02.681,0.2632,0.2672,32.0,0.2623,30.0,2898.0,33.0
2021-01-05 09:31:03.680,0.2632,0.2672,32.0,0.2624,1.0,2898.0,33.0
2021-01-05 09:31:05.670,0.2632,0.2672,32.0,0.2624,1.0,2898.0,33.0
2021-01-05 09:31:07.190,0.2632,0.2672,32.0,0.2624,1.0,2898.0,33.0
2021-01-05 09:31:08.650,0.2632,0.2666,20.0,0.2624,1.0,2898.0,33.0
2021-01-05 09:31:09.101,0.2632,0.2672,32.0,0.2624,1.0,2898.0,33.0
2021-01-05 09:31:10.690,0.2632,0.2672,32.0,0.2624,1.0,2898.0,33.0
2021-01-05 09:31:11.701,0.2632,0.2672,32.0,0.2624,21.0,2898.0,33.0
2021-01-05 09:31:14.200,0.2632,0.2672,32.0,0.2625,1.0,2898.0,33.0
2021-01-05 09:31:15.110,0.2672,0.2672,31.0,0.2625,1.0,2898.0,34.0
2021-01-05 09:31:16.711,0.2672,0.2672,31.0,0.2647,5.0,2898.0,34.0
2021-01-05 09:31:17.201,0.2647,0.265,50.0,0.2631,20.0,2903.0,39.0
2021-01-05 09:31:17.710,0.2647,0.265,50.0,0.2631,20.0,2903.0,39.0
2021-01-05 09:31:18.201,0.2647,0.265,70.0,0.2632,1.0,2903.0,39.0
2021-01-05 09:31:18.720,0.2647,0.265,70.0,0.2632,1.0,2903.0,39.0
2021-01-05 09:31:19.150,0.2647,0.265,50.0,0.2632,1.0,2903.0,39.0
2021-01-05 09:31:19.721,0.2647,0.265,70.0,0.2632,1.0,2903.0,39.0
2021-01-05 09:31:20.171,0.2647,0.265,70.0,0.2625,1.0,2903.0,39.0
2021-01-05 09:31:20.701,0.2647,0.265,70.0,0.2625,1.0,2903.0,39.0
2021-01-05 09:31:21.221,0.2647,0.265,70.0,0.2625,1.0,2903.0,39.0
2021-01-05 09:31:21.671,0.2647,0.265,70.0,0.2625,1.0,2903.0,39.0
2021-01-05 09:31:22.211,0.2647,0.265,50.0,0.2625,1.0,2903.0,39.0
2021-01-05 09:31:22.620,0.2647,0.265,50.0,0.2645,10.0,2903.0,39.0
2021-01-05 09:31:23.171,0.2647,0.265,50.0,0.2645,10.0,2903.0,39.0
2021-01-05 09:31:23.621,0.2647,0.265,50.0,0.263,10.0,2903.0,39.0
2021-01-05 09:31:24.660,0.2647,0.265,50.0,0.263,10.0,2903.0,39.0
2021-01-05 09:31:25.150,0.2647,0.265,50.0,0.2631,1.0,2903.0,39.0
2021-01-05 09:31:25.640,0.2647,0.265,70.0,0.2631,1.0,2903.0,39.0
2021-01-05 09:31:26.141,0.2647,0.265,70.0,0.2631,1.0,2903.0,39.0
2021-01-05 09:31:26.681,0.2647,0.265,70.0,0.2631,1.0,2903.0,39.0
2021-01-05 09:31:27.171,0.2647,0.265,70.0,0.2623,1.0,2903.0,39.0
2021-01-05 09:31:27.590,0.265,0.265,55.0,0.2624,10.0,2903.0,54.0
2021-01-05 09:31:28.091,0.265,0.265,35.0,0.2642,1.0,2903.0,54.0
2021-01-05 09:31:28.610,0.265,0.265,35.0,0.2642,1.0,2903.0,54.0
2021-01-05 09:31:29.171,0.265,0.265,35.0,0.2642,1.0,2903.0,54.0
2021-01-05 09:31:30.170,0.265,0.265,35.0,0.2643,1.0,2903.0,54.0
2021-01-05 09:31:30.671,0.2643,0.265,35.0,0.2622,20.0,2904.0,55.0
2021-01-05 09:31:31.150,0.2643,0.265,35.0,0.2644,1.0,2904.0,55.0
2021-01-05 09:31:31.641,0.2643,0.265,35.0,0.2644,1.0,2904.0,55.0
2021-01-05 09:31:32.191,0.2643,0.265,35.0,0.2644,1.0,2904.0,55.0
2021-01-05 09:31:32.671,0.2644,0.265,35.0,0.263,20.0,2905.0,56.0
2021-01-05 09:31:33.190,0.2644,0.265,35.0,0.2622,30.0,2905.0,56.0
2021-01-05 09:31:33.610,0.2644,0.265,35.0,0.2623,10.0,2905.0,56.0
2021-01-05 09:31:34.181,0.2644,0.265,35.0,0.2624,10.0,2905.0,56.0
2021-01-05 09:31:34.500,0.2644,0.265,35.0,0.2645,1.0,2905.0,56.0
2021-01-05 09:31:35.190,0.2644,0.265,35.0,0.2634,10.0,2905.0,56.0
2021-01-05 09:31:35.651,0.2644,0.265,35.0,0.2643,1.0,2905.0,56.0
2021-01-05 09:31:36.181,0.2643,0.2649,3.0,0.2634,10.0,2906.0,57.0
2021-01-05 09:31:36.690,0.2643,0.2649,3.0,0.2634,10.0,2906.0,57.0
2021-01-05 09:31:37.191,0.2643,0.2649,3.0,0.2634,10.0,2906.0,57.0
2021-01-05 09:31:37.620,0.2643,0.2649,3.0,0.2634,10.0,2906.0,57.0
2021-01-05 09:31:38.190,0.2643,0.2649,3.0,0.2638,3.0,2906.0,57.0
2021-01-05 09:31:38.690,0.2638,0.2649,3.0,0.2631,10.0,2909.0,60.0
2021-01-05 09:31:39.210,0.2638,0.2649,3.0,0.2623,10.0,2909.0,60.0
2021-01-05 09:31:39.710,0.2638,0.2649,3.0,0.2623,10.0,2909.0,60.0
2021-01-05 09:31:40.200,0.2638,0.2649,3.0,0.2623,10.0,2909.0,60.0
2021-01-05 09:31:40.711,0.2638,0.2649,3.0,0.2618,20.0,2909.0,60.0
2021-01-05 09:31:41.141,0.2638,0.2649,3.0,0.2615,10.0,2909.0,60.0
2021-01-05 09:31:41.700,0.2649,0.2649,1.0,0.2615,10.0,2911.0,62.0
2021-01-05 09:31:42.211,0.2649,0.2649,1.0,0.2615,10.0,2911.0,62.0
2021-01-05 09:31:43.191,0.2649,0.2649,1.0,0.2616,3.0,2911.0,62.0
2021-01-05 09:31:43.690,0.2649,0.2649,11.0,0.2624,10.0,2911.0,62.0
2021-01-05 09:31:44.190,0.2649,0.2649,11.0,0.2624,10.0,2911.0,62.0
2021-01-05 09:31:44.691,0.2649,0.2649,3.0,0.2632,10.0,2911.0,62.0
2021-01-05 09:31:45.170,0.2649,0.2649,13.0,0.2624,10.0,2911.0,62.0
2021-01-05 09:31:45.700,0.2649,0.2648,3.0,0.2623,10.0,2911.0,62.0
2021-01-05 09:31:46.090,0.2649,0.2648,23.0,0.2623,10.0,2911.0,62.0
2021-01-05 09:31:47.191,0.2649,0.2648,23.0,0.2623,10.0,2911.0,62.0
2021-01-05 09:31:47.650,0.2649,0.2648,23.0,0.2616,13.0,2911.0,62.0
2021-01-05 09:31:48.211,0.2649,0.2648,23.0,0.2616,13.0,2911.0,62.0
2021-01-05 09:31:48.691,0.2649,0.2648,23.0,0.2616,10.0,2911.0,62.0
2021-01-05 09:31:49.221,0.2649,0.2648,23.0,0.2617,3.0,2911.0,62.0
2021-01-05 09:31:49.711,0.2649,0.2648,23.0,0.2616,30.0,2911.0,62.0
2021-01-05 09:31:50.191,0.2649,0.2646,10.0,0.2618,1.0,2911.0,62.0
2021-01-05 09:31:50.710,0.2649,0.2637,10.0,0.2618,1.0,2911.0,62.0
2021-01-05 09:31:51.210,0.2649,0.2637,30.0,0.2618,1.0,2911.0,62.0
2021-01-05 09:31:51.210,0.2649,0.2636,1.0,0.2618,1.0,2911.0,62.0
2021-01-05 09:31:52.621,0.2649,0.2635,3.0,0.2618,1.0,2911.0,62.0
2021-01-05 09:31:53.171,0.2649,0.2635,3.0,0.2618,1.0,2911.0,62.0
2021-01-05 09:31:53.640,0.2618,0.2635,3.0,0.2608,20.0,2912.0,63.0
2021-01-05 09:31:54.151,0.2618,0.2632,10.0,0.2619,1.0,2912.0,63.0
2021-01-05 09:31:54.520,0.2619,0.2631,3.0,0.2602,20.0,2913.0,64.0
2021-01-05 09:31:55.090,0.2619,0.2631,3.0,0.262,1.0,2913.0,64.0
2021-01-05 09:31:55.670,0.262,0.263,1.0,0.2603,3.0,2914.0,65.0
2021-01-05 09:31:56.110,0.262,0.2629,3.0,0.2602,20.0,2914.0,65.0
2021-01-05 09:31:56.681,0.262,0.2629,23.0,0.2604,1.0,2914.0,65.0
2021-01-05 09:31:57.171,0.262,0.2629,23.0,0.2604,1.0,2914.0,65.0
2021-01-05 09:31:57.651,0.262,0.2628,1.0,0.2604,1.0,2914.0,65.0
2021-01-05 09:31:58.150,0.262,0.2627,3.0,0.2604,1.0,2914.0,65.0
2021-01-05 09:31:59.180,0.262,0.2627,3.0,0.2604,1.0,2914.0,65.0
2021-01-05 09:31:59.660,0.262,0.2626,1.0,0.2604,1.0,2914.0,65.0
2021-01-05 09:32:00.150,0.262,0.2626,21.0,0.2604,1.0,2914.0,65.0
2021-01-05 09:32:01.170,0.262,0.2625,3.0,0.2604,1.0,2914.0,65.0
2021-01-05 09:32:01.670,0.262,0.2625,3.0,0.2604,1.0,2914.0,65.0
2021-01-05 09:32:02.171,0.262,0.2625,3.0,0.2604,1.0,2914.0,65.0
2021-01-05 09:32:02.671,0.262,0.2624,1.0,0.2609,10.0,2914.0,65.0
2021-01-05 09:32:03.180,0.262,0.2624,1.0,0.2609,30.0,2914.0,65.0
2021-01-05 09:32:03.641,0.262,0.2624,1.0,0.2609,30.0,2914.0,65.0
2021-01-05 09:32:04.090,0.262,0.2624,1.0,0.261,1.0,2914.0,65.0
2021-01-05 09:32:04.661,0.262,0.2624,1.0,0.261,1.0,2914.0,65.0
2021-01-05 09:32:05.141,0.262,0.2624,4.0,0.261,1.0,2914.0,65.0
2021-01-05 09:32:05.660,0.262,0.2624,4.0,0.261,1.0,2914.0,65.0
2021-01-05 09:32:06.161,0.262,0.2624,4.0,0.261,1.0,2914.0,65.0
2021-01-05 09:32:06.680,0.262,0.2624,4.0,0.261,1.0,2914.0,65.0
2021-01-05 09:32:07.070,0.262,0.2624,4.0,0.261,21.0,2914.0,65.0
2021-01-05 09:32:07.671,0.262,0.2624,1.0,0.261,21.0,2914.0,65.0
2021-01-05 09:32:08.670,0.262,0.2624,1.0,0.261,1.0,2914.0,65.0
2021-01-05 09:32:09.141,0.262,0.2624,1.0,0.261,1.0,2914.0,65.0
2021-01-05 09:32:09.681,0.262,0.2624,1.0,0.261,1.0,2914.0,65.0
2021-01-05 09:32:10.161,0.262,0.2624,1.0,0.261,1.0,2914.0,65.0
2021-01-05 09:32:10.551,0.262,0.2624,1.0,0.26,10.0,2914.0,65.0
2021-01-05 09:32:11.170,0.262,0.2624,1.0,0.2601,3.0,2914.0,65.0
2021-01-05 09:32:11.650,0.262,0.2624,1.0,0.2601,3.0,2914.0,65.0
2021-01-05 09:32:12.161,0.262,0.2624,1.0,0.2609,10.0,2914.0,65.0
2021-01-05 09:32:12.670,0.262,0.2624,1.0,0.2609,10.0,2914.0,65.0
2021-01-05 09:32:13.171,0.262,0.2624,1.0,0.261,3.0,2914.0,65.0
2021-01-05 09:32:14.180,0.262,0.2624,1.0,0.261,3.0,2914.0,65.0
2021-01-05 09:32:14.660,0.262,0.2624,1.0,0.2602,10.0,2914.0,65.0
2021-01-05 09:32:15.171,0.262,0.2624,1.0,0.2603,3.0,2914.0,65.0
2021-01-05 09:32:15.671,0.262,0.2624,1.0,0.2603,3.0,2914.0,65.0
2021-01-05 09:32:16.151,0.262,0.2624,1.0,0.2603,3.0,2914.0,65.0
2021-01-05 09:32:17.161,0.262,0.2608,10.0,0.2603,3.0,2914.0,65.0
2021-01-05 09:32:17.651,0.2608,0.2624,1.0,0.2603,3.0,2923.0,75.0
2021-01-05 09:32:18.130,0.2608,0.2624,20.0,0.2604,13.0,2923.0,75.0
2021-01-05 09:32:18.670,0.2608,0.2627,3.0,0.2604,33.0,2923.0,75.0
2021-01-05 09:32:19.131,0.2608,0.2627,3.0,0.2605,13.0,2923.0,75.0
2021-01-05 09:32:19.640,0.2608,0.2627,3.0,0.2611,5.0,2923.0,75.0
2021-01-05 09:32:20.151,0.2608,0.2627,3.0,0.2612,13.0,2923.0,75.0
2021-01-05 09:32:20.600,0.2608,0.2627,3.0,0.2607,20.0,2923.0,75.0
2021-01-05 09:32:21.171,0.2608,0.2627,3.0,0.2608,13.0,2923.0,75.0
2021-01-05 09:32:21.680,0.2608,0.2627,3.0,0.2608,20.0,2923.0,75.0
2021-01-05 09:32:22.181,0.2608,0.2627,3.0,0.2609,13.0,2923.0,75.0
2021-01-05 09:32:22.660,0.2608,0.2627,3.0,0.2609,13.0,2923.0,75.0
2021-01-05 09:32:23.180,0.2608,0.2627,3.0,0.2619,10.0,2923.0,75.0
2021-01-05 09:32:23.670,0.2608,0.2627,3.0,0.262,13.0,2923.0,75.0
2021-01-05 09:32:24.160,0.2608,0.2627,3.0,0.262,13.0,2923.0,75.0
2021-01-05 09:32:24.640,0.262,0.2627,3.0,0.2619,23.0,2925.0,77.0
2021-01-05 09:32:25.170,0.2619,0.2627,3.0,0.2614,13.0,2934.0,86.0
2021-01-05 09:32:25.670,0.2619,0.2627,3.0,0.2613,13.0,2934.0,86.0
2021-01-05 09:32:26.171,0.2619,0.2626,13.0,0.2608,20.0,2934.0,86.0
2021-01-05 09:32:26.650,0.2619,0.2625,3.0,0.2602,13.0,2934.0,86.0
2021-01-05 09:32:27.151,0.2619,0.2625,23.0,0.2601,13.0,2934.0,86.0
2021-01-05 09:32:27.670,0.2619,0.2624,13.0,0.2601,13.0,2934.0,86.0
2021-01-05 09:32:28.171,0.2619,0.2624,13.0,0.26,10.0,2934.0,86.0
2021-01-05 09:32:28.630,0.2619,0.2623,3.0,0.2599,13.0,2934.0,86.0
2021-01-05 09:32:29.180,0.2619,0.2623,3.0,0.2599,13.0,2934.0,86.0
2021-01-05 09:32:30.171,0.2619,0.2623,3.0,0.2599,16.0,2934.0,86.0
2021-01-05 09:32:30.671,0.2619,0.2623,16.0,0.26,13.0,2934.0,86.0
2021-01-05 09:32:31.151,0.2619,0.2622,13.0,0.2598,15.0,2934.0,86.0
2021-01-05 09:32:31.631,0.2619,0.2621,3.0,0.2598,15.0,2934.0,86.0
2021-01-05 09:32:31.950,0.2619,0.2621,3.0,0.2599,13.0,2934.0,86.0
2021-01-05 09:32:32.690,0.2619,0.2621,3.0,0.2599,13.0,2934.0,86.0
2021-01-05 09:32:33.141,0.2619,0.2621,3.0,0.2599,13.0,2934.0,86.0
2021-01-05 09:32:34.171,0.2619,0.2621,3.0,0.2599,16.0,2934.0,86.0
2021-01-05 09:32:34.691,0.2619,0.2621,3.0,0.26,13.0,2934.0,86.0
2021-01-05 09:32:35.170,0.2619,0.2621,3.0,0.26,13.0,2934.0,86.0
2021-01-05 09:32:36.190,0.2619,0.2621,23.0,0.26,13.0,2934.0,86.0
2021-01-05 09:32:37.150,0.2619,0.2621,23.0,0.26,13.0,2934.0,86.0
2021-01-05 09:32:39.200,0.2619,0.2617,20.0,0.2608,20.0,2934.0,86.0
2021-01-05 09:32:39.630,0.2619,0.2614,20.0,0.2605,20.0,2934.0,86.0
2021-01-05 09:32:40.151,0.2619,0.2614,20.0,0.2607,20.0,2934.0,86.0
2021-01-05 09:32:40.641,0.2619,0.2614,20.0,0.2607,20.0,2934.0,86.0
2021-01-05 09:32:41.690,0.2619,0.2612,20.0,0.2602,33.0,2934.0,86.0
2021-01-05 09:32:42.201,0.2619,0.2615,20.0,0.2607,20.0,2934.0,86.0
2021-01-05 09:32:42.700,0.2619,0.2612,20.0,0.2604,13.0,2934.0,86.0
2021-01-05 09:32:43.190,0.2619,0.2612,20.0,0.2604,13.0,2934.0,86.0
2021-01-05 09:32:43.580,0.2619,0.2612,20.0,0.2605,20.0,2934.0,86.0
2021-01-05 09:32:44.151,0.2619,0.2616,20.0,0.2607,20.0,2934.0,86.0
2021-01-05 09:32:44.700,0.2619,0.2617,3.0,0.261,20.0,2934.0,86.0
2021-01-05 09:32:45.580,0.2619,0.2615,20.0,0.2608,13.0,2934.0,86.0
2021-01-05 09:32:46.160,0.2619,0.2615,20.0,0.2606,33.0,2934.0,86.0
2021-01-05 09:32:46.621,0.2619,0.2615,20.0,0.2606,20.0,2934.0,86.0
2021-01-05 09:32:47.201,0.2619,0.2615,23.0,0.2606,20.0,2934.0,86.0
2021-01-05 09:32:47.701,0.2619,0.2612,20.0,0.2603,13.0,2934.0,86.0
2021-01-05 09:32:48.181,0.2619,0.2612,20.0,0.2602,20.0,2934.0,86.0
2021-01-05 09:32:48.550,0.2619,0.2609,20.0,0.2599,40.0,2934.0,86.0
2021-01-05 09:32:49.030,0.2619,0.2608,13.0,0.2598,2.0,2934.0,86.0
2021-01-05 09:32:49.670,0.2598,0.2598,4.0,0.2588,33.0,2936.0,88.0
2021-01-05 09:32:50.171,0.2598,0.2594,20.0,0.2585,13.0,2936.0,88.0
2021-01-05 09:32:50.700,0.2598,0.2598,8.0,0.2593,20.0,2936.0,88.0
2021-01-05 09:32:51.170,0.2598,0.2598,11.0,0.2586,33.0,2936.0,88.0
2021-01-05 09:32:51.701,0.2598,0.2594,20.0,0.2585,13.0,2936.0,88.0
2021-01-05 09:32:52.191,0.2598,0.2598,7.0,0.2588,20.0,2936.0,88.0
2021-01-05 09:32:52.671,0.2598,0.2598,18.0,0.2588,20.0,2936.0,88.0
2021-01-05 09:32:53.161,0.2598,0.2598,2.0,0.2593,20.0,2936.0,88.0
2021-01-05 09:32:53.641,0.2595,0.2603,20.0,0.2598,2.0,2936.0,93.0
2021-01-05 09:32:54.181,0.2595,0.2609,20.0,0.26,20.0,2936.0,93.0
2021-01-05 09:32:54.371,0.2595,0.2608,13.0,0.26,20.0,2936.0,93.0
2021-01-05 09:32:55.170,0.2595,0.2609,20.0,0.26,20.0,2936.0,93.0
2021-01-05 09:32:55.670,0.26,0.2605,20.0,0.2596,20.0,2938.0,95.0
2021-01-05 09:32:56.150,0.26,0.2602,20.0,0.2592,20.0,2938.0,95.0
2021-01-05 09:32:56.611,0.26,0.2599,20.0,0.2588,20.0,2938.0,95.0
2021-01-05 09:32:57.130,0.26,0.2602,20.0,0.2593,20.0,2938.0,95.0
2021-01-05 09:32:57.600,0.26,0.2605,20.0,0.2597,20.0,2938.0,95.0
2021-01-05 09:32:58.171,0.26,0.2603,20.0,0.2594,20.0,2938.0,95.0
2021-01-05 09:32:58.651,0.26,0.2603,33.0,0.2591,20.0,2938.0,95.0
2021-01-05 09:32:59.170,0.26,0.2603,20.0,0.2595,20.0,2938.0,95.0
2021-01-05 09:32:59.621,0.26,0.2601,20.0,0.259,20.0,2938.0,95.0
2021-01-05 09:33:00.180,0.26,0.2601,20.0,0.259,20.0,2938.0,95.0
2021-01-05 09:33:00.651,0.26,0.2601,20.0,0.2593,20.0,2938.0,95.0
2021-01-05 09:33:01.081,0.26,0.2604,13.0,0.2596,20.0,2938.0,95.0
2021-01-05 09:33:01.661,0.26,0.2609,13.0,0.26,20.0,2938.0,95.0
2021-01-05 09:33:02.651,0.2609,0.2611,13.0,0.2603,20.0,2941.0,103.0
2021-01-05 09:33:03.121,0.2609,0.2619,33.0,0.2609,2.0,2941.0,103.0
2021-01-05 09:33:03.171,0.2609,0.2619,20.0,0.2609,2.0,2941.0,103.0
2021-01-05 09:33:04.140,0.2609,0.2622,20.0,0.261,13.0,2941.0,103.0
2021-01-05 09:33:04.651,0.2609,0.2626,21.0,0.2612,20.0,2941.0,103.0
2021-01-05 09:33:05.181,0.2609,0.2626,21.0,0.2613,13.0,2941.0,103.0
2021-01-05 09:33:05.690,0.2609,0.2626,1.0,0.2615,20.0,2941.0,103.0
2021-01-05 09:33:06.170,0.2626,0.2629,1.0,0.2615,40.0,2942.0,104.0
2021-01-05 09:33:06.681,0.2626,0.2629,1.0,0.2617,20.0,2942.0,104.0
2021-01-05 09:33:07.171,0.2626,0.2629,1.0,0.262,20.0,2942.0,104.0
2021-01-05 09:33:07.601,0.2626,0.2628,20.0,0.2618,15.0,2942.0,104.0
2021-01-05 09:33:08.191,0.2626,0.2626,20.0,0.2616,33.0,2942.0,104.0
2021-01-05 09:33:08.681,0.2626,0.2624,20.0,0.2619,2.0,2942.0,104.0
2021-01-05 09:33:09.181,0.2619,0.2622,20.0,0.2613,20.0,2943.0,107.0
2021-01-05 09:33:09.630,0.2619,0.2622,20.0,0.2614,13.0,2943.0,107.0
2021-01-05 09:33:10.180,0.2619,0.2622,20.0,0.2614,15.0,2943.0,107.0
2021-01-05 09:33:10.681,0.2619,0.2629,21.0,0.2618,20.0,2943.0,107.0
2021-01-05 09:33:11.180,0.2619,0.2629,21.0,0.2618,33.0,2943.0,107.0
2021-01-05 09:33:11.670,0.2619,0.2629,21.0,0.2618,33.0,2943.0,107.0
2021-01-05 09:33:12.181,0.2629,0.2629,33.0,0.2619,2.0,2944.0,108.0
2021-01-05 09:33:12.650,0.2629,0.2624,20.0,0.2619,2.0,2944.0,108.0
2021-01-05 09:33:13.100,0.2629,0.2621,20.0,0.2619,2.0,2944.0,108.0
2021-01-05 09:33:13.691,0.2619,0.2621,20.0,0.2614,33.0,2944.0,110.0
2021-01-05 09:33:14.070,0.2619,0.2624,20.0,0.2614,33.0,2944.0,110.0
2021-01-05 09:33:14.600,0.2619,0.2624,20.0,0.2616,20.0,2944.0,110.0
2021-01-05 09:33:15.071,0.2619,0.2624,20.0,0.2616,20.0,2944.0,110.0
2021-01-05 09:33:15.651,0.2619,0.263,33.0,0.2619,20.0,2944.0,110.0
2021-01-05 09:33:16.181,0.2619,0.263,20.0,0.2624,4.0,2944.0,110.0
2021-01-05 09:33:16.671,0.2619,0.2634,20.0,0.2624,4.0,2944.0,110.0
2021-01-05 09:33:17.190,0.2619,0.2634,20.0,0.2625,13.0,2944.0,110.0
2021-01-05 09:33:17.691,0.2634,0.2634,19.0,0.2625,15.0,2945.0,111.0
2021-01-05 09:33:18.160,0.2634,0.2637,20.0,0.2625,2.0,2945.0,111.0
2021-01-05 09:33:18.680,0.2634,0.2635,20.0,0.2625,2.0,2945.0,111.0
2021-01-05 09:33:19.191,0.2634,0.2635,20.0,0.2626,13.0,2945.0,111.0
2021-01-05 09:33:19.591,0.2634,0.264,20.0,0.2627,20.0,2945.0,111.0
2021-01-05 09:33:20.171,0.2634,0.264,33.0,0.2627,53.0,2945.0,111.0
2021-01-05 09:33:20.680,0.2628,0.2637,20.0,0.2628,14.0,2944.0,112.0
2021-01-05 09:33:21.160,0.2637,0.264,20.0,0.2629,13.0,2945.0,113.0
2021-01-05 09:33:21.681,0.2637,0.2637,20.0,0.2629,13.0,2945.0,113.0
2021-01-05 09:33:22.150,0.2637,0.264,20.0,0.2629,33.0,2945.0,113.0
2021-01-05 09:33:22.670,0.2637,0.264,20.0,0.263,13.0,2945.0,113.0
2021-01-05 09:33:23.051,0.2637,0.2643,20.0,0.2632,20.0,2945.0,113.0
2021-01-05 09:33:23.660,0.2637,0.2643,20.0,0.2633,13.0,2945.0,113.0
2021-01-05 09:33:24.171,0.2637,0.2639,20.0,0.263,33.0,2945.0,113.0
2021-01-05 09:33:24.651,0.2637,0.2637,20.0,0.263,20.0,2945.0,113.0
2021-01-05 09:33:25.151,0.2637,0.2637,20.0,0.2631,2.0,2945.0,113.0
2021-01-05 09:33:25.541,0.2637,0.2634,20.0,0.2628,13.0,2945.0,113.0
2021-01-05 09:33:26.161,0.2637,0.2634,20.0,0.2627,20.0,2945.0,113.0
2021-01-05 09:33:26.651,0.2637,0.2634,20.0,0.2625,20.0,2945.0,113.0
2021-01-05 09:33:27.171,0.2637,0.2638,20.0,0.2629,20.0,2945.0,113.0
2021-01-05 09:33:27.441,0.2637,0.2632,20.0,0.2626,13.0,2945.0,113.0
2021-01-05 09:33:28.180,0.2637,0.2632,20.0,0.263,2.0,2945.0,113.0
2021-01-05 09:33:28.670,0.2632,0.2636,10.0,0.2631,13.0,2945.0,114.0
2021-01-05 09:33:29.171,0.2632,0.2638,20.0,0.2629,33.0,2945.0,114.0
2021-01-05 09:33:30.170,0.2632,0.2634,20.0,0.2627,20.0,2945.0,114.0
2021-01-05 09:33:30.670,0.2632,0.2634,20.0,0.2627,33.0,2945.0,114.0
2021-01-05 09:33:31.131,0.2632,0.2634,20.0,0.2627,20.0,2945.0,114.0
2021-01-05 09:33:31.680,0.2632,0.2634,20.0,0.2628,13.0,2945.0,114.0
2021-01-05 09:33:32.170,0.2632,0.2634,20.0,0.2627,33.0,2945.0,114.0
2021-01-05 09:33:32.620,0.2632,0.2634,20.0,0.2627,20.0,2945.0,114.0
2021-01-05 09:33:33.171,0.2632,0.2634,20.0,0.2627,20.0,2945.0,114.0
2021-01-05 09:33:33.680,0.2632,0.2636,20.0,0.2628,13.0,2945.0,114.0
2021-01-05 09:33:34.070,0.2632,0.2636,20.0,0.2627,20.0,2945.0,114.0
2021-01-05 09:33:34.671,0.2632,0.2636,20.0,0.2627,33.0,2945.0,114.0
2021-01-05 09:33:35.150,0.2632,0.2636,20.0,0.2628,2.0,2945.0,114.0
2021-01-05 09:33:35.690,0.2632,0.2636,20.0,0.2628,2.0,2945.0,114.0
2021-01-05 09:33:36.101,0.2632,0.2636,20.0,0.2628,2.0,2945.0,114.0
2021-01-05 09:33:36.681,0.2632,0.264,20.0,0.263,20.0,2945.0,114.0
2021-01-05 09:33:37.190,0.2632,0.264,20.0,0.2632,20.0,2945.0,114.0
2021-01-05 09:33:37.640,0.2632,0.2644,20.0,0.2634,20.0,2945.0,114.0
2021-01-05 09:33:38.120,0.2632,0.2644,20.0,0.2635,13.0,2945.0,114.0
2021-01-05 09:33:39.201,0.2632,0.2642,20.0,0.2635,13.0,2945.0,114.0
2021-01-05 09:33:39.641,0.2632,0.2639,20.0,0.2633,13.0,2945.0,114.0
2021-01-05 09:33:40.160,0.2632,0.2637,20.0,0.2631,13.0,2945.0,114.0
2021-01-05 09:33:40.690,0.2632,0.2636,1.0,0.263,20.0,2945.0,114.0
2021-01-05 09:33:41.161,0.2632,0.2636,1.0,0.2629,33.0,2945.0,114.0
2021-01-05 09:33:41.691,0.2632,0.2636,1.0,0.263,33.0,2945.0,114.0
2021-01-05 09:33:42.160,0.2632,0.2634,20.0,0.2627,13.0,2945.0,114.0
2021-01-05 09:33:42.640,0.2632,0.2634,20.0,0.2624,33.0,2945.0,114.0
2021-01-05 09:33:43.180,0.2632,0.2631,20.0,0.2623,13.0,2945.0,114.0
2021-01-05 09:33:43.180,0.2632,0.2631,20.0,0.2622,13.0,2945.0,114.0
2021-01-05 09:33:44.110,0.2632,0.2631,20.0,0.2623,20.0,2945.0,114.0
2021-01-05 09:33:44.671,0.2632,0.2634,20.0,0.2624,13.0,2945.0,114.0
2021-01-05 09:33:45.180,0.2632,0.2634,20.0,0.2625,20.0,2945.0,114.0
2021-01-05 09:33:45.660,0.2632,0.2634,20.0,0.2625,20.0,2945.0,114.0
2021-01-05 09:33:46.161,0.2632,0.2631,20.0,0.2621,13.0,2945.0,114.0
2021-01-05 09:33:46.680,0.2632,0.2627,20.0,0.262,20.0,2945.0,114.0
2021-01-05 09:33:47.191,0.2632,0.2627,20.0,0.2622,2.0,2945.0,114.0
2021-01-05 09:33:47.681,0.2632,0.2622,2.0,0.2617,13.0,2945.0,114.0
2021-01-05 09:33:49.051,0.2632,0.2622,4.0,0.2615,36.0,2945.0,114.0
2021-01-05 09:33:49.681,0.2632,0.2622,4.0,0.2615,23.0,2945.0,114.0
2021-01-05 09:33:50.180,0.2632,0.2622,4.0,0.2615,20.0,2945.0,114.0
2021-01-05 09:33:50.670,0.2632,0.2622,2.0,0.2615,33.0,2945.0,114.0
2021-01-05 09:33:51.141,0.2632,0.2625,20.0,0.2615,20.0,2945.0,114.0
2021-01-05 09:33:51.581,0.2632,0.2625,20.0,0.2617,20.0,2945.0,114.0
2021-01-05 09:33:52.190,0.2632,0.2626,4.0,0.262,20.0,2945.0,114.0
2021-01-05 09:33:52.570,0.2632,0.2624,2.0,0.2619,20.0,2945.0,114.0
2021-01-05 09:33:52.960,0.2632,0.2626,29.0,0.2617,13.0,2945.0,114.0
2021-01-05 09:33:53.650,0.2632,0.2626,9.0,0.262,20.0,2945.0,114.0
2021-01-05 09:33:54.180,0.2632,0.2626,9.0,0.262,20.0,2945.0,114.0
2021-01-05 09:33:54.610,0.2632,0.2626,9.0,0.262,20.0,2945.0,114.0
2021-01-05 09:33:55.650,0.2632,0.2625,20.0,0.2615,33.0,2945.0,114.0
2021-01-05 09:33:56.120,0.2632,0.2626,9.0,0.2619,20.0,2945.0,114.0
2021-01-05 09:33:56.681,0.2632,0.2626,12.0,0.2619,20.0,2945.0,114.0
2021-01-05 09:33:57.171,0.2632,0.2625,20.0,0.2615,33.0,2945.0,114.0
2021-01-05 09:33:57.671,0.2632,0.2623,20.0,0.2614,13.0,2945.0,114.0
2021-01-05 09:33:58.170,0.2632,0.2623,20.0,0.2612,20.0,2945.0,114.0
2021-01-05 09:33:58.591,0.2632,0.2612,60.0,0.2609,20.0,2945.0,114.0
2021-01-05 09:33:59.140,0.2609,0.2612,63.0,0.2603,40.0,2950.0,119.0
2021-01-05 09:33:59.690,0.2609,0.2611,6.0,0.2603,43.0,2950.0,119.0
2021-01-05 09:34:00.191,0.2609,0.261,13.0,0.2603,40.0,2950.0,119.0
2021-01-05 09:34:00.671,0.2609,0.261,13.0,0.2603,20.0,2950.0,119.0
2021-01-05 09:34:01.081,0.2609,0.261,13.0,0.2598,40.0,2950.0,119.0
2021-01-05 09:34:01.661,0.2609,0.2611,6.0,0.2605,20.0,2950.0,119.0
2021-01-05 09:34:02.170,0.2609,0.2609,2.0,0.2608,20.0,2950.0,119.0
2021-01-05 09:34:02.591,0.2609,0.2611,4.0,0.2605,40.0,2950.0,119.0
2021-01-05 09:34:03.171,0.2609,0.261,13.0,0.2605,20.0,2950.0,119.0
2021-01-05 09:34:03.670,0.2609,0.261,13.0,0.2602,40.0,2950.0,119.0
2021-01-05 09:34:04.671,0.2609,0.2611,4.0,0.2602,40.0,2950.0,119.0
2021-01-05 09:34:05.051,0.2609,0.2609,20.0,0.2602,20.0,2950.0,119.0
2021-01-05 09:34:05.630,0.2609,0.2609,20.0,0.2598,53.0,2950.0,119.0
2021-01-05 09:34:06.191,0.2609,0.2609,33.0,0.2598,40.0,2950.0,119.0
2021-01-05 09:34:06.671,0.2609,0.2609,43.0,0.2598,40.0,2950.0,119.0
2021-01-05 09:34:07.130,0.2609,0.2608,13.0,0.2598,40.0,2950.0,119.0
2021-01-05 09:34:07.601,0.2609,0.2606,20.0,0.2598,20.0,2950.0,119.0
2021-01-05 09:34:08.171,0.2609,0.2598,67.0,0.2595,20.0,2950.0,119.0
2021-01-05 09:34:08.690,0.2609,0.2597,8.0,0.2592,20.0,2950.0,119.0
2021-01-05 09:34:09.170,0.2597,0.2597,6.0,0.2594,20.0,2950.0,122.0
2021-01-05 09:34:09.670,0.2598,0.2598,60.0,0.2592,36.0,2970.0,148.0
2021-01-05 09:34:10.140,0.2598,0.2598,40.0,0.2595,20.0,2970.0,148.0
2021-01-05 09:34:10.690,0.2598,0.2598,20.0,0.2594,13.0,2990.0,168.0
2021-01-05 09:34:11.151,0.2598,0.2609,20.0,0.26,2.0,3008.0,188.0
2021-01-05 09:34:11.681,0.2598,0.2613,13.0,0.2604,20.0,3008.0,188.0
2021-01-05 09:34:12.121,0.2598,0.2608,2.0,0.2604,20.0,3008.0,188.0
2021-01-05 09:34:12.621,0.2598,0.2607,20.0,0.2603,20.0,3008.0,188.0
2021-01-05 09:34:13.191,0.2598,0.2612,20.0,0.2602,20.0,3008.0,188.0
2021-01-05 09:34:13.521,0.2598,0.2616,20.0,0.2605,20.0,3008.0,188.0
2021-01-05 09:34:14.181,0.2598,0.2618,13.0,0.2608,20.0,3008.0,188.0
2021-01-05 09:34:14.691,0.2598,0.2621,13.0,0.2611,20.0,3008.0,188.0
2021-01-05 09:34:15.181,0.2598,0.2617,2.0,0.2614,20.0,3008.0,188.0
2021-01-05 09:34:15.681,0.2598,0.2623,20.0,0.2611,53.0,3008.0,188.0
2021-01-05 09:34:16.190,0.2598,0.2618,20.0,0.2611,20.0,3008.0,188.0
2021-01-05 09:34:16.620,0.2598,0.2612,20.0,0.2606,14.0,3008.0,188.0
2021-01-05 09:34:17.070,0.2598,0.2612,20.0,0.2604,53.0,3008.0,188.0
2021-01-05 09:34:17.690,0.2598,0.2609,20.0,0.2604,20.0,3008.0,188.0
2021-01-05 09:34:18.201,0.2598,0.2607,20.0,0.2599,13.0,3008.0,188.0
2021-01-05 09:34:18.620,0.2598,0.261,20.0,0.2601,20.0,3008.0,188.0
2021-01-05 09:34:19.041,0.2598,0.2607,20.0,0.2598,20.0,3008.0,188.0
2021-01-05 09:34:19.350,0.2598,0.2613,20.0,0.2604,20.0,3008.0,188.0
2021-01-05 09:34:20.180,0.2598,0.2606,2.0,0.2602,20.0,3008.0,188.0
2021-01-05 09:34:20.651,0.2598,0.2608,20.0,0.2598,40.0,3008.0,188.0
2021-01-05 09:34:21.200,0.2598,0.2608,33.0,0.2598,40.0,3008.0,188.0
2021-01-05 09:34:21.690,0.2598,0.2605,20.0,0.2595,40.0,3008.0,188.0
2021-01-05 09:34:22.151,0.2598,0.2605,20.0,0.2595,40.0,3008.0,188.0
2021-01-05 09:34:22.191,0.2598,0.2605,20.0,0.2598,20.0,3008.0,188.0
2021-01-05 09:34:23.181,0.2598,0.2605,20.0,0.2598,40.0,3008.0,188.0
2021-01-05 09:34:23.661,0.2598,0.2605,20.0,0.2598,40.0,3008.0,188.0
2021-01-05 09:34:24.170,0.2598,0.2607,20.0,0.2598,40.0,3008.0,188.0
2021-01-05 09:34:24.600,0.2598,0.2607,20.0,0.2598,40.0,3008.0,188.0
2021-01-05 09:34:25.150,0.2598,0.2604,20.0,0.2598,20.0,3008.0,188.0
2021-01-05 09:34:25.671,0.2598,0.2604,20.0,0.2595,33.0,3028.0,208.0
2021-01-05 09:34:26.170,0.2598,0.2604,20.0,0.2596,16.0,3028.0,208.0
2021-01-05 09:34:26.641,0.2598,0.2604,20.0,0.2596,13.0,3028.0,208.0
2021-01-05 09:34:27.150,0.2598,0.2604,20.0,0.2597,20.0,3028.0,208.0
2021-01-05 09:34:27.690,0.2598,0.2604,20.0,0.2597,20.0,3028.0,208.0
2021-01-05 09:34:28.120,0.2598,0.2604,20.0,0.2597,23.0,3028.0,208.0
2021-01-05 09:34:28.621,0.2598,0.2604,20.0,0.2596,13.0,3028.0,208.0
2021-01-05 09:34:29.171,0.2598,0.2604,20.0,0.2596,13.0,3028.0,208.0
2021-01-05 09:34:29.601,0.2598,0.2604,20.0,0.2596,16.0,3028.0,208.0
2021-01-05 09:34:30.141,0.2598,0.2604,20.0,0.2596,13.0,3028.0,208.0
2021-01-05 09:34:30.671,0.2598,0.2608,20.0,0.2599,20.0,3028.0,208.0
2021-01-05 09:34:31.190,0.2598,0.2605,20.0,0.2599,20.0,3028.0,208.0
2021-01-05 09:34:31.280,0.2598,0.2602,20.0,0.2595,34.0,3028.0,208.0
2021-01-05 09:34:32.690,0.2598,0.2602,20.0,0.2596,20.0,3028.0,208.0
2021-01-05 09:34:33.090,0.2598,0.2602,20.0,0.2595,21.0,3028.0,208.0
2021-01-05 09:34:33.691,0.2595,0.26,20.0,0.2595,1.0,3035.0,215.0
2021-01-05 09:34:34.171,0.2595,0.2595,1.0,0.2593,13.0,3036.0,216.0
2021-01-05 09:34:34.640,0.2595,0.26,20.0,0.2591,33.0,3036.0,217.0
2021-01-05 09:34:35.130,0.2595,0.26,20.0,0.2591,20.0,3036.0,217.0
2021-01-05 09:34:35.691,0.2595,0.2597,20.0,0.2591,20.0,3036.0,217.0
2021-01-05 09:34:36.680,0.2595,0.2597,20.0,0.2588,20.0,3036.0,217.0
2021-01-05 09:34:37.161,0.2595,0.2597,20.0,0.2588,20.0,3036.0,217.0
2021-01-05 09:34:37.700,0.2595,0.2594,20.0,0.2585,33.0,3036.0,217.0
2021-01-05 09:34:38.171,0.2595,0.2594,20.0,0.2585,20.0,3036.0,217.0
2021-01-05 09:34:38.611,0.2595,0.2592,20.0,0.2585,20.0,3036.0,217.0
2021-01-05 09:34:39.091,0.2585,0.2592,20.0,0.2585,19.0,3037.0,218.0
2021-01-05 09:34:39.470,0.2585,0.2592,20.0,0.2582,40.0,3037.0,218.0
2021-01-05 09:34:40.171,0.2585,0.2589,20.0,0.2582,20.0,3037.0,218.0
2021-01-05 09:34:40.530,0.2585,0.2593,20.0,0.2583,22.0,3037.0,218.0
2021-01-05 09:34:41.201,0.2585,0.2588,2.0,0.258,13.0,3037.0,218.0
2021-01-05 09:34:41.700,0.2585,0.2589,20.0,0.2579,13.0,3037.0,218.0
2021-01-05 09:34:42.171,0.2585,0.2589,20.0,0.2579,13.0,3037.0,218.0
2021-01-05 09:34:42.680,0.2585,0.2589,20.0,0.2579,3.0,3037.0,218.0
2021-01-05 09:34:43.191,0.2585,0.2589,20.0,0.2579,3.0,3037.0,218.0
2021-01-05 09:34:43.660,0.2585,0.2589,20.0,0.258,20.0,3037.0,218.0
2021-01-05 09:34:44.701,0.2585,0.2589,20.0,0.2582,20.0,3037.0,218.0
2021-01-05 09:34:45.200,0.2585,0.2589,33.0,0.2579,20.0,3037.0,218.0
2021-01-05 09:34:45.721,0.2585,0.2589,20.0,0.2581,20.0,3037.0,218.0
2021-01-05 09:34:46.140,0.2585,0.2587,20.0,0.2581,20.0,3037.0,218.0
2021-01-05 09:34:46.660,0.2585,0.2587,20.0,0.258,33.0,3037.0,218.0
2021-01-05 09:34:47.181,0.2585,0.2587,20.0,0.258,20.0,3037.0,218.0
2021-01-05 09:34:47.630,0.2585,0.2587,20.0,0.2578,20.0,3037.0,218.0
2021-01-05 09:34:48.141,0.2585,0.2587,33.0,0.2578,20.0,3037.0,218.0
2021-01-05 09:34:48.700,0.2585,0.2587,20.0,0.2578,20.0,3037.0,218.0
2021-01-05 09:34:49.701,0.2585,0.2589,20.0,0.2581,20.0,3037.0,218.0
2021-01-05 09:34:50.161,0.2585,0.2593,33.0,0.2584,20.0,3037.0,218.0
2021-01-05 09:34:50.700,0.2585,0.2593,33.0,0.2584,40.0,3037.0,218.0
2021-01-05 09:34:51.200,0.2585,0.259,20.0,0.2585,2.0,3037.0,218.0
2021-01-05 09:34:51.701,0.2585,0.2595,20.0,0.2585,2.0,3037.0,218.0
2021-01-05 09:34:52.220,0.2585,0.2591,20.0,0.2584,40.0,3037.0,218.0
2021-01-05 09:34:52.650,0.2585,0.2593,13.0,0.2584,40.0,3037.0,218.0
2021-01-05 09:34:53.180,0.2585,0.259,20.0,0.2584,40.0,3037.0,218.0
2021-01-05 09:34:53.651,0.2584,0.259,33.0,0.2581,20.0,3038.0,219.0
2021-01-05 09:34:54.170,0.2581,0.2584,1.0,0.2579,20.0,3058.0,239.0
2021-01-05 09:34:54.631,0.2581,0.2584,21.0,0.2573,13.0,3058.0,239.0
2021-01-05 09:34:55.161,0.2581,0.258,20.0,0.2568,13.0,3058.0,239.0
2021-01-05 09:34:55.680,0.2581,0.258,20.0,0.2567,3.0,3058.0,239.0
2021-01-05 09:34:56.131,0.2581,0.2579,15.0,0.2566,13.0,3058.0,239.0
2021-01-05 09:34:56.600,0.2581,0.2576,30.0,0.2561,40.0,3058.0,239.0
2021-01-05 09:34:57.130,0.2581,0.2575,13.0,0.2562,13.0,3058.0,239.0
2021-01-05 09:34:57.651,0.2581,0.2575,13.0,0.2561,43.0,3058.0,239.0
2021-01-05 09:34:58.160,0.2581,0.2574,22.0,0.2561,43.0,3058.0,239.0
2021-01-05 09:34:58.640,0.2581,0.2573,13.0,0.2564,20.0,3058.0,239.0
2021-01-05 09:34:59.151,0.2581,0.2573,13.0,0.2561,43.0,3058.0,239.0
2021-01-05 09:35:00.160,0.2581,0.2571,10.0,0.2561,23.0,3058.0,239.0
2021-01-05 09:35:00.630,0.2581,0.257,13.0,0.2561,20.0,3058.0,239.0
2021-01-05 09:35:01.170,0.2581,0.257,13.0,0.2561,20.0,3058.0,239.0
2021-01-05 09:35:02.160,0.257,0.2574,20.0,0.2566,19.0,3059.0,244.0
2021-01-05 09:35:02.680,0.257,0.2577,20.0,0.2569,20.0,3059.0,244.0
2021-01-05 09:35:03.180,0.257,0.2577,20.0,0.2569,20.0,3059.0,244.0
2021-01-05 09:35:03.631,0.257,0.2581,13.0,0.2573,20.0,3059.0,244.0
2021-01-05 09:35:04.061,0.257,0.2576,2.0,0.2569,40.0,3059.0,244.0
2021-01-05 09:35:04.661,0.257,0.258,20.0,0.2571,20.0,3059.0,244.0
2021-01-05 09:35:05.180,0.257,0.2577,20.0,0.2568,33.0,3059.0,244.0
2021-01-05 09:35:05.671,0.257,0.2577,20.0,0.2569,23.0,3059.0,244.0
2021-01-05 09:35:06.180,0.257,0.2577,20.0,0.2569,20.0,3059.0,244.0
2021-01-05 09:35:06.680,0.2569,0.2574,20.0,0.2566,33.0,3062.0,247.0
2021-01-05 09:35:07.131,0.2569,0.2574,20.0,0.2566,20.0,3062.0,247.0
2021-01-05 09:35:07.650,0.2569,0.257,20.0,0.2563,20.0,3062.0,247.0
2021-01-05 09:35:08.171,0.2563,0.2567,20.0,0.2558,20.0,3064.0,249.0
2021-01-05 09:35:09.191,0.2558,0.2563,20.0,0.2552,20.0,3067.0,252.0
2021-01-05 09:35:09.700,0.2558,0.2563,20.0,0.2553,13.0,3067.0,252.0
2021-01-05 09:35:10.180,0.2558,0.2562,10.0,0.2552,33.0,3067.0,252.0
2021-01-05 09:35:10.691,0.2558,0.2562,12.0,0.2552,43.0,3067.0,252.0
2021-01-05 09:35:11.160,0.2558,0.2561,13.0,0.2552,43.0,3067.0,252.0
2021-01-05 09:35:11.671,0.2558,0.2559,20.0,0.2552,20.0,3067.0,252.0
2021-01-05 09:35:12.101,0.2558,0.2559,20.0,0.2552,20.0,3067.0,252.0
2021-01-05 09:35:12.691,0.2558,0.2559,20.0,0.2549,23.0,3067.0,252.0
2021-01-05 09:35:13.181,0.2558,0.2563,13.0,0.2559,5.0,3067.0,252.0
2021-01-05 09:35:13.640,0.2563,0.2572,33.0,0.2563,7.0,3067.0,255.0
2021-01-05 09:35:14.191,0.2563,0.2577,20.0,0.2565,20.0,3067.0,255.0
2021-01-05 09:35:14.691,0.2565,0.2582,20.0,0.2568,20.0,3067.0,257.0
2021-01-05 09:35:15.171,0.2565,0.2576,2.0,0.2569,10.0,3067.0,257.0
2021-01-05 09:35:15.701,0.2565,0.2573,20.0,0.2568,33.0,3067.0,257.0
2021-01-05 09:35:16.151,0.2565,0.257,20.0,0.2567,13.0,3067.0,257.0
2021-01-05 09:35:16.681,0.2565,0.2574,20.0,0.2565,20.0,3067.0,257.0
2021-01-05 09:35:17.190,0.2565,0.2574,20.0,0.2566,13.0,3067.0,257.0
2021-01-05 09:35:17.680,0.2565,0.2574,20.0,0.2566,13.0,3067.0,257.0
2021-01-05 09:35:18.170,0.2565,0.2574,20.0,0.2566,13.0,3067.0,257.0
2021-01-05 09:35:18.681,0.2565,0.2581,20.0,0.257,20.0,3067.0,257.0
2021-01-05 09:35:19.180,0.2565,0.2581,20.0,0.2571,13.0,3067.0,257.0
2021-01-05 09:35:19.470,0.2565,0.2581,20.0,0.257,20.0,3067.0,257.0
2021-01-05 09:35:20.120,0.2565,0.2581,20.0,0.2571,10.0,3067.0,257.0
2021-01-05 09:35:20.681,0.2565,0.2577,20.0,0.2571,2.0,3067.0,257.0
2021-01-05 09:35:21.180,0.2571,0.2571,1.0,0.2566,33.0,3067.0,259.0
2021-01-05 09:35:21.601,0.2566,0.257,20.0,0.2563,7.0,3068.0,260.0
2021-01-05 09:35:22.171,0.2566,0.257,20.0,0.256,33.0,3068.0,260.0
2021-01-05 09:35:22.631,0.2566,0.2569,2.0,0.256,36.0,3068.0,260.0
2021-01-05 09:35:23.151,0.2566,0.2569,2.0,0.256,36.0,3068.0,260.0
2021-01-05 09:35:23.680,0.2566,0.2569,2.0,0.256,20.0,3068.0,260.0
2021-01-05 09:35:24.171,0.2566,0.2569,2.0,0.2566,20.0,3068.0,260.0
2021-01-05 09:35:24.671,0.2566,0.2569,2.0,0.2562,20.0,3068.0,260.0
2021-01-05 09:35:25.061,0.2566,0.2571,20.0,0.2562,20.0,3068.0,260.0
2021-01-05 09:35:25.660,0.2566,0.2569,20.0,0.2559,20.0,3068.0,260.0
2021-01-05 09:35:26.160,0.2566,0.2569,20.0,0.2559,20.0,3068.0,260.0
2021-01-05 09:35:26.651,0.2566,0.2569,20.0,0.2559,20.0,3068.0,260.0
2021-01-05 09:35:27.120,0.2566,0.2569,33.0,0.2559,20.0,3068.0,260.0
2021-01-05 09:35:27.641,0.2566,0.2571,20.0,0.2563,20.0,3068.0,260.0
2021-01-05 09:35:28.131,0.2566,0.2568,2.0,0.2563,20.0,3068.0,260.0
2021-01-05 09:35:28.680,0.2566,0.2571,20.0,0.2563,20.0,3068.0,260.0
2021-01-05 09:35:29.160,0.2566,0.2571,20.0,0.2563,20.0,3068.0,260.0
2021-01-05 09:35:30.121,0.2566,0.2569,20.0,0.256,3.0,3068.0,260.0
2021-01-05 09:35:30.690,0.2566,0.2569,33.0,0.2559,20.0,3068.0,260.0
2021-01-05 09:35:31.170,0.2566,0.2569,20.0,0.256,3.0,3068.0,260.0
2021-01-05 09:35:31.700,0.2566,0.2571,20.0,0.2563,20.0,3068.0,260.0
2021-01-05 09:35:32.150,0.2566,0.2567,20.0,0.2559,20.0,3068.0,260.0
2021-01-05 09:35:32.630,0.2566,0.2567,20.0,0.256,20.0,3068.0,260.0
2021-01-05 09:35:33.191,0.2566,0.2567,20.0,0.2557,33.0,3068.0,260.0
2021-01-05 09:35:33.650,0.2566,0.2565,20.0,0.2556,20.0,3068.0,260.0
2021-01-05 09:35:34.190,0.2566,0.2565,33.0,0.256,1.0,3068.0,260.0
2021-01-05 09:35:34.691,0.256,0.256,1.0,0.2553,36.0,3068.0,261.0
2021-01-05 09:35:35.200,0.256,0.256,1.0,0.2553,23.0,3068.0,261.0
2021-01-05 09:35:35.590,0.256,0.256,2.0,0.2552,20.0,3068.0,261.0
2021-01-05 09:35:36.180,0.256,0.256,2.0,0.2552,20.0,3068.0,261.0
2021-01-05 09:35:36.620,0.256,0.256,15.0,0.2552,20.0,3068.0,261.0
2021-01-05 09:35:37.171,0.256,0.2559,20.0,0.2552,20.0,3068.0,261.0
2021-01-05 09:35:37.581,0.256,0.2559,20.0,0.2552,20.0,3068.0,261.0
2021-01-05 09:35:38.190,0.256,0.2559,20.0,0.2552,20.0,3068.0,261.0
2021-01-05 09:35:38.651,0.256,0.256,1.0,0.2555,20.0,3068.0,261.0
2021-01-05 09:35:39.140,0.256,0.256,1.0,0.2555,20.0,3068.0,261.0
2021-01-05 09:35:39.690,0.256,0.2563,20.0,0.2555,40.0,3068.0,262.0
2021-01-05 09:35:40.191,0.2563,0.2567,20.0,0.2558,20.0,3068.0,264.0
2021-01-05 09:35:40.691,0.2563,0.2562,2.0,0.2558,20.0,3068.0,264.0
2021-01-05 09:35:41.190,0.2562,0.2567,20.0,0.2558,40.0,3066.0,266.0
2021-01-05 09:35:41.680,0.2562,0.2567,20.0,0.2559,3.0,3066.0,266.0
2021-01-05 09:35:42.160,0.2562,0.2567,33.0,0.2558,40.0,3066.0,266.0
2021-01-05 09:35:42.621,0.2562,0.2562,20.0,0.2558,20.0,3066.0,266.0
2021-01-05 09:35:43.190,0.2562,0.2559,20.0,0.2552,20.0,3066.0,266.0
2021-01-05 09:35:43.661,0.2559,0.2565,20.0,0.2557,20.0,3067.0,267.0
2021-01-05 09:35:44.041,0.2559,0.2558,2.0,0.2557,20.0,3067.0,267.0
2021-01-05 09:35:44.681,0.2559,0.2557,7.0,0.2552,20.0,3067.0,267.0
2021-01-05 09:35:45.670,0.2559,0.2552,4.0,0.2549,20.0,3067.0,267.0
2021-01-05 09:35:46.141,0.2559,0.2549,7.0,0.2546,23.0,3067.0,267.0
2021-01-05 09:35:46.700,0.2559,0.2549,7.0,0.2546,23.0,3067.0,267.0
2021-01-05 09:35:47.201,0.2559,0.2549,7.0,0.2546,3.0,3067.0,267.0
2021-01-05 09:35:48.020,0.2559,0.2549,20.0,0.254,20.0,3067.0,267.0
2021-01-05 09:35:48.650,0.2559,0.2549,7.0,0.2543,20.0,3067.0,267.0
2021-01-05 09:35:49.001,0.2559,0.2545,2.0,0.2543,20.0,3067.0,267.0
2021-01-05 09:35:49.701,0.2559,0.2545,2.0,0.254,23.0,3067.0,267.0
2021-01-05 09:35:50.150,0.2559,0.2545,2.0,0.254,23.0,3067.0,267.0
2021-01-05 09:35:50.680,0.2559,0.2545,2.0,0.254,23.0,3067.0,267.0
2021-01-05 09:35:51.180,0.2559,0.2545,2.0,0.254,23.0,3067.0,267.0
2021-01-05 09:35:51.710,0.2545,0.2553,20.0,0.2544,20.0,3065.0,269.0
2021-01-05 09:35:52.190,0.2545,0.2553,30.0,0.2544,40.0,3065.0,269.0
2021-01-05 09:35:52.661,0.2545,0.2552,13.0,0.2544,40.0,3065.0,269.0
2021-01-05 09:35:53.111,0.2545,0.2548,8.0,0.2544,40.0,3065.0,269.0
2021-01-05 09:35:54.161,0.2548,0.2553,20.0,0.2545,3.0,3065.0,277.0
2021-01-05 09:35:54.640,0.2548,0.2557,20.0,0.2548,20.0,3065.0,277.0
2021-01-05 09:35:55.181,0.2548,0.2562,13.0,0.2552,20.0,3065.0,277.0
2021-01-05 09:35:55.691,0.2548,0.2557,1.0,0.2552,40.0,3065.0,277.0
2021-01-05 09:35:56.121,0.2557,0.2563,20.0,0.2552,40.0,3064.0,278.0
2021-01-05 09:35:56.690,0.2557,0.2559,20.0,0.2552,20.0,3064.0,278.0
2021-01-05 09:35:57.141,0.2557,0.2559,20.0,0.2553,2.0,3064.0,278.0
2021-01-05 09:35:57.681,0.2557,0.2556,5.0,0.2551,13.0,3064.0,278.0
2021-01-05 09:35:58.150,0.2557,0.2556,5.0,0.255,40.0,3064.0,278.0
2021-01-05 09:35:58.150,0.2557,0.2556,5.0,0.255,40.0,3064.0,278.0
2021-01-05 09:35:58.970,0.2557,0.2556,5.0,0.255,40.0,3064.0,278.0
2021-01-05 09:35:59.640,0.255,0.2554,20.0,0.2548,20.0,3073.0,287.0
2021-01-05 09:36:00.201,0.255,0.2551,20.0,0.2545,20.0,3073.0,287.0
2021-01-05 09:36:00.680,0.255,0.2551,20.0,0.2543,3.0,3073.0,287.0
2021-01-05 09:36:01.181,0.255,0.255,5.0,0.2543,23.0,3073.0,287.0
2021-01-05 09:36:01.671,0.255,0.255,5.0,0.2543,23.0,3073.0,287.0
2021-01-05 09:36:02.170,0.255,0.2555,20.0,0.2547,20.0,3068.0,292.0
2021-01-05 09:36:02.701,0.255,0.2558,20.0,0.2555,5.0,3068.0,292.0
2021-01-05 09:36:03.200,0.255,0.2562,20.0,0.2555,5.0,3068.0,292.0
2021-01-05 09:36:03.361,0.255,0.2562,20.0,0.2555,5.0,3068.0,292.0
2021-01-05 09:36:04.201,0.255,0.2562,20.0,0.2555,5.0,3068.0,292.0
2021-01-05 09:36:04.670,0.255,0.2562,33.0,0.2555,5.0,3068.0,292.0
2021-01-05 09:36:05.150,0.255,0.2555,1.0,0.2554,20.0,3068.0,292.0
2021-01-05 09:36:05.690,0.255,0.2555,1.0,0.2551,20.0,3068.0,292.0
2021-01-05 09:36:06.180,0.255,0.2555,1.0,0.2548,23.0,3068.0,292.0
2021-01-05 09:36:06.700,0.255,0.2554,2.0,0.2548,33.0,3068.0,292.0
2021-01-05 09:36:07.181,0.2554,0.2555,1.0,0.2548,33.0,3066.0,294.0
2021-01-05 09:36:07.640,0.2554,0.2555,1.0,0.2548,46.0,3066.0,294.0
2021-01-05 09:36:08.170,0.2554,0.2555,1.0,0.255,20.0,3066.0,294.0
2021-01-05 09:36:09.161,0.2555,0.2558,20.0,0.255,43.0,3065.0,295.0
2021-01-05 09:36:09.330,0.2555,0.2554,1.0,0.2551,13.0,3065.0,295.0
2021-01-05 09:36:10.101,0.2554,0.2563,20.0,0.2554,3.0,3065.0,296.0
2021-01-05 09:36:10.671,0.2554,0.2565,20.0,0.2554,33.0,3065.0,296.0
2021-01-05 09:36:11.180,0.2554,0.2565,20.0,0.2555,20.0,3065.0,296.0
2021-01-05 09:36:11.651,0.2554,0.2561,20.0,0.2554,31.0,3065.0,296.0
2021-01-05 09:36:12.181,0.2554,0.2558,2.0,0.2554,31.0,3065.0,296.0
2021-01-05 09:36:12.690,0.2554,0.2558,22.0,0.2552,40.0,3065.0,296.0
2021-01-05 09:36:13.190,0.2554,0.2557,1.0,0.2552,40.0,3065.0,296.0
2021-01-05 09:36:13.680,0.2554,0.2558,22.0,0.2557,1.0,3065.0,296.0
2021-01-05 09:36:14.150,0.2554,0.2558,20.0,0.2553,1.0,3065.0,296.0
2021-01-05 09:36:14.611,0.2554,0.2557,2.0,0.2553,1.0,3065.0,296.0
2021-01-05 09:36:15.170,0.2557,0.2561,20.0,0.2553,1.0,3065.0,298.0
2021-01-05 09:36:15.660,0.2557,0.2561,20.0,0.2553,14.0,3065.0,298.0
2021-01-05 09:36:16.150,0.2557,0.2561,20.0,0.2553,26.0,3065.0,298.0
2021-01-05 09:36:16.250,0.2557,0.2561,20.0,0.2553,3.0,3065.0,298.0
2021-01-05 09:36:17.180,0.2557,0.2558,1.0,0.2552,40.0,3065.0,298.0
2021-01-05 09:36:17.670,0.2557,0.2558,1.0,0.2552,50.0,3065.0,298.0
2021-01-05 09:36:18.181,0.2557,0.2558,1.0,0.2553,1.0,3065.0,298.0
2021-01-05 09:36:18.651,0.2558,0.2565,20.0,0.2555,30.0,3064.0,299.0
2021-01-05 09:36:19.151,0.2558,0.256,20.0,0.2558,1.0,3064.0,299.0
2021-01-05 09:36:19.691,0.2558,0.256,20.0,0.2558,1.0,3064.0,299.0
2021-01-05 09:36:20.161,0.2558,0.256,20.0,0.2558,1.0,3064.0,299.0
2021-01-05 09:36:20.680,0.2558,0.2564,20.0,0.2558,1.0,3064.0,299.0
2021-01-05 09:36:21.120,0.2558,0.2564,20.0,0.256,4.0,3064.0,299.0
2021-01-05 09:36:21.691,0.2558,0.2565,5.0,0.2558,1.0,3064.0,299.0
2021-01-05 09:36:22.171,0.2558,0.2563,1.0,0.2558,1.0,3064.0,299.0
2021-01-05 09:36:22.680,0.2558,0.2562,1.0,0.2558,1.0,3064.0,299.0
2021-01-05 09:36:23.191,0.2558,0.2564,20.0,0.2558,1.0,3064.0,299.0
2021-01-05 09:36:23.681,0.2558,0.2561,21.0,0.2558,1.0,3064.0,299.0
2021-01-05 09:36:24.171,0.2558,0.2557,19.0,0.2552,33.0,3064.0,300.0
2021-01-05 09:36:24.701,0.2558,0.2556,1.0,0.2552,20.0,3064.0,300.0
2021-01-05 09:36:25.191,0.2558,0.2557,19.0,0.2552,20.0,3064.0,300.0
2021-01-05 09:36:25.650,0.2558,0.2561,20.0,0.2553,20.0,3064.0,300.0
2021-01-05 09:36:26.171,0.2558,0.2559,20.0,0.255,3.0,3064.0,300.0
2021-01-05 09:36:26.651,0.2558,0.2557,20.0,0.255,20.0,3064.0,300.0
2021-01-05 09:36:27.070,0.2558,0.2557,33.0,0.2548,20.0,3064.0,300.0
2021-01-05 09:36:27.690,0.2558,0.2555,20.0,0.2548,20.0,3064.0,300.0
2021-01-05 09:36:28.040,0.2548,0.2552,20.0,0.2544,21.0,3066.0,302.0
2021-01-05 09:36:28.681,0.2548,0.2548,4.0,0.2544,21.0,3066.0,302.0
2021-01-05 09:36:29.100,0.2548,0.2547,1.0,0.2539,20.0,3066.0,302.0
2021-01-05 09:36:29.661,0.2548,0.2548,4.0,0.2539,23.0,3066.0,302.0
2021-01-05 09:36:30.161,0.2548,0.2548,4.0,0.2537,23.0,3066.0,302.0
2021-01-05 09:36:30.651,0.2548,0.2548,4.0,0.2541,20.0,3066.0,302.0
2021-01-05 09:36:31.181,0.2548,0.2548,4.0,0.2538,30.0,3066.0,302.0
2021-01-05 09:36:31.690,0.2548,0.2548,4.0,0.2541,40.0,3066.0,302.0
2021-01-05 09:36:32.130,0.2548,0.2548,4.0,0.2542,3.0,3066.0,302.0
2021-01-05 09:36:32.660,0.2548,0.2548,4.0,0.2542,3.0,3066.0,302.0
2021-01-05 09:36:33.200,0.2548,0.2548,4.0,0.2543,20.0,3066.0,302.0
2021-01-05 09:36:33.670,0.2548,0.2551,20.0,0.2543,20.0,3066.0,302.0
2021-01-05 09:36:34.091,0.2548,0.2548,20.0,0.2541,20.0,3066.0,302.0
2021-01-05 09:36:34.671,0.2548,0.2548,20.0,0.2539,40.0,3066.0,302.0
2021-01-05 09:36:34.971,0.2548,0.2551,20.0,0.2543,20.0,3066.0,302.0
2021-01-05 09:36:35.701,0.2548,0.2551,20.0,0.2543,20.0,3066.0,302.0
2021-01-05 09:36:36.191,0.2548,0.255,1.0,0.2543,20.0,3066.0,302.0
2021-01-05 09:36:36.700,0.2548,0.2545,20.0,0.2539,20.0,3066.0,302.0
2021-01-05 09:36:37.190,0.2548,0.2545,20.0,0.2539,20.0,3066.0,302.0
2021-01-05 09:36:37.490,0.2548,0.2545,20.0,0.2537,36.0,3066.0,302.0
2021-01-05 09:36:38.041,0.2548,0.2544,7.0,0.2537,46.0,3066.0,302.0
2021-01-05 09:36:38.640,0.2548,0.2544,7.0,0.2537,36.0,3066.0,302.0
2021-01-05 09:36:39.090,0.2548,0.2545,20.0,0.2537,36.0,3066.0,302.0
2021-01-05 09:36:39.660,0.2548,0.2545,20.0,0.2538,13.0,3066.0,302.0
2021-01-05 09:36:40.191,0.2544,0.255,20.0,0.2541,20.0,3068.0,304.0
2021-01-05 09:36:40.700,0.2544,0.2545,20.0,0.254,13.0,3068.0,304.0
2021-01-05 09:36:41.201,0.2544,0.2547,20.0,0.2541,20.0,3068.0,304.0
2021-01-05 09:36:41.641,0.2544,0.255,20.0,0.2542,1.0,3068.0,304.0
2021-01-05 09:36:42.200,0.2544,0.2547,20.0,0.2542,1.0,3068.0,304.0
2021-01-05 09:36:42.690,0.2544,0.255,20.0,0.2542,1.0,3068.0,304.0
2021-01-05 09:36:43.180,0.2544,0.2548,20.0,0.2542,14.0,3068.0,304.0
2021-01-05 09:36:43.700,0.2544,0.2546,20.0,0.2543,2.0,3068.0,304.0
2021-01-05 09:36:44.200,0.2544,0.2543,1.0,0.2541,33.0,3068.0,304.0
2021-01-05 09:36:44.680,0.2544,0.2546,20.0,0.2541,33.0,3068.0,304.0
2021-01-05 09:36:45.191,0.2541,0.2544,20.0,0.2537,20.0,3068.0,305.0
2021-01-05 09:36:45.631,0.2541,0.2544,20.0,0.2537,20.0,3068.0,305.0
2021-01-05 09:36:46.190,0.2541,0.2542,20.0,0.2535,20.0,3068.0,305.0
2021-01-05 09:36:46.501,0.2541,0.2542,20.0,0.2533,20.0,3068.0,305.0
2021-01-05 09:36:47.130,0.2541,0.254,20.0,0.2531,33.0,3068.0,305.0
2021-01-05 09:36:47.660,0.2541,0.2538,20.0,0.2531,20.0,3068.0,305.0
2021-01-05 09:36:48.130,0.2541,0.2538,20.0,0.2532,2.0,3068.0,305.0
2021-01-05 09:36:48.630,0.2541,0.2537,2.0,0.2531,20.0,3068.0,305.0
2021-01-05 09:36:49.170,0.2541,0.2538,21.0,0.2529,20.0,3068.0,305.0
2021-01-05 09:36:49.700,0.2541,0.2538,20.0,0.2531,20.0,3068.0,305.0
2021-01-05 09:36:50.201,0.2541,0.2538,20.0,0.2532,2.0,3068.0,305.0
2021-01-05 09:36:50.670,0.2541,0.2538,20.0,0.2532,3.0,3068.0,305.0
2021-01-05 09:36:51.171,0.2541,0.2538,20.0,0.2532,3.0,3068.0,305.0
2021-01-05 09:36:51.671,0.2541,0.2538,20.0,0.2532,3.0,3068.0,305.0
2021-01-05 09:36:52.180,0.2541,0.2538,20.0,0.253,20.0,3068.0,305.0
2021-01-05 09:36:52.670,0.2541,0.2538,20.0,0.253,20.0,3068.0,305.0
2021-01-05 09:36:53.191,0.2541,0.2536,20.0,0.253,20.0,3068.0,305.0
2021-01-05 09:36:53.680,0.2541,0.2536,20.0,0.2527,36.0,3068.0,305.0
2021-01-05 09:36:54.180,0.2541,0.2539,20.0,0.253,20.0,3068.0,305.0
2021-01-05 09:36:54.631,0.2541,0.2543,20.0,0.2534,20.0,3068.0,305.0
2021-01-05 09:36:55.141,0.2541,0.254,20.0,0.2534,40.0,3068.0,305.0
2021-01-05 09:36:55.651,0.2541,0.2542,22.0,0.2535,13.0,3068.0,305.0
2021-01-05 09:36:56.141,0.2541,0.2542,21.0,0.2535,13.0,3068.0,305.0
2021-01-05 09:36:56.691,0.2541,0.2542,21.0,0.2534,53.0,3068.0,305.0
2021-01-05 09:36:57.630,0.2541,0.2542,21.0,0.2535,13.0,3068.0,305.0
2021-01-05 09:36:58.160,0.2541,0.2542,21.0,0.2534,53.0,3068.0,305.0
2021-01-05 09:36:58.610,0.2541,0.2542,1.0,0.2535,23.0,3068.0,305.0
2021-01-05 09:36:59.181,0.2541,0.2541,20.0,0.2534,40.0,3068.0,305.0
2021-01-05 09:36:59.690,0.2541,0.2536,1.0,0.2529,33.0,3068.0,305.0
2021-01-05 09:37:00.151,0.2541,0.2536,1.0,0.2529,53.0,3068.0,305.0
2021-01-05 09:37:00.700,0.2541,0.2536,2.0,0.2529,63.0,3068.0,305.0
2021-01-05 09:37:01.031,0.2541,0.2536,2.0,0.253,13.0,3068.0,305.0
2021-01-05 09:37:01.630,0.2541,0.2536,1.0,0.2534,20.0,3068.0,305.0
2021-01-05 09:37:02.191,0.2536,0.2544,20.0,0.2536,1.0,3068.0,306.0
2021-01-05 09:37:02.610,0.2536,0.2546,20.0,0.2537,20.0,3068.0,306.0
2021-01-05 09:37:03.151,0.2536,0.2543,20.0,0.2535,20.0,3068.0,306.0
2021-01-05 09:37:03.630,0.2536,0.2544,1.0,0.2537,20.0,3068.0,306.0
2021-01-05 09:37:04.200,0.2536,0.2544,1.0,0.2542,20.0,3068.0,306.0
2021-01-05 09:37:04.690,0.2536,0.2543,1.0,0.2542,20.0,3068.0,306.0
2021-01-05 09:37:05.140,0.2543,0.255,20.0,0.2542,20.0,3067.0,307.0
2021-01-05 09:37:05.701,0.2543,0.2554,20.0,0.2543,16.0,3067.0,307.0
2021-01-05 09:37:06.171,0.2543,0.2554,20.0,0.2542,20.0,3067.0,307.0
2021-01-05 09:37:06.171,0.2543,0.2554,20.0,0.2544,2.0,3067.0,307.0
2021-01-05 09:37:07.180,0.2543,0.2552,20.0,0.2544,15.0,3067.0,307.0
2021-01-05 09:37:07.681,0.2543,0.2552,20.0,0.2544,2.0,3067.0,307.0
2021-01-05 09:37:08.200,0.2543,0.2547,20.0,0.2544,2.0,3067.0,307.0
2021-01-05 09:37:08.630,0.2544,0.2544,5.0,0.2536,53.0,3067.0,309.0
2021-01-05 09:37:09.170,0.2544,0.2543,20.0,0.2536,20.0,3067.0,309.0
2021-01-05 09:37:09.660,0.2544,0.2543,20.0,0.2534,20.0,3067.0,309.0
2021-01-05 09:37:10.121,0.2544,0.2544,2.0,0.254,20.0,3067.0,309.0
2021-01-05 09:37:10.701,0.2544,0.2549,1.0,0.2543,28.0,3067.0,309.0
2021-01-05 09:37:11.700,0.2544,0.2549,1.0,0.2543,28.0,3067.0,309.0
2021-01-05 09:37:12.100,0.2544,0.2549,1.0,0.2543,28.0,3067.0,309.0
2021-01-05 09:37:12.261,0.2544,0.2549,1.0,0.2544,10.0,3067.0,309.0
2021-01-05 09:37:13.181,0.2544,0.2548,5.0,0.2545,20.0,3067.0,309.0
2021-01-05 09:37:13.681,0.2544,0.2548,5.0,0.2543,1.0,3067.0,309.0
2021-01-05 09:37:14.171,0.2544,0.2548,5.0,0.2543,1.0,3067.0,309.0
2021-01-05 09:37:14.651,0.2543,0.2547,1.0,0.2541,20.0,3068.0,310.0
2021-01-05 09:37:15.160,0.2543,0.2545,20.0,0.2535,53.0,3068.0,310.0
2021-01-05 09:37:15.700,0.2543,0.2545,20.0,0.2538,20.0,3068.0,310.0
2021-01-05 09:37:16.190,0.2543,0.2541,2.0,0.2538,20.0,3068.0,310.0
2021-01-05 09:37:16.461,0.2541,0.2549,1.0,0.2542,20.0,3066.0,312.0
2021-01-05 09:37:17.200,0.2541,0.2549,1.0,0.2542,20.0,3066.0,312.0
2021-01-05 09:37:17.671,0.2541,0.2548,20.0,0.2542,20.0,3066.0,312.0
2021-01-05 09:37:18.710,0.2541,0.2548,20.0,0.254,40.0,3066.0,312.0
2021-01-05 09:37:18.891,0.2541,0.2546,20.0,0.2543,20.0,3066.0,312.0
2021-01-05 09:37:19.711,0.2541,0.2546,20.0,0.2543,20.0,3066.0,312.0
2021-01-05 09:37:20.211,0.2541,0.2546,20.0,0.2543,20.0,3066.0,312.0
2021-01-05 09:37:20.691,0.2541,0.2546,20.0,0.2543,20.0,3066.0,312.0
2021-01-05 09:37:21.200,0.2541,0.2548,1.0,0.2543,20.0,3066.0,312.0
2021-01-05 09:37:21.701,0.2541,0.2548,1.0,0.2546,6.0,3066.0,312.0
2021-01-05 09:37:22.030,0.2541,0.2548,1.0,0.2546,6.0,3066.0,312.0
2021-01-05 09:37:23.150,0.2541,0.2547,4.0,0.2546,6.0,3066.0,312.0
2021-01-05 09:37:23.701,0.2541,0.2547,4.0,0.2546,6.0,3066.0,312.0
2021-01-05 09:37:24.080,0.2541,0.2547,4.0,0.2546,6.0,3066.0,312.0
2021-01-05 09:37:24.631,0.2547,0.2552,20.0,0.2544,40.0,3066.0,316.0
2021-01-05 09:37:25.200,0.2547,0.2549,20.0,0.2544,20.0,3066.0,316.0
2021-01-05 09:37:25.670,0.2547,0.2549,20.0,0.2543,20.0,3066.0,316.0
2021-01-05 09:37:26.170,0.2547,0.2549,20.0,0.2543,20.0,3066.0,316.0
2021-01-05 09:37:26.650,0.2547,0.2552,33.0,0.2543,40.0,3066.0,316.0
2021-01-05 09:37:27.130,0.2547,0.2545,1.0,0.2543,50.0,3066.0,316.0
2021-01-05 09:37:27.551,0.2545,0.2549,13.0,0.2543,40.0,3065.0,317.0
2021-01-05 09:37:28.151,0.2545,0.255,20.0,0.2543,40.0,3065.0,317.0
2021-01-05 09:37:28.560,0.2545,0.255,20.0,0.2543,50.0,3065.0,317.0
2021-01-05 09:37:29.130,0.2545,0.255,20.0,0.2543,20.0,3065.0,317.0
2021-01-05 09:37:29.691,0.2545,0.2548,20.0,0.2543,20.0,3065.0,317.0
2021-01-05 09:37:30.191,0.2545,0.2549,2.0,0.2546,20.0,3065.0,317.0
2021-01-05 09:37:30.590,0.2545,0.2548,20.0,0.2543,20.0,3065.0,317.0
2021-01-05 09:37:31.190,0.2545,0.2551,20.0,0.2543,40.0,3065.0,317.0
2021-01-05 09:37:31.691,0.2545,0.255,13.0,0.2543,40.0,3065.0,317.0
2021-01-05 09:37:32.181,0.2545,0.255,10.0,0.2543,40.0,3065.0,317.0
2021-01-05 09:37:32.651,0.2543,0.2546,20.0,0.2543,15.0,3065.0,322.0
2021-01-05 09:37:33.180,0.2543,0.2543,26.0,0.2532,53.0,3065.0,337.0
2021-01-05 09:37:33.681,0.2543,0.2543,41.0,0.2534,20.0,3065.0,337.0
2021-01-05 09:37:34.200,0.2543,0.2541,3.0,0.2534,40.0,3065.0,337.0
2021-01-05 09:37:34.431,0.2543,0.2541,3.0,0.2535,10.0,3065.0,337.0
2021-01-05 09:37:35.170,0.2541,0.2543,30.0,0.2537,20.0,3062.0,340.0
2021-01-05 09:37:35.650,0.2543,0.2543,26.0,0.2539,20.0,3062.0,344.0
2021-01-05 09:37:36.140,0.2543,0.2543,15.0,0.2537,30.0,3062.0,344.0
2021-01-05 09:37:36.671,0.2543,0.2544,1.0,0.2539,20.0,3062.0,344.0
2021-01-05 09:37:37.180,0.2544,0.2547,20.0,0.2539,40.0,3062.0,345.0
2021-01-05 09:37:37.691,0.2544,0.2547,20.0,0.254,3.0,3062.0,345.0
2021-01-05 09:37:38.161,0.2544,0.2549,1.0,0.2541,23.0,3062.0,345.0
2021-01-05 09:37:38.651,0.2544,0.2549,1.0,0.2541,23.0,3062.0,345.0
2021-01-05 09:37:39.170,0.2544,0.2549,1.0,0.2544,20.0,3062.0,345.0
2021-01-05 09:37:39.700,0.2549,0.2554,33.0,0.2544,40.0,3062.0,346.0
2021-01-05 09:37:40.161,0.2549,0.2554,30.0,0.2544,40.0,3062.0,346.0
2021-01-05 09:37:40.701,0.2549,0.2554,20.0,0.2545,2.0,3062.0,346.0
2021-01-05 09:37:41.051,0.2549,0.2552,20.0,0.2544,40.0,3062.0,346.0
2021-01-05 09:37:41.660,0.2549,0.2552,20.0,0.2545,10.0,3062.0,346.0
2021-01-05 09:37:42.130,0.2549,0.2552,20.0,0.2545,13.0,3062.0,346.0
2021-01-05 09:37:42.691,0.2549,0.2555,33.0,0.2546,20.0,3062.0,346.0
2021-01-05 09:37:43.181,0.2549,0.2555,20.0,0.2547,13.0,3062.0,346.0
2021-01-05 09:37:43.640,0.2549,0.2558,20.0,0.2548,31.0,3062.0,346.0
2021-01-05 09:37:44.190,0.2549,0.2558,20.0,0.2549,13.0,3062.0,346.0
2021-01-05 09:37:44.641,0.2549,0.2558,20.0,0.2549,15.0,3062.0,346.0
2021-01-05 09:37:45.191,0.2549,0.2558,20.0,0.255,13.0,3062.0,346.0
2021-01-05 09:37:45.650,0.2549,0.2558,20.0,0.255,33.0,3062.0,346.0
2021-01-05 09:37:46.161,0.2549,0.2558,20.0,0.255,46.0,3062.0,346.0
2021-01-05 09:37:46.601,0.2549,0.2558,20.0,0.255,30.0,3062.0,346.0
2021-01-05 09:37:47.210,0.2549,0.2555,20.0,0.255,30.0,3062.0,346.0
2021-01-05 09:37:47.661,0.255,0.2555,20.0,0.255,20.0,3071.0,355.0
2021-01-05 09:37:48.201,0.255,0.2551,20.0,0.2544,20.0,3071.0,355.0
2021-01-05 09:37:48.691,0.255,0.2554,24.0,0.2546,20.0,3071.0,355.0
2021-01-05 09:37:49.190,0.255,0.2554,34.0,0.2546,20.0,3071.0,355.0
2021-01-05 09:37:49.670,0.255,0.2554,4.0,0.2549,20.0,3071.0,355.0
2021-01-05 09:37:50.220,0.255,0.2552,20.0,0.2544,40.0,3071.0,355.0
2021-01-05 09:37:50.650,0.255,0.2554,30.0,0.2546,20.0,3071.0,355.0
2021-01-05 09:37:51.161,0.255,0.2552,20.0,0.2544,40.0,3071.0,355.0
2021-01-05 09:37:51.691,0.255,0.2551,13.0,0.2541,20.0,3071.0,355.0
2021-01-05 09:37:52.191,0.255,0.255,30.0,0.2541,53.0,3071.0,355.0
2021-01-05 09:37:52.300,0.255,0.255,30.0,0.2544,20.0,3071.0,355.0
2021-01-05 09:37:53.161,0.255,0.255,43.0,0.2541,53.0,3071.0,355.0
2021-01-05 09:37:53.680,0.255,0.2549,13.0,0.2541,20.0,3071.0,355.0
2021-01-05 09:37:54.170,0.255,0.255,20.0,0.2541,53.0,3071.0,355.0
2021-01-05 09:37:54.640,0.255,0.255,20.0,0.2543,20.0,3071.0,355.0
2021-01-05 09:37:55.190,0.255,0.255,30.0,0.2541,20.0,3071.0,355.0
2021-01-05 09:37:55.691,0.255,0.255,30.0,0.2541,30.0,3071.0,355.0
2021-01-05 09:37:56.100,0.255,0.255,20.0,0.2541,10.0,3071.0,355.0
2021-01-05 09:37:56.611,0.255,0.255,20.0,0.2543,20.0,3071.0,355.0
2021-01-05 09:37:57.170,0.255,0.2553,20.0,0.2544,2.0,3071.0,360.0
2021-01-05 09:37:57.601,0.2554,0.2555,1.0,0.2548,10.0,3084.0,373.0
2021-01-05 09:37:58.100,0.2554,0.2554,20.0,0.2548,30.0,3084.0,373.0
2021-01-05 09:37:58.640,0.2554,0.2554,20.0,0.2548,20.0,3084.0,373.0
2021-01-05 09:37:59.130,0.2554,0.255,20.0,0.2544,55.0,3084.0,373.0
2021-01-05 09:38:00.680,0.2554,0.255,20.0,0.2542,36.0,3084.0,373.0
2021-01-05 09:38:01.180,0.2554,0.255,20.0,0.2543,14.0,3084.0,373.0
2021-01-05 09:38:01.681,0.2554,0.255,20.0,0.2543,4.0,3084.0,373.0
2021-01-05 09:38:02.181,0.2554,0.255,20.0,0.2543,4.0,3084.0,373.0
2021-01-05 09:38:02.680,0.2554,0.255,20.0,0.2543,3.0,3084.0,373.0
2021-01-05 09:38:03.191,0.2554,0.2548,20.0,0.2543,3.0,3084.0,373.0
2021-01-05 09:38:03.691,0.2554,0.2548,20.0,0.2542,3.0,3084.0,373.0
2021-01-05 09:38:04.090,0.2554,0.2545,20.0,0.2537,36.0,3084.0,373.0
2021-01-05 09:38:04.680,0.2554,0.2545,20.0,0.2537,3.0,3084.0,373.0
2021-01-05 09:38:05.181,0.2554,0.2545,20.0,0.2537,3.0,3084.0,373.0
2021-01-05 09:38:05.671,0.2554,0.2545,20.0,0.2538,16.0,3084.0,373.0
2021-01-05 09:38:06.151,0.2554,0.2545,20.0,0.2539,13.0,3084.0,373.0
2021-01-05 09:38:06.691,0.2554,0.2543,20.0,0.2537,3.0,3084.0,373.0
2021-01-05 09:38:07.200,0.2554,0.2537,3.0,0.2533,20.0,3084.0,373.0
2021-01-05 09:38:07.690,0.2554,0.2537,3.0,0.253,3.0,3084.0,373.0
2021-01-05 09:38:07.961,0.2554,0.2536,2.0,0.2531,33.0,3084.0,373.0
2021-01-05 09:38:08.670,0.2554,0.2536,2.0,0.253,16.0,3084.0,373.0
2021-01-05 09:38:09.160,0.2554,0.2536,2.0,0.2528,3.0,3084.0,373.0
2021-01-05 09:38:09.611,0.2554,0.2536,2.0,0.2528,3.0,3084.0,373.0
2021-01-05 09:38:10.180,0.2554,0.2535,12.0,0.2526,16.0,3084.0,373.0
2021-01-05 09:38:10.670,0.2554,0.2534,20.0,0.2526,3.0,3084.0,373.0
2021-01-05 09:38:11.141,0.2554,0.2533,4.0,0.2527,13.0,3084.0,373.0
2021-01-05 09:38:11.701,0.2554,0.2533,2.0,0.2527,13.0,3084.0,373.0
2021-01-05 09:38:12.191,0.2533,0.2536,1.0,0.2533,18.0,3086.0,375.0
2021-01-05 09:38:12.691,0.2536,0.2537,20.0,0.2536,3.0,3086.0,376.0
2021-01-05 09:38:13.110,0.2536,0.2535,20.0,0.2526,3.0,3087.0,379.0
2021-01-05 09:38:13.690,0.2536,0.2534,2.0,0.2526,13.0,3087.0,379.0
2021-01-05 09:38:14.141,0.2536,0.2533,34.0,0.2524,3.0,3087.0,379.0
2021-01-05 09:38:14.691,0.2536,0.2532,2.0,0.2524,3.0,3087.0,379.0
2021-01-05 09:38:15.150,0.2536,0.253,20.0,0.2518,33.0,3087.0,379.0
2021-01-05 09:38:15.730,0.2536,0.2528,20.0,0.2519,16.0,3087.0,379.0
2021-01-05 09:38:16.210,0.2536,0.2529,4.0,0.2522,20.0,3087.0,379.0
2021-01-05 09:38:16.731,0.2536,0.2529,10.0,0.2522,33.0,3087.0,379.0
2021-01-05 09:38:17.190,0.2536,0.2531,20.0,0.2523,1.0,3087.0,379.0
2021-01-05 09:38:17.630,0.2536,0.2529,20.0,0.2523,1.0,3087.0,379.0
2021-01-05 09:38:18.231,0.2536,0.2528,1.0,0.2523,1.0,3087.0,379.0
2021-01-05 09:38:18.660,0.2536,0.2529,20.0,0.252,20.0,3087.0,379.0
2021-01-05 09:38:19.230,0.2536,0.2526,20.0,0.2519,3.0,3087.0,379.0
2021-01-05 09:38:19.670,0.2536,0.2525,1.0,0.252,3.0,3087.0,379.0
2021-01-05 09:38:20.671,0.2536,0.2524,1.0,0.2519,3.0,3087.0,379.0
2021-01-05 09:38:21.180,0.2536,0.2523,2.0,0.2519,3.0,3087.0,379.0
2021-01-05 09:38:21.670,0.2536,0.2522,24.0,0.2514,10.0,3087.0,379.0
2021-01-05 09:38:22.210,0.2536,0.252,20.0,0.2514,3.0,3087.0,379.0
2021-01-05 09:38:22.661,0.2536,0.252,20.0,0.2514,3.0,3087.0,379.0
2021-01-05 09:38:23.201,0.2536,0.2519,2.0,0.2514,3.0,3087.0,379.0
2021-01-05 09:38:23.660,0.2536,0.2518,2.0,0.2514,3.0,3087.0,379.0
2021-01-05 09:38:24.141,0.2514,0.2518,22.0,0.2508,20.0,3087.0,380.0
2021-01-05 09:38:24.671,0.2514,0.2517,1.0,0.2507,16.0,3087.0,380.0
2021-01-05 09:38:25.101,0.2514,0.2516,1.0,0.2509,22.0,3087.0,380.0
2021-01-05 09:38:25.700,0.2514,0.2516,4.0,0.2509,20.0,3087.0,380.0
2021-01-05 09:38:26.100,0.2514,0.2516,42.0,0.2507,3.0,3087.0,380.0
2021-01-05 09:38:26.701,0.2514,0.2516,22.0,0.251,20.0,3087.0,380.0
2021-01-05 09:38:27.151,0.2514,0.2516,2.0,0.2511,3.0,3087.0,380.0
2021-01-05 09:38:27.691,0.2514,0.2516,2.0,0.2511,3.0,3087.0,380.0
2021-01-05 09:38:28.171,0.2514,0.2514,20.0,0.2508,1.0,3087.0,380.0
2021-01-05 09:38:28.680,0.2514,0.2513,1.0,0.2509,20.0,3087.0,380.0
2021-01-05 09:38:29.191,0.2514,0.2513,1.0,0.2509,20.0,3087.0,380.0
2021-01-05 09:38:29.621,0.2514,0.2516,22.0,0.2507,20.0,3087.0,380.0
2021-01-05 09:38:30.190,0.2514,0.2515,21.0,0.2507,20.0,3087.0,380.0
2021-01-05 09:38:30.670,0.2514,0.2514,1.0,0.2507,20.0,3087.0,380.0
2021-01-05 09:38:31.181,0.2514,0.2515,20.0,0.2507,20.0,3087.0,380.0
2021-01-05 09:38:31.700,0.2514,0.2515,53.0,0.2507,20.0,3087.0,380.0
2021-01-05 09:38:32.171,0.2514,0.2511,20.0,0.2505,1.0,3087.0,380.0
2021-01-05 09:38:33.191,0.2505,0.2505,1.0,0.25,1.0,3088.0,381.0
2021-01-05 09:38:33.700,0.2505,0.2504,2.0,0.25,1.0,3088.0,381.0
2021-01-05 09:38:34.201,0.25,0.2503,2.0,0.2491,30.0,3089.0,382.0
2021-01-05 09:38:35.200,0.25,0.2502,32.0,0.2492,3.0,3089.0,382.0
2021-01-05 09:38:35.700,0.25,0.25,20.0,0.2493,2.0,3089.0,382.0
2021-01-05 09:38:36.180,0.25,0.25,20.0,0.2493,2.0,3089.0,382.0
2021-01-05 09:38:36.691,0.25,0.2499,11.0,0.249,20.0,3089.0,382.0
2021-01-05 09:38:37.160,0.25,0.2498,1.0,0.2491,2.0,3089.0,382.0
2021-01-05 09:38:37.580,0.25,0.2497,25.0,0.2491,2.0,3089.0,382.0
2021-01-05 09:38:38.161,0.2491,0.2496,2.0,0.2488,23.0,3089.0,383.0
2021-01-05 09:38:38.660,0.2491,0.2495,1.0,0.2488,3.0,3089.0,383.0
2021-01-05 09:38:39.161,0.2491,0.2495,23.0,0.2483,13.0,3089.0,383.0
2021-01-05 09:38:39.661,0.2491,0.2494,12.0,0.2482,36.0,3089.0,383.0
2021-01-05 09:38:40.141,0.2491,0.2489,20.0,0.2474,20.0,3089.0,383.0
2021-01-05 09:38:40.591,0.2491,0.2488,10.0,0.2476,20.0,3089.0,383.0
2021-01-05 09:38:41.140,0.2491,0.2488,1.0,0.2481,20.0,3089.0,383.0
2021-01-05 09:38:41.640,0.2491,0.2487,13.0,0.2476,15.0,3089.0,383.0
2021-01-05 09:38:42.191,0.2491,0.2487,12.0,0.248,20.0,3089.0,383.0
2021-01-05 09:38:42.700,0.2491,0.2487,12.0,0.2477,23.0,3089.0,383.0
2021-01-05 09:38:43.190,0.2491,0.2487,12.0,0.248,20.0,3089.0,383.0
2021-01-05 09:38:43.701,0.2491,0.2487,32.0,0.2478,13.0,3089.0,383.0
2021-01-05 09:38:44.110,0.2491,0.2487,20.0,0.2478,13.0,3089.0,383.0
2021-01-05 09:38:44.621,0.2491,0.2488,1.0,0.2483,20.0,3089.0,383.0
2021-01-05 09:38:45.180,0.2491,0.2491,20.0,0.2483,20.0,3089.0,383.0
2021-01-05 09:38:45.480,0.2491,0.2494,20.0,0.2486,20.0,3089.0,383.0
2021-01-05 09:38:46.200,0.2491,0.2491,20.0,0.2486,13.0,3089.0,383.0
2021-01-05 09:38:46.631,0.2491,0.2491,20.0,0.2485,13.0,3089.0,383.0
2021-01-05 09:38:47.140,0.2491,0.2495,20.0,0.2486,21.0,3089.0,383.0
2021-01-05 09:38:47.691,0.2491,0.2495,20.0,0.2487,17.0,3089.0,383.0
2021-01-05 09:38:48.200,0.2491,0.2502,30.0,0.2491,20.0,3089.0,383.0
2021-01-05 09:38:48.650,0.2491,0.2502,20.0,0.2491,33.0,3089.0,383.0
2021-01-05 09:38:49.130,0.2491,0.2502,20.0,0.2492,25.0,3089.0,383.0
2021-01-05 09:38:49.670,0.2491,0.2505,20.0,0.2493,35.0,3089.0,383.0
2021-01-05 09:38:50.091,0.2491,0.25,20.0,0.2494,13.0,3089.0,383.0
2021-01-05 09:38:50.651,0.2491,0.2499,1.0,0.2494,2.0,3089.0,383.0
2021-01-05 09:38:51.170,0.2491,0.2498,6.0,0.2492,13.0,3089.0,383.0
2021-01-05 09:38:51.301,0.2491,0.2494,20.0,0.249,13.0,3089.0,383.0
2021-01-05 09:38:52.140,0.2491,0.2493,1.0,0.2486,13.0,3089.0,383.0
2021-01-05 09:38:52.630,0.2491,0.2491,20.0,0.2483,13.0,3089.0,383.0
2021-01-05 09:38:53.191,0.2491,0.2491,30.0,0.2482,13.0,3089.0,383.0
2021-01-05 09:38:54.200,0.2491,0.2486,1.0,0.2482,13.0,3089.0,383.0
2021-01-05 09:38:54.690,0.2491,0.2486,1.0,0.248,13.0,3089.0,383.0
2021-01-05 09:38:55.191,0.2491,0.2486,1.0,0.2481,20.0,3089.0,383.0
2021-01-05 09:38:55.650,0.2491,0.2486,1.0,0.2477,36.0,3089.0,383.0
2021-01-05 09:38:56.190,0.2491,0.2486,1.0,0.2478,2.0,3089.0,383.0
2021-01-05 09:38:56.661,0.2491,0.2485,10.0,0.2478,2.0,3089.0,383.0
2021-01-05 09:38:57.200,0.2491,0.2486,1.0,0.2484,20.0,3089.0,383.0
2021-01-05 09:38:57.640,0.2491,0.2486,1.0,0.2479,20.0,3089.0,383.0
2021-01-05 09:38:58.190,0.2486,0.2487,1.0,0.2483,20.0,3089.0,384.0
2021-01-05 09:38:58.670,0.2487,0.2493,1.0,0.2485,20.0,3089.0,385.0
2021-01-05 09:38:59.060,0.2487,0.2497,20.0,0.2488,20.0,3089.0,385.0
2021-01-05 09:39:00.111,0.2487,0.2496,11.0,0.2488,20.0,3089.0,385.0
2021-01-05 09:39:01.160,0.2487,0.2492,20.0,0.2485,13.0,3089.0,385.0
2021-01-05 09:39:01.700,0.2487,0.2492,20.0,0.2485,13.0,3089.0,385.0
2021-01-05 09:39:02.170,0.2487,0.2495,25.0,0.2487,20.0,3089.0,385.0
2021-01-05 09:39:02.620,0.2487,0.249,20.0,0.2485,13.0,3089.0,385.0
2021-01-05 09:39:03.150,0.2487,0.2494,20.0,0.2486,20.0,3089.0,385.0
2021-01-05 09:39:03.671,0.2487,0.2494,20.0,0.2486,20.0,3089.0,385.0
2021-01-05 09:39:04.161,0.2487,0.2495,1.0,0.2488,20.0,3089.0,385.0
2021-01-05 09:39:04.610,0.2487,0.2496,1.0,0.2489,1.0,3089.0,385.0
2021-01-05 09:39:05.211,0.2487,0.2496,1.0,0.249,1.0,3089.0,385.0
2021-01-05 09:39:05.701,0.2487,0.2495,20.0,0.249,14.0,3089.0,385.0
2021-01-05 09:39:06.191,0.2487,0.2495,20.0,0.249,1.0,3089.0,385.0
2021-01-05 09:39:06.650,0.2487,0.2495,20.0,0.249,1.0,3089.0,385.0
2021-01-05 09:39:07.200,0.2487,0.2496,1.0,0.2489,13.0,3089.0,385.0
2021-01-05 09:39:07.680,0.2487,0.2495,20.0,0.2489,13.0,3089.0,385.0
2021-01-05 09:39:08.131,0.2487,0.2496,1.0,0.2489,13.0,3089.0,385.0
2021-01-05 09:39:08.690,0.2487,0.2494,20.0,0.2488,33.0,3089.0,385.0
2021-01-05 09:39:09.161,0.2487,0.2492,20.0,0.2486,13.0,3089.0,385.0
2021-01-05 09:39:09.601,0.2487,0.2492,20.0,0.2485,10.0,3089.0,385.0
2021-01-05 09:39:10.191,0.2487,0.2494,40.0,0.2487,20.0,3089.0,385.0
2021-01-05 09:39:10.660,0.2487,0.2491,20.0,0.2485,10.0,3089.0,385.0
2021-01-05 09:39:11.201,0.2487,0.2487,20.0,0.2485,10.0,3089.0,385.0
2021-01-05 09:39:11.701,0.2487,0.2486,1.0,0.2485,10.0,3089.0,385.0
2021-01-05 09:39:12.150,0.2487,0.2486,1.0,0.2485,10.0,3089.0,385.0
2021-01-05 09:39:12.690,0.2486,0.249,20.0,0.2485,10.0,3090.0,386.0
2021-01-05 09:39:13.170,0.2486,0.249,30.0,0.2485,10.0,3090.0,386.0
2021-01-05 09:39:13.720,0.2486,0.2493,20.0,0.2485,30.0,3090.0,386.0
2021-01-05 09:39:14.160,0.2486,0.2488,20.0,0.2485,10.0,3090.0,386.0
2021-01-05 09:39:14.650,0.2485,0.2488,20.0,0.2485,3.0,3090.0,393.0
2021-01-05 09:39:15.220,0.2485,0.2488,20.0,0.2476,20.0,3090.0,396.0
2021-01-05 09:39:15.720,0.2485,0.2487,10.0,0.2479,20.0,3090.0,396.0
2021-01-05 09:39:16.121,0.2485,0.2487,10.0,0.2479,20.0,3090.0,396.0
2021-01-05 09:39:16.721,0.2485,0.2487,10.0,0.2479,20.0,3090.0,396.0
2021-01-05 09:39:17.151,0.2485,0.2486,20.0,0.2477,22.0,3090.0,396.0
2021-01-05 09:39:17.650,0.2485,0.2489,20.0,0.2481,20.0,3090.0,396.0
2021-01-05 09:39:18.221,0.2485,0.2489,20.0,0.2483,20.0,3090.0,396.0
2021-01-05 09:39:18.671,0.2485,0.2491,20.0,0.2483,20.0,3090.0,396.0
2021-01-05 09:39:19.710,0.2485,0.2489,20.0,0.2483,20.0,3090.0,396.0
2021-01-05 09:39:20.221,0.2485,0.2487,20.0,0.2479,13.0,3090.0,396.0
2021-01-05 09:39:20.741,0.2485,0.2485,20.0,0.2478,4.0,3090.0,396.0
2021-01-05 09:39:21.231,0.2485,0.2488,20.0,0.248,20.0,3090.0,396.0
2021-01-05 09:39:21.231,0.2485,0.2485,20.0,0.2481,2.0,3090.0,396.0
2021-01-05 09:39:22.211,0.2485,0.2485,20.0,0.2478,2.0,3090.0,396.0
2021-01-05 09:39:22.651,0.2485,0.2483,20.0,0.2478,2.0,3090.0,396.0
2021-01-05 09:39:23.150,0.2485,0.2487,40.0,0.2479,24.0,3090.0,396.0
2021-01-05 09:39:24.151,0.2485,0.2485,20.0,0.2479,2.0,3090.0,396.0
2021-01-05 09:39:25.210,0.2485,0.2485,30.0,0.2479,2.0,3090.0,396.0
2021-01-05 09:39:25.690,0.2485,0.2485,30.0,0.2478,2.0,3090.0,396.0
2021-01-05 09:39:26.130,0.2485,0.2483,20.0,0.2478,2.0,3090.0,396.0
2021-01-05 09:39:26.681,0.2485,0.2483,20.0,0.2478,2.0,3090.0,396.0
2021-01-05 09:39:27.210,0.2485,0.2483,20.0,0.2478,2.0,3090.0,396.0
2021-01-05 09:39:27.711,0.2485,0.2485,20.0,0.2479,2.0,3090.0,396.0
2021-01-05 09:39:28.220,0.2485,0.2485,30.0,0.2478,2.0,3090.0,396.0
2021-01-05 09:39:28.710,0.2485,0.2485,30.0,0.2479,4.0,3090.0,396.0
2021-01-05 09:39:29.231,0.2485,0.2483,20.0,0.248,2.0,3090.0,396.0
2021-01-05 09:39:29.721,0.2485,0.2487,20.0,0.2483,6.0,3090.0,396.0
2021-01-05 09:39:29.970,0.2485,0.2492,20.0,0.2483,32.0,3090.0,396.0
2021-01-05 09:39:30.721,0.2485,0.2487,20.0,0.2484,6.0,3090.0,396.0
2021-01-05 09:39:31.121,0.2485,0.2492,20.0,0.2484,6.0,3090.0,396.0
2021-01-05 09:39:31.690,0.2485,0.2491,10.0,0.2484,4.0,3090.0,396.0
2021-01-05 09:39:32.141,0.2485,0.2489,20.0,0.2484,4.0,3090.0,396.0
2021-01-05 09:39:32.700,0.2485,0.2486,20.0,0.2484,2.0,3090.0,396.0
2021-01-05 09:39:33.180,0.2485,0.2486,20.0,0.2479,20.0,3090.0,396.0
2021-01-05 09:39:33.530,0.2485,0.2486,20.0,0.2479,20.0,3090.0,396.0
2021-01-05 09:39:34.210,0.2485,0.2486,20.0,0.2479,33.0,3090.0,396.0
2021-01-05 09:39:34.681,0.2485,0.249,20.0,0.2481,20.0,3090.0,396.0
2021-01-05 09:39:35.171,0.2485,0.2489,10.0,0.2481,20.0,3090.0,396.0
2021-01-05 09:39:35.651,0.2485,0.249,20.0,0.2482,2.0,3090.0,396.0
2021-01-05 09:39:36.231,0.2485,0.2488,20.0,0.2482,2.0,3090.0,396.0
2021-01-05 09:39:36.660,0.2485,0.2491,20.0,0.2483,2.0,3090.0,396.0
2021-01-05 09:39:37.221,0.2485,0.249,10.0,0.2483,22.0,3090.0,396.0
2021-01-05 09:39:37.730,0.2485,0.249,10.0,0.2483,20.0,3090.0,396.0
2021-01-05 09:39:38.650,0.2485,0.249,10.0,0.2483,20.0,3090.0,396.0
2021-01-05 09:39:39.241,0.2485,0.2488,20.0,0.248,20.0,3090.0,396.0
2021-01-05 09:39:39.460,0.2485,0.2488,20.0,0.248,20.0,3090.0,396.0
2021-01-05 09:39:40.200,0.2485,0.2488,30.0,0.248,20.0,3090.0,396.0
2021-01-05 09:39:40.721,0.2485,0.2483,1.0,0.2481,2.0,3094.0,400.0
2021-01-05 09:39:41.220,0.2483,0.2493,20.0,0.2485,20.0,3094.0,401.0
2021-01-05 09:39:41.750,0.2483,0.2486,20.0,0.2483,3.0,3094.0,401.0
2021-01-05 09:39:42.210,0.2483,0.2492,13.0,0.2486,10.0,3094.0,401.0
2021-01-05 09:39:42.740,0.2483,0.2493,20.0,0.2487,2.0,3094.0,401.0
2021-01-05 09:39:43.170,0.2483,0.2494,13.0,0.2488,4.0,3094.0,401.0
2021-01-05 09:39:43.570,0.2483,0.2495,13.0,0.2488,22.0,3094.0,401.0
2021-01-05 09:39:44.231,0.2483,0.2496,13.0,0.2488,22.0,3094.0,401.0
2021-01-05 09:39:44.680,0.2483,0.2493,20.0,0.2488,2.0,3094.0,401.0
2021-01-05 09:39:45.251,0.2483,0.2492,13.0,0.2485,20.0,3094.0,401.0
2021-01-05 09:39:45.750,0.2483,0.2491,20.0,0.2485,20.0,3094.0,401.0
2021-01-05 09:39:46.040,0.2483,0.2488,20.0,0.2483,2.0,3094.0,401.0
2021-01-05 09:39:46.691,0.2483,0.2485,20.0,0.2475,43.0,3094.0,401.0
2021-01-05 09:39:47.250,0.2483,0.2485,30.0,0.2476,13.0,3094.0,401.0
2021-01-05 09:39:47.731,0.2483,0.2487,33.0,0.2479,20.0,3094.0,401.0
2021-01-05 09:39:48.221,0.2483,0.2486,10.0,0.2479,20.0,3094.0,401.0
2021-01-05 09:39:48.711,0.2483,0.2485,13.0,0.2479,20.0,3094.0,401.0
2021-01-05 09:39:49.241,0.2483,0.2484,20.0,0.2476,13.0,3094.0,401.0
2021-01-05 09:39:49.711,0.2483,0.2484,20.0,0.2475,33.0,3094.0,401.0
2021-01-05 09:39:50.121,0.2483,0.2484,20.0,0.2476,10.0,3094.0,401.0
2021-01-05 09:39:50.710,0.2483,0.2482,20.0,0.2472,10.0,3094.0,401.0
2021-01-05 09:39:51.241,0.2483,0.2479,20.0,0.2467,20.0,3094.0,401.0
2021-01-05 09:39:51.730,0.2483,0.2477,20.0,0.2465,10.0,3094.0,401.0
2021-01-05 09:39:52.180,0.2483,0.2476,10.0,0.2468,20.0,3094.0,401.0
2021-01-05 09:39:52.591,0.2483,0.2476,2.0,0.2471,20.0,3094.0,401.0
2021-01-05 09:39:53.181,0.2483,0.2479,20.0,0.2476,2.0,3094.0,401.0
2021-01-05 09:39:53.630,0.2479,0.2487,33.0,0.2479,2.0,3094.0,409.0
2021-01-05 09:39:54.091,0.2479,0.2484,20.0,0.2478,20.0,3094.0,411.0
2021-01-05 09:39:54.691,0.2478,0.2484,20.0,0.2476,20.0,3094.0,417.0
2021-01-05 09:39:55.181,0.2478,0.2479,20.0,0.2472,13.0,3094.0,417.0
2021-01-05 09:39:55.640,0.2478,0.2482,20.0,0.2473,20.0,3094.0,417.0
2021-01-05 09:39:56.120,0.2478,0.2474,20.0,0.2465,43.0,3094.0,417.0
2021-01-05 09:39:56.691,0.2474,0.2479,20.0,0.247,20.0,3094.0,419.0
2021-01-05 09:39:56.841,0.2474,0.2479,20.0,0.2471,13.0,3094.0,419.0
2021-01-05 09:39:57.580,0.2474,0.2479,20.0,0.2473,20.0,3094.0,419.0
2021-01-05 09:39:58.170,0.2474,0.2483,20.0,0.2475,20.0,3094.0,419.0
2021-01-05 09:39:58.600,0.2474,0.2483,30.0,0.2475,20.0,3094.0,419.0
2021-01-05 09:39:59.050,0.2474,0.2483,33.0,0.2475,20.0,3094.0,419.0
2021-01-05 09:40:00.181,0.2474,0.2483,30.0,0.2475,33.0,3094.0,419.0
2021-01-05 09:40:00.631,0.2474,0.248,20.0,0.2474,13.0,3094.0,419.0
2021-01-05 09:40:01.201,0.2474,0.2482,20.0,0.2474,20.0,3094.0,419.0
2021-01-05 09:40:01.570,0.2474,0.2485,33.0,0.2477,20.0,3094.0,419.0
2021-01-05 09:40:02.200,0.2474,0.2485,20.0,0.2477,35.0,3094.0,419.0
2021-01-05 09:40:02.671,0.2474,0.2491,35.0,0.2481,30.0,3094.0,419.0
2021-01-05 09:40:03.171,0.2474,0.2488,20.0,0.2481,30.0,3094.0,419.0
2021-01-05 09:40:03.691,0.2474,0.2488,20.0,0.2481,10.0,3094.0,419.0
2021-01-05 09:40:04.160,0.2474,0.2485,20.0,0.2478,20.0,3094.0,419.0
2021-01-05 09:40:04.700,0.2474,0.2487,20.0,0.2479,2.0,3094.0,419.0
2021-01-05 09:40:05.170,0.2474,0.2487,20.0,0.248,4.0,3094.0,419.0
2021-01-05 09:40:05.701,0.2474,0.2487,20.0,0.2481,4.0,3094.0,419.0
2021-01-05 09:40:06.200,0.2474,0.2487,20.0,0.2481,4.0,3094.0,419.0
2021-01-05 09:40:06.701,0.2474,0.2487,20.0,0.2481,4.0,3094.0,419.0
2021-01-05 09:40:07.191,0.2474,0.2487,20.0,0.2482,2.0,3094.0,419.0
2021-01-05 09:40:07.700,0.2474,0.2487,20.0,0.2482,2.0,3094.0,419.0
2021-01-05 09:40:08.200,0.2474,0.2492,20.0,0.2483,12.0,3094.0,419.0
2021-01-05 09:40:08.690,0.2474,0.2492,20.0,0.2484,10.0,3094.0,419.0
2021-01-05 09:40:09.191,0.2474,0.2496,15.0,0.2486,20.0,3094.0,419.0
2021-01-05 09:40:09.691,0.2474,0.2496,15.0,0.2487,2.0,3094.0,419.0
2021-01-05 09:40:10.131,0.2474,0.2491,20.0,0.2487,2.0,3094.0,419.0
2021-01-05 09:40:10.670,0.2474,0.2489,20.0,0.2488,2.0,3094.0,419.0
2021-01-05 09:40:11.170,0.2474,0.2492,35.0,0.2483,20.0,3094.0,419.0
2021-01-05 09:40:11.671,0.2474,0.2492,20.0,0.2484,10.0,3094.0,419.0
2021-01-05 09:40:12.190,0.2474,0.2495,35.0,0.2486,20.0,3094.0,419.0
2021-01-05 09:40:12.680,0.2474,0.2497,15.0,0.2488,20.0,3094.0,419.0
2021-01-05 09:40:13.170,0.2474,0.2496,20.0,0.2489,2.0,3094.0,419.0
2021-01-05 09:40:13.400,0.2496,0.2498,1.0,0.2491,20.0,3094.0,429.0
2021-01-05 09:40:14.150,0.2496,0.2498,1.0,0.2491,20.0,3094.0,429.0
2021-01-05 09:40:14.701,0.2498,0.2502,20.0,0.2492,12.0,3095.0,430.0
2021-01-05 09:40:15.120,0.2498,0.2502,30.0,0.2492,12.0,3095.0,430.0
2021-01-05 09:40:15.690,0.2498,0.2502,30.0,0.2493,4.0,3095.0,430.0
2021-01-05 09:40:16.140,0.2498,0.2502,30.0,0.2493,4.0,3095.0,430.0
2021-01-05 09:40:16.610,0.2498,0.2498,20.0,0.2493,14.0,3095.0,430.0
2021-01-05 09:40:17.191,0.2501,0.2503,15.0,0.2493,14.0,3115.0,450.0
2021-01-05 09:40:17.621,0.2501,0.2502,20.0,0.2493,14.0,3115.0,450.0
2021-01-05 09:40:17.661,0.2501,0.25,20.0,0.2493,24.0,3115.0,450.0
2021-01-05 09:40:18.641,0.2501,0.25,20.0,0.2493,24.0,3115.0,450.0
2021-01-05 09:40:19.711,0.2493,0.2496,20.0,0.2489,20.0,3121.0,460.0
2021-01-05 09:40:20.191,0.2493,0.2492,20.0,0.2487,10.0,3121.0,460.0
2021-01-05 09:40:20.691,0.2493,0.2491,4.0,0.2483,35.0,3121.0,460.0
2021-01-05 09:40:21.200,0.2493,0.249,20.0,0.2483,10.0,3121.0,460.0
2021-01-05 09:40:21.701,0.2493,0.249,20.0,0.2483,10.0,3121.0,460.0
2021-01-05 09:40:22.210,0.2493,0.2491,4.0,0.2483,20.0,3121.0,460.0
2021-01-05 09:40:22.591,0.2493,0.249,20.0,0.2483,10.0,3121.0,460.0
2021-01-05 09:40:23.200,0.2493,0.2489,10.0,0.248,20.0,3121.0,460.0
2021-01-05 09:40:23.701,0.2493,0.2488,4.0,0.248,30.0,3121.0,460.0
2021-01-05 09:40:24.160,0.2493,0.2488,4.0,0.248,20.0,3121.0,460.0
2021-01-05 09:40:24.681,0.2493,0.2488,4.0,0.2481,15.0,3121.0,460.0
2021-01-05 09:40:25.121,0.2493,0.2488,4.0,0.2483,20.0,3121.0,460.0
2021-01-05 09:40:25.570,0.2493,0.249,20.0,0.2483,20.0,3121.0,460.0
2021-01-05 09:40:26.181,0.2493,0.249,30.0,0.2483,20.0,3121.0,460.0
2021-01-05 09:40:26.650,0.2493,0.249,20.0,0.2483,20.0,3121.0,460.0
2021-01-05 09:40:27.140,0.2493,0.2489,29.0,0.2479,20.0,3121.0,460.0
2021-01-05 09:40:27.701,0.2493,0.2487,20.0,0.2476,45.0,3121.0,460.0
2021-01-05 09:40:28.110,0.2493,0.2487,20.0,0.2479,20.0,3121.0,460.0
2021-01-05 09:40:28.690,0.2493,0.2486,2.0,0.2479,20.0,3121.0,460.0
2021-01-05 09:40:29.170,0.2493,0.2487,20.0,0.2479,20.0,3121.0,460.0
2021-01-05 09:40:30.150,0.2493,0.2488,25.0,0.2478,20.0,3121.0,460.0
2021-01-05 09:40:30.680,0.2493,0.2488,14.0,0.2478,30.0,3121.0,460.0
2021-01-05 09:40:31.101,0.2493,0.2487,20.0,0.2478,30.0,3121.0,460.0
2021-01-05 09:40:31.631,0.2493,0.2487,20.0,0.2478,30.0,3121.0,460.0
2021-01-05 09:40:32.140,0.2493,0.2487,30.0,0.2478,30.0,3121.0,460.0
2021-01-05 09:40:32.611,0.2493,0.2487,20.0,0.2481,20.0,3121.0,460.0
2021-01-05 09:40:33.191,0.2493,0.2493,30.0,0.2487,10.0,3121.0,460.0
2021-01-05 09:40:33.551,0.2493,0.2495,40.0,0.2487,10.0,3121.0,460.0
2021-01-05 09:40:34.171,0.2493,0.2494,10.0,0.2487,10.0,3121.0,460.0
2021-01-05 09:40:34.601,0.2493,0.2494,10.0,0.2487,10.0,3121.0,460.0
2021-01-05 09:40:35.201,0.2493,0.249,20.0,0.2482,20.0,3121.0,460.0
2021-01-05 09:40:35.681,0.2493,0.249,20.0,0.2484,20.0,3121.0,460.0
2021-01-05 09:40:36.040,0.2493,0.249,30.0,0.2484,20.0,3121.0,460.0
2021-01-05 09:40:36.620,0.2493,0.249,30.0,0.2482,20.0,3121.0,460.0
2021-01-05 09:40:37.201,0.2493,0.2489,4.0,0.2482,20.0,3121.0,460.0
2021-01-05 09:40:37.700,0.2493,0.2488,20.0,0.2479,20.0,3121.0,460.0
2021-01-05 09:40:38.130,0.2493,0.2489,4.0,0.2483,20.0,3121.0,460.0
2021-01-05 09:40:38.651,0.2493,0.2489,4.0,0.2483,20.0,3121.0,460.0
2021-01-05 09:40:39.041,0.2493,0.249,20.0,0.2483,20.0,3121.0,460.0
2021-01-05 09:40:39.681,0.2493,0.249,20.0,0.2483,20.0,3121.0,460.0
2021-01-05 09:40:40.061,0.2493,0.2494,20.0,0.2486,20.0,3121.0,460.0
2021-01-05 09:40:40.670,0.2493,0.2493,10.0,0.2487,6.0,3121.0,460.0
2021-01-05 09:40:41.191,0.2493,0.2494,20.0,0.2487,31.0,3121.0,460.0
2021-01-05 09:40:41.640,0.2493,0.2498,20.0,0.2488,35.0,3121.0,460.0
2021-01-05 09:40:42.180,0.2493,0.2496,20.0,0.2494,1.0,3121.0,460.0
2021-01-05 09:40:42.601,0.2493,0.2496,20.0,0.2494,1.0,3121.0,460.0
2021-01-05 09:40:43.191,0.2493,0.2496,20.0,0.2494,1.0,3121.0,460.0
2021-01-05 09:40:43.621,0.2493,0.2496,30.0,0.2494,1.0,3121.0,460.0
2021-01-05 09:40:44.161,0.2493,0.2496,30.0,0.2494,1.0,3121.0,460.0
2021-01-05 09:40:44.610,0.2493,0.2496,30.0,0.2494,1.0,3121.0,460.0
2021-01-05 09:40:45.131,0.2494,0.2496,20.0,0.2488,20.0,3122.0,461.0
2021-01-05 09:40:45.621,0.2494,0.2496,20.0,0.2488,30.0,3122.0,461.0
2021-01-05 09:40:46.161,0.2494,0.2496,20.0,0.2488,30.0,3122.0,461.0
2021-01-05 09:40:46.581,0.2494,0.2496,30.0,0.2488,20.0,3122.0,461.0
2021-01-05 09:40:47.211,0.2494,0.2496,30.0,0.2488,20.0,3122.0,461.0
2021-01-05 09:40:47.611,0.2494,0.2496,20.0,0.2488,30.0,3122.0,461.0
2021-01-05 09:40:48.160,0.2494,0.2496,20.0,0.2488,45.0,3122.0,461.0
2021-01-05 09:40:48.700,0.2494,0.25,20.0,0.2491,20.0,3122.0,461.0
2021-01-05 09:40:49.111,0.2494,0.2496,20.0,0.2488,20.0,3122.0,461.0
2021-01-05 09:40:49.640,0.2494,0.2496,20.0,0.2488,30.0,3122.0,461.0
2021-01-05 09:40:50.181,0.2494,0.2496,20.0,0.2489,15.0,3122.0,461.0
2021-01-05 09:40:50.671,0.2494,0.2496,20.0,0.2488,30.0,3122.0,461.0
2021-01-05 09:40:51.021,0.2494,0.2496,20.0,0.2488,30.0,3122.0,461.0
2021-01-05 09:40:51.601,0.2494,0.2498,20.0,0.249,20.0,3122.0,461.0
2021-01-05 09:40:52.181,0.2494,0.2498,30.0,0.249,30.0,3122.0,461.0
2021-01-05 09:40:52.650,0.2494,0.2498,30.0,0.249,20.0,3122.0,461.0
2021-01-05 09:40:53.140,0.2494,0.2497,10.0,0.249,20.0,3122.0,461.0
2021-01-05 09:40:53.611,0.2494,0.2498,20.0,0.249,20.0,3122.0,461.0
2021-01-05 09:40:54.141,0.2494,0.2497,10.0,0.249,20.0,3122.0,461.0
2021-01-05 09:40:54.521,0.2494,0.2501,10.0,0.2493,20.0,3122.0,461.0
2021-01-05 09:40:55.111,0.2494,0.2496,20.0,0.2488,20.0,3122.0,461.0
2021-01-05 09:40:55.251,0.2494,0.2496,30.0,0.2488,20.0,3122.0,461.0
2021-01-05 09:40:56.121,0.2494,0.2495,2.0,0.249,20.0,3122.0,461.0
2021-01-05 09:40:56.711,0.2494,0.2493,20.0,0.2484,15.0,3122.0,461.0
2021-01-05 09:40:57.180,0.2494,0.2493,20.0,0.2483,23.0,3122.0,461.0
2021-01-05 09:40:57.560,0.2494,0.2493,20.0,0.2487,20.0,3122.0,461.0
2021-01-05 09:40:58.110,0.2494,0.2493,20.0,0.2487,20.0,3122.0,461.0
2021-01-05 09:40:58.721,0.2494,0.2496,20.0,0.2487,20.0,3122.0,461.0
2021-01-05 09:40:58.980,0.2494,0.2494,20.0,0.2487,20.0,3122.0,461.0
2021-01-05 09:40:59.650,0.2494,0.2496,20.0,0.2487,23.0,3122.0,461.0
2021-01-05 09:41:00.150,0.2494,0.2495,10.0,0.2487,23.0,3122.0,461.0
2021-01-05 09:41:00.611,0.2494,0.2495,10.0,0.2487,23.0,3122.0,461.0
2021-01-05 09:41:00.980,0.2494,0.2493,20.0,0.2485,15.0,3122.0,461.0
2021-01-05 09:41:01.650,0.2494,0.2497,30.0,0.2489,20.0,3122.0,461.0
2021-01-05 09:41:02.190,0.2494,0.2497,20.0,0.2489,20.0,3122.0,461.0
2021-01-05 09:41:02.661,0.2494,0.2495,20.0,0.2489,20.0,3122.0,461.0
2021-01-05 09:41:03.110,0.2494,0.2493,20.0,0.2484,35.0,3122.0,461.0
2021-01-05 09:41:03.721,0.2494,0.2495,20.0,0.2487,20.0,3122.0,461.0
2021-01-05 09:41:04.180,0.2494,0.2492,24.0,0.2485,5.0,3122.0,461.0
2021-01-05 09:41:04.680,0.2494,0.2492,24.0,0.2485,3.0,3122.0,461.0
2021-01-05 09:41:05.170,0.2494,0.2492,4.0,0.2487,20.0,3122.0,461.0
2021-01-05 09:41:05.660,0.2494,0.2492,4.0,0.2487,20.0,3122.0,461.0
2021-01-05 09:41:06.221,0.2494,0.2491,4.0,0.2487,20.0,3122.0,461.0
2021-01-05 09:41:06.620,0.2494,0.2491,4.0,0.2485,3.0,3122.0,461.0
2021-01-05 09:41:07.100,0.2494,0.2491,14.0,0.2483,23.0,3122.0,461.0
2021-01-05 09:41:07.611,0.2494,0.2491,4.0,0.2483,23.0,3122.0,461.0
2021-01-05 09:41:08.201,0.2494,0.2489,20.0,0.2481,3.0,3122.0,461.0
2021-01-05 09:41:08.701,0.2494,0.2492,20.0,0.2483,20.0,3122.0,461.0
2021-01-05 09:41:09.661,0.2494,0.2488,20.0,0.2481,3.0,3122.0,461.0
2021-01-05 09:41:10.220,0.2494,0.249,20.0,0.2482,30.0,3122.0,461.0
2021-01-05 09:41:10.710,0.2494,0.2489,25.0,0.2481,3.0,3122.0,461.0
2021-01-05 09:41:11.210,0.2494,0.2486,20.0,0.2478,3.0,3122.0,461.0
2021-01-05 09:41:11.711,0.2494,0.2488,2.0,0.2482,3.0,3122.0,461.0
2021-01-05 09:41:12.151,0.2494,0.2487,10.0,0.2481,20.0,3122.0,461.0
2021-01-05 09:41:12.710,0.2494,0.2487,10.0,0.2479,18.0,3122.0,461.0
2021-01-05 09:41:13.161,0.2494,0.2491,20.0,0.2487,10.0,3122.0,461.0
2021-01-05 09:41:13.711,0.2494,0.2494,20.0,0.2485,15.0,3122.0,461.0
2021-01-05 09:41:14.160,0.2494,0.2486,20.0,0.2482,1.0,3122.0,461.0
2021-01-05 09:41:14.671,0.2494,0.2492,20.0,0.2486,7.0,3122.0,461.0
2021-01-05 09:41:15.180,0.2494,0.2492,20.0,0.2484,21.0,3122.0,461.0
2021-01-05 09:41:15.601,0.2494,0.2494,20.0,0.2486,20.0,3122.0,461.0
2021-01-05 09:41:16.210,0.2494,0.2494,30.0,0.2486,20.0,3122.0,461.0
2021-01-05 09:41:16.500,0.2494,0.2491,20.0,0.2484,1.0,3122.0,461.0
2021-01-05 09:41:17.211,0.2494,0.2491,20.0,0.2484,11.0,3122.0,461.0
2021-01-05 09:41:17.670,0.2494,0.2491,20.0,0.2484,1.0,3122.0,461.0
2021-01-05 09:41:18.141,0.2494,0.2491,20.0,0.2485,3.0,3122.0,461.0
2021-01-05 09:41:18.600,0.2494,0.2491,20.0,0.2485,3.0,3122.0,461.0
2021-01-05 09:41:19.161,0.2494,0.2488,20.0,0.2484,1.0,3122.0,461.0
2021-01-05 09:41:19.570,0.2494,0.2488,20.0,0.2484,1.0,3122.0,461.0
2021-01-05 09:41:19.960,0.2494,0.2491,20.0,0.2484,34.0,3122.0,461.0
2021-01-05 09:41:21.190,0.2494,0.2491,35.0,0.2484,31.0,3122.0,461.0
2021-01-05 09:41:21.551,0.2494,0.2491,35.0,0.2485,3.0,3122.0,461.0
2021-01-05 09:41:22.190,0.2494,0.2489,20.0,0.2484,1.0,3122.0,461.0
2021-01-05 09:41:22.700,0.2494,0.2487,20.0,0.2484,1.0,3122.0,461.0
2021-01-05 09:41:23.061,0.2494,0.2487,20.0,0.2484,1.0,3122.0,461.0
2021-01-05 09:41:24.171,0.2494,0.2491,20.0,0.2484,4.0,3122.0,461.0
2021-01-05 09:41:24.651,0.2494,0.249,15.0,0.2484,4.0,3122.0,461.0
2021-01-05 09:41:25.120,0.2494,0.2487,20.0,0.2484,1.0,3122.0,461.0
2021-01-05 09:41:25.641,0.2484,0.2484,2.0,0.2481,3.0,3122.0,462.0
2021-01-05 09:41:26.190,0.2484,0.2484,2.0,0.2479,23.0,3122.0,462.0
2021-01-05 09:41:27.131,0.2484,0.2484,2.0,0.2479,3.0,3122.0,462.0
2021-01-05 09:41:27.570,0.2484,0.2483,20.0,0.2476,3.0,3122.0,462.0
2021-01-05 09:41:28.171,0.2484,0.2485,20.0,0.2476,38.0,3122.0,462.0
2021-01-05 09:41:28.540,0.2484,0.2485,20.0,0.2477,10.0,3122.0,462.0
2021-01-05 09:41:29.070,0.2484,0.2485,20.0,0.2478,1.0,3122.0,462.0
2021-01-05 09:41:30.180,0.2484,0.2485,30.0,0.2478,1.0,3122.0,462.0
2021-01-05 09:41:30.670,0.2484,0.2485,40.0,0.2476,23.0,3122.0,462.0
2021-01-05 09:41:31.181,0.2484,0.2484,1.0,0.2478,20.0,3122.0,462.0
2021-01-05 09:41:31.700,0.2484,0.2484,1.0,0.2478,20.0,3122.0,462.0
2021-01-05 09:41:32.220,0.2484,0.2484,11.0,0.2478,20.0,3122.0,462.0
2021-01-05 09:41:32.670,0.2484,0.2484,1.0,0.2479,18.0,3122.0,462.0
2021-01-05 09:41:33.000,0.2484,0.2483,20.0,0.248,1.0,3122.0,462.0
2021-01-05 09:41:33.621,0.2484,0.2486,20.0,0.2481,3.0,3122.0,462.0
2021-01-05 09:41:34.120,0.2484,0.2488,20.0,0.2481,18.0,3122.0,462.0
2021-01-05 09:41:34.720,0.2484,0.2488,30.0,0.248,22.0,3122.0,462.0
2021-01-05 09:41:35.221,0.2484,0.2484,21.0,0.248,1.0,3122.0,462.0
2021-01-05 09:41:35.721,0.2484,0.2483,12.0,0.2475,3.0,3122.0,462.0
2021-01-05 09:41:35.961,0.2484,0.2481,20.0,0.2475,3.0,3122.0,462.0
2021-01-05 09:41:36.720,0.2484,0.2475,10.0,0.247,15.0,3122.0,462.0
2021-01-05 09:41:37.210,0.2484,0.2475,10.0,0.2472,23.0,3122.0,462.0
2021-01-05 09:41:37.711,0.2484,0.2475,10.0,0.247,3.0,3122.0,462.0
2021-01-05 09:41:38.220,0.2484,0.2475,20.0,0.247,3.0,3122.0,462.0
2021-01-05 09:41:38.650,0.2484,0.2475,10.0,0.2471,20.0,3122.0,462.0
2021-01-05 09:41:39.221,0.2484,0.2475,10.0,0.2472,3.0,3122.0,462.0
2021-01-05 09:41:39.521,0.2484,0.2475,10.0,0.2472,3.0,3122.0,462.0
2021-01-05 09:41:40.231,0.2475,0.2481,20.0,0.2475,4.0,3122.0,472.0
2021-01-05 09:41:40.721,0.2475,0.2481,30.0,0.2475,4.0,3122.0,472.0
2021-01-05 09:41:41.130,0.2475,0.2481,30.0,0.2475,19.0,3122.0,472.0
2021-01-05 09:41:41.730,0.2475,0.2484,31.0,0.2476,15.0,3122.0,472.0
2021-01-05 09:41:42.201,0.2475,0.2484,31.0,0.2477,3.0,3122.0,472.0
2021-01-05 09:41:42.690,0.2475,0.2484,1.0,0.2478,15.0,3122.0,472.0
2021-01-05 09:41:44.671,0.2475,0.2484,21.0,0.2478,15.0,3122.0,472.0
2021-01-05 09:41:45.190,0.2475,0.2482,20.0,0.2476,15.0,3122.0,472.0
2021-01-05 09:41:45.701,0.2475,0.2484,1.0,0.2478,3.0,3122.0,472.0
2021-01-05 09:41:46.241,0.2475,0.2483,30.0,0.2477,15.0,3122.0,472.0
2021-01-05 09:41:46.581,0.2475,0.2484,1.0,0.2478,3.0,3122.0,472.0
2021-01-05 09:41:47.201,0.2475,0.248,20.0,0.2475,17.0,3122.0,472.0
2021-01-05 09:41:47.741,0.2475,0.248,20.0,0.2475,2.0,3122.0,472.0
2021-01-05 09:41:48.181,0.2475,0.2477,20.0,0.247,3.0,3122.0,472.0
2021-01-05 09:41:48.740,0.2475,0.2476,1.0,0.2471,15.0,3122.0,472.0
2021-01-05 09:41:49.191,0.2475,0.2479,3.0,0.2474,20.0,3122.0,472.0
2021-01-05 09:41:49.451,0.2471,0.2474,2.0,0.2472,15.0,3122.0,479.0
2021-01-05 09:41:50.231,0.2471,0.2474,20.0,0.2467,15.0,3122.0,479.0
2021-01-05 09:41:50.661,0.2471,0.2472,3.0,0.2467,3.0,3122.0,479.0
2021-01-05 09:41:51.251,0.2472,0.2478,20.0,0.2472,1.0,3122.0,482.0
2021-01-05 09:41:51.760,0.2472,0.2483,25.0,0.247,15.0,3122.0,483.0
2021-01-05 09:41:52.261,0.2472,0.2476,20.0,0.2468,15.0,3122.0,483.0
2021-01-05 09:41:52.690,0.2472,0.2474,20.0,0.2465,3.0,3122.0,483.0
2021-01-05 09:41:53.151,0.2472,0.2472,20.0,0.2465,15.0,3122.0,483.0
2021-01-05 09:41:53.681,0.2472,0.2472,20.0,0.2464,18.0,3122.0,483.0
2021-01-05 09:41:54.161,0.2472,0.2472,30.0,0.2464,18.0,3122.0,483.0
2021-01-05 09:41:54.670,0.2472,0.2471,1.0,0.2464,18.0,3122.0,483.0
2021-01-05 09:41:54.880,0.2472,0.2469,20.0,0.2461,10.0,3122.0,483.0
2021-01-05 09:41:55.671,0.2472,0.2471,20.0,0.2462,35.0,3122.0,483.0
2021-01-05 09:41:56.151,0.2472,0.2471,20.0,0.2463,25.0,3122.0,483.0
2021-01-05 09:41:56.670,0.2472,0.2474,20.0,0.2466,20.0,3122.0,483.0
2021-01-05 09:41:57.110,0.2472,0.2468,20.0,0.2462,15.0,3122.0,483.0
2021-01-05 09:41:57.640,0.2468,0.2472,20.0,0.2463,20.0,3122.0,491.0
2021-01-05 09:41:58.140,0.2468,0.2472,20.0,0.2464,15.0,3122.0,491.0
2021-01-05 09:41:58.660,0.2468,0.2472,20.0,0.2464,18.0,3122.0,491.0
2021-01-05 09:41:59.131,0.2468,0.2472,20.0,0.2465,10.0,3122.0,491.0
2021-01-05 09:42:00.151,0.2468,0.2472,20.0,0.2466,20.0,3122.0,491.0
2021-01-05 09:42:00.701,0.2468,0.2472,20.0,0.2463,15.0,3122.0,491.0
2021-01-05 09:42:01.181,0.2468,0.2471,10.0,0.2463,15.0,3122.0,491.0
2021-01-05 09:42:01.651,0.2468,0.2469,20.0,0.2463,15.0,3122.0,491.0
2021-01-05 09:42:02.201,0.2468,0.2469,20.0,0.2462,20.0,3122.0,491.0
2021-01-05 09:42:02.641,0.2468,0.2469,20.0,0.2462,20.0,3122.0,491.0
2021-01-05 09:42:03.161,0.2468,0.2469,20.0,0.2462,38.0,3122.0,491.0
2021-01-05 09:42:03.690,0.2468,0.2469,20.0,0.2463,15.0,3122.0,491.0
2021-01-05 09:42:04.110,0.2468,0.2469,20.0,0.2464,5.0,3122.0,491.0
2021-01-05 09:42:04.641,0.2468,0.2473,20.0,0.2465,20.0,3122.0,491.0
2021-01-05 09:42:04.990,0.2468,0.2471,20.0,0.2465,20.0,3122.0,491.0
2021-01-05 09:42:05.701,0.2468,0.2471,20.0,0.2465,15.0,3122.0,491.0
2021-01-05 09:42:06.181,0.2468,0.2471,30.0,0.2464,19.0,3122.0,491.0
2021-01-05 09:42:06.690,0.2468,0.247,1.0,0.2465,35.0,3122.0,491.0
2021-01-05 09:42:07.230,0.2468,0.247,1.0,0.2462,20.0,3122.0,491.0
2021-01-05 09:42:07.691,0.2468,0.247,1.0,0.2462,45.0,3122.0,491.0
2021-01-05 09:42:08.220,0.2468,0.2471,20.0,0.2463,15.0,3122.0,491.0
2021-01-05 09:42:09.230,0.2468,0.2471,20.0,0.2462,20.0,3122.0,491.0
2021-01-05 09:42:09.570,0.2468,0.2469,20.0,0.2462,30.0,3122.0,491.0
2021-01-05 09:42:10.220,0.2468,0.2469,20.0,0.2462,30.0,3122.0,491.0
2021-01-05 09:42:10.681,0.2468,0.2469,20.0,0.2462,20.0,3122.0,491.0
2021-01-05 09:42:11.211,0.2468,0.2467,20.0,0.2458,20.0,3122.0,491.0
2021-01-05 09:42:11.651,0.2468,0.2466,1.0,0.2457,18.0,3122.0,491.0
2021-01-05 09:42:12.210,0.2468,0.2464,20.0,0.2456,20.0,3122.0,491.0
2021-01-05 09:42:12.721,0.2468,0.2464,20.0,0.2456,35.0,3122.0,491.0
2021-01-05 09:42:13.211,0.2468,0.2464,20.0,0.2457,29.0,3122.0,491.0
2021-01-05 09:42:13.731,0.2468,0.2469,20.0,0.2462,20.0,3122.0,491.0
2021-01-05 09:42:14.150,0.2468,0.2463,2.0,0.2462,20.0,3122.0,491.0
2021-01-05 09:42:14.671,0.2463,0.2469,20.0,0.2462,20.0,3122.0,493.0
2021-01-05 09:42:15.170,0.2463,0.2469,30.0,0.2462,23.0,3122.0,493.0
2021-01-05 09:42:15.650,0.2463,0.2469,30.0,0.2462,23.0,3122.0,493.0
2021-01-05 09:42:16.181,0.2463,0.2469,30.0,0.2462,20.0,3122.0,493.0
2021-01-05 09:42:16.701,0.2463,0.2468,1.0,0.2459,35.0,3122.0,493.0
2021-01-05 09:42:17.241,0.2463,0.2468,1.0,0.2462,20.0,3122.0,493.0
2021-01-05 09:42:17.681,0.2463,0.2467,2.0,0.2461,15.0,3122.0,493.0
2021-01-05 09:42:18.100,0.2463,0.2468,1.0,0.2461,15.0,3122.0,493.0
2021-01-05 09:42:18.701,0.2463,0.2471,20.0,0.2463,20.0,3122.0,493.0
2021-01-05 09:42:19.210,0.2463,0.2471,20.0,0.2464,15.0,3122.0,493.0
2021-01-05 09:42:19.621,0.2463,0.2471,20.0,0.2464,25.0,3122.0,493.0
2021-01-05 09:42:20.111,0.2463,0.2473,20.0,0.2465,35.0,3122.0,493.0
2021-01-05 09:42:20.751,0.2463,0.2472,10.0,0.2465,20.0,3122.0,493.0
2021-01-05 09:42:21.231,0.2463,0.2471,20.0,0.2465,20.0,3122.0,493.0
2021-01-05 09:42:21.621,0.2463,0.2474,30.0,0.2465,23.0,3122.0,493.0
2021-01-05 09:42:22.221,0.2463,0.2468,20.0,0.2463,15.0,3122.0,493.0
2021-01-05 09:42:22.570,0.2463,0.2468,20.0,0.2462,19.0,3122.0,493.0
2021-01-05 09:42:23.160,0.2463,0.2468,20.0,0.2462,35.0,3122.0,493.0
2021-01-05 09:42:23.631,0.2463,0.2468,20.0,0.2463,15.0,3122.0,493.0
2021-01-05 09:42:24.151,0.2463,0.2468,20.0,0.2462,15.0,3122.0,493.0
2021-01-05 09:42:24.670,0.2463,0.2468,20.0,0.2461,15.0,3122.0,493.0
2021-01-05 09:42:25.200,0.2463,0.2468,20.0,0.2461,38.0,3122.0,493.0
2021-01-05 09:42:25.511,0.2463,0.2468,20.0,0.2459,15.0,3122.0,493.0
2021-01-05 09:42:26.130,0.2463,0.2466,20.0,0.2459,25.0,3122.0,493.0
2021-01-05 09:42:26.641,0.2463,0.2466,20.0,0.2459,25.0,3122.0,493.0
2021-01-05 09:42:27.171,0.2463,0.2466,20.0,0.246,15.0,3122.0,493.0
2021-01-05 09:42:27.571,0.2463,0.2469,20.0,0.2461,20.0,3122.0,493.0
2021-01-05 09:42:28.130,0.2463,0.2467,20.0,0.2459,48.0,3122.0,493.0
2021-01-05 09:42:28.641,0.2463,0.2467,20.0,0.2461,20.0,3122.0,493.0
2021-01-05 09:42:29.100,0.2463,0.2467,20.0,0.2462,7.0,3122.0,493.0
2021-01-05 09:42:30.220,0.2463,0.2467,20.0,0.2462,4.0,3122.0,493.0
2021-01-05 09:42:30.710,0.2463,0.2469,20.0,0.2462,42.0,3122.0,493.0
2021-01-05 09:42:31.200,0.2463,0.2466,20.0,0.2462,4.0,3122.0,493.0
2021-01-05 09:42:31.720,0.2463,0.2466,20.0,0.246,15.0,3122.0,493.0
2021-01-05 09:42:32.131,0.2463,0.2466,20.0,0.246,15.0,3122.0,493.0
2021-01-05 09:42:33.230,0.2463,0.2466,20.0,0.246,15.0,3122.0,493.0
2021-01-05 09:42:34.210,0.2463,0.2468,20.0,0.2461,27.0,3122.0,493.0
2021-01-05 09:42:34.731,0.2463,0.2468,20.0,0.2462,15.0,3122.0,493.0
2021-01-05 09:42:35.151,0.2463,0.2468,20.0,0.2462,15.0,3122.0,493.0
2021-01-05 09:42:35.701,0.2463,0.2468,20.0,0.2462,15.0,3122.0,493.0
2021-01-05 09:42:36.650,0.2463,0.2468,20.0,0.2462,15.0,3122.0,493.0
2021-01-05 09:42:37.080,0.2463,0.2468,30.0,0.2461,4.0,3122.0,493.0
2021-01-05 09:42:38.200,0.2463,0.2468,20.0,0.2461,4.0,3122.0,493.0
2021-01-05 09:42:38.661,0.2463,0.2468,20.0,0.2461,19.0,3122.0,493.0
2021-01-05 09:42:39.530,0.2463,0.2468,20.0,0.2462,15.0,3122.0,493.0
2021-01-05 09:42:40.221,0.2463,0.2468,30.0,0.2461,4.0,3122.0,493.0
2021-01-05 09:42:40.721,0.2463,0.2468,30.0,0.2459,38.0,3122.0,493.0
2021-01-05 09:42:41.161,0.2463,0.2468,20.0,0.2459,23.0,3122.0,493.0
2021-01-05 09:42:41.731,0.2463,0.2465,20.0,0.2457,15.0,3122.0,493.0
2021-01-05 09:42:42.250,0.2463,0.2465,20.0,0.2456,38.0,3122.0,493.0
2021-01-05 09:42:42.711,0.2463,0.2467,20.0,0.246,20.0,3122.0,493.0
2021-01-05 09:42:43.251,0.2463,0.2464,2.0,0.2459,15.0,3122.0,493.0
2021-01-05 09:42:43.741,0.2463,0.2471,20.0,0.2463,20.0,3122.0,493.0
2021-01-05 09:42:44.081,0.2463,0.2469,20.0,0.2463,20.0,3122.0,493.0
2021-01-05 09:42:44.751,0.2464,0.2464,18.0,0.2457,4.0,3122.0,495.0
2021-01-05 09:42:45.191,0.2464,0.2469,20.0,0.2462,20.0,3122.0,495.0
2021-01-05 09:42:45.591,0.2464,0.2467,20.0,0.2459,20.0,3122.0,495.0
2021-01-05 09:42:46.240,0.2464,0.2467,20.0,0.2459,20.0,3122.0,495.0
2021-01-05 09:42:46.741,0.2464,0.2465,20.0,0.2457,4.0,3122.0,495.0
2021-01-05 09:42:47.160,0.2464,0.2465,20.0,0.2457,4.0,3122.0,495.0
2021-01-05 09:42:47.690,0.2464,0.2465,20.0,0.246,30.0,3122.0,495.0
2021-01-05 09:42:48.720,0.2464,0.2467,20.0,0.246,50.0,3122.0,495.0
2021-01-05 09:42:49.110,0.2464,0.2467,30.0,0.246,50.0,3122.0,495.0
2021-01-05 09:42:50.261,0.2464,0.2467,30.0,0.2461,1.0,3122.0,495.0
2021-01-05 09:42:50.670,0.2464,0.2467,20.0,0.2461,1.0,3122.0,495.0
2021-01-05 09:42:51.060,0.2464,0.2467,30.0,0.2461,1.0,3122.0,495.0
2021-01-05 09:42:51.761,0.2464,0.2467,30.0,0.246,30.0,3122.0,495.0
2021-01-05 09:42:52.251,0.2464,0.2467,20.0,0.2461,20.0,3122.0,495.0
2021-01-05 09:42:52.601,0.2464,0.2467,30.0,0.2461,20.0,3122.0,495.0
2021-01-05 09:42:53.190,0.2464,0.2467,30.0,0.246,30.0,3122.0,495.0
2021-01-05 09:42:53.640,0.2464,0.2467,20.0,0.246,30.0,3122.0,495.0
2021-01-05 09:42:54.191,0.2464,0.2466,10.0,0.246,30.0,3122.0,495.0
2021-01-05 09:42:54.710,0.2464,0.2467,20.0,0.246,30.0,3122.0,495.0
2021-01-05 09:42:55.190,0.2464,0.2467,20.0,0.246,30.0,3122.0,495.0
2021-01-05 09:42:55.701,0.2464,0.2466,2.0,0.246,30.0,3122.0,495.0
2021-01-05 09:42:56.191,0.2464,0.2464,20.0,0.246,30.0,3122.0,495.0
2021-01-05 09:42:56.631,0.2464,0.2466,20.0,0.246,30.0,3122.0,495.0
2021-01-05 09:42:57.140,0.246,0.2466,20.0,0.246,21.0,3131.0,504.0
2021-01-05 09:42:57.591,0.246,0.2465,10.0,0.246,21.0,3131.0,504.0
2021-01-05 09:42:58.220,0.246,0.2463,20.0,0.246,21.0,3131.0,504.0
2021-01-05 09:42:58.731,0.246,0.2466,20.0,0.2463,7.0,3131.0,504.0
2021-01-05 09:42:59.230,0.246,0.2469,20.0,0.2463,6.0,3131.0,504.0
2021-01-05 09:42:59.730,0.2464,0.2464,18.0,0.246,21.0,3131.0,506.0
2021-01-05 09:43:00.131,0.2464,0.2464,18.0,0.246,21.0,3131.0,506.0
2021-01-05 09:43:00.721,0.2464,0.2463,2.0,0.246,21.0,3131.0,506.0
2021-01-05 09:43:01.211,0.2464,0.2463,2.0,0.246,21.0,3131.0,506.0
2021-01-05 09:43:01.701,0.2463,0.2465,20.0,0.246,21.0,3131.0,508.0
2021-01-05 09:43:02.150,0.2463,0.2464,10.0,0.246,21.0,3131.0,508.0
2021-01-05 09:43:02.681,0.2463,0.2462,20.0,0.246,21.0,3131.0,508.0
2021-01-05 09:43:03.241,0.2463,0.2462,20.0,0.246,21.0,3131.0,508.0
2021-01-05 09:43:03.701,0.2463,0.2462,20.0,0.246,21.0,3131.0,508.0
2021-01-05 09:43:04.240,0.2462,0.2462,14.0,0.246,21.0,3131.0,514.0
2021-01-05 09:43:04.740,0.2462,0.2466,20.0,0.2462,5.0,3131.0,514.0
2021-01-05 09:43:05.251,0.2462,0.2469,35.0,0.2462,5.0,3131.0,514.0
2021-01-05 09:43:05.681,0.2462,0.2469,20.0,0.2463,3.0,3131.0,514.0
2021-01-05 09:43:06.171,0.2462,0.2471,20.0,0.2463,3.0,3131.0,514.0
2021-01-05 09:43:06.500,0.2462,0.247,15.0,0.2462,25.0,3131.0,514.0
2021-01-05 09:43:07.231,0.2462,0.2471,45.0,0.2462,28.0,3131.0,514.0
2021-01-05 09:43:07.710,0.2462,0.2471,45.0,0.2462,28.0,3131.0,514.0
2021-01-05 09:43:08.181,0.2462,0.2471,30.0,0.2462,38.0,3131.0,514.0
2021-01-05 09:43:08.640,0.2462,0.2471,20.0,0.2462,38.0,3131.0,514.0
2021-01-05 09:43:09.231,0.2462,0.2471,35.0,0.2462,38.0,3131.0,514.0
2021-01-05 09:43:09.740,0.2462,0.2471,35.0,0.2464,20.0,3131.0,514.0
2021-01-05 09:43:10.031,0.2462,0.2466,20.0,0.2462,2.0,3131.0,514.0
2021-01-05 09:43:10.670,0.2462,0.2466,20.0,0.246,21.0,3131.0,516.0
2021-01-05 09:43:11.250,0.2462,0.2466,20.0,0.246,21.0,3131.0,516.0
2021-01-05 09:43:12.730,0.2462,0.2466,20.0,0.246,24.0,3131.0,516.0
2021-01-05 09:43:13.210,0.2466,0.247,20.0,0.2462,20.0,3131.0,519.0
2021-01-05 09:43:13.740,0.2466,0.2472,20.0,0.2463,3.0,3131.0,519.0
2021-01-05 09:43:14.270,0.2466,0.2474,15.0,0.2465,20.0,3131.0,519.0
2021-01-05 09:43:15.241,0.2466,0.2475,20.0,0.2465,20.0,3131.0,519.0
2021-01-05 09:43:15.711,0.2466,0.2475,20.0,0.2466,13.0,3131.0,519.0
2021-01-05 09:43:16.270,0.2466,0.2475,20.0,0.2466,13.0,3131.0,519.0
2021-01-05 09:43:16.501,0.2466,0.2471,20.0,0.2465,20.0,3131.0,519.0
2021-01-05 09:43:17.271,0.2466,0.2471,20.0,0.2465,20.0,3131.0,519.0
2021-01-05 09:43:17.690,0.2466,0.2471,20.0,0.2463,3.0,3131.0,519.0
2021-01-05 09:43:18.270,0.2466,0.2473,20.0,0.2466,1.0,3131.0,519.0
2021-01-05 09:43:18.741,0.2466,0.2473,20.0,0.2466,16.0,3131.0,519.0
2021-01-05 09:43:19.261,0.2466,0.2473,20.0,0.2466,1.0,3131.0,519.0
2021-01-05 09:43:19.761,0.2466,0.2473,20.0,0.2466,1.0,3131.0,519.0
2021-01-05 09:43:20.281,0.2466,0.2473,20.0,0.2465,23.0,3131.0,519.0
2021-01-05 09:43:20.731,0.2466,0.2475,20.0,0.2465,23.0,3131.0,519.0
2021-01-05 09:43:21.250,0.2466,0.247,20.0,0.2462,20.0,3131.0,519.0
2021-01-05 09:43:21.701,0.2466,0.2469,2.0,0.2462,20.0,3131.0,519.0
2021-01-05 09:43:22.281,0.2466,0.2468,20.0,0.2461,20.0,3131.0,519.0
2021-01-05 09:43:22.671,0.2466,0.2469,2.0,0.2462,20.0,3131.0,519.0
2021-01-05 09:43:23.190,0.2466,0.2468,20.0,0.2461,23.0,3131.0,519.0
2021-01-05 09:43:24.120,0.2466,0.2468,20.0,0.2461,3.0,3131.0,519.0
2021-01-05 09:43:24.631,0.2466,0.2468,20.0,0.246,24.0,3131.0,519.0
2021-01-05 09:43:25.201,0.2466,0.2468,45.0,0.246,24.0,3131.0,519.0
2021-01-05 09:43:25.701,0.2466,0.2466,20.0,0.246,24.0,3131.0,519.0
2021-01-05 09:43:26.181,0.2466,0.2465,4.0,0.2462,20.0,3131.0,519.0
2021-01-05 09:43:26.611,0.2466,0.2465,4.0,0.2462,20.0,3131.0,519.0
2021-01-05 09:43:27.190,0.2466,0.2465,4.0,0.2462,20.0,3131.0,519.0
