,last,ask1,asize1,bid1,bsize1,oi,volume
2021-01-05 09:15:11.600,0.0211,0.0211,1.0,0.0211,1.0,8270.0,
2021-01-05 09:16:03.160,0.021,0.021,1.0,0.021,1.0,8270.0,
2021-01-05 09:21:35.321,0.0209,0.0209,1.0,0.0209,1.0,8270.0,
2021-01-05 09:25:00.080,0.0209,0.021,2.0,0.0204,1.0,8271.0,1.0
2021-01-05 09:30:00.451,0.0204,0.0204,4.0,0.0199,3.0,8272.0,2.0
2021-01-05 09:30:00.991,0.0204,0.0203,50.0,0.02,1.0,8284.0,14.0
2021-01-05 09:30:01.481,0.0204,0.0203,50.0,0.02,1.0,8284.0,14.0
2021-01-05 09:30:01.990,0.0204,0.0203,70.0,0.02,1.0,8284.0,14.0
2021-01-05 09:30:06.971,0.0204,0.0203,70.0,0.02,1.0,8284.0,14.0
2021-01-05 09:30:07.471,0.02,0.0203,70.0,0.0199,2.0,8285.0,15.0
2021-01-05 09:30:09.490,0.0199,0.0203,70.0,0.0195,1.0,8285.0,17.0
2021-01-05 09:30:10.501,0.0199,0.0202,20.0,0.0195,1.0,8285.0,17.0
2021-01-05 09:30:11.521,0.0195,0.0202,20.0,0.019,2.0,8286.0,18.0
2021-01-05 09:30:13.000,0.0195,0.0203,70.0,0.019,2.0,8286.0,18.0
2021-01-05 09:30:13.501,0.0195,0.0203,70.0,0.019,2.0,8286.0,18.0
2021-01-05 09:30:13.941,0.0195,0.0203,70.0,0.019,2.0,8286.0,18.0
2021-01-05 09:30:17.641,0.0195,0.0203,70.0,0.019,2.0,8286.0,18.0
2021-01-05 09:30:19.251,0.0195,0.0203,20.0,0.019,2.0,8286.0,18.0
2021-01-05 09:30:19.741,0.0195,0.0203,20.0,0.019,2.0,8286.0,18.0
2021-01-05 09:30:20.240,0.0195,0.0204,22.0,0.019,2.0,8286.0,18.0
2021-01-05 09:30:20.740,0.0195,0.0204,2.0,0.019,2.0,8286.0,18.0
2021-01-05 09:30:21.241,0.0195,0.0204,22.0,0.019,2.0,8286.0,18.0
2021-01-05 09:30:21.741,0.0195,0.0204,2.0,0.019,2.0,8286.0,18.0
2021-01-05 09:30:22.240,0.0195,0.0204,22.0,0.019,2.0,8286.0,18.0
2021-01-05 09:30:22.671,0.0195,0.0204,22.0,0.019,2.0,8286.0,18.0
2021-01-05 09:30:23.670,0.0195,0.0204,22.0,0.019,2.0,8286.0,18.0
2021-01-05 09:30:24.140,0.0195,0.0203,20.0,0.019,2.0,8286.0,18.0
2021-01-05 09:30:25.160,0.0195,0.0202,20.0,0.019,2.0,8286.0,18.0
2021-01-05 09:30:26.670,0.0195,0.0201,20.0,0.019,2.0,8286.0,18.0
2021-01-05 09:30:27.671,0.0195,0.0202,20.0,0.019,2.0,8286.0,18.0
2021-01-05 09:30:28.670,0.0195,0.0201,20.0,0.019,2.0,8286.0,18.0
2021-01-05 09:30:30.171,0.0195,0.0202,20.0,0.019,2.0,8286.0,18.0
2021-01-05 09:30:31.121,0.0195,0.0203,20.0,0.019,2.0,8286.0,18.0
2021-01-05 09:30:32.631,0.0195,0.0203,20.0,0.019,2.0,8286.0,18.0
2021-01-05 09:30:33.671,0.0195,0.0204,22.0,0.0191,3.0,8286.0,18.0
2021-01-05 09:30:36.170,0.0195,0.0203,20.0,0.0191,3.0,8286.0,18.0
2021-01-05 09:30:36.681,0.0191,0.0203,20.0,0.0191,2.0,8286.0,19.0
2021-01-05 09:30:37.670,0.0191,0.0202,20.0,0.0191,2.0,8286.0,19.0
2021-01-05 09:30:38.700,0.0191,0.0203,20.0,0.0191,2.0,8286.0,19.0
2021-01-05 09:30:39.201,0.0191,0.0202,20.0,0.0191,2.0,8286.0,19.0
2021-01-05 09:30:40.170,0.0191,0.0202,20.0,0.0191,5.0,8286.0,19.0
2021-01-05 09:30:40.690,0.0191,0.0202,20.0,0.0191,5.0,8286.0,19.0
2021-01-05 09:30:41.701,0.0191,0.0201,20.0,0.0191,5.0,8286.0,19.0
2021-01-05 09:30:42.550,0.0191,0.0201,30.0,0.0191,15.0,8286.0,19.0
2021-01-05 09:30:43.681,0.0191,0.0201,30.0,0.0191,15.0,8286.0,19.0
2021-01-05 09:30:44.650,0.0191,0.0201,30.0,0.0191,15.0,8286.0,19.0
2021-01-05 09:30:45.161,0.0191,0.0201,30.0,0.0191,15.0,8286.0,19.0
2021-01-05 09:30:46.200,0.0191,0.0201,30.0,0.0198,1.0,8286.0,19.0
2021-01-05 09:30:46.701,0.0198,0.0201,20.0,0.0191,2.0,8287.0,20.0
2021-01-05 09:30:47.191,0.0198,0.0201,10.0,0.0191,15.0,8287.0,20.0
2021-01-05 09:30:47.681,0.0201,0.0201,20.0,0.0191,5.0,8287.0,24.0
2021-01-05 09:30:48.200,0.0201,0.0202,20.0,0.0191,5.0,8287.0,24.0
2021-01-05 09:30:49.210,0.0201,0.0201,30.0,0.0191,15.0,8287.0,24.0
2021-01-05 09:30:52.651,0.0191,0.0194,20.0,0.0191,14.0,8287.0,25.0
2021-01-05 09:30:53.120,0.0191,0.0194,40.0,0.0191,4.0,8287.0,25.0
2021-01-05 09:30:53.660,0.0191,0.0194,40.0,0.0191,4.0,8287.0,25.0
2021-01-05 09:30:54.670,0.0191,0.0194,40.0,0.019,4.0,8290.0,29.0
2021-01-05 09:30:58.660,0.019,0.0194,40.0,0.019,2.0,8292.0,31.0
2021-01-05 09:30:59.640,0.019,0.0194,40.0,0.019,2.0,8292.0,31.0
2021-01-05 09:31:00.161,0.019,0.0194,40.0,0.019,5.0,8292.0,31.0
2021-01-05 09:31:00.681,0.019,0.0193,1.0,0.019,5.0,8292.0,31.0
2021-01-05 09:31:01.150,0.019,0.0193,21.0,0.019,5.0,8292.0,31.0
2021-01-05 09:31:01.680,0.019,0.0193,21.0,0.0188,9.0,8295.0,36.0
2021-01-05 09:31:02.170,0.019,0.0193,21.0,0.0188,9.0,8295.0,36.0
2021-01-05 09:31:02.681,0.019,0.0193,21.0,0.0188,9.0,8295.0,36.0
2021-01-05 09:31:03.680,0.019,0.0192,1.0,0.0188,9.0,8295.0,36.0
2021-01-05 09:31:04.181,0.019,0.0192,21.0,0.0188,9.0,8295.0,36.0
2021-01-05 09:31:05.670,0.019,0.0191,1.0,0.0188,9.0,8295.0,36.0
2021-01-05 09:31:06.160,0.019,0.0191,1.0,0.0188,9.0,8295.0,36.0
2021-01-05 09:31:06.681,0.019,0.0191,1.0,0.0188,9.0,8295.0,36.0
2021-01-05 09:31:07.190,0.019,0.0191,1.0,0.0188,9.0,8295.0,36.0
2021-01-05 09:31:07.670,0.019,0.0192,1.0,0.0188,9.0,8295.0,36.0
2021-01-05 09:31:08.650,0.019,0.0192,1.0,0.0188,9.0,8295.0,36.0
2021-01-05 09:31:09.101,0.019,0.0192,1.0,0.0188,9.0,8295.0,36.0
2021-01-05 09:31:10.200,0.019,0.0192,1.0,0.0189,3.0,8295.0,36.0
2021-01-05 09:31:10.680,0.019,0.0192,1.0,0.0189,4.0,8295.0,36.0
2021-01-05 09:31:11.701,0.019,0.0192,21.0,0.0189,4.0,8295.0,36.0
2021-01-05 09:31:12.171,0.019,0.0192,20.0,0.0189,4.0,8295.0,36.0
2021-01-05 09:31:12.621,0.019,0.0193,21.0,0.0189,4.0,8295.0,36.0
2021-01-05 09:31:14.200,0.019,0.0192,1.0,0.0189,4.0,8295.0,36.0
2021-01-05 09:31:15.110,0.0189,0.0192,21.0,0.0188,9.0,8298.0,40.0
2021-01-05 09:31:16.180,0.0189,0.0191,1.0,0.0188,9.0,8298.0,40.0
2021-01-05 09:31:16.711,0.0189,0.0191,21.0,0.0188,9.0,8298.0,40.0
2021-01-05 09:31:17.710,0.0189,0.0189,20.0,0.0188,9.0,8298.0,40.0
2021-01-05 09:31:18.201,0.0188,0.0189,20.0,0.0188,8.0,8299.0,41.0
2021-01-05 09:31:19.150,0.0188,0.0189,20.0,0.0188,8.0,8299.0,41.0
2021-01-05 09:31:20.171,0.0189,0.0189,17.0,0.0188,8.0,8302.0,44.0
2021-01-05 09:31:21.221,0.0189,0.0189,17.0,0.0188,8.0,8302.0,44.0
2021-01-05 09:31:22.211,0.0189,0.0189,17.0,0.0188,8.0,8302.0,44.0
2021-01-05 09:31:22.620,0.0189,0.0189,17.0,0.0188,8.0,8302.0,44.0
2021-01-05 09:31:23.171,0.0188,0.0189,17.0,0.0188,7.0,8303.0,45.0
2021-01-05 09:31:23.640,0.0188,0.0189,17.0,0.0188,7.0,8303.0,45.0
2021-01-05 09:31:24.660,0.0188,0.0189,17.0,0.0188,7.0,8303.0,45.0
2021-01-05 09:31:25.140,0.0189,0.0189,2.0,0.0188,7.0,8318.0,60.0
2021-01-05 09:31:25.630,0.0189,0.0189,2.0,0.0188,7.0,8318.0,60.0
2021-01-05 09:31:26.681,0.0189,0.0189,2.0,0.0188,7.0,8318.0,60.0
2021-01-05 09:31:27.171,0.0189,0.0189,2.0,0.0188,7.0,8318.0,60.0
2021-01-05 09:31:30.170,0.0189,0.0193,20.0,0.0189,3.0,8320.0,62.0
2021-01-05 09:31:30.671,0.0189,0.019,20.0,0.0189,3.0,8320.0,62.0
2021-01-05 09:31:31.150,0.0189,0.019,20.0,0.0189,3.0,8320.0,62.0
2021-01-05 09:31:31.661,0.0189,0.019,40.0,0.0189,3.0,8320.0,62.0
2021-01-05 09:31:32.191,0.0189,0.019,40.0,0.0188,7.0,8323.0,65.0
2021-01-05 09:31:33.190,0.0189,0.019,20.0,0.0188,7.0,8323.0,65.0
2021-01-05 09:31:33.680,0.0189,0.019,40.0,0.0188,7.0,8323.0,65.0
2021-01-05 09:31:34.181,0.0189,0.019,40.0,0.0188,7.0,8323.0,65.0
2021-01-05 09:31:34.681,0.0189,0.019,40.0,0.0188,7.0,8323.0,65.0
2021-01-05 09:31:35.670,0.0189,0.019,40.0,0.0188,7.0,8323.0,65.0
2021-01-05 09:31:37.191,0.0189,0.019,20.0,0.0188,7.0,8323.0,65.0
2021-01-05 09:31:38.190,0.0189,0.019,20.0,0.0188,7.0,8323.0,65.0
2021-01-05 09:31:39.210,0.0189,0.019,20.0,0.0188,7.0,8323.0,65.0
2021-01-05 09:31:39.710,0.019,0.019,5.0,0.0189,13.0,8338.0,80.0
2021-01-05 09:31:40.200,0.019,0.019,5.0,0.0189,13.0,8338.0,80.0
2021-01-05 09:31:41.191,0.019,0.019,5.0,0.0189,13.0,8338.0,80.0
2021-01-05 09:31:41.700,0.019,0.019,5.0,0.0189,13.0,8338.0,80.0
2021-01-05 09:31:43.191,0.019,0.019,5.0,0.0189,13.0,8338.0,80.0
2021-01-05 09:31:45.170,0.019,0.019,5.0,0.0189,13.0,8338.0,80.0
2021-01-05 09:31:45.621,0.019,0.019,20.0,0.0189,13.0,8338.0,80.0
2021-01-05 09:31:46.171,0.019,0.019,20.0,0.0189,13.0,8338.0,80.0
2021-01-05 09:31:46.701,0.019,0.019,20.0,0.0189,13.0,8338.0,80.0
2021-01-05 09:31:47.711,0.019,0.019,5.0,0.0189,13.0,8353.0,95.0
2021-01-05 09:31:49.221,0.019,0.019,5.0,0.0189,13.0,8353.0,95.0
2021-01-05 09:31:49.711,0.019,0.019,5.0,0.0189,13.0,8353.0,95.0
2021-01-05 09:31:50.191,0.019,0.0193,20.0,0.0189,13.0,8358.0,100.0
2021-01-05 09:31:50.710,0.019,0.019,20.0,0.0189,13.0,8358.0,100.0
2021-01-05 09:31:51.701,0.019,0.019,20.0,0.0189,13.0,8358.0,100.0
2021-01-05 09:31:52.621,0.019,0.019,20.0,0.0189,13.0,8358.0,100.0
2021-01-05 09:31:53.640,0.019,0.019,19.0,0.0189,33.0,8359.0,101.0
2021-01-05 09:31:54.151,0.019,0.019,6.0,0.0189,20.0,8359.0,114.0
2021-01-05 09:31:54.470,0.019,0.0191,20.0,0.019,13.0,8359.0,120.0
2021-01-05 09:31:55.150,0.019,0.0191,20.0,0.0189,20.0,8359.0,120.0
2021-01-05 09:31:55.670,0.019,0.0191,20.0,0.0188,37.0,8359.0,120.0
2021-01-05 09:32:00.150,0.019,0.0191,20.0,0.0189,3.0,8359.0,120.0
2021-01-05 09:32:00.650,0.019,0.0191,20.0,0.0189,24.0,8359.0,120.0
2021-01-05 09:32:01.170,0.019,0.0191,20.0,0.0189,24.0,8359.0,120.0
2021-01-05 09:32:01.670,0.019,0.0191,20.0,0.0189,24.0,8359.0,120.0
2021-01-05 09:32:02.171,0.019,0.0191,20.0,0.0189,24.0,8359.0,120.0
2021-01-05 09:32:03.180,0.019,0.0191,20.0,0.0189,4.0,8359.0,120.0
2021-01-05 09:32:04.661,0.019,0.0192,20.0,0.019,13.0,8359.0,120.0
2021-01-05 09:32:05.141,0.019,0.0192,20.0,0.019,13.0,8359.0,120.0
2021-01-05 09:32:05.660,0.019,0.0192,20.0,0.0191,3.0,8359.0,120.0
2021-01-05 09:32:06.161,0.019,0.0192,20.0,0.0191,3.0,8359.0,120.0
2021-01-05 09:32:06.680,0.019,0.0192,20.0,0.0191,3.0,8359.0,120.0
2021-01-05 09:32:07.070,0.019,0.0192,20.0,0.0191,3.0,8359.0,120.0
2021-01-05 09:32:07.671,0.019,0.0192,20.0,0.0191,4.0,8359.0,120.0
2021-01-05 09:32:08.171,0.019,0.0192,20.0,0.0191,4.0,8359.0,120.0
2021-01-05 09:32:09.141,0.019,0.0194,10.0,0.0191,17.0,8359.0,120.0
2021-01-05 09:32:09.681,0.019,0.0195,20.0,0.0191,17.0,8359.0,120.0
2021-01-05 09:32:10.140,0.019,0.0195,20.0,0.0192,15.0,8359.0,120.0
2021-01-05 09:32:10.551,0.019,0.0195,20.0,0.0192,2.0,8359.0,120.0
2021-01-05 09:32:11.170,0.019,0.0195,20.0,0.0192,5.0,8359.0,120.0
2021-01-05 09:32:11.650,0.019,0.0195,20.0,0.0192,5.0,8359.0,120.0
2021-01-05 09:32:12.161,0.019,0.0195,20.0,0.0192,5.0,8359.0,120.0
2021-01-05 09:32:12.670,0.019,0.0195,20.0,0.0192,5.0,8359.0,120.0
2021-01-05 09:32:13.171,0.019,0.0195,20.0,0.0192,5.0,8359.0,120.0
2021-01-05 09:32:13.671,0.019,0.0195,20.0,0.0192,5.0,8359.0,120.0
2021-01-05 09:32:14.180,0.019,0.0195,20.0,0.0192,5.0,8359.0,120.0
2021-01-05 09:32:14.660,0.019,0.0195,20.0,0.0192,5.0,8359.0,120.0
2021-01-05 09:32:15.171,0.019,0.0195,20.0,0.0192,5.0,8359.0,120.0
2021-01-05 09:32:16.151,0.019,0.0193,10.0,0.0192,5.0,8359.0,120.0
2021-01-05 09:32:17.161,0.019,0.0193,10.0,0.0192,5.0,8359.0,120.0
2021-01-05 09:32:17.651,0.019,0.0193,10.0,0.0192,5.0,8359.0,120.0
2021-01-05 09:32:18.180,0.0193,0.0195,20.0,0.0193,3.0,8359.0,130.0
2021-01-05 09:32:18.670,0.0193,0.0194,10.0,0.0193,13.0,8359.0,130.0
2021-01-05 09:32:19.150,0.0194,0.0194,10.0,0.0193,13.0,8362.0,133.0
2021-01-05 09:32:20.151,0.0194,0.0194,10.0,0.0193,13.0,8362.0,133.0
2021-01-05 09:32:21.171,0.0194,0.0194,10.0,0.0193,13.0,8362.0,133.0
2021-01-05 09:32:22.660,0.0194,0.0194,10.0,0.0193,13.0,8362.0,133.0
2021-01-05 09:32:23.670,0.0194,0.0195,40.0,0.0193,13.0,8362.0,133.0
2021-01-05 09:32:24.160,0.0194,0.0195,40.0,0.0193,13.0,8362.0,133.0
2021-01-05 09:32:24.640,0.0194,0.0195,40.0,0.0193,13.0,8362.0,133.0
2021-01-05 09:32:25.170,0.0194,0.0195,40.0,0.0193,13.0,8362.0,133.0
2021-01-05 09:32:25.670,0.0194,0.0194,19.0,0.0193,13.0,8363.0,134.0
2021-01-05 09:32:26.171,0.0194,0.0194,19.0,0.0193,13.0,8363.0,134.0
2021-01-05 09:32:26.650,0.0194,0.0194,19.0,0.0193,13.0,8363.0,134.0
2021-01-05 09:32:27.151,0.0194,0.0194,19.0,0.0193,13.0,8363.0,134.0
2021-01-05 09:32:28.171,0.0194,0.0194,19.0,0.0193,13.0,8363.0,134.0
2021-01-05 09:32:30.171,0.0194,0.0194,14.0,0.0193,13.0,8368.0,139.0
2021-01-05 09:32:30.671,0.0194,0.0194,14.0,0.0193,13.0,8368.0,139.0
2021-01-05 09:32:31.691,0.0194,0.0194,14.0,0.0193,13.0,8368.0,139.0
2021-01-05 09:32:32.121,0.0194,0.0194,14.0,0.0193,13.0,8368.0,139.0
2021-01-05 09:32:32.690,0.0194,0.0194,14.0,0.0193,13.0,8368.0,139.0
2021-01-05 09:32:33.141,0.0194,0.0194,12.0,0.0193,13.0,8370.0,141.0
2021-01-05 09:32:33.671,0.0194,0.0194,12.0,0.0193,13.0,8370.0,141.0
2021-01-05 09:32:34.171,0.0194,0.0194,12.0,0.0193,13.0,8370.0,141.0
2021-01-05 09:32:35.170,0.0194,0.0194,12.0,0.0193,13.0,8370.0,141.0
2021-01-05 09:32:35.671,0.0194,0.0194,12.0,0.0193,13.0,8370.0,141.0
2021-01-05 09:32:36.190,0.0194,0.0194,12.0,0.0193,13.0,8370.0,141.0
2021-01-05 09:32:37.661,0.0194,0.0194,12.0,0.0193,13.0,8370.0,141.0
2021-01-05 09:32:38.670,0.0194,0.0194,12.0,0.0193,13.0,8370.0,141.0
2021-01-05 09:32:39.200,0.0194,0.0194,12.0,0.0193,13.0,8370.0,141.0
2021-01-05 09:32:39.621,0.0194,0.0194,12.0,0.0193,13.0,8370.0,141.0
2021-01-05 09:32:40.641,0.0194,0.0194,12.0,0.0193,13.0,8370.0,141.0
2021-01-05 09:32:41.200,0.0194,0.0194,12.0,0.0193,13.0,8370.0,141.0
2021-01-05 09:32:41.690,0.0194,0.0194,12.0,0.0193,13.0,8370.0,141.0
2021-01-05 09:32:43.190,0.0194,0.0194,10.0,0.0193,13.0,8370.0,143.0
2021-01-05 09:32:43.580,0.0194,0.0197,20.0,0.0193,13.0,8370.0,143.0
2021-01-05 09:32:44.151,0.0194,0.0197,20.0,0.0193,13.0,8370.0,143.0
2021-01-05 09:32:44.700,0.0194,0.0197,20.0,0.0193,13.0,8370.0,143.0
2021-01-05 09:32:45.580,0.0193,0.0197,40.0,0.0194,13.0,8370.0,144.0
2021-01-05 09:32:46.160,0.0193,0.0197,40.0,0.0193,13.0,8370.0,144.0
2021-01-05 09:32:46.610,0.0193,0.0197,40.0,0.0193,13.0,8370.0,144.0
2021-01-05 09:32:47.201,0.0193,0.0197,40.0,0.0193,13.0,8370.0,144.0
2021-01-05 09:32:47.651,0.0193,0.0197,20.0,0.0193,13.0,8370.0,144.0
2021-01-05 09:32:48.181,0.0193,0.0197,20.0,0.0193,13.0,8370.0,144.0
2021-01-05 09:32:48.690,0.0193,0.0197,20.0,0.0192,33.0,8370.0,144.0
2021-01-05 09:32:49.190,0.0193,0.0197,20.0,0.0193,13.0,8370.0,144.0
2021-01-05 09:32:49.670,0.0193,0.0198,20.0,0.0193,13.0,8370.0,144.0
2021-01-05 09:32:50.171,0.0193,0.0198,10.0,0.0193,33.0,8370.0,144.0
2021-01-05 09:32:50.650,0.0193,0.0198,10.0,0.0194,13.0,8370.0,144.0
2021-01-05 09:32:51.170,0.0193,0.0198,10.0,0.0192,16.0,8370.0,144.0
2021-01-05 09:32:51.641,0.0193,0.0199,50.0,0.0193,13.0,8370.0,144.0
2021-01-05 09:32:52.191,0.0193,0.0199,50.0,0.0193,33.0,8370.0,144.0
2021-01-05 09:32:52.671,0.0193,0.0199,50.0,0.0194,13.0,8370.0,144.0
2021-01-05 09:32:53.161,0.0193,0.0199,50.0,0.0193,33.0,8370.0,144.0
2021-01-05 09:32:53.641,0.0193,0.0199,50.0,0.0194,13.0,8370.0,144.0
2021-01-05 09:32:54.181,0.0193,0.0199,50.0,0.0193,13.0,8370.0,144.0
2021-01-05 09:32:54.671,0.0193,0.0199,50.0,0.0192,13.0,8370.0,144.0
2021-01-05 09:32:56.150,0.0193,0.0199,50.0,0.0193,15.0,8370.0,144.0
2021-01-05 09:32:56.611,0.0193,0.0199,50.0,0.0194,13.0,8370.0,144.0
2021-01-05 09:32:57.181,0.0193,0.0199,50.0,0.0194,13.0,8370.0,144.0
2021-01-05 09:32:58.171,0.0193,0.0199,50.0,0.0194,13.0,8370.0,144.0
2021-01-05 09:32:58.651,0.0193,0.0199,50.0,0.0194,13.0,8370.0,144.0
2021-01-05 09:33:00.180,0.0193,0.0199,50.0,0.0195,3.0,8370.0,144.0
2021-01-05 09:33:00.651,0.0193,0.0199,50.0,0.0196,13.0,8370.0,144.0
2021-01-05 09:33:01.081,0.0193,0.0199,50.0,0.0196,13.0,8370.0,144.0
2021-01-05 09:33:01.661,0.0193,0.0199,50.0,0.0197,3.0,8370.0,144.0
2021-01-05 09:33:02.130,0.0193,0.0199,50.0,0.0197,16.0,8370.0,144.0
2021-01-05 09:33:02.570,0.0197,0.0199,83.0,0.0196,13.0,8373.0,153.0
2021-01-05 09:33:02.651,0.0197,0.0199,83.0,0.0194,13.0,8373.0,153.0
2021-01-05 09:33:04.140,0.0197,0.0198,13.0,0.0193,25.0,8373.0,153.0
2021-01-05 09:33:04.651,0.0197,0.0198,13.0,0.0193,38.0,8373.0,153.0
2021-01-05 09:33:05.181,0.0197,0.0198,20.0,0.0194,13.0,8373.0,153.0
2021-01-05 09:33:05.690,0.0197,0.0197,13.0,0.0194,13.0,8373.0,153.0
2021-01-05 09:33:06.170,0.0197,0.0197,20.0,0.0193,15.0,8373.0,153.0
2021-01-05 09:33:06.681,0.0197,0.0197,33.0,0.0194,13.0,8373.0,153.0
2021-01-05 09:33:07.171,0.0197,0.0199,83.0,0.0194,13.0,8373.0,153.0
2021-01-05 09:33:07.601,0.0197,0.0197,20.0,0.0194,13.0,8373.0,153.0
2021-01-05 09:33:08.191,0.0197,0.0199,70.0,0.0194,13.0,8373.0,153.0
2021-01-05 09:33:08.681,0.0197,0.0196,20.0,0.0194,13.0,8373.0,153.0
2021-01-05 09:33:09.181,0.0197,0.0196,20.0,0.0194,13.0,8373.0,153.0
2021-01-05 09:33:09.630,0.0197,0.0196,20.0,0.0194,13.0,8373.0,153.0
2021-01-05 09:33:10.180,0.0197,0.0196,20.0,0.0195,5.0,8373.0,153.0
2021-01-05 09:33:10.681,0.0197,0.0196,20.0,0.0195,18.0,8373.0,153.0
2021-01-05 09:33:12.650,0.0196,0.0196,7.0,0.0195,5.0,8373.0,166.0
2021-01-05 09:33:13.100,0.0196,0.0198,20.0,0.0195,5.0,8373.0,166.0
2021-01-05 09:33:13.691,0.0196,0.0199,103.0,0.0196,13.0,8373.0,166.0
2021-01-05 09:33:14.160,0.0196,0.0198,13.0,0.0195,13.0,8373.0,166.0
2021-01-05 09:33:14.600,0.0196,0.0198,13.0,0.0196,5.0,8373.0,166.0
2021-01-05 09:33:15.140,0.0196,0.0198,13.0,0.0196,5.0,8373.0,166.0
2021-01-05 09:33:15.651,0.0196,0.0198,13.0,0.0193,15.0,8378.0,171.0
2021-01-05 09:33:16.181,0.0196,0.0198,20.0,0.0194,13.0,8378.0,171.0
2021-01-05 09:33:16.671,0.0196,0.0197,13.0,0.0194,13.0,8378.0,171.0
2021-01-05 09:33:17.190,0.0196,0.0195,20.0,0.0193,28.0,8378.0,171.0
2021-01-05 09:33:17.691,0.0196,0.0195,20.0,0.0194,13.0,8378.0,171.0
2021-01-05 09:33:18.160,0.0196,0.0195,20.0,0.0194,13.0,8378.0,171.0
2021-01-05 09:33:18.680,0.0196,0.0195,20.0,0.0194,13.0,8378.0,171.0
2021-01-05 09:33:19.191,0.0196,0.0195,20.0,0.0194,13.0,8378.0,171.0
2021-01-05 09:33:19.660,0.0196,0.0195,20.0,0.0194,13.0,8378.0,171.0
2021-01-05 09:33:20.680,0.0196,0.0195,20.0,0.0194,13.0,8378.0,171.0
2021-01-05 09:33:21.160,0.0196,0.0195,20.0,0.0194,13.0,8378.0,171.0
2021-01-05 09:33:21.681,0.0196,0.0195,20.0,0.0194,13.0,8378.0,171.0
2021-01-05 09:33:22.150,0.0196,0.0195,20.0,0.0194,13.0,8378.0,171.0
2021-01-05 09:33:22.670,0.0196,0.0195,20.0,0.0194,13.0,8378.0,171.0
2021-01-05 09:33:24.171,0.0196,0.0195,20.0,0.0194,13.0,8378.0,171.0
2021-01-05 09:33:24.661,0.0196,0.0195,20.0,0.0194,13.0,8378.0,171.0
2021-01-05 09:33:25.671,0.0196,0.0195,20.0,0.0194,13.0,8378.0,171.0
2021-01-05 09:33:26.161,0.0196,0.0195,20.0,0.0194,13.0,8378.0,171.0
2021-01-05 09:33:27.171,0.0196,0.0195,20.0,0.0194,13.0,8378.0,171.0
2021-01-05 09:33:27.681,0.0196,0.0195,20.0,0.0194,13.0,8378.0,171.0
2021-01-05 09:33:28.180,0.0196,0.0195,20.0,0.0194,13.0,8378.0,171.0
2021-01-05 09:33:29.171,0.0196,0.0195,20.0,0.0194,13.0,8378.0,171.0
2021-01-05 09:33:30.180,0.0195,0.0197,10.0,0.0194,13.0,8383.0,176.0
2021-01-05 09:33:30.670,0.0195,0.0197,10.0,0.0194,13.0,8383.0,176.0
2021-01-05 09:33:31.680,0.0195,0.0197,10.0,0.0194,13.0,8383.0,176.0
2021-01-05 09:33:32.170,0.0195,0.0195,20.0,0.0194,13.0,8383.0,176.0
2021-01-05 09:33:32.620,0.0195,0.0195,20.0,0.0194,13.0,8383.0,176.0
2021-01-05 09:33:33.680,0.0195,0.0195,20.0,0.0194,13.0,8383.0,176.0
2021-01-05 09:33:35.150,0.0195,0.0197,10.0,0.0194,13.0,8383.0,176.0
2021-01-05 09:33:36.101,0.0195,0.0197,10.0,0.0195,15.0,8383.0,176.0
2021-01-05 09:33:36.681,0.0195,0.0197,10.0,0.0195,28.0,8383.0,176.0
2021-01-05 09:33:37.190,0.0195,0.0197,23.0,0.0195,15.0,8383.0,176.0
2021-01-05 09:33:37.640,0.0195,0.0197,23.0,0.0195,15.0,8383.0,176.0
2021-01-05 09:33:38.621,0.0195,0.0197,10.0,0.0195,28.0,8383.0,176.0
2021-01-05 09:33:39.641,0.0195,0.0197,10.0,0.0195,28.0,8383.0,176.0
2021-01-05 09:33:41.171,0.0195,0.0197,23.0,0.0195,15.0,8383.0,176.0
2021-01-05 09:33:41.691,0.0195,0.0197,10.0,0.0195,15.0,8383.0,176.0
2021-01-05 09:33:42.160,0.0195,0.0197,10.0,0.0195,28.0,8383.0,176.0
2021-01-05 09:33:42.640,0.0195,0.0197,10.0,0.0196,13.0,8383.0,176.0
2021-01-05 09:33:43.180,0.0197,0.0198,10.0,0.0196,13.0,8383.0,182.0
2021-01-05 09:33:43.681,0.0197,0.0198,10.0,0.0196,13.0,8383.0,182.0
2021-01-05 09:33:44.110,0.0197,0.0198,10.0,0.0196,13.0,8383.0,182.0
2021-01-05 09:33:45.180,0.0197,0.0198,10.0,0.0196,13.0,8383.0,182.0
2021-01-05 09:33:45.660,0.0197,0.0198,10.0,0.0196,13.0,8383.0,182.0
2021-01-05 09:33:46.161,0.0197,0.0198,10.0,0.0196,13.0,8383.0,182.0
2021-01-05 09:33:46.680,0.0197,0.0198,10.0,0.0196,13.0,8383.0,182.0
2021-01-05 09:33:47.191,0.0198,0.0199,60.0,0.0196,13.0,8383.0,188.0
2021-01-05 09:33:47.681,0.0198,0.0199,60.0,0.0196,33.0,8383.0,188.0
2021-01-05 09:33:48.171,0.0198,0.0199,60.0,0.0197,13.0,8383.0,188.0
2021-01-05 09:33:48.680,0.0198,0.0199,60.0,0.0197,13.0,8383.0,188.0
2021-01-05 09:33:49.051,0.0198,0.0199,60.0,0.0197,13.0,8383.0,188.0
2021-01-05 09:33:49.681,0.0198,0.0199,60.0,0.0197,13.0,8383.0,188.0
2021-01-05 09:33:50.180,0.0198,0.0199,60.0,0.0197,13.0,8383.0,188.0
2021-01-05 09:33:50.670,0.0198,0.0199,60.0,0.0197,33.0,8383.0,188.0
2021-01-05 09:33:50.901,0.0198,0.0199,60.0,0.0197,33.0,8383.0,188.0
2021-01-05 09:33:52.661,0.0198,0.0199,60.0,0.0198,13.0,8383.0,188.0
2021-01-05 09:33:53.171,0.0198,0.0199,60.0,0.0197,33.0,8383.0,188.0
2021-01-05 09:33:54.180,0.0198,0.0199,60.0,0.0198,13.0,8383.0,188.0
2021-01-05 09:33:54.610,0.0198,0.0199,60.0,0.0198,13.0,8383.0,188.0
2021-01-05 09:33:55.650,0.0198,0.0199,60.0,0.0198,13.0,8383.0,188.0
2021-01-05 09:33:56.681,0.0198,0.0199,50.0,0.0198,13.0,8383.0,188.0
2021-01-05 09:33:57.171,0.0199,0.0199,39.0,0.0198,13.0,8388.0,199.0
2021-01-05 09:33:57.671,0.0199,0.0199,33.0,0.0198,33.0,8388.0,205.0
2021-01-05 09:33:58.170,0.0199,0.0199,8.0,0.0198,20.0,8401.0,230.0
2021-01-05 09:33:58.670,0.0199,0.02,13.0,0.0197,13.0,8402.0,238.0
2021-01-05 09:33:59.140,0.0199,0.0201,10.0,0.0197,20.0,8402.0,238.0
2021-01-05 09:33:59.690,0.0199,0.0201,10.0,0.0198,13.0,8402.0,238.0
2021-01-05 09:34:00.191,0.0199,0.0201,10.0,0.0199,3.0,8402.0,238.0
2021-01-05 09:34:00.671,0.0199,0.0201,10.0,0.0199,16.0,8402.0,238.0
2021-01-05 09:34:01.081,0.0199,0.0201,10.0,0.0199,36.0,8402.0,238.0
2021-01-05 09:34:01.661,0.0199,0.0201,23.0,0.0199,23.0,8402.0,238.0
2021-01-05 09:34:02.671,0.0199,0.02,13.0,0.0199,23.0,8402.0,238.0
2021-01-05 09:34:03.171,0.0199,0.0201,23.0,0.0199,23.0,8402.0,238.0
2021-01-05 09:34:03.670,0.0201,0.0201,13.0,0.0199,23.0,8405.0,241.0
2021-01-05 09:34:04.020,0.0201,0.0202,13.0,0.0199,23.0,8405.0,241.0
2021-01-05 09:34:04.671,0.0201,0.0202,13.0,0.0199,23.0,8405.0,241.0
2021-01-05 09:34:05.121,0.0199,0.0202,13.0,0.0199,13.0,8408.0,251.0
2021-01-05 09:34:05.630,0.0199,0.0202,13.0,0.0199,13.0,8408.0,251.0
2021-01-05 09:34:06.671,0.0199,0.0202,13.0,0.0199,33.0,8408.0,251.0
2021-01-05 09:34:07.651,0.0199,0.0202,13.0,0.0199,33.0,8408.0,251.0
2021-01-05 09:34:08.171,0.0199,0.0203,33.0,0.02,13.0,8408.0,251.0
2021-01-05 09:34:08.690,0.0199,0.0203,23.0,0.02,33.0,8408.0,251.0
2021-01-05 09:34:09.170,0.0199,0.0203,10.0,0.02,20.0,8408.0,251.0
2021-01-05 09:34:09.670,0.0199,0.0203,23.0,0.0198,53.0,8408.0,251.0
2021-01-05 09:34:10.140,0.0199,0.0202,13.0,0.0198,40.0,8408.0,251.0
2021-01-05 09:34:10.690,0.0199,0.0202,13.0,0.0198,40.0,8408.0,251.0
2021-01-05 09:34:11.151,0.0199,0.0202,13.0,0.0198,40.0,8408.0,251.0
2021-01-05 09:34:11.681,0.0199,0.0202,13.0,0.0198,20.0,8408.0,251.0
2021-01-05 09:34:12.121,0.0199,0.0202,13.0,0.0198,20.0,8408.0,251.0
2021-01-05 09:34:12.640,0.0199,0.0202,13.0,0.0199,13.0,8408.0,251.0
2021-01-05 09:34:13.191,0.0199,0.0203,10.0,0.0199,20.0,8408.0,251.0
2021-01-05 09:34:13.681,0.0199,0.0203,23.0,0.0199,20.0,8408.0,251.0
2021-01-05 09:34:14.181,0.0199,0.0203,23.0,0.0196,43.0,8408.0,251.0
2021-01-05 09:34:14.691,0.0199,0.0202,13.0,0.0196,13.0,8408.0,251.0
2021-01-05 09:34:15.181,0.0199,0.0202,13.0,0.0196,30.0,8408.0,251.0
2021-01-05 09:34:15.681,0.0199,0.0202,13.0,0.0196,33.0,8408.0,251.0
2021-01-05 09:34:16.190,0.0199,0.0202,13.0,0.0196,33.0,8408.0,251.0
2021-01-05 09:34:16.620,0.0199,0.0203,10.0,0.0197,13.0,8408.0,251.0
2021-01-05 09:34:17.070,0.0199,0.0203,10.0,0.0197,33.0,8408.0,251.0
2021-01-05 09:34:17.690,0.0199,0.0203,10.0,0.0198,33.0,8408.0,251.0
2021-01-05 09:34:18.201,0.0199,0.0203,10.0,0.0199,13.0,8408.0,251.0
2021-01-05 09:34:18.620,0.0199,0.0203,10.0,0.0202,2.0,8408.0,251.0
2021-01-05 09:34:19.041,0.0199,0.0203,10.0,0.0202,2.0,8408.0,251.0
2021-01-05 09:34:19.700,0.0202,0.0203,10.0,0.0201,13.0,8410.0,253.0
2021-01-05 09:34:20.180,0.0202,0.0202,10.0,0.0199,33.0,8413.0,256.0
2021-01-05 09:34:20.651,0.0202,0.0204,2.0,0.0199,20.0,8413.0,256.0
2021-01-05 09:34:21.200,0.0202,0.0203,13.0,0.0199,13.0,8413.0,256.0
2021-01-05 09:34:21.690,0.0202,0.0204,15.0,0.0202,20.0,8413.0,256.0
2021-01-05 09:34:22.151,0.0202,0.0203,13.0,0.0202,20.0,8413.0,256.0
2021-01-05 09:34:22.651,0.0202,0.0203,13.0,0.0202,20.0,8413.0,256.0
2021-01-05 09:34:23.181,0.0202,0.0203,13.0,0.0202,20.0,8413.0,256.0
2021-01-05 09:34:23.661,0.0202,0.0203,13.0,0.0202,20.0,8413.0,256.0
2021-01-05 09:34:26.641,0.0202,0.0203,13.0,0.0202,20.0,8413.0,256.0
2021-01-05 09:34:27.150,0.0202,0.0203,13.0,0.0202,17.0,8410.0,259.0
2021-01-05 09:34:29.171,0.0202,0.0204,15.0,0.0202,17.0,8410.0,259.0
2021-01-05 09:34:29.601,0.0202,0.0203,13.0,0.0202,17.0,8410.0,259.0
2021-01-05 09:34:30.170,0.0202,0.0204,15.0,0.0202,17.0,8410.0,259.0
2021-01-05 09:34:30.681,0.0202,0.0203,13.0,0.0202,17.0,8410.0,259.0
2021-01-05 09:34:31.190,0.0204,0.0204,13.0,0.0202,17.0,8425.0,274.0
2021-01-05 09:34:31.691,0.0204,0.0205,23.0,0.0202,30.0,8425.0,274.0
2021-01-05 09:34:32.121,0.0204,0.0205,33.0,0.0202,30.0,8425.0,274.0
2021-01-05 09:34:32.640,0.0204,0.0205,33.0,0.0202,30.0,8425.0,274.0
2021-01-05 09:34:33.691,0.0204,0.0205,10.0,0.0203,13.0,8425.0,274.0
2021-01-05 09:34:34.171,0.0204,0.0205,23.0,0.0202,50.0,8425.0,274.0
2021-01-05 09:34:34.640,0.0204,0.0205,10.0,0.0203,13.0,8425.0,274.0
2021-01-05 09:34:36.680,0.0204,0.0205,10.0,0.0203,13.0,8425.0,274.0
2021-01-05 09:34:37.700,0.0204,0.0206,13.0,0.0203,33.0,8425.0,274.0
2021-01-05 09:34:38.171,0.0204,0.0207,13.0,0.0205,20.0,8425.0,274.0
2021-01-05 09:34:38.690,0.0204,0.0207,23.0,0.0205,20.0,8425.0,274.0
2021-01-05 09:34:39.091,0.0204,0.0207,23.0,0.0206,20.0,8425.0,274.0
2021-01-05 09:34:39.470,0.0204,0.0207,23.0,0.0206,20.0,8425.0,274.0
2021-01-05 09:34:40.171,0.0204,0.0207,13.0,0.0206,20.0,8425.0,274.0
2021-01-05 09:34:40.601,0.0204,0.0207,13.0,0.0206,20.0,8425.0,274.0
2021-01-05 09:34:41.201,0.0204,0.0207,13.0,0.0206,20.0,8425.0,274.0
2021-01-05 09:34:43.191,0.0204,0.0207,13.0,0.0206,20.0,8425.0,274.0
2021-01-05 09:34:43.671,0.0204,0.0207,13.0,0.0206,20.0,8425.0,274.0
2021-01-05 09:34:45.200,0.0204,0.0208,23.0,0.0206,20.0,8425.0,274.0
2021-01-05 09:34:45.421,0.0204,0.0207,13.0,0.0206,20.0,8425.0,274.0
2021-01-05 09:34:46.140,0.0204,0.0208,23.0,0.0206,20.0,8425.0,274.0
2021-01-05 09:34:46.660,0.0204,0.0208,23.0,0.0206,20.0,8425.0,274.0
2021-01-05 09:34:47.181,0.0204,0.0207,13.0,0.0206,20.0,8425.0,274.0
2021-01-05 09:34:48.141,0.0206,0.0207,13.0,0.0206,19.0,8424.0,275.0
2021-01-05 09:34:48.700,0.0206,0.0207,13.0,0.0206,39.0,8424.0,275.0
2021-01-05 09:34:49.210,0.0206,0.0208,23.0,0.0206,39.0,8424.0,275.0
2021-01-05 09:34:49.661,0.0206,0.0207,13.0,0.0206,39.0,8424.0,275.0
2021-01-05 09:34:50.161,0.0206,0.0208,13.0,0.0207,5.0,8424.0,275.0
2021-01-05 09:34:50.700,0.0206,0.0208,13.0,0.0207,5.0,8424.0,275.0
2021-01-05 09:34:51.200,0.0206,0.0208,13.0,0.0207,5.0,8424.0,275.0
2021-01-05 09:34:52.220,0.0206,0.0209,63.0,0.0207,5.0,8424.0,275.0
2021-01-05 09:34:52.650,0.0206,0.0208,13.0,0.0207,5.0,8424.0,275.0
2021-01-05 09:34:53.180,0.0206,0.0209,63.0,0.0207,5.0,8424.0,275.0
2021-01-05 09:34:53.651,0.0206,0.0209,63.0,0.0207,5.0,8424.0,275.0
2021-01-05 09:34:54.170,0.0206,0.0209,63.0,0.0207,5.0,8424.0,275.0
2021-01-05 09:34:54.631,0.0206,0.0209,63.0,0.0207,25.0,8424.0,275.0
2021-01-05 09:34:55.161,0.0206,0.0209,50.0,0.0207,38.0,8424.0,275.0
2021-01-05 09:34:55.591,0.0209,0.0209,44.0,0.0207,18.0,8424.0,281.0
2021-01-05 09:34:56.141,0.0209,0.0209,38.0,0.0208,13.0,8424.0,287.0
2021-01-05 09:34:56.681,0.0209,0.0209,26.0,0.0208,13.0,8436.0,299.0
2021-01-05 09:34:57.171,0.0209,0.0209,9.0,0.0208,33.0,8453.0,316.0
2021-01-05 09:34:57.670,0.0209,0.0209,2.0,0.0208,33.0,8460.0,323.0
2021-01-05 09:34:58.160,0.0209,0.021,1.0,0.0208,33.0,8462.0,325.0
2021-01-05 09:34:58.640,0.0209,0.021,1.0,0.0208,33.0,8462.0,325.0
2021-01-05 09:34:59.151,0.0209,0.021,1.0,0.0209,13.0,8462.0,325.0
2021-01-05 09:35:00.160,0.0209,0.021,1.0,0.0209,13.0,8462.0,325.0
2021-01-05 09:35:01.170,0.0209,0.021,1.0,0.0208,33.0,8462.0,325.0
2021-01-05 09:35:01.620,0.0209,0.021,1.0,0.0208,33.0,8462.0,325.0
2021-01-05 09:35:02.181,0.0209,0.021,14.0,0.0208,20.0,8462.0,325.0
2021-01-05 09:35:02.680,0.0209,0.021,14.0,0.0207,33.0,8462.0,325.0
2021-01-05 09:35:03.180,0.0209,0.021,14.0,0.0207,33.0,8462.0,325.0
2021-01-05 09:35:03.660,0.0209,0.0209,13.0,0.0206,52.0,8462.0,325.0
2021-01-05 09:35:04.181,0.0209,0.021,14.0,0.0207,13.0,8462.0,325.0
2021-01-05 09:35:04.621,0.0209,0.0209,13.0,0.0206,52.0,8462.0,325.0
2021-01-05 09:35:05.180,0.0209,0.021,1.0,0.0206,39.0,8468.0,331.0
2021-01-05 09:35:05.671,0.0209,0.021,1.0,0.0207,13.0,8468.0,331.0
2021-01-05 09:35:06.180,0.0209,0.021,1.0,0.0207,13.0,8468.0,331.0
2021-01-05 09:35:06.680,0.0209,0.021,1.0,0.0207,33.0,8468.0,331.0
2021-01-05 09:35:07.131,0.021,0.0212,10.0,0.0208,13.0,8469.0,332.0
2021-01-05 09:35:07.650,0.021,0.0213,10.0,0.0209,10.0,8469.0,332.0
2021-01-05 09:35:08.171,0.021,0.0213,23.0,0.021,33.0,8469.0,332.0
2021-01-05 09:35:09.191,0.021,0.0214,13.0,0.0211,13.0,8469.0,332.0
2021-01-05 09:35:09.700,0.021,0.0214,23.0,0.0211,13.0,8469.0,332.0
2021-01-05 09:35:10.180,0.021,0.0214,13.0,0.0212,5.0,8469.0,332.0
2021-01-05 09:35:10.691,0.021,0.0214,13.0,0.0212,25.0,8469.0,332.0
2021-01-05 09:35:11.160,0.021,0.0214,13.0,0.0212,25.0,8469.0,332.0
2021-01-05 09:35:11.680,0.021,0.0214,13.0,0.0212,25.0,8469.0,332.0
2021-01-05 09:35:13.640,0.021,0.0214,13.0,0.0212,5.0,8469.0,332.0
2021-01-05 09:35:14.191,0.0212,0.0214,13.0,0.021,40.0,8474.0,337.0
2021-01-05 09:35:14.700,0.0212,0.0214,13.0,0.021,20.0,8474.0,337.0
2021-01-05 09:35:15.200,0.0212,0.0213,10.0,0.021,20.0,8474.0,337.0
2021-01-05 09:35:15.701,0.0212,0.0212,13.0,0.021,20.0,8474.0,337.0
2021-01-05 09:35:16.201,0.0212,0.0214,13.0,0.021,20.0,8474.0,337.0
2021-01-05 09:35:16.660,0.0212,0.0213,10.0,0.021,20.0,8474.0,337.0
2021-01-05 09:35:17.190,0.0212,0.0213,10.0,0.0211,13.0,8474.0,337.0
2021-01-05 09:35:18.681,0.0211,0.0213,23.0,0.021,33.0,8480.0,343.0
2021-01-05 09:35:19.180,0.0211,0.0212,13.0,0.021,20.0,8480.0,343.0
2021-01-05 09:35:19.641,0.0211,0.0212,13.0,0.021,20.0,8480.0,343.0
2021-01-05 09:35:20.120,0.0211,0.0214,13.0,0.021,20.0,8480.0,343.0
2021-01-05 09:35:21.180,0.0211,0.0214,13.0,0.021,20.0,8480.0,343.0
2021-01-05 09:35:21.601,0.0211,0.0214,13.0,0.0211,13.0,8480.0,343.0
2021-01-05 09:35:22.171,0.0211,0.0214,10.0,0.0211,13.0,8480.0,343.0
2021-01-05 09:35:22.650,0.0211,0.0214,23.0,0.0211,13.0,8480.0,343.0
2021-01-05 09:35:23.151,0.0211,0.0214,13.0,0.0211,13.0,8480.0,343.0
2021-01-05 09:35:25.660,0.0211,0.0215,10.0,0.0211,13.0,8480.0,343.0
2021-01-05 09:35:26.160,0.0211,0.0215,20.0,0.0211,13.0,8480.0,343.0
2021-01-05 09:35:26.651,0.0211,0.0215,20.0,0.0211,13.0,8480.0,343.0
2021-01-05 09:35:27.120,0.0211,0.0215,20.0,0.0211,13.0,8480.0,343.0
2021-01-05 09:35:27.641,0.0211,0.0215,33.0,0.0211,13.0,8480.0,343.0
2021-01-05 09:35:28.171,0.0211,0.0214,13.0,0.0211,13.0,8480.0,343.0
2021-01-05 09:35:28.680,0.0211,0.0214,13.0,0.0211,13.0,8480.0,343.0
2021-01-05 09:35:29.160,0.0211,0.0214,13.0,0.0211,13.0,8480.0,343.0
2021-01-05 09:35:30.121,0.0211,0.0214,13.0,0.0211,13.0,8480.0,343.0
2021-01-05 09:35:30.690,0.0211,0.0215,13.0,0.0211,13.0,8480.0,343.0
2021-01-05 09:35:31.170,0.0211,0.0215,23.0,0.0211,13.0,8480.0,343.0
2021-01-05 09:35:31.600,0.0211,0.0214,13.0,0.0211,13.0,8480.0,343.0
2021-01-05 09:35:32.150,0.0211,0.0216,20.0,0.0211,33.0,8480.0,343.0
2021-01-05 09:35:32.630,0.0211,0.0215,23.0,0.0212,13.0,8480.0,343.0
2021-01-05 09:35:33.191,0.0211,0.0215,13.0,0.0212,33.0,8480.0,343.0
2021-01-05 09:35:33.640,0.0211,0.0216,23.0,0.0213,13.0,8480.0,343.0
2021-01-05 09:35:34.180,0.0211,0.0216,23.0,0.0214,20.0,8480.0,343.0
2021-01-05 09:35:34.691,0.0211,0.0216,23.0,0.0214,20.0,8480.0,343.0
2021-01-05 09:35:35.200,0.0211,0.0215,1.0,0.0214,40.0,8480.0,343.0
2021-01-05 09:35:35.590,0.0211,0.0215,1.0,0.0214,40.0,8480.0,343.0
2021-01-05 09:35:38.591,0.0211,0.0215,1.0,0.0214,50.0,8480.0,343.0
2021-01-05 09:35:39.140,0.0215,0.0215,13.0,0.0214,50.0,8480.0,348.0
2021-01-05 09:35:39.690,0.0215,0.0216,13.0,0.0214,50.0,8480.0,348.0
2021-01-05 09:35:40.191,0.0215,0.0216,13.0,0.0214,50.0,8480.0,348.0
2021-01-05 09:35:40.691,0.0215,0.0216,23.0,0.0214,30.0,8480.0,348.0
2021-01-05 09:35:41.190,0.0215,0.0215,13.0,0.0214,20.0,8480.0,348.0
2021-01-05 09:35:41.680,0.0215,0.0215,13.0,0.0214,20.0,8480.0,348.0
2021-01-05 09:35:42.160,0.0215,0.0216,13.0,0.0214,20.0,8480.0,348.0
2021-01-05 09:35:42.621,0.0215,0.0216,13.0,0.0214,30.0,8480.0,348.0
2021-01-05 09:35:43.190,0.0215,0.0216,13.0,0.0214,50.0,8480.0,348.0
2021-01-05 09:35:43.661,0.0216,0.0217,20.0,0.0214,40.0,8490.0,358.0
2021-01-05 09:35:44.101,0.0216,0.0217,10.0,0.0214,30.0,8490.0,358.0
2021-01-05 09:35:44.600,0.0216,0.0216,13.0,0.0214,50.0,8490.0,358.0
2021-01-05 09:35:45.071,0.0216,0.0217,13.0,0.0214,63.0,8490.0,358.0
2021-01-05 09:35:45.670,0.0216,0.0218,13.0,0.0214,63.0,8490.0,358.0
2021-01-05 09:35:46.170,0.0216,0.0218,23.0,0.0214,50.0,8490.0,358.0
2021-01-05 09:35:46.700,0.0216,0.0217,13.0,0.0214,63.0,8490.0,358.0
2021-01-05 09:35:47.201,0.0216,0.0217,13.0,0.0214,63.0,8490.0,358.0
2021-01-05 09:35:48.181,0.0216,0.0218,13.0,0.0215,13.0,8490.0,358.0
2021-01-05 09:35:48.700,0.0216,0.0218,13.0,0.0215,33.0,8490.0,358.0
2021-01-05 09:35:49.190,0.0216,0.0218,13.0,0.0215,33.0,8490.0,358.0
2021-01-05 09:35:50.150,0.0216,0.0218,13.0,0.0216,15.0,8490.0,358.0
2021-01-05 09:35:50.680,0.0216,0.0218,13.0,0.0217,10.0,8490.0,358.0
2021-01-05 09:35:51.180,0.0216,0.0218,13.0,0.0217,10.0,8490.0,358.0
2021-01-05 09:35:51.710,0.0218,0.0219,10.0,0.0217,20.0,8495.0,363.0
2021-01-05 09:35:52.190,0.0218,0.0219,10.0,0.0217,20.0,8495.0,363.0
2021-01-05 09:35:52.661,0.0218,0.0218,13.0,0.0217,20.0,8495.0,363.0
2021-01-05 09:35:53.111,0.0218,0.0218,13.0,0.0217,20.0,8495.0,363.0
2021-01-05 09:35:53.691,0.0217,0.022,13.0,0.0217,29.0,8494.0,364.0
2021-01-05 09:35:54.640,0.0217,0.022,23.0,0.0217,28.0,8494.0,365.0
2021-01-05 09:35:55.181,0.0217,0.0219,13.0,0.0217,12.0,8494.0,371.0
2021-01-05 09:35:55.691,0.0217,0.0219,10.0,0.0216,10.0,8494.0,383.0
2021-01-05 09:35:56.121,0.0217,0.0218,13.0,0.0217,20.0,8494.0,383.0
2021-01-05 09:35:56.690,0.0217,0.0218,13.0,0.0217,14.0,8494.0,389.0
2021-01-05 09:35:57.101,0.0217,0.0219,13.0,0.0217,14.0,8494.0,389.0
2021-01-05 09:35:57.681,0.0217,0.0219,23.0,0.0217,14.0,8494.0,389.0
2021-01-05 09:35:58.150,0.0217,0.0218,13.0,0.0217,14.0,8494.0,389.0
2021-01-05 09:35:58.701,0.0217,0.0218,13.0,0.0217,14.0,8494.0,389.0
2021-01-05 09:35:59.160,0.0217,0.0219,13.0,0.0217,14.0,8494.0,389.0
2021-01-05 09:36:00.201,0.0217,0.0219,13.0,0.0217,24.0,8494.0,389.0
2021-01-05 09:36:00.680,0.0217,0.022,13.0,0.0217,24.0,8494.0,389.0
2021-01-05 09:36:01.181,0.0217,0.022,23.0,0.0217,24.0,8494.0,389.0
2021-01-05 09:36:01.671,0.0217,0.0219,13.0,0.0217,44.0,8494.0,389.0
2021-01-05 09:36:02.170,0.0217,0.0219,13.0,0.0217,14.0,8494.0,389.0
2021-01-05 09:36:02.701,0.0217,0.0219,23.0,0.0217,14.0,8494.0,389.0
2021-01-05 09:36:03.150,0.0217,0.0218,13.0,0.0216,10.0,8494.0,389.0
2021-01-05 09:36:03.700,0.0217,0.0217,2.0,0.0216,10.0,8494.0,389.0
2021-01-05 09:36:04.201,0.0217,0.0216,13.0,0.0215,20.0,8494.0,389.0
2021-01-05 09:36:04.670,0.0217,0.0219,10.0,0.0215,30.0,8507.0,404.0
2021-01-05 09:36:05.150,0.0217,0.0217,1.0,0.0215,30.0,8507.0,404.0
2021-01-05 09:36:05.590,0.0217,0.0217,14.0,0.0216,10.0,8507.0,404.0
2021-01-05 09:36:06.180,0.0217,0.0217,14.0,0.0215,30.0,8507.0,404.0
2021-01-05 09:36:06.700,0.0217,0.0217,14.0,0.0215,30.0,8507.0,404.0
2021-01-05 09:36:07.181,0.0217,0.0216,13.0,0.0215,30.0,8507.0,404.0
2021-01-05 09:36:07.640,0.0216,0.0216,13.0,0.0215,30.0,8507.0,405.0
2021-01-05 09:36:09.161,0.0216,0.0216,13.0,0.0215,20.0,8507.0,405.0
2021-01-05 09:36:09.691,0.0216,0.0216,13.0,0.0215,20.0,8507.0,405.0
2021-01-05 09:36:10.101,0.0216,0.0215,2.0,0.0214,50.0,8507.0,405.0
2021-01-05 09:36:10.510,0.0216,0.0215,2.0,0.0214,40.0,8507.0,405.0
2021-01-05 09:36:11.111,0.0216,0.0215,2.0,0.0214,30.0,8507.0,405.0
2021-01-05 09:36:12.181,0.0216,0.0217,13.0,0.0214,63.0,8507.0,405.0
2021-01-05 09:36:12.690,0.0216,0.0217,13.0,0.0215,10.0,8507.0,405.0
2021-01-05 09:36:13.190,0.0216,0.0218,13.0,0.0215,10.0,8507.0,405.0
2021-01-05 09:36:13.680,0.0216,0.0217,2.0,0.0215,10.0,8507.0,405.0
2021-01-05 09:36:14.150,0.0216,0.0216,13.0,0.0214,50.0,8507.0,405.0
2021-01-05 09:36:15.660,0.0216,0.0215,1.0,0.0214,50.0,8507.0,405.0
2021-01-05 09:36:16.150,0.0216,0.0215,14.0,0.0214,30.0,8507.0,405.0
2021-01-05 09:36:16.650,0.0216,0.0215,1.0,0.0214,50.0,8507.0,405.0
2021-01-05 09:36:17.670,0.0216,0.0215,14.0,0.0214,50.0,8507.0,405.0
2021-01-05 09:36:18.181,0.0216,0.0215,14.0,0.0214,30.0,8507.0,405.0
2021-01-05 09:36:18.680,0.0216,0.0215,14.0,0.0214,20.0,8507.0,405.0
2021-01-05 09:36:19.151,0.0216,0.0216,13.0,0.0214,50.0,8507.0,405.0
2021-01-05 09:36:19.691,0.0216,0.0217,23.0,0.0214,20.0,8507.0,405.0
2021-01-05 09:36:20.161,0.0216,0.0216,13.0,0.0214,20.0,8507.0,405.0
2021-01-05 09:36:20.680,0.0216,0.0216,13.0,0.0215,3.0,8507.0,405.0
2021-01-05 09:36:21.120,0.0215,0.0216,23.0,0.0215,1.0,8509.0,407.0
2021-01-05 09:36:21.691,0.0215,0.0215,13.0,0.0214,20.0,8510.0,408.0
2021-01-05 09:36:22.171,0.0215,0.0215,11.0,0.0214,20.0,8525.0,423.0
2021-01-05 09:36:22.680,0.0215,0.0217,10.0,0.0214,20.0,8525.0,423.0
2021-01-05 09:36:23.191,0.0215,0.0216,10.0,0.0214,20.0,8525.0,423.0
2021-01-05 09:36:23.681,0.0215,0.0216,13.0,0.0214,30.0,8525.0,423.0
2021-01-05 09:36:24.171,0.0216,0.0217,13.0,0.0214,63.0,8527.0,425.0
2021-01-05 09:36:24.701,0.0216,0.0217,23.0,0.0215,2.0,8527.0,425.0
2021-01-05 09:36:25.181,0.0216,0.0217,10.0,0.0215,2.0,8527.0,425.0
2021-01-05 09:36:25.650,0.0214,0.0217,33.0,0.0214,19.0,8526.0,426.0
2021-01-05 09:36:26.171,0.0214,0.0217,33.0,0.0214,33.0,8526.0,426.0
2021-01-05 09:36:26.651,0.0214,0.0217,10.0,0.0214,10.0,8526.0,426.0
2021-01-05 09:36:27.070,0.0214,0.0217,10.0,0.0214,43.0,8526.0,426.0
2021-01-05 09:36:27.690,0.0214,0.0218,13.0,0.0215,15.0,8526.0,426.0
2021-01-05 09:36:28.190,0.0214,0.0218,23.0,0.0215,15.0,8526.0,426.0
2021-01-05 09:36:28.681,0.0214,0.0218,23.0,0.0216,10.0,8526.0,426.0
2021-01-05 09:36:29.171,0.0214,0.0219,13.0,0.0216,13.0,8526.0,426.0
2021-01-05 09:36:29.661,0.0214,0.0219,23.0,0.0216,33.0,8526.0,426.0
2021-01-05 09:36:30.161,0.0214,0.0219,23.0,0.0217,15.0,8526.0,426.0
2021-01-05 09:36:30.651,0.0214,0.0218,13.0,0.0217,5.0,8526.0,426.0
2021-01-05 09:36:31.181,0.0214,0.0218,13.0,0.0217,5.0,8526.0,426.0
2021-01-05 09:36:31.690,0.0214,0.022,10.0,0.0217,5.0,8526.0,426.0
2021-01-05 09:36:32.130,0.0214,0.0218,13.0,0.0217,5.0,8526.0,426.0
2021-01-05 09:36:32.660,0.0214,0.0218,13.0,0.0217,5.0,8526.0,426.0
2021-01-05 09:36:33.200,0.0214,0.0219,23.0,0.0217,5.0,8526.0,426.0
2021-01-05 09:36:33.670,0.0214,0.0218,13.0,0.0217,5.0,8526.0,426.0
2021-01-05 09:36:34.091,0.0214,0.0218,13.0,0.0217,5.0,8526.0,426.0
2021-01-05 09:36:35.150,0.0214,0.0219,33.0,0.0217,5.0,8526.0,426.0
2021-01-05 09:36:35.701,0.0214,0.0218,13.0,0.0217,5.0,8526.0,426.0
2021-01-05 09:36:36.191,0.0214,0.0218,13.0,0.0217,5.0,8526.0,426.0
2021-01-05 09:36:36.700,0.0218,0.0219,13.0,0.0217,35.0,8526.0,428.0
2021-01-05 09:36:37.190,0.0218,0.0219,10.0,0.0217,35.0,8526.0,428.0
2021-01-05 09:36:37.691,0.0218,0.0219,23.0,0.0217,25.0,8526.0,428.0
2021-01-05 09:36:38.041,0.0218,0.0219,23.0,0.0217,25.0,8526.0,428.0
2021-01-05 09:36:38.640,0.0218,0.0219,23.0,0.0217,35.0,8526.0,428.0
2021-01-05 09:36:39.090,0.0218,0.0218,13.0,0.0217,35.0,8526.0,428.0
2021-01-05 09:36:39.660,0.0218,0.0218,13.0,0.0217,35.0,8526.0,428.0
2021-01-05 09:36:40.191,0.0218,0.0219,13.0,0.0217,25.0,8526.0,428.0
2021-01-05 09:36:40.700,0.0218,0.0219,23.0,0.0217,35.0,8526.0,428.0
2021-01-05 09:36:41.201,0.0218,0.0218,13.0,0.0217,35.0,8526.0,428.0
2021-01-05 09:36:41.641,0.0218,0.022,10.0,0.0219,37.0,8539.0,441.0
2021-01-05 09:36:42.200,0.0219,0.022,10.0,0.0219,11.0,8565.0,467.0
2021-01-05 09:36:42.690,0.022,0.0219,1.0,0.0217,20.0,8581.0,483.0
2021-01-05 09:36:43.180,0.022,0.0219,1.0,0.0217,20.0,8581.0,483.0
2021-01-05 09:36:43.700,0.022,0.0219,1.0,0.0217,20.0,8581.0,483.0
2021-01-05 09:36:44.200,0.022,0.0219,1.0,0.0217,20.0,8581.0,483.0
2021-01-05 09:36:44.680,0.022,0.0219,13.0,0.0217,20.0,8581.0,483.0
2021-01-05 09:36:45.191,0.0219,0.022,13.0,0.0219,15.0,8581.0,485.0
2021-01-05 09:36:45.631,0.0219,0.0221,33.0,0.0219,15.0,8581.0,485.0
2021-01-05 09:36:46.190,0.0219,0.0221,43.0,0.0219,65.0,8581.0,485.0
2021-01-05 09:36:46.651,0.0219,0.0221,43.0,0.022,2.0,8581.0,485.0
2021-01-05 09:36:47.130,0.0219,0.0221,43.0,0.0219,65.0,8581.0,485.0
2021-01-05 09:36:47.660,0.0219,0.0221,10.0,0.0219,78.0,8581.0,485.0
2021-01-05 09:36:48.130,0.0219,0.0221,23.0,0.022,2.0,8581.0,485.0
2021-01-05 09:36:48.630,0.0219,0.0221,10.0,0.022,2.0,8581.0,485.0
2021-01-05 09:36:49.181,0.0219,0.0221,10.0,0.0219,78.0,8581.0,485.0
2021-01-05 09:36:49.700,0.0219,0.0221,23.0,0.0219,65.0,8581.0,485.0
2021-01-05 09:36:50.201,0.0219,0.0221,13.0,0.0219,65.0,8581.0,485.0
2021-01-05 09:36:50.670,0.0219,0.0221,13.0,0.0219,65.0,8581.0,485.0
2021-01-05 09:36:51.171,0.0219,0.0221,13.0,0.0219,65.0,8581.0,485.0
2021-01-05 09:36:51.671,0.0221,0.0223,30.0,0.0221,37.0,8594.0,498.0
2021-01-05 09:36:52.180,0.0221,0.0222,10.0,0.0221,35.0,8596.0,500.0
2021-01-05 09:36:52.670,0.0221,0.0223,33.0,0.0221,55.0,8596.0,500.0
2021-01-05 09:36:53.191,0.0221,0.0222,13.0,0.0221,55.0,8596.0,500.0
2021-01-05 09:36:53.680,0.0221,0.0222,13.0,0.0221,55.0,8596.0,500.0
2021-01-05 09:36:54.180,0.0221,0.0222,23.0,0.0221,55.0,8596.0,500.0
2021-01-05 09:36:54.631,0.0221,0.0222,20.0,0.0221,15.0,8615.0,520.0
2021-01-05 09:36:55.141,0.0221,0.0222,20.0,0.0219,50.0,8630.0,535.0
2021-01-05 09:36:55.651,0.0221,0.0222,20.0,0.022,13.0,8630.0,535.0
2021-01-05 09:36:56.141,0.0223,0.0223,13.0,0.022,13.0,8670.0,585.0
2021-01-05 09:36:56.691,0.0223,0.0222,10.0,0.022,13.0,8670.0,585.0
2021-01-05 09:36:57.171,0.0223,0.0222,10.0,0.022,13.0,8670.0,585.0
2021-01-05 09:36:57.630,0.0223,0.0222,10.0,0.022,13.0,8670.0,585.0
2021-01-05 09:36:58.160,0.0223,0.0222,10.0,0.022,13.0,8670.0,585.0
2021-01-05 09:36:58.610,0.0223,0.0222,10.0,0.022,13.0,8670.0,585.0
2021-01-05 09:36:59.181,0.0223,0.0222,10.0,0.022,13.0,8670.0,585.0
2021-01-05 09:36:59.690,0.0223,0.0222,10.0,0.0221,2.0,8670.0,585.0
2021-01-05 09:37:00.160,0.0222,0.0224,20.0,0.0222,3.0,8680.0,595.0
2021-01-05 09:37:00.700,0.0222,0.0222,1.0,0.0221,15.0,8680.0,595.0
2021-01-05 09:37:01.061,0.0221,0.0222,1.0,0.0221,14.0,8680.0,596.0
2021-01-05 09:37:01.570,0.0221,0.0222,1.0,0.022,13.0,8680.0,596.0
2021-01-05 09:37:02.191,0.0222,0.0224,40.0,0.0222,29.0,8691.0,617.0
2021-01-05 09:37:02.640,0.0222,0.0223,1.0,0.0222,18.0,8702.0,628.0
2021-01-05 09:37:03.151,0.0222,0.0223,14.0,0.0222,6.0,8714.0,640.0
2021-01-05 09:37:03.630,0.0222,0.0223,14.0,0.022,13.0,8720.0,646.0
2021-01-05 09:37:04.200,0.0222,0.0222,13.0,0.0219,50.0,8720.0,646.0
2021-01-05 09:37:04.690,0.0222,0.0222,13.0,0.0219,50.0,8720.0,646.0
2021-01-05 09:37:05.140,0.0222,0.0223,13.0,0.0219,50.0,8720.0,646.0
2021-01-05 09:37:05.701,0.0222,0.0223,23.0,0.0219,50.0,8720.0,646.0
2021-01-05 09:37:06.171,0.0222,0.0222,13.0,0.0219,50.0,8720.0,646.0
2021-01-05 09:37:06.700,0.0222,0.0222,10.0,0.0219,50.0,8720.0,646.0
2021-01-05 09:37:07.180,0.0222,0.0221,13.0,0.0219,50.0,8720.0,646.0
2021-01-05 09:37:07.681,0.0222,0.0221,13.0,0.0219,50.0,8720.0,646.0
2021-01-05 09:37:08.200,0.0222,0.0221,13.0,0.022,1.0,8720.0,646.0
2021-01-05 09:37:08.630,0.0222,0.0222,10.0,0.0221,1.0,8720.0,646.0
2021-01-05 09:37:09.170,0.0222,0.0223,10.0,0.0221,13.0,8720.0,646.0
2021-01-05 09:37:09.660,0.0222,0.0223,20.0,0.022,13.0,8720.0,646.0
2021-01-05 09:37:10.140,0.022,0.0223,20.0,0.0219,50.0,8720.0,647.0
2021-01-05 09:37:10.701,0.022,0.0222,13.0,0.0219,50.0,8720.0,647.0
2021-01-05 09:37:11.201,0.0222,0.0222,8.0,0.0219,50.0,8720.0,652.0
2021-01-05 09:37:11.700,0.0222,0.0222,23.0,0.0219,50.0,8720.0,652.0
2021-01-05 09:37:12.131,0.0222,0.0221,13.0,0.0219,50.0,8720.0,652.0
2021-01-05 09:37:12.261,0.0222,0.0221,2.0,0.0219,50.0,8720.0,652.0
2021-01-05 09:37:13.181,0.0222,0.022,13.0,0.0219,50.0,8720.0,652.0
2021-01-05 09:37:13.681,0.022,0.022,13.0,0.0219,50.0,8720.0,653.0
2021-01-05 09:37:14.130,0.022,0.0221,15.0,0.0219,60.0,8720.0,659.0
2021-01-05 09:37:14.651,0.0219,0.0223,43.0,0.022,13.0,8720.0,660.0
2021-01-05 09:37:15.200,0.0219,0.0222,20.0,0.0219,49.0,8720.0,660.0
2021-01-05 09:37:15.671,0.0219,0.0221,13.0,0.0219,49.0,8720.0,660.0
2021-01-05 09:37:16.190,0.0219,0.0221,13.0,0.0219,49.0,8720.0,660.0
2021-01-05 09:37:16.461,0.0219,0.0221,13.0,0.0219,49.0,8720.0,660.0
2021-01-05 09:37:17.671,0.0219,0.0221,13.0,0.0219,59.0,8720.0,660.0
2021-01-05 09:37:18.061,0.0219,0.0222,13.0,0.0219,59.0,8720.0,660.0
2021-01-05 09:37:18.710,0.0219,0.0222,33.0,0.0219,49.0,8720.0,660.0
2021-01-05 09:37:19.021,0.0219,0.0221,13.0,0.0219,59.0,8720.0,660.0
2021-01-05 09:37:19.711,0.0219,0.0221,13.0,0.0219,59.0,8720.0,660.0
2021-01-05 09:37:20.211,0.0219,0.0222,13.0,0.0219,59.0,8720.0,660.0
2021-01-05 09:37:20.691,0.0219,0.0222,23.0,0.0219,59.0,8720.0,660.0
2021-01-05 09:37:21.200,0.0219,0.0221,13.0,0.0219,59.0,8720.0,660.0
2021-01-05 09:37:21.701,0.0219,0.0221,13.0,0.0219,49.0,8720.0,660.0
2021-01-05 09:37:22.030,0.0219,0.0221,13.0,0.0219,49.0,8720.0,660.0
2021-01-05 09:37:22.641,0.0219,0.0221,23.0,0.0219,49.0,8720.0,660.0
2021-01-05 09:37:23.150,0.0219,0.022,13.0,0.0219,49.0,8720.0,660.0
2021-01-05 09:37:23.701,0.0219,0.022,13.0,0.0218,10.0,8720.0,660.0
2021-01-05 09:37:24.080,0.0219,0.0221,13.0,0.0219,10.0,8720.0,660.0
2021-01-05 09:37:24.631,0.0219,0.0221,10.0,0.0218,10.0,8720.0,660.0
2021-01-05 09:37:25.200,0.0219,0.022,13.0,0.0218,10.0,8720.0,660.0
2021-01-05 09:37:25.670,0.0219,0.022,13.0,0.0218,10.0,8720.0,660.0
2021-01-05 09:37:26.170,0.0219,0.0221,13.0,0.0218,10.0,8720.0,660.0
2021-01-05 09:37:26.650,0.0219,0.0221,23.0,0.0218,10.0,8720.0,660.0
2021-01-05 09:37:27.130,0.0219,0.022,13.0,0.0218,10.0,8720.0,660.0
2021-01-05 09:37:27.551,0.0219,0.022,13.0,0.0218,10.0,8720.0,660.0
2021-01-05 09:37:28.151,0.0219,0.0222,30.0,0.0218,10.0,8720.0,660.0
2021-01-05 09:37:28.560,0.0219,0.0221,23.0,0.0218,10.0,8720.0,660.0
2021-01-05 09:37:29.130,0.0219,0.022,13.0,0.0218,10.0,8720.0,660.0
2021-01-05 09:37:29.691,0.0219,0.022,13.0,0.0218,10.0,8720.0,660.0
2021-01-05 09:37:30.191,0.0219,0.0221,23.0,0.0217,10.0,8720.0,660.0
2021-01-05 09:37:30.650,0.0221,0.022,13.0,0.0218,10.0,8735.0,675.0
2021-01-05 09:37:31.190,0.0218,0.022,13.0,0.0218,9.0,8735.0,676.0
2021-01-05 09:37:31.691,0.0218,0.0221,13.0,0.0218,9.0,8735.0,676.0
2021-01-05 09:37:32.181,0.0218,0.0221,23.0,0.0218,10.0,8735.0,676.0
2021-01-05 09:37:32.651,0.0218,0.022,13.0,0.0218,10.0,8735.0,676.0
2021-01-05 09:37:33.180,0.0218,0.0221,13.0,0.0218,43.0,8735.0,676.0
2021-01-05 09:37:33.681,0.0221,0.0221,3.0,0.0218,30.0,8755.0,696.0
2021-01-05 09:37:34.200,0.0218,0.0221,16.0,0.0218,42.0,8755.0,697.0
2021-01-05 09:37:34.500,0.0218,0.022,13.0,0.0218,30.0,8755.0,697.0
2021-01-05 09:37:35.170,0.0218,0.022,13.0,0.0218,30.0,8755.0,697.0
2021-01-05 09:37:35.650,0.0218,0.0222,43.0,0.0218,30.0,8755.0,697.0
2021-01-05 09:37:36.200,0.0218,0.0221,23.0,0.0218,30.0,8755.0,697.0
2021-01-05 09:37:36.671,0.0218,0.022,15.0,0.0218,30.0,8755.0,697.0
2021-01-05 09:37:37.180,0.0218,0.0219,13.0,0.0218,30.0,8755.0,697.0
2021-01-05 09:37:37.691,0.0218,0.0219,13.0,0.0218,20.0,8755.0,697.0
2021-01-05 09:37:38.121,0.0218,0.0219,13.0,0.0218,20.0,8755.0,697.0
2021-01-05 09:37:39.170,0.0218,0.022,33.0,0.0218,18.0,8755.0,699.0
2021-01-05 09:37:39.700,0.0218,0.0219,13.0,0.0218,18.0,8755.0,699.0
2021-01-05 09:37:40.161,0.0218,0.0219,13.0,0.0218,13.0,8750.0,704.0
2021-01-05 09:37:40.701,0.0218,0.0219,23.0,0.0218,13.0,8750.0,704.0
2021-01-05 09:37:41.131,0.0218,0.0219,23.0,0.0218,11.0,8750.0,706.0
2021-01-05 09:37:41.660,0.0218,0.0218,13.0,0.0217,10.0,8750.0,717.0
2021-01-05 09:37:42.130,0.0218,0.0218,53.0,0.0217,10.0,8750.0,717.0
2021-01-05 09:37:42.691,0.0218,0.0218,53.0,0.0217,10.0,8750.0,717.0
2021-01-05 09:37:43.181,0.0218,0.0218,53.0,0.0217,10.0,8750.0,717.0
2021-01-05 09:37:43.671,0.0218,0.0218,53.0,0.0216,10.0,8750.0,717.0
2021-01-05 09:37:44.190,0.0218,0.0218,50.0,0.0216,10.0,8750.0,717.0
2021-01-05 09:37:44.651,0.0218,0.0217,13.0,0.0216,10.0,8750.0,717.0
2021-01-05 09:37:45.191,0.0218,0.0217,13.0,0.0216,10.0,8750.0,717.0
2021-01-05 09:37:45.650,0.0218,0.0217,13.0,0.0215,10.0,8750.0,717.0
2021-01-05 09:37:46.161,0.0218,0.0217,13.0,0.0215,10.0,8750.0,717.0
2021-01-05 09:37:46.601,0.0218,0.0217,13.0,0.0216,10.0,8750.0,717.0
2021-01-05 09:37:47.210,0.0218,0.0217,13.0,0.0216,10.0,8750.0,717.0
2021-01-05 09:37:48.201,0.0218,0.0217,13.0,0.0216,10.0,8750.0,717.0
2021-01-05 09:37:48.700,0.0215,0.0217,13.0,0.0215,9.0,8750.0,718.0
2021-01-05 09:37:49.190,0.0215,0.0217,13.0,0.0216,10.0,8750.0,718.0
2021-01-05 09:37:49.670,0.0215,0.0217,13.0,0.0215,10.0,8750.0,718.0
2021-01-05 09:37:50.220,0.0215,0.0217,13.0,0.0215,10.0,8750.0,718.0
2021-01-05 09:37:50.721,0.0215,0.0217,13.0,0.0215,10.0,8750.0,718.0
2021-01-05 09:37:51.100,0.0215,0.0217,23.0,0.0215,10.0,8750.0,718.0
2021-01-05 09:37:51.691,0.0215,0.0218,40.0,0.0215,10.0,8750.0,718.0
2021-01-05 09:37:52.191,0.0215,0.0217,23.0,0.0215,10.0,8750.0,718.0
2021-01-05 09:37:52.660,0.0215,0.0216,13.0,0.0215,10.0,8750.0,718.0
2021-01-05 09:37:53.161,0.0215,0.0216,13.0,0.0215,10.0,8750.0,718.0
2021-01-05 09:37:53.620,0.0216,0.0217,13.0,0.0215,10.0,8750.0,724.0
2021-01-05 09:37:54.160,0.0216,0.0217,23.0,0.0215,10.0,8750.0,726.0
2021-01-05 09:37:54.640,0.0216,0.0216,13.0,0.0215,10.0,8750.0,726.0
2021-01-05 09:37:55.190,0.0216,0.0216,13.0,0.0215,10.0,8750.0,726.0
2021-01-05 09:37:56.121,0.0216,0.0216,13.0,0.0214,30.0,8750.0,726.0
2021-01-05 09:37:56.611,0.0216,0.0216,23.0,0.0214,30.0,8750.0,726.0
2021-01-05 09:37:57.170,0.0216,0.0215,13.0,0.0214,30.0,8750.0,726.0
2021-01-05 09:37:57.601,0.0216,0.0215,13.0,0.0213,10.0,8750.0,726.0
2021-01-05 09:37:58.141,0.0216,0.0215,10.0,0.0214,10.0,8750.0,726.0
2021-01-05 09:37:58.640,0.0216,0.0215,10.0,0.0214,10.0,8750.0,726.0
2021-01-05 09:37:59.161,0.0216,0.0215,10.0,0.0214,10.0,8750.0,726.0
2021-01-05 09:38:00.131,0.0216,0.0216,13.0,0.0214,10.0,8750.0,726.0
2021-01-05 09:38:00.680,0.0216,0.0216,23.0,0.0213,23.0,8750.0,726.0
2021-01-05 09:38:01.180,0.0216,0.0215,15.0,0.0213,10.0,8750.0,726.0
2021-01-05 09:38:01.681,0.0216,0.0215,25.0,0.0213,10.0,8750.0,726.0
2021-01-05 09:38:02.190,0.0216,0.0215,25.0,0.0214,10.0,8750.0,726.0
2021-01-05 09:38:02.680,0.0216,0.0215,15.0,0.0213,10.0,8750.0,726.0
2021-01-05 09:38:03.191,0.0217,0.0215,10.0,0.0213,23.0,8755.0,731.0
2021-01-05 09:38:03.681,0.0215,0.0214,1.0,0.0213,23.0,8755.0,733.0
2021-01-05 09:38:04.040,0.0215,0.0214,1.0,0.0213,23.0,8755.0,733.0
2021-01-05 09:38:04.680,0.0215,0.0214,1.0,0.0213,23.0,8755.0,733.0
2021-01-05 09:38:05.181,0.0215,0.0214,1.0,0.0213,23.0,8755.0,733.0
2021-01-05 09:38:06.151,0.0214,0.0215,10.0,0.0214,12.0,8755.0,734.0
2021-01-05 09:38:06.691,0.0214,0.0215,20.0,0.0213,23.0,8755.0,734.0
2021-01-05 09:38:07.690,0.0214,0.0215,20.0,0.0213,23.0,8755.0,734.0
2021-01-05 09:38:08.151,0.0214,0.0215,20.0,0.0214,13.0,8755.0,734.0
2021-01-05 09:38:08.670,0.0215,0.0215,10.0,0.0214,13.0,8755.0,740.0
2021-01-05 09:38:09.160,0.0215,0.0216,10.0,0.0214,13.0,8755.0,740.0
2021-01-05 09:38:09.611,0.0215,0.0216,20.0,0.0214,13.0,8755.0,740.0
2021-01-05 09:38:10.180,0.0215,0.0216,20.0,0.0215,5.0,8755.0,740.0
2021-01-05 09:38:10.670,0.0215,0.0216,20.0,0.0215,15.0,8755.0,740.0
2021-01-05 09:38:11.141,0.0215,0.0216,20.0,0.0215,13.0,8757.0,742.0
2021-01-05 09:38:11.701,0.0215,0.0216,20.0,0.0215,9.0,8761.0,746.0
2021-01-05 09:38:12.191,0.0215,0.0216,20.0,0.0215,4.0,8767.0,752.0
2021-01-05 09:38:12.531,0.0215,0.0216,33.0,0.0215,10.0,8767.0,752.0
2021-01-05 09:38:13.110,0.0215,0.0216,23.0,0.0215,10.0,8767.0,752.0
2021-01-05 09:38:13.690,0.0215,0.0216,33.0,0.0215,10.0,8767.0,752.0
2021-01-05 09:38:14.141,0.0215,0.0216,23.0,0.0215,10.0,8767.0,752.0
2021-01-05 09:38:14.691,0.0216,0.0216,10.0,0.0215,10.0,8767.0,758.0
2021-01-05 09:38:15.150,0.0216,0.0218,63.0,0.0215,23.0,8767.0,758.0
2021-01-05 09:38:15.730,0.0216,0.0217,23.0,0.0215,10.0,8767.0,758.0
2021-01-05 09:38:16.210,0.0216,0.0217,23.0,0.0215,10.0,8767.0,758.0
2021-01-05 09:38:16.731,0.0216,0.0216,13.0,0.0215,10.0,8767.0,758.0
2021-01-05 09:38:17.190,0.0216,0.0218,50.0,0.0215,10.0,8767.0,764.0
2021-01-05 09:38:17.701,0.0216,0.0217,23.0,0.0215,10.0,8767.0,764.0
2021-01-05 09:38:18.660,0.0215,0.0217,23.0,0.0215,9.0,8767.0,765.0
2021-01-05 09:38:19.230,0.0215,0.0217,23.0,0.0215,10.0,8767.0,765.0
2021-01-05 09:38:19.670,0.0215,0.0216,13.0,0.0215,10.0,8767.0,765.0
2021-01-05 09:38:20.231,0.0216,0.0216,13.0,0.0215,10.0,8767.0,785.0
2021-01-05 09:38:20.671,0.0216,0.0218,50.0,0.0215,30.0,8767.0,791.0
2021-01-05 09:38:21.240,0.0216,0.0218,60.0,0.0216,13.0,8767.0,791.0
2021-01-05 09:38:21.670,0.0216,0.0218,40.0,0.0216,13.0,8767.0,791.0
2021-01-05 09:38:22.210,0.0216,0.0218,50.0,0.0216,13.0,8767.0,791.0
2021-01-05 09:38:22.661,0.0216,0.0218,50.0,0.0216,13.0,8767.0,791.0
2021-01-05 09:38:23.201,0.0216,0.0218,40.0,0.0216,13.0,8767.0,791.0
2021-01-05 09:38:23.681,0.0216,0.0218,40.0,0.0216,13.0,8767.0,791.0
2021-01-05 09:38:24.141,0.0216,0.0218,40.0,0.0217,10.0,8767.0,791.0
2021-01-05 09:38:24.671,0.0216,0.0218,40.0,0.0217,13.0,8767.0,791.0
2021-01-05 09:38:25.101,0.0216,0.0218,40.0,0.0217,13.0,8767.0,791.0
2021-01-05 09:38:25.670,0.0216,0.0218,40.0,0.0217,13.0,8767.0,791.0
2021-01-05 09:38:26.100,0.0218,0.022,33.0,0.0217,13.0,8767.0,803.0
2021-01-05 09:38:26.701,0.0218,0.0219,10.0,0.0216,13.0,8767.0,803.0
2021-01-05 09:38:27.151,0.0218,0.0219,10.0,0.0214,13.0,8767.0,803.0
2021-01-05 09:38:27.691,0.0218,0.0219,10.0,0.0214,13.0,8767.0,803.0
2021-01-05 09:38:28.171,0.0218,0.0219,10.0,0.0214,16.0,8767.0,803.0
2021-01-05 09:38:28.680,0.0218,0.0219,10.0,0.0215,13.0,8767.0,803.0
2021-01-05 09:38:29.191,0.0218,0.0219,10.0,0.0213,43.0,8767.0,803.0
2021-01-05 09:38:29.621,0.0218,0.0221,20.0,0.0214,13.0,8767.0,803.0
2021-01-05 09:38:30.190,0.0218,0.022,10.0,0.0215,5.0,8767.0,803.0
2021-01-05 09:38:30.670,0.0218,0.022,10.0,0.0216,13.0,8767.0,803.0
2021-01-05 09:38:31.181,0.0218,0.022,30.0,0.0216,13.0,8767.0,803.0
2021-01-05 09:38:31.650,0.0218,0.022,10.0,0.0218,10.0,8767.0,803.0
2021-01-05 09:38:32.171,0.0218,0.022,23.0,0.0217,13.0,8767.0,803.0
2021-01-05 09:38:32.701,0.0218,0.022,10.0,0.0218,5.0,8767.0,803.0
2021-01-05 09:38:33.191,0.0218,0.022,13.0,0.0218,5.0,8767.0,803.0
2021-01-05 09:38:33.700,0.0218,0.0221,13.0,0.0219,10.0,8767.0,803.0
2021-01-05 09:38:34.201,0.0218,0.0221,10.0,0.0219,10.0,8767.0,803.0
2021-01-05 09:38:35.200,0.022,0.0222,23.0,0.022,4.0,8768.0,804.0
2021-01-05 09:38:35.700,0.022,0.0222,23.0,0.022,4.0,8768.0,804.0
2021-01-05 09:38:36.130,0.022,0.0222,23.0,0.022,4.0,8768.0,804.0
2021-01-05 09:38:36.691,0.022,0.0222,23.0,0.0221,10.0,8768.0,804.0
2021-01-05 09:38:37.160,0.0221,0.0222,13.0,0.022,8.0,8770.0,806.0
2021-01-05 09:38:37.680,0.0221,0.0222,13.0,0.0221,4.0,8770.0,806.0
2021-01-05 09:38:38.161,0.0221,0.0223,23.0,0.0221,4.0,8770.0,806.0
2021-01-05 09:38:38.660,0.0221,0.0223,33.0,0.0221,14.0,8770.0,806.0
2021-01-05 09:38:39.161,0.0221,0.0223,13.0,0.0221,14.0,8770.0,806.0
2021-01-05 09:38:39.661,0.0221,0.0223,13.0,0.0221,14.0,8770.0,806.0
2021-01-05 09:38:40.141,0.0221,0.0224,13.0,0.0221,27.0,8770.0,806.0
2021-01-05 09:38:40.591,0.0221,0.0225,23.0,0.0222,13.0,8770.0,806.0
2021-01-05 09:38:41.190,0.0221,0.0225,10.0,0.0221,10.0,8770.0,806.0
2021-01-05 09:38:41.640,0.0221,0.0225,20.0,0.0222,4.0,8770.0,806.0
2021-01-05 09:38:42.191,0.0221,0.0225,33.0,0.0222,17.0,8770.0,806.0
2021-01-05 09:38:42.700,0.0221,0.0225,33.0,0.0222,17.0,8770.0,806.0
2021-01-05 09:38:43.190,0.0221,0.0224,13.0,0.0222,4.0,8770.0,806.0
2021-01-05 09:38:43.701,0.0221,0.0224,13.0,0.0222,4.0,8770.0,806.0
2021-01-05 09:38:44.200,0.0221,0.0224,13.0,0.0222,4.0,8770.0,806.0
2021-01-05 09:38:44.690,0.0222,0.0224,13.0,0.0222,3.0,8770.0,807.0
2021-01-05 09:38:45.201,0.0222,0.0224,23.0,0.0222,3.0,8770.0,807.0
2021-01-05 09:38:45.580,0.0222,0.0223,13.0,0.0222,3.0,8770.0,807.0
2021-01-05 09:38:46.200,0.0223,0.0223,13.0,0.0222,3.0,8780.0,817.0
2021-01-05 09:38:46.631,0.0223,0.0225,13.0,0.0222,3.0,8780.0,817.0
2021-01-05 09:38:47.140,0.0223,0.0225,13.0,0.0222,3.0,8780.0,817.0
2021-01-05 09:38:47.691,0.0223,0.0224,10.0,0.0222,3.0,8780.0,817.0
2021-01-05 09:38:48.200,0.0222,0.0223,13.0,0.022,13.0,8783.0,820.0
2021-01-05 09:38:48.650,0.0222,0.0223,13.0,0.0218,33.0,8783.0,820.0
2021-01-05 09:38:49.130,0.0222,0.0224,13.0,0.0218,20.0,8783.0,820.0
2021-01-05 09:38:49.670,0.0222,0.0223,10.0,0.0218,20.0,8783.0,820.0
2021-01-05 09:38:50.091,0.0222,0.0223,43.0,0.0219,15.0,8783.0,820.0
2021-01-05 09:38:50.651,0.0222,0.0222,14.0,0.0219,15.0,8783.0,820.0
2021-01-05 09:38:51.170,0.0222,0.0222,1.0,0.022,15.0,8783.0,820.0
2021-01-05 09:38:51.691,0.0222,0.0222,1.0,0.0221,25.0,8783.0,820.0
2021-01-05 09:38:52.140,0.0222,0.0224,13.0,0.0222,1.0,8782.0,821.0
2021-01-05 09:38:52.630,0.0222,0.0225,13.0,0.0222,13.0,8782.0,821.0
2021-01-05 09:38:53.191,0.0222,0.0225,10.0,0.0221,13.0,8782.0,821.0
2021-01-05 09:38:54.190,0.0222,0.0225,23.0,0.0222,23.0,8782.0,821.0
2021-01-05 09:38:54.690,0.0222,0.0225,23.0,0.0222,23.0,8782.0,821.0
2021-01-05 09:38:55.191,0.0222,0.0224,13.0,0.0222,10.0,8782.0,821.0
2021-01-05 09:38:55.700,0.0222,0.0225,13.0,0.0222,23.0,8782.0,821.0
2021-01-05 09:38:56.190,0.0222,0.0225,13.0,0.0222,10.0,8782.0,821.0
2021-01-05 09:38:56.661,0.0222,0.0225,13.0,0.0222,23.0,8782.0,821.0
2021-01-05 09:38:57.200,0.0222,0.0225,13.0,0.0222,10.0,8782.0,821.0
2021-01-05 09:38:57.471,0.0222,0.0225,13.0,0.0222,10.0,8782.0,821.0
2021-01-05 09:38:58.190,0.0222,0.0224,1.0,0.0222,10.0,8782.0,821.0
2021-01-05 09:38:58.670,0.0222,0.0223,13.0,0.0222,10.0,8782.0,821.0
2021-01-05 09:38:59.060,0.0222,0.0223,13.0,0.0222,10.0,8782.0,821.0
2021-01-05 09:39:00.111,0.0222,0.0223,13.0,0.0222,10.0,8782.0,821.0
2021-01-05 09:39:00.660,0.0222,0.0225,13.0,0.0222,10.0,8782.0,821.0
2021-01-05 09:39:01.160,0.0222,0.0225,23.0,0.0222,10.0,8782.0,821.0
2021-01-05 09:39:01.700,0.0222,0.0224,13.0,0.0222,10.0,8782.0,821.0
2021-01-05 09:39:02.170,0.0222,0.0224,23.0,0.0222,10.0,8782.0,821.0
2021-01-05 09:39:02.660,0.0222,0.0223,13.0,0.0222,10.0,8782.0,821.0
2021-01-05 09:39:03.150,0.0222,0.0224,23.0,0.0222,10.0,8782.0,821.0
2021-01-05 09:39:03.680,0.0222,0.0223,13.0,0.0222,10.0,8782.0,821.0
2021-01-05 09:39:04.161,0.0222,0.0223,13.0,0.0222,10.0,8782.0,821.0
2021-01-05 09:39:04.610,0.0222,0.0223,13.0,0.0222,9.0,8783.0,822.0
2021-01-05 09:39:06.191,0.0222,0.0223,13.0,0.0222,9.0,8783.0,822.0
2021-01-05 09:39:06.650,0.0223,0.0224,10.0,0.0222,9.0,8803.0,842.0
2021-01-05 09:39:07.200,0.0221,0.0221,20.0,0.0219,2.0,8803.0,852.0
2021-01-05 09:39:07.680,0.0221,0.0221,14.0,0.022,13.0,8797.0,858.0
2021-01-05 09:39:07.930,0.0221,0.0221,6.0,0.022,13.0,8789.0,866.0
2021-01-05 09:39:08.650,0.0221,0.0221,3.0,0.0219,13.0,8786.0,869.0
2021-01-05 09:39:09.161,0.0221,0.0221,2.0,0.022,2.0,8785.0,870.0
2021-01-05 09:39:09.601,0.0221,0.0224,10.0,0.0221,13.0,8783.0,872.0
2021-01-05 09:39:10.191,0.0221,0.0224,20.0,0.0222,5.0,8783.0,872.0
2021-01-05 09:39:10.681,0.0221,0.0224,20.0,0.0223,13.0,8783.0,872.0
2021-01-05 09:39:11.201,0.0223,0.0226,63.0,0.0223,13.0,8783.0,873.0
2021-01-05 09:39:11.670,0.0223,0.0225,12.0,0.0224,3.0,8785.0,875.0
2021-01-05 09:39:12.220,0.0224,0.0225,12.0,0.0219,20.0,8788.0,878.0
2021-01-05 09:39:12.690,0.0224,0.0225,12.0,0.022,23.0,8788.0,878.0
2021-01-05 09:39:13.170,0.0224,0.0225,12.0,0.0221,13.0,8788.0,878.0
2021-01-05 09:39:13.720,0.0224,0.0225,10.0,0.0221,13.0,8788.0,878.0
2021-01-05 09:39:14.160,0.0224,0.0225,10.0,0.022,13.0,8788.0,878.0
2021-01-05 09:39:15.220,0.0224,0.0225,10.0,0.0221,10.0,8788.0,878.0
2021-01-05 09:39:15.320,0.0224,0.0224,13.0,0.0222,10.0,8788.0,878.0
2021-01-05 09:39:16.121,0.0224,0.0225,13.0,0.0222,13.0,8788.0,878.0
2021-01-05 09:39:16.600,0.0224,0.0225,10.0,0.0223,10.0,8788.0,878.0
2021-01-05 09:39:17.191,0.0224,0.0225,23.0,0.0222,23.0,8788.0,878.0
2021-01-05 09:39:18.221,0.0224,0.0225,23.0,0.0222,23.0,8788.0,878.0
2021-01-05 09:39:18.671,0.0224,0.0224,15.0,0.0222,10.0,8788.0,878.0
2021-01-05 09:39:19.710,0.0224,0.0224,2.0,0.0223,13.0,8788.0,878.0
2021-01-05 09:39:20.221,0.0224,0.0224,2.0,0.0223,13.0,8788.0,878.0
2021-01-05 09:39:20.741,0.0224,0.0226,23.0,0.0223,13.0,8788.0,878.0
2021-01-05 09:39:21.231,0.0224,0.0225,13.0,0.0222,23.0,8788.0,878.0
2021-01-05 09:39:21.671,0.0224,0.0226,23.0,0.0224,10.0,8788.0,878.0
2021-01-05 09:39:22.211,0.0224,0.0226,33.0,0.0224,10.0,8788.0,878.0
2021-01-05 09:39:22.651,0.0224,0.0225,2.0,0.0224,10.0,8788.0,878.0
2021-01-05 09:39:23.051,0.0224,0.0225,2.0,0.0224,10.0,8788.0,878.0
2021-01-05 09:39:24.151,0.0224,0.0225,15.0,0.0224,10.0,8788.0,878.0
2021-01-05 09:39:25.210,0.0224,0.0225,13.0,0.0224,10.0,8788.0,878.0
2021-01-05 09:39:25.700,0.0224,0.0225,13.0,0.0223,10.0,8788.0,878.0
2021-01-05 09:39:26.130,0.0224,0.0224,37.0,0.0223,23.0,8788.0,878.0
2021-01-05 09:39:26.681,0.0224,0.0224,37.0,0.0223,10.0,8788.0,878.0
2021-01-05 09:39:27.210,0.0224,0.0224,37.0,0.0223,10.0,8788.0,878.0
2021-01-05 09:39:28.220,0.0223,0.0224,37.0,0.0223,8.0,8790.0,880.0
2021-01-05 09:39:29.231,0.0223,0.0224,37.0,0.0223,10.0,8790.0,880.0
2021-01-05 09:39:30.220,0.0224,0.0224,7.0,0.0223,10.0,8820.0,910.0
2021-01-05 09:39:30.520,0.0224,0.0224,20.0,0.0223,10.0,8820.0,910.0
2021-01-05 09:39:31.121,0.0223,0.0223,3.0,0.022,13.0,8830.0,920.0
2021-01-05 09:39:31.701,0.0223,0.0223,10.0,0.022,13.0,8833.0,923.0
2021-01-05 09:39:32.141,0.0223,0.0224,7.0,0.022,13.0,8833.0,923.0
2021-01-05 09:39:32.700,0.0223,0.0224,7.0,0.022,33.0,8833.0,923.0
2021-01-05 09:39:33.180,0.0223,0.0224,7.0,0.0223,20.0,8833.0,923.0
2021-01-05 09:39:33.530,0.0223,0.0224,7.0,0.0223,20.0,8833.0,923.0
2021-01-05 09:39:34.681,0.0223,0.0224,20.0,0.0223,20.0,8833.0,923.0
2021-01-05 09:39:35.701,0.0223,0.0224,20.0,0.0223,20.0,8833.0,923.0
2021-01-05 09:39:36.231,0.0223,0.0224,17.0,0.0223,20.0,8833.0,923.0
2021-01-05 09:39:36.660,0.0223,0.0224,17.0,0.0223,43.0,8833.0,923.0
2021-01-05 09:39:37.221,0.0223,0.0224,17.0,0.0223,33.0,8833.0,923.0
2021-01-05 09:39:37.730,0.0223,0.0224,17.0,0.0223,20.0,8833.0,923.0
2021-01-05 09:39:38.221,0.0224,0.0225,13.0,0.0224,13.0,8850.0,940.0
2021-01-05 09:39:38.650,0.0224,0.0225,23.0,0.0224,1.0,8862.0,952.0
2021-01-05 09:39:39.241,0.0224,0.0225,10.0,0.0224,1.0,8862.0,952.0
2021-01-05 09:39:39.460,0.0224,0.0225,10.0,0.0224,1.0,8862.0,952.0
2021-01-05 09:39:40.200,0.0224,0.0225,23.0,0.0224,1.0,8862.0,952.0
2021-01-05 09:39:41.220,0.0224,0.0224,13.0,0.0223,20.0,8863.0,953.0
2021-01-05 09:39:41.750,0.0224,0.0226,33.0,0.0224,10.0,8863.0,953.0
2021-01-05 09:39:42.210,0.0224,0.0225,23.0,0.0223,30.0,8863.0,953.0
2021-01-05 09:39:42.740,0.0224,0.0225,10.0,0.0222,10.0,8863.0,953.0
2021-01-05 09:39:43.191,0.0224,0.0224,13.0,0.0222,10.0,8863.0,953.0
2021-01-05 09:39:43.570,0.0224,0.0224,13.0,0.0222,10.0,8863.0,953.0
2021-01-05 09:39:44.231,0.0224,0.0224,10.0,0.0222,10.0,8863.0,953.0
2021-01-05 09:39:44.680,0.0224,0.0224,23.0,0.0222,10.0,8863.0,953.0
2021-01-05 09:39:45.251,0.0224,0.0224,10.0,0.0222,23.0,8863.0,953.0
2021-01-05 09:39:46.190,0.0224,0.0226,23.0,0.0223,13.0,8863.0,953.0
2021-01-05 09:39:46.711,0.0224,0.0225,10.0,0.0223,13.0,8863.0,953.0
2021-01-05 09:39:47.731,0.0224,0.0225,23.0,0.0222,23.0,8863.0,953.0
2021-01-05 09:39:48.221,0.0224,0.0225,10.0,0.0223,10.0,8863.0,953.0
2021-01-05 09:39:48.720,0.0224,0.0225,10.0,0.0223,23.0,8863.0,953.0
2021-01-05 09:39:49.241,0.0223,0.0225,10.0,0.0223,22.0,8864.0,954.0
2021-01-05 09:39:49.711,0.0223,0.0225,10.0,0.0223,23.0,8864.0,954.0
2021-01-05 09:39:50.180,0.0223,0.0226,23.0,0.0224,5.0,8864.0,954.0
2021-01-05 09:39:50.710,0.0223,0.0226,20.0,0.0224,28.0,8864.0,954.0
2021-01-05 09:39:51.241,0.0223,0.0226,20.0,0.0224,15.0,8864.0,954.0
2021-01-05 09:39:51.730,0.0223,0.0226,10.0,0.0225,13.0,8864.0,954.0
2021-01-05 09:39:52.251,0.0223,0.0226,20.0,0.0225,13.0,8864.0,954.0
2021-01-05 09:39:52.670,0.0226,0.0226,10.0,0.0224,23.0,8869.0,959.0
2021-01-05 09:39:53.181,0.0226,0.0227,23.0,0.0224,23.0,8869.0,959.0
2021-01-05 09:39:53.630,0.0226,0.0226,23.0,0.0223,23.0,8869.0,959.0
2021-01-05 09:39:54.191,0.0223,0.0226,10.0,0.0225,9.0,8870.0,960.0
2021-01-05 09:39:54.691,0.0225,0.0226,10.0,0.022,20.0,8879.0,969.0
2021-01-05 09:39:55.181,0.0225,0.0226,10.0,0.0224,10.0,8879.0,969.0
2021-01-05 09:39:55.640,0.0225,0.0226,10.0,0.0224,13.0,8879.0,969.0
2021-01-05 09:39:56.120,0.0225,0.0226,10.0,0.0224,20.0,8879.0,969.0
2021-01-05 09:39:56.691,0.0225,0.0226,10.0,0.0224,13.0,8879.0,969.0
2021-01-05 09:39:57.181,0.0225,0.0226,10.0,0.0222,13.0,8879.0,969.0
2021-01-05 09:39:57.580,0.0225,0.0226,10.0,0.0222,13.0,8879.0,969.0
2021-01-05 09:39:58.201,0.0225,0.0226,10.0,0.0222,13.0,8879.0,969.0
2021-01-05 09:39:58.600,0.0225,0.0226,10.0,0.0222,13.0,8879.0,969.0
2021-01-05 09:39:59.061,0.0225,0.0226,10.0,0.0223,10.0,8879.0,969.0
2021-01-05 09:40:00.201,0.0223,0.0226,23.0,0.0223,22.0,8880.0,970.0
2021-01-05 09:40:00.631,0.0223,0.0226,23.0,0.0223,23.0,8880.0,970.0
2021-01-05 09:40:01.201,0.0223,0.0226,23.0,0.0223,23.0,8880.0,970.0
2021-01-05 09:40:01.570,0.0223,0.0226,23.0,0.0223,23.0,8880.0,970.0
2021-01-05 09:40:02.141,0.0223,0.0226,10.0,0.0223,10.0,8880.0,970.0
2021-01-05 09:40:02.671,0.0223,0.0225,15.0,0.0223,10.0,8880.0,970.0
2021-01-05 09:40:03.171,0.0223,0.0225,15.0,0.0223,10.0,8880.0,970.0
2021-01-05 09:40:03.691,0.0223,0.0224,10.0,0.0223,10.0,8880.0,970.0
2021-01-05 09:40:04.160,0.0223,0.0225,15.0,0.0223,10.0,8880.0,970.0
2021-01-05 09:40:04.700,0.0223,0.0225,10.0,0.0223,10.0,8880.0,970.0
2021-01-05 09:40:05.170,0.0224,0.0224,15.0,0.0223,10.0,8882.0,972.0
2021-01-05 09:40:05.701,0.0224,0.0224,15.0,0.0223,10.0,8882.0,972.0
2021-01-05 09:40:06.200,0.0224,0.0226,15.0,0.0223,10.0,8882.0,972.0
2021-01-05 09:40:06.701,0.0224,0.0225,10.0,0.0223,10.0,8882.0,972.0
2021-01-05 09:40:07.191,0.0224,0.0225,15.0,0.0223,10.0,8882.0,972.0
2021-01-05 09:40:07.700,0.0224,0.0224,10.0,0.0223,10.0,8882.0,972.0
2021-01-05 09:40:08.200,0.0224,0.0224,10.0,0.0222,25.0,8882.0,972.0
2021-01-05 09:40:09.191,0.0224,0.0224,25.0,0.0222,10.0,8882.0,972.0
2021-01-05 09:40:09.691,0.0224,0.0225,20.0,0.0224,5.0,8907.0,997.0
2021-01-05 09:40:10.150,0.0225,0.0225,5.0,0.0222,10.0,8917.0,1007.0
2021-01-05 09:40:10.680,0.0225,0.0226,20.0,0.0223,15.0,8917.0,1007.0
2021-01-05 09:40:11.170,0.0225,0.0225,10.0,0.0223,15.0,8917.0,1007.0
2021-01-05 09:40:11.671,0.0225,0.0225,10.0,0.0223,15.0,8917.0,1007.0
2021-01-05 09:40:12.190,0.0225,0.0225,45.0,0.0222,25.0,8917.0,1007.0
2021-01-05 09:40:12.680,0.0225,0.0225,35.0,0.0222,15.0,8917.0,1007.0
2021-01-05 09:40:13.170,0.0225,0.0225,30.0,0.0221,2.0,8917.0,1007.0
2021-01-05 09:40:13.700,0.0225,0.0225,50.0,0.0221,10.0,8917.0,1007.0
2021-01-05 09:40:14.150,0.0225,0.0224,15.0,0.0221,25.0,8917.0,1007.0
2021-01-05 09:40:14.701,0.0225,0.0223,10.0,0.0221,25.0,8917.0,1007.0
2021-01-05 09:40:15.120,0.0225,0.0223,30.0,0.0221,25.0,8917.0,1007.0
2021-01-05 09:40:15.690,0.0225,0.0223,30.0,0.0221,15.0,8917.0,1007.0
2021-01-05 09:40:16.140,0.0225,0.0223,30.0,0.0221,15.0,8917.0,1007.0
2021-01-05 09:40:16.610,0.0225,0.0223,30.0,0.0221,25.0,8917.0,1007.0
2021-01-05 09:40:17.191,0.0225,0.0223,10.0,0.0221,15.0,8917.0,1007.0
2021-01-05 09:40:17.661,0.0225,0.0223,30.0,0.0221,15.0,8917.0,1007.0
2021-01-05 09:40:18.161,0.0225,0.0223,30.0,0.0222,2.0,8917.0,1007.0
2021-01-05 09:40:18.701,0.0225,0.0223,30.0,0.0222,2.0,8917.0,1007.0
2021-01-05 09:40:19.711,0.0225,0.0223,10.0,0.0222,2.0,8917.0,1007.0
2021-01-05 09:40:20.191,0.0223,0.0225,50.0,0.0223,5.0,8917.0,1017.0
2021-01-05 09:40:20.691,0.0223,0.0225,50.0,0.0223,15.0,8917.0,1017.0
2021-01-05 09:40:21.200,0.0223,0.0225,50.0,0.0223,15.0,8917.0,1017.0
2021-01-05 09:40:21.701,0.0223,0.0225,50.0,0.0223,15.0,8917.0,1017.0
2021-01-05 09:40:22.210,0.0223,0.0225,40.0,0.0223,15.0,8917.0,1017.0
2021-01-05 09:40:22.591,0.0223,0.0225,40.0,0.0223,15.0,8917.0,1017.0
2021-01-05 09:40:23.200,0.0223,0.0225,20.0,0.0223,15.0,8917.0,1017.0
2021-01-05 09:40:23.701,0.0223,0.0225,20.0,0.0223,25.0,8917.0,1017.0
2021-01-05 09:40:24.160,0.0223,0.0225,20.0,0.0224,15.0,8917.0,1017.0
2021-01-05 09:40:24.370,0.0223,0.0225,40.0,0.0223,25.0,8917.0,1017.0
2021-01-05 09:40:25.121,0.0223,0.0225,20.0,0.0223,15.0,8917.0,1017.0
2021-01-05 09:40:25.570,0.0223,0.0225,40.0,0.0223,25.0,8917.0,1017.0
2021-01-05 09:40:26.181,0.0223,0.0225,20.0,0.0223,25.0,8917.0,1017.0
2021-01-05 09:40:26.650,0.0224,0.0224,11.0,0.0223,10.0,8917.0,1032.0
2021-01-05 09:40:27.140,0.0224,0.0224,6.0,0.0223,10.0,8917.0,1047.0
2021-01-05 09:40:27.701,0.0224,0.0225,35.0,0.0223,10.0,8917.0,1053.0
2021-01-05 09:40:28.110,0.0224,0.0225,35.0,0.0223,10.0,8917.0,1053.0
2021-01-05 09:40:28.690,0.0224,0.0225,35.0,0.0223,10.0,8917.0,1053.0
2021-01-05 09:40:29.170,0.0224,0.0224,15.0,0.0223,10.0,8917.0,1053.0
2021-01-05 09:40:30.160,0.0224,0.0224,25.0,0.0223,14.0,8917.0,1053.0
2021-01-05 09:40:31.101,0.0224,0.0224,51.0,0.0223,14.0,8917.0,1053.0
2021-01-05 09:40:32.140,0.0223,0.0224,51.0,0.0223,13.0,8918.0,1054.0
2021-01-05 09:40:32.611,0.0223,0.0223,11.0,0.022,35.0,8932.0,1068.0
2021-01-05 09:40:33.191,0.0223,0.0224,26.0,0.022,20.0,8932.0,1068.0
2021-01-05 09:40:33.681,0.0223,0.0223,10.0,0.0221,15.0,8932.0,1068.0
2021-01-05 09:40:34.171,0.0223,0.0223,10.0,0.0221,15.0,8932.0,1068.0
2021-01-05 09:40:34.601,0.0223,0.0223,10.0,0.0221,15.0,8932.0,1068.0
2021-01-05 09:40:35.201,0.0223,0.0223,10.0,0.0221,15.0,8932.0,1068.0
2021-01-05 09:40:35.681,0.0223,0.0223,10.0,0.0222,2.0,8932.0,1068.0
2021-01-05 09:40:36.161,0.0223,0.0223,10.0,0.0222,17.0,8932.0,1068.0
2021-01-05 09:40:37.201,0.0223,0.0224,26.0,0.0222,17.0,8932.0,1068.0
2021-01-05 09:40:37.700,0.0223,0.0224,36.0,0.0223,15.0,8932.0,1068.0
2021-01-05 09:40:38.130,0.0223,0.0224,36.0,0.0223,10.0,8932.0,1068.0
2021-01-05 09:40:38.651,0.0223,0.0224,36.0,0.0223,10.0,8932.0,1068.0
2021-01-05 09:40:39.681,0.0223,0.0224,37.0,0.0223,10.0,8932.0,1068.0
2021-01-05 09:40:40.151,0.0223,0.0224,52.0,0.0223,10.0,8932.0,1068.0
2021-01-05 09:40:41.191,0.0223,0.0224,72.0,0.0221,15.0,8942.0,1078.0
2021-01-05 09:40:41.640,0.0223,0.0224,62.0,0.0222,10.0,8942.0,1078.0
2021-01-05 09:40:42.180,0.0223,0.0223,10.0,0.0221,10.0,8942.0,1078.0
2021-01-05 09:40:42.601,0.0223,0.0223,10.0,0.0222,15.0,8942.0,1078.0
2021-01-05 09:40:43.191,0.0223,0.0223,10.0,0.0222,15.0,8942.0,1078.0
2021-01-05 09:40:43.621,0.0223,0.0223,10.0,0.0221,10.0,8942.0,1078.0
2021-01-05 09:40:44.161,0.0223,0.0223,10.0,0.0222,10.0,8942.0,1078.0
2021-01-05 09:40:44.610,0.0223,0.0224,62.0,0.0223,20.0,8952.0,1088.0
2021-01-05 09:40:45.131,0.0223,0.0224,74.0,0.0221,25.0,8972.0,1108.0
2021-01-05 09:40:46.161,0.0223,0.0224,64.0,0.0221,25.0,8972.0,1108.0
2021-01-05 09:40:46.581,0.0223,0.0223,10.0,0.0222,15.0,8972.0,1108.0
2021-01-05 09:40:47.611,0.0223,0.0222,1.0,0.0221,10.0,8972.0,1108.0
2021-01-05 09:40:48.160,0.0222,0.0224,49.0,0.0222,15.0,8972.0,1109.0
2021-01-05 09:40:48.700,0.0222,0.0223,10.0,0.0221,25.0,8972.0,1109.0
2021-01-05 09:40:49.111,0.0223,0.0224,49.0,0.0222,15.0,8982.0,1119.0
2021-01-05 09:40:49.640,0.0223,0.0223,10.0,0.0221,15.0,8982.0,1119.0
2021-01-05 09:40:50.181,0.0223,0.0223,10.0,0.0221,15.0,8982.0,1119.0
2021-01-05 09:40:52.181,0.0223,0.0223,10.0,0.0221,15.0,8982.0,1119.0
2021-01-05 09:40:53.180,0.0223,0.0223,10.0,0.0221,15.0,8982.0,1119.0
2021-01-05 09:40:53.651,0.0223,0.0223,10.0,0.0221,15.0,8982.0,1119.0
2021-01-05 09:40:54.661,0.0223,0.0223,10.0,0.0221,25.0,8982.0,1119.0
2021-01-05 09:40:55.111,0.0223,0.0223,10.0,0.0221,25.0,8982.0,1119.0
2021-01-05 09:40:55.681,0.0223,0.0223,10.0,0.0221,25.0,8982.0,1119.0
2021-01-05 09:40:56.121,0.0223,0.0223,10.0,0.0222,15.0,8982.0,1119.0
2021-01-05 09:40:57.180,0.0223,0.0223,10.0,0.0222,15.0,8982.0,1119.0
2021-01-05 09:40:57.710,0.0223,0.0223,10.0,0.0222,25.0,8982.0,1119.0
2021-01-05 09:40:58.200,0.0223,0.0223,10.0,0.0222,25.0,8982.0,1119.0
2021-01-05 09:41:01.650,0.0223,0.0223,10.0,0.0222,15.0,8982.0,1119.0
2021-01-05 09:41:02.190,0.0223,0.0223,10.0,0.0222,10.0,8982.0,1119.0
2021-01-05 09:41:02.661,0.0222,0.0223,10.0,0.0222,24.0,8983.0,1120.0
2021-01-05 09:41:03.110,0.0222,0.0223,10.0,0.0222,25.0,8983.0,1120.0
2021-01-05 09:41:03.721,0.0223,0.0223,9.0,0.0222,25.0,8984.0,1121.0
2021-01-05 09:41:04.180,0.0223,0.0224,29.0,0.0223,6.0,8984.0,1130.0
2021-01-05 09:41:04.680,0.0223,0.0224,39.0,0.0222,25.0,8984.0,1130.0
2021-01-05 09:41:05.220,0.0223,0.0224,29.0,0.0222,25.0,8984.0,1130.0
2021-01-05 09:41:05.660,0.0223,0.0223,10.0,0.0222,10.0,8984.0,1130.0
2021-01-05 09:41:06.221,0.0223,0.0224,29.0,0.0222,10.0,8984.0,1130.0
2021-01-05 09:41:06.620,0.0223,0.0224,39.0,0.0222,10.0,8984.0,1130.0
2021-01-05 09:41:07.100,0.0223,0.0224,39.0,0.0222,10.0,8984.0,1130.0
2021-01-05 09:41:07.611,0.0223,0.0224,39.0,0.0223,15.0,8984.0,1130.0
2021-01-05 09:41:08.201,0.0223,0.0224,39.0,0.0223,15.0,8984.0,1130.0
2021-01-05 09:41:08.701,0.0223,0.0224,39.0,0.0223,10.0,8984.0,1130.0
2021-01-05 09:41:09.650,0.0223,0.0224,39.0,0.0223,25.0,8984.0,1130.0
2021-01-05 09:41:10.220,0.0223,0.0224,39.0,0.0223,10.0,8984.0,1130.0
2021-01-05 09:41:10.710,0.0223,0.0224,29.0,0.0223,25.0,8984.0,1130.0
2021-01-05 09:41:11.140,0.0224,0.0224,14.0,0.0223,14.0,8984.0,1145.0
2021-01-05 09:41:11.711,0.0224,0.0225,10.0,0.0223,14.0,8983.0,1159.0
2021-01-05 09:41:12.151,0.0224,0.0224,15.0,0.0223,14.0,8983.0,1159.0
2021-01-05 09:41:12.710,0.0224,0.0224,15.0,0.0223,14.0,8983.0,1159.0
2021-01-05 09:41:13.161,0.0224,0.0224,15.0,0.0223,14.0,8983.0,1159.0
2021-01-05 09:41:14.160,0.0224,0.0227,40.0,0.0223,14.0,8983.0,1165.0
2021-01-05 09:41:14.671,0.0223,0.0226,15.0,0.0223,13.0,8984.0,1166.0
2021-01-05 09:41:15.180,0.0223,0.0225,10.0,0.0223,14.0,8984.0,1166.0
2021-01-05 09:41:15.371,0.0223,0.0225,25.0,0.0223,14.0,8984.0,1166.0
2021-01-05 09:41:17.180,0.0223,0.0225,25.0,0.0223,14.0,8984.0,1166.0
2021-01-05 09:41:18.600,0.0223,0.0225,25.0,0.0223,14.0,8984.0,1166.0
2021-01-05 09:41:19.161,0.0223,0.0225,10.0,0.0223,29.0,8984.0,1166.0
2021-01-05 09:41:20.721,0.0223,0.0225,25.0,0.0223,14.0,8984.0,1166.0
2021-01-05 09:41:21.460,0.0223,0.0225,25.0,0.0224,2.0,8984.0,1166.0
2021-01-05 09:41:22.190,0.0223,0.0225,10.0,0.0224,2.0,8984.0,1166.0
2021-01-05 09:41:22.700,0.0223,0.0225,10.0,0.0224,2.0,8984.0,1166.0
2021-01-05 09:41:23.061,0.0223,0.0225,10.0,0.0224,12.0,8984.0,1166.0
2021-01-05 09:41:24.171,0.0223,0.0225,10.0,0.0223,29.0,8984.0,1166.0
2021-01-05 09:41:24.651,0.0223,0.0225,10.0,0.0224,10.0,8984.0,1166.0
2021-01-05 09:41:25.120,0.0223,0.0225,25.0,0.0224,10.0,8984.0,1166.0
2021-01-05 09:41:26.670,0.0223,0.0225,15.0,0.0224,10.0,8984.0,1166.0
2021-01-05 09:41:27.131,0.0223,0.0227,20.0,0.0224,10.0,8984.0,1166.0
2021-01-05 09:41:27.710,0.0223,0.0226,15.0,0.0224,10.0,8984.0,1166.0
2021-01-05 09:41:28.171,0.0223,0.0226,25.0,0.0224,10.0,8984.0,1166.0
2021-01-05 09:41:28.540,0.0223,0.0225,15.0,0.0224,10.0,8984.0,1166.0
2021-01-05 09:41:29.070,0.0223,0.0225,10.0,0.0224,10.0,8984.0,1166.0
2021-01-05 09:41:30.180,0.0223,0.0226,25.0,0.0225,5.0,8984.0,1166.0
2021-01-05 09:41:30.441,0.0225,0.0225,15.0,0.0224,10.0,8989.0,1171.0
2021-01-05 09:41:31.181,0.0225,0.0225,15.0,0.0224,10.0,8989.0,1171.0
2021-01-05 09:41:31.700,0.0225,0.0225,8.0,0.0224,10.0,8989.0,1173.0
2021-01-05 09:41:32.220,0.0225,0.0225,15.0,0.0224,10.0,8989.0,1175.0
2021-01-05 09:41:32.670,0.0225,0.0225,10.0,0.0224,10.0,8989.0,1175.0
2021-01-05 09:41:33.171,0.0225,0.0225,10.0,0.0224,10.0,8989.0,1175.0
2021-01-05 09:41:33.680,0.0225,0.0225,25.0,0.0224,10.0,8989.0,1175.0
2021-01-05 09:41:35.221,0.0225,0.0225,25.0,0.0224,10.0,8989.0,1175.0
2021-01-05 09:41:35.721,0.0225,0.0226,15.0,0.0224,10.0,8989.0,1175.0
2021-01-05 09:41:36.070,0.0225,0.0226,25.0,0.0224,10.0,8989.0,1175.0
2021-01-05 09:41:36.720,0.0225,0.0226,10.0,0.0224,25.0,8989.0,1175.0
2021-01-05 09:41:37.210,0.0225,0.0226,25.0,0.0224,10.0,8989.0,1175.0
2021-01-05 09:41:37.711,0.0225,0.0226,10.0,0.0224,45.0,8989.0,1175.0
2021-01-05 09:41:38.220,0.0225,0.0226,10.0,0.0224,30.0,8989.0,1175.0
2021-01-05 09:41:38.710,0.0225,0.0226,10.0,0.0225,15.0,8989.0,1175.0
2021-01-05 09:41:39.221,0.0225,0.0226,10.0,0.0224,30.0,8989.0,1175.0
2021-01-05 09:41:39.521,0.0225,0.0226,10.0,0.0224,45.0,8989.0,1175.0
2021-01-05 09:41:40.721,0.0225,0.0227,35.0,0.0224,45.0,8989.0,1175.0
2021-01-05 09:41:41.130,0.0225,0.0226,15.0,0.0224,30.0,8989.0,1175.0
2021-01-05 09:41:41.730,0.0225,0.0225,10.0,0.0224,30.0,8989.0,1175.0
2021-01-05 09:41:42.201,0.0225,0.0225,8.0,0.0224,30.0,8991.0,1177.0
2021-01-05 09:41:42.700,0.0225,0.0225,23.0,0.0224,30.0,8991.0,1177.0
2021-01-05 09:41:45.190,0.0225,0.0225,8.0,0.0224,30.0,8991.0,1177.0
2021-01-05 09:41:46.241,0.0224,0.0225,8.0,0.0224,29.0,8992.0,1178.0
2021-01-05 09:41:46.661,0.0224,0.0225,8.0,0.0224,10.0,8992.0,1178.0
2021-01-05 09:41:47.011,0.0224,0.0225,8.0,0.0224,10.0,8992.0,1178.0
2021-01-05 09:41:47.741,0.0225,0.0227,20.0,0.0225,15.0,8992.0,1186.0
2021-01-05 09:41:48.181,0.0225,0.0227,20.0,0.0225,15.0,8992.0,1186.0
2021-01-05 09:41:48.740,0.0225,0.0227,20.0,0.0224,10.0,8992.0,1187.0
2021-01-05 09:41:49.191,0.0225,0.0227,20.0,0.0225,15.0,8992.0,1187.0
2021-01-05 09:41:49.451,0.0225,0.0227,20.0,0.0225,25.0,8992.0,1187.0
2021-01-05 09:41:50.231,0.0225,0.0227,20.0,0.0226,5.0,8992.0,1187.0
2021-01-05 09:41:50.751,0.0225,0.0227,20.0,0.0226,5.0,8992.0,1187.0
2021-01-05 09:41:51.251,0.0225,0.0227,35.0,0.0226,15.0,8992.0,1187.0
2021-01-05 09:41:52.261,0.0225,0.0227,20.0,0.0226,15.0,8992.0,1187.0
2021-01-05 09:41:52.690,0.0225,0.0227,20.0,0.0226,15.0,8992.0,1187.0
2021-01-05 09:41:53.201,0.0227,0.0228,15.0,0.0226,15.0,8992.0,1193.0
2021-01-05 09:41:53.681,0.0227,0.0227,10.0,0.0226,15.0,8992.0,1193.0
2021-01-05 09:41:54.161,0.0227,0.0227,10.0,0.0226,15.0,8992.0,1193.0
2021-01-05 09:41:54.670,0.0227,0.0227,10.0,0.0226,15.0,8992.0,1193.0
2021-01-05 09:41:54.880,0.0227,0.0227,4.0,0.0226,15.0,8992.0,1199.0
2021-01-05 09:41:55.671,0.0227,0.0228,15.0,0.0226,15.0,8992.0,1203.0
2021-01-05 09:41:56.151,0.0227,0.0227,10.0,0.0226,30.0,8992.0,1203.0
2021-01-05 09:41:56.670,0.0227,0.0227,4.0,0.0226,30.0,8992.0,1209.0
2021-01-05 09:41:57.110,0.0227,0.0229,25.0,0.0226,30.0,8992.0,1213.0
2021-01-05 09:41:57.640,0.0227,0.0228,25.0,0.0226,15.0,8992.0,1213.0
2021-01-05 09:41:58.140,0.0227,0.0227,2.0,0.0226,30.0,8992.0,1213.0
2021-01-05 09:41:58.630,0.0227,0.0227,2.0,0.0226,30.0,8992.0,1213.0
2021-01-05 09:41:59.131,0.0227,0.0227,2.0,0.0226,30.0,8992.0,1213.0
2021-01-05 09:42:00.151,0.0227,0.0229,25.0,0.0226,30.0,8992.0,1213.0
2021-01-05 09:42:00.701,0.0227,0.0228,10.0,0.0226,30.0,8992.0,1213.0
2021-01-05 09:42:01.190,0.0227,0.0228,10.0,0.0226,30.0,8992.0,1213.0
2021-01-05 09:42:01.651,0.0227,0.0228,10.0,0.0226,30.0,8992.0,1213.0
2021-01-05 09:42:02.201,0.0227,0.0228,10.0,0.0226,30.0,8992.0,1213.0
2021-01-05 09:42:02.641,0.0227,0.0229,15.0,0.0226,30.0,8992.0,1213.0
2021-01-05 09:42:03.161,0.0227,0.0229,25.0,0.0226,30.0,8992.0,1213.0
2021-01-05 09:42:03.690,0.0227,0.0229,15.0,0.0226,30.0,8992.0,1213.0
2021-01-05 09:42:04.110,0.0227,0.0229,25.0,0.0226,30.0,8992.0,1213.0
2021-01-05 09:42:05.211,0.0227,0.0229,25.0,0.0226,30.0,8992.0,1213.0
2021-01-05 09:42:05.711,0.0227,0.0229,10.0,0.0227,15.0,8992.0,1213.0
2021-01-05 09:42:06.181,0.0227,0.0229,10.0,0.0227,15.0,8992.0,1213.0
2021-01-05 09:42:06.690,0.0227,0.0229,10.0,0.0228,5.0,8992.0,1213.0
2021-01-05 09:42:07.230,0.0227,0.0229,10.0,0.0228,20.0,8992.0,1213.0
2021-01-05 09:42:08.220,0.0227,0.0229,10.0,0.0228,20.0,8992.0,1213.0
2021-01-05 09:42:08.721,0.0229,0.0231,45.0,0.0228,20.0,9002.0,1223.0
2021-01-05 09:42:09.230,0.0229,0.023,2.0,0.0228,20.0,9002.0,1223.0
2021-01-05 09:42:09.551,0.0229,0.023,12.0,0.0228,20.0,9002.0,1223.0
2021-01-05 09:42:10.220,0.0229,0.023,12.0,0.0228,20.0,9002.0,1223.0
2021-01-05 09:42:10.590,0.0229,0.023,12.0,0.0229,15.0,9002.0,1223.0
2021-01-05 09:42:11.211,0.0229,0.023,10.0,0.0229,15.0,9002.0,1223.0
2021-01-05 09:42:11.720,0.023,0.0231,10.0,0.0226,15.0,9007.0,1228.0
2021-01-05 09:42:12.210,0.023,0.0231,20.0,0.0229,1.0,9007.0,1228.0
2021-01-05 09:42:12.721,0.023,0.0231,20.0,0.023,19.0,9007.0,1229.0
2021-01-05 09:42:13.211,0.023,0.0231,20.0,0.023,16.0,9007.0,1232.0
2021-01-05 09:42:13.731,0.023,0.0231,20.0,0.0229,16.0,9007.0,1232.0
2021-01-05 09:42:14.150,0.023,0.0231,10.0,0.0229,16.0,9007.0,1232.0
2021-01-05 09:42:14.671,0.023,0.023,10.0,0.0229,1.0,9007.0,1232.0
2021-01-05 09:42:15.170,0.023,0.0231,10.0,0.0229,1.0,9017.0,1242.0
2021-01-05 09:42:15.650,0.023,0.0231,20.0,0.0229,16.0,9017.0,1242.0
2021-01-05 09:42:16.701,0.023,0.0231,20.0,0.023,15.0,9017.0,1242.0
2021-01-05 09:42:17.241,0.023,0.0231,20.0,0.0229,16.0,9017.0,1242.0
2021-01-05 09:42:17.681,0.023,0.0231,20.0,0.0229,16.0,9017.0,1242.0
2021-01-05 09:42:18.100,0.023,0.0231,20.0,0.0229,16.0,9017.0,1242.0
2021-01-05 09:42:18.701,0.023,0.0231,20.0,0.0229,16.0,9017.0,1242.0
2021-01-05 09:42:19.210,0.023,0.0231,20.0,0.0229,16.0,9017.0,1242.0
2021-01-05 09:42:19.721,0.023,0.0231,35.0,0.0229,1.0,9017.0,1242.0
2021-01-05 09:42:20.150,0.023,0.0231,35.0,0.0229,1.0,9017.0,1242.0
2021-01-05 09:42:20.720,0.023,0.0231,10.0,0.023,10.0,9017.0,1242.0
2021-01-05 09:42:22.221,0.023,0.0232,15.0,0.023,9.0,9018.0,1243.0
2021-01-05 09:42:22.570,0.023,0.0232,25.0,0.0231,7.0,9018.0,1243.0
2021-01-05 09:42:23.170,0.023,0.0232,25.0,0.0231,7.0,9018.0,1243.0
2021-01-05 09:42:23.631,0.023,0.0232,25.0,0.0231,8.0,9018.0,1243.0
2021-01-05 09:42:24.151,0.023,0.0232,10.0,0.0231,8.0,9018.0,1243.0
2021-01-05 09:42:24.670,0.0232,0.0232,15.0,0.0231,8.0,9028.0,1253.0
2021-01-05 09:42:25.200,0.0232,0.0232,10.0,0.0231,8.0,9028.0,1253.0
2021-01-05 09:42:25.621,0.0232,0.0232,10.0,0.0231,23.0,9028.0,1253.0
2021-01-05 09:42:26.130,0.0232,0.0232,10.0,0.0231,8.0,9028.0,1253.0
2021-01-05 09:42:26.701,0.0232,0.0232,10.0,0.0231,28.0,9028.0,1253.0
2021-01-05 09:42:27.171,0.0232,0.0232,10.0,0.0231,28.0,9028.0,1253.0
2021-01-05 09:42:28.130,0.0232,0.0233,10.0,0.0231,43.0,9028.0,1253.0
2021-01-05 09:42:28.631,0.0232,0.0233,25.0,0.0231,28.0,9028.0,1253.0
2021-01-05 09:42:29.100,0.0232,0.0232,10.0,0.0231,28.0,9028.0,1253.0
2021-01-05 09:42:30.110,0.0232,0.0233,35.0,0.0232,5.0,9028.0,1253.0
2021-01-05 09:42:30.470,0.0232,0.0233,20.0,0.0232,14.0,9029.0,1254.0
2021-01-05 09:42:31.200,0.0232,0.0233,10.0,0.0232,14.0,9029.0,1254.0
2021-01-05 09:42:31.720,0.0232,0.0233,10.0,0.0232,14.0,9029.0,1254.0
2021-01-05 09:42:32.131,0.0233,0.0234,25.0,0.0232,14.0,9029.0,1256.0
2021-01-05 09:42:32.721,0.0233,0.0234,15.0,0.0232,14.0,9029.0,1256.0
2021-01-05 09:42:32.971,0.0233,0.0234,10.0,0.0232,34.0,9029.0,1256.0
2021-01-05 09:42:33.720,0.0233,0.0234,10.0,0.0232,49.0,9029.0,1256.0
2021-01-05 09:42:34.210,0.0233,0.0234,25.0,0.0232,34.0,9029.0,1256.0
2021-01-05 09:42:34.731,0.0233,0.0234,25.0,0.0232,34.0,9029.0,1256.0
2021-01-05 09:42:35.001,0.0233,0.0234,10.0,0.0232,49.0,9029.0,1256.0
2021-01-05 09:42:37.251,0.0233,0.0234,10.0,0.0232,49.0,9029.0,1256.0
2021-01-05 09:42:37.751,0.0234,0.0234,9.0,0.0232,49.0,9030.0,1257.0
2021-01-05 09:42:38.200,0.0234,0.0234,9.0,0.0232,49.0,9030.0,1257.0
2021-01-05 09:42:41.731,0.0234,0.0236,25.0,0.0233,15.0,9030.0,1257.0
2021-01-05 09:42:42.250,0.0234,0.0236,25.0,0.0233,15.0,9030.0,1257.0
2021-01-05 09:42:42.640,0.0234,0.0236,45.0,0.0234,4.0,9030.0,1257.0
2021-01-05 09:42:43.251,0.0234,0.0236,25.0,0.0234,4.0,9030.0,1257.0
2021-01-05 09:42:43.741,0.0234,0.0235,15.0,0.0232,45.0,9034.0,1261.0
2021-01-05 09:42:44.211,0.0234,0.0235,25.0,0.0234,10.0,9034.0,1261.0
2021-01-05 09:42:44.751,0.0234,0.0236,25.0,0.0234,10.0,9034.0,1261.0
2021-01-05 09:42:45.191,0.0234,0.0235,15.0,0.0234,10.0,9034.0,1261.0
2021-01-05 09:42:45.650,0.0234,0.0236,25.0,0.0234,10.0,9034.0,1261.0
2021-01-05 09:42:48.171,0.0234,0.0236,15.0,0.0234,10.0,9034.0,1261.0
2021-01-05 09:42:48.720,0.0234,0.0236,25.0,0.0234,10.0,9034.0,1261.0
2021-01-05 09:42:49.110,0.0234,0.0235,15.0,0.0234,10.0,9034.0,1261.0
2021-01-05 09:42:50.261,0.0234,0.0236,15.0,0.0234,10.0,9034.0,1261.0
2021-01-05 09:42:50.720,0.0234,0.0236,25.0,0.0234,10.0,9034.0,1261.0
2021-01-05 09:42:52.251,0.0234,0.0235,15.0,0.0234,10.0,9034.0,1261.0
2021-01-05 09:42:52.601,0.0234,0.0236,15.0,0.0234,10.0,9034.0,1261.0
2021-01-05 09:42:53.140,0.0234,0.0236,25.0,0.0234,10.0,9034.0,1261.0
2021-01-05 09:42:54.191,0.0234,0.0236,25.0,0.0234,30.0,9034.0,1261.0
2021-01-05 09:42:54.710,0.0234,0.0236,25.0,0.0234,30.0,9034.0,1261.0
2021-01-05 09:42:56.650,0.0234,0.0236,15.0,0.0234,30.0,9034.0,1261.0
2021-01-05 09:42:57.661,0.0234,0.0237,25.0,0.0234,45.0,9034.0,1261.0
2021-01-05 09:42:58.220,0.0234,0.0236,15.0,0.0234,30.0,9034.0,1261.0
2021-01-05 09:42:58.731,0.0234,0.0236,15.0,0.0234,30.0,9034.0,1261.0
2021-01-05 09:42:59.230,0.0234,0.0237,15.0,0.0234,30.0,9034.0,1261.0
2021-01-05 09:42:59.730,0.0234,0.0237,25.0,0.0236,1.0,9034.0,1261.0
2021-01-05 09:43:00.200,0.0236,0.0236,14.0,0.0234,30.0,9035.0,1262.0
2021-01-05 09:43:00.721,0.0236,0.0236,15.0,0.0234,30.0,9035.0,1264.0
2021-01-05 09:43:01.201,0.0236,0.0239,40.0,0.0234,30.0,9035.0,1266.0
2021-01-05 09:43:01.701,0.0236,0.0238,15.0,0.0234,30.0,9035.0,1266.0
2021-01-05 09:43:02.091,0.0234,0.0237,10.0,0.0234,29.0,9036.0,1267.0
2021-01-05 09:43:02.681,0.0234,0.0237,25.0,0.0234,45.0,9036.0,1267.0
2021-01-05 09:43:03.241,0.0234,0.0239,40.0,0.0235,15.0,9036.0,1267.0
2021-01-05 09:43:03.701,0.0234,0.0239,35.0,0.0235,15.0,9036.0,1267.0
2021-01-05 09:43:04.740,0.0234,0.0238,15.0,0.0234,45.0,9036.0,1267.0
2021-01-05 09:43:04.970,0.0234,0.0238,15.0,0.0234,30.0,9036.0,1267.0
2021-01-05 09:43:05.681,0.0234,0.0237,11.0,0.0234,30.0,9036.0,1267.0
2021-01-05 09:43:06.171,0.0234,0.0236,15.0,0.0234,30.0,9036.0,1267.0
2021-01-05 09:43:06.680,0.0234,0.0236,15.0,0.0234,30.0,9036.0,1267.0
2021-01-05 09:43:07.231,0.0234,0.0236,15.0,0.0234,30.0,9036.0,1267.0
2021-01-05 09:43:07.231,0.0234,0.0236,15.0,0.0234,30.0,9036.0,1267.0
2021-01-05 09:43:08.181,0.0234,0.0238,15.0,0.0234,30.0,9036.0,1267.0
2021-01-05 09:43:08.640,0.0234,0.0237,10.0,0.0234,30.0,9036.0,1267.0
2021-01-05 09:43:09.231,0.0234,0.0236,15.0,0.0234,30.0,9036.0,1267.0
2021-01-05 09:43:09.740,0.0234,0.0236,15.0,0.0234,30.0,9036.0,1267.0
2021-01-05 09:43:10.150,0.0234,0.0237,15.0,0.0235,5.0,9036.0,1267.0
2021-01-05 09:43:10.761,0.0234,0.0237,10.0,0.0235,5.0,9036.0,1267.0
2021-01-05 09:43:11.250,0.0234,0.0236,15.0,0.0235,5.0,9036.0,1267.0
2021-01-05 09:43:11.750,0.0234,0.0236,15.0,0.0235,5.0,9036.0,1267.0
2021-01-05 09:43:12.171,0.0234,0.0238,15.0,0.0235,5.0,9036.0,1267.0
2021-01-05 09:43:12.561,0.0234,0.0237,10.0,0.0235,5.0,9036.0,1267.0
2021-01-05 09:43:13.210,0.0234,0.0236,15.0,0.0235,5.0,9036.0,1267.0
2021-01-05 09:43:13.740,0.0234,0.0236,15.0,0.0235,5.0,9036.0,1267.0
2021-01-05 09:43:14.270,0.0235,0.0236,15.0,0.0234,10.0,9041.0,1272.0
2021-01-05 09:43:15.241,0.0235,0.0236,15.0,0.0234,10.0,9041.0,1272.0
2021-01-05 09:43:15.711,0.0235,0.0236,10.0,0.0234,10.0,9041.0,1272.0
2021-01-05 09:43:16.270,0.0235,0.0235,15.0,0.0234,10.0,9041.0,1272.0
2021-01-05 09:43:16.720,0.0235,0.0235,15.0,0.0234,10.0,9041.0,1272.0
2021-01-05 09:43:17.271,0.0235,0.0237,15.0,0.0234,10.0,9041.0,1272.0
2021-01-05 09:43:17.771,0.0235,0.0236,10.0,0.0234,10.0,9041.0,1272.0
2021-01-05 09:43:18.270,0.0235,0.0235,15.0,0.0234,10.0,9041.0,1272.0
2021-01-05 09:43:18.741,0.0235,0.0235,15.0,0.0234,10.0,9041.0,1272.0
2021-01-05 09:43:19.261,0.0235,0.0237,15.0,0.0234,10.0,9041.0,1272.0
2021-01-05 09:43:19.761,0.0235,0.0236,10.0,0.0234,10.0,9041.0,1272.0
2021-01-05 09:43:20.281,0.0235,0.0235,15.0,0.0234,10.0,9041.0,1272.0
2021-01-05 09:43:20.731,0.0235,0.0235,15.0,0.0234,10.0,9041.0,1272.0
2021-01-05 09:43:21.271,0.0235,0.0238,10.0,0.0234,10.0,9041.0,1272.0
2021-01-05 09:43:21.701,0.0235,0.0237,25.0,0.0234,10.0,9041.0,1272.0
2021-01-05 09:43:22.281,0.0235,0.0236,15.0,0.0234,10.0,9041.0,1272.0
2021-01-05 09:43:22.671,0.0235,0.0236,15.0,0.0234,10.0,9041.0,1272.0
2021-01-05 09:43:23.201,0.0235,0.0237,15.0,0.0234,10.0,9041.0,1272.0
2021-01-05 09:43:23.651,0.0235,0.0238,25.0,0.0234,10.0,9041.0,1272.0
2021-01-05 09:43:24.120,0.0235,0.0237,25.0,0.0234,10.0,9041.0,1272.0
2021-01-05 09:43:24.631,0.0235,0.0236,15.0,0.0234,10.0,9041.0,1272.0
2021-01-05 09:43:25.201,0.0235,0.0236,15.0,0.0234,10.0,9041.0,1272.0
2021-01-05 09:43:25.701,0.0235,0.0238,15.0,0.0235,3.0,9041.0,1272.0
2021-01-05 09:43:26.181,0.0235,0.0237,10.0,0.0235,1.0,9041.0,1272.0
2021-01-05 09:43:26.621,0.0235,0.0236,15.0,0.0234,10.0,9041.0,1272.0
2021-01-05 09:43:27.190,0.0235,0.0236,15.0,0.0235,10.0,9041.0,1272.0
2021-01-05 09:43:27.591,0.0235,0.0238,15.0,0.0235,10.0,9041.0,1272.0
2021-01-05 09:43:28.091,0.0235,0.0237,10.0,0.0235,10.0,9041.0,1272.0
2021-01-05 09:43:28.700,0.0235,0.0236,15.0,0.0235,10.0,9041.0,1272.0
2021-01-05 09:43:29.080,0.0235,0.0236,15.0,0.0235,10.0,9041.0,1272.0
2021-01-05 09:43:30.050,0.0235,0.0237,10.0,0.0236,5.0,9041.0,1272.0
2021-01-05 09:43:30.701,0.0236,0.0236,15.0,0.0235,10.0,9046.0,1277.0
2021-01-05 09:43:31.111,0.0236,0.0236,15.0,0.0235,10.0,9046.0,1277.0
2021-01-05 09:43:31.720,0.0236,0.0238,15.0,0.0235,10.0,9046.0,1277.0
2021-01-05 09:43:32.181,0.0235,0.0237,10.0,0.0235,9.0,9047.0,1278.0
2021-01-05 09:43:32.701,0.0235,0.0237,15.0,0.0235,10.0,9047.0,1278.0
2021-01-05 09:43:33.141,0.0235,0.0238,15.0,0.0235,10.0,9047.0,1278.0
2021-01-05 09:43:33.670,0.0235,0.0237,10.0,0.0235,10.0,9047.0,1278.0
2021-01-05 09:43:34.221,0.0235,0.0236,15.0,0.0235,10.0,9047.0,1278.0
2021-01-05 09:43:34.661,0.0235,0.0236,15.0,0.0235,10.0,9047.0,1278.0
2021-01-05 09:43:35.160,0.0235,0.0238,15.0,0.0235,9.0,9048.0,1279.0
2021-01-05 09:43:35.610,0.0235,0.0237,10.0,0.0235,9.0,9048.0,1279.0
2021-01-05 09:43:36.221,0.0235,0.0236,15.0,0.0235,9.0,9048.0,1279.0
2021-01-05 09:43:36.661,0.0235,0.0236,15.0,0.0234,10.0,9048.0,1279.0
2021-01-05 09:43:37.631,0.0235,0.0236,15.0,0.0234,10.0,9048.0,1279.0
2021-01-05 09:43:38.221,0.0235,0.0236,15.0,0.0235,1.0,9048.0,1279.0
2021-01-05 09:43:39.241,0.0235,0.0238,15.0,0.0235,10.0,9048.0,1279.0
2021-01-05 09:43:39.700,0.0235,0.0238,25.0,0.0235,10.0,9048.0,1279.0
2021-01-05 09:43:40.230,0.0235,0.0237,15.0,0.0235,10.0,9048.0,1279.0
2021-01-05 09:43:40.731,0.0235,0.0237,15.0,0.0235,10.0,9048.0,1279.0
2021-01-05 09:43:41.121,0.0235,0.0238,15.0,0.0235,10.0,9048.0,1279.0
2021-01-05 09:43:41.671,0.0235,0.0238,25.0,0.0235,10.0,9048.0,1279.0
2021-01-05 09:43:42.191,0.0235,0.0237,15.0,0.0235,10.0,9048.0,1279.0
2021-01-05 09:43:42.741,0.0235,0.0237,15.0,0.0235,10.0,9048.0,1279.0
2021-01-05 09:43:43.231,0.0235,0.0238,25.0,0.0234,10.0,9048.0,1279.0
2021-01-05 09:43:43.711,0.0235,0.0237,25.0,0.0236,10.0,9048.0,1279.0
2021-01-05 09:43:44.251,0.0236,0.0236,15.0,0.0233,15.0,9058.0,1289.0
2021-01-05 09:43:44.670,0.0236,0.0237,10.0,0.0235,10.0,9058.0,1289.0
2021-01-05 09:43:45.221,0.0236,0.0237,10.0,0.0231,57.0,9068.0,1299.0
2021-01-05 09:43:45.630,0.0236,0.0237,10.0,0.0232,18.0,9068.0,1299.0
2021-01-05 09:43:46.151,0.0236,0.0237,35.0,0.0233,15.0,9068.0,1299.0
2021-01-05 09:43:46.750,0.0236,0.0236,15.0,0.0233,15.0,9068.0,1299.0
2021-01-05 09:43:47.250,0.0236,0.0236,1.0,0.0233,15.0,9068.0,1299.0
2021-01-05 09:43:47.661,0.0236,0.0236,1.0,0.0233,15.0,9068.0,1299.0
2021-01-05 09:43:48.220,0.0236,0.0236,16.0,0.0233,15.0,9068.0,1299.0
2021-01-05 09:43:48.721,0.0236,0.0235,15.0,0.0232,17.0,9068.0,1299.0
2021-01-05 09:43:49.221,0.0236,0.0235,15.0,0.0231,62.0,9068.0,1299.0
2021-01-05 09:43:49.601,0.0236,0.0235,15.0,0.0231,62.0,9068.0,1299.0
2021-01-05 09:43:50.110,0.0236,0.0236,15.0,0.0232,5.0,9068.0,1299.0
2021-01-05 09:43:50.650,0.0236,0.0236,15.0,0.0233,10.0,9068.0,1299.0
2021-01-05 09:43:51.221,0.0236,0.0235,10.0,0.0233,10.0,9068.0,1299.0
2021-01-05 09:43:51.660,0.0236,0.0235,15.0,0.0234,5.0,9068.0,1299.0
2021-01-05 09:43:52.200,0.0236,0.0236,15.0,0.0234,15.0,9068.0,1299.0
2021-01-05 09:43:52.681,0.0236,0.0235,10.0,0.0234,15.0,9068.0,1299.0
2021-01-05 09:43:53.201,0.0236,0.0235,15.0,0.0234,15.0,9068.0,1299.0
2021-01-05 09:43:53.610,0.0236,0.0236,15.0,0.0234,15.0,9068.0,1299.0
2021-01-05 09:43:54.191,0.0236,0.0236,15.0,0.0234,15.0,9068.0,1299.0
2021-01-05 09:43:54.680,0.0236,0.0235,10.0,0.0234,15.0,9068.0,1299.0
2021-01-05 09:43:54.980,0.0236,0.0235,25.0,0.0234,15.0,9068.0,1299.0
2021-01-05 09:43:55.660,0.0234,0.0235,25.0,0.0234,10.0,9069.0,1300.0
2021-01-05 09:43:56.200,0.0235,0.0235,21.0,0.0234,10.0,9073.0,1304.0
2021-01-05 09:43:57.650,0.0235,0.0235,15.0,0.0234,10.0,9073.0,1304.0
2021-01-05 09:43:58.190,0.0235,0.0236,15.0,0.0234,10.0,9073.0,1304.0
2021-01-05 09:43:58.711,0.0235,0.0236,25.0,0.0234,10.0,9073.0,1304.0
2021-01-05 09:43:59.170,0.0235,0.0235,15.0,0.0234,10.0,9073.0,1304.0
2021-01-05 09:44:00.131,0.0235,0.0235,25.0,0.0234,10.0,9073.0,1304.0
2021-01-05 09:44:00.701,0.0234,0.0234,5.0,0.0231,42.0,9083.0,1314.0
2021-01-05 09:44:01.160,0.0234,0.0234,1.0,0.0231,27.0,9083.0,1314.0
2021-01-05 09:44:01.621,0.0234,0.0234,1.0,0.0232,16.0,9083.0,1314.0
2021-01-05 09:44:02.031,0.0234,0.0234,1.0,0.0233,15.0,9083.0,1314.0
2021-01-05 09:44:02.711,0.0234,0.0234,1.0,0.0232,15.0,9083.0,1314.0
2021-01-05 09:44:03.231,0.0234,0.0234,1.0,0.0232,15.0,9083.0,1314.0
2021-01-05 09:44:03.750,0.0234,0.0234,1.0,0.0232,15.0,9083.0,1314.0
2021-01-05 09:44:04.230,0.0234,0.0234,11.0,0.0232,15.0,9083.0,1314.0
2021-01-05 09:44:04.751,0.0234,0.0234,25.0,0.0231,42.0,9083.0,1314.0
2021-01-05 09:44:05.260,0.0234,0.0234,10.0,0.0232,15.0,9083.0,1314.0
2021-01-05 09:44:05.761,0.0234,0.0234,10.0,0.0232,15.0,9083.0,1314.0
2021-01-05 09:44:06.261,0.0234,0.0234,10.0,0.0232,15.0,9083.0,1314.0
2021-01-05 09:44:06.770,0.0234,0.0234,10.0,0.0233,10.0,9083.0,1314.0
2021-01-05 09:44:07.281,0.0234,0.0233,15.0,0.0232,10.0,9083.0,1314.0
2021-01-05 09:44:07.750,0.0234,0.0233,15.0,0.0232,10.0,9083.0,1314.0
2021-01-05 09:44:08.230,0.0234,0.0234,15.0,0.0232,10.0,9083.0,1314.0
2021-01-05 09:44:08.760,0.0234,0.0234,25.0,0.0232,10.0,9083.0,1314.0
2021-01-05 09:44:09.150,0.0234,0.0233,15.0,0.0232,10.0,9083.0,1314.0
2021-01-05 09:44:09.780,0.0234,0.0233,15.0,0.0232,10.0,9083.0,1314.0
2021-01-05 09:44:10.280,0.0234,0.0235,30.0,0.0232,10.0,9083.0,1314.0
2021-01-05 09:44:10.781,0.0232,0.0234,25.0,0.0231,7.0,9084.0,1315.0
2021-01-05 09:44:11.271,0.0232,0.0233,15.0,0.0232,10.0,9084.0,1315.0
2021-01-05 09:44:11.780,0.0232,0.0234,15.0,0.0232,10.0,9084.0,1315.0
2021-01-05 09:44:12.270,0.0232,0.0233,15.0,0.0232,10.0,9084.0,1315.0
2021-01-05 09:44:13.230,0.0232,0.0235,30.0,0.0232,10.0,9084.0,1315.0
2021-01-05 09:44:13.770,0.0232,0.0234,25.0,0.0232,10.0,9084.0,1315.0
2021-01-05 09:44:14.260,0.0232,0.0233,15.0,0.0232,10.0,9084.0,1315.0
2021-01-05 09:44:15.280,0.0232,0.0233,10.0,0.0232,10.0,9084.0,1315.0
2021-01-05 09:44:16.281,0.0232,0.0233,25.0,0.0232,10.0,9084.0,1315.0
2021-01-05 09:44:17.280,0.0232,0.0233,15.0,0.0232,9.0,9085.0,1316.0
2021-01-05 09:44:17.770,0.0232,0.0234,15.0,0.0232,9.0,9085.0,1316.0
2021-01-05 09:44:18.231,0.0232,0.0234,10.0,0.0232,10.0,9085.0,1316.0
2021-01-05 09:44:18.780,0.0232,0.0234,25.0,0.0232,10.0,9085.0,1316.0
2021-01-05 09:44:19.801,0.0232,0.0234,10.0,0.0232,10.0,9085.0,1316.0
2021-01-05 09:44:20.300,0.0232,0.0234,25.0,0.0232,10.0,9085.0,1316.0
2021-01-05 09:44:20.801,0.0232,0.0233,15.0,0.0232,10.0,9085.0,1316.0
2021-01-05 09:44:21.270,0.0232,0.0233,15.0,0.0232,10.0,9085.0,1316.0
2021-01-05 09:44:21.760,0.0232,0.0234,15.0,0.0232,10.0,9085.0,1316.0
2021-01-05 09:44:22.131,0.0232,0.0234,25.0,0.0232,10.0,9085.0,1316.0
2021-01-05 09:44:22.661,0.0232,0.0233,15.0,0.0232,10.0,9085.0,1316.0
2021-01-05 09:44:23.130,0.0232,0.0233,15.0,0.0232,10.0,9085.0,1316.0
2021-01-05 09:44:24.221,0.0232,0.0233,25.0,0.0232,10.0,9085.0,1316.0
2021-01-05 09:44:26.201,0.0232,0.0233,25.0,0.0232,10.0,9085.0,1316.0
2021-01-05 09:44:26.701,0.0232,0.0232,15.0,0.0231,7.0,9095.0,1326.0
2021-01-05 09:44:27.201,0.0232,0.0235,30.0,0.0231,7.0,9095.0,1326.0
2021-01-05 09:44:27.710,0.0232,0.0234,25.0,0.0231,7.0,9095.0,1326.0
2021-01-05 09:44:28.221,0.0232,0.0233,15.0,0.0231,7.0,9095.0,1326.0
2021-01-05 09:44:28.680,0.0232,0.0234,15.0,0.0231,22.0,9095.0,1326.0
2021-01-05 09:44:29.200,0.0232,0.0233,10.0,0.0231,7.0,9095.0,1326.0
2021-01-05 09:44:29.631,0.0232,0.0233,25.0,0.0231,7.0,9095.0,1326.0
2021-01-05 09:44:30.201,0.0232,0.0233,25.0,0.0231,7.0,9095.0,1326.0
2021-01-05 09:44:30.720,0.0232,0.0233,25.0,0.0231,7.0,9095.0,1326.0
2021-01-05 09:44:31.231,0.0232,0.0233,10.0,0.0231,7.0,9095.0,1326.0
2021-01-05 09:44:32.220,0.0232,0.0232,15.0,0.0231,17.0,9095.0,1326.0
2021-01-05 09:44:32.680,0.0232,0.0232,15.0,0.0231,7.0,9095.0,1326.0
2021-01-05 09:44:33.240,0.0232,0.0232,10.0,0.0231,7.0,9095.0,1326.0
2021-01-05 09:44:33.730,0.0232,0.0232,10.0,0.0231,7.0,9095.0,1326.0
2021-01-05 09:44:34.241,0.0231,0.0232,10.0,0.0231,6.0,9096.0,1327.0
2021-01-05 09:44:34.520,0.0231,0.0232,10.0,0.0231,5.0,9097.0,1328.0
2021-01-05 09:44:35.221,0.0231,0.0232,10.0,0.0231,5.0,9097.0,1328.0
2021-01-05 09:44:36.220,0.0231,0.0232,10.0,0.0231,5.0,9097.0,1328.0
2021-01-05 09:44:36.741,0.0231,0.0232,10.0,0.0231,5.0,9097.0,1328.0
2021-01-05 09:44:37.240,0.0231,0.0232,10.0,0.0231,5.0,9097.0,1328.0
2021-01-05 09:44:37.751,0.0231,0.0232,10.0,0.023,15.0,9102.0,1333.0
2021-01-05 09:44:38.201,0.0231,0.0233,20.0,0.023,15.0,9102.0,1333.0
2021-01-05 09:44:39.221,0.0231,0.0232,10.0,0.023,15.0,9102.0,1333.0
2021-01-05 09:44:39.661,0.0231,0.0232,10.0,0.023,15.0,9102.0,1333.0
2021-01-05 09:44:40.740,0.0231,0.0232,10.0,0.0229,10.0,9102.0,1333.0
2021-01-05 09:44:41.251,0.0231,0.0232,10.0,0.0229,25.0,9102.0,1333.0
2021-01-05 09:44:41.730,0.0231,0.0232,25.0,0.0229,25.0,9102.0,1333.0
2021-01-05 09:44:43.251,0.0231,0.0232,25.0,0.0229,25.0,9102.0,1333.0
2021-01-05 09:44:44.260,0.0231,0.0232,10.0,0.0229,10.0,9102.0,1333.0
2021-01-05 09:44:44.761,0.0231,0.0232,10.0,0.0229,10.0,9102.0,1333.0
2021-01-05 09:44:45.261,0.0231,0.0232,10.0,0.0229,25.0,9102.0,1333.0
2021-01-05 09:44:45.760,0.0231,0.0232,10.0,0.023,17.0,9102.0,1333.0
2021-01-05 09:44:46.271,0.0231,0.0232,10.0,0.023,17.0,9102.0,1333.0
2021-01-05 09:44:46.771,0.0231,0.0232,10.0,0.0231,15.0,9102.0,1333.0
2021-01-05 09:44:47.251,0.0231,0.0232,10.0,0.0229,10.0,9102.0,1333.0
2021-01-05 09:44:47.770,0.0231,0.0232,10.0,0.023,15.0,9102.0,1333.0
2021-01-05 09:44:48.271,0.0231,0.0232,10.0,0.023,15.0,9102.0,1333.0
2021-01-05 09:44:48.780,0.0231,0.0232,10.0,0.023,15.0,9102.0,1333.0
2021-01-05 09:44:49.270,0.0231,0.0232,10.0,0.023,15.0,9102.0,1333.0
2021-01-05 09:44:49.800,0.0231,0.0232,10.0,0.023,15.0,9102.0,1333.0
2021-01-05 09:44:50.300,0.0231,0.0232,10.0,0.0231,5.0,9102.0,1333.0
2021-01-05 09:44:50.811,0.0231,0.0232,10.0,0.0231,20.0,9102.0,1333.0
2021-01-05 09:44:51.231,0.0231,0.0232,10.0,0.0231,20.0,9102.0,1333.0
2021-01-05 09:44:51.810,0.0231,0.0232,10.0,0.0231,30.0,9102.0,1333.0
2021-01-05 09:44:53.201,0.0231,0.0232,10.0,0.0231,15.0,9102.0,1333.0
2021-01-05 09:44:53.621,0.0231,0.0232,10.0,0.0231,30.0,9102.0,1333.0
2021-01-05 09:44:55.150,0.0231,0.0232,10.0,0.0231,20.0,9102.0,1333.0
2021-01-05 09:44:55.700,0.0231,0.0232,10.0,0.0231,30.0,9102.0,1333.0
2021-01-05 09:44:56.720,0.0231,0.0234,45.0,0.0231,30.0,9102.0,1333.0
2021-01-05 09:44:57.160,0.0231,0.0233,15.0,0.0231,15.0,9102.0,1333.0
2021-01-05 09:44:57.680,0.0231,0.0233,25.0,0.0231,5.0,9102.0,1333.0
2021-01-05 09:44:58.120,0.0231,0.0233,35.0,0.0231,5.0,9102.0,1333.0
2021-01-05 09:44:58.720,0.0231,0.0232,25.0,0.0231,5.0,9102.0,1333.0
2021-01-05 09:44:59.190,0.0231,0.0232,25.0,0.0231,5.0,9102.0,1333.0
2021-01-05 09:44:59.711,0.0231,0.0231,15.0,0.023,10.0,9107.0,1338.0
