,last,ask1,asize1,bid1,bsize1,oi,volume
2021-01-05 09:25:00.080,,1.1504,1.0,1.1,4.0,5294.0,
2021-01-05 09:30:00.451,1.1504,1.1297,1.0,1.1001,5.0,5293.0,1.0
2021-01-05 09:30:00.980,1.1504,1.1297,1.0,1.1001,5.0,5293.0,1.0
2021-01-05 09:30:01.481,1.1504,1.1297,1.0,1.1002,1.0,5293.0,1.0
2021-01-05 09:30:01.990,1.1504,1.129,20.0,1.117,20.0,5293.0,1.0
2021-01-05 09:30:02.501,1.1504,1.1279,20.0,1.1159,20.0,5293.0,1.0
2021-01-05 09:30:03.471,1.1504,1.129,20.0,1.1182,20.0,5293.0,1.0
2021-01-05 09:30:04.430,1.1504,1.129,20.0,1.1172,20.0,5293.0,1.0
2021-01-05 09:30:05.010,1.1504,1.129,20.0,1.1002,1.0,5293.0,1.0
2021-01-05 09:30:05.481,1.1504,1.1276,20.0,1.1156,20.0,5293.0,1.0
2021-01-05 09:30:05.990,1.1504,1.1276,20.0,1.1002,1.0,5293.0,1.0
2021-01-05 09:30:06.480,1.1504,1.1262,20.0,1.1141,20.0,5293.0,1.0
2021-01-05 09:30:06.971,1.1504,1.1247,20.0,1.1127,20.0,5293.0,1.0
2021-01-05 09:30:08.001,1.1504,1.1238,20.0,1.1118,20.0,5293.0,1.0
2021-01-05 09:30:11.521,1.1504,1.1228,20.0,1.1107,20.0,5293.0,1.0
2021-01-05 09:30:13.000,1.1504,1.1238,20.0,1.1124,20.0,5293.0,1.0
2021-01-05 09:30:13.501,1.1504,1.1251,20.0,1.1124,20.0,5293.0,1.0
2021-01-05 09:30:15.520,1.1504,1.1251,20.0,1.1135,20.0,5293.0,1.0
2021-01-05 09:30:15.991,1.1504,1.1251,20.0,1.1124,20.0,5293.0,1.0
2021-01-05 09:30:17.021,1.1504,1.1263,20.0,1.1142,20.0,5293.0,1.0
2021-01-05 09:30:17.641,1.1504,1.1277,20.0,1.1157,20.0,5293.0,1.0
2021-01-05 09:30:19.741,1.1504,1.1286,20.0,1.1158,1.0,5293.0,1.0
2021-01-05 09:30:20.740,1.1504,1.1286,20.0,1.1157,20.0,5293.0,1.0
2021-01-05 09:30:21.241,1.1504,1.1274,20.0,1.1157,20.0,5293.0,1.0
2021-01-05 09:30:21.741,1.1504,1.1286,20.0,1.1157,20.0,5293.0,1.0
2021-01-05 09:30:22.240,1.1504,1.1267,20.0,1.1142,20.0,5293.0,1.0
2021-01-05 09:30:22.671,1.1504,1.1267,20.0,1.1152,20.0,5293.0,1.0
2021-01-05 09:30:23.670,1.1504,1.1267,20.0,1.1142,20.0,5293.0,1.0
2021-01-05 09:30:24.140,1.1504,1.1257,20.0,1.1142,20.0,5293.0,1.0
2021-01-05 09:30:25.160,1.1504,1.1246,20.0,1.1125,20.0,5293.0,1.0
2021-01-05 09:30:30.171,1.1504,1.1257,20.0,1.1125,20.0,5293.0,1.0
2021-01-05 09:30:30.620,1.1504,1.1257,20.0,1.1138,20.0,5293.0,1.0
2021-01-05 09:30:31.121,1.1504,1.1257,20.0,1.1138,20.0,5293.0,1.0
2021-01-05 09:30:32.631,1.1504,1.1257,20.0,1.1151,20.0,5293.0,1.0
2021-01-05 09:30:33.651,1.1504,1.1257,20.0,1.1151,20.0,5293.0,1.0
2021-01-05 09:30:36.170,1.1504,1.1257,20.0,1.1138,20.0,5293.0,1.0
2021-01-05 09:30:36.691,1.1504,1.1257,20.0,1.1138,20.0,5293.0,1.0
2021-01-05 09:30:37.171,1.1504,1.1257,20.0,1.1148,20.0,5293.0,1.0
2021-01-05 09:30:38.141,1.1504,1.1257,20.0,1.1148,20.0,5293.0,1.0
2021-01-05 09:30:43.180,1.1504,1.1257,20.0,1.1148,20.0,5293.0,1.0
2021-01-05 09:30:44.181,1.1504,1.1257,20.0,1.1161,20.0,5293.0,1.0
2021-01-05 09:30:44.650,1.1504,1.1257,20.0,1.1161,20.0,5293.0,1.0
2021-01-05 09:30:45.161,1.1504,1.1257,20.0,1.1161,20.0,5293.0,1.0
2021-01-05 09:30:46.701,1.1504,1.1257,20.0,1.1161,20.0,5293.0,1.0
2021-01-05 09:30:47.691,1.1504,1.1257,20.0,1.1175,20.0,5293.0,1.0
2021-01-05 09:30:48.711,1.1504,1.1257,20.0,1.1175,20.0,5293.0,1.0
2021-01-05 09:30:49.700,1.1504,1.1257,20.0,1.1175,20.0,5293.0,1.0
2021-01-05 09:30:52.651,1.1504,1.1257,20.0,1.1175,20.0,5293.0,1.0
2021-01-05 09:30:55.081,1.1504,1.1257,20.0,1.1185,20.0,5293.0,1.0
2021-01-05 09:30:55.671,1.1504,1.1257,20.0,1.1185,20.0,5293.0,1.0
2021-01-05 09:30:56.170,1.1504,1.1257,20.0,1.1185,20.0,5293.0,1.0
2021-01-05 09:30:58.091,1.1504,1.1257,20.0,1.1175,20.0,5293.0,1.0
2021-01-05 09:30:59.171,1.1504,1.1257,20.0,1.1175,20.0,5293.0,1.0
2021-01-05 09:30:59.640,1.1504,1.1257,20.0,1.1175,20.0,5293.0,1.0
2021-01-05 09:31:00.161,1.1504,1.1257,20.0,1.1164,20.0,5293.0,1.0
2021-01-05 09:31:00.681,1.1504,1.1257,20.0,1.1177,20.0,5293.0,1.0
2021-01-05 09:31:01.140,1.1504,1.1257,20.0,1.1164,20.0,5293.0,1.0
2021-01-05 09:31:02.170,1.1504,1.1257,20.0,1.1148,20.0,5293.0,1.0
2021-01-05 09:31:02.681,1.1504,1.1257,20.0,1.1158,20.0,5293.0,1.0
2021-01-05 09:31:03.131,1.1504,1.1257,20.0,1.1158,20.0,5293.0,1.0
2021-01-05 09:31:03.680,1.1504,1.1257,20.0,1.1148,20.0,5293.0,1.0
2021-01-05 09:31:04.181,1.1504,1.1257,20.0,1.1148,20.0,5293.0,1.0
2021-01-05 09:31:04.671,1.1504,1.1257,20.0,1.1148,20.0,5293.0,1.0
2021-01-05 09:31:06.681,1.1504,1.1257,20.0,1.1163,20.0,5293.0,1.0
2021-01-05 09:31:07.190,1.1504,1.1257,20.0,1.1163,20.0,5293.0,1.0
2021-01-05 09:31:07.670,1.1504,1.1257,20.0,1.1163,20.0,5293.0,1.0
2021-01-05 09:31:08.650,1.1504,1.1264,10.0,1.1175,20.0,5293.0,1.0
2021-01-05 09:31:09.051,1.1504,1.1264,10.0,1.1163,20.0,5293.0,1.0
2021-01-05 09:31:09.701,1.1504,1.1264,10.0,1.1163,20.0,5293.0,1.0
2021-01-05 09:31:11.170,1.1504,1.1264,10.0,1.1172,20.0,5293.0,1.0
2021-01-05 09:31:12.621,1.1504,1.1264,10.0,1.1163,20.0,5293.0,1.0
2021-01-05 09:31:16.180,1.1504,1.1264,10.0,1.1163,20.0,5293.0,1.0
2021-01-05 09:31:18.720,1.1504,1.1264,10.0,1.1174,20.0,5293.0,1.0
2021-01-05 09:31:19.150,1.1504,1.1264,10.0,1.1163,20.0,5293.0,1.0
2021-01-05 09:31:19.711,1.1504,1.1264,10.0,1.1174,20.0,5293.0,1.0
2021-01-05 09:31:20.171,1.1504,1.1264,30.0,1.1174,20.0,5293.0,1.0
2021-01-05 09:31:20.630,1.1504,1.1264,30.0,1.1184,20.0,5293.0,1.0
2021-01-05 09:31:21.221,1.1504,1.1264,30.0,1.1174,20.0,5293.0,1.0
2021-01-05 09:31:21.671,1.1504,1.1264,30.0,1.1174,20.0,5293.0,1.0
2021-01-05 09:31:22.211,1.1504,1.1264,30.0,1.1155,16.0,5293.0,1.0
2021-01-05 09:31:22.620,1.1504,1.1264,30.0,1.1162,20.0,5293.0,1.0
2021-01-05 09:31:23.171,1.1504,1.1233,10.0,1.1166,10.0,5293.0,1.0
2021-01-05 09:31:23.640,1.1504,1.1233,10.0,1.1162,20.0,5293.0,1.0
2021-01-05 09:31:24.660,1.1504,1.1233,10.0,1.1162,20.0,5293.0,1.0
2021-01-05 09:31:25.640,1.1504,1.1233,10.0,1.1173,20.0,5293.0,1.0
2021-01-05 09:31:28.101,1.1504,1.1233,10.0,1.1162,20.0,5293.0,1.0
2021-01-05 09:31:29.641,1.1504,1.1233,10.0,1.1162,20.0,5293.0,1.0
2021-01-05 09:31:30.170,1.1504,1.1233,10.0,1.1162,20.0,5293.0,1.0
2021-01-05 09:31:30.671,1.1504,1.1233,10.0,1.1162,20.0,5293.0,1.0
2021-01-05 09:31:32.191,1.1504,1.1233,10.0,1.1162,20.0,5293.0,1.0
2021-01-05 09:31:36.181,1.1504,1.1233,10.0,1.1163,2.0,5293.0,1.0
2021-01-05 09:31:36.690,1.1504,1.1233,10.0,1.1162,20.0,5293.0,1.0
2021-01-05 09:31:37.191,1.1504,1.1233,10.0,1.1162,20.0,5293.0,1.0
2021-01-05 09:31:38.190,1.1504,1.125,10.0,1.1175,20.0,5293.0,1.0
2021-01-05 09:31:39.210,1.1504,1.125,10.0,1.1175,20.0,5293.0,1.0
2021-01-05 09:31:40.200,1.1504,1.125,10.0,1.1176,2.0,5293.0,1.0
2021-01-05 09:31:41.191,1.1504,1.125,10.0,1.1176,2.0,5293.0,1.0
2021-01-05 09:31:41.691,1.1504,1.125,10.0,1.1184,20.0,5293.0,1.0
2021-01-05 09:31:42.211,1.1504,1.125,10.0,1.1184,30.0,5293.0,1.0
2021-01-05 09:31:43.191,1.1504,1.1257,7.0,1.1185,2.0,5293.0,1.0
2021-01-05 09:31:44.691,1.1504,1.1257,27.0,1.1185,2.0,5293.0,1.0
2021-01-05 09:31:46.171,1.1504,1.1257,7.0,1.1185,2.0,5293.0,1.0
2021-01-05 09:31:49.221,1.1504,1.1257,7.0,1.1185,2.0,5293.0,1.0
2021-01-05 09:31:49.711,1.1504,1.1257,7.0,1.1185,2.0,5293.0,1.0
2021-01-05 09:31:50.191,1.1504,1.1257,7.0,1.1185,2.0,5293.0,1.0
2021-01-05 09:31:50.710,1.1504,1.1257,7.0,1.1194,20.0,5293.0,1.0
2021-01-05 09:31:51.210,1.1504,1.1257,7.0,1.1195,2.0,5293.0,1.0
2021-01-05 09:31:51.701,1.1504,1.1257,7.0,1.1195,2.0,5293.0,1.0
2021-01-05 09:31:52.621,1.1504,1.1257,7.0,1.1195,2.0,5293.0,1.0
2021-01-05 09:31:53.171,1.1504,1.1257,7.0,1.1195,2.0,5293.0,1.0
2021-01-05 09:31:53.530,1.1257,1.1279,30.0,1.1204,20.0,5293.0,8.0
2021-01-05 09:31:54.151,1.1257,1.1279,20.0,1.1205,2.0,5293.0,8.0
2021-01-05 09:31:54.520,1.1257,1.1294,20.0,1.1205,2.0,5293.0,8.0
2021-01-05 09:31:55.150,1.1257,1.1294,20.0,1.1218,10.0,5293.0,8.0
2021-01-05 09:31:55.670,1.1257,1.1294,20.0,1.1218,30.0,5293.0,8.0
2021-01-05 09:31:56.110,1.1257,1.1294,20.0,1.1219,2.0,5293.0,8.0
2021-01-05 09:31:57.171,1.1257,1.1294,20.0,1.1219,2.0,5293.0,8.0
2021-01-05 09:32:00.150,1.1257,1.1294,20.0,1.1219,2.0,5293.0,8.0
2021-01-05 09:32:03.180,1.1257,1.1295,16.0,1.1218,10.0,5293.0,8.0
2021-01-05 09:32:03.641,1.1257,1.1295,36.0,1.1218,30.0,5293.0,8.0
2021-01-05 09:32:04.661,1.1257,1.1295,36.0,1.1218,20.0,5293.0,8.0
2021-01-05 09:32:06.680,1.1257,1.1295,36.0,1.1219,2.0,5293.0,8.0
2021-01-05 09:32:08.670,1.1257,1.1295,36.0,1.1219,2.0,5293.0,8.0
2021-01-05 09:32:09.141,1.1257,1.1295,20.0,1.1219,2.0,5293.0,8.0
2021-01-05 09:32:14.180,1.1257,1.1295,20.0,1.1219,2.0,5293.0,8.0
2021-01-05 09:32:16.520,1.1257,1.1295,20.0,1.122,2.0,5293.0,8.0
2021-01-05 09:32:18.670,1.1257,1.1295,20.0,1.122,2.0,5293.0,8.0
2021-01-05 09:32:25.170,1.1257,1.1295,20.0,1.125,1.0,5293.0,8.0
2021-01-05 09:32:25.670,1.1257,1.1295,20.0,1.125,1.0,5293.0,8.0
2021-01-05 09:32:27.670,1.1257,1.1295,20.0,1.125,1.0,5293.0,8.0
2021-01-05 09:32:41.690,1.1257,1.1295,20.0,1.125,21.0,5293.0,8.0
2021-01-05 09:32:42.700,1.1295,1.1295,19.0,1.125,21.0,5294.0,9.0
2021-01-05 09:32:43.131,1.1295,1.1295,20.0,1.125,21.0,5294.0,9.0
2021-01-05 09:32:44.700,1.1295,1.1295,20.0,1.125,1.0,5294.0,9.0
2021-01-05 09:32:47.701,1.1295,1.1295,20.0,1.125,21.0,5294.0,9.0
2021-01-05 09:32:49.670,1.1295,1.1297,1.0,1.1251,2.0,5294.0,9.0
2021-01-05 09:32:50.171,1.1295,1.1297,1.0,1.1251,2.0,5294.0,9.0
2021-01-05 09:32:50.650,1.1295,1.1297,1.0,1.1251,20.0,5294.0,9.0
2021-01-05 09:32:51.170,1.1295,1.1297,1.0,1.1252,2.0,5294.0,9.0
2021-01-05 09:32:53.641,1.1295,1.1297,1.0,1.1251,20.0,5294.0,9.0
2021-01-05 09:32:54.671,1.1295,1.1297,1.0,1.125,1.0,5294.0,9.0
2021-01-05 09:32:55.170,1.1295,1.1297,1.0,1.125,1.0,5294.0,9.0
2021-01-05 09:32:55.670,1.1295,1.1297,1.0,1.125,1.0,5294.0,9.0
2021-01-05 09:32:56.000,1.1295,1.1297,1.0,1.1251,2.0,5294.0,9.0
2021-01-05 09:32:56.611,1.1295,1.1297,1.0,1.1251,2.0,5294.0,9.0
2021-01-05 09:32:57.151,1.1295,1.1297,1.0,1.1251,2.0,5294.0,9.0
2021-01-05 09:33:00.111,1.1295,1.1297,1.0,1.1251,12.0,5294.0,9.0
2021-01-05 09:33:01.141,1.1295,1.1297,1.0,1.1251,12.0,5294.0,9.0
2021-01-05 09:33:02.130,1.1295,1.1297,1.0,1.1251,2.0,5294.0,9.0
2021-01-05 09:33:03.121,1.1295,1.1297,21.0,1.125,1.0,5294.0,9.0
2021-01-05 09:33:04.140,1.1295,1.1297,21.0,1.125,1.0,5294.0,9.0
2021-01-05 09:33:04.651,1.1295,1.1297,21.0,1.125,1.0,5294.0,9.0
2021-01-05 09:33:05.181,1.1295,1.1297,21.0,1.125,1.0,5294.0,9.0
2021-01-05 09:33:05.690,1.1295,1.1297,21.0,1.125,1.0,5294.0,9.0
2021-01-05 09:33:06.170,1.125,1.1297,21.0,1.1232,20.0,5294.0,10.0
2021-01-05 09:33:07.171,1.125,1.1297,21.0,1.1221,20.0,5294.0,10.0
2021-01-05 09:33:07.601,1.125,1.1297,21.0,1.1222,2.0,5294.0,10.0
2021-01-05 09:33:08.191,1.125,1.1297,21.0,1.1222,22.0,5294.0,10.0
2021-01-05 09:33:10.180,1.125,1.1297,21.0,1.1222,22.0,5294.0,10.0
2021-01-05 09:33:14.650,1.125,1.1297,21.0,1.1222,22.0,5294.0,10.0
2021-01-05 09:33:15.651,1.125,1.1277,10.0,1.1222,22.0,5294.0,10.0
2021-01-05 09:33:16.671,1.125,1.1277,30.0,1.1222,20.0,5294.0,10.0
2021-01-05 09:33:17.190,1.125,1.1277,30.0,1.1222,20.0,5294.0,10.0
2021-01-05 09:33:17.691,1.125,1.1277,30.0,1.1212,20.0,5294.0,10.0
2021-01-05 09:33:18.680,1.125,1.1277,30.0,1.1212,20.0,5294.0,10.0
2021-01-05 09:33:19.191,1.125,1.1277,30.0,1.1212,20.0,5294.0,10.0
2021-01-05 09:33:19.660,1.125,1.1277,30.0,1.1212,20.0,5294.0,10.0
2021-01-05 09:33:20.171,1.125,1.1277,30.0,1.1212,20.0,5294.0,10.0
2021-01-05 09:33:21.160,1.125,1.1277,30.0,1.1212,20.0,5294.0,10.0
2021-01-05 09:33:21.681,1.125,1.1277,30.0,1.1212,20.0,5294.0,10.0
2021-01-05 09:33:23.051,1.125,1.1255,10.0,1.1212,20.0,5294.0,10.0
2021-01-05 09:33:24.171,1.125,1.1255,10.0,1.1212,20.0,5294.0,10.0
2021-01-05 09:33:24.661,1.125,1.1255,10.0,1.1212,20.0,5294.0,10.0
2021-01-05 09:33:24.661,1.125,1.1255,30.0,1.1192,20.0,5294.0,10.0
2021-01-05 09:33:25.581,1.125,1.1255,30.0,1.1192,20.0,5294.0,10.0
2021-01-05 09:33:26.161,1.125,1.1255,30.0,1.1199,16.0,5294.0,10.0
2021-01-05 09:33:27.371,1.125,1.1255,20.0,1.1206,10.0,5294.0,10.0
2021-01-05 09:33:28.180,1.125,1.1275,30.0,1.1206,30.0,5294.0,10.0
2021-01-05 09:33:28.630,1.125,1.1275,30.0,1.1206,30.0,5294.0,10.0
2021-01-05 09:33:35.690,1.125,1.1275,30.0,1.1206,30.0,5294.0,10.0
2021-01-05 09:33:38.621,1.125,1.1275,30.0,1.1206,30.0,5294.0,10.0
2021-01-05 09:33:39.201,1.125,1.1275,30.0,1.1206,30.0,5294.0,10.0
2021-01-05 09:33:40.690,1.125,1.1275,20.0,1.1206,20.0,5294.0,10.0
2021-01-05 09:33:42.640,1.125,1.1275,20.0,1.1206,20.0,5294.0,10.0
2021-01-05 09:33:44.671,1.125,1.1275,20.0,1.1206,20.0,5294.0,10.0
2021-01-05 09:33:45.180,1.125,1.1275,20.0,1.1206,20.0,5294.0,10.0
2021-01-05 09:33:48.171,1.125,1.1275,20.0,1.1207,2.0,5294.0,10.0
2021-01-05 09:33:50.180,1.125,1.1275,20.0,1.1227,10.0,5294.0,10.0
2021-01-05 09:33:50.901,1.125,1.1275,20.0,1.1227,30.0,5294.0,10.0
2021-01-05 09:33:51.571,1.125,1.1275,20.0,1.1227,30.0,5294.0,10.0
2021-01-05 09:33:57.171,1.125,1.1275,20.0,1.1227,20.0,5294.0,10.0
2021-01-05 09:33:57.671,1.125,1.1275,20.0,1.1206,30.0,5294.0,10.0
2021-01-05 09:33:58.170,1.125,1.1288,20.0,1.1215,16.0,5294.0,10.0
2021-01-05 09:33:58.591,1.125,1.1288,20.0,1.1215,36.0,5294.0,10.0
2021-01-05 09:34:00.671,1.125,1.1295,16.0,1.1215,36.0,5294.0,10.0
2021-01-05 09:34:01.140,1.125,1.1295,16.0,1.1215,36.0,5294.0,10.0
2021-01-05 09:34:01.661,1.125,1.1295,16.0,1.1215,36.0,5294.0,10.0
2021-01-05 09:34:03.171,1.125,1.1295,16.0,1.1216,2.0,5294.0,10.0
2021-01-05 09:34:06.671,1.125,1.1295,16.0,1.1246,10.0,5294.0,10.0
2021-01-05 09:34:07.130,1.125,1.1297,1.0,1.1246,30.0,5294.0,10.0
2021-01-05 09:34:08.171,1.125,1.1297,1.0,1.1247,2.0,5294.0,10.0
2021-01-05 09:34:08.690,1.1297,1.1311,36.0,1.1247,2.0,5293.0,11.0
2021-01-05 09:34:09.170,1.1297,1.1311,36.0,1.1247,2.0,5293.0,11.0
2021-01-05 09:34:09.670,1.1297,1.1311,36.0,1.1246,30.0,5293.0,11.0
2021-01-05 09:34:10.690,1.1297,1.1311,36.0,1.1246,30.0,5293.0,11.0
2021-01-05 09:34:12.640,1.1297,1.1311,36.0,1.1246,30.0,5293.0,11.0
2021-01-05 09:34:13.191,1.1297,1.1311,36.0,1.1246,30.0,5293.0,11.0
2021-01-05 09:34:14.691,1.1297,1.1293,10.0,1.123,16.0,5293.0,11.0
2021-01-05 09:34:15.181,1.1297,1.1293,10.0,1.1239,20.0,5293.0,11.0
2021-01-05 09:34:15.681,1.1297,1.1293,30.0,1.1226,30.0,5293.0,11.0
2021-01-05 09:34:16.190,1.1297,1.1293,30.0,1.1227,2.0,5293.0,11.0
2021-01-05 09:34:17.181,1.1297,1.1293,30.0,1.1231,16.0,5293.0,11.0
2021-01-05 09:34:18.201,1.1297,1.1293,30.0,1.1232,2.0,5293.0,11.0
2021-01-05 09:34:18.620,1.1297,1.1293,30.0,1.1232,2.0,5293.0,11.0
2021-01-05 09:34:19.700,1.1297,1.1293,30.0,1.1232,2.0,5293.0,11.0
2021-01-05 09:34:21.690,1.1297,1.1311,20.0,1.1245,10.0,5293.0,11.0
2021-01-05 09:34:22.151,1.1297,1.1311,20.0,1.1246,2.0,5293.0,11.0
2021-01-05 09:34:22.191,1.1297,1.1311,20.0,1.1246,2.0,5293.0,11.0
2021-01-05 09:34:28.120,1.1297,1.1311,20.0,1.1245,30.0,5293.0,11.0
2021-01-05 09:34:28.621,1.1297,1.1311,20.0,1.1246,2.0,5293.0,11.0
2021-01-05 09:34:29.171,1.1297,1.1311,20.0,1.1245,30.0,5293.0,11.0
2021-01-05 09:34:29.601,1.1297,1.1311,20.0,1.1245,30.0,5293.0,11.0
2021-01-05 09:34:30.141,1.1297,1.1311,20.0,1.1245,30.0,5293.0,11.0
2021-01-05 09:34:33.691,1.1297,1.1311,20.0,1.1247,16.0,5293.0,11.0
2021-01-05 09:34:34.171,1.1297,1.1311,20.0,1.1247,16.0,5293.0,11.0
2021-01-05 09:34:34.640,1.1297,1.1311,20.0,1.1247,16.0,5293.0,11.0
2021-01-05 09:34:35.130,1.1297,1.1311,20.0,1.1248,2.0,5293.0,11.0
2021-01-05 09:34:37.700,1.1297,1.1311,20.0,1.1268,10.0,5293.0,11.0
2021-01-05 09:34:38.171,1.1297,1.1327,36.0,1.1268,30.0,5293.0,11.0
2021-01-05 09:34:38.690,1.1297,1.1327,36.0,1.1269,2.0,5293.0,11.0
2021-01-05 09:34:39.091,1.1297,1.1327,36.0,1.1269,2.0,5293.0,11.0
2021-01-05 09:34:40.171,1.1297,1.1327,20.0,1.1269,2.0,5293.0,11.0
2021-01-05 09:34:40.651,1.1297,1.1327,20.0,1.1269,2.0,5293.0,11.0
2021-01-05 09:34:41.201,1.1297,1.1344,36.0,1.1269,2.0,5293.0,11.0
2021-01-05 09:34:42.171,1.1297,1.1344,36.0,1.1269,2.0,5293.0,11.0
2021-01-05 09:34:42.680,1.1297,1.1344,36.0,1.1269,8.0,5293.0,11.0
2021-01-05 09:34:44.151,1.1297,1.1344,36.0,1.1269,2.0,5293.0,11.0
2021-01-05 09:34:45.200,1.1297,1.1344,36.0,1.1269,8.0,5293.0,11.0
2021-01-05 09:34:45.721,1.1297,1.1344,36.0,1.1269,2.0,5293.0,11.0
2021-01-05 09:34:47.181,1.1297,1.1344,36.0,1.1269,8.0,5293.0,11.0
2021-01-05 09:34:47.701,1.1297,1.1344,36.0,1.1269,2.0,5293.0,11.0
2021-01-05 09:34:48.700,1.1297,1.1344,36.0,1.127,2.0,5293.0,11.0
2021-01-05 09:34:49.701,1.1297,1.1344,36.0,1.127,2.0,5293.0,11.0
2021-01-05 09:34:50.220,1.1297,1.1344,36.0,1.127,2.0,5293.0,11.0
2021-01-05 09:34:54.631,1.1297,1.1344,20.0,1.1293,10.0,5293.0,11.0
2021-01-05 09:34:55.161,1.1297,1.136,36.0,1.1293,38.0,5293.0,11.0
2021-01-05 09:34:55.591,1.1297,1.136,36.0,1.1293,32.0,5293.0,11.0
2021-01-05 09:34:56.141,1.1297,1.136,36.0,1.1293,32.0,5293.0,11.0
2021-01-05 09:34:56.681,1.1297,1.136,20.0,1.1297,16.0,5293.0,11.0
2021-01-05 09:34:57.461,1.1297,1.136,20.0,1.1297,22.0,5293.0,11.0
2021-01-05 09:34:58.160,1.1297,1.136,20.0,1.1298,2.0,5293.0,11.0
2021-01-05 09:34:58.640,1.1297,1.136,20.0,1.1298,2.0,5293.0,11.0
2021-01-05 09:34:59.170,1.1297,1.136,20.0,1.1298,2.0,5293.0,11.0
2021-01-05 09:35:00.160,1.1297,1.136,20.0,1.1298,8.0,5293.0,11.0
2021-01-05 09:35:00.630,1.1297,1.136,20.0,1.1315,10.0,5293.0,11.0
2021-01-05 09:35:01.080,1.1297,1.1378,36.0,1.1315,30.0,5293.0,11.0
2021-01-05 09:35:01.170,1.1297,1.1378,36.0,1.1315,30.0,5293.0,11.0
2021-01-05 09:35:02.680,1.1297,1.1378,36.0,1.1315,10.0,5293.0,11.0
2021-01-05 09:35:03.180,1.1297,1.1378,36.0,1.1315,10.0,5293.0,11.0
2021-01-05 09:35:03.660,1.1297,1.136,10.0,1.1305,20.0,5293.0,11.0
2021-01-05 09:35:04.181,1.1297,1.136,20.0,1.1297,16.0,5293.0,11.0
2021-01-05 09:35:05.180,1.1297,1.1378,36.0,1.1298,2.0,5293.0,11.0
2021-01-05 09:35:05.591,1.1297,1.1378,36.0,1.1298,2.0,5293.0,11.0
2021-01-05 09:35:06.180,1.1297,1.1378,36.0,1.1298,2.0,5293.0,11.0
2021-01-05 09:35:06.421,1.1297,1.1378,36.0,1.1298,2.0,5293.0,11.0
2021-01-05 09:35:07.131,1.1297,1.1378,20.0,1.1298,2.0,5293.0,11.0
2021-01-05 09:35:07.650,1.1297,1.137,16.0,1.1309,16.0,5293.0,11.0
2021-01-05 09:35:08.171,1.1297,1.137,16.0,1.1309,36.0,5293.0,11.0
2021-01-05 09:35:09.191,1.1297,1.1378,20.0,1.1324,16.0,5293.0,11.0
2021-01-05 09:35:09.700,1.1297,1.1378,20.0,1.1325,2.0,5293.0,11.0
2021-01-05 09:35:10.180,1.1297,1.1378,20.0,1.1325,22.0,5293.0,11.0
2021-01-05 09:35:10.691,1.1297,1.1378,20.0,1.1327,10.0,5293.0,11.0
2021-01-05 09:35:11.680,1.1297,1.1378,20.0,1.1328,2.0,5293.0,11.0
2021-01-05 09:35:12.101,1.1297,1.1378,20.0,1.1328,8.0,5293.0,11.0
2021-01-05 09:35:12.691,1.1297,1.1378,20.0,1.1328,2.0,5293.0,11.0
2021-01-05 09:35:13.181,1.1297,1.1378,20.0,1.1327,10.0,5293.0,11.0
2021-01-05 09:35:14.191,1.1297,1.1369,16.0,1.1327,10.0,5293.0,11.0
2021-01-05 09:35:14.631,1.1297,1.1369,16.0,1.1308,16.0,5293.0,11.0
2021-01-05 09:35:15.200,1.1297,1.1369,36.0,1.1308,16.0,5293.0,11.0
2021-01-05 09:35:17.190,1.1297,1.1369,36.0,1.1309,2.0,5293.0,11.0
2021-01-05 09:35:18.681,1.1297,1.1369,36.0,1.1308,16.0,5293.0,11.0
2021-01-05 09:35:20.170,1.1297,1.1369,36.0,1.1308,16.0,5293.0,11.0
2021-01-05 09:35:21.620,1.1297,1.1369,36.0,1.1309,2.0,5293.0,11.0
2021-01-05 09:35:22.171,1.1297,1.1369,20.0,1.132,16.0,5293.0,11.0
2021-01-05 09:35:23.151,1.1297,1.1381,36.0,1.132,36.0,5293.0,11.0
2021-01-05 09:35:23.680,1.1297,1.1381,36.0,1.132,36.0,5293.0,11.0
2021-01-05 09:35:25.660,1.1297,1.1381,36.0,1.1321,2.0,5293.0,11.0
2021-01-05 09:35:27.641,1.1297,1.1381,36.0,1.1321,2.0,5293.0,11.0
2021-01-05 09:35:34.691,1.1297,1.1381,36.0,1.1321,8.0,5293.0,11.0
2021-01-05 09:35:35.200,1.1297,1.1381,20.0,1.1332,16.0,5293.0,11.0
2021-01-05 09:35:35.600,1.1297,1.1381,20.0,1.1333,2.0,5293.0,11.0
2021-01-05 09:35:36.180,1.1297,1.1381,20.0,1.1333,2.0,5293.0,11.0
2021-01-05 09:35:36.601,1.1297,1.1381,20.0,1.1337,10.0,5293.0,11.0
2021-01-05 09:35:37.171,1.1297,1.1393,36.0,1.1337,12.0,5293.0,11.0
2021-01-05 09:35:39.140,1.1297,1.1393,36.0,1.1337,10.0,5293.0,11.0
2021-01-05 09:35:40.191,1.1297,1.1393,36.0,1.1337,10.0,5293.0,11.0
2021-01-05 09:35:42.160,1.1297,1.1393,36.0,1.1337,10.0,5293.0,11.0
2021-01-05 09:35:43.661,1.1297,1.1393,36.0,1.1337,10.0,5293.0,11.0
2021-01-05 09:35:44.101,1.1297,1.1393,36.0,1.1338,2.0,5293.0,11.0
2021-01-05 09:35:45.670,1.1297,1.1393,20.0,1.1344,16.0,5293.0,11.0
2021-01-05 09:35:46.170,1.1297,1.1405,36.0,1.1344,36.0,5293.0,11.0
2021-01-05 09:35:46.700,1.1297,1.1405,36.0,1.1344,36.0,5293.0,11.0
2021-01-05 09:35:47.201,1.1297,1.1405,36.0,1.1345,2.0,5293.0,11.0
2021-01-05 09:35:48.700,1.1297,1.1405,36.0,1.1345,2.0,5293.0,11.0
2021-01-05 09:35:51.710,1.1297,1.1405,36.0,1.1345,8.0,5293.0,11.0
2021-01-05 09:35:52.671,1.1297,1.1405,36.0,1.1345,2.0,5293.0,11.0
2021-01-05 09:35:53.111,1.1297,1.1405,36.0,1.1345,8.0,5293.0,11.0
2021-01-05 09:35:54.640,1.1297,1.1405,36.0,1.1345,2.0,5293.0,11.0
2021-01-05 09:35:55.181,1.1297,1.1405,36.0,1.1344,36.0,5293.0,11.0
2021-01-05 09:35:55.691,1.1297,1.1405,36.0,1.1344,36.0,5293.0,11.0
2021-01-05 09:35:56.140,1.1297,1.1405,36.0,1.1344,36.0,5293.0,11.0
2021-01-05 09:35:56.661,1.1297,1.1393,16.0,1.1344,20.0,5293.0,11.0
2021-01-05 09:35:57.141,1.1297,1.1393,36.0,1.1344,20.0,5293.0,11.0
2021-01-05 09:35:57.681,1.1297,1.1393,36.0,1.1344,20.0,5293.0,11.0
2021-01-05 09:35:59.640,1.1297,1.1393,20.0,1.1344,36.0,5293.0,11.0
2021-01-05 09:36:00.201,1.1297,1.1405,36.0,1.1344,36.0,5293.0,11.0
2021-01-05 09:36:00.611,1.1297,1.1405,36.0,1.1345,2.0,5293.0,11.0
2021-01-05 09:36:01.671,1.1297,1.1405,36.0,1.1345,8.0,5293.0,11.0
2021-01-05 09:36:02.170,1.1297,1.1405,36.0,1.1345,2.0,5293.0,11.0
2021-01-05 09:36:02.701,1.1297,1.1405,36.0,1.1344,36.0,5293.0,11.0
2021-01-05 09:36:03.200,1.1297,1.1405,36.0,1.1344,36.0,5293.0,11.0
2021-01-05 09:36:04.201,1.1297,1.1405,36.0,1.1344,36.0,5293.0,11.0
2021-01-05 09:36:04.670,1.1297,1.1405,36.0,1.1344,36.0,5293.0,11.0
2021-01-05 09:36:09.161,1.1297,1.1396,10.0,1.1344,36.0,5293.0,11.0
2021-01-05 09:36:09.691,1.1297,1.1396,10.0,1.1344,36.0,5293.0,11.0
2021-01-05 09:36:10.101,1.1297,1.1392,16.0,1.1344,20.0,5293.0,11.0
2021-01-05 09:36:10.671,1.1297,1.1392,16.0,1.1332,20.0,5293.0,11.0
2021-01-05 09:36:11.651,1.1297,1.1392,16.0,1.1332,20.0,5293.0,11.0
2021-01-05 09:36:12.690,1.1297,1.1392,16.0,1.1332,20.0,5293.0,11.0
2021-01-05 09:36:13.190,1.1297,1.1392,16.0,1.1332,20.0,5293.0,11.0
2021-01-05 09:36:14.150,1.1297,1.1392,16.0,1.1332,20.0,5293.0,11.0
2021-01-05 09:36:19.151,1.1297,1.1392,16.0,1.1332,20.0,5293.0,11.0
2021-01-05 09:36:19.691,1.1297,1.1392,16.0,1.1332,20.0,5293.0,11.0
2021-01-05 09:36:23.681,1.1297,1.1392,16.0,1.1332,20.0,5293.0,11.0
2021-01-05 09:36:26.651,1.1297,1.1392,16.0,1.1332,20.0,5293.0,11.0
2021-01-05 09:36:27.690,1.1297,1.1396,20.0,1.1343,16.0,5293.0,11.0
2021-01-05 09:36:28.190,1.1297,1.1396,20.0,1.1343,16.0,5293.0,11.0
2021-01-05 09:36:28.681,1.1297,1.1404,16.0,1.1343,38.0,5293.0,11.0
2021-01-05 09:36:29.171,1.1297,1.1404,16.0,1.1343,18.0,5293.0,11.0
2021-01-05 09:36:29.590,1.1297,1.1404,16.0,1.1343,38.0,5293.0,11.0
2021-01-05 09:36:30.161,1.1297,1.1404,16.0,1.1343,18.0,5293.0,11.0
2021-01-05 09:36:30.700,1.1297,1.1404,16.0,1.1343,44.0,5293.0,11.0
2021-01-05 09:36:31.181,1.1297,1.1404,16.0,1.1343,18.0,5293.0,11.0
2021-01-05 09:36:31.690,1.1297,1.1404,16.0,1.1343,38.0,5293.0,11.0
2021-01-05 09:36:32.130,1.1297,1.1404,16.0,1.1343,16.0,5293.0,11.0
2021-01-05 09:36:32.660,1.1297,1.1404,16.0,1.1343,36.0,5293.0,11.0
2021-01-05 09:36:33.200,1.1297,1.1404,16.0,1.1343,16.0,5293.0,11.0
2021-01-05 09:36:33.670,1.1297,1.1404,16.0,1.1343,36.0,5293.0,11.0
2021-01-05 09:36:34.091,1.1297,1.1404,16.0,1.1343,42.0,5293.0,11.0
2021-01-05 09:36:35.150,1.1297,1.1404,16.0,1.1343,42.0,5293.0,11.0
2021-01-05 09:36:35.701,1.1297,1.1404,16.0,1.1344,8.0,5293.0,11.0
2021-01-05 09:36:36.700,1.1297,1.1404,16.0,1.1352,10.0,5293.0,11.0
2021-01-05 09:36:37.190,1.1297,1.1404,16.0,1.1352,10.0,5293.0,11.0
2021-01-05 09:36:37.490,1.1297,1.1404,16.0,1.1352,30.0,5293.0,11.0
2021-01-05 09:36:37.970,1.1297,1.1404,16.0,1.1352,10.0,5293.0,11.0
2021-01-05 09:36:38.640,1.1297,1.1404,16.0,1.1353,2.0,5293.0,11.0
2021-01-05 09:36:40.191,1.1297,1.1404,16.0,1.1353,2.0,5293.0,11.0
2021-01-05 09:36:41.201,1.1297,1.1404,16.0,1.1353,2.0,5293.0,11.0
2021-01-05 09:36:45.631,1.1297,1.1405,20.0,1.1356,16.0,5293.0,11.0
2021-01-05 09:36:46.190,1.1297,1.1405,20.0,1.1357,2.0,5293.0,11.0
2021-01-05 09:36:46.651,1.1297,1.1417,36.0,1.1357,2.0,5293.0,11.0
2021-01-05 09:36:47.130,1.1297,1.1417,36.0,1.1357,2.0,5293.0,11.0
2021-01-05 09:36:47.621,1.1297,1.1417,36.0,1.1374,10.0,5293.0,11.0
2021-01-05 09:36:48.630,1.1297,1.1417,36.0,1.1374,10.0,5293.0,11.0
2021-01-05 09:36:49.181,1.1297,1.1417,20.0,1.1374,10.0,5293.0,11.0
2021-01-05 09:36:50.201,1.1297,1.1429,36.0,1.1374,10.0,5293.0,11.0
2021-01-05 09:36:51.171,1.1297,1.1429,36.0,1.1374,12.0,5293.0,11.0
2021-01-05 09:36:54.180,1.1297,1.1429,36.0,1.1374,12.0,5293.0,11.0
2021-01-05 09:36:54.631,1.1297,1.1429,36.0,1.1374,10.0,5293.0,11.0
2021-01-05 09:36:55.651,1.1297,1.1429,36.0,1.1371,22.0,5293.0,11.0
2021-01-05 09:36:56.691,1.1297,1.1429,36.0,1.1371,22.0,5293.0,11.0
2021-01-05 09:37:02.191,1.1297,1.1429,36.0,1.1371,20.0,5293.0,11.0
2021-01-05 09:37:02.640,1.1297,1.1429,36.0,1.1371,20.0,5293.0,11.0
2021-01-05 09:37:03.151,1.1297,1.1429,36.0,1.1371,20.0,5293.0,11.0
2021-01-05 09:37:03.630,1.1297,1.1429,36.0,1.1371,20.0,5293.0,11.0
2021-01-05 09:37:04.200,1.1297,1.1414,16.0,1.1353,16.0,5293.0,11.0
2021-01-05 09:37:04.690,1.1297,1.1414,16.0,1.1353,16.0,5293.0,11.0
2021-01-05 09:37:05.140,1.1297,1.1414,36.0,1.1353,16.0,5293.0,11.0
2021-01-05 09:37:05.701,1.1297,1.1414,16.0,1.1353,16.0,5293.0,11.0
2021-01-05 09:37:06.171,1.1297,1.1414,36.0,1.1353,16.0,5293.0,11.0
2021-01-05 09:37:08.200,1.1297,1.1414,36.0,1.1353,16.0,5293.0,11.0
2021-01-05 09:37:09.170,1.1297,1.1414,36.0,1.1354,2.0,5293.0,11.0
2021-01-05 09:37:10.140,1.1297,1.1414,36.0,1.1354,2.0,5293.0,11.0
2021-01-05 09:37:10.701,1.1297,1.1414,36.0,1.1353,16.0,5293.0,11.0
2021-01-05 09:37:12.620,1.1297,1.1414,36.0,1.1353,16.0,5293.0,11.0
2021-01-05 09:37:13.681,1.1297,1.1414,36.0,1.1354,2.0,5293.0,11.0
2021-01-05 09:37:14.171,1.1297,1.1414,36.0,1.1354,2.0,5293.0,11.0
2021-01-05 09:37:15.200,1.1297,1.1414,36.0,1.1354,2.0,5293.0,11.0
2021-01-05 09:37:16.461,1.1297,1.1414,36.0,1.1353,36.0,5293.0,11.0
2021-01-05 09:37:17.671,1.1297,1.1414,36.0,1.1353,36.0,5293.0,11.0
2021-01-05 09:37:20.691,1.1297,1.1414,36.0,1.1354,2.0,5293.0,11.0
2021-01-05 09:37:21.200,1.1297,1.1414,36.0,1.1353,36.0,5293.0,11.0
2021-01-05 09:37:23.150,1.1297,1.1414,36.0,1.1353,36.0,5293.0,11.0
2021-01-05 09:37:32.651,1.1297,1.1414,36.0,1.1353,36.0,5293.0,11.0
2021-01-05 09:37:37.691,1.1297,1.1414,36.0,1.1353,36.0,5293.0,11.0
2021-01-05 09:37:38.651,1.1297,1.1401,16.0,1.1353,20.0,5293.0,11.0
2021-01-05 09:37:39.170,1.1297,1.1401,16.0,1.1345,16.0,5293.0,11.0
2021-01-05 09:37:39.641,1.1297,1.1401,36.0,1.1345,16.0,5293.0,11.0
2021-01-05 09:37:40.701,1.1297,1.1401,36.0,1.1345,16.0,5293.0,11.0
2021-01-05 09:37:41.131,1.1297,1.1401,36.0,1.1345,16.0,5293.0,11.0
2021-01-05 09:37:42.130,1.1297,1.1401,36.0,1.1345,16.0,5293.0,11.0
2021-01-05 09:37:44.651,1.1297,1.1389,16.0,1.1343,20.0,5293.0,11.0
2021-01-05 09:37:45.191,1.1297,1.1389,36.0,1.1333,36.0,5293.0,11.0
2021-01-05 09:37:46.601,1.1297,1.1389,36.0,1.1333,36.0,5293.0,11.0
2021-01-05 09:37:47.661,1.1297,1.1389,36.0,1.1333,42.0,5293.0,11.0
2021-01-05 09:37:48.201,1.1297,1.1389,36.0,1.1333,42.0,5293.0,11.0
2021-01-05 09:37:48.700,1.1297,1.1389,36.0,1.1333,36.0,5293.0,11.0
2021-01-05 09:37:49.190,1.1297,1.1389,36.0,1.1333,42.0,5293.0,11.0
2021-01-05 09:37:49.670,1.1297,1.1389,36.0,1.1333,36.0,5293.0,11.0
2021-01-05 09:37:51.691,1.1297,1.1389,20.0,1.1346,16.0,5293.0,11.0
2021-01-05 09:37:52.191,1.1297,1.1389,20.0,1.1346,16.0,5293.0,11.0
2021-01-05 09:37:52.300,1.1297,1.1397,10.0,1.1346,16.0,5293.0,11.0
2021-01-05 09:37:56.611,1.1297,1.1397,10.0,1.1346,16.0,5293.0,11.0
2021-01-05 09:37:57.170,1.1297,1.1391,16.0,1.1345,20.0,5293.0,11.0
2021-01-05 09:37:57.601,1.1297,1.1391,36.0,1.1335,16.0,5293.0,11.0
2021-01-05 09:37:59.161,1.1297,1.1391,36.0,1.1335,16.0,5293.0,11.0
2021-01-05 09:38:00.680,1.1297,1.1391,36.0,1.1335,22.0,5293.0,11.0
2021-01-05 09:38:01.180,1.1297,1.1391,36.0,1.1335,16.0,5293.0,11.0
2021-01-05 09:38:01.681,1.1297,1.1391,36.0,1.1335,22.0,5293.0,11.0
2021-01-05 09:38:03.691,1.1297,1.1391,36.0,1.1335,16.0,5293.0,11.0
2021-01-05 09:38:04.680,1.1297,1.1391,36.0,1.1336,2.0,5293.0,11.0
2021-01-05 09:38:05.681,1.1297,1.1391,36.0,1.1335,16.0,5293.0,11.0
2021-01-05 09:38:06.691,1.1297,1.1391,36.0,1.1335,18.0,5293.0,11.0
2021-01-05 09:38:07.200,1.1297,1.1391,20.0,1.1349,16.0,5293.0,11.0
2021-01-05 09:38:07.690,1.1297,1.1401,20.0,1.1349,36.0,5293.0,11.0
2021-01-05 09:38:09.611,1.1297,1.1401,20.0,1.1349,38.0,5293.0,11.0
2021-01-05 09:38:10.180,1.1297,1.1401,20.0,1.136,16.0,5293.0,11.0
2021-01-05 09:38:10.670,1.1297,1.1416,36.0,1.136,36.0,5293.0,11.0
2021-01-05 09:38:12.191,1.1297,1.1416,36.0,1.136,16.0,5293.0,11.0
2021-01-05 09:38:13.690,1.1297,1.1416,36.0,1.136,36.0,5293.0,11.0
2021-01-05 09:38:15.150,1.1297,1.1416,36.0,1.136,38.0,5293.0,11.0
2021-01-05 09:38:16.210,1.1297,1.1416,36.0,1.136,36.0,5293.0,11.0
2021-01-05 09:38:16.731,1.1297,1.1416,36.0,1.136,36.0,5293.0,11.0
2021-01-05 09:38:20.671,1.1297,1.1416,20.0,1.1372,16.0,5293.0,11.0
2021-01-05 09:38:21.670,1.1297,1.1428,36.0,1.1372,46.0,5293.0,11.0
2021-01-05 09:38:22.210,1.1297,1.1428,36.0,1.1372,46.0,5293.0,11.0
2021-01-05 09:38:24.141,1.1297,1.1428,20.0,1.1384,16.0,5293.0,11.0
2021-01-05 09:38:24.671,1.1297,1.144,36.0,1.1384,36.0,5293.0,11.0
2021-01-05 09:38:26.701,1.1297,1.144,36.0,1.1384,36.0,5293.0,11.0
2021-01-05 09:38:28.171,1.1297,1.144,36.0,1.1384,36.0,5293.0,11.0
2021-01-05 09:38:30.670,1.1297,1.144,36.0,1.1384,36.0,5293.0,11.0
2021-01-05 09:38:31.650,1.1297,1.144,36.0,1.1384,36.0,5293.0,11.0
2021-01-05 09:38:33.191,1.1297,1.144,20.0,1.1394,16.0,5293.0,11.0
2021-01-05 09:38:33.700,1.1297,1.145,20.0,1.1394,36.0,5293.0,11.0
2021-01-05 09:38:34.201,1.1297,1.145,20.0,1.1394,36.0,5293.0,11.0
2021-01-05 09:38:34.681,1.1297,1.145,20.0,1.1407,16.0,5293.0,11.0
2021-01-05 09:38:35.621,1.1297,1.1466,36.0,1.1407,36.0,5293.0,11.0
2021-01-05 09:38:37.050,1.1297,1.1466,36.0,1.1408,2.0,5293.0,11.0
2021-01-05 09:38:37.680,1.1297,1.1466,36.0,1.1408,2.0,5293.0,11.0
2021-01-05 09:38:38.161,1.1297,1.1466,36.0,1.1408,2.0,5293.0,11.0
2021-01-05 09:38:39.161,1.1297,1.1466,20.0,1.1422,16.0,5293.0,11.0
2021-01-05 09:38:39.661,1.1297,1.1481,36.0,1.1422,36.0,5293.0,11.0
2021-01-05 09:38:40.201,1.1297,1.1481,36.0,1.1423,2.0,5293.0,11.0
2021-01-05 09:38:40.391,1.1297,1.1481,16.0,1.1423,2.0,5293.0,11.0
2021-01-05 09:38:41.190,1.1297,1.1481,16.0,1.1423,2.0,5293.0,11.0
2021-01-05 09:38:41.670,1.1297,1.1491,20.0,1.1434,16.0,5293.0,11.0
2021-01-05 09:38:42.700,1.1297,1.1491,20.0,1.1434,36.0,5293.0,11.0
2021-01-05 09:38:44.690,1.1297,1.1491,20.0,1.1434,36.0,5293.0,11.0
2021-01-05 09:38:45.580,1.1297,1.1481,16.0,1.1434,20.0,5293.0,11.0
2021-01-05 09:38:46.200,1.1297,1.1481,36.0,1.1422,36.0,5293.0,11.0
2021-01-05 09:38:46.631,1.1297,1.1481,36.0,1.1423,2.0,5293.0,11.0
2021-01-05 09:38:47.140,1.1297,1.1481,36.0,1.1422,36.0,5293.0,11.0
2021-01-05 09:38:48.650,1.1297,1.1469,16.0,1.1422,20.0,5293.0,11.0
2021-01-05 09:38:49.130,1.1297,1.1469,36.0,1.141,36.0,5293.0,11.0
2021-01-05 09:38:49.670,1.1297,1.1469,36.0,1.141,36.0,5293.0,11.0
2021-01-05 09:38:50.110,1.1297,1.1469,36.0,1.1411,2.0,5293.0,11.0
2021-01-05 09:38:50.651,1.1297,1.1469,36.0,1.141,36.0,5293.0,11.0
2021-01-05 09:38:52.150,1.1297,1.1481,20.0,1.1423,16.0,5293.0,11.0
2021-01-05 09:38:53.191,1.1297,1.1481,20.0,1.1423,36.0,5293.0,11.0
2021-01-05 09:38:54.690,1.1297,1.1481,20.0,1.1424,2.0,5293.0,11.0
2021-01-05 09:38:55.191,1.1297,1.1481,20.0,1.1424,2.0,5293.0,11.0
2021-01-05 09:38:56.190,1.1297,1.149,20.0,1.1436,16.0,5293.0,11.0
2021-01-05 09:38:57.200,1.1297,1.149,20.0,1.1436,16.0,5293.0,11.0
2021-01-05 09:38:57.640,1.1297,1.149,20.0,1.1436,16.0,5293.0,11.0
2021-01-05 09:38:58.670,1.1297,1.1482,16.0,1.1423,20.0,5293.0,11.0
2021-01-05 09:38:59.700,1.1297,1.1482,16.0,1.1423,20.0,5293.0,11.0
2021-01-05 09:39:00.660,1.1297,1.1482,16.0,1.1423,20.0,5293.0,11.0
2021-01-05 09:39:01.160,1.1297,1.1482,16.0,1.1423,20.0,5293.0,11.0
2021-01-05 09:39:02.170,1.1297,1.1482,16.0,1.1423,20.0,5293.0,11.0
2021-01-05 09:39:02.660,1.1297,1.1482,16.0,1.1423,22.0,5293.0,11.0
2021-01-05 09:39:03.150,1.1297,1.1482,16.0,1.1423,20.0,5293.0,11.0
2021-01-05 09:39:09.161,1.1297,1.1482,16.0,1.1423,20.0,5293.0,11.0
2021-01-05 09:39:10.191,1.1297,1.1482,16.0,1.1423,20.0,5293.0,11.0
2021-01-05 09:39:10.721,1.1297,1.1482,16.0,1.1424,2.0,5293.0,11.0
2021-01-05 09:39:13.720,1.1297,1.1482,16.0,1.1423,20.0,5293.0,11.0
2021-01-05 09:39:15.220,1.1297,1.149,20.0,1.1433,16.0,5293.0,11.0
2021-01-05 09:39:15.720,1.1297,1.149,20.0,1.1433,36.0,5293.0,11.0
2021-01-05 09:39:17.191,1.1297,1.149,20.0,1.1433,38.0,5293.0,11.0
2021-01-05 09:39:17.650,1.1297,1.149,20.0,1.1433,36.0,5293.0,11.0
2021-01-05 09:39:19.710,1.1297,1.149,20.0,1.1433,36.0,5293.0,11.0
2021-01-05 09:39:20.741,1.1297,1.149,20.0,1.144,10.0,5293.0,11.0
2021-01-05 09:39:23.200,1.1297,1.149,20.0,1.144,10.0,5293.0,11.0
2021-01-05 09:39:23.710,1.1297,1.149,20.0,1.144,10.0,5293.0,11.0
2021-01-05 09:39:25.700,1.1297,1.149,20.0,1.144,10.0,5293.0,11.0
2021-01-05 09:39:26.130,1.1297,1.149,20.0,1.144,10.0,5293.0,11.0
2021-01-05 09:39:26.681,1.1297,1.149,20.0,1.144,10.0,5293.0,11.0
2021-01-05 09:39:30.220,1.1297,1.149,20.0,1.1433,36.0,5293.0,11.0
2021-01-05 09:39:30.721,1.1297,1.149,20.0,1.1433,36.0,5293.0,11.0
2021-01-05 09:39:31.121,1.1297,1.149,20.0,1.1433,36.0,5293.0,11.0
2021-01-05 09:39:32.141,1.1297,1.149,20.0,1.1433,36.0,5293.0,11.0
2021-01-05 09:39:32.700,1.1297,1.149,20.0,1.1433,36.0,5293.0,11.0
2021-01-05 09:39:34.681,1.1297,1.149,20.0,1.1433,36.0,5293.0,11.0
2021-01-05 09:39:36.231,1.1297,1.149,20.0,1.1433,36.0,5293.0,11.0
2021-01-05 09:39:36.660,1.1297,1.149,20.0,1.1433,36.0,5293.0,11.0
2021-01-05 09:39:39.241,1.1297,1.149,20.0,1.1433,36.0,5293.0,11.0
2021-01-05 09:39:40.721,1.1297,1.149,20.0,1.1433,36.0,5293.0,11.0
2021-01-05 09:39:41.750,1.1297,1.149,20.0,1.1433,38.0,5293.0,11.0
2021-01-05 09:39:42.210,1.1297,1.149,20.0,1.1433,16.0,5293.0,11.0
2021-01-05 09:39:42.740,1.1297,1.1481,16.0,1.1423,20.0,5293.0,11.0
2021-01-05 09:39:43.191,1.1297,1.1481,36.0,1.1423,20.0,5293.0,11.0
2021-01-05 09:39:43.660,1.1297,1.1481,36.0,1.1423,20.0,5293.0,11.0
2021-01-05 09:39:44.680,1.1297,1.1481,36.0,1.1423,20.0,5293.0,11.0
2021-01-05 09:39:46.190,1.1297,1.1481,36.0,1.1423,20.0,5293.0,11.0
2021-01-05 09:39:47.250,1.1297,1.1481,20.0,1.1433,16.0,5293.0,11.0
2021-01-05 09:39:48.140,1.1297,1.149,20.0,1.1433,16.0,5293.0,11.0
2021-01-05 09:39:48.221,1.1297,1.149,20.0,1.1433,36.0,5293.0,11.0
2021-01-05 09:39:49.241,1.1297,1.149,20.0,1.1433,36.0,5293.0,11.0
2021-01-05 09:39:49.711,1.1297,1.149,20.0,1.1433,36.0,5293.0,11.0
2021-01-05 09:39:50.710,1.1297,1.149,20.0,1.1433,38.0,5293.0,11.0
2021-01-05 09:39:51.241,1.1297,1.149,20.0,1.1444,16.0,5293.0,11.0
2021-01-05 09:39:51.730,1.1297,1.149,20.0,1.1444,36.0,5293.0,11.0
2021-01-05 09:39:52.251,1.1297,1.149,20.0,1.1444,36.0,5293.0,11.0
2021-01-05 09:39:52.670,1.1297,1.149,20.0,1.1444,36.0,5293.0,11.0
2021-01-05 09:39:53.630,1.1297,1.149,20.0,1.1444,16.0,5293.0,11.0
2021-01-05 09:39:54.191,1.1297,1.149,20.0,1.1444,16.0,5293.0,11.0
2021-01-05 09:39:54.691,1.1297,1.149,20.0,1.1444,36.0,5293.0,11.0
2021-01-05 09:39:56.120,1.1297,1.1498,10.0,1.1445,2.0,5293.0,11.0
2021-01-05 09:39:56.691,1.1297,1.1498,10.0,1.1444,16.0,5293.0,11.0
2021-01-05 09:39:57.181,1.1297,1.1498,30.0,1.1444,16.0,5293.0,11.0
2021-01-05 09:39:57.580,1.1297,1.1498,20.0,1.1444,16.0,5293.0,11.0
2021-01-05 09:39:58.600,1.1297,1.1498,20.0,1.1444,16.0,5293.0,11.0
2021-01-05 09:40:01.570,1.1297,1.1492,16.0,1.1433,36.0,5293.0,11.0
2021-01-05 09:40:02.671,1.1297,1.1478,10.0,1.1433,36.0,5293.0,11.0
2021-01-05 09:40:03.171,1.1297,1.1478,30.0,1.1433,36.0,5293.0,11.0
2021-01-05 09:40:03.691,1.1297,1.1478,30.0,1.1433,36.0,5293.0,11.0
2021-01-05 09:40:07.700,1.1297,1.1478,30.0,1.1433,20.0,5293.0,11.0
2021-01-05 09:40:08.200,1.1297,1.1478,30.0,1.1422,36.0,5293.0,11.0
2021-01-05 09:40:08.690,1.1297,1.1478,30.0,1.1422,36.0,5293.0,11.0
2021-01-05 09:40:09.191,1.1297,1.1478,20.0,1.1422,36.0,5293.0,11.0
2021-01-05 09:40:12.680,1.1297,1.1468,16.0,1.1422,20.0,5293.0,11.0
2021-01-05 09:40:13.170,1.1297,1.1468,36.0,1.1409,36.0,5293.0,11.0
2021-01-05 09:40:13.700,1.1297,1.1468,36.0,1.1409,36.0,5293.0,11.0
2021-01-05 09:40:14.150,1.1297,1.1468,36.0,1.1409,36.0,5293.0,11.0
2021-01-05 09:40:17.191,1.1297,1.1459,10.0,1.1409,36.0,5293.0,11.0
2021-01-05 09:40:17.661,1.1297,1.1459,30.0,1.1409,36.0,5293.0,11.0
2021-01-05 09:40:19.711,1.1297,1.1459,30.0,1.1409,36.0,5293.0,11.0
2021-01-05 09:40:20.191,1.1297,1.1459,30.0,1.1409,38.0,5293.0,11.0
2021-01-05 09:40:21.200,1.1297,1.1459,20.0,1.1415,10.0,5293.0,11.0
2021-01-05 09:40:21.701,1.1297,1.1468,36.0,1.1415,10.0,5293.0,11.0
2021-01-05 09:40:22.210,1.1297,1.1468,36.0,1.1415,10.0,5293.0,11.0
2021-01-05 09:40:22.591,1.1297,1.1468,36.0,1.1415,10.0,5293.0,11.0
2021-01-05 09:40:23.200,1.1297,1.1468,36.0,1.1415,10.0,5293.0,11.0
2021-01-05 09:40:24.160,1.1297,1.1468,20.0,1.142,16.0,5293.0,11.0
2021-01-05 09:40:24.681,1.1297,1.1468,20.0,1.142,16.0,5293.0,11.0
2021-01-05 09:40:25.121,1.1297,1.1479,36.0,1.142,36.0,5293.0,11.0
2021-01-05 09:40:27.140,1.1297,1.1479,36.0,1.142,36.0,5293.0,11.0
2021-01-05 09:40:27.701,1.1297,1.1479,36.0,1.142,36.0,5293.0,11.0
2021-01-05 09:40:28.110,1.1297,1.1479,36.0,1.142,36.0,5293.0,11.0
2021-01-05 09:40:28.690,1.1297,1.1479,36.0,1.142,36.0,5293.0,11.0
2021-01-05 09:40:29.170,1.1297,1.1479,36.0,1.142,36.0,5293.0,11.0
2021-01-05 09:40:30.150,1.1297,1.1479,36.0,1.142,36.0,5293.0,11.0
2021-01-05 09:40:30.700,1.1297,1.1479,36.0,1.142,36.0,5293.0,11.0
2021-01-05 09:40:41.640,1.1297,1.1468,16.0,1.142,20.0,5293.0,11.0
2021-01-05 09:40:42.201,1.1297,1.1468,36.0,1.142,20.0,5293.0,11.0
2021-01-05 09:40:44.161,1.1297,1.1468,36.0,1.142,20.0,5293.0,11.0
2021-01-05 09:40:49.111,1.1297,1.1468,36.0,1.142,20.0,5293.0,11.0
2021-01-05 09:40:56.711,1.1297,1.1468,36.0,1.142,20.0,5293.0,11.0
2021-01-05 09:40:57.701,1.1297,1.1468,36.0,1.1409,36.0,5293.0,11.0
2021-01-05 09:41:01.041,1.1297,1.1468,36.0,1.1409,36.0,5293.0,11.0
2021-01-05 09:41:01.650,1.1297,1.1468,36.0,1.1409,36.0,5293.0,11.0
2021-01-05 09:41:03.110,1.1297,1.1468,36.0,1.1409,36.0,5293.0,11.0
2021-01-05 09:41:03.721,1.1297,1.1468,36.0,1.1409,36.0,5293.0,11.0
2021-01-05 09:41:04.180,1.1297,1.1468,36.0,1.1409,36.0,5293.0,11.0
2021-01-05 09:41:05.220,1.1297,1.1468,36.0,1.1409,36.0,5293.0,11.0
2021-01-05 09:41:06.680,1.1297,1.1468,36.0,1.1409,36.0,5293.0,11.0
2021-01-05 09:41:08.201,1.1297,1.1468,20.0,1.1421,16.0,5293.0,11.0
2021-01-05 09:41:08.701,1.1297,1.1468,20.0,1.1421,16.0,5293.0,11.0
2021-01-05 09:41:09.210,1.1297,1.1479,20.0,1.1421,36.0,5293.0,11.0
2021-01-05 09:41:09.650,1.1297,1.147,20.0,1.1421,16.0,5293.0,11.0
2021-01-05 09:41:10.220,1.1297,1.1479,20.0,1.1421,36.0,5293.0,11.0
2021-01-05 09:41:10.710,1.1297,1.1479,20.0,1.1421,16.0,5293.0,11.0
2021-01-05 09:41:11.210,1.1297,1.1479,20.0,1.1421,36.0,5293.0,11.0
2021-01-05 09:41:11.711,1.1297,1.1479,20.0,1.1421,16.0,5293.0,11.0
2021-01-05 09:41:12.151,1.1297,1.1479,20.0,1.1421,36.0,5293.0,11.0
2021-01-05 09:41:13.711,1.1297,1.1479,20.0,1.1421,36.0,5293.0,11.0
2021-01-05 09:41:15.651,1.1297,1.1479,20.0,1.1421,36.0,5293.0,11.0
2021-01-05 09:41:27.131,1.1297,1.1479,20.0,1.1426,10.0,5293.0,11.0
2021-01-05 09:41:27.710,1.1297,1.1479,20.0,1.1426,10.0,5293.0,11.0
2021-01-05 09:41:28.171,1.1297,1.1479,20.0,1.1426,10.0,5293.0,11.0
2021-01-05 09:41:30.670,1.1297,1.1479,20.0,1.1423,2.0,5293.0,11.0
2021-01-05 09:41:31.181,1.1297,1.1479,20.0,1.1421,36.0,5293.0,11.0
2021-01-05 09:41:31.700,1.1297,1.1479,20.0,1.1421,36.0,5293.0,11.0
2021-01-05 09:41:33.171,1.1297,1.1479,20.0,1.1421,36.0,5293.0,11.0
2021-01-05 09:41:33.680,1.1297,1.1479,20.0,1.1421,36.0,5293.0,11.0
2021-01-05 09:41:35.221,1.1297,1.1479,20.0,1.1421,38.0,5293.0,11.0
2021-01-05 09:41:35.721,1.1297,1.1479,20.0,1.1432,16.0,5293.0,11.0
2021-01-05 09:41:36.720,1.1297,1.1491,36.0,1.1432,36.0,5293.0,11.0
2021-01-05 09:41:38.220,1.1297,1.1491,20.0,1.1443,16.0,5293.0,11.0
2021-01-05 09:41:38.650,1.1297,1.1491,20.0,1.1443,16.0,5293.0,11.0
2021-01-05 09:41:39.221,1.1297,1.1503,36.0,1.1443,36.0,5293.0,11.0
2021-01-05 09:41:39.521,1.1297,1.1491,20.0,1.1443,16.0,5293.0,11.0
2021-01-05 09:41:40.231,1.1297,1.1503,36.0,1.1443,36.0,5293.0,11.0
2021-01-05 09:41:40.721,1.1297,1.1503,36.0,1.1443,16.0,5293.0,11.0
2021-01-05 09:41:41.130,1.1297,1.1503,36.0,1.1443,36.0,5293.0,11.0
2021-01-05 09:41:41.630,1.1297,1.1503,36.0,1.1443,16.0,5293.0,11.0
2021-01-05 09:41:41.801,1.1297,1.1492,16.0,1.1443,20.0,5293.0,11.0
2021-01-05 09:41:42.700,1.1297,1.1492,36.0,1.1432,36.0,5293.0,11.0
2021-01-05 09:41:44.671,1.1297,1.1492,36.0,1.1432,36.0,5293.0,11.0
2021-01-05 09:41:47.201,1.1297,1.1492,36.0,1.1432,36.0,5293.0,11.0
2021-01-05 09:41:49.191,1.1297,1.1492,36.0,1.1432,36.0,5293.0,11.0
2021-01-05 09:41:49.750,1.1297,1.1492,36.0,1.1433,2.0,5293.0,11.0
2021-01-05 09:41:50.231,1.1297,1.1492,20.0,1.1444,16.0,5293.0,11.0
2021-01-05 09:41:51.251,1.1297,1.1503,20.0,1.1444,36.0,5293.0,11.0
2021-01-05 09:41:52.261,1.1297,1.1503,20.0,1.1444,36.0,5293.0,11.0
2021-01-05 09:41:52.690,1.1297,1.1503,20.0,1.1444,36.0,5293.0,11.0
2021-01-05 09:41:53.681,1.1297,1.1503,20.0,1.1444,36.0,5293.0,11.0
2021-01-05 09:41:56.151,1.1297,1.1503,20.0,1.1452,10.0,5293.0,11.0
2021-01-05 09:41:57.110,1.1297,1.1504,16.0,1.1452,10.0,5293.0,11.0
2021-01-05 09:41:57.640,1.1297,1.1504,16.0,1.1452,10.0,5293.0,11.0
2021-01-05 09:42:01.651,1.1297,1.1514,36.0,1.1455,16.0,5293.0,11.0
2021-01-05 09:42:02.201,1.1297,1.1514,36.0,1.1455,36.0,5293.0,11.0
2021-01-05 09:42:02.710,1.1297,1.1514,36.0,1.1455,36.0,5293.0,11.0
2021-01-05 09:42:07.230,1.1297,1.1514,36.0,1.1455,36.0,5293.0,11.0
2021-01-05 09:42:08.220,1.1297,1.1514,36.0,1.1455,36.0,5293.0,11.0
2021-01-05 09:42:09.551,1.1297,1.1514,36.0,1.1455,36.0,5293.0,11.0
2021-01-05 09:42:11.720,1.1297,1.1514,36.0,1.1455,36.0,5293.0,11.0
2021-01-05 09:42:12.210,1.1297,1.1514,20.0,1.1469,16.0,5293.0,11.0
2021-01-05 09:42:12.721,1.1297,1.1514,20.0,1.1469,36.0,5293.0,11.0
2021-01-05 09:42:13.211,1.1297,1.1514,20.0,1.1469,36.0,5293.0,11.0
2021-01-05 09:42:13.731,1.1297,1.1514,20.0,1.1469,36.0,5293.0,11.0
2021-01-05 09:42:14.671,1.1297,1.1528,36.0,1.1469,36.0,5293.0,11.0
2021-01-05 09:42:18.701,1.1297,1.1517,16.0,1.1469,20.0,5293.0,11.0
2021-01-05 09:42:19.721,1.1297,1.1517,36.0,1.1458,16.0,5293.0,11.0
2021-01-05 09:42:20.150,1.1297,1.1517,36.0,1.1458,16.0,5293.0,11.0
2021-01-05 09:42:22.221,1.1297,1.1517,36.0,1.1458,18.0,5293.0,11.0
2021-01-05 09:42:23.191,1.1297,1.1517,36.0,1.1458,16.0,5293.0,11.0
2021-01-05 09:42:24.151,1.1297,1.1517,36.0,1.1459,2.0,5293.0,11.0
2021-01-05 09:42:25.200,1.1297,1.1517,36.0,1.1458,16.0,5293.0,11.0
2021-01-05 09:42:25.621,1.1297,1.1517,36.0,1.1458,16.0,5293.0,11.0
2021-01-05 09:42:26.130,1.1297,1.1517,36.0,1.1458,16.0,5293.0,11.0
2021-01-05 09:42:31.200,1.1297,1.1517,36.0,1.1459,2.0,5293.0,11.0
2021-01-05 09:42:33.720,1.1297,1.1517,36.0,1.1459,2.0,5293.0,11.0
2021-01-05 09:42:34.210,1.1297,1.1517,36.0,1.1458,16.0,5293.0,11.0
2021-01-05 09:42:34.731,1.1297,1.1517,36.0,1.1458,16.0,5293.0,11.0
2021-01-05 09:42:36.650,1.1297,1.1517,36.0,1.1458,16.0,5293.0,11.0
2021-01-05 09:42:38.661,1.1297,1.1517,36.0,1.1459,2.0,5293.0,11.0
2021-01-05 09:42:41.161,1.1297,1.1517,20.0,1.147,16.0,5293.0,11.0
2021-01-05 09:42:41.731,1.1297,1.1517,20.0,1.147,16.0,5293.0,11.0
2021-01-05 09:42:42.250,1.1297,1.1528,20.0,1.1474,10.0,5293.0,11.0
2021-01-05 09:42:42.711,1.1297,1.1517,20.0,1.1474,10.0,5293.0,11.0
2021-01-05 09:42:43.251,1.1297,1.1528,20.0,1.1474,30.0,5293.0,11.0
2021-01-05 09:42:43.741,1.1297,1.1528,20.0,1.1474,30.0,5293.0,11.0
2021-01-05 09:42:44.751,1.1297,1.1528,20.0,1.1474,30.0,5293.0,11.0
2021-01-05 09:42:45.191,1.1297,1.1528,20.0,1.1474,20.0,5293.0,11.0
2021-01-05 09:42:48.171,1.1297,1.1528,20.0,1.1474,20.0,5293.0,11.0
2021-01-05 09:42:48.720,1.1297,1.1528,20.0,1.1474,20.0,5293.0,11.0
2021-01-05 09:42:50.720,1.1297,1.1528,20.0,1.1474,20.0,5293.0,11.0
2021-01-05 09:42:51.761,1.1297,1.1528,20.0,1.1474,20.0,5293.0,11.0
2021-01-05 09:42:53.640,1.1297,1.1528,20.0,1.1474,20.0,5293.0,11.0
2021-01-05 09:42:55.190,1.1297,1.1528,20.0,1.1474,20.0,5293.0,11.0
2021-01-05 09:42:55.701,1.1297,1.1528,20.0,1.1474,20.0,5293.0,11.0
2021-01-05 09:42:56.631,1.1297,1.1528,20.0,1.1474,20.0,5293.0,11.0
2021-01-05 09:42:59.230,1.1297,1.1528,20.0,1.1474,20.0,5293.0,11.0
2021-01-05 09:42:59.730,1.1297,1.1528,20.0,1.1474,20.0,5293.0,11.0
2021-01-05 09:43:01.211,1.1297,1.1528,20.0,1.1474,20.0,5293.0,11.0
2021-01-05 09:43:01.701,1.1297,1.1528,20.0,1.1475,2.0,5293.0,11.0
2021-01-05 09:43:03.701,1.1297,1.1528,20.0,1.1481,16.0,5293.0,11.0
2021-01-05 09:43:04.231,1.1297,1.154,36.0,1.1481,16.0,5293.0,11.0
2021-01-05 09:43:04.240,1.1297,1.154,36.0,1.1481,16.0,5293.0,11.0
2021-01-05 09:43:06.171,1.1297,1.1528,16.0,1.1474,20.0,5293.0,11.0
2021-01-05 09:43:06.471,1.1297,1.1528,16.0,1.1474,20.0,5293.0,11.0
2021-01-05 09:43:07.231,1.1297,1.1528,36.0,1.1474,20.0,5293.0,11.0
2021-01-05 09:43:10.150,1.1297,1.1528,36.0,1.1474,20.0,5293.0,11.0
2021-01-05 09:43:11.250,1.1297,1.1528,36.0,1.1474,20.0,5293.0,11.0
2021-01-05 09:43:13.210,1.1297,1.1528,36.0,1.1474,20.0,5293.0,11.0
2021-01-05 09:43:25.201,1.1297,1.1528,36.0,1.1474,20.0,5293.0,11.0
2021-01-05 09:43:26.181,1.1297,1.1528,36.0,1.1474,22.0,5293.0,11.0
2021-01-05 09:43:26.621,1.1297,1.1528,36.0,1.1474,20.0,5293.0,11.0
2021-01-05 09:43:27.190,1.1297,1.1528,36.0,1.1474,22.0,5293.0,11.0
2021-01-05 09:43:27.620,1.1297,1.1528,36.0,1.1474,20.0,5293.0,11.0
2021-01-05 09:43:28.091,1.1297,1.1528,36.0,1.1474,20.0,5293.0,11.0
2021-01-05 09:43:28.700,1.1297,1.1528,36.0,1.1474,20.0,5293.0,11.0
2021-01-05 09:43:31.111,1.1297,1.1528,36.0,1.1474,20.0,5293.0,11.0
2021-01-05 09:43:33.141,1.1297,1.1528,36.0,1.1474,20.0,5293.0,11.0
2021-01-05 09:43:34.221,1.1297,1.1528,36.0,1.1474,20.0,5293.0,11.0
2021-01-05 09:43:35.160,1.1297,1.1528,36.0,1.1474,20.0,5293.0,11.0
2021-01-05 09:43:35.681,1.1297,1.1528,36.0,1.1474,20.0,5293.0,11.0
2021-01-05 09:43:36.221,1.1297,1.1528,36.0,1.1474,20.0,5293.0,11.0
2021-01-05 09:43:38.680,1.1297,1.1528,36.0,1.1474,20.0,5293.0,11.0
2021-01-05 09:43:40.731,1.1297,1.1528,36.0,1.1474,20.0,5293.0,11.0
2021-01-05 09:43:41.730,1.1297,1.1528,36.0,1.1474,20.0,5293.0,11.0
2021-01-05 09:43:43.711,1.1297,1.1528,36.0,1.1474,20.0,5293.0,11.0
2021-01-05 09:43:45.720,1.1297,1.1528,36.0,1.1474,20.0,5293.0,11.0
2021-01-05 09:43:46.750,1.1297,1.1528,36.0,1.1474,20.0,5293.0,11.0
2021-01-05 09:43:47.250,1.1297,1.1528,36.0,1.1474,20.0,5293.0,11.0
2021-01-05 09:43:48.220,1.1297,1.1528,36.0,1.1474,20.0,5293.0,11.0
2021-01-05 09:43:50.721,1.1297,1.1528,36.0,1.1474,20.0,5293.0,11.0
2021-01-05 09:43:54.191,1.1297,1.1517,16.0,1.1474,20.0,5293.0,11.0
2021-01-05 09:43:54.680,1.1297,1.1517,36.0,1.1458,16.0,5293.0,11.0
2021-01-05 09:43:54.901,1.1297,1.1517,36.0,1.1458,16.0,5293.0,11.0
2021-01-05 09:43:55.660,1.1297,1.1517,36.0,1.1458,16.0,5293.0,11.0
2021-01-05 09:43:56.200,1.1297,1.1517,36.0,1.1458,16.0,5293.0,11.0
2021-01-05 09:43:57.230,1.1297,1.1517,36.0,1.1458,16.0,5293.0,11.0
2021-01-05 09:43:58.961,1.1297,1.1517,36.0,1.1458,16.0,5293.0,11.0
2021-01-05 09:43:59.691,1.1297,1.1517,36.0,1.1458,16.0,5293.0,11.0
2021-01-05 09:44:00.131,1.1297,1.1517,36.0,1.1458,16.0,5293.0,11.0
2021-01-05 09:44:01.160,1.1297,1.1517,36.0,1.1458,16.0,5293.0,11.0
2021-01-05 09:44:04.230,1.1297,1.1506,16.0,1.1455,20.0,5293.0,11.0
2021-01-05 09:44:05.231,1.1297,1.1506,36.0,1.1455,20.0,5293.0,11.0
2021-01-05 09:44:07.281,1.1297,1.1506,36.0,1.1455,20.0,5293.0,11.0
2021-01-05 09:44:12.781,1.1297,1.1506,36.0,1.1455,20.0,5293.0,11.0
2021-01-05 09:44:13.230,1.1297,1.1506,36.0,1.1446,36.0,5293.0,11.0
2021-01-05 09:44:14.251,1.1297,1.1506,36.0,1.1446,36.0,5293.0,11.0
2021-01-05 09:44:15.280,1.1297,1.1506,36.0,1.1446,36.0,5293.0,11.0
2021-01-05 09:44:17.280,1.1297,1.1506,36.0,1.1446,36.0,5293.0,11.0
2021-01-05 09:44:21.270,1.1297,1.1506,36.0,1.1446,38.0,5293.0,11.0
2021-01-05 09:44:21.791,1.1297,1.1506,36.0,1.1446,36.0,5293.0,11.0
2021-01-05 09:44:22.250,1.1297,1.1506,36.0,1.1446,36.0,5293.0,11.0
2021-01-05 09:44:24.000,1.1297,1.1506,36.0,1.1446,36.0,5293.0,11.0
2021-01-05 09:44:26.090,1.1297,1.1506,36.0,1.1446,36.0,5293.0,11.0
2021-01-05 09:44:26.701,1.1297,1.1506,36.0,1.1446,36.0,5293.0,11.0
2021-01-05 09:44:28.680,1.1297,1.1506,36.0,1.1446,36.0,5293.0,11.0
2021-01-05 09:44:29.200,1.1297,1.1506,36.0,1.1446,36.0,5293.0,11.0
2021-01-05 09:44:33.240,1.1297,1.1494,16.0,1.1446,20.0,5293.0,11.0
2021-01-05 09:44:34.241,1.1297,1.1494,36.0,1.1435,36.0,5293.0,11.0
2021-01-05 09:44:35.740,1.1297,1.1494,36.0,1.1435,36.0,5293.0,11.0
2021-01-05 09:44:37.751,1.1297,1.1494,36.0,1.1435,36.0,5293.0,11.0
2021-01-05 09:44:42.250,1.1297,1.1494,36.0,1.1435,36.0,5293.0,11.0
2021-01-05 09:44:45.261,1.1297,1.1494,36.0,1.1436,2.0,5293.0,11.0
2021-01-05 09:44:45.760,1.1297,1.1494,36.0,1.1435,36.0,5293.0,11.0
2021-01-05 09:44:46.271,1.1297,1.1494,36.0,1.1435,36.0,5293.0,11.0
2021-01-05 09:44:47.251,1.1297,1.1494,36.0,1.1435,36.0,5293.0,11.0
2021-01-05 09:44:47.770,1.1297,1.1494,36.0,1.1435,36.0,5293.0,11.0
2021-01-05 09:44:49.270,1.1297,1.1494,36.0,1.1435,36.0,5293.0,11.0
2021-01-05 09:44:49.800,1.1297,1.1494,36.0,1.1435,36.0,5293.0,11.0
2021-01-05 09:44:53.201,1.1297,1.1494,36.0,1.1435,36.0,5293.0,11.0
2021-01-05 09:44:53.710,1.1297,1.1494,36.0,1.1435,36.0,5293.0,11.0
2021-01-05 09:44:54.960,1.1297,1.1494,36.0,1.1435,36.0,5293.0,11.0
2021-01-05 09:44:56.220,1.1297,1.1494,36.0,1.1435,38.0,5293.0,11.0
2021-01-05 09:44:56.720,1.1297,1.1494,36.0,1.1435,36.0,5293.0,11.0
2021-01-05 09:44:57.160,1.1297,1.1494,36.0,1.1435,36.0,5293.0,11.0
2021-01-05 09:44:57.680,1.1297,1.1494,36.0,1.1435,36.0,5293.0,11.0
2021-01-05 09:44:59.711,1.1297,1.1489,10.0,1.1435,36.0,5293.0,11.0
2021-01-05 09:45:01.680,1.1297,1.1481,16.0,1.1435,20.0,5293.0,11.0
2021-01-05 09:45:02.061,1.1297,1.1481,16.0,1.1435,20.0,5293.0,11.0
2021-01-05 09:45:02.710,1.1297,1.1481,36.0,1.1422,36.0,5293.0,11.0
2021-01-05 09:45:03.190,1.1297,1.1481,36.0,1.1422,36.0,5293.0,11.0
2021-01-05 09:45:04.700,1.1297,1.1481,36.0,1.1422,36.0,5293.0,11.0
2021-01-05 09:45:05.221,1.1297,1.1481,36.0,1.1422,36.0,5293.0,11.0
2021-01-05 09:45:05.720,1.1297,1.1467,10.0,1.1422,20.0,5293.0,11.0
2021-01-05 09:45:06.721,1.1297,1.1467,20.0,1.1409,36.0,5293.0,11.0
2021-01-05 09:45:07.130,1.1297,1.1467,20.0,1.1409,38.0,5293.0,11.0
2021-01-05 09:45:07.430,1.1297,1.1467,20.0,1.1409,38.0,5293.0,11.0
2021-01-05 09:45:08.700,1.1297,1.1467,20.0,1.1409,36.0,5293.0,11.0
2021-01-05 09:45:09.190,1.1297,1.1467,20.0,1.1409,36.0,5293.0,11.0
2021-01-05 09:45:09.720,1.1297,1.1467,20.0,1.1409,36.0,5293.0,11.0
2021-01-05 09:45:11.091,1.1297,1.1467,20.0,1.1409,36.0,5293.0,11.0
2021-01-05 09:45:11.720,1.1297,1.1467,20.0,1.1409,36.0,5293.0,11.0
2021-01-05 09:45:15.230,1.1297,1.1467,20.0,1.1409,36.0,5293.0,11.0
2021-01-05 09:45:15.721,1.1297,1.1456,16.0,1.1409,20.0,5293.0,11.0
2021-01-05 09:45:16.230,1.1297,1.1456,16.0,1.1398,20.0,5293.0,11.0
2021-01-05 09:45:16.630,1.1297,1.1456,36.0,1.1398,20.0,5293.0,11.0
2021-01-05 09:45:17.731,1.1297,1.1448,10.0,1.1398,20.0,5293.0,11.0
2021-01-05 09:45:19.191,1.1297,1.1448,10.0,1.1398,20.0,5293.0,11.0
2021-01-05 09:45:19.731,1.1297,1.1448,10.0,1.1398,20.0,5293.0,11.0
2021-01-05 09:45:20.741,1.1297,1.1448,10.0,1.1398,20.0,5293.0,11.0
2021-01-05 09:45:21.191,1.1297,1.1456,36.0,1.1398,20.0,5293.0,11.0
2021-01-05 09:45:23.160,1.1297,1.1456,36.0,1.1398,20.0,5293.0,11.0
2021-01-05 09:45:26.220,1.1297,1.1456,36.0,1.1398,20.0,5293.0,11.0
2021-01-05 09:45:26.681,1.1297,1.1456,36.0,1.1398,20.0,5293.0,11.0
2021-01-05 09:45:27.211,1.1297,1.1456,36.0,1.1398,20.0,5293.0,11.0
2021-01-05 09:45:27.711,1.1297,1.1456,36.0,1.1398,20.0,5293.0,11.0
2021-01-05 09:45:29.140,1.1297,1.1456,36.0,1.1398,20.0,5293.0,11.0
2021-01-05 09:45:30.700,1.1297,1.1456,20.0,1.1408,16.0,5293.0,11.0
2021-01-05 09:45:31.211,1.1297,1.1467,20.0,1.1408,36.0,5293.0,11.0
2021-01-05 09:45:33.180,1.1297,1.1467,20.0,1.1408,36.0,5293.0,11.0
2021-01-05 09:45:35.190,1.1297,1.1467,20.0,1.1408,36.0,5293.0,11.0
2021-01-05 09:45:39.700,1.1297,1.1467,20.0,1.1408,36.0,5293.0,11.0
2021-01-05 09:45:40.240,1.1297,1.1467,20.0,1.1408,36.0,5293.0,11.0
2021-01-05 09:45:42.240,1.1297,1.1467,20.0,1.1408,36.0,5293.0,11.0
2021-01-05 09:45:42.711,1.1297,1.1467,20.0,1.1408,36.0,5293.0,11.0
2021-01-05 09:45:43.220,1.1297,1.1467,20.0,1.1408,36.0,5293.0,11.0
2021-01-05 09:45:43.710,1.1297,1.1467,20.0,1.1408,36.0,5293.0,11.0
2021-01-05 09:45:45.220,1.1297,1.1467,20.0,1.1408,36.0,5293.0,11.0
2021-01-05 09:45:45.681,1.1297,1.1467,20.0,1.1408,36.0,5293.0,11.0
2021-01-05 09:45:48.201,1.1297,1.1467,20.0,1.1408,36.0,5293.0,11.0
2021-01-05 09:45:48.741,1.1297,1.1467,20.0,1.1408,36.0,5293.0,11.0
2021-01-05 09:45:52.251,1.1297,1.1467,20.0,1.1408,36.0,5293.0,11.0
2021-01-05 09:45:53.711,1.1297,1.1467,20.0,1.1408,36.0,5293.0,11.0
2021-01-05 09:45:54.191,1.1297,1.1467,20.0,1.1408,36.0,5293.0,11.0
2021-01-05 09:45:55.230,1.1297,1.1467,20.0,1.1408,36.0,5293.0,11.0
2021-01-05 09:45:56.120,1.1297,1.1467,20.0,1.1408,36.0,5293.0,11.0
2021-01-05 09:45:56.631,1.1297,1.1467,20.0,1.1408,36.0,5293.0,11.0
2021-01-05 09:45:58.711,1.1297,1.1467,20.0,1.1408,36.0,5293.0,11.0
2021-01-05 09:45:59.230,1.1297,1.1467,20.0,1.1408,36.0,5293.0,11.0
2021-01-05 09:46:00.210,1.1297,1.1467,20.0,1.1408,36.0,5293.0,11.0
2021-01-05 09:46:00.730,1.1297,1.1482,16.0,1.1423,16.0,5293.0,11.0
2021-01-05 09:46:01.230,1.1297,1.1482,16.0,1.1423,16.0,5293.0,11.0
2021-01-05 09:46:02.221,1.1297,1.1482,16.0,1.1423,36.0,5293.0,11.0
2021-01-05 09:46:02.711,1.1297,1.1482,16.0,1.1423,36.0,5293.0,11.0
2021-01-05 09:46:10.221,1.1297,1.1495,16.0,1.1435,16.0,5293.0,11.0
2021-01-05 09:46:10.720,1.1297,1.1495,16.0,1.1435,36.0,5293.0,11.0
2021-01-05 09:46:13.681,1.1297,1.1495,16.0,1.1435,36.0,5293.0,11.0
2021-01-05 09:46:15.231,1.1297,1.1495,16.0,1.1435,36.0,5293.0,11.0
2021-01-05 09:46:15.730,1.1297,1.1495,16.0,1.1435,36.0,5293.0,11.0
2021-01-05 09:46:17.751,1.1297,1.1495,16.0,1.1435,36.0,5293.0,11.0
2021-01-05 09:46:18.721,1.1297,1.1495,16.0,1.1436,2.0,5293.0,11.0
2021-01-05 09:46:20.210,1.1297,1.1495,16.0,1.1436,2.0,5293.0,11.0
2021-01-05 09:46:20.731,1.1297,1.1495,16.0,1.1435,36.0,5293.0,11.0
2021-01-05 09:46:21.240,1.1297,1.1495,16.0,1.1435,36.0,5293.0,11.0
2021-01-05 09:46:25.651,1.1297,1.1495,16.0,1.1435,36.0,5293.0,11.0
2021-01-05 09:46:26.191,1.1297,1.1495,16.0,1.1435,36.0,5293.0,11.0
2021-01-05 09:46:31.210,1.1297,1.1495,16.0,1.1436,2.0,5293.0,11.0
2021-01-05 09:46:32.640,1.1297,1.1495,16.0,1.1435,36.0,5293.0,11.0
2021-01-05 09:46:33.660,1.1297,1.1495,16.0,1.1436,2.0,5293.0,11.0
2021-01-05 09:46:34.171,1.1297,1.1496,20.0,1.1446,16.0,5293.0,11.0
2021-01-05 09:46:35.120,1.1297,1.1505,36.0,1.1446,36.0,5293.0,11.0
2021-01-05 09:46:36.221,1.1297,1.1505,36.0,1.1446,36.0,5293.0,11.0
2021-01-05 09:46:36.730,1.1297,1.1505,36.0,1.1446,36.0,5293.0,11.0
2021-01-05 09:46:38.201,1.1297,1.1494,16.0,1.1446,20.0,5293.0,11.0
2021-01-05 09:46:39.210,1.1297,1.1494,36.0,1.1435,20.0,5293.0,11.0
2021-01-05 09:46:39.730,1.1297,1.1494,36.0,1.1435,22.0,5293.0,11.0
2021-01-05 09:46:40.230,1.1297,1.1494,36.0,1.1435,20.0,5293.0,11.0
2021-01-05 09:46:41.250,1.1297,1.1494,36.0,1.1435,20.0,5293.0,11.0
2021-01-05 09:46:42.230,1.1297,1.1494,36.0,1.1435,20.0,5293.0,11.0
2021-01-05 09:46:43.630,1.1297,1.1491,10.0,1.1435,20.0,5293.0,11.0
2021-01-05 09:46:45.711,1.1297,1.1491,10.0,1.1435,20.0,5293.0,11.0
2021-01-05 09:46:46.671,1.1297,1.1494,36.0,1.1435,20.0,5293.0,11.0
2021-01-05 09:46:48.081,1.1297,1.1494,36.0,1.1435,20.0,5293.0,11.0
2021-01-05 09:46:49.251,1.1297,1.1494,36.0,1.1435,20.0,5293.0,11.0
2021-01-05 09:47:01.721,1.1297,1.1479,16.0,1.1435,20.0,5293.0,11.0
2021-01-05 09:47:02.230,1.1297,1.1479,16.0,1.1419,16.0,5293.0,11.0
2021-01-05 09:47:02.741,1.1297,1.1479,36.0,1.1419,36.0,5293.0,11.0
2021-01-05 09:47:03.220,1.1297,1.1471,10.0,1.1419,16.0,5293.0,11.0
2021-01-05 09:47:03.740,1.1297,1.1471,10.0,1.1419,16.0,5293.0,11.0
2021-01-05 09:47:04.211,1.1297,1.1471,10.0,1.1419,16.0,5293.0,11.0
2021-01-05 09:47:05.250,1.1297,1.1468,36.0,1.141,20.0,5293.0,11.0
2021-01-05 09:47:06.251,1.1297,1.1468,36.0,1.141,20.0,5293.0,11.0
2021-01-05 09:47:07.740,1.1297,1.1457,16.0,1.141,20.0,5293.0,11.0
2021-01-05 09:47:08.230,1.1297,1.1457,36.0,1.14,30.0,5293.0,11.0
2021-01-05 09:47:09.751,1.1297,1.1457,36.0,1.14,20.0,5293.0,11.0
2021-01-05 09:47:11.751,1.1297,1.1443,16.0,1.14,20.0,5293.0,11.0
2021-01-05 09:47:12.241,1.1297,1.1443,36.0,1.139,30.0,5293.0,11.0
2021-01-05 09:47:12.731,1.1297,1.1443,36.0,1.139,20.0,5293.0,11.0
2021-01-05 09:47:13.201,1.1297,1.1443,36.0,1.139,20.0,5293.0,11.0
2021-01-05 09:47:16.241,1.1297,1.1443,36.0,1.139,20.0,5293.0,11.0
2021-01-05 09:47:19.731,1.1297,1.1431,16.0,1.139,20.0,5293.0,11.0
2021-01-05 09:47:20.160,1.1297,1.1431,36.0,1.1381,30.0,5293.0,11.0
2021-01-05 09:47:20.761,1.1297,1.1431,36.0,1.1381,30.0,5293.0,11.0
2021-01-05 09:47:21.760,1.1297,1.1426,10.0,1.1381,20.0,5293.0,11.0
2021-01-05 09:47:22.240,1.1297,1.1426,10.0,1.1371,36.0,5293.0,11.0
2021-01-05 09:47:25.241,1.1297,1.1426,10.0,1.1371,36.0,5293.0,11.0
2021-01-05 09:47:27.241,1.1297,1.139,1.0,1.1371,36.0,5293.0,11.0
2021-01-05 09:47:27.721,1.1297,1.139,1.0,1.1371,36.0,5293.0,11.0
2021-01-05 09:47:28.230,1.1297,1.139,1.0,1.1371,20.0,5293.0,11.0
2021-01-05 09:47:28.710,1.1297,1.139,1.0,1.1361,36.0,5293.0,11.0
2021-01-05 09:47:29.181,1.1297,1.139,1.0,1.1361,36.0,5293.0,11.0
2021-01-05 09:47:31.181,1.1297,1.139,1.0,1.1361,36.0,5293.0,11.0
2021-01-05 09:47:34.231,1.1297,1.139,1.0,1.1361,36.0,5293.0,11.0
2021-01-05 09:47:34.750,1.1297,1.139,1.0,1.1361,36.0,5293.0,11.0
2021-01-05 09:47:35.740,1.1297,1.139,1.0,1.1361,38.0,5293.0,11.0
2021-01-05 09:47:36.241,1.1297,1.139,1.0,1.1361,36.0,5293.0,11.0
2021-01-05 09:47:37.251,1.1297,1.139,1.0,1.1361,36.0,5293.0,11.0
2021-01-05 09:47:41.261,1.1297,1.139,1.0,1.1361,36.0,5293.0,11.0
2021-01-05 09:47:50.271,1.1297,1.139,1.0,1.1361,36.0,5293.0,11.0
2021-01-05 09:47:51.250,1.139,1.1414,20.0,1.1361,36.0,5292.0,12.0
2021-01-05 09:47:51.781,1.139,1.1414,20.0,1.1361,25.0,5292.0,12.0
2021-01-05 09:47:51.781,1.139,1.1414,20.0,1.1376,16.0,5292.0,12.0
2021-01-05 09:47:52.271,1.139,1.1429,20.0,1.1376,16.0,5292.0,12.0
2021-01-05 09:47:53.221,1.139,1.1429,20.0,1.1376,36.0,5292.0,12.0
2021-01-05 09:47:53.740,1.139,1.1429,20.0,1.1376,16.0,5292.0,12.0
2021-01-05 09:47:55.241,1.139,1.1429,20.0,1.1376,36.0,5292.0,12.0
2021-01-05 09:47:55.740,1.139,1.1435,16.0,1.1376,36.0,5292.0,12.0
2021-01-05 09:47:56.251,1.139,1.1435,16.0,1.1376,36.0,5292.0,12.0
2021-01-05 09:47:56.751,1.139,1.1438,20.0,1.1387,16.0,5292.0,12.0
2021-01-05 09:47:57.250,1.139,1.1438,20.0,1.1387,16.0,5292.0,12.0
2021-01-05 09:47:57.750,1.139,1.1438,20.0,1.1376,20.0,5292.0,12.0
2021-01-05 09:47:58.261,1.139,1.1432,16.0,1.1376,20.0,5292.0,12.0
2021-01-05 09:47:58.261,1.139,1.1432,16.0,1.1376,20.0,5292.0,12.0
2021-01-05 09:47:59.000,1.139,1.1432,16.0,1.1376,20.0,5292.0,12.0
2021-01-05 09:47:59.751,1.139,1.1432,36.0,1.1376,20.0,5292.0,12.0
2021-01-05 09:48:00.791,1.139,1.1432,36.0,1.1373,16.0,5292.0,12.0
2021-01-05 09:48:01.261,1.139,1.1432,20.0,1.1366,10.0,5292.0,12.0
2021-01-05 09:48:01.791,1.139,1.142,16.0,1.1366,10.0,5292.0,12.0
2021-01-05 09:48:02.260,1.139,1.142,36.0,1.1366,10.0,5292.0,12.0
2021-01-05 09:48:02.781,1.139,1.142,36.0,1.1362,10.0,5292.0,12.0
2021-01-05 09:48:02.781,1.139,1.142,36.0,1.1361,36.0,5292.0,12.0
2021-01-05 09:48:04.790,1.139,1.142,36.0,1.1361,36.0,5292.0,12.0
2021-01-05 09:48:08.281,1.139,1.142,20.0,1.135,30.0,5292.0,12.0
2021-01-05 09:48:08.761,1.139,1.1408,16.0,1.135,30.0,5292.0,12.0
2021-01-05 09:48:09.291,1.139,1.1408,36.0,1.135,20.0,5292.0,12.0
2021-01-05 09:48:09.751,1.139,1.1408,36.0,1.135,20.0,5292.0,12.0
2021-01-05 09:48:12.751,1.139,1.1408,36.0,1.135,20.0,5292.0,12.0
2021-01-05 09:48:13.281,1.139,1.1408,36.0,1.135,25.0,5292.0,12.0
2021-01-05 09:48:14.010,1.139,1.1408,36.0,1.135,31.0,5292.0,12.0
2021-01-05 09:48:14.791,1.139,1.1408,20.0,1.135,31.0,5292.0,12.0
2021-01-05 09:48:14.791,1.139,1.1417,16.0,1.1362,16.0,5292.0,12.0
2021-01-05 09:48:15.310,1.139,1.1417,36.0,1.1362,36.0,5292.0,12.0
2021-01-05 09:48:16.290,1.139,1.1417,20.0,1.1362,31.0,5292.0,12.0
2021-01-05 09:48:16.321,1.139,1.1431,30.0,1.1377,16.0,5292.0,12.0
2021-01-05 09:48:17.300,1.139,1.1431,30.0,1.1378,1.0,5292.0,12.0
2021-01-05 09:48:17.811,1.139,1.1431,30.0,1.1378,1.0,5292.0,12.0
2021-01-05 09:48:18.330,1.139,1.1431,20.0,1.1378,1.0,5292.0,12.0
2021-01-05 09:48:18.841,1.139,1.1431,20.0,1.1378,7.0,5292.0,12.0
2021-01-05 09:48:19.271,1.139,1.1431,20.0,1.1378,6.0,5292.0,12.0
2021-01-05 09:48:19.800,1.139,1.1431,20.0,1.1378,1.0,5292.0,12.0
2021-01-05 09:48:20.311,1.139,1.1431,20.0,1.1378,1.0,5292.0,12.0
2021-01-05 09:48:22.301,1.139,1.1431,20.0,1.1377,36.0,5292.0,12.0
2021-01-05 09:48:23.021,1.139,1.1431,20.0,1.1379,1.0,5292.0,12.0
2021-01-05 09:48:24.731,1.139,1.1431,20.0,1.1379,7.0,5292.0,12.0
2021-01-05 09:48:26.101,1.139,1.1431,20.0,1.139,16.0,5292.0,12.0
2021-01-05 09:48:26.621,1.139,1.1431,20.0,1.1392,10.0,5292.0,12.0
2021-01-05 09:48:27.181,1.139,1.1446,36.0,1.1392,10.0,5292.0,12.0
2021-01-05 09:48:27.701,1.139,1.1446,16.0,1.1392,10.0,5292.0,12.0
2021-01-05 09:48:28.181,1.139,1.1458,36.0,1.1403,16.0,5292.0,12.0
2021-01-05 09:48:28.731,1.139,1.1458,36.0,1.1403,16.0,5292.0,12.0
2021-01-05 09:48:29.121,1.139,1.1458,36.0,1.1403,36.0,5292.0,12.0
2021-01-05 09:48:30.731,1.139,1.1458,36.0,1.1403,36.0,5292.0,12.0
2021-01-05 09:48:31.140,1.139,1.1458,36.0,1.1403,36.0,5292.0,12.0
2021-01-05 09:48:31.710,1.139,1.1458,36.0,1.1403,36.0,5292.0,12.0
2021-01-05 09:48:32.200,1.139,1.1458,20.0,1.1414,16.0,5292.0,12.0
2021-01-05 09:48:32.700,1.139,1.1469,36.0,1.1414,16.0,5292.0,12.0
2021-01-05 09:48:33.190,1.139,1.1469,36.0,1.1415,1.0,5292.0,12.0
2021-01-05 09:48:33.680,1.139,1.1469,36.0,1.1415,7.0,5292.0,12.0
2021-01-05 09:48:34.141,1.139,1.1469,36.0,1.1415,20.0,5292.0,12.0
2021-01-05 09:48:35.220,1.139,1.1469,36.0,1.1415,20.0,5292.0,12.0
2021-01-05 09:48:37.211,1.139,1.1469,36.0,1.1414,16.0,5292.0,12.0
2021-01-05 09:48:37.491,1.139,1.1464,10.0,1.1414,16.0,5292.0,12.0
2021-01-05 09:48:38.211,1.139,1.1464,10.0,1.1414,16.0,5292.0,12.0
2021-01-05 09:48:41.231,1.139,1.1464,10.0,1.1414,16.0,5292.0,12.0
2021-01-05 09:48:42.321,1.139,1.1469,36.0,1.1414,16.0,5292.0,12.0
2021-01-05 09:48:43.231,1.139,1.1469,36.0,1.1414,16.0,5292.0,12.0
2021-01-05 09:48:44.701,1.139,1.1469,36.0,1.1414,16.0,5292.0,12.0
2021-01-05 09:48:46.510,1.139,1.1469,36.0,1.1414,16.0,5292.0,12.0
2021-01-05 09:48:47.911,1.139,1.1469,36.0,1.1414,16.0,5292.0,12.0
2021-01-05 09:48:48.330,1.139,1.1469,36.0,1.1414,16.0,5292.0,12.0
2021-01-05 09:48:49.361,1.139,1.1469,36.0,1.1414,16.0,5292.0,12.0
2021-01-05 09:48:50.030,1.139,1.1469,36.0,1.1414,16.0,5292.0,12.0
2021-01-05 09:48:51.540,1.139,1.1469,36.0,1.1415,2.0,5292.0,12.0
2021-01-05 09:48:52.020,1.139,1.1469,36.0,1.1415,2.0,5292.0,12.0
2021-01-05 09:48:52.360,1.139,1.1469,36.0,1.1416,1.0,5292.0,12.0
2021-01-05 09:48:53.000,1.139,1.1469,20.0,1.1427,16.0,5292.0,12.0
2021-01-05 09:48:53.711,1.139,1.1469,20.0,1.1427,16.0,5292.0,12.0
2021-01-05 09:48:54.091,1.139,1.1469,20.0,1.1428,1.0,5292.0,12.0
2021-01-05 09:48:54.681,1.139,1.1482,36.0,1.1428,32.0,5292.0,12.0
2021-01-05 09:48:55.201,1.139,1.1482,36.0,1.1428,26.0,5292.0,12.0
2021-01-05 09:48:56.731,1.139,1.1482,36.0,1.1429,2.0,5292.0,12.0
2021-01-05 09:48:57.171,1.139,1.1482,36.0,1.1428,32.0,5292.0,12.0
2021-01-05 09:48:58.160,1.139,1.1482,20.0,1.1437,16.0,5292.0,12.0
2021-01-05 09:48:58.750,1.139,1.1482,20.0,1.1437,16.0,5292.0,12.0
2021-01-05 09:48:59.161,1.139,1.1493,36.0,1.1438,1.0,5292.0,12.0
2021-01-05 09:48:59.691,1.139,1.1493,16.0,1.1438,1.0,5292.0,12.0
2021-01-05 09:49:00.260,1.139,1.1493,36.0,1.1438,20.0,5292.0,12.0
2021-01-05 09:49:00.461,1.139,1.1493,16.0,1.1438,20.0,5292.0,12.0
2021-01-05 09:49:01.261,1.139,1.1493,36.0,1.1438,20.0,5292.0,12.0
2021-01-05 09:49:01.620,1.139,1.1493,16.0,1.1438,20.0,5292.0,12.0
2021-01-05 09:49:01.991,1.139,1.1493,36.0,1.1439,1.0,5292.0,12.0
2021-01-05 09:49:02.680,1.139,1.1493,16.0,1.1439,1.0,5292.0,12.0
2021-01-05 09:49:03.291,1.139,1.1493,16.0,1.1438,20.0,5292.0,12.0
2021-01-05 09:49:03.760,1.139,1.1493,16.0,1.1439,1.0,5292.0,12.0
2021-01-05 09:49:04.290,1.139,1.1493,16.0,1.1438,20.0,5292.0,12.0
2021-01-05 09:49:08.301,1.139,1.1508,20.0,1.1438,20.0,5292.0,12.0
2021-01-05 09:49:08.830,1.139,1.1482,16.0,1.1428,20.0,5292.0,12.0
2021-01-05 09:49:08.860,1.139,1.1482,36.0,1.1428,20.0,5292.0,12.0
2021-01-05 09:49:09.821,1.139,1.1482,36.0,1.1428,20.0,5292.0,12.0
2021-01-05 09:49:09.821,1.139,1.1482,20.0,1.1414,20.0,5292.0,12.0
2021-01-05 09:49:10.831,1.139,1.147,16.0,1.1415,16.0,5292.0,12.0
2021-01-05 09:49:11.260,1.139,1.147,16.0,1.1416,1.0,5292.0,12.0
2021-01-05 09:49:11.850,1.139,1.147,16.0,1.1416,1.0,5292.0,12.0
2021-01-05 09:49:12.270,1.139,1.1476,20.0,1.1416,1.0,5292.0,12.0
2021-01-05 09:49:12.850,1.139,1.1481,16.0,1.1425,16.0,5292.0,12.0
2021-01-05 09:49:13.310,1.139,1.1481,36.0,1.1426,1.0,5292.0,12.0
2021-01-05 09:49:13.761,1.139,1.1481,36.0,1.1425,36.0,5292.0,12.0
2021-01-05 09:49:15.340,1.139,1.1481,36.0,1.1425,36.0,5292.0,12.0
2021-01-05 09:49:15.851,1.139,1.1481,36.0,1.1425,36.0,5292.0,12.0
2021-01-05 09:49:17.851,1.139,1.1481,36.0,1.1426,1.0,5292.0,12.0
2021-01-05 09:49:18.860,1.139,1.1481,36.0,1.1426,1.0,5292.0,12.0
2021-01-05 09:49:20.291,1.139,1.1481,36.0,1.1426,1.0,5292.0,12.0
2021-01-05 09:49:20.840,1.139,1.1481,36.0,1.1427,2.0,5292.0,12.0
2021-01-05 09:49:21.301,1.139,1.1481,36.0,1.1427,2.0,5292.0,12.0
2021-01-05 09:49:23.201,1.139,1.1481,20.0,1.1436,16.0,5292.0,12.0
2021-01-05 09:49:23.651,1.139,1.1481,20.0,1.1436,16.0,5292.0,12.0
2021-01-05 09:49:24.191,1.139,1.1491,36.0,1.1437,1.0,5292.0,12.0
2021-01-05 09:49:24.590,1.139,1.1491,36.0,1.1437,7.0,5292.0,12.0
2021-01-05 09:49:25.080,1.139,1.1491,36.0,1.1437,21.0,5292.0,12.0
2021-01-05 09:49:25.620,1.139,1.1491,36.0,1.1437,20.0,5292.0,12.0
2021-01-05 09:49:26.171,1.139,1.1491,36.0,1.1438,1.0,5292.0,12.0
2021-01-05 09:49:29.210,1.139,1.1491,36.0,1.1438,1.0,5292.0,12.0
2021-01-05 09:49:29.691,1.139,1.1491,36.0,1.1437,20.0,5292.0,12.0
2021-01-05 09:49:31.621,1.139,1.1491,36.0,1.1438,1.0,5292.0,12.0
2021-01-05 09:49:32.111,1.139,1.1491,36.0,1.1438,1.0,5292.0,12.0
2021-01-05 09:49:32.701,1.139,1.1491,36.0,1.1438,1.0,5292.0,12.0
2021-01-05 09:49:34.710,1.139,1.1491,36.0,1.1438,7.0,5292.0,12.0
2021-01-05 09:49:35.120,1.139,1.1491,36.0,1.1438,1.0,5292.0,12.0
2021-01-05 09:49:35.711,1.139,1.1491,36.0,1.1438,12.0,5292.0,12.0
2021-01-05 09:49:36.171,1.139,1.1491,36.0,1.1439,2.0,5292.0,12.0
2021-01-05 09:49:37.260,1.139,1.1491,36.0,1.1439,2.0,5292.0,12.0
2021-01-05 09:49:37.680,1.139,1.1491,36.0,1.1439,8.0,5292.0,12.0
2021-01-05 09:49:38.061,1.139,1.1491,20.0,1.1449,16.0,5292.0,12.0
2021-01-05 09:49:38.760,1.139,1.1505,16.0,1.1449,16.0,5292.0,12.0
2021-01-05 09:49:39.231,1.139,1.1505,16.0,1.145,1.0,5292.0,12.0
2021-01-05 09:49:39.761,1.139,1.1505,16.0,1.145,21.0,5292.0,12.0
2021-01-05 09:49:43.670,1.139,1.1505,16.0,1.145,20.0,5292.0,12.0
2021-01-05 09:49:44.760,1.139,1.1505,16.0,1.145,20.0,5292.0,12.0
2021-01-05 09:49:46.610,1.139,1.1505,16.0,1.145,20.0,5292.0,12.0
2021-01-05 09:49:47.161,1.139,1.1505,16.0,1.1451,1.0,5292.0,12.0
2021-01-05 09:49:47.691,1.139,1.1505,16.0,1.145,20.0,5292.0,12.0
2021-01-05 09:49:48.260,1.139,1.1505,16.0,1.1452,1.0,5292.0,12.0
2021-01-05 09:49:48.761,1.139,1.1505,16.0,1.145,20.0,5292.0,12.0
2021-01-05 09:49:50.711,1.139,1.1505,16.0,1.145,20.0,5292.0,12.0
2021-01-05 09:49:51.760,1.139,1.1505,16.0,1.145,20.0,5292.0,12.0
2021-01-05 09:49:53.731,1.139,1.1492,16.0,1.145,20.0,5292.0,12.0
2021-01-05 09:49:54.231,1.139,1.1492,36.0,1.1437,46.0,5292.0,12.0
2021-01-05 09:49:54.661,1.139,1.1492,36.0,1.1437,36.0,5292.0,12.0
2021-01-05 09:49:55.210,1.139,1.1492,36.0,1.1437,36.0,5292.0,12.0
2021-01-05 09:49:56.230,1.139,1.1492,36.0,1.1437,36.0,5292.0,12.0
2021-01-05 09:49:57.141,1.139,1.1482,16.0,1.1437,20.0,5292.0,12.0
2021-01-05 09:49:57.631,1.139,1.1482,36.0,1.1428,30.0,5292.0,12.0
2021-01-05 09:49:58.240,1.139,1.1482,36.0,1.1429,2.0,5292.0,12.0
2021-01-05 09:49:58.680,1.139,1.1482,36.0,1.1428,20.0,5292.0,12.0
2021-01-05 09:49:59.220,1.139,1.1482,36.0,1.1428,20.0,5292.0,12.0
2021-01-05 09:49:59.731,1.139,1.1471,16.0,1.1428,20.0,5292.0,12.0
2021-01-05 09:50:00.720,1.139,1.1471,36.0,1.1416,36.0,5292.0,12.0
2021-01-05 09:50:01.231,1.139,1.1471,36.0,1.1417,2.0,5292.0,12.0
2021-01-05 09:50:02.241,1.139,1.1471,36.0,1.1416,36.0,5292.0,12.0
2021-01-05 09:50:02.680,1.139,1.1471,36.0,1.1416,36.0,5292.0,12.0
2021-01-05 09:50:04.241,1.139,1.1456,16.0,1.1401,20.0,5292.0,12.0
2021-01-05 09:50:04.710,1.139,1.1456,16.0,1.1401,20.0,5292.0,12.0
2021-01-05 09:50:05.231,1.139,1.1456,36.0,1.1401,20.0,5292.0,12.0
2021-01-05 09:50:05.690,1.139,1.1456,36.0,1.1401,20.0,5292.0,12.0
2021-01-05 09:50:06.710,1.139,1.1456,36.0,1.1401,20.0,5292.0,12.0
2021-01-05 09:50:07.740,1.139,1.1456,36.0,1.1402,1.0,5292.0,12.0
2021-01-05 09:50:08.251,1.139,1.1456,36.0,1.1402,1.0,5292.0,12.0
2021-01-05 09:50:08.760,1.139,1.1456,36.0,1.1402,1.0,5292.0,12.0
2021-01-05 09:50:09.640,1.139,1.1456,36.0,1.1401,20.0,5292.0,12.0
2021-01-05 09:50:11.240,1.139,1.1456,36.0,1.1401,20.0,5292.0,12.0
2021-01-05 09:50:11.761,1.139,1.1456,36.0,1.1401,21.0,5292.0,12.0
2021-01-05 09:50:12.170,1.139,1.1456,36.0,1.1401,21.0,5292.0,12.0
2021-01-05 09:50:12.761,1.139,1.1456,36.0,1.1401,21.0,5292.0,12.0
2021-01-05 09:50:13.230,1.139,1.1456,36.0,1.1401,20.0,5292.0,12.0
2021-01-05 09:50:14.241,1.139,1.1456,36.0,1.1401,20.0,5292.0,12.0
2021-01-05 09:50:16.761,1.139,1.1456,36.0,1.1401,20.0,5292.0,12.0
2021-01-05 09:50:17.230,1.139,1.1456,36.0,1.1401,20.0,5292.0,12.0
2021-01-05 09:50:18.740,1.139,1.1456,36.0,1.1401,20.0,5292.0,12.0
2021-01-05 09:50:19.260,1.139,1.1456,36.0,1.1401,20.0,5292.0,12.0
2021-01-05 09:50:20.231,1.139,1.1456,36.0,1.1401,20.0,5292.0,12.0
2021-01-05 09:50:21.251,1.139,1.1456,36.0,1.1402,1.0,5292.0,12.0
2021-01-05 09:50:21.681,1.139,1.1456,36.0,1.1402,1.0,5292.0,12.0
2021-01-05 09:50:22.250,1.139,1.1456,36.0,1.1403,2.0,5292.0,12.0
2021-01-05 09:50:22.580,1.139,1.1456,36.0,1.1402,1.0,5292.0,12.0
2021-01-05 09:50:23.220,1.139,1.1456,36.0,1.1402,3.0,5292.0,12.0
2021-01-05 09:50:23.710,1.139,1.1456,36.0,1.1402,8.0,5292.0,12.0
2021-01-05 09:50:24.720,1.139,1.1456,36.0,1.1402,6.0,5292.0,12.0
2021-01-05 09:50:25.241,1.139,1.1456,36.0,1.1402,1.0,5292.0,12.0
2021-01-05 09:50:25.740,1.139,1.1456,36.0,1.1402,1.0,5292.0,12.0
2021-01-05 09:50:27.210,1.139,1.1456,36.0,1.1402,1.0,5292.0,12.0
2021-01-05 09:50:27.661,1.139,1.1456,36.0,1.1402,12.0,5292.0,12.0
2021-01-05 09:50:28.251,1.139,1.1456,20.0,1.1411,16.0,5292.0,12.0
2021-01-05 09:50:28.731,1.139,1.1466,16.0,1.1412,10.0,5292.0,12.0
2021-01-05 09:50:29.150,1.139,1.1466,16.0,1.1412,11.0,5292.0,12.0
2021-01-05 09:50:29.730,1.139,1.1466,16.0,1.1412,11.0,5292.0,12.0
2021-01-05 09:50:30.741,1.139,1.1466,16.0,1.1412,17.0,5292.0,12.0
2021-01-05 09:50:31.140,1.139,1.1466,16.0,1.1412,11.0,5292.0,12.0
2021-01-05 09:50:34.241,1.139,1.1466,16.0,1.1411,36.0,5292.0,12.0
2021-01-05 09:50:35.711,1.139,1.1466,16.0,1.1411,36.0,5292.0,12.0
2021-01-05 09:50:40.511,1.139,1.1455,16.0,1.1411,20.0,5292.0,12.0
2021-01-05 09:50:41.731,1.139,1.1455,36.0,1.1401,20.0,5292.0,12.0
2021-01-05 09:50:42.260,1.139,1.1455,36.0,1.1409,2.0,5292.0,12.0
2021-01-05 09:50:42.730,1.139,1.1455,36.0,1.1401,20.0,5292.0,12.0
2021-01-05 09:50:43.111,1.139,1.1455,36.0,1.1401,20.0,5292.0,12.0
2021-01-05 09:50:43.760,1.139,1.1455,36.0,1.1401,20.0,5292.0,12.0
2021-01-05 09:50:44.250,1.139,1.1455,36.0,1.1401,22.0,5292.0,12.0
2021-01-05 09:50:44.751,1.139,1.1455,36.0,1.1401,20.0,5292.0,12.0
2021-01-05 09:50:45.681,1.139,1.1455,36.0,1.1401,20.0,5292.0,12.0
2021-01-05 09:50:46.250,1.139,1.1455,36.0,1.1402,1.0,5292.0,12.0
2021-01-05 09:50:46.740,1.139,1.1455,36.0,1.1401,20.0,5292.0,12.0
2021-01-05 09:50:48.261,1.139,1.1455,36.0,1.1402,1.0,5292.0,12.0
2021-01-05 09:50:48.770,1.139,1.1455,36.0,1.1402,1.0,5292.0,12.0
2021-01-05 09:50:49.191,1.139,1.1455,36.0,1.1402,6.0,5292.0,12.0
2021-01-05 09:50:50.000,1.139,1.1455,36.0,1.1402,1.0,5292.0,12.0
2021-01-05 09:50:53.241,1.139,1.1455,36.0,1.1402,1.0,5292.0,12.0
2021-01-05 09:50:54.230,1.139,1.1455,36.0,1.1401,20.0,5292.0,12.0
2021-01-05 09:50:55.221,1.139,1.1455,36.0,1.1401,20.0,5292.0,12.0
2021-01-05 09:50:57.221,1.139,1.1455,36.0,1.1401,20.0,5292.0,12.0
2021-01-05 09:50:58.130,1.139,1.1455,36.0,1.1402,1.0,5292.0,12.0
2021-01-05 09:50:59.740,1.139,1.1455,36.0,1.1402,1.0,5292.0,12.0
2021-01-05 09:51:00.260,1.139,1.1455,36.0,1.1403,2.0,5292.0,12.0
2021-01-05 09:51:00.710,1.139,1.1455,20.0,1.141,16.0,5292.0,12.0
2021-01-05 09:51:01.190,1.139,1.1455,20.0,1.141,16.0,5292.0,12.0
2021-01-05 09:51:01.661,1.139,1.1466,16.0,1.1411,1.0,5292.0,12.0
2021-01-05 09:51:02.681,1.139,1.1466,16.0,1.141,36.0,5292.0,12.0
2021-01-05 09:51:03.570,1.139,1.1466,16.0,1.141,36.0,5292.0,12.0
2021-01-05 09:51:04.120,1.139,1.1466,16.0,1.141,36.0,5292.0,12.0
2021-01-05 09:51:05.230,1.139,1.1455,16.0,1.141,20.0,5292.0,12.0
2021-01-05 09:51:05.751,1.139,1.1455,36.0,1.1401,20.0,5292.0,12.0
2021-01-05 09:51:06.260,1.139,1.1455,36.0,1.1401,20.0,5292.0,12.0
2021-01-05 09:51:07.251,1.139,1.1455,36.0,1.1401,20.0,5292.0,12.0
2021-01-05 09:51:08.010,1.139,1.1455,36.0,1.1401,20.0,5292.0,12.0
2021-01-05 09:51:09.251,1.139,1.1455,36.0,1.1401,20.0,5292.0,12.0
2021-01-05 09:51:09.750,1.139,1.1455,36.0,1.1401,20.0,5292.0,12.0
2021-01-05 09:51:10.761,1.139,1.1455,36.0,1.1401,26.0,5292.0,12.0
2021-01-05 09:51:11.270,1.139,1.1455,20.0,1.1402,2.0,5292.0,12.0
2021-01-05 09:51:11.781,1.139,1.1455,20.0,1.1412,16.0,5292.0,12.0
2021-01-05 09:51:11.781,1.139,1.1455,20.0,1.1412,16.0,5292.0,12.0
2021-01-05 09:51:12.271,1.139,1.1455,20.0,1.1413,1.0,5292.0,12.0
2021-01-05 09:51:13.291,1.139,1.1455,20.0,1.1413,1.0,5292.0,12.0
2021-01-05 09:51:13.291,1.139,1.1477,20.0,1.1426,16.0,5292.0,12.0
2021-01-05 09:51:14.280,1.139,1.1477,20.0,1.1427,1.0,5292.0,12.0
2021-01-05 09:51:15.250,1.139,1.1477,20.0,1.1427,1.0,5292.0,12.0
2021-01-05 09:51:15.771,1.139,1.1477,20.0,1.1427,1.0,5292.0,12.0
2021-01-05 09:51:18.311,1.139,1.1477,20.0,1.1426,36.0,5292.0,12.0
2021-01-05 09:51:19.260,1.139,1.1471,16.0,1.1426,20.0,5292.0,12.0
2021-01-05 09:51:19.800,1.139,1.1471,36.0,1.1426,20.0,5292.0,12.0
2021-01-05 09:51:20.261,1.139,1.1471,36.0,1.1426,20.0,5292.0,12.0
2021-01-05 09:51:20.810,1.139,1.1471,36.0,1.1415,16.0,5292.0,12.0
2021-01-05 09:51:21.311,1.139,1.1471,36.0,1.1415,16.0,5292.0,12.0
2021-01-05 09:51:21.780,1.139,1.1471,16.0,1.1416,3.0,5292.0,12.0
2021-01-05 09:51:21.780,1.139,1.1481,20.0,1.1416,9.0,5292.0,12.0
2021-01-05 09:51:22.301,1.139,1.1481,20.0,1.1428,16.0,5292.0,12.0
2021-01-05 09:51:23.000,1.139,1.1484,36.0,1.1429,1.0,5292.0,12.0
2021-01-05 09:51:24.251,1.139,1.1484,36.0,1.1428,36.0,5292.0,12.0
2021-01-05 09:51:24.760,1.139,1.1484,36.0,1.1429,1.0,5292.0,12.0
2021-01-05 09:51:25.221,1.139,1.1484,36.0,1.1429,1.0,5292.0,12.0
2021-01-05 09:51:25.221,1.139,1.1484,36.0,1.1428,36.0,5292.0,12.0
2021-01-05 09:51:26.681,1.139,1.1484,36.0,1.1428,36.0,5292.0,12.0
2021-01-05 09:51:27.161,1.139,1.1484,36.0,1.143,10.0,5292.0,12.0
2021-01-05 09:51:27.770,1.139,1.1484,36.0,1.1431,1.0,5292.0,12.0
2021-01-05 09:51:28.250,1.139,1.1484,36.0,1.1431,1.0,5292.0,12.0
2021-01-05 09:51:29.271,1.139,1.1484,16.0,1.1431,1.0,5292.0,12.0
2021-01-05 09:51:29.770,1.139,1.1484,16.0,1.1432,2.0,5292.0,12.0
2021-01-05 09:51:30.260,1.139,1.1484,16.0,1.1432,6.0,5292.0,12.0
2021-01-05 09:51:30.260,1.139,1.1484,16.0,1.1431,6.0,5292.0,12.0
2021-01-05 09:51:31.560,1.139,1.1484,36.0,1.1431,6.0,5292.0,12.0
2021-01-05 09:51:32.271,1.139,1.1484,20.0,1.1431,12.0,5292.0,12.0
2021-01-05 09:51:32.780,1.139,1.1494,20.0,1.144,16.0,5292.0,12.0
2021-01-05 09:51:33.291,1.139,1.1494,20.0,1.1441,1.0,5292.0,12.0
2021-01-05 09:51:33.510,1.139,1.1494,20.0,1.1441,1.0,5292.0,12.0
2021-01-05 09:51:36.150,1.139,1.1494,20.0,1.144,36.0,5292.0,12.0
2021-01-05 09:51:36.761,1.139,1.1494,20.0,1.144,36.0,5292.0,12.0
2021-01-05 09:51:37.270,1.139,1.1494,20.0,1.144,36.0,5292.0,12.0
2021-01-05 09:51:37.791,1.139,1.1494,20.0,1.144,37.0,5292.0,12.0
2021-01-05 09:51:39.771,1.139,1.1494,20.0,1.144,39.0,5292.0,12.0
2021-01-05 09:51:42.271,1.139,1.1494,20.0,1.144,34.0,5292.0,12.0
2021-01-05 09:51:42.791,1.139,1.1494,20.0,1.1451,16.0,5292.0,12.0
2021-01-05 09:51:43.250,1.139,1.1494,20.0,1.1452,11.0,5292.0,12.0
2021-01-05 09:51:43.761,1.139,1.1507,36.0,1.1452,11.0,5292.0,12.0
2021-01-05 09:51:44.261,1.139,1.1507,36.0,1.1452,10.0,5292.0,12.0
2021-01-05 09:51:45.260,1.139,1.1507,36.0,1.1452,10.0,5292.0,12.0
2021-01-05 09:51:45.811,1.139,1.1507,20.0,1.1452,10.0,5292.0,12.0
2021-01-05 09:51:46.311,1.139,1.1492,16.0,1.1452,10.0,5292.0,12.0
2021-01-05 09:51:46.800,1.139,1.1492,36.0,1.1452,10.0,5292.0,12.0
2021-01-05 09:51:47.331,1.139,1.1492,36.0,1.1452,10.0,5292.0,12.0
2021-01-05 09:51:49.281,1.139,1.1492,36.0,1.1452,10.0,5292.0,12.0
2021-01-05 09:51:49.820,1.139,1.1492,36.0,1.1452,10.0,5292.0,12.0
2021-01-05 09:51:51.301,1.139,1.1492,36.0,1.144,20.0,5292.0,12.0
2021-01-05 09:51:51.830,1.139,1.1492,20.0,1.1428,10.0,5292.0,12.0
2021-01-05 09:51:52.301,1.139,1.1479,16.0,1.1428,10.0,5292.0,12.0
2021-01-05 09:51:53.140,1.139,1.1479,36.0,1.1423,36.0,5292.0,12.0
2021-01-05 09:51:54.231,1.139,1.1479,36.0,1.1423,36.0,5292.0,12.0
2021-01-05 09:51:54.711,1.139,1.1479,36.0,1.1423,36.0,5292.0,12.0
2021-01-05 09:51:55.620,1.139,1.1479,36.0,1.1423,36.0,5292.0,12.0
2021-01-05 09:51:56.740,1.139,1.1479,36.0,1.1423,36.0,5292.0,12.0
2021-01-05 09:51:58.740,1.139,1.1479,36.0,1.1424,2.0,5292.0,12.0
2021-01-05 09:51:59.211,1.139,1.1479,36.0,1.1424,2.0,5292.0,12.0
2021-01-05 09:51:59.750,1.139,1.1479,36.0,1.1425,1.0,5292.0,12.0
2021-01-05 09:52:00.250,1.139,1.1479,36.0,1.1425,1.0,5292.0,12.0
2021-01-05 09:52:00.740,1.139,1.1479,20.0,1.1425,1.0,5292.0,12.0
2021-01-05 09:52:00.751,1.139,1.1479,20.0,1.1434,16.0,5292.0,12.0
2021-01-05 09:52:01.251,1.139,1.1489,16.0,1.1434,16.0,5292.0,12.0
2021-01-05 09:52:02.250,1.139,1.1489,36.0,1.1435,1.0,5292.0,12.0
2021-01-05 09:52:02.751,1.139,1.1489,36.0,1.1435,20.0,5292.0,12.0
2021-01-05 09:52:03.251,1.139,1.1489,36.0,1.1435,20.0,5292.0,12.0
2021-01-05 09:52:04.240,1.139,1.1489,36.0,1.1435,20.0,5292.0,12.0
2021-01-05 09:52:08.180,1.139,1.1479,10.0,1.1435,20.0,5292.0,12.0
2021-01-05 09:52:09.081,1.139,1.1479,30.0,1.1435,20.0,5292.0,12.0
2021-01-05 09:52:11.761,1.139,1.1479,30.0,1.1435,20.0,5292.0,12.0
2021-01-05 09:52:12.631,1.139,1.1479,30.0,1.1436,1.0,5292.0,12.0
2021-01-05 09:52:13.260,1.139,1.1479,30.0,1.1436,1.0,5292.0,12.0
2021-01-05 09:52:15.240,1.139,1.145,1.0,1.1436,1.0,5292.0,12.0
2021-01-05 09:52:15.751,1.145,1.1479,30.0,1.1436,1.0,5291.0,13.0
2021-01-05 09:52:17.271,1.145,1.1479,30.0,1.1436,1.0,5291.0,13.0
2021-01-05 09:52:21.370,1.145,1.1479,30.0,1.1436,1.0,5291.0,13.0
2021-01-05 09:52:22.271,1.145,1.1479,30.0,1.1436,1.0,5291.0,13.0
2021-01-05 09:52:23.241,1.145,1.1479,10.0,1.1436,1.0,5291.0,13.0
2021-01-05 09:52:23.751,1.145,1.1479,10.0,1.1436,1.0,5291.0,13.0
2021-01-05 09:52:25.741,1.145,1.1479,10.0,1.1436,12.0,5291.0,13.0
2021-01-05 09:52:26.100,1.145,1.1479,10.0,1.1436,1.0,5291.0,13.0
2021-01-05 09:52:26.740,1.145,1.1479,30.0,1.1436,1.0,5291.0,13.0
2021-01-05 09:52:28.250,1.145,1.1479,30.0,1.1435,20.0,5291.0,13.0
2021-01-05 09:52:28.761,1.145,1.1479,20.0,1.1435,20.0,5291.0,13.0
2021-01-05 09:52:29.260,1.145,1.1479,20.0,1.1435,20.0,5291.0,13.0
2021-01-05 09:52:29.681,1.145,1.1489,36.0,1.1435,20.0,5291.0,13.0
2021-01-05 09:52:30.271,1.145,1.1489,36.0,1.1436,1.0,5291.0,13.0
2021-01-05 09:52:32.691,1.145,1.1489,36.0,1.1436,1.0,5291.0,13.0
2021-01-05 09:52:34.801,1.145,1.1489,36.0,1.1436,7.0,5291.0,13.0
2021-01-05 09:52:35.100,1.145,1.1489,36.0,1.1436,14.0,5291.0,13.0
2021-01-05 09:52:36.301,1.145,1.1489,36.0,1.1436,14.0,5291.0,13.0
2021-01-05 09:52:36.791,1.145,1.1489,36.0,1.1436,17.0,5291.0,13.0
2021-01-05 09:52:36.791,1.145,1.1489,36.0,1.1437,2.0,5291.0,13.0
2021-01-05 09:52:37.761,1.145,1.1489,36.0,1.1437,2.0,5291.0,13.0
2021-01-05 09:52:38.011,1.145,1.1489,20.0,1.1437,2.0,5291.0,13.0
2021-01-05 09:52:38.791,1.145,1.1489,20.0,1.1444,16.0,5291.0,13.0
2021-01-05 09:52:39.300,1.145,1.15,16.0,1.1444,36.0,5291.0,13.0
2021-01-05 09:52:39.801,1.145,1.15,16.0,1.1445,1.0,5291.0,13.0
2021-01-05 09:52:40.291,1.145,1.15,16.0,1.1445,1.0,5291.0,13.0
2021-01-05 09:52:40.291,1.145,1.15,16.0,1.1446,2.0,5291.0,13.0
2021-01-05 09:52:41.290,1.145,1.15,16.0,1.1446,7.0,5291.0,13.0
2021-01-05 09:52:41.780,1.145,1.15,16.0,1.1446,7.0,5291.0,13.0
2021-01-05 09:52:42.291,1.145,1.15,16.0,1.1445,1.0,5291.0,13.0
2021-01-05 09:52:42.790,1.145,1.15,16.0,1.1446,10.0,5291.0,13.0
2021-01-05 09:52:43.290,1.145,1.15,16.0,1.1447,2.0,5291.0,13.0
2021-01-05 09:52:43.290,1.145,1.15,16.0,1.1447,2.0,5291.0,13.0
2021-01-05 09:52:44.020,1.145,1.1502,10.0,1.1447,2.0,5291.0,13.0
2021-01-05 09:52:44.781,1.145,1.1502,10.0,1.1455,16.0,5291.0,13.0
2021-01-05 09:52:44.781,1.145,1.151,16.0,1.1456,1.0,5291.0,13.0
2021-01-05 09:52:45.810,1.145,1.151,16.0,1.1456,1.0,5291.0,13.0
2021-01-05 09:52:47.301,1.145,1.151,16.0,1.1456,1.0,5291.0,13.0
2021-01-05 09:52:47.810,1.145,1.151,16.0,1.1457,2.0,5291.0,13.0
2021-01-05 09:52:48.800,1.145,1.1525,20.0,1.1457,2.0,5291.0,13.0
2021-01-05 09:52:48.800,1.145,1.1523,16.0,1.1467,16.0,5291.0,13.0
2021-01-05 09:52:49.820,1.145,1.1523,16.0,1.1468,1.0,5291.0,13.0
2021-01-05 09:52:50.321,1.145,1.1523,16.0,1.1468,1.0,5291.0,13.0
2021-01-05 09:52:50.801,1.145,1.1523,16.0,1.1468,1.0,5291.0,13.0
2021-01-05 09:52:51.820,1.145,1.1523,16.0,1.1467,36.0,5291.0,13.0
2021-01-05 09:52:52.321,1.145,1.1523,16.0,1.1467,36.0,5291.0,13.0
2021-01-05 09:52:52.390,1.145,1.1523,16.0,1.1467,36.0,5291.0,13.0
2021-01-05 09:52:53.231,1.145,1.1503,16.0,1.1453,10.0,5291.0,13.0
2021-01-05 09:52:54.250,1.145,1.1503,16.0,1.1454,1.0,5291.0,13.0
2021-01-05 09:52:55.760,1.145,1.1503,16.0,1.1455,2.0,5291.0,13.0
2021-01-05 09:52:56.761,1.145,1.1503,16.0,1.1454,1.0,5291.0,13.0
2021-01-05 09:52:57.260,1.145,1.1503,16.0,1.1454,1.0,5291.0,13.0
2021-01-05 09:52:58.090,1.145,1.1503,16.0,1.1451,20.0,5291.0,13.0
2021-01-05 09:52:58.770,1.145,1.1503,16.0,1.1447,16.0,5291.0,13.0
2021-01-05 09:52:59.761,1.145,1.1503,16.0,1.1447,16.0,5291.0,13.0
2021-01-05 09:52:59.761,1.145,1.1503,16.0,1.1447,16.0,5291.0,13.0
2021-01-05 09:53:01.041,1.145,1.1503,16.0,1.1448,1.0,5291.0,13.0
2021-01-05 09:53:02.091,1.145,1.1503,16.0,1.1448,1.0,5291.0,13.0
2021-01-05 09:53:02.760,1.145,1.1503,16.0,1.1449,2.0,5291.0,13.0
2021-01-05 09:53:03.200,1.145,1.1503,36.0,1.1448,1.0,5291.0,13.0
2021-01-05 09:53:03.200,1.145,1.1503,16.0,1.1448,1.0,5291.0,13.0
2021-01-05 09:53:03.830,1.145,1.1503,36.0,1.1448,1.0,5291.0,13.0
2021-01-05 09:53:04.770,1.145,1.1503,16.0,1.1448,1.0,5291.0,13.0
2021-01-05 09:53:05.281,1.145,1.1503,36.0,1.1448,1.0,5291.0,13.0
2021-01-05 09:53:05.761,1.145,1.1503,16.0,1.1448,1.0,5291.0,13.0
2021-01-05 09:53:06.220,1.145,1.1503,16.0,1.1448,12.0,5291.0,13.0
2021-01-05 09:53:06.760,1.145,1.1503,36.0,1.1448,6.0,5291.0,13.0
2021-01-05 09:53:07.761,1.145,1.1503,36.0,1.1448,12.0,5291.0,13.0
2021-01-05 09:53:08.281,1.145,1.1503,36.0,1.1449,2.0,5291.0,13.0
2021-01-05 09:53:09.301,1.145,1.1514,16.0,1.1458,36.0,5291.0,13.0
2021-01-05 09:53:09.401,1.145,1.1514,36.0,1.1459,1.0,5291.0,13.0
2021-01-05 09:53:11.290,1.145,1.1514,36.0,1.1459,1.0,5291.0,13.0
2021-01-05 09:53:11.770,1.145,1.1514,36.0,1.1459,1.0,5291.0,13.0
2021-01-05 09:53:12.300,1.145,1.1514,36.0,1.1458,36.0,5291.0,13.0
2021-01-05 09:53:12.790,1.145,1.1502,16.0,1.1458,20.0,5291.0,13.0
2021-01-05 09:53:13.801,1.145,1.1502,16.0,1.1447,16.0,5291.0,13.0
2021-01-05 09:53:14.271,1.145,1.1502,36.0,1.1447,16.0,5291.0,13.0
2021-01-05 09:53:15.320,1.145,1.1502,20.0,1.1441,20.0,5291.0,13.0
2021-01-05 09:53:15.810,1.145,1.149,16.0,1.1441,20.0,5291.0,13.0
2021-01-05 09:53:16.321,1.145,1.149,16.0,1.1438,2.0,5291.0,13.0
2021-01-05 09:53:16.821,1.145,1.149,16.0,1.1438,2.0,5291.0,13.0
2021-01-05 09:53:17.291,1.145,1.149,16.0,1.1438,2.0,5291.0,13.0
2021-01-05 09:53:17.820,1.145,1.1498,20.0,1.1438,7.0,5291.0,13.0
2021-01-05 09:53:17.820,1.145,1.1502,16.0,1.1447,16.0,5291.0,13.0
2021-01-05 09:53:18.811,1.145,1.1498,20.0,1.1447,36.0,5291.0,13.0
2021-01-05 09:53:19.291,1.145,1.1498,20.0,1.1447,38.0,5291.0,13.0
2021-01-05 09:53:19.370,1.145,1.1502,16.0,1.145,10.0,5291.0,13.0
2021-01-05 09:53:20.311,1.145,1.1502,16.0,1.145,10.0,5291.0,13.0
2021-01-05 09:53:20.830,1.145,1.1502,16.0,1.145,16.0,5291.0,13.0
2021-01-05 09:53:22.311,1.145,1.1502,16.0,1.145,10.0,5291.0,13.0
2021-01-05 09:53:23.170,1.145,1.1502,16.0,1.145,10.0,5291.0,13.0
2021-01-05 09:53:24.140,1.145,1.1502,16.0,1.145,10.0,5291.0,13.0
2021-01-05 09:53:24.751,1.145,1.1502,16.0,1.145,10.0,5291.0,13.0
2021-01-05 09:53:25.581,1.145,1.1502,16.0,1.145,10.0,5291.0,13.0
2021-01-05 09:53:26.751,1.145,1.1502,16.0,1.145,21.0,5291.0,13.0
2021-01-05 09:53:27.191,1.145,1.1502,16.0,1.145,10.0,5291.0,13.0
2021-01-05 09:53:27.730,1.145,1.1502,16.0,1.145,10.0,5291.0,13.0
2021-01-05 09:53:28.750,1.145,1.1497,10.0,1.1447,36.0,5291.0,13.0
2021-01-05 09:53:30.731,1.145,1.1488,1.0,1.1447,36.0,5291.0,13.0
2021-01-05 09:53:31.021,1.145,1.1488,1.0,1.1447,36.0,5291.0,13.0
2021-01-05 09:53:32.210,1.145,1.1488,1.0,1.1447,36.0,5291.0,13.0
2021-01-05 09:53:32.681,1.145,1.1488,1.0,1.1447,36.0,5291.0,13.0
2021-01-05 09:53:33.240,1.145,1.1488,1.0,1.1447,36.0,5291.0,13.0
2021-01-05 09:53:34.160,1.1488,1.1493,20.0,1.1447,36.0,5290.0,14.0
2021-01-05 09:53:34.541,1.1488,1.1502,16.0,1.1447,36.0,5290.0,14.0
2021-01-05 09:53:35.121,1.1488,1.1502,16.0,1.1447,36.0,5290.0,14.0
2021-01-05 09:53:38.100,1.1488,1.1502,16.0,1.1447,36.0,5290.0,14.0
2021-01-05 09:53:39.261,1.1488,1.1502,16.0,1.1447,36.0,5290.0,14.0
2021-01-05 09:53:40.271,1.1488,1.1502,16.0,1.1447,36.0,5290.0,14.0
2021-01-05 09:53:42.140,1.1488,1.1502,16.0,1.1447,36.0,5290.0,14.0
2021-01-05 09:53:42.751,1.1488,1.1502,16.0,1.1447,36.0,5290.0,14.0
2021-01-05 09:53:45.260,1.1488,1.1502,16.0,1.1447,36.0,5290.0,14.0
2021-01-05 09:53:45.610,1.1488,1.1502,16.0,1.1447,36.0,5290.0,14.0
2021-01-05 09:53:46.290,1.1488,1.1502,16.0,1.1447,36.0,5290.0,14.0
2021-01-05 09:53:48.261,1.1488,1.1504,20.0,1.1447,20.0,5290.0,14.0
2021-01-05 09:53:48.801,1.1488,1.1491,16.0,1.1447,20.0,5290.0,14.0
2021-01-05 09:53:49.281,1.1488,1.1491,36.0,1.1436,16.0,5290.0,14.0
2021-01-05 09:53:49.811,1.1488,1.1491,36.0,1.1436,16.0,5290.0,14.0
2021-01-05 09:53:50.280,1.1488,1.1491,36.0,1.1436,16.0,5290.0,14.0
2021-01-05 09:53:51.310,1.1488,1.1491,36.0,1.1436,36.0,5290.0,14.0
2021-01-05 09:53:52.311,1.1488,1.1491,36.0,1.1436,36.0,5290.0,14.0
2021-01-05 09:53:52.710,1.1488,1.1491,36.0,1.1436,36.0,5290.0,14.0
2021-01-05 09:53:53.721,1.1488,1.1491,36.0,1.1436,36.0,5290.0,14.0
2021-01-05 09:53:54.230,1.1488,1.1491,36.0,1.1437,2.0,5290.0,14.0
2021-01-05 09:53:55.730,1.1488,1.1491,36.0,1.1436,36.0,5290.0,14.0
2021-01-05 09:53:56.220,1.1488,1.1491,36.0,1.1436,38.0,5290.0,14.0
2021-01-05 09:53:56.691,1.1488,1.1491,36.0,1.1436,38.0,5290.0,14.0
2021-01-05 09:53:58.270,1.1488,1.1491,36.0,1.1436,36.0,5290.0,14.0
2021-01-05 09:53:59.071,1.1488,1.1491,36.0,1.1436,36.0,5290.0,14.0
2021-01-05 09:54:00.241,1.1488,1.1491,36.0,1.1436,36.0,5290.0,14.0
2021-01-05 09:54:00.690,1.1488,1.1491,36.0,1.1436,36.0,5290.0,14.0
2021-01-05 09:54:05.270,1.1488,1.1491,36.0,1.1437,2.0,5290.0,14.0
2021-01-05 09:54:06.260,1.1488,1.1491,20.0,1.1447,16.0,5290.0,14.0
2021-01-05 09:54:07.241,1.1488,1.1503,36.0,1.1447,36.0,5290.0,14.0
2021-01-05 09:54:08.701,1.1488,1.1503,36.0,1.1447,36.0,5290.0,14.0
2021-01-05 09:54:09.691,1.1488,1.1503,36.0,1.1448,2.0,5290.0,14.0
2021-01-05 09:54:10.240,1.1488,1.1503,36.0,1.1448,2.0,5290.0,14.0
2021-01-05 09:54:10.651,1.1488,1.1503,36.0,1.1447,36.0,5290.0,14.0
2021-01-05 09:54:11.231,1.1488,1.1503,36.0,1.1447,36.0,5290.0,14.0
2021-01-05 09:54:11.700,1.1488,1.1503,36.0,1.1447,36.0,5290.0,14.0
2021-01-05 09:54:12.250,1.1488,1.1503,36.0,1.1447,36.0,5290.0,14.0
2021-01-05 09:54:12.751,1.1488,1.1488,1.0,1.1447,36.0,5290.0,14.0
2021-01-05 09:54:13.761,1.1488,1.1488,21.0,1.1447,36.0,5290.0,14.0
2021-01-05 09:54:14.701,1.1488,1.1488,21.0,1.1447,36.0,5290.0,14.0
2021-01-05 09:54:21.761,1.1488,1.1488,1.0,1.1447,36.0,5290.0,14.0
2021-01-05 09:54:22.141,1.1488,1.1503,36.0,1.1447,36.0,5289.0,15.0
2021-01-05 09:54:22.681,1.1488,1.1492,20.0,1.1447,36.0,5289.0,15.0
2021-01-05 09:54:23.011,1.1488,1.1503,36.0,1.1447,36.0,5289.0,15.0
2021-01-05 09:54:24.251,1.1488,1.1503,36.0,1.1447,36.0,5289.0,15.0
2021-01-05 09:54:57.120,1.1488,1.1491,16.0,1.1447,20.0,5289.0,15.0
2021-01-05 09:54:57.710,1.1488,1.1491,16.0,1.1436,30.0,5289.0,15.0
2021-01-05 09:54:58.261,1.1488,1.1491,36.0,1.1436,20.0,5289.0,15.0
2021-01-05 09:54:58.680,1.1488,1.1491,16.0,1.1436,20.0,5289.0,15.0
2021-01-05 09:54:59.041,1.1488,1.1485,10.0,1.1436,20.0,5289.0,15.0
2021-01-05 09:54:59.681,1.1488,1.148,16.0,1.1436,20.0,5289.0,15.0
2021-01-05 09:55:00.121,1.1488,1.148,16.0,1.1424,36.0,5289.0,15.0
2021-01-05 09:55:03.281,1.1488,1.1469,16.0,1.1424,20.0,5289.0,15.0
2021-01-05 09:55:03.721,1.1488,1.1469,36.0,1.1414,30.0,5289.0,15.0
2021-01-05 09:55:04.720,1.1488,1.1469,36.0,1.1414,30.0,5289.0,15.0
2021-01-05 09:55:05.271,1.1488,1.1469,36.0,1.1414,30.0,5289.0,15.0
2021-01-05 09:55:05.690,1.1488,1.1469,36.0,1.1414,30.0,5289.0,15.0
2021-01-05 09:55:06.280,1.1488,1.1469,36.0,1.1414,30.0,5289.0,15.0
2021-01-05 09:55:07.031,1.1488,1.1467,10.0,1.1414,30.0,5289.0,15.0
2021-01-05 09:55:07.650,1.1488,1.1467,10.0,1.1414,20.0,5289.0,15.0
2021-01-05 09:55:08.791,1.1488,1.1467,10.0,1.1414,22.0,5289.0,15.0
2021-01-05 09:55:09.281,1.1488,1.1467,10.0,1.1414,28.0,5289.0,15.0
2021-01-05 09:55:09.590,1.1488,1.1467,10.0,1.1414,22.0,5289.0,15.0
2021-01-05 09:55:10.161,1.1488,1.1467,10.0,1.1414,20.0,5289.0,15.0
2021-01-05 09:55:11.050,1.1488,1.1467,10.0,1.1414,20.0,5289.0,15.0
2021-01-05 09:55:14.260,1.1488,1.1458,16.0,1.1414,20.0,5289.0,15.0
2021-01-05 09:55:14.750,1.1488,1.1458,36.0,1.1403,46.0,5289.0,15.0
2021-01-05 09:55:15.751,1.1488,1.1458,36.0,1.1403,46.0,5289.0,15.0
2021-01-05 09:55:16.281,1.1488,1.1458,36.0,1.1403,36.0,5289.0,15.0
2021-01-05 09:55:21.770,1.1488,1.1458,36.0,1.1403,36.0,5289.0,15.0
2021-01-05 09:55:22.281,1.1488,1.1458,20.0,1.1403,20.0,5289.0,15.0
2021-01-05 09:55:22.750,1.1488,1.1469,36.0,1.1413,16.0,5289.0,15.0
2021-01-05 09:55:23.261,1.1488,1.1469,36.0,1.1413,36.0,5289.0,15.0
2021-01-05 09:55:26.751,1.1488,1.1469,36.0,1.1413,36.0,5289.0,15.0
2021-01-05 09:55:27.151,1.1488,1.1469,36.0,1.1413,36.0,5289.0,15.0
2021-01-05 09:55:29.260,1.1488,1.1469,36.0,1.1414,2.0,5289.0,15.0
2021-01-05 09:55:29.700,1.1488,1.1469,36.0,1.1414,2.0,5289.0,15.0
2021-01-05 09:55:30.271,1.1488,1.1469,36.0,1.1414,6.0,5289.0,15.0
2021-01-05 09:55:30.760,1.1488,1.1469,36.0,1.1414,6.0,5289.0,15.0
2021-01-05 09:55:31.231,1.1488,1.1469,36.0,1.1414,6.0,5289.0,15.0
2021-01-05 09:55:31.231,1.1488,1.1469,36.0,1.1414,5.0,5289.0,15.0
2021-01-05 09:55:32.011,1.1488,1.1469,20.0,1.1425,16.0,5289.0,15.0
2021-01-05 09:55:32.791,1.1488,1.1481,36.0,1.1425,36.0,5289.0,15.0
2021-01-05 09:55:33.260,1.1488,1.1481,36.0,1.1425,36.0,5289.0,15.0
2021-01-05 09:55:36.270,1.1488,1.1481,36.0,1.1425,36.0,5289.0,15.0
2021-01-05 09:55:48.811,1.1488,1.1481,36.0,1.1428,10.0,5289.0,15.0
2021-01-05 09:55:55.210,1.1488,1.1481,36.0,1.1428,10.0,5289.0,15.0
2021-01-05 09:56:04.310,1.1488,1.1481,20.0,1.1428,10.0,5289.0,15.0
2021-01-05 09:56:04.741,1.1488,1.147,16.0,1.1428,10.0,5289.0,15.0
2021-01-05 09:56:05.330,1.1488,1.147,36.0,1.1428,10.0,5289.0,15.0
2021-01-05 09:56:06.310,1.1488,1.147,36.0,1.1414,16.0,5289.0,15.0
2021-01-05 09:56:10.321,1.1488,1.147,36.0,1.1414,16.0,5289.0,15.0
2021-01-05 09:56:10.800,1.1488,1.147,36.0,1.1414,16.0,5289.0,15.0
2021-01-05 09:56:11.320,1.1488,1.147,36.0,1.1414,16.0,5289.0,15.0
2021-01-05 09:56:11.820,1.1488,1.147,20.0,1.1413,20.0,5289.0,15.0
2021-01-05 09:56:11.820,1.1488,1.1482,16.0,1.1426,16.0,5289.0,15.0
2021-01-05 09:56:12.800,1.1488,1.1482,36.0,1.1426,36.0,5289.0,15.0
2021-01-05 09:56:13.311,1.1488,1.1482,36.0,1.1426,16.0,5289.0,15.0
2021-01-05 09:56:13.791,1.1488,1.1482,36.0,1.1426,16.0,5289.0,15.0
2021-01-05 09:56:14.350,1.1488,1.1482,20.0,1.1417,10.0,5289.0,15.0
2021-01-05 09:56:14.750,1.1488,1.147,16.0,1.1414,16.0,5289.0,15.0
2021-01-05 09:56:15.251,1.1488,1.147,36.0,1.1414,16.0,5289.0,15.0
2021-01-05 09:56:15.820,1.1488,1.147,36.0,1.1414,16.0,5289.0,15.0
2021-01-05 09:56:24.641,1.1488,1.147,36.0,1.1443,1.0,5289.0,15.0
2021-01-05 09:56:26.681,1.1443,1.147,36.0,1.1414,16.0,5290.0,16.0
2021-01-05 09:56:27.801,1.1443,1.147,36.0,1.1414,16.0,5290.0,16.0
2021-01-05 09:56:39.291,1.1443,1.147,20.0,1.1413,20.0,5290.0,16.0
2021-01-05 09:56:39.291,1.1443,1.1484,16.0,1.1428,26.0,5290.0,16.0
2021-01-05 09:56:40.321,1.1443,1.1484,36.0,1.1428,26.0,5290.0,16.0
2021-01-05 09:56:41.170,1.1443,1.1484,36.0,1.1428,26.0,5290.0,16.0
2021-01-05 09:56:43.291,1.1443,1.1484,36.0,1.1428,16.0,5290.0,16.0
2021-01-05 09:56:47.821,1.1443,1.1484,36.0,1.1428,22.0,5290.0,16.0
2021-01-05 09:56:48.351,1.1443,1.1484,20.0,1.1428,5.0,5290.0,16.0
2021-01-05 09:56:48.801,1.1443,1.1493,10.0,1.1439,16.0,5290.0,16.0
2021-01-05 09:56:49.300,1.1443,1.1493,10.0,1.1439,36.0,5290.0,16.0
2021-01-05 09:56:49.850,1.1443,1.1493,10.0,1.1439,36.0,5290.0,16.0
2021-01-05 09:56:50.320,1.1443,1.1493,10.0,1.1439,36.0,5290.0,16.0
2021-01-05 09:56:56.251,1.1443,1.1493,10.0,1.1439,36.0,5290.0,16.0
2021-01-05 09:56:57.280,1.1443,1.1493,10.0,1.1439,36.0,5290.0,16.0
2021-01-05 09:56:58.291,1.1443,1.1493,10.0,1.144,2.0,5290.0,16.0
2021-01-05 09:56:58.790,1.1443,1.1493,10.0,1.1439,36.0,5290.0,16.0
2021-01-05 09:56:59.290,1.1443,1.1493,10.0,1.1439,38.0,5290.0,16.0
2021-01-05 09:56:59.761,1.1443,1.1493,10.0,1.1439,38.0,5290.0,16.0
2021-01-05 09:57:02.300,1.1443,1.1493,10.0,1.1439,22.0,5290.0,16.0
2021-01-05 09:57:02.801,1.1443,1.1494,20.0,1.145,16.0,5290.0,16.0
2021-01-05 09:57:03.301,1.1443,1.1494,20.0,1.145,36.0,5290.0,16.0
2021-01-05 09:57:03.301,1.1443,1.1488,1.0,1.145,38.0,5290.0,16.0
2021-01-05 09:57:04.300,1.1443,1.1488,1.0,1.145,38.0,5290.0,16.0
2021-01-05 09:57:04.821,1.1443,1.1488,1.0,1.1455,10.0,5290.0,16.0
2021-01-05 09:57:06.811,1.1443,1.1488,1.0,1.145,36.0,5290.0,16.0
2021-01-05 09:57:07.320,1.1443,1.1488,1.0,1.145,36.0,5290.0,16.0
2021-01-05 09:57:07.841,1.1443,1.1488,1.0,1.145,36.0,5290.0,16.0
2021-01-05 09:57:08.271,1.1443,1.1488,1.0,1.145,36.0,5290.0,16.0
2021-01-05 09:57:08.820,1.1443,1.1488,1.0,1.145,36.0,5290.0,16.0
2021-01-05 09:57:14.361,1.1443,1.1488,1.0,1.145,36.0,5290.0,16.0
2021-01-05 09:57:14.841,1.1443,1.1488,1.0,1.1451,2.0,5290.0,16.0
2021-01-05 09:57:15.321,1.1443,1.1488,1.0,1.145,36.0,5290.0,16.0
2021-01-05 09:57:15.851,1.1443,1.1488,1.0,1.1439,20.0,5290.0,16.0
2021-01-05 09:57:15.851,1.1443,1.1488,1.0,1.144,2.0,5290.0,16.0
2021-01-05 09:57:16.820,1.1443,1.1488,1.0,1.144,22.0,5290.0,16.0
2021-01-05 09:57:23.701,1.1443,1.1488,1.0,1.144,22.0,5290.0,16.0
2021-01-05 09:57:24.760,1.1443,1.1488,1.0,1.144,27.0,5290.0,16.0
2021-01-05 09:57:26.291,1.1443,1.1488,1.0,1.1441,2.0,5290.0,16.0
2021-01-05 09:57:26.781,1.1443,1.1488,1.0,1.1441,7.0,5290.0,16.0
2021-01-05 09:57:27.301,1.1443,1.1488,1.0,1.1441,2.0,5290.0,16.0
2021-01-05 09:57:27.770,1.1443,1.1488,1.0,1.1441,13.0,5290.0,16.0
2021-01-05 09:57:27.770,1.1443,1.1488,1.0,1.1441,7.0,5290.0,16.0
2021-01-05 09:57:32.050,1.1443,1.1488,1.0,1.1441,13.0,5290.0,16.0
2021-01-05 09:57:33.810,1.1443,1.1488,1.0,1.1441,8.0,5290.0,16.0
2021-01-05 09:57:33.810,1.1443,1.1488,1.0,1.1441,2.0,5290.0,16.0
2021-01-05 09:57:35.821,1.1443,1.1488,1.0,1.1441,7.0,5290.0,16.0
2021-01-05 09:57:36.301,1.1443,1.1488,1.0,1.1442,2.0,5290.0,16.0
2021-01-05 09:57:39.310,1.1443,1.1488,1.0,1.1442,7.0,5290.0,16.0
2021-01-05 09:57:39.790,1.1443,1.1488,1.0,1.1442,2.0,5290.0,16.0
2021-01-05 09:57:41.331,1.1443,1.1488,1.0,1.1442,8.0,5290.0,16.0
2021-01-05 09:57:41.800,1.1443,1.1488,1.0,1.1442,7.0,5290.0,16.0
2021-01-05 09:57:42.291,1.1443,1.1488,1.0,1.1449,16.0,5290.0,16.0
2021-01-05 09:57:42.741,1.1443,1.1488,1.0,1.145,2.0,5290.0,16.0
2021-01-05 09:57:46.301,1.1443,1.1488,1.0,1.145,2.0,5290.0,16.0
2021-01-05 09:57:47.280,1.1443,1.1488,1.0,1.145,2.0,5290.0,16.0
2021-01-05 09:57:47.820,1.1443,1.1488,1.0,1.145,2.0,5290.0,16.0
2021-01-05 09:57:48.840,1.1443,1.1488,1.0,1.145,7.0,5290.0,16.0
2021-01-05 09:57:49.351,1.1443,1.1488,1.0,1.1461,16.0,5290.0,16.0
2021-01-05 09:57:49.860,1.1443,1.1488,1.0,1.1462,2.0,5290.0,16.0
2021-01-05 09:57:50.350,1.1443,1.1488,1.0,1.1462,2.0,5290.0,16.0
2021-01-05 09:57:53.781,1.1443,1.1488,1.0,1.1462,7.0,5290.0,16.0
2021-01-05 09:57:54.200,1.1443,1.1488,1.0,1.1472,16.0,5290.0,16.0
2021-01-05 09:57:54.761,1.1443,1.1488,1.0,1.1473,2.0,5290.0,16.0
2021-01-05 09:57:55.270,1.1443,1.1488,1.0,1.1472,36.0,5290.0,16.0
2021-01-05 09:57:55.560,1.1443,1.1488,1.0,1.1472,36.0,5290.0,16.0
2021-01-05 09:57:59.270,1.1443,1.1488,1.0,1.1472,20.0,5290.0,16.0
2021-01-05 09:58:01.260,1.1443,1.1488,1.0,1.1473,2.0,5290.0,16.0
2021-01-05 09:58:02.121,1.1443,1.1488,1.0,1.1472,20.0,5290.0,16.0
2021-01-05 09:58:02.791,1.1443,1.1488,1.0,1.1461,36.0,5290.0,16.0
2021-01-05 09:58:03.300,1.1443,1.1488,1.0,1.1469,2.0,5290.0,16.0
2021-01-05 09:58:03.790,1.1443,1.1488,1.0,1.1469,2.0,5290.0,16.0
2021-01-05 09:58:04.261,1.1443,1.1488,1.0,1.1469,2.0,5290.0,16.0
2021-01-05 09:58:04.751,1.1443,1.1488,1.0,1.1466,2.0,5290.0,16.0
2021-01-05 09:58:05.790,1.1443,1.1488,1.0,1.1463,2.0,5290.0,16.0
2021-01-05 09:58:07.300,1.1443,1.1488,1.0,1.1463,7.0,5290.0,16.0
2021-01-05 09:58:07.800,1.1443,1.1488,1.0,1.1463,2.0,5290.0,16.0
2021-01-05 09:58:09.771,1.1443,1.1488,1.0,1.1463,2.0,5290.0,16.0
2021-01-05 09:58:15.810,1.1443,1.1488,1.0,1.1464,2.0,5290.0,16.0
2021-01-05 09:58:16.010,1.1443,1.1488,1.0,1.1464,2.0,5290.0,16.0
2021-01-05 09:58:16.840,1.1443,1.1488,1.0,1.1461,36.0,5290.0,16.0
2021-01-05 09:58:17.330,1.1443,1.1488,1.0,1.1461,38.0,5290.0,16.0
2021-01-05 09:58:17.841,1.1443,1.1488,1.0,1.1461,36.0,5290.0,16.0
2021-01-05 09:58:18.350,1.1443,1.1488,1.0,1.1461,36.0,5290.0,16.0
2021-01-05 09:58:18.780,1.1443,1.1488,1.0,1.1461,36.0,5290.0,16.0
2021-01-05 09:58:20.840,1.1443,1.1488,1.0,1.1462,2.0,5290.0,16.0
2021-01-05 09:58:21.311,1.1443,1.1488,1.0,1.1462,2.0,5290.0,16.0
2021-01-05 09:58:22.350,1.1443,1.1488,1.0,1.1461,36.0,5290.0,16.0
2021-01-05 09:58:22.771,1.1443,1.1488,1.0,1.1461,36.0,5290.0,16.0
2021-01-05 09:58:23.770,1.1443,1.1488,1.0,1.1461,36.0,5290.0,16.0
2021-01-05 09:58:24.780,1.1443,1.1488,1.0,1.1462,2.0,5290.0,16.0
2021-01-05 09:58:26.271,1.1443,1.1488,1.0,1.1462,2.0,5290.0,16.0
2021-01-05 09:58:26.780,1.1443,1.1488,1.0,1.1462,7.0,5290.0,16.0
2021-01-05 09:58:27.281,1.1443,1.1488,1.0,1.1462,2.0,5290.0,16.0
2021-01-05 09:58:27.781,1.1443,1.1488,1.0,1.1462,2.0,5290.0,16.0
2021-01-05 09:58:28.791,1.1443,1.1488,1.0,1.1462,7.0,5290.0,16.0
2021-01-05 09:58:34.710,1.1443,1.1488,1.0,1.1463,2.0,5290.0,16.0
2021-01-05 09:58:36.291,1.1443,1.1488,1.0,1.1463,2.0,5290.0,16.0
2021-01-05 09:58:40.341,1.1443,1.1488,1.0,1.1463,2.0,5290.0,16.0
2021-01-05 09:58:40.800,1.1443,1.1488,1.0,1.1463,2.0,5290.0,16.0
2021-01-05 09:58:43.290,1.1443,1.1488,1.0,1.1463,7.0,5290.0,16.0
2021-01-05 09:58:44.800,1.1443,1.1488,1.0,1.1464,2.0,5290.0,16.0
2021-01-05 09:58:45.111,1.1443,1.1488,1.0,1.1464,7.0,5290.0,16.0
