,last,ask1,asize1,bid1,bsize1,oi,volume
2021-01-05 09:21:35.321,0.0038,0.0038,1.0,0.0038,1.0,58814.0,
2021-01-05 09:22:30.230,0.0038,0.0038,50.0,0.0038,50.0,58814.0,
2021-01-05 09:23:48.810,0.0039,0.0039,50.0,0.0039,50.0,58814.0,
2021-01-05 09:25:00.080,0.0039,0.0048,1.0,0.0039,1.0,58814.0,50.0
2021-01-05 09:30:00.451,0.0039,0.0046,2.0,0.0039,1.0,58814.0,50.0
2021-01-05 09:30:00.991,0.0039,0.0046,2.0,0.0039,21.0,58814.0,50.0
2021-01-05 09:30:01.481,0.0046,0.0044,10.0,0.004,30.0,58815.0,51.0
2021-01-05 09:30:02.501,0.0046,0.0045,10.0,0.0041,10.0,58815.0,51.0
2021-01-05 09:30:02.870,0.0046,0.0044,10.0,0.0041,30.0,58815.0,51.0
2021-01-05 09:30:03.471,0.0046,0.0043,11.0,0.0041,20.0,58815.0,51.0
2021-01-05 09:30:03.980,0.0046,0.0043,1.0,0.0041,20.0,58815.0,51.0
2021-01-05 09:30:04.430,0.0046,0.0043,1.0,0.004,30.0,58815.0,51.0
2021-01-05 09:30:05.010,0.0046,0.0043,1.0,0.0041,10.0,58815.0,51.0
2021-01-05 09:30:05.471,0.0046,0.0043,1.0,0.0041,30.0,58815.0,51.0
2021-01-05 09:30:05.990,0.0046,0.0043,1.0,0.0041,20.0,58815.0,51.0
2021-01-05 09:30:06.480,0.0046,0.0043,1.0,0.0039,21.0,58815.0,51.0
2021-01-05 09:30:06.971,0.0046,0.0043,11.0,0.0041,9.0,58815.0,51.0
2021-01-05 09:30:07.471,0.0046,0.0043,1.0,0.0041,29.0,58815.0,51.0
2021-01-05 09:30:08.520,0.0046,0.0043,11.0,0.0041,29.0,58815.0,51.0
2021-01-05 09:30:08.960,0.0046,0.0043,1.0,0.0041,29.0,58815.0,51.0
2021-01-05 09:30:09.970,0.0046,0.0043,11.0,0.0041,29.0,58815.0,51.0
2021-01-05 09:30:10.501,0.0043,0.0049,6.0,0.0041,29.0,58826.0,62.0
2021-01-05 09:30:11.521,0.0043,0.0045,10.0,0.0041,39.0,58826.0,62.0
2021-01-05 09:30:11.980,0.0043,0.0049,6.0,0.0041,29.0,58826.0,62.0
2021-01-05 09:30:12.860,0.0043,0.0045,10.0,0.0041,39.0,58826.0,62.0
2021-01-05 09:30:13.501,0.0043,0.0044,10.0,0.0041,39.0,58826.0,62.0
2021-01-05 09:30:13.941,0.0043,0.0049,26.0,0.0041,29.0,58826.0,62.0
2021-01-05 09:30:14.521,0.0043,0.0045,10.0,0.0041,39.0,58826.0,62.0
2021-01-05 09:30:15.040,0.0043,0.0049,26.0,0.0041,29.0,58826.0,62.0
2021-01-05 09:30:15.991,0.0043,0.0045,10.0,0.0042,10.0,58826.0,62.0
2021-01-05 09:30:17.021,0.0043,0.0045,10.0,0.0042,20.0,58826.0,62.0
2021-01-05 09:30:17.641,0.0043,0.0048,20.0,0.0041,29.0,58826.0,62.0
2021-01-05 09:30:18.160,0.0043,0.0045,10.0,0.0041,39.0,58826.0,62.0
2021-01-05 09:30:19.251,0.0043,0.0047,20.0,0.0041,29.0,58826.0,62.0
2021-01-05 09:30:19.751,0.0043,0.0045,10.0,0.0041,39.0,58826.0,62.0
2021-01-05 09:30:20.240,0.0043,0.0044,10.0,0.0041,39.0,58826.0,62.0
2021-01-05 09:30:20.740,0.0043,0.0046,10.0,0.0042,10.0,58826.0,62.0
2021-01-05 09:30:21.241,0.0043,0.0045,10.0,0.0042,10.0,58826.0,62.0
2021-01-05 09:30:21.741,0.0043,0.0046,10.0,0.0042,10.0,58826.0,62.0
2021-01-05 09:30:22.240,0.0043,0.0045,10.0,0.0042,10.0,58826.0,62.0
2021-01-05 09:30:22.671,0.0043,0.0045,10.0,0.0041,39.0,58826.0,62.0
2021-01-05 09:30:23.170,0.0043,0.0046,10.0,0.0042,10.0,58826.0,62.0
2021-01-05 09:30:23.670,0.0043,0.0045,10.0,0.0042,30.0,58826.0,62.0
2021-01-05 09:30:24.661,0.0043,0.0047,20.0,0.0042,20.0,58826.0,62.0
2021-01-05 09:30:25.160,0.0043,0.0045,10.0,0.0042,10.0,58826.0,62.0
2021-01-05 09:30:25.671,0.0043,0.0043,10.0,0.0042,20.0,58826.0,62.0
2021-01-05 09:30:26.171,0.0043,0.0044,10.0,0.0042,9.0,58826.0,67.0
2021-01-05 09:30:27.170,0.0043,0.0044,10.0,0.0042,29.0,58826.0,67.0
2021-01-05 09:30:28.670,0.0043,0.0044,10.0,0.0042,29.0,58826.0,67.0
2021-01-05 09:30:29.150,0.0043,0.0043,10.0,0.0042,29.0,58826.0,67.0
2021-01-05 09:30:29.661,0.0043,0.0044,10.0,0.0042,29.0,58826.0,67.0
2021-01-05 09:30:30.171,0.0043,0.0044,10.0,0.0042,9.0,58826.0,67.0
2021-01-05 09:30:30.620,0.0043,0.0043,10.0,0.0042,9.0,58826.0,67.0
2021-01-05 09:30:31.121,0.0043,0.0043,10.0,0.0042,9.0,58826.0,67.0
2021-01-05 09:30:31.661,0.0043,0.0043,10.0,0.0042,9.0,58826.0,67.0
2021-01-05 09:30:32.140,0.0043,0.0043,10.0,0.0042,29.0,58826.0,67.0
2021-01-05 09:30:32.681,0.0042,0.0043,10.0,0.0042,28.0,58825.0,68.0
2021-01-05 09:30:32.681,0.0042,0.0044,10.0,0.0043,1.0,58825.0,68.0
2021-01-05 09:30:33.671,0.0042,0.0045,15.0,0.0043,1.0,58825.0,68.0
2021-01-05 09:30:34.670,0.0042,0.0045,15.0,0.0043,1.0,58825.0,68.0
2021-01-05 09:30:35.121,0.0042,0.0046,30.0,0.0043,1.0,58825.0,68.0
2021-01-05 09:30:35.680,0.0042,0.0046,30.0,0.0043,1.0,58825.0,68.0
2021-01-05 09:30:36.170,0.0042,0.0046,30.0,0.0043,16.0,58825.0,68.0
2021-01-05 09:30:36.691,0.0042,0.0046,30.0,0.0043,1.0,58825.0,68.0
2021-01-05 09:30:37.171,0.0042,0.0046,45.0,0.0043,1.0,58825.0,68.0
2021-01-05 09:30:37.670,0.0042,0.0046,45.0,0.0043,11.0,58825.0,68.0
2021-01-05 09:30:38.700,0.0042,0.0046,30.0,0.0043,1.0,58825.0,68.0
2021-01-05 09:30:39.201,0.0042,0.0046,30.0,0.0043,16.0,58825.0,68.0
2021-01-05 09:30:39.680,0.0042,0.0046,30.0,0.0043,26.0,58825.0,68.0
2021-01-05 09:30:40.170,0.0042,0.0046,30.0,0.0043,16.0,58825.0,68.0
2021-01-05 09:30:40.690,0.0042,0.0045,10.0,0.0043,16.0,58825.0,68.0
2021-01-05 09:30:41.151,0.0042,0.0045,10.0,0.0043,16.0,58825.0,68.0
2021-01-05 09:30:41.701,0.0042,0.0045,10.0,0.0043,1.0,58825.0,68.0
2021-01-05 09:30:42.181,0.0042,0.0045,10.0,0.0043,16.0,58825.0,68.0
2021-01-05 09:30:42.671,0.0042,0.0045,10.0,0.0043,1.0,58825.0,68.0
2021-01-05 09:30:43.170,0.0042,0.0045,10.0,0.0043,1.0,58825.0,68.0
2021-01-05 09:30:43.681,0.0042,0.0046,30.0,0.0043,16.0,58825.0,68.0
2021-01-05 09:30:44.181,0.0042,0.0046,30.0,0.0043,16.0,58825.0,68.0
2021-01-05 09:30:44.650,0.0042,0.0046,30.0,0.0043,11.0,58825.0,68.0
2021-01-05 09:30:45.161,0.0042,0.0046,30.0,0.0043,26.0,58825.0,68.0
2021-01-05 09:30:45.710,0.0042,0.0046,45.0,0.0043,1.0,58825.0,68.0
2021-01-05 09:30:46.200,0.0042,0.0046,45.0,0.0043,11.0,58825.0,68.0
2021-01-05 09:30:46.671,0.0042,0.0046,45.0,0.0043,1.0,58825.0,68.0
2021-01-05 09:30:47.191,0.0042,0.0046,45.0,0.0043,9.0,58825.0,68.0
2021-01-05 09:30:47.691,0.0042,0.0046,30.0,0.0043,9.0,58825.0,68.0
2021-01-05 09:30:48.200,0.0042,0.0046,30.0,0.0043,24.0,58825.0,68.0
2021-01-05 09:30:49.210,0.0042,0.0046,45.0,0.0043,9.0,58825.0,68.0
2021-01-05 09:30:49.700,0.0042,0.0045,10.0,0.0043,9.0,58825.0,68.0
2021-01-05 09:30:50.171,0.0042,0.0045,20.0,0.0043,9.0,58825.0,68.0
2021-01-05 09:30:50.720,0.0042,0.0045,20.0,0.0043,9.0,58825.0,68.0
2021-01-05 09:30:51.181,0.0042,0.0045,20.0,0.0043,19.0,58825.0,68.0
2021-01-05 09:30:51.721,0.0042,0.0046,30.0,0.0043,9.0,58825.0,68.0
2021-01-05 09:30:52.221,0.0042,0.0046,30.0,0.0043,24.0,58825.0,68.0
2021-01-05 09:30:52.651,0.0042,0.0046,30.0,0.0043,34.0,58825.0,68.0
2021-01-05 09:30:53.120,0.0042,0.0046,30.0,0.0044,15.0,58825.0,68.0
2021-01-05 09:30:53.660,0.0042,0.0046,20.0,0.0044,15.0,58825.0,68.0
2021-01-05 09:30:54.130,0.0042,0.0046,30.0,0.0044,15.0,58825.0,68.0
2021-01-05 09:30:54.670,0.0042,0.0046,20.0,0.0044,15.0,58825.0,68.0
2021-01-05 09:30:55.081,0.0044,0.0046,10.0,0.0044,15.0,58825.0,83.0
2021-01-05 09:30:55.671,0.0044,0.0046,30.0,0.0043,34.0,58825.0,83.0
2021-01-05 09:30:56.170,0.0044,0.0046,20.0,0.0043,34.0,58825.0,83.0
2021-01-05 09:30:56.660,0.0044,0.0046,30.0,0.0043,34.0,58825.0,83.0
2021-01-05 09:30:57.171,0.0044,0.0046,10.0,0.0043,34.0,58825.0,83.0
2021-01-05 09:30:57.600,0.0044,0.0046,30.0,0.0043,34.0,58825.0,83.0
2021-01-05 09:30:58.091,0.0044,0.0045,30.0,0.0043,64.0,58825.0,83.0
2021-01-05 09:30:58.660,0.0043,0.0045,50.0,0.0043,53.0,58825.0,85.0
2021-01-05 09:30:59.640,0.0043,0.0045,10.0,0.0043,53.0,58825.0,85.0
2021-01-05 09:31:00.681,0.0043,0.0046,60.0,0.0043,63.0,58825.0,85.0
2021-01-05 09:31:01.140,0.0043,0.0046,60.0,0.0044,30.0,58825.0,85.0
2021-01-05 09:31:02.170,0.0043,0.0046,40.0,0.0044,46.0,58825.0,85.0
2021-01-05 09:31:02.681,0.0043,0.0046,40.0,0.0044,46.0,58825.0,85.0
2021-01-05 09:31:03.131,0.0043,0.0046,40.0,0.0045,7.0,58825.0,85.0
2021-01-05 09:31:03.680,0.0043,0.0046,40.0,0.0045,7.0,58825.0,85.0
2021-01-05 09:31:04.181,0.0046,0.0047,100.0,0.0046,15.0,58825.0,100.0
2021-01-05 09:31:04.671,0.0046,0.0047,110.0,0.0046,15.0,58825.0,110.0
2021-01-05 09:31:05.130,0.0046,0.0047,110.0,0.0046,15.0,58825.0,110.0
2021-01-05 09:31:05.670,0.0046,0.0047,110.0,0.0045,37.0,58825.0,110.0
2021-01-05 09:31:06.160,0.0046,0.0047,110.0,0.0045,52.0,58825.0,110.0
2021-01-05 09:31:06.681,0.0046,0.0047,110.0,0.0045,37.0,58825.0,110.0
2021-01-05 09:31:07.190,0.0046,0.0047,110.0,0.0045,37.0,58825.0,110.0
2021-01-05 09:31:07.670,0.0045,0.0047,100.0,0.0045,27.0,58828.0,120.0
2021-01-05 09:31:07.951,0.0045,0.0046,10.0,0.0045,18.0,58838.0,130.0
2021-01-05 09:31:08.600,0.0045,0.0046,10.0,0.0044,31.0,58838.0,130.0
2021-01-05 09:31:09.051,0.0045,0.0046,65.0,0.0044,31.0,58838.0,130.0
2021-01-05 09:31:10.200,0.0045,0.0046,105.0,0.0044,31.0,58838.0,130.0
2021-01-05 09:31:10.661,0.0045,0.0046,96.0,0.0044,31.0,58838.0,130.0
2021-01-05 09:31:11.701,0.0045,0.0046,116.0,0.0044,31.0,58838.0,130.0
2021-01-05 09:31:12.190,0.0045,0.0046,126.0,0.0044,31.0,58838.0,130.0
2021-01-05 09:31:12.711,0.0045,0.0046,116.0,0.0044,31.0,58838.0,130.0
2021-01-05 09:31:13.170,0.0045,0.0046,126.0,0.0044,31.0,58838.0,130.0
2021-01-05 09:31:13.710,0.0045,0.0046,116.0,0.0044,31.0,58838.0,130.0
2021-01-05 09:31:14.690,0.0045,0.0046,116.0,0.0044,31.0,58838.0,130.0
2021-01-05 09:31:15.710,0.0045,0.0046,101.0,0.0044,31.0,58838.0,130.0
2021-01-05 09:31:16.180,0.0045,0.0046,101.0,0.0044,31.0,58838.0,130.0
2021-01-05 09:31:16.711,0.0045,0.0046,116.0,0.0044,31.0,58838.0,130.0
2021-01-05 09:31:17.710,0.0045,0.0046,111.0,0.0044,31.0,58838.0,130.0
2021-01-05 09:31:18.201,0.0045,0.0046,101.0,0.0044,31.0,58838.0,130.0
2021-01-05 09:31:18.720,0.0045,0.0046,126.0,0.0044,31.0,58838.0,130.0
2021-01-05 09:31:19.150,0.0045,0.0046,111.0,0.0044,1.0,58838.0,130.0
2021-01-05 09:31:19.721,0.0045,0.0046,111.0,0.0045,1.0,58838.0,130.0
2021-01-05 09:31:20.171,0.0045,0.0046,101.0,0.0044,1.0,58838.0,131.0
2021-01-05 09:31:20.701,0.0045,0.0046,111.0,0.0044,1.0,58838.0,131.0
2021-01-05 09:31:21.221,0.0045,0.0046,106.0,0.0044,1.0,58838.0,131.0
2021-01-05 09:31:21.671,0.0045,0.0046,106.0,0.0044,31.0,58838.0,131.0
2021-01-05 09:31:22.211,0.0045,0.0046,96.0,0.0044,31.0,58838.0,131.0
2021-01-05 09:31:22.620,0.0045,0.0046,96.0,0.0044,41.0,58838.0,131.0
2021-01-05 09:31:23.171,0.0045,0.0046,96.0,0.0044,31.0,58838.0,131.0
2021-01-05 09:31:24.161,0.0045,0.0046,96.0,0.0044,51.0,58838.0,131.0
2021-01-05 09:31:24.660,0.0045,0.0046,96.0,0.0044,51.0,58838.0,131.0
2021-01-05 09:31:25.150,0.0045,0.0046,96.0,0.0044,41.0,58838.0,131.0
2021-01-05 09:31:25.640,0.0045,0.0046,96.0,0.0044,41.0,58838.0,131.0
2021-01-05 09:31:26.141,0.0045,0.0046,96.0,0.0044,41.0,58838.0,131.0
2021-01-05 09:31:26.681,0.0045,0.0045,50.0,0.0044,51.0,58838.0,131.0
2021-01-05 09:31:27.171,0.0045,0.0045,50.0,0.0044,41.0,58838.0,131.0
2021-01-05 09:31:27.601,0.0045,0.0045,50.0,0.0044,41.0,58838.0,131.0
2021-01-05 09:31:28.091,0.0045,0.0045,65.0,0.0044,41.0,58838.0,131.0
2021-01-05 09:31:29.641,0.0045,0.0045,65.0,0.0044,51.0,58838.0,131.0
2021-01-05 09:31:30.671,0.0045,0.0045,65.0,0.0044,41.0,58838.0,131.0
2021-01-05 09:31:32.671,0.0045,0.0045,50.0,0.0044,51.0,58838.0,131.0
2021-01-05 09:31:33.190,0.0045,0.0045,50.0,0.0044,41.0,58838.0,131.0
2021-01-05 09:31:33.680,0.0045,0.0045,50.0,0.0044,41.0,58838.0,131.0
2021-01-05 09:31:34.681,0.0045,0.0045,50.0,0.0044,51.0,58838.0,131.0
2021-01-05 09:31:35.190,0.0045,0.0045,50.0,0.0044,41.0,58838.0,131.0
2021-01-05 09:31:35.670,0.0045,0.0045,50.0,0.0044,51.0,58838.0,131.0
2021-01-05 09:31:36.181,0.0045,0.0045,50.0,0.0044,41.0,58838.0,131.0
2021-01-05 09:31:36.690,0.0045,0.0046,116.0,0.0044,41.0,58838.0,131.0
2021-01-05 09:31:37.191,0.0045,0.0045,100.0,0.0044,41.0,58838.0,131.0
2021-01-05 09:31:37.620,0.0045,0.0045,100.0,0.0044,41.0,58838.0,131.0
2021-01-05 09:31:38.190,0.0045,0.0045,100.0,0.0044,1.0,58838.0,131.0
2021-01-05 09:31:39.210,0.0045,0.0045,130.0,0.0044,1.0,58838.0,131.0
2021-01-05 09:31:39.710,0.0045,0.0045,230.0,0.0044,11.0,58838.0,131.0
2021-01-05 09:31:40.200,0.0045,0.0045,245.0,0.0044,11.0,58838.0,131.0
2021-01-05 09:31:40.711,0.0045,0.0045,230.0,0.0044,11.0,58838.0,131.0
2021-01-05 09:31:41.011,0.0045,0.0045,245.0,0.0044,11.0,58838.0,131.0
2021-01-05 09:31:41.681,0.0045,0.0045,245.0,0.0044,1.0,58838.0,131.0
2021-01-05 09:31:43.191,0.0045,0.0045,245.0,0.0044,11.0,58838.0,131.0
2021-01-05 09:31:43.710,0.0045,0.0045,230.0,0.0044,11.0,58838.0,131.0
2021-01-05 09:31:44.190,0.0045,0.0045,245.0,0.0044,21.0,58838.0,131.0
2021-01-05 09:31:44.691,0.0045,0.0045,245.0,0.0044,11.0,58838.0,131.0
2021-01-05 09:31:45.170,0.0045,0.0045,230.0,0.0044,1.0,58838.0,131.0
2021-01-05 09:31:45.700,0.0045,0.0045,230.0,0.0044,1.0,58838.0,131.0
2021-01-05 09:31:46.171,0.0045,0.0045,230.0,0.0044,1.0,58838.0,131.0
2021-01-05 09:31:46.701,0.0045,0.0045,230.0,0.0044,1.0,58838.0,131.0
2021-01-05 09:31:47.191,0.0045,0.0045,230.0,0.0044,1.0,58838.0,131.0
2021-01-05 09:31:47.650,0.0045,0.0045,230.0,0.0044,1.0,58838.0,131.0
2021-01-05 09:31:48.211,0.0045,0.0045,230.0,0.0044,1.0,58838.0,131.0
2021-01-05 09:31:48.330,0.0045,0.0045,245.0,0.0044,1.0,58838.0,131.0
2021-01-05 09:31:49.221,0.0045,0.0045,230.0,0.0044,1.0,58838.0,131.0
2021-01-05 09:31:49.711,0.0045,0.0045,230.0,0.0044,1.0,58838.0,131.0
2021-01-05 09:31:50.191,0.0045,0.0045,250.0,0.0044,1.0,58838.0,131.0
2021-01-05 09:31:50.710,0.0045,0.0045,250.0,0.0044,1.0,58838.0,131.0
2021-01-05 09:31:51.210,0.0045,0.0045,250.0,0.0044,1.0,58838.0,131.0
2021-01-05 09:31:51.701,0.0045,0.0045,250.0,0.0044,1.0,58838.0,131.0
2021-01-05 09:31:52.220,0.0044,0.0045,315.0,0.0043,21.0,58838.0,132.0
2021-01-05 09:31:53.171,0.0044,0.0045,315.0,0.0043,21.0,58838.0,132.0
2021-01-05 09:31:53.640,0.0044,0.0044,30.0,0.0043,11.0,58838.0,132.0
2021-01-05 09:31:54.151,0.0044,0.0044,30.0,0.0043,11.0,58838.0,132.0
2021-01-05 09:31:54.681,0.0044,0.0044,30.0,0.0043,11.0,58838.0,132.0
2021-01-05 09:31:56.110,0.0044,0.0044,30.0,0.0043,11.0,58838.0,132.0
2021-01-05 09:31:56.681,0.0044,0.0044,30.0,0.0043,11.0,58838.0,132.0
2021-01-05 09:31:57.171,0.0044,0.0044,45.0,0.0043,11.0,58838.0,132.0
2021-01-05 09:31:57.651,0.0044,0.0044,65.0,0.0043,11.0,58838.0,132.0
2021-01-05 09:31:58.171,0.0044,0.0044,65.0,0.0043,11.0,58838.0,132.0
2021-01-05 09:31:59.180,0.0044,0.0044,65.0,0.0043,11.0,58838.0,132.0
2021-01-05 09:31:59.660,0.0044,0.0044,65.0,0.0043,11.0,58838.0,132.0
2021-01-05 09:32:00.150,0.0044,0.0044,50.0,0.0043,21.0,58838.0,132.0
2021-01-05 09:32:00.650,0.0044,0.0044,45.0,0.0043,11.0,58838.0,132.0
2021-01-05 09:32:00.650,0.0044,0.0044,50.0,0.0043,11.0,58838.0,132.0
2021-01-05 09:32:01.670,0.0044,0.0044,50.0,0.0043,11.0,58838.0,132.0
2021-01-05 09:32:02.171,0.0044,0.0044,50.0,0.0043,11.0,58838.0,132.0
2021-01-05 09:32:02.671,0.0044,0.0044,50.0,0.0043,21.0,58838.0,132.0
2021-01-05 09:32:03.180,0.0044,0.0044,30.0,0.0043,21.0,58838.0,132.0
2021-01-05 09:32:03.641,0.0044,0.0044,30.0,0.0043,11.0,58838.0,132.0
2021-01-05 09:32:04.150,0.0044,0.0044,30.0,0.0043,21.0,58838.0,132.0
2021-01-05 09:32:04.661,0.0044,0.0044,50.0,0.0043,10.0,58838.0,132.0
2021-01-05 09:32:05.660,0.0044,0.0044,50.0,0.0042,51.0,58838.0,132.0
2021-01-05 09:32:06.161,0.0044,0.0044,50.0,0.0042,41.0,58838.0,132.0
2021-01-05 09:32:06.680,0.0044,0.0044,30.0,0.0043,10.0,58838.0,132.0
2021-01-05 09:32:07.671,0.0044,0.0044,30.0,0.0042,51.0,58838.0,132.0
2021-01-05 09:32:08.171,0.0044,0.0044,30.0,0.0042,41.0,58838.0,132.0
2021-01-05 09:32:09.141,0.0044,0.0044,50.0,0.0042,41.0,58838.0,132.0
2021-01-05 09:32:10.161,0.0044,0.0044,30.0,0.0042,51.0,58838.0,132.0
2021-01-05 09:32:10.630,0.0044,0.0044,50.0,0.0042,41.0,58838.0,132.0
2021-01-05 09:32:11.170,0.0044,0.0044,50.0,0.0042,51.0,58838.0,132.0
2021-01-05 09:32:11.650,0.0044,0.0044,30.0,0.0042,51.0,58838.0,132.0
2021-01-05 09:32:12.161,0.0044,0.0044,30.0,0.0042,51.0,58838.0,132.0
2021-01-05 09:32:12.670,0.0044,0.0044,30.0,0.0043,10.0,58838.0,132.0
2021-01-05 09:32:13.171,0.0044,0.0044,30.0,0.0042,41.0,58838.0,132.0
2021-01-05 09:32:13.671,0.0044,0.0044,30.0,0.0042,41.0,58838.0,132.0
2021-01-05 09:32:14.180,0.0044,0.0044,30.0,0.0042,51.0,58838.0,132.0
2021-01-05 09:32:14.660,0.0044,0.0044,30.0,0.0042,41.0,58838.0,132.0
2021-01-05 09:32:15.171,0.0044,0.0044,30.0,0.0042,41.0,58838.0,132.0
2021-01-05 09:32:16.151,0.0044,0.0044,30.0,0.0042,51.0,58838.0,132.0
2021-01-05 09:32:17.161,0.0044,0.0044,50.0,0.0042,51.0,58838.0,132.0
2021-01-05 09:32:17.651,0.0044,0.0044,50.0,0.0042,51.0,58838.0,132.0
2021-01-05 09:32:18.130,0.0044,0.0043,13.0,0.0042,41.0,58838.0,132.0
2021-01-05 09:32:18.670,0.0042,0.0042,9.0,0.0041,43.0,58837.0,173.0
2021-01-05 09:32:19.131,0.0042,0.0044,78.0,0.0042,23.0,58837.0,182.0
2021-01-05 09:32:19.640,0.0042,0.0044,63.0,0.0042,23.0,58837.0,182.0
2021-01-05 09:32:20.151,0.0042,0.0044,63.0,0.0042,23.0,58837.0,182.0
2021-01-05 09:32:20.671,0.0042,0.0044,50.0,0.0042,46.0,58837.0,182.0
2021-01-05 09:32:21.171,0.0042,0.0044,50.0,0.0042,46.0,58837.0,182.0
2021-01-05 09:32:22.181,0.0042,0.0044,50.0,0.0042,46.0,58837.0,182.0
2021-01-05 09:32:22.660,0.0042,0.0044,50.0,0.0042,46.0,58837.0,182.0
2021-01-05 09:32:24.160,0.0042,0.0044,50.0,0.0042,56.0,58837.0,182.0
2021-01-05 09:32:25.170,0.0042,0.0044,50.0,0.0042,46.0,58837.0,182.0
2021-01-05 09:32:25.670,0.0042,0.0044,50.0,0.0042,56.0,58837.0,182.0
2021-01-05 09:32:26.171,0.0042,0.0044,63.0,0.0042,33.0,58837.0,182.0
2021-01-05 09:32:26.650,0.0042,0.0044,50.0,0.0042,56.0,58837.0,182.0
2021-01-05 09:32:27.151,0.0042,0.0044,50.0,0.0042,56.0,58837.0,182.0
2021-01-05 09:32:27.311,0.0042,0.0044,43.0,0.0042,43.0,58837.0,182.0
2021-01-05 09:32:27.670,0.0042,0.0044,43.0,0.0042,58.0,58837.0,182.0
2021-01-05 09:32:28.630,0.0042,0.0044,30.0,0.0042,56.0,58837.0,182.0
2021-01-05 09:32:29.180,0.0042,0.0044,30.0,0.0042,56.0,58837.0,182.0
2021-01-05 09:32:30.171,0.0042,0.0044,30.0,0.0042,56.0,58837.0,182.0
2021-01-05 09:32:30.671,0.0042,0.0044,43.0,0.0042,43.0,58837.0,182.0
2021-01-05 09:32:31.691,0.0042,0.0044,43.0,0.0042,33.0,58837.0,182.0
2021-01-05 09:32:32.121,0.0042,0.0044,30.0,0.0042,46.0,58837.0,182.0
2021-01-05 09:32:32.690,0.0042,0.0044,43.0,0.0042,33.0,58837.0,182.0
2021-01-05 09:32:33.141,0.0042,0.0044,43.0,0.0042,33.0,58837.0,182.0
2021-01-05 09:32:33.671,0.0042,0.0044,30.0,0.0042,46.0,58837.0,182.0
2021-01-05 09:32:34.171,0.0042,0.0044,30.0,0.0042,46.0,58837.0,182.0
2021-01-05 09:32:34.691,0.0042,0.0044,43.0,0.0042,43.0,58837.0,182.0
2021-01-05 09:32:35.671,0.0042,0.0044,43.0,0.0042,43.0,58837.0,182.0
2021-01-05 09:32:36.190,0.0042,0.0044,50.0,0.0042,43.0,58837.0,182.0
2021-01-05 09:32:36.691,0.0042,0.0044,63.0,0.0042,43.0,58837.0,182.0
2021-01-05 09:32:37.150,0.0042,0.0044,63.0,0.0042,33.0,58837.0,182.0
2021-01-05 09:32:38.190,0.0042,0.0044,63.0,0.0042,43.0,58837.0,182.0
2021-01-05 09:32:39.621,0.0042,0.0044,63.0,0.0042,33.0,58837.0,182.0
2021-01-05 09:32:40.151,0.0042,0.0044,63.0,0.0042,43.0,58837.0,182.0
2021-01-05 09:32:41.200,0.0042,0.0044,63.0,0.0042,43.0,58837.0,182.0
2021-01-05 09:32:41.690,0.0042,0.0044,63.0,0.0042,33.0,58837.0,182.0
2021-01-05 09:32:42.161,0.0042,0.0044,78.0,0.0042,43.0,58837.0,182.0
2021-01-05 09:32:42.700,0.0042,0.0044,78.0,0.0042,33.0,58837.0,182.0
2021-01-05 09:32:43.190,0.0042,0.0044,78.0,0.0042,43.0,58837.0,182.0
2021-01-05 09:32:43.580,0.0042,0.0044,63.0,0.0042,43.0,58837.0,182.0
2021-01-05 09:32:44.151,0.0042,0.0044,63.0,0.0042,43.0,58837.0,182.0
2021-01-05 09:32:44.700,0.0042,0.0044,63.0,0.0042,43.0,58837.0,182.0
2021-01-05 09:32:45.580,0.0042,0.0044,63.0,0.0042,43.0,58837.0,182.0
2021-01-05 09:32:46.610,0.0042,0.0044,63.0,0.0042,33.0,58837.0,182.0
2021-01-05 09:32:47.701,0.0042,0.0044,63.0,0.0042,43.0,58837.0,182.0
2021-01-05 09:32:48.101,0.0042,0.0044,50.0,0.0042,56.0,58837.0,182.0
2021-01-05 09:32:48.690,0.0042,0.0044,63.0,0.0042,43.0,58837.0,182.0
2021-01-05 09:32:49.190,0.0042,0.0044,63.0,0.0042,20.0,58837.0,182.0
2021-01-05 09:32:49.670,0.0042,0.0044,63.0,0.0042,10.0,58837.0,182.0
2021-01-05 09:32:50.171,0.0042,0.0043,30.0,0.0041,88.0,58837.0,182.0
2021-01-05 09:32:50.700,0.0042,0.0043,30.0,0.0042,10.0,58837.0,182.0
2021-01-05 09:32:51.170,0.0042,0.0043,30.0,0.0042,10.0,58837.0,182.0
2021-01-05 09:32:51.701,0.0042,0.0043,43.0,0.0042,10.0,58837.0,182.0
2021-01-05 09:32:52.141,0.0042,0.0043,30.0,0.0042,10.0,58837.0,182.0
2021-01-05 09:32:52.671,0.0042,0.0043,43.0,0.0042,20.0,58837.0,182.0
2021-01-05 09:32:53.161,0.0042,0.0043,43.0,0.0041,50.0,58837.0,192.0
2021-01-05 09:32:53.641,0.0042,0.0043,43.0,0.0041,51.0,58837.0,192.0
2021-01-05 09:32:54.671,0.0042,0.0044,58.0,0.0041,64.0,58837.0,192.0
2021-01-05 09:32:55.170,0.0042,0.0044,58.0,0.0041,64.0,58837.0,192.0
2021-01-05 09:32:55.670,0.0042,0.0044,68.0,0.0041,64.0,58837.0,192.0
2021-01-05 09:32:56.150,0.0042,0.0044,68.0,0.0041,64.0,58837.0,192.0
2021-01-05 09:32:56.611,0.0042,0.0043,30.0,0.0041,64.0,58837.0,192.0
2021-01-05 09:32:57.130,0.0042,0.0043,30.0,0.0041,79.0,58837.0,192.0
2021-01-05 09:32:57.600,0.0042,0.0043,30.0,0.0041,69.0,58837.0,192.0
2021-01-05 09:32:58.171,0.0042,0.0043,30.0,0.0041,54.0,58837.0,192.0
2021-01-05 09:32:58.651,0.0042,0.0043,30.0,0.0041,64.0,58837.0,192.0
2021-01-05 09:32:59.170,0.0042,0.0043,30.0,0.0042,10.0,58837.0,192.0
2021-01-05 09:32:59.621,0.0042,0.0043,43.0,0.0041,51.0,58837.0,192.0
2021-01-05 09:33:00.180,0.0042,0.0043,30.0,0.0041,64.0,58837.0,192.0
2021-01-05 09:33:00.651,0.0042,0.0043,30.0,0.0041,64.0,58837.0,192.0
2021-01-05 09:33:01.141,0.0042,0.0043,43.0,0.0041,51.0,58837.0,192.0
2021-01-05 09:33:01.661,0.0042,0.0043,30.0,0.0042,10.0,58837.0,192.0
2021-01-05 09:33:02.130,0.0042,0.0043,30.0,0.0042,10.0,58837.0,192.0
2021-01-05 09:33:02.620,0.0042,0.0044,65.0,0.0042,40.0,58837.0,192.0
2021-01-05 09:33:03.171,0.0042,0.0044,78.0,0.0042,35.0,58842.0,197.0
2021-01-05 09:33:03.681,0.0042,0.0044,78.0,0.0042,40.0,58842.0,197.0
2021-01-05 09:33:04.140,0.0042,0.0044,63.0,0.0042,50.0,58842.0,197.0
2021-01-05 09:33:04.651,0.0042,0.0044,63.0,0.0042,50.0,58842.0,197.0
2021-01-05 09:33:05.181,0.0042,0.0044,63.0,0.0042,50.0,58842.0,197.0
2021-01-05 09:33:05.690,0.0042,0.0044,63.0,0.0042,50.0,58842.0,197.0
2021-01-05 09:33:06.681,0.0042,0.0044,63.0,0.0042,50.0,58842.0,197.0
2021-01-05 09:33:07.171,0.0042,0.0044,65.0,0.0042,50.0,58842.0,197.0
2021-01-05 09:33:07.601,0.0042,0.0044,65.0,0.0042,63.0,58842.0,197.0
2021-01-05 09:33:08.191,0.0042,0.0044,78.0,0.0042,40.0,58842.0,197.0
2021-01-05 09:33:09.651,0.0042,0.0044,63.0,0.0042,40.0,58842.0,197.0
2021-01-05 09:33:10.180,0.0042,0.0044,63.0,0.0042,50.0,58842.0,197.0
2021-01-05 09:33:11.670,0.0042,0.0044,63.0,0.0042,50.0,58842.0,197.0
2021-01-05 09:33:12.181,0.0042,0.0044,63.0,0.0042,40.0,58842.0,197.0
2021-01-05 09:33:12.650,0.0042,0.0044,78.0,0.0042,40.0,58842.0,197.0
2021-01-05 09:33:13.100,0.0042,0.0044,78.0,0.0042,30.0,58842.0,197.0
2021-01-05 09:33:13.691,0.0042,0.0044,78.0,0.0042,30.0,58842.0,197.0
2021-01-05 09:33:14.160,0.0042,0.0044,78.0,0.0042,30.0,58842.0,197.0
2021-01-05 09:33:14.650,0.0042,0.0043,13.0,0.0042,30.0,58842.0,197.0
2021-01-05 09:33:15.140,0.0042,0.0044,78.0,0.0042,30.0,58842.0,197.0
2021-01-05 09:33:15.651,0.0042,0.0044,58.0,0.0042,40.0,58842.0,197.0
2021-01-05 09:33:16.181,0.0042,0.0044,58.0,0.0042,50.0,58842.0,197.0
2021-01-05 09:33:16.671,0.0042,0.0044,58.0,0.0042,50.0,58842.0,197.0
2021-01-05 09:33:17.190,0.0042,0.0044,43.0,0.0042,50.0,58842.0,197.0
2021-01-05 09:33:17.691,0.0042,0.0044,43.0,0.0042,50.0,58842.0,197.0
2021-01-05 09:33:18.160,0.0042,0.0044,43.0,0.0042,40.0,58842.0,197.0
2021-01-05 09:33:18.680,0.0042,0.0044,43.0,0.0042,40.0,58842.0,197.0
2021-01-05 09:33:19.191,0.0042,0.0044,43.0,0.0042,40.0,58842.0,197.0
2021-01-05 09:33:19.660,0.0042,0.0044,43.0,0.0042,50.0,58842.0,197.0
2021-01-05 09:33:20.171,0.0042,0.0044,58.0,0.0042,40.0,58842.0,197.0
2021-01-05 09:33:20.551,0.0042,0.0044,43.0,0.0042,40.0,58842.0,197.0
2021-01-05 09:33:21.160,0.0042,0.0044,43.0,0.0042,40.0,58842.0,197.0
2021-01-05 09:33:21.681,0.0042,0.0044,43.0,0.0042,40.0,58842.0,197.0
2021-01-05 09:33:22.150,0.0042,0.0044,58.0,0.0042,40.0,58842.0,197.0
2021-01-05 09:33:22.670,0.0042,0.0044,43.0,0.0042,40.0,58842.0,197.0
2021-01-05 09:33:23.051,0.0042,0.0044,43.0,0.0042,40.0,58842.0,197.0
2021-01-05 09:33:23.660,0.0042,0.0044,43.0,0.0042,40.0,58842.0,197.0
2021-01-05 09:33:24.651,0.0042,0.0044,43.0,0.0042,40.0,58842.0,197.0
2021-01-05 09:33:25.151,0.0042,0.0044,43.0,0.0042,38.0,58844.0,199.0
2021-01-05 09:33:25.671,0.0042,0.0044,63.0,0.0042,38.0,58844.0,199.0
2021-01-05 09:33:27.171,0.0042,0.0044,43.0,0.0042,38.0,58844.0,199.0
2021-01-05 09:33:27.681,0.0042,0.0044,43.0,0.0042,28.0,58844.0,199.0
2021-01-05 09:33:28.180,0.0042,0.0044,43.0,0.0042,38.0,58844.0,199.0
2021-01-05 09:33:29.171,0.0042,0.0044,43.0,0.0042,38.0,58844.0,199.0
2021-01-05 09:33:30.170,0.0042,0.0043,13.0,0.0042,38.0,58844.0,199.0
2021-01-05 09:33:30.670,0.0042,0.0044,58.0,0.0042,28.0,58844.0,199.0
2021-01-05 09:33:32.141,0.0042,0.0044,58.0,0.0042,28.0,58844.0,199.0
2021-01-05 09:33:34.070,0.0042,0.0043,13.0,0.0042,27.0,58845.0,200.0
2021-01-05 09:33:34.671,0.0042,0.0043,13.0,0.0042,27.0,58845.0,200.0
2021-01-05 09:33:35.690,0.0042,0.0044,45.0,0.0042,26.0,58846.0,201.0
2021-01-05 09:33:36.101,0.0042,0.0044,58.0,0.0042,26.0,58846.0,201.0
2021-01-05 09:33:36.681,0.0042,0.0044,58.0,0.0042,26.0,58846.0,201.0
2021-01-05 09:33:37.190,0.0042,0.0044,58.0,0.0042,36.0,58846.0,201.0
2021-01-05 09:33:37.640,0.0042,0.0044,58.0,0.0042,36.0,58846.0,201.0
2021-01-05 09:33:38.120,0.0042,0.0044,43.0,0.0042,36.0,58846.0,201.0
2021-01-05 09:33:38.621,0.0042,0.0044,43.0,0.0042,36.0,58846.0,201.0
2021-01-05 09:33:39.201,0.0042,0.0044,43.0,0.0042,26.0,58846.0,201.0
2021-01-05 09:33:39.641,0.0042,0.0044,113.0,0.0042,36.0,58846.0,201.0
2021-01-05 09:33:40.690,0.0042,0.0044,113.0,0.0042,26.0,58846.0,201.0
2021-01-05 09:33:42.160,0.0042,0.0044,113.0,0.0041,98.0,58846.0,201.0
2021-01-05 09:33:42.640,0.0042,0.0044,113.0,0.0041,108.0,58846.0,201.0
2021-01-05 09:33:43.180,0.0042,0.0044,128.0,0.0041,93.0,58846.0,201.0
2021-01-05 09:33:43.681,0.0042,0.0043,30.0,0.0041,93.0,58846.0,201.0
2021-01-05 09:33:44.110,0.0042,0.0043,30.0,0.0041,108.0,58846.0,201.0
2021-01-05 09:33:44.671,0.0042,0.0043,30.0,0.0041,108.0,58846.0,201.0
2021-01-05 09:33:45.660,0.0042,0.0043,43.0,0.0041,80.0,58846.0,201.0
2021-01-05 09:33:46.161,0.0042,0.0043,43.0,0.0041,80.0,58846.0,201.0
2021-01-05 09:33:48.680,0.0042,0.0043,30.0,0.0041,93.0,58846.0,201.0
2021-01-05 09:33:49.120,0.0042,0.0043,43.0,0.0041,80.0,58846.0,201.0
2021-01-05 09:33:49.681,0.0042,0.0043,43.0,0.0041,80.0,58846.0,201.0
2021-01-05 09:33:50.130,0.0042,0.0043,58.0,0.0041,60.0,58846.0,201.0
2021-01-05 09:33:50.670,0.0042,0.0043,58.0,0.0042,10.0,58846.0,201.0
2021-01-05 09:33:51.141,0.0042,0.0043,58.0,0.0042,10.0,58846.0,204.0
2021-01-05 09:33:52.190,0.0042,0.0043,58.0,0.0041,60.0,58846.0,204.0
2021-01-05 09:33:53.171,0.0042,0.0043,58.0,0.0041,60.0,58846.0,204.0
2021-01-05 09:33:53.650,0.0042,0.0043,30.0,0.0041,93.0,58846.0,204.0
2021-01-05 09:33:54.180,0.0042,0.0043,43.0,0.0041,80.0,58846.0,204.0
2021-01-05 09:33:54.610,0.0042,0.0043,30.0,0.0041,80.0,58846.0,204.0
2021-01-05 09:33:55.650,0.0042,0.0043,43.0,0.0041,80.0,58846.0,204.0
2021-01-05 09:33:56.120,0.0042,0.0043,43.0,0.0041,80.0,58846.0,204.0
2021-01-05 09:33:57.171,0.0042,0.0043,43.0,0.0041,60.0,58846.0,204.0
2021-01-05 09:33:57.671,0.0042,0.0043,43.0,0.0041,60.0,58846.0,204.0
2021-01-05 09:33:58.170,0.0042,0.0043,58.0,0.0041,60.0,58846.0,204.0
2021-01-05 09:33:58.670,0.0042,0.0043,58.0,0.0041,50.0,58846.0,204.0
2021-01-05 09:33:59.140,0.0042,0.0043,78.0,0.0041,10.0,58846.0,204.0
2021-01-05 09:33:59.690,0.0042,0.0043,63.0,0.0041,10.0,58846.0,204.0
2021-01-05 09:34:00.191,0.0042,0.0043,63.0,0.0041,10.0,58846.0,204.0
2021-01-05 09:34:00.671,0.0042,0.0043,73.0,0.004,88.0,58846.0,204.0
2021-01-05 09:34:01.081,0.0042,0.0043,63.0,0.004,98.0,58846.0,204.0
2021-01-05 09:34:01.661,0.0042,0.0043,63.0,0.0041,20.0,58846.0,204.0
2021-01-05 09:34:02.080,0.0042,0.0043,63.0,0.0041,20.0,58846.0,204.0
2021-01-05 09:34:02.671,0.0042,0.0043,43.0,0.0041,30.0,58846.0,204.0
2021-01-05 09:34:03.171,0.0042,0.0043,63.0,0.0041,20.0,58846.0,204.0
2021-01-05 09:34:03.670,0.0042,0.0043,63.0,0.0041,20.0,58846.0,204.0
2021-01-05 09:34:04.671,0.0042,0.0043,63.0,0.0041,30.0,58846.0,204.0
2021-01-05 09:34:06.191,0.0042,0.0043,78.0,0.0041,30.0,58846.0,204.0
2021-01-05 09:34:06.671,0.0042,0.0042,30.0,0.0041,10.0,58846.0,204.0
2021-01-05 09:34:07.130,0.0042,0.0042,30.0,0.0041,10.0,58846.0,204.0
2021-01-05 09:34:08.171,0.0042,0.0042,43.0,0.0041,10.0,58846.0,204.0
2021-01-05 09:34:08.690,0.0042,0.0042,30.0,0.0041,10.0,58846.0,204.0
2021-01-05 09:34:09.170,0.0042,0.0042,30.0,0.0041,10.0,58846.0,204.0
2021-01-05 09:34:09.670,0.0042,0.0042,43.0,0.0041,10.0,58846.0,204.0
2021-01-05 09:34:10.140,0.0042,0.0042,43.0,0.0041,10.0,58846.0,204.0
2021-01-05 09:34:10.690,0.0042,0.0042,30.0,0.0041,20.0,58846.0,204.0
2021-01-05 09:34:11.681,0.0042,0.0042,30.0,0.0041,20.0,58846.0,204.0
2021-01-05 09:34:12.121,0.0042,0.0043,108.0,0.0041,10.0,58846.0,204.0
2021-01-05 09:34:12.621,0.0042,0.0042,43.0,0.0041,10.0,58846.0,204.0
2021-01-05 09:34:13.191,0.0042,0.0042,58.0,0.0041,10.0,58846.0,204.0
2021-01-05 09:34:13.681,0.0042,0.0042,30.0,0.0041,10.0,58846.0,204.0
2021-01-05 09:34:14.181,0.0042,0.0043,128.0,0.0041,10.0,58846.0,204.0
2021-01-05 09:34:14.691,0.0042,0.0043,58.0,0.0041,10.0,58846.0,204.0
2021-01-05 09:34:15.181,0.0042,0.0043,58.0,0.0041,30.0,58846.0,204.0
2021-01-05 09:34:15.681,0.0042,0.0043,63.0,0.0041,10.0,58846.0,204.0
2021-01-05 09:34:16.190,0.0042,0.0043,63.0,0.0041,10.0,58846.0,204.0
2021-01-05 09:34:16.630,0.0042,0.0043,63.0,0.004,88.0,58846.0,204.0
2021-01-05 09:34:17.070,0.0042,0.0043,63.0,0.004,98.0,58846.0,204.0
2021-01-05 09:34:17.690,0.0042,0.0042,30.0,0.004,98.0,58846.0,204.0
2021-01-05 09:34:18.201,0.0042,0.0042,30.0,0.004,98.0,58846.0,204.0
2021-01-05 09:34:18.620,0.0042,0.0042,30.0,0.004,98.0,58846.0,204.0
2021-01-05 09:34:19.041,0.0042,0.0042,30.0,0.004,98.0,58846.0,204.0
2021-01-05 09:34:19.700,0.0042,0.0042,30.0,0.0041,20.0,58846.0,204.0
2021-01-05 09:34:20.180,0.0042,0.0042,30.0,0.0041,10.0,58846.0,204.0
2021-01-05 09:34:20.651,0.0042,0.0042,30.0,0.004,98.0,58846.0,204.0
2021-01-05 09:34:21.690,0.0042,0.0042,43.0,0.004,85.0,58846.0,204.0
2021-01-05 09:34:22.151,0.0042,0.0042,30.0,0.004,83.0,58846.0,204.0
2021-01-05 09:34:22.651,0.0042,0.0042,30.0,0.004,83.0,58846.0,204.0
2021-01-05 09:34:23.181,0.0042,0.0042,30.0,0.004,83.0,58846.0,204.0
2021-01-05 09:34:24.170,0.0042,0.0042,43.0,0.004,70.0,58846.0,204.0
2021-01-05 09:34:24.600,0.0042,0.0042,30.0,0.004,83.0,58846.0,204.0
2021-01-05 09:34:25.671,0.0042,0.0042,30.0,0.004,83.0,58846.0,204.0
2021-01-05 09:34:27.690,0.0042,0.0042,30.0,0.004,83.0,58846.0,204.0
2021-01-05 09:34:28.120,0.0042,0.0042,30.0,0.004,98.0,58846.0,204.0
2021-01-05 09:34:28.621,0.0042,0.0042,30.0,0.0041,10.0,58846.0,204.0
2021-01-05 09:34:29.090,0.0042,0.0042,30.0,0.0041,10.0,58846.0,204.0
2021-01-05 09:34:30.170,0.0042,0.0042,30.0,0.004,83.0,58846.0,204.0
2021-01-05 09:34:30.681,0.0042,0.0042,30.0,0.004,83.0,58846.0,204.0
2021-01-05 09:34:31.190,0.0042,0.0042,30.0,0.004,70.0,58846.0,204.0
2021-01-05 09:34:31.691,0.0042,0.0042,30.0,0.004,73.0,58846.0,204.0
2021-01-05 09:34:32.121,0.0042,0.0042,30.0,0.004,73.0,58846.0,204.0
2021-01-05 09:34:32.690,0.0042,0.0042,30.0,0.004,73.0,58846.0,204.0
2021-01-05 09:34:33.090,0.0042,0.0042,30.0,0.004,73.0,58846.0,204.0
2021-01-05 09:34:34.171,0.0042,0.0042,30.0,0.004,73.0,58846.0,204.0
2021-01-05 09:34:35.130,0.0042,0.0042,50.0,0.004,73.0,58846.0,204.0
2021-01-05 09:34:36.680,0.0042,0.0042,63.0,0.004,60.0,58846.0,204.0
2021-01-05 09:34:37.161,0.0042,0.0042,50.0,0.004,60.0,58846.0,204.0
2021-01-05 09:34:37.700,0.0042,0.0042,63.0,0.004,60.0,58846.0,204.0
2021-01-05 09:34:38.171,0.0042,0.0042,78.0,0.004,80.0,58846.0,204.0
2021-01-05 09:34:38.690,0.0042,0.0042,78.0,0.004,80.0,58846.0,204.0
2021-01-05 09:34:39.091,0.0042,0.0042,58.0,0.004,80.0,58846.0,204.0
2021-01-05 09:34:39.470,0.0042,0.0042,58.0,0.004,80.0,58846.0,204.0
2021-01-05 09:34:40.171,0.0042,0.0042,58.0,0.004,50.0,58846.0,204.0
2021-01-05 09:34:41.201,0.0042,0.0042,78.0,0.004,50.0,58846.0,204.0
2021-01-05 09:34:42.680,0.0042,0.0042,78.0,0.004,60.0,58846.0,204.0
2021-01-05 09:34:43.191,0.0042,0.0042,78.0,0.004,50.0,58846.0,204.0
2021-01-05 09:34:43.671,0.0042,0.0042,78.0,0.004,60.0,58846.0,204.0
2021-01-05 09:34:44.151,0.0042,0.0042,78.0,0.004,40.0,58846.0,204.0
2021-01-05 09:34:44.701,0.0042,0.0042,78.0,0.004,70.0,58846.0,204.0
2021-01-05 09:34:45.200,0.0042,0.0042,78.0,0.004,70.0,58846.0,204.0
2021-01-05 09:34:47.701,0.0042,0.0042,78.0,0.004,70.0,58846.0,204.0
2021-01-05 09:34:48.141,0.0042,0.0042,78.0,0.004,70.0,58846.0,204.0
2021-01-05 09:34:49.701,0.0042,0.0042,78.0,0.004,70.0,58846.0,204.0
2021-01-05 09:34:50.700,0.0042,0.0042,78.0,0.004,60.0,58846.0,204.0
2021-01-05 09:34:51.200,0.0042,0.0042,78.0,0.004,60.0,58846.0,204.0
2021-01-05 09:34:53.180,0.0042,0.0041,13.0,0.004,60.0,58846.0,204.0
2021-01-05 09:34:53.651,0.0042,0.0041,13.0,0.004,60.0,58846.0,204.0
2021-01-05 09:34:54.170,0.0042,0.0041,13.0,0.004,50.0,58846.0,204.0
2021-01-05 09:34:54.631,0.0042,0.0041,28.0,0.004,10.0,58846.0,204.0
2021-01-05 09:34:55.161,0.0042,0.0041,58.0,0.004,10.0,58846.0,204.0
2021-01-05 09:34:55.680,0.0042,0.0041,58.0,0.004,10.0,58846.0,204.0
2021-01-05 09:34:56.681,0.0042,0.0041,58.0,0.004,10.0,58846.0,204.0
2021-01-05 09:34:57.171,0.0042,0.0041,58.0,0.004,10.0,58846.0,204.0
2021-01-05 09:34:57.670,0.0042,0.0041,58.0,0.004,10.0,58846.0,204.0
2021-01-05 09:34:58.160,0.0042,0.0041,58.0,0.004,10.0,58846.0,204.0
2021-01-05 09:34:58.640,0.0042,0.0041,58.0,0.004,10.0,58846.0,204.0
2021-01-05 09:34:59.170,0.004,0.004,3.0,0.0039,51.0,58856.0,214.0
2021-01-05 09:34:59.660,0.004,0.0041,58.0,0.0039,51.0,58856.0,214.0
2021-01-05 09:35:00.160,0.004,0.004,13.0,0.0039,61.0,58856.0,214.0
2021-01-05 09:35:00.630,0.004,0.004,28.0,0.0039,21.0,58856.0,214.0
2021-01-05 09:35:01.070,0.004,0.004,15.0,0.0039,21.0,58856.0,214.0
2021-01-05 09:35:01.620,0.004,0.004,15.0,0.0039,51.0,58856.0,214.0
2021-01-05 09:35:02.160,0.004,0.004,28.0,0.0039,61.0,58856.0,214.0
2021-01-05 09:35:02.680,0.004,0.004,28.0,0.0039,51.0,58856.0,214.0
2021-01-05 09:35:03.180,0.004,0.004,28.0,0.0039,61.0,58856.0,214.0
2021-01-05 09:35:03.660,0.004,0.004,5.0,0.0039,51.0,58866.0,224.0
2021-01-05 09:35:04.181,0.004,0.004,15.0,0.0039,51.0,58866.0,224.0
2021-01-05 09:35:05.180,0.004,0.004,15.0,0.0039,51.0,58866.0,224.0
2021-01-05 09:35:05.671,0.004,0.004,15.0,0.0039,51.0,58866.0,224.0
2021-01-05 09:35:06.680,0.004,0.004,15.0,0.0039,11.0,58866.0,224.0
2021-01-05 09:35:07.131,0.004,0.004,15.0,0.0039,1.0,58866.0,224.0
2021-01-05 09:35:07.650,0.004,0.004,50.0,0.0039,21.0,58866.0,224.0
2021-01-05 09:35:08.190,0.004,0.004,65.0,0.0039,11.0,58866.0,224.0
2021-01-05 09:35:09.191,0.004,0.004,78.0,0.0039,1.0,58866.0,224.0
2021-01-05 09:35:11.680,0.0039,0.004,78.0,0.0038,100.0,58867.0,225.0
2021-01-05 09:35:12.101,0.0039,0.004,65.0,0.0038,123.0,58867.0,225.0
2021-01-05 09:35:12.691,0.0039,0.004,78.0,0.0038,100.0,58867.0,225.0
2021-01-05 09:35:13.181,0.0039,0.004,65.0,0.0038,93.0,58867.0,225.0
2021-01-05 09:35:13.640,0.0039,0.004,15.0,0.0039,10.0,58867.0,225.0
2021-01-05 09:35:14.191,0.0039,0.004,15.0,0.0039,20.0,58867.0,225.0
2021-01-05 09:35:14.691,0.0039,0.0041,43.0,0.0039,50.0,58867.0,225.0
2021-01-05 09:35:15.200,0.0039,0.004,15.0,0.0039,50.0,58867.0,225.0
2021-01-05 09:35:15.701,0.0039,0.004,28.0,0.0039,50.0,58867.0,225.0
2021-01-05 09:35:16.201,0.0039,0.004,13.0,0.0039,40.0,58867.0,225.0
2021-01-05 09:35:16.681,0.0039,0.0041,58.0,0.0039,40.0,58867.0,225.0
2021-01-05 09:35:17.190,0.0039,0.0041,58.0,0.0039,40.0,58867.0,225.0
2021-01-05 09:35:17.680,0.0039,0.0041,58.0,0.0039,50.0,58867.0,225.0
2021-01-05 09:35:19.180,0.0039,0.0041,58.0,0.0039,50.0,58867.0,225.0
2021-01-05 09:35:19.641,0.0039,0.0041,58.0,0.0039,50.0,58867.0,225.0
2021-01-05 09:35:20.681,0.0039,0.004,13.0,0.0039,30.0,58867.0,226.0
2021-01-05 09:35:21.180,0.0039,0.004,13.0,0.0039,28.0,58869.0,228.0
2021-01-05 09:35:21.601,0.0039,0.004,13.0,0.0038,100.0,58869.0,228.0
2021-01-05 09:35:22.020,0.0039,0.004,45.0,0.0038,123.0,58869.0,228.0
2021-01-05 09:35:22.650,0.0039,0.004,45.0,0.0038,123.0,58869.0,228.0
2021-01-05 09:35:23.130,0.0039,0.004,45.0,0.0038,123.0,58869.0,228.0
2021-01-05 09:35:24.171,0.0039,0.004,28.0,0.0038,100.0,58869.0,228.0
2021-01-05 09:35:24.671,0.0039,0.004,58.0,0.0038,110.0,58869.0,228.0
2021-01-05 09:35:25.660,0.0039,0.004,58.0,0.0038,110.0,58869.0,228.0
2021-01-05 09:35:27.641,0.0039,0.004,45.0,0.0038,123.0,58869.0,228.0
2021-01-05 09:35:28.171,0.0039,0.004,58.0,0.0038,110.0,58869.0,228.0
2021-01-05 09:35:28.680,0.0039,0.004,30.0,0.0038,123.0,58869.0,228.0
2021-01-05 09:35:29.160,0.0039,0.004,43.0,0.0038,110.0,58869.0,228.0
2021-01-05 09:35:29.641,0.0039,0.004,43.0,0.0038,110.0,58869.0,228.0
2021-01-05 09:35:30.121,0.0039,0.004,58.0,0.0038,110.0,58869.0,228.0
2021-01-05 09:35:31.700,0.0039,0.004,78.0,0.0038,110.0,58869.0,228.0
2021-01-05 09:35:33.650,0.0039,0.004,78.0,0.0038,110.0,58869.0,228.0
2021-01-05 09:35:35.690,0.0039,0.004,78.0,0.0038,110.0,58869.0,228.0
2021-01-05 09:35:37.171,0.0039,0.004,78.0,0.0038,100.0,58869.0,228.0
2021-01-05 09:35:38.651,0.0039,0.004,78.0,0.0038,110.0,58869.0,228.0
2021-01-05 09:35:39.140,0.0039,0.004,78.0,0.0038,110.0,58869.0,228.0
2021-01-05 09:35:39.690,0.0039,0.004,78.0,0.0039,10.0,58869.0,228.0
2021-01-05 09:35:40.191,0.0039,0.004,50.0,0.0039,10.0,58869.0,238.0
2021-01-05 09:35:40.691,0.0039,0.004,63.0,0.0038,110.0,58869.0,239.0
2021-01-05 09:35:41.190,0.0039,0.004,63.0,0.0038,110.0,58869.0,239.0
2021-01-05 09:35:41.680,0.0039,0.004,63.0,0.0038,110.0,58869.0,239.0
2021-01-05 09:35:42.621,0.0039,0.004,63.0,0.0038,110.0,58869.0,239.0
2021-01-05 09:35:43.190,0.0039,0.004,78.0,0.0038,110.0,58869.0,239.0
2021-01-05 09:35:43.661,0.0039,0.004,63.0,0.0038,110.0,58869.0,239.0
2021-01-05 09:35:43.970,0.0039,0.004,78.0,0.0038,100.0,58869.0,239.0
2021-01-05 09:35:44.681,0.0039,0.004,78.0,0.0038,110.0,58869.0,239.0
2021-01-05 09:35:45.071,0.0039,0.004,78.0,0.0038,100.0,58869.0,239.0
2021-01-05 09:35:45.670,0.0039,0.004,78.0,0.0038,110.0,58869.0,239.0
2021-01-05 09:35:46.170,0.0039,0.004,78.0,0.0038,100.0,58869.0,239.0
2021-01-05 09:35:47.201,0.0039,0.004,78.0,0.0038,110.0,58869.0,239.0
2021-01-05 09:35:48.181,0.0039,0.004,78.0,0.0038,90.0,58869.0,239.0
2021-01-05 09:35:48.700,0.0039,0.004,78.0,0.0038,100.0,58869.0,239.0
2021-01-05 09:35:49.190,0.0039,0.004,78.0,0.0038,110.0,58869.0,239.0
2021-01-05 09:35:49.701,0.0039,0.004,65.0,0.0038,110.0,58869.0,239.0
2021-01-05 09:35:50.150,0.0039,0.004,78.0,0.0038,110.0,58869.0,239.0
2021-01-05 09:35:51.710,0.0039,0.004,78.0,0.0039,20.0,58869.0,239.0
2021-01-05 09:35:52.190,0.0039,0.004,78.0,0.0038,110.0,58869.0,259.0
2021-01-05 09:35:52.661,0.0039,0.004,78.0,0.0038,130.0,58869.0,259.0
2021-01-05 09:35:54.161,0.0038,0.004,78.0,0.0038,121.0,58878.0,268.0
2021-01-05 09:35:55.181,0.0038,0.004,58.0,0.0038,121.0,58878.0,268.0
2021-01-05 09:35:55.691,0.0038,0.004,58.0,0.0038,121.0,58878.0,268.0
2021-01-05 09:35:56.690,0.0038,0.004,58.0,0.0038,121.0,58878.0,268.0
2021-01-05 09:35:57.160,0.0038,0.004,58.0,0.0038,121.0,58878.0,268.0
2021-01-05 09:35:57.681,0.0038,0.004,45.0,0.0039,10.0,58878.0,268.0
2021-01-05 09:35:58.150,0.0039,0.004,58.0,0.0038,121.0,58878.0,277.0
2021-01-05 09:35:58.701,0.0039,0.004,78.0,0.0038,121.0,58878.0,277.0
2021-01-05 09:35:59.160,0.0039,0.004,78.0,0.0038,121.0,58878.0,277.0
2021-01-05 09:36:00.201,0.0039,0.004,78.0,0.0038,111.0,58878.0,277.0
2021-01-05 09:36:00.680,0.0039,0.004,78.0,0.0038,121.0,58878.0,277.0
2021-01-05 09:36:01.671,0.0039,0.004,63.0,0.0039,10.0,58878.0,277.0
2021-01-05 09:36:02.170,0.0039,0.004,43.0,0.0038,121.0,58878.0,278.0
2021-01-05 09:36:02.701,0.0039,0.004,13.0,0.0039,10.0,58878.0,278.0
2021-01-05 09:36:03.200,0.0039,0.0041,78.0,0.0039,40.0,58878.0,278.0
2021-01-05 09:36:03.700,0.0039,0.004,13.0,0.0039,40.0,58878.0,278.0
2021-01-05 09:36:04.201,0.0039,0.0041,78.0,0.0039,40.0,58878.0,278.0
2021-01-05 09:36:04.670,0.0039,0.0041,73.0,0.0039,40.0,58878.0,278.0
2021-01-05 09:36:05.150,0.0039,0.0041,88.0,0.0039,40.0,58878.0,278.0
2021-01-05 09:36:05.690,0.0039,0.0041,88.0,0.0039,40.0,58878.0,278.0
2021-01-05 09:36:06.180,0.0039,0.0041,73.0,0.0039,40.0,58878.0,278.0
2021-01-05 09:36:08.700,0.0039,0.0041,73.0,0.0039,40.0,58878.0,278.0
2021-01-05 09:36:09.161,0.0039,0.0041,88.0,0.0039,40.0,58878.0,278.0
2021-01-05 09:36:09.691,0.0039,0.0041,73.0,0.0039,40.0,58878.0,278.0
2021-01-05 09:36:10.101,0.0039,0.0041,78.0,0.0039,40.0,58878.0,278.0
2021-01-05 09:36:10.671,0.0039,0.0041,63.0,0.0039,50.0,58878.0,278.0
2021-01-05 09:36:11.180,0.0039,0.0041,63.0,0.0039,50.0,58878.0,278.0
2021-01-05 09:36:11.651,0.0039,0.0041,63.0,0.0039,40.0,58878.0,278.0
2021-01-05 09:36:13.190,0.0041,0.0041,60.0,0.0039,40.0,58878.0,281.0
2021-01-05 09:36:13.680,0.0041,0.0041,78.0,0.0039,40.0,58878.0,281.0
2021-01-05 09:36:14.690,0.0041,0.0041,78.0,0.0039,40.0,58878.0,281.0
2021-01-05 09:36:16.150,0.0041,0.0041,78.0,0.0039,40.0,58878.0,281.0
2021-01-05 09:36:16.680,0.0041,0.004,13.0,0.0039,40.0,58878.0,281.0
2021-01-05 09:36:17.180,0.0041,0.0041,78.0,0.0039,30.0,58878.0,281.0
2021-01-05 09:36:17.670,0.0041,0.0041,78.0,0.0039,30.0,58878.0,281.0
2021-01-05 09:36:18.181,0.0041,0.0041,78.0,0.0039,40.0,58878.0,281.0
2021-01-05 09:36:18.680,0.0041,0.0041,78.0,0.0039,40.0,58878.0,281.0
2021-01-05 09:36:19.151,0.0041,0.0041,78.0,0.0039,40.0,58878.0,281.0
2021-01-05 09:36:21.120,0.0041,0.0041,78.0,0.0039,40.0,58878.0,281.0
2021-01-05 09:36:21.691,0.0041,0.0041,78.0,0.0039,40.0,58878.0,281.0
2021-01-05 09:36:22.680,0.0041,0.0041,88.0,0.0039,30.0,58878.0,281.0
2021-01-05 09:36:23.191,0.0041,0.0041,78.0,0.004,50.0,58878.0,281.0
2021-01-05 09:36:23.681,0.004,0.0041,78.0,0.004,35.0,58878.0,296.0
2021-01-05 09:36:24.171,0.004,0.0041,78.0,0.004,35.0,58878.0,296.0
2021-01-05 09:36:25.690,0.004,0.0041,78.0,0.004,35.0,58878.0,296.0
2021-01-05 09:36:26.171,0.004,0.0041,78.0,0.004,35.0,58878.0,296.0
2021-01-05 09:36:26.651,0.004,0.0041,75.0,0.004,7.0,58878.0,324.0
2021-01-05 09:36:27.070,0.004,0.0041,75.0,0.004,57.0,58878.0,324.0
2021-01-05 09:36:27.690,0.004,0.0041,88.0,0.004,57.0,58878.0,324.0
2021-01-05 09:36:28.120,0.004,0.004,7.0,0.0039,10.0,58878.0,381.0
2021-01-05 09:36:28.681,0.004,0.0041,65.0,0.0039,10.0,58878.0,381.0
2021-01-05 09:36:29.171,0.004,0.004,13.0,0.0039,10.0,58878.0,381.0
2021-01-05 09:36:29.661,0.004,0.004,13.0,0.0038,101.0,58878.0,381.0
2021-01-05 09:36:30.161,0.004,0.004,13.0,0.0039,10.0,58878.0,381.0
2021-01-05 09:36:30.700,0.004,0.0041,78.0,0.0039,10.0,58879.0,382.0
2021-01-05 09:36:31.181,0.004,0.004,43.0,0.0039,10.0,58879.0,382.0
2021-01-05 09:36:31.690,0.004,0.004,30.0,0.0039,10.0,58879.0,382.0
2021-01-05 09:36:32.130,0.004,0.0041,48.0,0.004,20.0,58879.0,412.0
2021-01-05 09:36:32.660,0.004,0.0041,88.0,0.004,19.0,58879.0,413.0
2021-01-05 09:36:33.200,0.004,0.0041,73.0,0.004,19.0,58879.0,413.0
2021-01-05 09:36:34.091,0.004,0.0041,73.0,0.004,19.0,58879.0,413.0
2021-01-05 09:36:34.691,0.004,0.0041,73.0,0.004,19.0,58879.0,413.0
2021-01-05 09:36:34.971,0.004,0.0041,73.0,0.004,19.0,58879.0,413.0
2021-01-05 09:36:35.701,0.004,0.0041,73.0,0.004,19.0,58879.0,413.0
2021-01-05 09:36:36.191,0.004,0.0041,88.0,0.004,19.0,58879.0,413.0
2021-01-05 09:36:36.700,0.004,0.0041,73.0,0.004,19.0,58879.0,413.0
2021-01-05 09:36:37.190,0.004,0.0041,88.0,0.004,19.0,58879.0,413.0
2021-01-05 09:36:37.691,0.004,0.0041,88.0,0.004,19.0,58879.0,413.0
2021-01-05 09:36:38.640,0.004,0.0041,88.0,0.004,19.0,58879.0,413.0
2021-01-05 09:36:39.090,0.004,0.0041,78.0,0.004,19.0,58879.0,413.0
2021-01-05 09:36:39.680,0.004,0.0041,63.0,0.004,19.0,58879.0,413.0
2021-01-05 09:36:40.191,0.004,0.0041,43.0,0.004,19.0,58879.0,413.0
2021-01-05 09:36:40.700,0.004,0.0041,78.0,0.004,19.0,58879.0,413.0
2021-01-05 09:36:41.201,0.004,0.0041,58.0,0.004,19.0,58879.0,413.0
2021-01-05 09:36:41.641,0.004,0.0041,58.0,0.004,9.0,58869.0,423.0
2021-01-05 09:36:43.180,0.004,0.0041,43.0,0.004,9.0,58869.0,423.0
2021-01-05 09:36:43.700,0.004,0.0041,53.0,0.004,9.0,58869.0,423.0
2021-01-05 09:36:44.200,0.0041,0.0041,41.0,0.004,9.0,58869.0,463.0
2021-01-05 09:36:45.191,0.0041,0.0041,61.0,0.004,9.0,58869.0,463.0
2021-01-05 09:36:45.631,0.0041,0.0041,51.0,0.004,9.0,58869.0,463.0
2021-01-05 09:36:46.190,0.0041,0.0041,51.0,0.004,9.0,58869.0,463.0
2021-01-05 09:36:47.660,0.0041,0.0041,61.0,0.004,9.0,58869.0,463.0
2021-01-05 09:36:48.140,0.0041,0.0041,48.0,0.004,9.0,58869.0,463.0
2021-01-05 09:36:48.630,0.0041,0.0041,61.0,0.004,9.0,58869.0,463.0
2021-01-05 09:36:50.201,0.004,0.004,15.0,0.0039,20.0,58869.0,472.0
2021-01-05 09:36:50.670,0.0041,0.0041,48.0,0.0039,20.0,58872.0,475.0
2021-01-05 09:36:51.171,0.0041,0.0041,78.0,0.0039,10.0,58872.0,475.0
2021-01-05 09:36:52.180,0.0041,0.0041,88.0,0.0039,10.0,58872.0,475.0
2021-01-05 09:36:53.680,0.0041,0.004,13.0,0.0039,10.0,58872.0,475.0
2021-01-05 09:36:54.631,0.0041,0.0041,68.0,0.0039,10.0,58872.0,475.0
2021-01-05 09:36:55.171,0.0041,0.0041,58.0,0.0039,10.0,58872.0,475.0
2021-01-05 09:36:55.651,0.0041,0.004,13.0,0.0039,50.0,58872.0,475.0
2021-01-05 09:36:56.141,0.0041,0.004,13.0,0.0039,40.0,58872.0,475.0
2021-01-05 09:36:56.691,0.004,0.004,13.0,0.0039,40.0,58879.0,482.0
2021-01-05 09:36:57.171,0.004,0.0041,58.0,0.0039,40.0,58879.0,482.0
2021-01-05 09:36:57.601,0.004,0.0041,68.0,0.0039,40.0,58879.0,482.0
2021-01-05 09:36:58.160,0.004,0.0041,68.0,0.0039,40.0,58879.0,482.0
2021-01-05 09:36:59.690,0.004,0.0041,78.0,0.0039,40.0,58879.0,482.0
2021-01-05 09:36:59.690,0.004,0.0041,78.0,0.0039,40.0,58879.0,482.0
2021-01-05 09:37:00.700,0.004,0.0041,68.0,0.0039,40.0,58879.0,482.0
2021-01-05 09:37:01.630,0.004,0.0041,68.0,0.0039,50.0,58879.0,482.0
2021-01-05 09:37:02.191,0.004,0.0041,58.0,0.0039,50.0,58879.0,482.0
2021-01-05 09:37:03.151,0.004,0.0041,58.0,0.0039,50.0,58879.0,482.0
2021-01-05 09:37:03.630,0.004,0.0041,58.0,0.0039,40.0,58879.0,482.0
2021-01-05 09:37:04.200,0.004,0.0041,58.0,0.0039,50.0,58879.0,482.0
2021-01-05 09:37:05.140,0.004,0.0041,43.0,0.0039,60.0,58879.0,482.0
2021-01-05 09:37:05.701,0.004,0.0041,43.0,0.0039,50.0,58879.0,482.0
2021-01-05 09:37:06.171,0.004,0.0041,43.0,0.0039,60.0,58879.0,482.0
2021-01-05 09:37:06.700,0.004,0.0041,43.0,0.0039,50.0,58879.0,482.0
2021-01-05 09:37:08.190,0.004,0.0041,43.0,0.0039,40.0,58879.0,482.0
2021-01-05 09:37:08.630,0.004,0.004,30.0,0.0039,40.0,58879.0,482.0
2021-01-05 09:37:09.170,0.004,0.004,60.0,0.0039,30.0,58879.0,482.0
2021-01-05 09:37:09.660,0.004,0.004,100.0,0.0039,30.0,58879.0,482.0
2021-01-05 09:37:10.121,0.004,0.004,100.0,0.0039,50.0,58879.0,482.0
2021-01-05 09:37:10.701,0.004,0.004,100.0,0.0039,80.0,58879.0,482.0
2021-01-05 09:37:11.201,0.004,0.004,100.0,0.0039,70.0,58879.0,482.0
2021-01-05 09:37:12.131,0.004,0.004,102.0,0.0039,70.0,58879.0,482.0
2021-01-05 09:37:12.620,0.004,0.004,102.0,0.0039,70.0,58879.0,482.0
2021-01-05 09:37:13.181,0.004,0.004,102.0,0.0039,80.0,58879.0,482.0
2021-01-05 09:37:13.681,0.004,0.004,102.0,0.0039,70.0,58879.0,482.0
2021-01-05 09:37:14.171,0.004,0.004,102.0,0.0039,50.0,58879.0,482.0
2021-01-05 09:37:15.200,0.004,0.004,102.0,0.0039,50.0,58879.0,482.0
2021-01-05 09:37:16.501,0.004,0.004,102.0,0.0039,50.0,58879.0,482.0
2021-01-05 09:37:17.200,0.004,0.004,102.0,0.0039,60.0,58879.0,482.0
2021-01-05 09:37:17.671,0.004,0.004,102.0,0.0039,50.0,58879.0,482.0
2021-01-05 09:37:19.131,0.004,0.004,102.0,0.0039,50.0,58879.0,482.0
2021-01-05 09:37:19.711,0.004,0.004,102.0,0.0039,50.0,58879.0,482.0
2021-01-05 09:37:20.191,0.004,0.004,102.0,0.0039,30.0,58879.0,482.0
2021-01-05 09:37:21.200,0.004,0.004,102.0,0.0039,30.0,58879.0,482.0
2021-01-05 09:37:21.701,0.004,0.004,102.0,0.0039,70.0,58879.0,482.0
2021-01-05 09:37:22.141,0.004,0.004,102.0,0.0039,70.0,58879.0,482.0
2021-01-05 09:37:22.641,0.004,0.004,102.0,0.0039,80.0,58879.0,482.0
2021-01-05 09:37:24.631,0.004,0.004,102.0,0.0039,70.0,58879.0,482.0
2021-01-05 09:37:25.200,0.004,0.004,102.0,0.0039,50.0,58879.0,482.0
2021-01-05 09:37:25.670,0.004,0.004,102.0,0.0039,50.0,58879.0,482.0
2021-01-05 09:37:26.170,0.004,0.004,102.0,0.0039,50.0,58879.0,482.0
2021-01-05 09:37:26.650,0.004,0.004,102.0,0.0039,70.0,58879.0,482.0
2021-01-05 09:37:27.130,0.004,0.004,102.0,0.0039,50.0,58879.0,482.0
2021-01-05 09:37:28.151,0.004,0.004,102.0,0.0039,70.0,58879.0,482.0
2021-01-05 09:37:29.130,0.004,0.004,102.0,0.0039,50.0,58879.0,482.0
2021-01-05 09:37:29.691,0.004,0.004,102.0,0.0039,70.0,58879.0,482.0
2021-01-05 09:37:30.191,0.004,0.004,102.0,0.0039,70.0,58879.0,482.0
2021-01-05 09:37:30.650,0.004,0.004,102.0,0.0039,50.0,58879.0,482.0
2021-01-05 09:37:31.701,0.004,0.004,102.0,0.0039,70.0,58879.0,482.0
2021-01-05 09:37:32.651,0.004,0.004,115.0,0.0039,70.0,58879.0,482.0
2021-01-05 09:37:33.180,0.004,0.004,145.0,0.0039,20.0,58879.0,482.0
2021-01-05 09:37:33.681,0.004,0.004,132.0,0.0039,20.0,58879.0,482.0
2021-01-05 09:37:34.200,0.004,0.004,147.0,0.0039,20.0,58879.0,482.0
2021-01-05 09:37:34.500,0.004,0.004,132.0,0.0039,20.0,58879.0,482.0
2021-01-05 09:37:35.170,0.004,0.004,132.0,0.0039,40.0,58879.0,482.0
2021-01-05 09:37:35.650,0.004,0.004,132.0,0.0039,50.0,58879.0,482.0
2021-01-05 09:37:36.200,0.004,0.004,132.0,0.0039,40.0,58879.0,482.0
2021-01-05 09:37:37.180,0.004,0.004,132.0,0.0039,40.0,58879.0,482.0
2021-01-05 09:37:38.161,0.004,0.004,132.0,0.0039,40.0,58879.0,482.0
2021-01-05 09:37:39.170,0.004,0.004,102.0,0.0039,50.0,58879.0,482.0
2021-01-05 09:37:40.161,0.004,0.004,102.0,0.0039,50.0,58879.0,482.0
2021-01-05 09:37:40.701,0.004,0.004,102.0,0.0039,60.0,58879.0,482.0
2021-01-05 09:37:41.131,0.004,0.004,102.0,0.0039,50.0,58879.0,482.0
2021-01-05 09:37:41.660,0.004,0.004,102.0,0.0039,60.0,58879.0,482.0
2021-01-05 09:37:42.130,0.004,0.004,102.0,0.0039,50.0,58879.0,482.0
2021-01-05 09:37:42.691,0.004,0.004,102.0,0.0039,70.0,58879.0,482.0
2021-01-05 09:37:43.181,0.004,0.004,102.0,0.0039,70.0,58879.0,482.0
2021-01-05 09:37:43.640,0.004,0.004,102.0,0.0039,80.0,58879.0,482.0
2021-01-05 09:37:44.190,0.004,0.004,102.0,0.0039,80.0,58879.0,482.0
2021-01-05 09:37:45.171,0.004,0.004,102.0,0.0039,93.0,58879.0,482.0
2021-01-05 09:37:45.650,0.004,0.004,102.0,0.0039,80.0,58879.0,482.0
2021-01-05 09:37:46.180,0.004,0.004,102.0,0.0039,93.0,58879.0,482.0
2021-01-05 09:37:46.601,0.004,0.004,102.0,0.0039,80.0,58879.0,482.0
2021-01-05 09:37:47.661,0.004,0.004,102.0,0.0039,83.0,58879.0,482.0
2021-01-05 09:37:48.201,0.004,0.004,102.0,0.0039,63.0,58879.0,482.0
2021-01-05 09:37:48.700,0.004,0.004,102.0,0.0039,83.0,58879.0,482.0
2021-01-05 09:37:49.190,0.004,0.004,102.0,0.0039,83.0,58879.0,482.0
2021-01-05 09:37:50.220,0.004,0.004,102.0,0.0039,70.0,58879.0,482.0
2021-01-05 09:37:51.691,0.004,0.004,102.0,0.0039,20.0,58879.0,482.0
2021-01-05 09:37:52.631,0.004,0.004,132.0,0.0039,20.0,58879.0,482.0
2021-01-05 09:37:53.680,0.004,0.004,145.0,0.0039,20.0,58879.0,482.0
2021-01-05 09:37:53.841,0.004,0.004,147.0,0.0039,20.0,58879.0,482.0
2021-01-05 09:37:54.690,0.004,0.004,147.0,0.0039,20.0,58879.0,482.0
2021-01-05 09:37:55.691,0.004,0.004,147.0,0.0039,20.0,58879.0,482.0
2021-01-05 09:37:56.611,0.004,0.004,132.0,0.0039,20.0,58879.0,482.0
2021-01-05 09:37:57.601,0.004,0.004,132.0,0.0039,40.0,58879.0,482.0
2021-01-05 09:37:58.141,0.004,0.004,132.0,0.0039,40.0,58879.0,482.0
2021-01-05 09:37:58.640,0.004,0.004,132.0,0.0039,20.0,58879.0,482.0
2021-01-05 09:37:59.670,0.004,0.004,147.0,0.0039,20.0,58879.0,482.0
2021-01-05 09:38:00.680,0.004,0.004,147.0,0.0038,114.0,58879.0,482.0
2021-01-05 09:38:01.180,0.004,0.004,147.0,0.0038,104.0,58879.0,482.0
2021-01-05 09:38:01.681,0.004,0.004,157.0,0.0038,114.0,58879.0,482.0
2021-01-05 09:38:02.680,0.004,0.004,157.0,0.0038,114.0,58879.0,482.0
2021-01-05 09:38:02.841,0.004,0.004,157.0,0.0038,101.0,58879.0,482.0
2021-01-05 09:38:03.691,0.004,0.004,170.0,0.0038,101.0,58879.0,482.0
2021-01-05 09:38:04.090,0.004,0.004,167.0,0.0038,104.0,58879.0,482.0
2021-01-05 09:38:04.680,0.004,0.004,142.0,0.0038,94.0,58879.0,482.0
2021-01-05 09:38:05.181,0.004,0.004,157.0,0.0038,94.0,58879.0,482.0
2021-01-05 09:38:05.681,0.004,0.004,142.0,0.0038,94.0,58879.0,482.0
2021-01-05 09:38:06.151,0.004,0.004,155.0,0.0038,71.0,58879.0,482.0
2021-01-05 09:38:06.691,0.004,0.004,155.0,0.0038,61.0,58879.0,482.0
2021-01-05 09:38:07.200,0.004,0.0039,30.0,0.0038,41.0,58879.0,482.0
2021-01-05 09:38:07.590,0.004,0.0039,30.0,0.0038,41.0,58879.0,482.0
2021-01-05 09:38:08.021,0.004,0.0039,30.0,0.0038,51.0,58879.0,482.0
2021-01-05 09:38:09.160,0.004,0.0039,30.0,0.0038,51.0,58879.0,482.0
2021-01-05 09:38:10.180,0.004,0.0039,30.0,0.0038,51.0,58879.0,482.0
2021-01-05 09:38:11.141,0.004,0.0039,30.0,0.0038,51.0,58879.0,482.0
2021-01-05 09:38:12.191,0.004,0.0039,30.0,0.0038,51.0,58879.0,482.0
2021-01-05 09:38:12.691,0.004,0.0039,45.0,0.0038,51.0,58879.0,482.0
2021-01-05 09:38:13.110,0.004,0.0039,58.0,0.0038,51.0,58879.0,482.0
2021-01-05 09:38:13.690,0.004,0.0039,58.0,0.0038,51.0,58879.0,482.0
2021-01-05 09:38:14.141,0.004,0.0039,58.0,0.0038,41.0,58879.0,482.0
2021-01-05 09:38:14.691,0.004,0.0039,45.0,0.0038,41.0,58879.0,482.0
2021-01-05 09:38:15.150,0.004,0.0039,58.0,0.0038,41.0,58879.0,482.0
2021-01-05 09:38:15.730,0.004,0.0039,45.0,0.0038,41.0,58879.0,482.0
2021-01-05 09:38:16.210,0.004,0.0039,45.0,0.0038,41.0,58879.0,482.0
2021-01-05 09:38:16.731,0.004,0.0039,58.0,0.0038,41.0,58879.0,482.0
2021-01-05 09:38:17.190,0.004,0.0039,45.0,0.0038,41.0,58879.0,482.0
2021-01-05 09:38:17.701,0.004,0.0039,58.0,0.0038,41.0,58879.0,482.0
2021-01-05 09:38:18.231,0.004,0.0039,58.0,0.0038,41.0,58879.0,482.0
2021-01-05 09:38:18.660,0.004,0.0039,58.0,0.0038,41.0,58879.0,482.0
2021-01-05 09:38:19.230,0.0038,0.0039,43.0,0.0038,11.0,58909.0,512.0
2021-01-05 09:38:19.670,0.0038,0.0039,58.0,0.0038,11.0,58909.0,512.0
2021-01-05 09:38:20.231,0.0038,0.0039,58.0,0.0038,11.0,58909.0,512.0
2021-01-05 09:38:20.690,0.0038,0.0039,45.0,0.0038,11.0,58909.0,512.0
2021-01-05 09:38:21.670,0.0038,0.0038,19.0,0.0037,20.0,58920.0,523.0
2021-01-05 09:38:22.210,0.0038,0.0038,19.0,0.0037,30.0,58920.0,523.0
2021-01-05 09:38:22.661,0.0038,0.0038,19.0,0.0037,10.0,58920.0,523.0
2021-01-05 09:38:23.201,0.0038,0.0038,19.0,0.0037,10.0,58920.0,523.0
2021-01-05 09:38:23.681,0.0038,0.0038,19.0,0.0037,10.0,58920.0,523.0
2021-01-05 09:38:24.141,0.0038,0.0038,19.0,0.0036,73.0,58920.0,523.0
2021-01-05 09:38:24.671,0.0038,0.0038,19.0,0.0036,83.0,58920.0,523.0
2021-01-05 09:38:25.101,0.0038,0.0038,19.0,0.0036,73.0,58920.0,523.0
2021-01-05 09:38:25.700,0.0038,0.0038,19.0,0.0036,73.0,58920.0,523.0
2021-01-05 09:38:28.190,0.0038,0.0038,19.0,0.0036,73.0,58920.0,523.0
2021-01-05 09:38:28.680,0.0038,0.0038,19.0,0.0037,10.0,58920.0,523.0
2021-01-05 09:38:29.600,0.0038,0.0038,19.0,0.0037,10.0,58920.0,523.0
2021-01-05 09:38:33.191,0.0038,0.0038,32.0,0.0036,60.0,58920.0,523.0
2021-01-05 09:38:33.700,0.0038,0.0038,47.0,0.0036,70.0,58920.0,523.0
2021-01-05 09:38:34.681,0.0038,0.0038,47.0,0.0036,60.0,58920.0,523.0
2021-01-05 09:38:35.200,0.0038,0.0037,15.0,0.0036,60.0,58920.0,523.0
2021-01-05 09:38:36.180,0.0038,0.0037,15.0,0.0036,60.0,58920.0,523.0
2021-01-05 09:38:36.691,0.0037,0.0037,28.0,0.0036,60.0,58922.0,525.0
2021-01-05 09:38:37.160,0.0037,0.0037,15.0,0.0036,60.0,58922.0,525.0
2021-01-05 09:38:37.680,0.0037,0.0037,15.0,0.0036,30.0,58922.0,525.0
2021-01-05 09:38:38.030,0.0037,0.0037,15.0,0.0036,30.0,58922.0,525.0
2021-01-05 09:38:38.660,0.0037,0.0037,28.0,0.0036,30.0,58922.0,525.0
2021-01-05 09:38:39.161,0.0037,0.0037,15.0,0.0036,30.0,58922.0,525.0
2021-01-05 09:38:39.661,0.0037,0.0037,28.0,0.0036,30.0,58922.0,525.0
2021-01-05 09:38:40.201,0.0037,0.0037,58.0,0.0036,10.0,58922.0,525.0
2021-01-05 09:38:40.670,0.0037,0.0037,43.0,0.0036,20.0,58922.0,525.0
2021-01-05 09:38:41.190,0.0037,0.0037,30.0,0.0036,20.0,58922.0,525.0
2021-01-05 09:38:41.640,0.0037,0.0037,43.0,0.0036,20.0,58922.0,525.0
2021-01-05 09:38:42.191,0.0037,0.0037,43.0,0.0036,20.0,58922.0,525.0
2021-01-05 09:38:42.700,0.0037,0.0037,43.0,0.0036,20.0,58922.0,525.0
2021-01-05 09:38:43.190,0.0037,0.0037,43.0,0.0036,20.0,58922.0,525.0
2021-01-05 09:38:43.701,0.0037,0.0037,30.0,0.0036,30.0,58922.0,525.0
2021-01-05 09:38:44.200,0.0037,0.0037,30.0,0.0036,30.0,58922.0,525.0
2021-01-05 09:38:44.690,0.0037,0.0037,30.0,0.0036,30.0,58922.0,525.0
2021-01-05 09:38:45.201,0.0037,0.0037,30.0,0.0036,30.0,58922.0,525.0
2021-01-05 09:38:46.200,0.0037,0.0037,30.0,0.0036,40.0,58922.0,525.0
2021-01-05 09:38:46.210,0.0037,0.0037,43.0,0.0036,30.0,58922.0,525.0
2021-01-05 09:38:47.140,0.0037,0.0038,58.0,0.0036,60.0,58922.0,525.0
2021-01-05 09:38:47.691,0.0037,0.0038,68.0,0.0036,60.0,58922.0,525.0
2021-01-05 09:38:48.200,0.0037,0.0038,58.0,0.0036,60.0,58922.0,525.0
2021-01-05 09:38:48.650,0.0037,0.0038,58.0,0.0036,70.0,58922.0,525.0
2021-01-05 09:38:49.691,0.0037,0.0038,58.0,0.0036,70.0,58922.0,525.0
2021-01-05 09:38:50.110,0.0038,0.0038,56.0,0.0036,60.0,58949.0,552.0
2021-01-05 09:38:50.651,0.0038,0.0038,46.0,0.0036,60.0,58949.0,552.0
2021-01-05 09:38:51.170,0.0038,0.0038,46.0,0.0036,70.0,58949.0,552.0
2021-01-05 09:38:51.691,0.0038,0.0038,46.0,0.0036,50.0,58949.0,552.0
2021-01-05 09:38:52.140,0.0038,0.0038,51.0,0.0036,40.0,58949.0,552.0
2021-01-05 09:38:53.620,0.0038,0.0038,41.0,0.0036,40.0,58949.0,552.0
2021-01-05 09:38:54.200,0.0038,0.0038,56.0,0.0036,40.0,58949.0,552.0
2021-01-05 09:38:54.690,0.0038,0.0038,56.0,0.0036,40.0,58949.0,552.0
2021-01-05 09:38:55.700,0.0038,0.0038,56.0,0.0036,60.0,58949.0,552.0
2021-01-05 09:38:56.190,0.0038,0.0038,56.0,0.0036,30.0,58949.0,552.0
2021-01-05 09:38:57.200,0.0038,0.0038,56.0,0.0036,60.0,58949.0,552.0
2021-01-05 09:38:57.640,0.0038,0.0038,41.0,0.0036,60.0,58949.0,552.0
2021-01-05 09:38:58.190,0.0038,0.0038,56.0,0.0036,60.0,58949.0,552.0
2021-01-05 09:38:58.670,0.0038,0.0038,46.0,0.0036,60.0,58949.0,552.0
2021-01-05 09:38:59.060,0.0038,0.0038,46.0,0.0036,70.0,58949.0,552.0
2021-01-05 09:39:01.160,0.0038,0.0038,46.0,0.0036,60.0,58949.0,552.0
2021-01-05 09:39:01.700,0.0038,0.0038,56.0,0.0036,60.0,58949.0,552.0
2021-01-05 09:39:02.660,0.0038,0.0038,56.0,0.0036,60.0,58949.0,552.0
2021-01-05 09:39:03.150,0.0038,0.0038,56.0,0.0036,60.0,58949.0,552.0
2021-01-05 09:39:04.161,0.0038,0.0038,41.0,0.0036,60.0,58949.0,552.0
2021-01-05 09:39:05.701,0.0038,0.0038,41.0,0.0036,60.0,58949.0,552.0
2021-01-05 09:39:06.191,0.0038,0.0038,56.0,0.0037,10.0,58949.0,552.0
2021-01-05 09:39:06.650,0.0038,0.0038,41.0,0.0036,60.0,58949.0,552.0
2021-01-05 09:39:07.050,0.0038,0.0038,41.0,0.0036,60.0,58949.0,552.0
2021-01-05 09:39:07.680,0.0038,0.0038,41.0,0.0036,80.0,58949.0,552.0
2021-01-05 09:39:08.131,0.0038,0.0038,41.0,0.0036,80.0,58949.0,552.0
2021-01-05 09:39:09.161,0.0038,0.0038,56.0,0.0036,80.0,58949.0,552.0
2021-01-05 09:39:09.601,0.0038,0.0038,56.0,0.0036,80.0,58949.0,552.0
2021-01-05 09:39:10.191,0.0038,0.0038,41.0,0.0036,60.0,58949.0,552.0
2021-01-05 09:39:10.660,0.0038,0.0038,56.0,0.0036,80.0,58949.0,552.0
2021-01-05 09:39:11.201,0.0038,0.0038,56.0,0.0036,80.0,58949.0,552.0
2021-01-05 09:39:11.701,0.0038,0.0038,56.0,0.0036,80.0,58949.0,552.0
2021-01-05 09:39:13.720,0.0038,0.0038,56.0,0.0036,80.0,58949.0,552.0
2021-01-05 09:39:14.160,0.0038,0.0038,56.0,0.0036,80.0,58949.0,552.0
2021-01-05 09:39:15.220,0.0038,0.0038,56.0,0.0037,40.0,58949.0,552.0
2021-01-05 09:39:15.720,0.0038,0.0038,56.0,0.0037,40.0,58949.0,552.0
2021-01-05 09:39:16.121,0.0038,0.0038,56.0,0.0037,40.0,58949.0,552.0
2021-01-05 09:39:17.191,0.0038,0.0038,46.0,0.0037,40.0,58949.0,552.0
2021-01-05 09:39:18.221,0.0038,0.0038,28.0,0.0037,60.0,58949.0,570.0
2021-01-05 09:39:18.671,0.0038,0.0038,58.0,0.0037,60.0,58949.0,570.0
2021-01-05 09:39:18.980,0.0038,0.0038,58.0,0.0037,70.0,58949.0,570.0
2021-01-05 09:39:20.221,0.0038,0.0038,58.0,0.0037,40.0,58949.0,570.0
2021-01-05 09:39:20.741,0.0038,0.0038,43.0,0.0037,40.0,58949.0,570.0
2021-01-05 09:39:21.231,0.0038,0.0038,58.0,0.0037,40.0,58949.0,570.0
2021-01-05 09:39:21.671,0.0038,0.0038,43.0,0.0037,40.0,58949.0,570.0
2021-01-05 09:39:22.211,0.0038,0.0038,43.0,0.0037,40.0,58949.0,570.0
2021-01-05 09:39:23.200,0.0038,0.0038,43.0,0.0037,40.0,58949.0,570.0
2021-01-05 09:39:24.151,0.0038,0.0038,13.0,0.0037,40.0,58949.0,570.0
2021-01-05 09:39:25.060,0.0038,0.0038,13.0,0.0037,70.0,58949.0,570.0
2021-01-05 09:39:25.700,0.0038,0.0038,13.0,0.0037,70.0,58949.0,570.0
2021-01-05 09:39:26.681,0.0038,0.0038,13.0,0.0037,100.0,58949.0,570.0
2021-01-05 09:39:27.210,0.0038,0.0038,13.0,0.0037,100.0,58949.0,570.0
2021-01-05 09:39:28.220,0.0038,0.0038,13.0,0.0037,90.0,58949.0,570.0
2021-01-05 09:39:29.231,0.0038,0.0038,13.0,0.0037,90.0,58949.0,570.0
2021-01-05 09:39:29.721,0.0038,0.0039,58.0,0.0037,100.0,58949.0,570.0
2021-01-05 09:39:30.220,0.0038,0.0039,68.0,0.0037,100.0,58949.0,570.0
2021-01-05 09:39:30.721,0.0038,0.0039,68.0,0.0037,90.0,58949.0,570.0
2021-01-05 09:39:31.121,0.0038,0.0039,68.0,0.0037,100.0,58949.0,570.0
2021-01-05 09:39:31.701,0.0039,0.0039,67.0,0.0037,100.0,58950.0,571.0
2021-01-05 09:39:32.141,0.0039,0.0039,67.0,0.0037,100.0,58950.0,571.0
2021-01-05 09:39:32.700,0.0039,0.0039,67.0,0.0037,100.0,58950.0,571.0
2021-01-05 09:39:39.241,0.0039,0.0039,67.0,0.0037,90.0,58950.0,571.0
2021-01-05 09:39:39.751,0.0039,0.0039,67.0,0.0037,100.0,58950.0,571.0
2021-01-05 09:39:41.220,0.0039,0.0039,52.0,0.0037,100.0,58950.0,571.0
2021-01-05 09:39:41.750,0.0039,0.0039,67.0,0.0037,100.0,58950.0,571.0
2021-01-05 09:39:42.210,0.0039,0.0039,67.0,0.0037,100.0,58950.0,571.0
2021-01-05 09:39:42.640,0.0039,0.0039,52.0,0.0037,100.0,58950.0,571.0
2021-01-05 09:39:43.191,0.0039,0.0039,67.0,0.0037,120.0,58950.0,571.0
2021-01-05 09:39:43.660,0.0039,0.0039,38.0,0.0037,120.0,58950.0,571.0
2021-01-05 09:39:44.231,0.0039,0.0039,38.0,0.0037,120.0,58950.0,571.0
2021-01-05 09:39:44.680,0.0039,0.0039,38.0,0.0037,120.0,58950.0,571.0
2021-01-05 09:39:45.251,0.0039,0.0039,38.0,0.0037,120.0,58950.0,571.0
2021-01-05 09:39:46.190,0.0039,0.0039,38.0,0.0037,100.0,58950.0,571.0
2021-01-05 09:39:46.691,0.0039,0.0039,68.0,0.0037,100.0,58950.0,571.0
2021-01-05 09:39:47.731,0.0039,0.0039,68.0,0.0037,100.0,58950.0,571.0
2021-01-05 09:39:48.221,0.0039,0.0039,68.0,0.0037,100.0,58950.0,571.0
2021-01-05 09:39:48.720,0.0039,0.0039,68.0,0.0037,100.0,58950.0,571.0
2021-01-05 09:39:49.241,0.0039,0.0039,68.0,0.0037,100.0,58950.0,571.0
2021-01-05 09:39:50.180,0.0039,0.0039,68.0,0.0037,100.0,58950.0,571.0
2021-01-05 09:39:50.710,0.0039,0.0039,68.0,0.0037,100.0,58950.0,571.0
2021-01-05 09:39:51.241,0.0039,0.0039,68.0,0.0037,80.0,58950.0,571.0
2021-01-05 09:39:51.730,0.0039,0.0038,13.0,0.0037,80.0,58950.0,571.0
2021-01-05 09:39:52.251,0.0039,0.0038,15.0,0.0037,100.0,58950.0,571.0
2021-01-05 09:39:52.601,0.0039,0.0038,28.0,0.0037,100.0,58950.0,571.0
2021-01-05 09:39:54.191,0.0039,0.0038,13.0,0.0037,90.0,58950.0,571.0
2021-01-05 09:39:54.691,0.0039,0.0038,13.0,0.0037,90.0,58950.0,571.0
2021-01-05 09:39:55.181,0.0039,0.0038,13.0,0.0037,100.0,58950.0,571.0
2021-01-05 09:39:55.640,0.0039,0.0038,13.0,0.0037,90.0,58950.0,571.0
2021-01-05 09:39:56.120,0.0039,0.0038,28.0,0.0037,90.0,58950.0,571.0
2021-01-05 09:39:56.691,0.0039,0.0038,28.0,0.0037,70.0,58950.0,571.0
2021-01-05 09:39:57.181,0.0039,0.0038,28.0,0.0037,70.0,58950.0,571.0
2021-01-05 09:39:57.580,0.0039,0.0038,28.0,0.0037,70.0,58950.0,571.0
2021-01-05 09:39:58.170,0.0039,0.0038,28.0,0.0037,80.0,58950.0,571.0
2021-01-05 09:39:58.600,0.0039,0.0038,28.0,0.0037,100.0,58950.0,571.0
2021-01-05 09:39:59.061,0.0039,0.0038,28.0,0.0037,90.0,58950.0,571.0
2021-01-05 09:40:00.181,0.0039,0.0038,28.0,0.0037,100.0,58950.0,571.0
2021-01-05 09:40:00.631,0.0039,0.0038,28.0,0.0037,80.0,58950.0,571.0
2021-01-05 09:40:01.570,0.0039,0.0038,30.0,0.0037,100.0,58950.0,571.0
2021-01-05 09:40:02.200,0.0039,0.0038,15.0,0.0037,100.0,58950.0,571.0
2021-01-05 09:40:02.671,0.0039,0.0038,15.0,0.0037,100.0,58950.0,571.0
2021-01-05 09:40:03.171,0.0039,0.0038,30.0,0.0037,90.0,58950.0,571.0
2021-01-05 09:40:03.691,0.0039,0.0038,30.0,0.0037,100.0,58950.0,571.0
2021-01-05 09:40:04.160,0.0039,0.0038,15.0,0.0037,90.0,58950.0,571.0
2021-01-05 09:40:04.700,0.0039,0.0038,15.0,0.0037,100.0,58950.0,571.0
2021-01-05 09:40:05.170,0.0039,0.0038,30.0,0.0037,90.0,58950.0,571.0
2021-01-05 09:40:05.701,0.0039,0.0038,15.0,0.0037,90.0,58950.0,571.0
2021-01-05 09:40:06.200,0.0039,0.0038,15.0,0.0037,100.0,58950.0,571.0
2021-01-05 09:40:06.701,0.0039,0.0038,30.0,0.0037,90.0,58950.0,571.0
2021-01-05 09:40:07.700,0.0039,0.0038,15.0,0.0037,100.0,58950.0,571.0
2021-01-05 09:40:08.200,0.0039,0.0038,30.0,0.0037,100.0,58950.0,571.0
2021-01-05 09:40:08.690,0.0039,0.0038,15.0,0.0037,100.0,58950.0,571.0
2021-01-05 09:40:09.191,0.0039,0.0038,15.0,0.0037,100.0,58950.0,571.0
2021-01-05 09:40:10.131,0.0039,0.0038,30.0,0.0037,90.0,58950.0,571.0
2021-01-05 09:40:10.680,0.0039,0.0038,30.0,0.0037,90.0,58950.0,571.0
2021-01-05 09:40:11.671,0.0039,0.0038,30.0,0.0037,90.0,58950.0,571.0
2021-01-05 09:40:12.190,0.0039,0.0038,30.0,0.0037,90.0,58950.0,571.0
2021-01-05 09:40:12.680,0.0039,0.0038,30.0,0.0037,100.0,58950.0,571.0
2021-01-05 09:40:13.170,0.0039,0.0038,30.0,0.0037,100.0,58950.0,571.0
2021-01-05 09:40:13.431,0.0039,0.0038,30.0,0.0037,100.0,58950.0,571.0
2021-01-05 09:40:14.150,0.0039,0.0038,30.0,0.0037,100.0,58950.0,571.0
2021-01-05 09:40:14.701,0.0039,0.0038,15.0,0.0037,100.0,58950.0,571.0
2021-01-05 09:40:15.120,0.0039,0.0038,15.0,0.0037,100.0,58950.0,571.0
2021-01-05 09:40:16.610,0.0039,0.0038,15.0,0.0037,90.0,58950.0,571.0
2021-01-05 09:40:17.191,0.0039,0.0038,15.0,0.0037,90.0,58950.0,571.0
2021-01-05 09:40:17.661,0.0039,0.0038,15.0,0.0037,90.0,58950.0,571.0
2021-01-05 09:40:18.161,0.0039,0.0038,15.0,0.0037,100.0,58950.0,571.0
2021-01-05 09:40:19.190,0.0039,0.0038,15.0,0.0037,100.0,58950.0,571.0
2021-01-05 09:40:19.711,0.0039,0.0038,15.0,0.0037,90.0,58950.0,571.0
2021-01-05 09:40:20.191,0.0039,0.0038,15.0,0.0037,90.0,58950.0,571.0
2021-01-05 09:40:20.691,0.0039,0.0038,15.0,0.0037,90.0,58950.0,571.0
2021-01-05 09:40:21.200,0.0039,0.0038,30.0,0.0037,90.0,58950.0,571.0
2021-01-05 09:40:21.701,0.0039,0.0038,30.0,0.0037,70.0,58950.0,571.0
2021-01-05 09:40:22.591,0.0039,0.0038,45.0,0.0037,70.0,58950.0,571.0
2021-01-05 09:40:23.200,0.0039,0.0038,45.0,0.0037,70.0,58950.0,571.0
2021-01-05 09:40:25.121,0.0039,0.0038,45.0,0.0037,70.0,58950.0,571.0
2021-01-05 09:40:25.570,0.0039,0.0038,60.0,0.0037,70.0,58950.0,571.0
2021-01-05 09:40:26.181,0.0039,0.0038,15.0,0.0037,70.0,58950.0,571.0
2021-01-05 09:40:26.650,0.0039,0.0038,60.0,0.0037,70.0,58950.0,571.0
2021-01-05 09:40:27.140,0.0039,0.0038,60.0,0.0037,60.0,58950.0,571.0
2021-01-05 09:40:27.701,0.0039,0.0038,60.0,0.0037,60.0,58950.0,571.0
2021-01-05 09:40:28.110,0.0039,0.0038,60.0,0.0037,60.0,58950.0,571.0
2021-01-05 09:40:30.150,0.0039,0.0038,60.0,0.0037,60.0,58950.0,571.0
2021-01-05 09:40:31.101,0.0039,0.0038,60.0,0.0037,20.0,58950.0,571.0
2021-01-05 09:40:31.631,0.0039,0.0038,60.0,0.0036,70.0,58950.0,571.0
2021-01-05 09:40:32.140,0.0039,0.0038,60.0,0.0036,80.0,58950.0,571.0
2021-01-05 09:40:32.611,0.0039,0.0038,60.0,0.0036,80.0,58950.0,571.0
2021-01-05 09:40:33.161,0.0039,0.0038,60.0,0.0037,30.0,58950.0,571.0
2021-01-05 09:40:33.681,0.0039,0.0038,60.0,0.0037,30.0,58950.0,571.0
2021-01-05 09:40:34.171,0.0039,0.0038,45.0,0.0037,50.0,58950.0,571.0
2021-01-05 09:40:34.601,0.0039,0.0038,60.0,0.0037,40.0,58950.0,571.0
2021-01-05 09:40:36.161,0.0039,0.0038,60.0,0.0037,40.0,58950.0,571.0
2021-01-05 09:40:36.620,0.0039,0.0038,45.0,0.0037,40.0,58950.0,571.0
2021-01-05 09:40:37.201,0.0039,0.0038,45.0,0.0037,40.0,58950.0,571.0
2021-01-05 09:40:37.700,0.0039,0.0038,45.0,0.0037,20.0,58950.0,571.0
2021-01-05 09:40:38.130,0.0038,0.0039,40.0,0.0038,10.0,58950.0,601.0
2021-01-05 09:40:38.651,0.0038,0.0038,20.0,0.0036,95.0,58950.0,611.0
2021-01-05 09:40:39.041,0.0038,0.0038,20.0,0.0036,95.0,58950.0,611.0
2021-01-05 09:40:40.151,0.0038,0.0038,20.0,0.0036,95.0,58950.0,611.0
2021-01-05 09:40:41.191,0.0038,0.0039,45.0,0.0036,95.0,58950.0,611.0
2021-01-05 09:40:41.661,0.0038,0.0039,70.0,0.0036,95.0,58950.0,611.0
2021-01-05 09:40:42.180,0.0038,0.0039,70.0,0.0037,30.0,58950.0,611.0
2021-01-05 09:40:43.191,0.0038,0.0039,70.0,0.0037,60.0,58950.0,611.0
2021-01-05 09:40:43.630,0.0038,0.0039,70.0,0.0037,50.0,58950.0,611.0
2021-01-05 09:40:44.201,0.0038,0.0039,55.0,0.0037,60.0,58950.0,611.0
2021-01-05 09:40:44.610,0.0038,0.0039,70.0,0.0037,50.0,58950.0,611.0
2021-01-05 09:40:45.131,0.0038,0.0039,70.0,0.0037,60.0,58950.0,611.0
2021-01-05 09:40:48.700,0.0038,0.0039,70.0,0.0037,60.0,58950.0,611.0
2021-01-05 09:40:49.111,0.0038,0.0039,70.0,0.0037,60.0,58950.0,611.0
2021-01-05 09:40:50.181,0.0038,0.0039,70.0,0.0037,60.0,58950.0,611.0
2021-01-05 09:40:50.671,0.0038,0.0039,70.0,0.0037,60.0,58950.0,611.0
2021-01-05 09:40:51.021,0.0038,0.0039,70.0,0.0037,50.0,58950.0,611.0
2021-01-05 09:40:51.601,0.0038,0.0039,70.0,0.0037,50.0,58950.0,611.0
2021-01-05 09:40:52.661,0.0038,0.0039,70.0,0.0037,60.0,58950.0,611.0
2021-01-05 09:40:53.670,0.0038,0.0039,70.0,0.0037,60.0,58950.0,611.0
2021-01-05 09:40:54.141,0.0038,0.0039,70.0,0.0037,60.0,58950.0,611.0
2021-01-05 09:40:54.661,0.0038,0.0039,70.0,0.0037,60.0,58950.0,611.0
2021-01-05 09:40:55.111,0.0038,0.0039,70.0,0.0037,50.0,58950.0,611.0
2021-01-05 09:40:55.681,0.0038,0.0039,70.0,0.0037,60.0,58950.0,611.0
2021-01-05 09:40:56.121,0.0038,0.0039,70.0,0.0037,80.0,58950.0,611.0
2021-01-05 09:40:56.711,0.0038,0.0039,70.0,0.0037,70.0,58950.0,611.0
2021-01-05 09:40:57.180,0.0038,0.0039,70.0,0.0037,70.0,58950.0,611.0
2021-01-05 09:41:01.041,0.0038,0.0038,15.0,0.0037,70.0,58950.0,611.0
2021-01-05 09:41:01.650,0.0038,0.0038,15.0,0.0037,80.0,58950.0,611.0
2021-01-05 09:41:02.161,0.0038,0.0039,60.0,0.0037,80.0,58950.0,611.0
2021-01-05 09:41:02.661,0.0038,0.0039,55.0,0.0037,80.0,58950.0,611.0
2021-01-05 09:41:03.110,0.0038,0.0038,15.0,0.0037,80.0,58950.0,611.0
2021-01-05 09:41:03.721,0.0038,0.0039,60.0,0.0037,80.0,58950.0,611.0
2021-01-05 09:41:04.180,0.0038,0.0039,55.0,0.0037,80.0,58950.0,616.0
2021-01-05 09:41:04.680,0.0038,0.0039,70.0,0.0037,80.0,58950.0,616.0
2021-01-05 09:41:05.220,0.0038,0.0039,60.0,0.0037,80.0,58950.0,616.0
2021-01-05 09:41:05.660,0.0038,0.0039,70.0,0.0037,80.0,58950.0,616.0
2021-01-05 09:41:06.180,0.0038,0.0038,15.0,0.0037,80.0,58950.0,616.0
2021-01-05 09:41:06.620,0.0038,0.0038,15.0,0.0037,80.0,58950.0,616.0
2021-01-05 09:41:10.220,0.0038,0.0039,60.0,0.0037,80.0,58950.0,616.0
2021-01-05 09:41:10.710,0.0038,0.0039,70.0,0.0037,60.0,58950.0,616.0
2021-01-05 09:41:11.210,0.0038,0.0039,70.0,0.0037,30.0,58950.0,616.0
2021-01-05 09:41:11.711,0.0038,0.0039,70.0,0.0037,30.0,58950.0,616.0
2021-01-05 09:41:12.151,0.0038,0.0039,70.0,0.0037,30.0,58950.0,616.0
2021-01-05 09:41:12.710,0.0038,0.0039,70.0,0.0037,30.0,58950.0,616.0
2021-01-05 09:41:13.161,0.0038,0.0039,70.0,0.0037,60.0,58950.0,616.0
2021-01-05 09:41:14.160,0.0038,0.0039,70.0,0.0037,30.0,58950.0,616.0
2021-01-05 09:41:14.671,0.0038,0.0039,55.0,0.0037,75.0,58950.0,616.0
2021-01-05 09:41:15.180,0.0038,0.0039,40.0,0.0037,75.0,58950.0,616.0
2021-01-05 09:41:16.210,0.0038,0.0039,40.0,0.0037,85.0,58950.0,616.0
2021-01-05 09:41:16.500,0.0038,0.0039,70.0,0.0037,70.0,58950.0,616.0
2021-01-05 09:41:17.211,0.0039,0.0039,35.0,0.0037,60.0,58950.0,636.0
2021-01-05 09:41:17.670,0.0039,0.0039,25.0,0.0037,70.0,58950.0,636.0
2021-01-05 09:41:18.141,0.0039,0.0039,40.0,0.0037,70.0,58950.0,636.0
2021-01-05 09:41:19.161,0.0039,0.0039,40.0,0.0037,50.0,58950.0,636.0
2021-01-05 09:41:19.601,0.0039,0.0039,40.0,0.0037,40.0,58950.0,636.0
2021-01-05 09:41:20.070,0.0039,0.0039,40.0,0.0037,70.0,58950.0,636.0
2021-01-05 09:41:22.190,0.0039,0.0039,40.0,0.0037,50.0,58950.0,636.0
2021-01-05 09:41:22.700,0.0039,0.0039,50.0,0.0037,50.0,58950.0,636.0
2021-01-05 09:41:23.641,0.0039,0.0039,40.0,0.0037,50.0,58950.0,636.0
2021-01-05 09:41:24.171,0.0039,0.0039,40.0,0.0037,70.0,58950.0,636.0
2021-01-05 09:41:24.651,0.0039,0.0039,40.0,0.0037,70.0,58950.0,636.0
2021-01-05 09:41:25.120,0.0039,0.0039,40.0,0.0037,70.0,58950.0,636.0
2021-01-05 09:41:26.190,0.0039,0.0039,40.0,0.0037,70.0,58950.0,636.0
2021-01-05 09:41:27.131,0.0039,0.0039,25.0,0.0037,70.0,58950.0,636.0
2021-01-05 09:41:27.710,0.0039,0.0039,40.0,0.0037,60.0,58950.0,636.0
2021-01-05 09:41:29.001,0.0039,0.0039,40.0,0.0037,70.0,58950.0,636.0
2021-01-05 09:41:30.670,0.0039,0.0038,30.0,0.0037,60.0,58950.0,636.0
2021-01-05 09:41:31.181,0.0039,0.0038,15.0,0.0037,60.0,58950.0,636.0
2021-01-05 09:41:31.700,0.0039,0.0038,30.0,0.0037,60.0,58950.0,636.0
2021-01-05 09:41:32.220,0.0039,0.0038,30.0,0.0037,60.0,58950.0,636.0
2021-01-05 09:41:33.680,0.0039,0.0038,30.0,0.0037,60.0,58950.0,636.0
2021-01-05 09:41:34.120,0.0039,0.0038,15.0,0.0037,60.0,58950.0,636.0
2021-01-05 09:41:34.720,0.0039,0.0038,30.0,0.0037,60.0,58950.0,636.0
2021-01-05 09:41:35.221,0.0039,0.0038,30.0,0.0037,60.0,58950.0,636.0
2021-01-05 09:41:36.070,0.0039,0.0038,30.0,0.0037,60.0,58950.0,636.0
2021-01-05 09:41:36.720,0.0039,0.0038,30.0,0.0037,60.0,58950.0,636.0
2021-01-05 09:41:37.210,0.0039,0.0038,30.0,0.0037,60.0,58950.0,636.0
2021-01-05 09:41:37.711,0.0039,0.0038,30.0,0.0037,20.0,58950.0,636.0
2021-01-05 09:41:38.220,0.0039,0.0038,30.0,0.0037,30.0,58950.0,636.0
2021-01-05 09:41:38.650,0.0039,0.0038,30.0,0.0037,20.0,58950.0,636.0
2021-01-05 09:41:39.221,0.0039,0.0038,30.0,0.0037,40.0,58950.0,636.0
2021-01-05 09:41:40.740,0.0039,0.0038,30.0,0.0037,30.0,58950.0,636.0
2021-01-05 09:41:41.130,0.0039,0.0038,30.0,0.0037,30.0,58950.0,636.0
2021-01-05 09:41:41.730,0.0039,0.0038,30.0,0.0037,60.0,58950.0,636.0
2021-01-05 09:41:42.700,0.0039,0.0038,30.0,0.0037,50.0,58950.0,636.0
2021-01-05 09:41:43.080,0.0039,0.0038,30.0,0.0037,50.0,58950.0,636.0
2021-01-05 09:41:45.190,0.0039,0.0038,30.0,0.0037,50.0,58950.0,636.0
2021-01-05 09:41:45.701,0.0039,0.0038,30.0,0.0037,50.0,58950.0,636.0
2021-01-05 09:41:46.241,0.0039,0.0038,30.0,0.0037,50.0,58950.0,636.0
2021-01-05 09:41:46.661,0.0039,0.0038,30.0,0.0037,50.0,58950.0,636.0
2021-01-05 09:41:47.201,0.0039,0.0038,30.0,0.0037,50.0,58950.0,636.0
2021-01-05 09:41:47.741,0.0039,0.0038,30.0,0.0037,20.0,58950.0,636.0
2021-01-05 09:41:48.181,0.0039,0.0038,60.0,0.0036,70.0,58950.0,636.0
2021-01-05 09:41:48.740,0.0039,0.0038,60.0,0.0036,80.0,58950.0,636.0
2021-01-05 09:41:49.191,0.0039,0.0038,60.0,0.0036,80.0,58950.0,636.0
2021-01-05 09:41:49.620,0.0039,0.0038,60.0,0.0036,80.0,58950.0,636.0
2021-01-05 09:41:53.201,0.0039,0.0038,60.0,0.0036,80.0,58950.0,636.0
2021-01-05 09:41:55.160,0.0039,0.0038,45.0,0.0036,50.0,58950.0,636.0
2021-01-05 09:41:55.671,0.0039,0.0038,60.0,0.0036,80.0,58950.0,636.0
2021-01-05 09:41:56.151,0.0039,0.0038,65.0,0.0036,80.0,58950.0,636.0
2021-01-05 09:41:56.680,0.0039,0.0038,65.0,0.0036,80.0,58950.0,636.0
2021-01-05 09:41:57.110,0.0039,0.0037,15.0,0.0036,80.0,58950.0,636.0
2021-01-05 09:41:57.640,0.0039,0.0037,15.0,0.0036,80.0,58950.0,636.0
2021-01-05 09:41:58.140,0.0039,0.0037,15.0,0.0036,80.0,58950.0,636.0
2021-01-05 09:41:58.660,0.0039,0.0037,15.0,0.0036,70.0,58950.0,636.0
2021-01-05 09:41:59.700,0.0039,0.0037,15.0,0.0036,70.0,58950.0,636.0
2021-01-05 09:42:00.701,0.0039,0.0037,15.0,0.0036,70.0,58950.0,636.0
2021-01-05 09:42:01.190,0.0039,0.0037,15.0,0.0036,70.0,58950.0,636.0
2021-01-05 09:42:04.110,0.0039,0.0037,15.0,0.0036,70.0,58950.0,636.0
2021-01-05 09:42:07.230,0.0037,0.0037,30.0,0.0036,70.0,58950.0,651.0
2021-01-05 09:42:08.660,0.0037,0.0037,15.0,0.0036,70.0,58950.0,651.0
2021-01-05 09:42:09.230,0.0037,0.0037,15.0,0.0036,70.0,58950.0,666.0
2021-01-05 09:42:11.211,0.0037,0.0037,15.0,0.0036,40.0,58950.0,666.0
2021-01-05 09:42:11.651,0.0037,0.0037,45.0,0.0036,30.0,58950.0,666.0
2021-01-05 09:42:12.210,0.0037,0.0037,45.0,0.0036,40.0,58950.0,666.0
2021-01-05 09:42:12.721,0.0037,0.0037,45.0,0.0036,40.0,58950.0,666.0
2021-01-05 09:42:13.211,0.0037,0.0037,45.0,0.0036,40.0,58950.0,666.0
2021-01-05 09:42:13.731,0.0037,0.0037,45.0,0.0036,40.0,58950.0,666.0
2021-01-05 09:42:14.150,0.0037,0.0037,30.0,0.0036,40.0,58950.0,666.0
2021-01-05 09:42:14.671,0.0037,0.0037,30.0,0.0036,40.0,58950.0,666.0
2021-01-05 09:42:15.650,0.0037,0.0038,65.0,0.0036,40.0,58950.0,666.0
2021-01-05 09:42:16.181,0.0037,0.0038,75.0,0.0036,40.0,58950.0,666.0
2021-01-05 09:42:16.701,0.0037,0.0038,75.0,0.0036,40.0,58950.0,666.0
2021-01-05 09:42:17.241,0.0037,0.0038,75.0,0.0036,40.0,58950.0,666.0
2021-01-05 09:42:17.681,0.0037,0.0038,75.0,0.0036,40.0,58950.0,666.0
2021-01-05 09:42:18.651,0.0037,0.0038,75.0,0.0036,70.0,58950.0,666.0
2021-01-05 09:42:20.150,0.0037,0.0038,75.0,0.0036,70.0,58950.0,666.0
2021-01-05 09:42:20.751,0.0037,0.0038,75.0,0.0036,70.0,58950.0,666.0
2021-01-05 09:42:21.621,0.0037,0.0038,75.0,0.0036,70.0,58950.0,666.0
2021-01-05 09:42:22.221,0.0037,0.0038,75.0,0.0036,70.0,58950.0,666.0
2021-01-05 09:42:23.191,0.0037,0.0038,75.0,0.0036,70.0,58950.0,666.0
2021-01-05 09:42:25.511,0.0037,0.0038,75.0,0.0036,70.0,58950.0,666.0
2021-01-05 09:42:26.130,0.0037,0.0038,75.0,0.0036,70.0,58950.0,666.0
2021-01-05 09:42:26.701,0.0037,0.0038,75.0,0.0036,90.0,58950.0,666.0
2021-01-05 09:42:28.130,0.0037,0.0038,75.0,0.0036,90.0,58950.0,666.0
2021-01-05 09:42:29.720,0.0037,0.0038,75.0,0.0036,90.0,58950.0,666.0
2021-01-05 09:42:30.710,0.0037,0.0038,65.0,0.0036,90.0,58950.0,666.0
2021-01-05 09:42:31.200,0.0037,0.0038,65.0,0.0036,90.0,58950.0,666.0
2021-01-05 09:42:31.720,0.0037,0.0038,75.0,0.0036,90.0,58950.0,666.0
2021-01-05 09:42:32.721,0.0037,0.0038,75.0,0.0036,90.0,58950.0,666.0
2021-01-05 09:42:33.121,0.0037,0.0038,75.0,0.0036,70.0,58950.0,666.0
2021-01-05 09:42:35.701,0.0037,0.0038,75.0,0.0036,70.0,58950.0,666.0
2021-01-05 09:42:36.200,0.0037,0.0038,75.0,0.0037,10.0,58950.0,666.0
2021-01-05 09:42:36.650,0.0037,0.0038,75.0,0.0037,10.0,58950.0,666.0
2021-01-05 09:42:37.251,0.0037,0.0038,75.0,0.0037,20.0,58950.0,666.0
2021-01-05 09:42:37.751,0.0037,0.0038,75.0,0.0036,70.0,58950.0,666.0
2021-01-05 09:42:37.991,0.0037,0.0038,60.0,0.0036,85.0,58950.0,666.0
2021-01-05 09:42:38.661,0.0037,0.0038,60.0,0.0036,75.0,58950.0,666.0
2021-01-05 09:42:40.221,0.0037,0.0038,60.0,0.0036,75.0,58950.0,666.0
2021-01-05 09:42:42.311,0.0037,0.0038,45.0,0.0036,60.0,58950.0,666.0
2021-01-05 09:42:43.251,0.0037,0.0037,15.0,0.0036,75.0,58950.0,666.0
2021-01-05 09:42:43.741,0.0037,0.0037,15.0,0.0036,85.0,58950.0,666.0
2021-01-05 09:42:44.211,0.0037,0.0037,15.0,0.0036,70.0,58950.0,666.0
2021-01-05 09:42:44.751,0.0037,0.0037,15.0,0.0036,60.0,58950.0,666.0
2021-01-05 09:42:45.191,0.0037,0.0037,15.0,0.0036,60.0,58950.0,666.0
2021-01-05 09:42:45.650,0.0037,0.0037,15.0,0.0036,60.0,58950.0,666.0
2021-01-05 09:42:46.741,0.0037,0.0037,15.0,0.0036,65.0,58950.0,666.0
2021-01-05 09:42:47.160,0.0037,0.0037,15.0,0.0036,65.0,58950.0,666.0
2021-01-05 09:42:49.750,0.0037,0.0038,60.0,0.0036,65.0,58950.0,666.0
2021-01-05 09:42:50.261,0.0037,0.0038,85.0,0.0036,65.0,58950.0,666.0
2021-01-05 09:42:51.761,0.0037,0.0038,70.0,0.0036,65.0,58950.0,666.0
2021-01-05 09:42:52.251,0.0037,0.0038,85.0,0.0036,65.0,58950.0,666.0
2021-01-05 09:42:54.710,0.0037,0.0038,70.0,0.0036,65.0,58950.0,666.0
2021-01-05 09:42:55.190,0.0037,0.0037,15.0,0.0036,65.0,58950.0,666.0
2021-01-05 09:42:55.701,0.0037,0.0038,60.0,0.0036,65.0,58950.0,666.0
2021-01-05 09:42:56.020,0.0037,0.0038,85.0,0.0036,65.0,58950.0,666.0
2021-01-05 09:42:56.631,0.0037,0.0038,70.0,0.0036,65.0,58950.0,666.0
2021-01-05 09:42:57.171,0.0037,0.0037,15.0,0.0036,65.0,58950.0,666.0
2021-01-05 09:42:57.591,0.0037,0.0038,60.0,0.0036,65.0,58950.0,666.0
2021-01-05 09:42:58.220,0.0037,0.0038,85.0,0.0036,65.0,58950.0,666.0
2021-01-05 09:42:58.731,0.0037,0.0038,75.0,0.0036,75.0,58950.0,666.0
2021-01-05 09:42:59.730,0.0037,0.0038,75.0,0.0036,65.0,58950.0,666.0
2021-01-05 09:43:00.200,0.0037,0.0038,75.0,0.0036,65.0,58950.0,666.0
2021-01-05 09:43:00.721,0.0037,0.0038,85.0,0.0036,65.0,58950.0,666.0
2021-01-05 09:43:01.211,0.0036,0.0037,15.0,0.0036,15.0,58910.0,716.0
2021-01-05 09:43:01.701,0.0036,0.0037,15.0,0.0036,15.0,58910.0,716.0
2021-01-05 09:43:02.150,0.0036,0.0037,15.0,0.0036,15.0,58910.0,716.0
2021-01-05 09:43:03.701,0.0036,0.0037,15.0,0.0036,35.0,58910.0,716.0
2021-01-05 09:43:05.750,0.0036,0.0038,50.0,0.0036,10.0,58885.0,741.0
2021-01-05 09:43:06.171,0.0036,0.0038,78.0,0.0036,30.0,58885.0,741.0
2021-01-05 09:43:06.680,0.0036,0.0038,78.0,0.0036,60.0,58885.0,741.0
2021-01-05 09:43:07.231,0.0036,0.0038,78.0,0.0036,50.0,58885.0,741.0
2021-01-05 09:43:08.200,0.0036,0.0038,78.0,0.0036,60.0,58885.0,741.0
2021-01-05 09:43:08.701,0.0036,0.0038,78.0,0.0036,50.0,58885.0,741.0
2021-01-05 09:43:09.740,0.0036,0.0038,78.0,0.0036,50.0,58885.0,741.0
2021-01-05 09:43:10.150,0.0036,0.0038,88.0,0.0036,50.0,58885.0,741.0
2021-01-05 09:43:12.171,0.0036,0.0038,85.0,0.0036,50.0,58885.0,741.0
2021-01-05 09:43:13.210,0.0036,0.0038,75.0,0.0036,60.0,58885.0,741.0
2021-01-05 09:43:14.270,0.0036,0.0038,75.0,0.0036,60.0,58885.0,741.0
2021-01-05 09:43:14.770,0.0036,0.0038,60.0,0.0036,75.0,58885.0,741.0
2021-01-05 09:43:15.241,0.0036,0.0038,45.0,0.0036,75.0,58885.0,741.0
2021-01-05 09:43:16.270,0.0036,0.0038,75.0,0.0036,60.0,58885.0,741.0
2021-01-05 09:43:16.720,0.0036,0.0038,75.0,0.0036,60.0,58885.0,741.0
2021-01-05 09:43:17.271,0.0036,0.0038,75.0,0.0036,60.0,58885.0,741.0
2021-01-05 09:43:17.771,0.0036,0.0038,75.0,0.0036,60.0,58885.0,741.0
2021-01-05 09:43:18.270,0.0036,0.0038,75.0,0.0036,60.0,58885.0,741.0
2021-01-05 09:43:20.731,0.0036,0.0038,75.0,0.0036,42.0,58877.0,749.0
2021-01-05 09:43:25.701,0.0036,0.0038,75.0,0.0036,42.0,58877.0,749.0
2021-01-05 09:43:27.190,0.0036,0.0038,85.0,0.0036,42.0,58877.0,749.0
2021-01-05 09:43:27.591,0.0036,0.0038,75.0,0.0036,42.0,58877.0,749.0
2021-01-05 09:43:31.111,0.0036,0.0038,85.0,0.0036,42.0,58877.0,749.0
2021-01-05 09:43:32.181,0.0036,0.0038,75.0,0.0036,42.0,58877.0,749.0
2021-01-05 09:43:34.221,0.0036,0.0038,85.0,0.0036,42.0,58877.0,749.0
2021-01-05 09:43:41.231,0.0036,0.0038,75.0,0.0036,42.0,58877.0,749.0
2021-01-05 09:43:41.671,0.0036,0.0038,85.0,0.0036,42.0,58877.0,749.0
2021-01-05 09:43:44.251,0.0036,0.0038,75.0,0.0036,42.0,58877.0,749.0
2021-01-05 09:43:45.390,0.0036,0.0038,85.0,0.0036,42.0,58877.0,749.0
2021-01-05 09:43:47.250,0.0036,0.0038,85.0,0.0036,42.0,58877.0,749.0
2021-01-05 09:43:48.220,0.0036,0.0038,75.0,0.0036,42.0,58877.0,749.0
2021-01-05 09:43:48.721,0.0036,0.0038,75.0,0.0036,22.0,58877.0,769.0
2021-01-05 09:43:49.221,0.0036,0.0038,75.0,0.0036,32.0,58877.0,769.0
2021-01-05 09:43:49.601,0.0036,0.0038,75.0,0.0036,22.0,58877.0,769.0
2021-01-05 09:43:54.191,0.0036,0.0038,75.0,0.0036,22.0,58877.0,769.0
2021-01-05 09:43:55.660,0.0036,0.0038,75.0,0.0036,22.0,58877.0,769.0
2021-01-05 09:43:56.200,0.0036,0.0038,60.0,0.0036,37.0,58877.0,769.0
2021-01-05 09:43:56.721,0.0036,0.0038,55.0,0.0036,37.0,58877.0,769.0
2021-01-05 09:43:57.650,0.0036,0.0038,70.0,0.0036,22.0,58877.0,769.0
2021-01-05 09:43:58.711,0.0036,0.0038,70.0,0.0036,22.0,58877.0,769.0
2021-01-05 09:43:59.170,0.0036,0.0038,70.0,0.0036,22.0,58877.0,769.0
2021-01-05 09:44:00.131,0.0036,0.0038,75.0,0.0036,22.0,58877.0,769.0
2021-01-05 09:44:00.701,0.0036,0.0038,75.0,0.0036,32.0,58877.0,769.0
2021-01-05 09:44:01.160,0.0036,0.0038,75.0,0.0036,32.0,58877.0,769.0
2021-01-05 09:44:01.981,0.0036,0.0038,75.0,0.0036,32.0,58877.0,769.0
2021-01-05 09:44:04.230,0.0036,0.0038,45.0,0.0036,47.0,58877.0,769.0
2021-01-05 09:44:04.720,0.0036,0.0038,60.0,0.0036,22.0,58877.0,769.0
2021-01-05 09:44:05.241,0.0036,0.0038,75.0,0.0036,32.0,58877.0,769.0
2021-01-05 09:44:05.761,0.0036,0.0038,75.0,0.0036,22.0,58877.0,769.0
2021-01-05 09:44:06.261,0.0036,0.0038,85.0,0.0036,22.0,58877.0,769.0
2021-01-05 09:44:06.770,0.0036,0.0038,70.0,0.0036,22.0,58877.0,769.0
2021-01-05 09:44:07.281,0.0036,0.0038,85.0,0.0036,22.0,58877.0,769.0
2021-01-05 09:44:08.760,0.0036,0.0038,75.0,0.0036,22.0,58877.0,769.0
2021-01-05 09:44:09.150,0.0036,0.0037,15.0,0.0036,22.0,58877.0,769.0
2021-01-05 09:44:09.751,0.0036,0.0037,15.0,0.0036,22.0,58877.0,769.0
2021-01-05 09:44:10.781,0.0036,0.0037,15.0,0.0036,22.0,58877.0,769.0
2021-01-05 09:44:11.271,0.0036,0.0037,15.0,0.0036,22.0,58877.0,769.0
2021-01-05 09:44:12.270,0.0036,0.0037,15.0,0.0036,22.0,58877.0,769.0
2021-01-05 09:44:12.781,0.0036,0.0037,45.0,0.0036,20.0,58877.0,769.0
2021-01-05 09:44:13.230,0.0036,0.0037,45.0,0.0035,115.0,58877.0,769.0
2021-01-05 09:44:13.770,0.0036,0.0037,45.0,0.0035,125.0,58877.0,769.0
2021-01-05 09:44:15.280,0.0036,0.0037,45.0,0.0035,110.0,58877.0,769.0
2021-01-05 09:44:15.780,0.0036,0.0037,60.0,0.0035,110.0,58877.0,769.0
2021-01-05 09:44:16.281,0.0036,0.0037,45.0,0.0035,110.0,58877.0,769.0
2021-01-05 09:44:16.781,0.0036,0.0037,45.0,0.0035,125.0,58877.0,769.0
2021-01-05 09:44:17.280,0.0036,0.0037,45.0,0.0035,125.0,58877.0,769.0
2021-01-05 09:44:18.231,0.0036,0.0037,30.0,0.0035,110.0,58877.0,769.0
2021-01-05 09:44:18.780,0.0036,0.0037,70.0,0.0035,100.0,58877.0,769.0
2021-01-05 09:44:19.261,0.0037,0.0037,69.0,0.0035,110.0,58878.0,770.0
2021-01-05 09:44:19.801,0.0037,0.0037,69.0,0.0035,100.0,58878.0,770.0
2021-01-05 09:44:20.271,0.0037,0.0036,30.0,0.0035,100.0,58878.0,770.0
2021-01-05 09:44:20.721,0.0037,0.0036,15.0,0.0035,100.0,58878.0,770.0
2021-01-05 09:44:21.270,0.0037,0.0036,30.0,0.0035,100.0,58878.0,770.0
2021-01-05 09:44:21.791,0.0037,0.0036,30.0,0.0035,90.0,58878.0,770.0
2021-01-05 09:44:22.250,0.0037,0.0036,15.0,0.0035,90.0,58878.0,770.0
2021-01-05 09:44:22.661,0.0037,0.0036,30.0,0.0035,90.0,58878.0,770.0
2021-01-05 09:44:23.130,0.0037,0.0036,15.0,0.0035,90.0,58878.0,770.0
2021-01-05 09:44:23.620,0.0037,0.0036,15.0,0.0035,90.0,58878.0,770.0
2021-01-05 09:44:25.120,0.0037,0.0037,59.0,0.0035,90.0,58878.0,770.0
2021-01-05 09:44:25.660,0.0037,0.0037,69.0,0.0035,90.0,58878.0,770.0
2021-01-05 09:44:26.090,0.0037,0.0037,79.0,0.0035,90.0,58878.0,770.0
2021-01-05 09:44:26.701,0.0037,0.0037,54.0,0.0035,90.0,58878.0,770.0
2021-01-05 09:44:27.201,0.0037,0.0036,15.0,0.0035,90.0,58878.0,770.0
2021-01-05 09:44:27.710,0.0037,0.0036,30.0,0.0035,90.0,58878.0,770.0
2021-01-05 09:44:28.221,0.0037,0.0036,30.0,0.0035,90.0,58878.0,770.0
2021-01-05 09:44:29.200,0.0037,0.0036,15.0,0.0035,90.0,58878.0,770.0
2021-01-05 09:44:30.201,0.0037,0.0036,30.0,0.0035,70.0,58878.0,770.0
2021-01-05 09:44:30.720,0.0037,0.0036,30.0,0.0035,70.0,58878.0,770.0
2021-01-05 09:44:31.730,0.0037,0.0036,15.0,0.0035,70.0,58878.0,770.0
2021-01-05 09:44:32.220,0.0037,0.0036,15.0,0.0035,70.0,58878.0,770.0
2021-01-05 09:44:32.691,0.0037,0.0036,30.0,0.0035,70.0,58878.0,770.0
2021-01-05 09:44:33.240,0.0037,0.0036,30.0,0.0035,70.0,58878.0,770.0
2021-01-05 09:44:33.730,0.0037,0.0036,30.0,0.0035,70.0,58878.0,770.0
2021-01-05 09:44:34.241,0.0037,0.0036,30.0,0.0035,70.0,58878.0,770.0
2021-01-05 09:44:34.241,0.0037,0.0036,30.0,0.0035,70.0,58878.0,770.0
2021-01-05 09:44:35.221,0.0037,0.0036,30.0,0.0035,70.0,58878.0,770.0
2021-01-05 09:44:35.740,0.0037,0.0036,60.0,0.0035,40.0,58878.0,770.0
2021-01-05 09:44:36.741,0.0037,0.0036,45.0,0.0035,40.0,58878.0,770.0
2021-01-05 09:44:37.240,0.0035,0.0036,55.0,0.0034,30.0,58913.0,805.0
2021-01-05 09:44:37.751,0.0035,0.0036,70.0,0.0034,40.0,58913.0,807.0
2021-01-05 09:44:38.201,0.0035,0.0036,70.0,0.0034,30.0,58913.0,807.0
2021-01-05 09:44:39.661,0.0035,0.0036,70.0,0.0034,60.0,58913.0,807.0
2021-01-05 09:44:40.250,0.0036,0.0036,70.0,0.0034,60.0,58914.0,808.0
2021-01-05 09:44:40.740,0.0036,0.0036,70.0,0.0034,50.0,58914.0,808.0
2021-01-05 09:44:41.251,0.0036,0.0036,70.0,0.0034,50.0,58914.0,808.0
2021-01-05 09:44:42.731,0.0036,0.0036,70.0,0.0034,50.0,58914.0,808.0
2021-01-05 09:44:43.251,0.0036,0.0036,55.0,0.0034,65.0,58914.0,808.0
2021-01-05 09:44:43.760,0.0036,0.0036,55.0,0.0034,65.0,58914.0,808.0
2021-01-05 09:44:44.260,0.0036,0.0036,80.0,0.0034,50.0,58914.0,808.0
2021-01-05 09:44:44.761,0.0036,0.0036,55.0,0.0034,65.0,58914.0,808.0
2021-01-05 09:44:45.261,0.0036,0.0036,63.0,0.0034,50.0,58916.0,810.0
2021-01-05 09:44:45.760,0.0036,0.0036,78.0,0.0034,50.0,58916.0,810.0
2021-01-05 09:44:46.160,0.0036,0.0036,68.0,0.0034,50.0,58916.0,810.0
2021-01-05 09:44:46.771,0.0036,0.0036,78.0,0.0034,50.0,58916.0,810.0
2021-01-05 09:44:47.251,0.0036,0.0036,78.0,0.0034,50.0,58916.0,810.0
2021-01-05 09:44:47.770,0.0036,0.0036,78.0,0.0034,50.0,58916.0,810.0
2021-01-05 09:44:48.271,0.0036,0.0036,78.0,0.0034,50.0,58916.0,810.0
2021-01-05 09:44:48.780,0.0036,0.0036,53.0,0.0034,50.0,58916.0,810.0
2021-01-05 09:44:49.270,0.0036,0.0035,15.0,0.0034,50.0,58916.0,810.0
2021-01-05 09:44:49.800,0.0036,0.0035,45.0,0.0034,20.0,58916.0,810.0
2021-01-05 09:44:50.300,0.0036,0.0035,45.0,0.0033,66.0,58916.0,810.0
2021-01-05 09:44:50.801,0.0036,0.0035,45.0,0.0033,96.0,58916.0,810.0
2021-01-05 09:44:51.231,0.0036,0.0035,45.0,0.0033,96.0,58916.0,810.0
2021-01-05 09:44:51.810,0.0036,0.0035,30.0,0.0033,96.0,58916.0,810.0
2021-01-05 09:44:52.311,0.0036,0.0035,30.0,0.0033,106.0,58916.0,810.0
2021-01-05 09:44:53.201,0.0036,0.0035,30.0,0.0033,106.0,58916.0,810.0
2021-01-05 09:44:53.621,0.0036,0.0035,30.0,0.0033,106.0,58916.0,810.0
2021-01-05 09:44:54.970,0.0036,0.0035,30.0,0.0033,106.0,58916.0,810.0
2021-01-05 09:44:55.700,0.0036,0.0035,30.0,0.0033,106.0,58916.0,810.0
2021-01-05 09:44:56.720,0.0036,0.0035,30.0,0.0033,106.0,58916.0,810.0
2021-01-05 09:44:57.160,0.0036,0.0035,30.0,0.0033,106.0,58916.0,810.0
2021-01-05 09:44:57.431,0.0036,0.0035,45.0,0.0033,106.0,58916.0,810.0
2021-01-05 09:44:58.120,0.0036,0.0035,30.0,0.0033,96.0,58916.0,810.0
2021-01-05 09:44:58.720,0.0036,0.0035,40.0,0.0033,96.0,58916.0,810.0
2021-01-05 09:44:59.091,0.0036,0.0035,30.0,0.0033,96.0,58916.0,810.0
2021-01-05 09:44:59.711,0.0036,0.0035,10.0,0.0033,96.0,58916.0,810.0
2021-01-05 09:45:00.591,0.0036,0.0035,10.0,0.0033,96.0,58916.0,810.0
2021-01-05 09:45:01.221,0.0036,0.0035,10.0,0.0033,96.0,58916.0,810.0
2021-01-05 09:45:01.680,0.0036,0.0036,70.0,0.0034,30.0,58916.0,810.0
2021-01-05 09:45:02.061,0.0036,0.0036,70.0,0.0034,30.0,58916.0,810.0
2021-01-05 09:45:02.710,0.0036,0.0036,80.0,0.0034,50.0,58916.0,810.0
2021-01-05 09:45:03.190,0.0036,0.0036,70.0,0.0034,50.0,58916.0,810.0
2021-01-05 09:45:03.680,0.0036,0.0035,10.0,0.0034,50.0,58916.0,810.0
2021-01-05 09:45:04.191,0.0036,0.0036,60.0,0.0034,50.0,58916.0,810.0
2021-01-05 09:45:04.700,0.0036,0.0035,10.0,0.0034,50.0,58916.0,810.0
2021-01-05 09:45:05.221,0.0036,0.0036,60.0,0.0034,50.0,58916.0,810.0
2021-01-05 09:45:05.720,0.0036,0.0036,70.0,0.0034,60.0,58916.0,810.0
2021-01-05 09:45:07.130,0.0036,0.0036,70.0,0.0034,50.0,58916.0,810.0
2021-01-05 09:45:07.651,0.0036,0.0036,70.0,0.0034,50.0,58916.0,810.0
2021-01-05 09:45:08.181,0.0036,0.0035,10.0,0.0034,50.0,58916.0,810.0
2021-01-05 09:45:09.111,0.0036,0.0036,70.0,0.0034,50.0,58916.0,810.0
2021-01-05 09:45:09.720,0.0036,0.0035,10.0,0.0034,50.0,58916.0,810.0
2021-01-05 09:45:10.200,0.0036,0.0036,70.0,0.0034,50.0,58916.0,810.0
2021-01-05 09:45:10.561,0.0036,0.0036,80.0,0.0034,50.0,58916.0,810.0
2021-01-05 09:45:11.720,0.0036,0.0036,80.0,0.0034,50.0,58916.0,810.0
2021-01-05 09:45:14.181,0.0036,0.0036,80.0,0.0034,50.0,58916.0,810.0
2021-01-05 09:45:15.721,0.0036,0.0036,70.0,0.0034,50.0,58916.0,810.0
2021-01-05 09:45:18.691,0.0036,0.0036,70.0,0.0034,50.0,58916.0,810.0
2021-01-05 09:45:20.221,0.0036,0.0036,70.0,0.0035,30.0,58916.0,810.0
2021-01-05 09:45:20.741,0.0036,0.0036,70.0,0.0035,65.0,58916.0,810.0
2021-01-05 09:45:21.191,0.0036,0.0036,70.0,0.0035,65.0,58916.0,810.0
2021-01-05 09:45:22.240,0.0036,0.0036,70.0,0.0035,65.0,58916.0,810.0
2021-01-05 09:45:22.710,0.0036,0.0036,80.0,0.0035,65.0,58916.0,810.0
2021-01-05 09:45:23.160,0.0036,0.0036,55.0,0.0035,65.0,58916.0,810.0
2021-01-05 09:45:23.671,0.0036,0.0036,70.0,0.0035,65.0,58916.0,810.0
2021-01-05 09:45:24.201,0.0036,0.0036,55.0,0.0035,65.0,58916.0,810.0
2021-01-05 09:45:24.701,0.0036,0.0036,40.0,0.0035,65.0,58916.0,810.0
2021-01-05 09:45:25.131,0.0036,0.0036,55.0,0.0035,65.0,58916.0,810.0
2021-01-05 09:45:25.690,0.0036,0.0036,55.0,0.0035,65.0,58916.0,810.0
2021-01-05 09:45:26.220,0.0036,0.0036,65.0,0.0035,65.0,58916.0,810.0
2021-01-05 09:45:27.211,0.0036,0.0036,55.0,0.0035,65.0,58916.0,810.0
2021-01-05 09:45:27.711,0.0036,0.0036,65.0,0.0035,65.0,58916.0,810.0
2021-01-05 09:45:28.700,0.0036,0.0036,55.0,0.0035,65.0,58916.0,810.0
2021-01-05 09:45:29.140,0.0036,0.0036,65.0,0.0035,65.0,58916.0,810.0
2021-01-05 09:45:29.711,0.0036,0.0036,45.0,0.0035,65.0,58916.0,830.0
2021-01-05 09:45:30.210,0.0036,0.0036,25.0,0.0035,65.0,58916.0,850.0
2021-01-05 09:45:30.700,0.0036,0.0036,80.0,0.0035,65.0,58916.0,855.0
2021-01-05 09:45:31.701,0.0036,0.0036,65.0,0.0035,65.0,58916.0,855.0
2021-01-05 09:45:32.151,0.0036,0.0036,80.0,0.0035,65.0,58916.0,855.0
2021-01-05 09:45:35.701,0.0036,0.0036,80.0,0.0035,65.0,58916.0,855.0
2021-01-05 09:45:36.730,0.0036,0.0036,65.0,0.0035,65.0,58916.0,855.0
2021-01-05 09:45:37.731,0.0035,0.0036,65.0,0.0035,30.0,58916.0,890.0
2021-01-05 09:45:38.711,0.0035,0.0035,5.0,0.0034,50.0,58936.0,920.0
2021-01-05 09:45:39.210,0.0035,0.0036,70.0,0.0034,30.0,58936.0,920.0
2021-01-05 09:45:39.700,0.0035,0.0035,15.0,0.0034,30.0,58936.0,920.0
2021-01-05 09:45:40.150,0.0035,0.0035,30.0,0.0034,30.0,58936.0,920.0
2021-01-05 09:45:41.220,0.0035,0.0035,15.0,0.0034,30.0,58936.0,920.0
2021-01-05 09:45:41.700,0.0035,0.0035,15.0,0.0034,50.0,58936.0,920.0
2021-01-05 09:45:42.221,0.0035,0.0035,30.0,0.0034,50.0,58936.0,920.0
2021-01-05 09:45:42.711,0.0035,0.0035,15.0,0.0034,50.0,58936.0,920.0
2021-01-05 09:45:43.220,0.0035,0.0035,30.0,0.0034,50.0,58936.0,920.0
2021-01-05 09:45:43.731,0.0035,0.0035,40.0,0.0034,50.0,58936.0,920.0
2021-01-05 09:45:44.201,0.0035,0.0035,30.0,0.0034,50.0,58936.0,920.0
2021-01-05 09:45:44.711,0.0035,0.0035,40.0,0.0034,50.0,58936.0,920.0
2021-01-05 09:45:46.680,0.0035,0.0035,15.0,0.0034,50.0,58936.0,920.0
2021-01-05 09:45:47.241,0.0035,0.0035,30.0,0.0034,50.0,58936.0,920.0
2021-01-05 09:45:47.731,0.0035,0.0035,25.0,0.0034,50.0,58936.0,920.0
2021-01-05 09:45:48.741,0.0035,0.0035,10.0,0.0034,50.0,58936.0,920.0
2021-01-05 09:45:49.751,0.0035,0.0035,10.0,0.0034,50.0,58936.0,920.0
2021-01-05 09:45:50.190,0.0035,0.0036,70.0,0.0034,50.0,58936.0,920.0
2021-01-05 09:45:50.691,0.0035,0.0035,10.0,0.0034,50.0,58936.0,920.0
2021-01-05 09:45:51.721,0.0035,0.0035,15.0,0.0034,50.0,58936.0,920.0
2021-01-05 09:45:52.251,0.0035,0.0035,45.0,0.0034,20.0,58936.0,920.0
2021-01-05 09:45:52.641,0.0035,0.0035,35.0,0.0034,20.0,58936.0,920.0
2021-01-05 09:45:53.211,0.0035,0.0035,35.0,0.0033,66.0,58936.0,920.0
2021-01-05 09:45:53.711,0.0035,0.0035,30.0,0.0033,76.0,58936.0,920.0
2021-01-05 09:45:54.191,0.0035,0.0035,30.0,0.0033,76.0,58936.0,920.0
2021-01-05 09:45:54.610,0.0035,0.0035,15.0,0.0033,76.0,58956.0,940.0
2021-01-05 09:45:56.631,0.0035,0.0035,15.0,0.0033,76.0,58956.0,940.0
2021-01-05 09:45:57.130,0.0035,0.0035,15.0,0.0033,76.0,58956.0,940.0
2021-01-05 09:45:57.230,0.0035,0.0035,15.0,0.0033,76.0,58956.0,940.0
2021-01-05 09:45:58.711,0.0035,0.0035,30.0,0.0033,61.0,58956.0,940.0
2021-01-05 09:45:59.710,0.0035,0.0035,15.0,0.0033,76.0,58956.0,940.0
2021-01-05 09:46:00.210,0.0035,0.0035,30.0,0.0033,61.0,58956.0,940.0
2021-01-05 09:46:00.730,0.0035,0.0035,25.0,0.0033,66.0,58956.0,940.0
2021-01-05 09:46:01.230,0.0035,0.0035,25.0,0.0033,76.0,58956.0,940.0
2021-01-05 09:46:01.710,0.0035,0.0035,40.0,0.0033,61.0,58956.0,940.0
2021-01-05 09:46:05.161,0.0035,0.0035,55.0,0.0033,61.0,58956.0,940.0
2021-01-05 09:46:05.691,0.0035,0.0035,40.0,0.0033,76.0,58956.0,940.0
2021-01-05 09:46:06.221,0.0035,0.0035,55.0,0.0033,61.0,58956.0,940.0
2021-01-05 09:46:06.690,0.0035,0.0035,50.0,0.0033,51.0,58956.0,940.0
2021-01-05 09:46:07.231,0.0035,0.0035,35.0,0.0033,66.0,58956.0,940.0
2021-01-05 09:46:08.730,0.0035,0.0035,50.0,0.0033,51.0,58956.0,940.0
2021-01-05 09:46:09.710,0.0035,0.0035,50.0,0.0033,51.0,58956.0,940.0
2021-01-05 09:46:10.230,0.0035,0.0035,50.0,0.0033,51.0,58956.0,940.0
2021-01-05 09:46:10.720,0.0035,0.0035,50.0,0.0033,51.0,58956.0,940.0
2021-01-05 09:46:11.721,0.0035,0.0035,50.0,0.0033,51.0,58956.0,940.0
2021-01-05 09:46:12.190,0.0035,0.0035,65.0,0.0033,51.0,58956.0,940.0
2021-01-05 09:46:14.230,0.0035,0.0035,65.0,0.0033,21.0,58956.0,940.0
2021-01-05 09:46:15.231,0.0035,0.0035,65.0,0.0033,21.0,58956.0,940.0
2021-01-05 09:46:16.201,0.0035,0.0035,65.0,0.0033,21.0,58956.0,940.0
2021-01-05 09:46:16.721,0.0035,0.0035,65.0,0.0033,21.0,58956.0,940.0
2021-01-05 09:46:17.221,0.0035,0.0034,30.0,0.0033,21.0,58956.0,940.0
2021-01-05 09:46:17.751,0.0035,0.0034,30.0,0.0033,21.0,58956.0,940.0
2021-01-05 09:46:18.180,0.0035,0.0034,30.0,0.0033,21.0,58956.0,940.0
2021-01-05 09:46:20.210,0.0035,0.0034,40.0,0.0033,21.0,58956.0,940.0
2021-01-05 09:46:20.731,0.0035,0.0034,30.0,0.0033,21.0,58956.0,940.0
2021-01-05 09:46:21.240,0.0035,0.0034,30.0,0.0033,21.0,58956.0,940.0
2021-01-05 09:46:21.611,0.0034,0.0035,45.0,0.0034,162.0,58956.0,970.0
2021-01-05 09:46:22.220,0.0034,0.0035,55.0,0.0034,302.0,58956.0,1000.0
2021-01-05 09:46:22.510,0.0034,0.0035,55.0,0.0034,292.0,58956.0,1030.0
2021-01-05 09:46:23.201,0.0034,0.0035,55.0,0.0034,262.0,58956.0,1060.0
2021-01-05 09:46:23.630,0.0034,0.0035,55.0,0.0034,232.0,58956.0,1090.0
2021-01-05 09:46:24.221,0.0034,0.0035,70.0,0.0034,232.0,58956.0,1090.0
2021-01-05 09:46:24.631,0.0034,0.0035,60.0,0.0034,232.0,58956.0,1090.0
2021-01-05 09:46:25.211,0.0034,0.0035,85.0,0.0034,232.0,58956.0,1090.0
2021-01-05 09:46:25.651,0.0034,0.0035,70.0,0.0034,232.0,58956.0,1090.0
2021-01-05 09:46:26.191,0.0034,0.0035,75.0,0.0034,232.0,58956.0,1090.0
2021-01-05 09:46:26.711,0.0035,0.0035,55.0,0.0034,232.0,58951.0,1109.0
2021-01-05 09:46:26.971,0.0035,0.0035,70.0,0.0034,232.0,58951.0,1109.0
2021-01-05 09:46:27.720,0.0035,0.0035,40.0,0.0034,232.0,58951.0,1109.0
2021-01-05 09:46:28.200,0.0035,0.0035,55.0,0.0034,232.0,58951.0,1109.0
2021-01-05 09:46:28.680,0.0035,0.0035,55.0,0.0034,232.0,58951.0,1109.0
2021-01-05 09:46:29.151,0.0035,0.0035,70.0,0.0034,232.0,58951.0,1109.0
2021-01-05 09:46:29.710,0.0035,0.0035,40.0,0.0034,232.0,58951.0,1109.0
2021-01-05 09:46:29.750,0.0035,0.0035,40.0,0.0034,232.0,58951.0,1109.0
2021-01-05 09:46:30.721,0.0035,0.0035,20.0,0.0034,232.0,58951.0,1129.0
2021-01-05 09:46:31.061,0.0035,0.0035,45.0,0.0034,232.0,58951.0,1129.0
2021-01-05 09:46:31.670,0.0035,0.0035,70.0,0.0034,232.0,58951.0,1129.0
2021-01-05 09:46:33.660,0.0035,0.0035,55.0,0.0034,232.0,58951.0,1129.0
2021-01-05 09:46:34.171,0.0035,0.0035,55.0,0.0034,232.0,58951.0,1129.0
2021-01-05 09:46:36.730,0.0035,0.0035,45.0,0.0034,232.0,58951.0,1129.0
2021-01-05 09:46:37.750,0.0035,0.0035,25.0,0.0034,232.0,58951.0,1129.0
2021-01-05 09:46:38.741,0.0035,0.0035,25.0,0.0034,262.0,58951.0,1129.0
2021-01-05 09:46:39.730,0.0035,0.0035,10.0,0.0034,242.0,58951.0,1129.0
2021-01-05 09:46:40.230,0.0035,0.0035,10.0,0.0034,242.0,58951.0,1129.0
2021-01-05 09:46:41.250,0.0035,0.0035,10.0,0.0034,242.0,58951.0,1129.0
2021-01-05 09:46:41.661,0.0035,0.0035,10.0,0.0034,242.0,58951.0,1129.0
2021-01-05 09:46:42.230,0.0035,0.0035,10.0,0.0034,242.0,58951.0,1129.0
2021-01-05 09:46:42.741,0.0035,0.0035,10.0,0.0034,242.0,58951.0,1129.0
2021-01-05 09:46:45.711,0.0035,0.0035,9.0,0.0034,242.0,58952.0,1130.0
2021-01-05 09:46:46.251,0.0035,0.0036,70.0,0.0034,242.0,58952.0,1130.0
2021-01-05 09:46:46.671,0.0035,0.0035,10.0,0.0034,242.0,58952.0,1130.0
2021-01-05 09:46:47.230,0.0035,0.0035,10.0,0.0034,242.0,58952.0,1130.0
2021-01-05 09:46:47.701,0.0035,0.0035,25.0,0.0034,242.0,58952.0,1130.0
2021-01-05 09:46:48.081,0.0035,0.0035,10.0,0.0034,242.0,58952.0,1130.0
2021-01-05 09:46:48.761,0.0035,0.0035,10.0,0.0034,242.0,58952.0,1130.0
