,last,ask1,asize1,bid1,bsize1,oi,volume
2021-01-05 09:25:00.080,,0.0039,1.0,0.0034,1.0,33577.0,
2021-01-05 09:30:00.451,,0.0039,21.0,0.0032,6.0,33577.0,
2021-01-05 09:30:00.991,,0.0043,25.0,0.0032,6.0,33577.0,
2021-01-05 09:30:01.481,,0.0038,10.0,0.0032,16.0,33577.0,
2021-01-05 09:30:01.990,,0.0038,20.0,0.0034,10.0,33577.0,
2021-01-05 09:30:02.501,,0.0037,10.0,0.0032,16.0,33577.0,
2021-01-05 09:30:03.010,,0.0037,20.0,0.0033,10.0,33577.0,
2021-01-05 09:30:03.471,,0.0038,30.0,0.0032,36.0,33577.0,
2021-01-05 09:30:03.980,,0.0037,10.0,0.0032,36.0,33577.0,
2021-01-05 09:30:04.430,,0.0037,30.0,0.0032,16.0,33577.0,
2021-01-05 09:30:05.010,,0.0037,30.0,0.0032,6.0,33577.0,
2021-01-05 09:30:05.990,,0.0037,10.0,0.0032,6.0,33577.0,
2021-01-05 09:30:06.480,,0.0038,20.0,0.0032,6.0,33577.0,
2021-01-05 09:30:06.971,,0.0037,30.0,0.0032,6.0,33577.0,
2021-01-05 09:30:07.471,,0.0037,20.0,0.0032,6.0,33577.0,
2021-01-05 09:30:08.001,,0.0037,10.0,0.0032,6.0,33577.0,
2021-01-05 09:30:08.520,,0.0037,20.0,0.0032,6.0,33577.0,
2021-01-05 09:30:08.960,,0.0037,10.0,0.0032,6.0,33577.0,
2021-01-05 09:30:09.490,,0.0037,30.0,0.0032,6.0,33577.0,
2021-01-05 09:30:11.980,,0.0036,10.0,0.0032,6.0,33577.0,
2021-01-05 09:30:12.521,,0.0036,30.0,0.0032,6.0,33577.0,
2021-01-05 09:30:13.501,,0.0036,20.0,0.0032,6.0,33577.0,
2021-01-05 09:30:13.941,,0.0036,10.0,0.0032,6.0,33577.0,
2021-01-05 09:30:14.521,,0.0036,30.0,0.0032,6.0,33577.0,
2021-01-05 09:30:17.641,,0.0036,20.0,0.0032,6.0,33577.0,
2021-01-05 09:30:18.231,,0.0036,10.0,0.0032,6.0,33577.0,
2021-01-05 09:30:18.750,,0.0037,20.0,0.0032,6.0,33577.0,
2021-01-05 09:30:19.251,,0.0037,10.0,0.0032,6.0,33577.0,
2021-01-05 09:30:20.240,,0.0037,30.0,0.0032,6.0,33577.0,
2021-01-05 09:30:20.740,,0.0037,20.0,0.0032,6.0,33577.0,
2021-01-05 09:30:21.241,,0.0037,10.0,0.0032,6.0,33577.0,
2021-01-05 09:30:21.741,,0.0037,10.0,0.0032,6.0,33577.0,
2021-01-05 09:30:22.240,,0.0037,10.0,0.0032,6.0,33577.0,
2021-01-05 09:30:22.671,,0.0037,30.0,0.0032,6.0,33577.0,
2021-01-05 09:30:23.670,,0.0036,10.0,0.0032,6.0,33577.0,
2021-01-05 09:30:24.661,,0.0036,30.0,0.0032,6.0,33577.0,
2021-01-05 09:30:25.160,,0.0035,15.0,0.0032,6.0,33577.0,
2021-01-05 09:30:25.671,,0.0035,35.0,0.0032,6.0,33577.0,
2021-01-05 09:30:26.171,,0.0034,15.0,0.0032,6.0,33577.0,
2021-01-05 09:30:26.670,,0.0034,15.0,0.0032,6.0,33577.0,
2021-01-05 09:30:27.170,,0.0034,35.0,0.0032,6.0,33577.0,
2021-01-05 09:30:27.671,,0.0034,35.0,0.0032,6.0,33577.0,
2021-01-05 09:30:28.161,,0.0034,35.0,0.0032,6.0,33577.0,
2021-01-05 09:30:28.670,,0.0034,35.0,0.0032,6.0,33577.0,
2021-01-05 09:30:29.650,,0.0034,35.0,0.0032,6.0,33577.0,
2021-01-05 09:30:30.171,,0.0034,20.0,0.0032,6.0,33577.0,
2021-01-05 09:30:30.620,,0.0035,15.0,0.0032,6.0,33577.0,
2021-01-05 09:30:31.121,,0.0035,35.0,0.0032,6.0,33577.0,
2021-01-05 09:30:32.140,,0.0035,35.0,0.0032,6.0,33577.0,
2021-01-05 09:30:32.631,,0.0035,20.0,0.0032,21.0,33577.0,
2021-01-05 09:30:33.171,,0.0035,15.0,0.0032,6.0,33577.0,
2021-01-05 09:30:33.671,,0.0035,35.0,0.0032,6.0,33577.0,
2021-01-05 09:30:34.670,,0.0035,45.0,0.0032,6.0,33577.0,
2021-01-05 09:30:35.121,,0.0035,45.0,0.0032,6.0,33577.0,
2021-01-05 09:30:35.680,,0.0035,30.0,0.0032,21.0,33577.0,
2021-01-05 09:30:36.170,,0.0035,40.0,0.0032,21.0,33577.0,
2021-01-05 09:30:36.691,,0.0035,30.0,0.0032,21.0,33577.0,
2021-01-05 09:30:37.171,,0.0035,40.0,0.0032,21.0,33577.0,
2021-01-05 09:30:37.670,,0.0035,40.0,0.0032,6.0,33577.0,
2021-01-05 09:30:38.141,,0.0035,55.0,0.0032,6.0,33577.0,
2021-01-05 09:30:38.700,,0.0035,30.0,0.0032,6.0,33577.0,
2021-01-05 09:30:39.201,,0.0035,30.0,0.0032,21.0,33577.0,
2021-01-05 09:30:39.680,,0.0035,40.0,0.0032,6.0,33577.0,
2021-01-05 09:30:40.170,,0.0035,30.0,0.0032,21.0,33577.0,
2021-01-05 09:30:40.690,,0.0035,30.0,0.0032,6.0,33577.0,
2021-01-05 09:30:40.990,,0.0035,30.0,0.0032,21.0,33577.0,
2021-01-05 09:30:41.701,,0.0035,30.0,0.0032,6.0,33577.0,
2021-01-05 09:30:42.181,,0.0035,45.0,0.0032,6.0,33577.0,
2021-01-05 09:30:43.681,,0.0035,30.0,0.0032,6.0,33577.0,
2021-01-05 09:30:44.181,,0.0033,20.0,0.0032,21.0,33577.0,
2021-01-05 09:30:44.650,,0.0033,20.0,0.0032,21.0,33577.0,
2021-01-05 09:30:45.161,,0.0033,20.0,0.0032,21.0,33577.0,
2021-01-05 09:30:46.200,,0.0033,20.0,0.0032,6.0,33577.0,
2021-01-05 09:30:46.671,,0.0033,20.0,0.0032,6.0,33577.0,
2021-01-05 09:30:47.691,,0.0033,20.0,0.0032,6.0,33577.0,
2021-01-05 09:30:48.711,,0.0033,20.0,0.0032,6.0,33577.0,
2021-01-05 09:30:49.210,,0.0033,20.0,0.0032,6.0,33577.0,
2021-01-05 09:30:51.721,,0.0033,20.0,0.0032,6.0,33577.0,
2021-01-05 09:30:52.221,,0.0033,20.0,0.0032,6.0,33577.0,
2021-01-05 09:30:55.081,,0.0033,20.0,0.0032,6.0,33577.0,
2021-01-05 09:30:56.170,,0.0033,20.0,0.0032,6.0,33577.0,
2021-01-05 09:30:56.660,,0.0033,20.0,0.0032,6.0,33577.0,
2021-01-05 09:30:58.091,,0.0033,20.0,0.0032,6.0,33577.0,
2021-01-05 09:30:59.171,,0.0033,20.0,0.0032,6.0,33577.0,
2021-01-05 09:30:59.640,,0.0033,50.0,0.0032,6.0,33577.0,
2021-01-05 09:31:00.161,,0.0033,50.0,0.0032,6.0,33577.0,
2021-01-05 09:31:00.681,,0.0033,50.0,0.0032,6.0,33577.0,
2021-01-05 09:31:01.140,,0.0033,50.0,0.0032,6.0,33577.0,
2021-01-05 09:31:01.680,,0.0033,50.0,0.0032,6.0,33577.0,
2021-01-05 09:31:02.170,,0.0033,50.0,0.0032,6.0,33577.0,
2021-01-05 09:31:02.681,,0.0033,50.0,0.0032,6.0,33577.0,
2021-01-05 09:31:03.680,,0.0033,50.0,0.0032,6.0,33577.0,
2021-01-05 09:31:04.181,,0.0033,50.0,0.0032,21.0,33577.0,
2021-01-05 09:31:04.671,,0.0033,50.0,0.0032,6.0,33577.0,
2021-01-05 09:31:05.190,,0.0033,50.0,0.0032,6.0,33577.0,
2021-01-05 09:31:05.670,,0.0033,50.0,0.0032,6.0,33577.0,
2021-01-05 09:31:06.160,,0.0033,50.0,0.0032,6.0,33577.0,
2021-01-05 09:31:06.681,,0.0033,20.0,0.0032,36.0,33577.0,
2021-01-05 09:31:07.190,,0.0033,20.0,0.0032,36.0,33577.0,
2021-01-05 09:31:08.200,,0.0033,20.0,0.0032,6.0,33577.0,
2021-01-05 09:31:08.650,,0.0033,20.0,0.0032,36.0,33577.0,
2021-01-05 09:31:09.051,,0.0033,20.0,0.0032,36.0,33577.0,
2021-01-05 09:31:10.200,,0.0033,20.0,0.0032,36.0,33577.0,
2021-01-05 09:31:11.701,,0.0033,20.0,0.0032,36.0,33577.0,
2021-01-05 09:31:12.621,,0.0033,20.0,0.0032,6.0,33577.0,
2021-01-05 09:31:13.170,,0.0033,35.0,0.0032,36.0,33577.0,
2021-01-05 09:31:14.690,,0.0033,20.0,0.0032,36.0,33577.0,
2021-01-05 09:31:15.110,,0.0033,20.0,0.0032,6.0,33577.0,
2021-01-05 09:31:16.180,,0.0033,20.0,0.0032,6.0,33577.0,
2021-01-05 09:31:17.201,,0.0033,20.0,0.0032,26.0,33577.0,
2021-01-05 09:31:17.650,,0.0033,20.0,0.0032,26.0,33577.0,
2021-01-05 09:31:18.720,,0.0033,20.0,0.0032,26.0,33577.0,
2021-01-05 09:31:19.150,,0.0033,20.0,0.0032,56.0,33577.0,
2021-01-05 09:31:20.171,,0.0033,20.0,0.0032,36.0,33577.0,
2021-01-05 09:31:20.701,,0.0033,20.0,0.0032,36.0,33577.0,
2021-01-05 09:31:21.221,,0.0033,50.0,0.0032,6.0,33577.0,
2021-01-05 09:31:21.671,,0.0033,50.0,0.0032,6.0,33577.0,
2021-01-05 09:31:22.211,,0.0033,65.0,0.0032,6.0,33577.0,
2021-01-05 09:31:22.620,,0.0033,50.0,0.0032,6.0,33577.0,
2021-01-05 09:31:23.171,,0.0033,65.0,0.0032,6.0,33577.0,
2021-01-05 09:31:23.640,,0.0033,65.0,0.0032,6.0,33577.0,
2021-01-05 09:31:24.161,,0.0033,65.0,0.0032,6.0,33577.0,
2021-01-05 09:31:25.131,,0.0033,50.0,0.0032,6.0,33577.0,
2021-01-05 09:31:25.640,,0.0033,50.0,0.0032,6.0,33577.0,
2021-01-05 09:31:25.911,,0.0033,65.0,0.0032,6.0,33577.0,
2021-01-05 09:31:26.681,,0.0033,65.0,0.0032,6.0,33577.0,
2021-01-05 09:31:27.060,,0.0033,50.0,0.0032,6.0,33577.0,
2021-01-05 09:31:27.590,,0.0033,65.0,0.0032,6.0,33577.0,
2021-01-05 09:31:28.101,,0.0033,65.0,0.0032,6.0,33577.0,
2021-01-05 09:31:28.610,,0.0033,65.0,0.0032,6.0,33577.0,
2021-01-05 09:31:30.170,,0.0033,65.0,0.0032,6.0,33577.0,
2021-01-05 09:31:31.150,,0.0033,65.0,0.0032,26.0,33577.0,
2021-01-05 09:31:31.661,0.0032,0.0033,65.0,0.0032,25.0,33578.0,1.0
2021-01-05 09:31:32.191,0.0032,0.0033,65.0,0.0032,25.0,33578.0,1.0
2021-01-05 09:31:33.190,0.0032,0.0033,65.0,0.0032,25.0,33578.0,1.0
2021-01-05 09:31:33.680,0.0032,0.0033,50.0,0.0032,25.0,33578.0,1.0
2021-01-05 09:31:34.181,0.0032,0.0033,50.0,0.0032,23.0,33580.0,3.0
2021-01-05 09:31:34.681,0.0032,0.0033,50.0,0.0032,23.0,33580.0,3.0
2021-01-05 09:31:35.190,0.0032,0.0033,50.0,0.0032,23.0,33580.0,3.0
2021-01-05 09:31:35.670,0.0032,0.0033,50.0,0.0032,23.0,33580.0,3.0
2021-01-05 09:31:36.181,0.0032,0.0033,65.0,0.0032,23.0,33580.0,3.0
2021-01-05 09:31:37.191,0.0032,0.0033,65.0,0.0032,23.0,33580.0,3.0
2021-01-05 09:31:37.681,0.0032,0.0033,50.0,0.0032,23.0,33580.0,3.0
2021-01-05 09:31:38.190,0.0032,0.0033,50.0,0.0032,23.0,33580.0,3.0
2021-01-05 09:31:39.210,0.0032,0.0033,65.0,0.0032,3.0,33580.0,3.0
2021-01-05 09:31:39.710,0.0032,0.0033,65.0,0.0032,3.0,33580.0,3.0
2021-01-05 09:31:40.711,0.0032,0.0033,20.0,0.0032,3.0,33580.0,3.0
2021-01-05 09:31:41.191,0.0032,0.0033,20.0,0.0032,3.0,33580.0,3.0
2021-01-05 09:31:41.700,0.0032,0.0033,20.0,0.0032,23.0,33580.0,3.0
2021-01-05 09:31:42.211,0.0032,0.0033,20.0,0.0032,3.0,33580.0,3.0
2021-01-05 09:31:42.711,0.0032,0.0033,35.0,0.0032,3.0,33580.0,3.0
2021-01-05 09:31:43.191,0.0032,0.0033,35.0,0.0032,23.0,33580.0,3.0
2021-01-05 09:31:43.710,0.0032,0.0033,65.0,0.0032,23.0,33580.0,3.0
2021-01-05 09:31:44.190,0.0032,0.0033,65.0,0.0032,23.0,33580.0,3.0
2021-01-05 09:31:44.691,0.0032,0.0032,27.0,0.0031,60.0,33603.0,26.0
2021-01-05 09:31:45.170,0.0032,0.0032,27.0,0.0031,60.0,33603.0,26.0
2021-01-05 09:31:45.700,0.0032,0.0032,27.0,0.0031,60.0,33603.0,26.0
2021-01-05 09:31:46.171,0.0032,0.0032,27.0,0.0031,60.0,33603.0,26.0
2021-01-05 09:31:46.701,0.0032,0.0032,27.0,0.0031,60.0,33603.0,26.0
2021-01-05 09:31:47.191,0.0032,0.0032,27.0,0.0031,80.0,33603.0,26.0
2021-01-05 09:31:47.711,0.0032,0.0032,27.0,0.0031,80.0,33603.0,26.0
2021-01-05 09:31:48.211,0.0032,0.0032,27.0,0.0031,80.0,33603.0,26.0
2021-01-05 09:31:48.691,0.0032,0.0032,27.0,0.0031,80.0,33603.0,26.0
2021-01-05 09:31:49.221,0.0032,0.0032,7.0,0.0031,80.0,33623.0,46.0
2021-01-05 09:31:49.711,0.0032,0.0032,7.0,0.0031,80.0,33623.0,46.0
2021-01-05 09:31:50.191,0.0032,0.0032,7.0,0.0031,80.0,33623.0,46.0
2021-01-05 09:31:50.710,0.0032,0.0032,7.0,0.0031,80.0,33623.0,46.0
2021-01-05 09:31:51.210,0.0032,0.0033,20.0,0.0031,80.0,33630.0,53.0
2021-01-05 09:31:51.701,0.0032,0.0033,20.0,0.0031,80.0,33630.0,53.0
2021-01-05 09:31:52.191,0.0032,0.0032,20.0,0.0031,80.0,33630.0,53.0
2021-01-05 09:31:52.621,0.0032,0.0032,19.0,0.0031,80.0,33629.0,54.0
2021-01-05 09:31:53.171,0.0032,0.0032,19.0,0.0031,80.0,33629.0,54.0
2021-01-05 09:31:53.640,0.0032,0.0034,30.0,0.0031,80.0,33629.0,73.0
2021-01-05 09:31:54.151,0.0032,0.0032,20.0,0.0031,80.0,33629.0,73.0
2021-01-05 09:31:54.641,0.0032,0.0032,18.0,0.0031,80.0,33627.0,75.0
2021-01-05 09:31:55.670,0.0032,0.0034,45.0,0.0031,80.0,33627.0,93.0
2021-01-05 09:31:56.110,0.0032,0.0032,19.0,0.0031,80.0,33627.0,94.0
2021-01-05 09:31:56.681,0.0032,0.0032,18.0,0.0031,80.0,33627.0,95.0
2021-01-05 09:31:57.171,0.0032,0.0032,18.0,0.0031,80.0,33627.0,95.0
2021-01-05 09:31:57.651,0.0032,0.0032,17.0,0.0031,80.0,33627.0,96.0
2021-01-05 09:31:58.171,0.0032,0.0033,15.0,0.0031,80.0,33644.0,113.0
2021-01-05 09:31:59.180,0.0032,0.0032,20.0,0.0031,80.0,33644.0,113.0
2021-01-05 09:31:59.660,0.0032,0.0032,20.0,0.0031,80.0,33644.0,113.0
2021-01-05 09:32:00.150,0.0032,0.0032,20.0,0.0031,80.0,33644.0,113.0
2021-01-05 09:32:02.671,0.0032,0.0032,20.0,0.0031,50.0,33644.0,113.0
2021-01-05 09:32:03.180,0.0032,0.0032,20.0,0.0031,50.0,33644.0,113.0
2021-01-05 09:32:03.641,0.0032,0.0032,20.0,0.0031,50.0,33644.0,113.0
2021-01-05 09:32:05.130,0.0032,0.0032,20.0,0.0031,80.0,33644.0,113.0
2021-01-05 09:32:06.161,0.0032,0.0032,20.0,0.0031,80.0,33644.0,113.0
2021-01-05 09:32:06.680,0.0032,0.0032,20.0,0.0031,95.0,33644.0,113.0
2021-01-05 09:32:07.070,0.0032,0.0032,20.0,0.0031,65.0,33644.0,113.0
2021-01-05 09:32:07.671,0.0032,0.0032,20.0,0.0031,50.0,33644.0,113.0
2021-01-05 09:32:08.670,0.0032,0.0032,20.0,0.0031,80.0,33644.0,113.0
2021-01-05 09:32:09.141,0.0032,0.0032,20.0,0.0031,80.0,33644.0,113.0
2021-01-05 09:32:09.681,0.0032,0.0032,20.0,0.0031,80.0,33644.0,113.0
2021-01-05 09:32:10.161,0.0032,0.0032,19.0,0.0031,80.0,33644.0,114.0
2021-01-05 09:32:11.170,0.0032,0.0032,19.0,0.0031,80.0,33644.0,114.0
2021-01-05 09:32:12.161,0.0032,0.0032,19.0,0.0031,50.0,33644.0,114.0
2021-01-05 09:32:14.660,0.0032,0.0032,19.0,0.0031,50.0,33644.0,114.0
2021-01-05 09:32:16.551,0.0032,0.0032,19.0,0.0031,50.0,33644.0,114.0
2021-01-05 09:32:17.651,0.0032,0.0032,19.0,0.0031,50.0,33644.0,114.0
2021-01-05 09:32:18.130,0.0032,0.0032,19.0,0.0031,63.0,33644.0,114.0
2021-01-05 09:32:18.670,0.0031,0.0032,6.0,0.0031,20.0,33657.0,157.0
2021-01-05 09:32:19.131,0.003,0.0033,50.0,0.0032,6.0,33663.0,185.0
2021-01-05 09:32:19.640,0.003,0.0033,50.0,0.0032,33.0,33663.0,185.0
2021-01-05 09:32:20.671,0.003,0.0033,50.0,0.0032,33.0,33663.0,185.0
2021-01-05 09:32:21.171,0.003,0.0033,50.0,0.0032,33.0,33663.0,185.0
2021-01-05 09:32:21.680,0.0032,0.0033,20.0,0.0032,3.0,33693.0,215.0
2021-01-05 09:32:22.181,0.0032,0.0033,50.0,0.0031,13.0,33693.0,215.0
2021-01-05 09:32:22.660,0.0032,0.0033,50.0,0.0031,13.0,33693.0,215.0
2021-01-05 09:32:24.160,0.0032,0.0033,50.0,0.0031,33.0,33693.0,215.0
2021-01-05 09:32:24.640,0.0032,0.0033,50.0,0.0031,63.0,33693.0,215.0
2021-01-05 09:32:25.170,0.0033,0.0033,35.0,0.0031,63.0,33708.0,230.0
2021-01-05 09:32:25.670,0.0033,0.0033,35.0,0.0031,78.0,33708.0,230.0
2021-01-05 09:32:26.171,0.0033,0.0033,21.0,0.0031,78.0,33722.0,244.0
2021-01-05 09:32:26.650,0.0032,0.0032,7.0,0.0031,65.0,33735.0,257.0
2021-01-05 09:32:26.840,0.0032,0.0033,21.0,0.0031,65.0,33762.0,284.0
2021-01-05 09:32:27.641,0.0032,0.0032,20.0,0.0031,78.0,33762.0,284.0
2021-01-05 09:32:28.171,0.0032,0.0032,1.0,0.0031,78.0,33781.0,303.0
2021-01-05 09:32:28.630,0.0032,0.0032,1.0,0.0031,78.0,33781.0,303.0
2021-01-05 09:32:29.650,0.0032,0.0033,21.0,0.0031,78.0,33782.0,304.0
2021-01-05 09:32:30.171,0.0032,0.0032,20.0,0.0031,78.0,33782.0,304.0
2021-01-05 09:32:30.671,0.0032,0.0032,20.0,0.0031,78.0,33782.0,304.0
2021-01-05 09:32:31.691,0.0032,0.0032,20.0,0.0031,78.0,33782.0,304.0
2021-01-05 09:32:32.690,0.0032,0.0032,20.0,0.0031,78.0,33782.0,304.0
2021-01-05 09:32:34.171,0.0032,0.0032,18.0,0.0031,78.0,33784.0,306.0
2021-01-05 09:32:34.691,0.0032,0.0032,18.0,0.0031,63.0,33784.0,306.0
2021-01-05 09:32:35.170,0.0032,0.0032,18.0,0.0031,63.0,33784.0,306.0
2021-01-05 09:32:36.190,0.0032,0.0032,18.0,0.0031,63.0,33784.0,306.0
2021-01-05 09:32:39.200,0.0032,0.0032,18.0,0.0031,78.0,33784.0,306.0
2021-01-05 09:32:40.151,0.0032,0.0032,16.0,0.0031,78.0,33784.0,308.0
2021-01-05 09:32:41.690,0.0032,0.0032,16.0,0.0031,63.0,33784.0,308.0
2021-01-05 09:32:42.161,0.0032,0.0032,16.0,0.0031,63.0,33784.0,308.0
2021-01-05 09:32:42.700,0.0032,0.0033,30.0,0.0031,63.0,33800.0,324.0
2021-01-05 09:32:43.121,0.0032,0.0033,50.0,0.0031,78.0,33800.0,324.0
2021-01-05 09:32:43.580,0.0032,0.0033,30.0,0.0031,63.0,33800.0,324.0
2021-01-05 09:32:44.151,0.0032,0.0033,30.0,0.0031,78.0,33800.0,324.0
2021-01-05 09:32:44.700,0.0032,0.0033,43.0,0.0031,50.0,33800.0,324.0
2021-01-05 09:32:45.580,0.0032,0.0033,30.0,0.0031,78.0,33800.0,324.0
2021-01-05 09:32:46.160,0.0032,0.0033,30.0,0.0031,78.0,33800.0,324.0
2021-01-05 09:32:47.701,0.0032,0.0033,30.0,0.0031,78.0,33800.0,324.0
2021-01-05 09:32:48.181,0.0032,0.0033,30.0,0.0032,13.0,33800.0,324.0
2021-01-05 09:32:48.350,0.0032,0.0033,30.0,0.0031,78.0,33800.0,324.0
2021-01-05 09:32:49.190,0.0032,0.0033,30.0,0.0031,78.0,33800.0,324.0
2021-01-05 09:32:49.670,0.0032,0.0034,30.0,0.0032,13.0,33800.0,324.0
2021-01-05 09:32:50.171,0.0032,0.0034,30.0,0.0032,78.0,33800.0,324.0
2021-01-05 09:32:50.650,0.0032,0.0033,30.0,0.0032,13.0,33800.0,324.0
2021-01-05 09:32:51.170,0.0032,0.0034,30.0,0.0031,50.0,33800.0,324.0
2021-01-05 09:32:51.701,0.0032,0.0034,43.0,0.0032,20.0,33800.0,324.0
2021-01-05 09:32:52.141,0.0032,0.0034,43.0,0.0031,78.0,33800.0,324.0
2021-01-05 09:32:52.671,0.0032,0.0034,43.0,0.0031,78.0,33800.0,324.0
2021-01-05 09:32:53.641,0.0032,0.0034,43.0,0.0031,78.0,33800.0,324.0
2021-01-05 09:32:54.181,0.0032,0.0033,43.0,0.0031,65.0,33800.0,324.0
2021-01-05 09:32:55.161,0.0032,0.0033,30.0,0.0031,63.0,33800.0,324.0
2021-01-05 09:32:55.670,0.0032,0.0034,58.0,0.0031,63.0,33800.0,324.0
2021-01-05 09:32:55.950,0.0032,0.0034,43.0,0.0031,78.0,33800.0,324.0
2021-01-05 09:32:56.611,0.0032,0.0034,30.0,0.0032,43.0,33800.0,324.0
2021-01-05 09:32:57.151,0.0032,0.0034,43.0,0.0032,50.0,33800.0,324.0
2021-01-05 09:32:57.600,0.0032,0.0034,43.0,0.0032,20.0,33800.0,324.0
2021-01-05 09:32:58.171,0.0032,0.0034,43.0,0.0031,78.0,33800.0,324.0
2021-01-05 09:32:58.651,0.0032,0.0034,43.0,0.0031,78.0,33800.0,324.0
2021-01-05 09:32:59.131,0.0032,0.0034,43.0,0.0031,78.0,33800.0,324.0
2021-01-05 09:32:59.621,0.0032,0.0034,43.0,0.0031,78.0,33800.0,324.0
2021-01-05 09:33:00.180,0.0032,0.0034,30.0,0.0032,13.0,33800.0,324.0
2021-01-05 09:33:00.651,0.0032,0.0034,30.0,0.0032,33.0,33800.0,324.0
2021-01-05 09:33:01.141,0.0032,0.0034,43.0,0.0032,20.0,33800.0,324.0
2021-01-05 09:33:01.661,0.0032,0.0033,30.0,0.0031,78.0,33800.0,324.0
2021-01-05 09:33:02.130,0.0032,0.0033,30.0,0.0031,78.0,33800.0,324.0
2021-01-05 09:33:02.651,0.0032,0.0033,30.0,0.0031,63.0,33800.0,324.0
2021-01-05 09:33:03.171,0.0032,0.0033,30.0,0.0031,78.0,33800.0,324.0
2021-01-05 09:33:04.140,0.0032,0.0033,30.0,0.0031,78.0,33800.0,324.0
2021-01-05 09:33:05.690,0.0032,0.0033,30.0,0.0031,78.0,33800.0,324.0
2021-01-05 09:33:06.170,0.0032,0.0033,30.0,0.0031,63.0,33800.0,324.0
2021-01-05 09:33:07.171,0.0032,0.0033,30.0,0.0031,20.0,33800.0,324.0
2021-01-05 09:33:07.601,0.0032,0.0033,30.0,0.0031,63.0,33800.0,324.0
2021-01-05 09:33:08.191,0.0032,0.0033,30.0,0.0031,78.0,33800.0,324.0
2021-01-05 09:33:08.681,0.0032,0.0033,30.0,0.0031,63.0,33800.0,324.0
2021-01-05 09:33:09.181,0.0033,0.0033,29.0,0.0031,63.0,33801.0,325.0
2021-01-05 09:33:09.611,0.0033,0.0033,29.0,0.0031,78.0,33801.0,325.0
2021-01-05 09:33:10.681,0.0033,0.0033,29.0,0.0031,78.0,33801.0,325.0
2021-01-05 09:33:11.180,0.0033,0.0033,29.0,0.0031,78.0,33801.0,325.0
2021-01-05 09:33:13.100,0.0033,0.0033,29.0,0.0031,78.0,33801.0,325.0
2021-01-05 09:33:14.650,0.0033,0.0033,29.0,0.0031,78.0,33801.0,325.0
2021-01-05 09:33:15.140,0.0033,0.0033,29.0,0.0031,78.0,33801.0,325.0
2021-01-05 09:33:15.651,0.0033,0.0033,29.0,0.0031,63.0,33801.0,325.0
2021-01-05 09:33:16.181,0.0033,0.0033,29.0,0.0031,78.0,33801.0,325.0
2021-01-05 09:33:16.671,0.0033,0.0033,29.0,0.0031,63.0,33801.0,325.0
2021-01-05 09:33:17.190,0.0033,0.0033,42.0,0.0031,65.0,33801.0,325.0
2021-01-05 09:33:17.691,0.0033,0.0033,42.0,0.0031,50.0,33801.0,325.0
2021-01-05 09:33:18.160,0.0033,0.0033,42.0,0.0031,65.0,33801.0,325.0
2021-01-05 09:33:18.680,0.0033,0.0033,42.0,0.0031,50.0,33801.0,325.0
2021-01-05 09:33:19.191,0.0033,0.0033,42.0,0.0031,50.0,33801.0,325.0
2021-01-05 09:33:19.660,0.0033,0.0033,42.0,0.0031,50.0,33801.0,325.0
2021-01-05 09:33:21.681,0.0033,0.0033,42.0,0.0031,50.0,33801.0,325.0
2021-01-05 09:33:22.150,0.0033,0.0033,42.0,0.0031,50.0,33801.0,325.0
2021-01-05 09:33:22.670,0.0033,0.0033,42.0,0.0031,50.0,33801.0,325.0
2021-01-05 09:33:24.661,0.0033,0.0033,42.0,0.0032,10.0,33801.0,325.0
2021-01-05 09:33:25.151,0.0033,0.0033,42.0,0.0032,10.0,33801.0,325.0
2021-01-05 09:33:25.671,0.0033,0.0033,42.0,0.0032,10.0,33801.0,325.0
2021-01-05 09:33:26.161,0.0033,0.0033,42.0,0.0032,10.0,33801.0,325.0
2021-01-05 09:33:26.651,0.0032,0.0032,20.0,0.0031,65.0,33811.0,335.0
2021-01-05 09:33:27.171,0.0032,0.0032,20.0,0.0031,45.0,33811.0,335.0
2021-01-05 09:33:27.681,0.0032,0.0032,20.0,0.0031,50.0,33811.0,335.0
2021-01-05 09:33:28.670,0.0032,0.0032,20.0,0.0031,30.0,33811.0,335.0
2021-01-05 09:33:29.171,0.0032,0.0032,20.0,0.0031,30.0,33811.0,335.0
2021-01-05 09:33:29.681,0.0032,0.0032,20.0,0.0031,50.0,33811.0,335.0
2021-01-05 09:33:30.180,0.0032,0.0032,20.0,0.0031,30.0,33811.0,335.0
2021-01-05 09:33:30.670,0.0032,0.0032,20.0,0.0031,50.0,33811.0,335.0
2021-01-05 09:33:31.181,0.0031,0.0032,20.0,0.0031,27.0,33788.0,358.0
2021-01-05 09:33:33.680,0.0031,0.0032,20.0,0.0031,27.0,33788.0,358.0
2021-01-05 09:33:36.681,0.0031,0.0032,20.0,0.0031,7.0,33788.0,358.0
2021-01-05 09:33:37.640,0.0031,0.0032,20.0,0.0031,20.0,33788.0,358.0
2021-01-05 09:33:38.110,0.0031,0.0032,20.0,0.003,246.0,33788.0,358.0
2021-01-05 09:33:38.571,0.0031,0.0032,20.0,0.0031,10.0,33788.0,358.0
2021-01-05 09:33:39.201,0.0031,0.0032,20.0,0.0031,10.0,33788.0,358.0
2021-01-05 09:33:39.641,0.0031,0.0032,20.0,0.0031,60.0,33788.0,358.0
2021-01-05 09:33:40.160,0.0031,0.0032,20.0,0.0031,68.0,33788.0,358.0
2021-01-05 09:33:40.690,0.0031,0.0032,20.0,0.0031,88.0,33788.0,358.0
2021-01-05 09:33:41.171,0.0031,0.0032,20.0,0.0031,73.0,33788.0,358.0
2021-01-05 09:33:41.691,0.0031,0.0032,20.0,0.0031,60.0,33788.0,358.0
2021-01-05 09:33:42.160,0.0031,0.0032,20.0,0.0031,60.0,33788.0,358.0
2021-01-05 09:33:42.640,0.0031,0.0032,20.0,0.0031,88.0,33788.0,358.0
2021-01-05 09:33:43.180,0.0031,0.0032,20.0,0.0031,73.0,33788.0,358.0
2021-01-05 09:33:43.681,0.0031,0.0032,20.0,0.0031,75.0,33788.0,358.0
2021-01-05 09:33:44.110,0.0031,0.0032,20.0,0.0031,60.0,33788.0,358.0
2021-01-05 09:33:44.671,0.0031,0.0032,20.0,0.0031,75.0,33788.0,358.0
2021-01-05 09:33:45.660,0.0031,0.0032,20.0,0.0031,60.0,33788.0,358.0
2021-01-05 09:33:46.161,0.0031,0.0032,20.0,0.0031,60.0,33788.0,358.0
2021-01-05 09:33:46.680,0.0031,0.0032,20.0,0.0031,75.0,33788.0,358.0
2021-01-05 09:33:47.191,0.0031,0.0032,20.0,0.0031,88.0,33788.0,358.0
2021-01-05 09:33:48.171,0.0031,0.0032,20.0,0.0031,73.0,33788.0,358.0
2021-01-05 09:33:48.680,0.0031,0.0032,20.0,0.0031,73.0,33788.0,358.0
2021-01-05 09:33:49.681,0.0032,0.0032,18.0,0.0031,73.0,33788.0,360.0
2021-01-05 09:33:50.180,0.0032,0.0032,18.0,0.0031,60.0,33788.0,360.0
2021-01-05 09:33:50.670,0.0032,0.0032,18.0,0.0031,73.0,33788.0,360.0
2021-01-05 09:33:51.581,0.0032,0.0033,29.0,0.0032,2.0,33806.0,378.0
2021-01-05 09:33:52.190,0.0032,0.0033,42.0,0.0032,2.0,33806.0,378.0
2021-01-05 09:33:52.661,0.0032,0.0033,29.0,0.0032,2.0,33806.0,378.0
2021-01-05 09:33:54.610,0.0032,0.0033,42.0,0.0032,2.0,33806.0,378.0
2021-01-05 09:33:55.181,0.0032,0.0033,29.0,0.0032,2.0,33806.0,378.0
2021-01-05 09:33:55.650,0.0032,0.0033,42.0,0.0032,2.0,33806.0,378.0
2021-01-05 09:33:57.671,0.0032,0.0033,29.0,0.0032,2.0,33806.0,378.0
2021-01-05 09:33:58.670,0.0032,0.0033,29.0,0.0032,22.0,33806.0,378.0
2021-01-05 09:33:59.140,0.0032,0.0033,29.0,0.0032,22.0,33806.0,378.0
2021-01-05 09:33:59.690,0.0032,0.0033,29.0,0.0032,22.0,33806.0,378.0
2021-01-05 09:34:00.191,0.0032,0.0034,43.0,0.0032,22.0,33806.0,378.0
2021-01-05 09:34:00.671,0.0032,0.0034,43.0,0.0032,22.0,33806.0,378.0
2021-01-05 09:34:01.081,0.0032,0.0034,43.0,0.0032,22.0,33806.0,378.0
2021-01-05 09:34:01.661,0.0032,0.0034,43.0,0.0032,22.0,33806.0,378.0
2021-01-05 09:34:03.171,0.0032,0.0034,43.0,0.0032,22.0,33806.0,378.0
2021-01-05 09:34:04.671,0.0032,0.0034,43.0,0.0032,22.0,33806.0,378.0
2021-01-05 09:34:05.121,0.0032,0.0034,43.0,0.0032,52.0,33806.0,378.0
2021-01-05 09:34:05.630,0.0032,0.0034,43.0,0.0032,52.0,33806.0,378.0
2021-01-05 09:34:06.191,0.0032,0.0034,43.0,0.0032,52.0,33806.0,378.0
2021-01-05 09:34:06.671,0.0032,0.0034,43.0,0.0032,52.0,33806.0,378.0
2021-01-05 09:34:07.130,0.0032,0.0034,43.0,0.0032,52.0,33806.0,378.0
2021-01-05 09:34:07.630,0.0032,0.0034,43.0,0.0032,62.0,33806.0,378.0
2021-01-05 09:34:08.171,0.0032,0.0034,43.0,0.0032,62.0,33806.0,378.0
2021-01-05 09:34:09.170,0.0032,0.0034,43.0,0.0032,62.0,33806.0,378.0
2021-01-05 09:34:09.670,0.0032,0.0034,43.0,0.0032,62.0,33806.0,378.0
2021-01-05 09:34:10.091,0.0032,0.0034,58.0,0.0032,52.0,33806.0,378.0
2021-01-05 09:34:10.690,0.0032,0.0034,43.0,0.0032,52.0,33806.0,378.0
2021-01-05 09:34:11.151,0.0032,0.0034,58.0,0.0032,52.0,33806.0,378.0
2021-01-05 09:34:11.681,0.0034,0.0034,53.0,0.0032,22.0,33811.0,383.0
2021-01-05 09:34:12.081,0.0034,0.0034,58.0,0.0032,22.0,33811.0,383.0
2021-01-05 09:34:12.640,0.0034,0.0033,13.0,0.0032,52.0,33811.0,383.0
2021-01-05 09:34:13.191,0.0034,0.0034,58.0,0.0032,52.0,33811.0,383.0
2021-01-05 09:34:13.650,0.0034,0.0034,58.0,0.0032,22.0,33811.0,383.0
2021-01-05 09:34:14.181,0.0034,0.0034,58.0,0.0032,22.0,33811.0,383.0
2021-01-05 09:34:14.691,0.0034,0.0033,30.0,0.0032,2.0,33811.0,383.0
2021-01-05 09:34:15.181,0.0034,0.0033,30.0,0.0032,2.0,33811.0,383.0
2021-01-05 09:34:15.681,0.0034,0.0033,30.0,0.0032,2.0,33811.0,383.0
2021-01-05 09:34:16.190,0.0034,0.0033,30.0,0.0032,2.0,33811.0,383.0
2021-01-05 09:34:16.630,0.0034,0.0034,43.0,0.0032,2.0,33811.0,383.0
2021-01-05 09:34:17.070,0.0034,0.0034,30.0,0.0032,15.0,33811.0,383.0
2021-01-05 09:34:17.690,0.0034,0.0034,30.0,0.0032,65.0,33811.0,383.0
2021-01-05 09:34:18.201,0.0034,0.0034,30.0,0.0032,45.0,33811.0,383.0
2021-01-05 09:34:18.620,0.0034,0.0034,30.0,0.0032,65.0,33811.0,383.0
2021-01-05 09:34:19.041,0.0034,0.0034,30.0,0.0032,65.0,33811.0,383.0
2021-01-05 09:34:19.661,0.0034,0.0034,43.0,0.0032,22.0,33811.0,383.0
2021-01-05 09:34:20.651,0.0034,0.0034,43.0,0.0033,10.0,33811.0,383.0
2021-01-05 09:34:21.200,0.0034,0.0034,43.0,0.0033,10.0,33811.0,383.0
2021-01-05 09:34:21.690,0.0034,0.0034,43.0,0.0033,10.0,33811.0,383.0
2021-01-05 09:34:22.651,0.0034,0.0034,43.0,0.0033,10.0,33811.0,383.0
2021-01-05 09:34:23.181,0.0034,0.0034,43.0,0.0033,10.0,33811.0,383.0
2021-01-05 09:34:23.661,0.0034,0.0034,43.0,0.0033,10.0,33811.0,383.0
2021-01-05 09:34:25.150,0.0034,0.0034,30.0,0.0033,10.0,33811.0,383.0
2021-01-05 09:34:26.170,0.0034,0.0034,43.0,0.0033,10.0,33811.0,383.0
2021-01-05 09:34:26.641,0.0034,0.0034,30.0,0.0033,10.0,33811.0,383.0
2021-01-05 09:34:27.150,0.0034,0.0034,30.0,0.0033,10.0,33811.0,383.0
2021-01-05 09:34:27.690,0.0034,0.0034,43.0,0.0033,10.0,33811.0,383.0
2021-01-05 09:34:28.120,0.0034,0.0034,43.0,0.0033,10.0,33811.0,383.0
2021-01-05 09:34:28.621,0.0034,0.0034,43.0,0.0033,10.0,33811.0,383.0
2021-01-05 09:34:29.101,0.0034,0.0034,43.0,0.0033,10.0,33811.0,383.0
2021-01-05 09:34:30.170,0.0034,0.0034,43.0,0.0033,10.0,33811.0,383.0
2021-01-05 09:34:30.681,0.0033,0.0034,43.0,0.0033,8.0,33811.0,385.0
2021-01-05 09:34:31.190,0.0033,0.0034,63.0,0.0033,8.0,33811.0,385.0
2021-01-05 09:34:31.691,0.0033,0.0034,63.0,0.0033,8.0,33811.0,385.0
2021-01-05 09:34:33.090,0.0033,0.0034,50.0,0.0033,8.0,33811.0,385.0
2021-01-05 09:34:35.130,0.0033,0.0034,50.0,0.0033,8.0,33811.0,385.0
2021-01-05 09:34:35.691,0.0033,0.0034,20.0,0.0033,8.0,33811.0,385.0
2021-01-05 09:34:36.171,0.0033,0.0034,20.0,0.0033,8.0,33811.0,385.0
2021-01-05 09:34:37.700,0.0033,0.0034,33.0,0.0033,28.0,33811.0,385.0
2021-01-05 09:34:38.690,0.0033,0.0034,20.0,0.0033,28.0,33811.0,385.0
2021-01-05 09:34:39.470,0.0033,0.0034,33.0,0.0033,28.0,33811.0,385.0
2021-01-05 09:34:40.171,0.0033,0.0034,20.0,0.0033,78.0,33811.0,385.0
2021-01-05 09:34:42.680,0.0033,0.0034,20.0,0.0033,78.0,33811.0,385.0
2021-01-05 09:34:43.191,0.0033,0.0034,20.0,0.0033,78.0,33811.0,385.0
2021-01-05 09:34:46.201,0.0033,0.0034,20.0,0.0033,106.0,33811.0,385.0
2021-01-05 09:34:46.660,0.0033,0.0034,20.0,0.0033,106.0,33811.0,385.0
2021-01-05 09:34:47.181,0.0033,0.0034,20.0,0.0033,119.0,33811.0,385.0
2021-01-05 09:34:47.701,0.0033,0.0034,20.0,0.0033,106.0,33811.0,385.0
2021-01-05 09:34:48.141,0.0033,0.0034,20.0,0.0033,106.0,33811.0,385.0
2021-01-05 09:34:48.700,0.0033,0.0034,20.0,0.0033,119.0,33811.0,385.0
2021-01-05 09:34:49.210,0.0033,0.0034,20.0,0.0033,106.0,33811.0,385.0
2021-01-05 09:34:49.701,0.0033,0.0034,20.0,0.0033,106.0,33811.0,385.0
2021-01-05 09:34:50.220,0.0033,0.0034,20.0,0.0033,106.0,33811.0,385.0
2021-01-05 09:34:50.700,0.0033,0.0034,20.0,0.0033,106.0,33811.0,385.0
2021-01-05 09:34:51.200,0.0033,0.0034,20.0,0.0033,106.0,33811.0,385.0
2021-01-05 09:34:51.701,0.0033,0.0034,20.0,0.0033,106.0,33811.0,385.0
2021-01-05 09:34:53.180,0.0033,0.0034,20.0,0.0033,106.0,33811.0,385.0
2021-01-05 09:34:54.170,0.0033,0.0034,20.0,0.0033,106.0,33811.0,385.0
2021-01-05 09:34:54.631,0.0033,0.0034,20.0,0.0033,106.0,33811.0,385.0
2021-01-05 09:34:54.840,0.0033,0.0034,20.0,0.0033,99.0,33811.0,385.0
2021-01-05 09:34:55.680,0.0033,0.0034,20.0,0.0033,119.0,33811.0,385.0
2021-01-05 09:34:56.681,0.0033,0.0034,20.0,0.0033,106.0,33811.0,385.0
2021-01-05 09:34:57.171,0.0033,0.0034,20.0,0.0033,119.0,33811.0,385.0
2021-01-05 09:34:57.670,0.0033,0.0034,20.0,0.0033,106.0,33811.0,385.0
2021-01-05 09:34:58.160,0.0033,0.0034,20.0,0.0033,106.0,33811.0,385.0
2021-01-05 09:34:58.640,0.0033,0.0034,20.0,0.0033,106.0,33811.0,385.0
2021-01-05 09:35:00.160,0.0033,0.0034,20.0,0.0033,106.0,33811.0,385.0
2021-01-05 09:35:01.620,0.0033,0.0034,20.0,0.0033,106.0,33811.0,385.0
2021-01-05 09:35:02.160,0.0033,0.0034,20.0,0.0033,116.0,33811.0,385.0
2021-01-05 09:35:02.680,0.0033,0.0034,20.0,0.0033,106.0,33811.0,385.0
2021-01-05 09:35:03.180,0.0033,0.0034,20.0,0.0033,106.0,33811.0,385.0
2021-01-05 09:35:03.660,0.0034,0.0034,15.0,0.0033,76.0,33816.0,390.0
2021-01-05 09:35:04.181,0.0034,0.0034,15.0,0.0033,76.0,33816.0,390.0
2021-01-05 09:35:04.661,0.0034,0.0034,15.0,0.0033,56.0,33816.0,390.0
2021-01-05 09:35:05.671,0.0034,0.0034,15.0,0.0033,76.0,33816.0,390.0
2021-01-05 09:35:06.680,0.0034,0.0034,15.0,0.0033,76.0,33816.0,390.0
2021-01-05 09:35:07.131,0.0034,0.0034,15.0,0.0033,106.0,33816.0,390.0
2021-01-05 09:35:07.650,0.0034,0.0034,15.0,0.0033,129.0,33816.0,390.0
2021-01-05 09:35:08.190,0.0034,0.0034,15.0,0.0033,134.0,33816.0,390.0
2021-01-05 09:35:08.680,0.0034,0.0034,8.0,0.0033,134.0,33823.0,397.0
2021-01-05 09:35:09.191,0.0034,0.0034,8.0,0.0033,134.0,33823.0,397.0
2021-01-05 09:35:09.700,0.0034,0.0034,18.0,0.0033,134.0,33823.0,397.0
2021-01-05 09:35:11.680,0.0034,0.0034,18.0,0.0033,134.0,33823.0,397.0
2021-01-05 09:35:13.181,0.0034,0.0034,18.0,0.0033,134.0,33823.0,397.0
2021-01-05 09:35:13.640,0.0034,0.0034,18.0,0.0033,134.0,33823.0,397.0
2021-01-05 09:35:14.191,0.0034,0.0034,18.0,0.0033,91.0,33823.0,397.0
2021-01-05 09:35:14.691,0.0034,0.0034,18.0,0.0033,91.0,33823.0,397.0
2021-01-05 09:35:15.200,0.0034,0.0034,18.0,0.0033,91.0,33823.0,397.0
2021-01-05 09:35:15.701,0.0034,0.0034,18.0,0.0033,91.0,33823.0,397.0
2021-01-05 09:35:16.201,0.0034,0.0034,18.0,0.0033,121.0,33823.0,397.0
2021-01-05 09:35:16.681,0.0034,0.0034,18.0,0.0033,121.0,33823.0,397.0
2021-01-05 09:35:17.680,0.0034,0.0034,18.0,0.0033,111.0,33823.0,397.0
2021-01-05 09:35:18.170,0.0034,0.0034,18.0,0.0033,81.0,33823.0,397.0
2021-01-05 09:35:18.681,0.0034,0.0034,18.0,0.0033,81.0,33823.0,397.0
2021-01-05 09:35:19.180,0.0034,0.0034,48.0,0.0033,81.0,33823.0,397.0
2021-01-05 09:35:19.670,0.0034,0.0034,48.0,0.0033,81.0,33823.0,397.0
2021-01-05 09:35:20.170,0.0034,0.0034,48.0,0.0033,61.0,33823.0,397.0
2021-01-05 09:35:21.180,0.0034,0.0034,48.0,0.0033,81.0,33823.0,397.0
2021-01-05 09:35:21.620,0.0034,0.0034,18.0,0.0033,111.0,33823.0,397.0
2021-01-05 09:35:22.141,0.0034,0.0034,18.0,0.0033,124.0,33823.0,397.0
2021-01-05 09:35:23.151,0.0034,0.0034,18.0,0.0033,124.0,33823.0,397.0
2021-01-05 09:35:24.171,0.0034,0.0034,18.0,0.0033,111.0,33823.0,397.0
2021-01-05 09:35:24.671,0.0034,0.0034,18.0,0.0033,111.0,33823.0,397.0
2021-01-05 09:35:25.061,0.0034,0.0034,18.0,0.0033,111.0,33823.0,397.0
2021-01-05 09:35:25.660,0.0034,0.0034,18.0,0.0033,124.0,33823.0,397.0
2021-01-05 09:35:27.130,0.0034,0.0034,18.0,0.0033,144.0,33823.0,397.0
2021-01-05 09:35:28.171,0.0034,0.0034,18.0,0.0033,131.0,33823.0,397.0
2021-01-05 09:35:33.650,0.0034,0.0034,18.0,0.0033,144.0,33823.0,397.0
2021-01-05 09:35:36.180,0.0034,0.0034,18.0,0.0033,144.0,33823.0,397.0
2021-01-05 09:35:36.601,0.0034,0.0034,7.0,0.0033,154.0,33843.0,418.0
2021-01-05 09:35:37.171,0.0034,0.0034,7.0,0.0033,141.0,33843.0,418.0
2021-01-05 09:35:37.640,0.0034,0.0034,7.0,0.0033,154.0,33843.0,418.0
2021-01-05 09:35:38.190,0.0034,0.0034,7.0,0.0033,141.0,33843.0,418.0
2021-01-05 09:35:38.670,0.0034,0.0034,7.0,0.0033,154.0,33843.0,418.0
2021-01-05 09:35:39.140,0.0034,0.0035,30.0,0.0034,13.0,33850.0,425.0
2021-01-05 09:35:39.690,0.0034,0.0035,30.0,0.0034,3.0,33860.0,435.0
2021-01-05 09:35:40.191,0.0034,0.0035,30.0,0.0034,23.0,33860.0,435.0
2021-01-05 09:35:40.691,0.0034,0.0035,30.0,0.0034,23.0,33860.0,435.0
2021-01-05 09:35:44.681,0.0034,0.0035,30.0,0.0034,23.0,33860.0,435.0
2021-01-05 09:35:45.071,0.0034,0.0035,30.0,0.0034,23.0,33860.0,435.0
2021-01-05 09:35:45.670,0.0034,0.0036,58.0,0.0034,23.0,33860.0,435.0
2021-01-05 09:35:46.141,0.0034,0.0036,43.0,0.0034,23.0,33860.0,435.0
2021-01-05 09:35:46.700,0.0034,0.0036,43.0,0.0034,24.0,33860.0,435.0
2021-01-05 09:35:47.201,0.0034,0.0036,43.0,0.0034,24.0,33860.0,435.0
2021-01-05 09:35:47.691,0.0034,0.0036,43.0,0.0034,24.0,33860.0,435.0
2021-01-05 09:35:48.181,0.0034,0.0036,43.0,0.0034,54.0,33860.0,435.0
2021-01-05 09:35:48.700,0.0034,0.0036,43.0,0.0034,54.0,33860.0,435.0
2021-01-05 09:35:49.001,0.0034,0.0036,58.0,0.0035,10.0,33860.0,435.0
2021-01-05 09:35:49.701,0.0034,0.0036,58.0,0.0035,10.0,33860.0,435.0
2021-01-05 09:35:50.150,0.0034,0.0036,58.0,0.0035,10.0,33860.0,435.0
2021-01-05 09:35:50.680,0.0034,0.0036,43.0,0.0035,10.0,33860.0,435.0
2021-01-05 09:35:51.180,0.0034,0.0036,58.0,0.0035,10.0,33860.0,435.0
2021-01-05 09:35:51.710,0.0034,0.0036,58.0,0.0035,30.0,33860.0,435.0
2021-01-05 09:35:52.190,0.0034,0.0036,58.0,0.0035,50.0,33860.0,435.0
2021-01-05 09:35:52.671,0.0034,0.0036,43.0,0.0035,50.0,33860.0,435.0
2021-01-05 09:35:53.111,0.0034,0.0036,43.0,0.0035,50.0,33860.0,435.0
2021-01-05 09:35:54.161,0.0034,0.0036,43.0,0.0035,30.0,33860.0,435.0
2021-01-05 09:35:54.640,0.0034,0.0036,43.0,0.0035,30.0,33860.0,435.0
2021-01-05 09:35:55.181,0.0034,0.0036,43.0,0.0035,30.0,33860.0,435.0
2021-01-05 09:35:55.691,0.0034,0.0036,43.0,0.0035,10.0,33860.0,435.0
2021-01-05 09:35:56.140,0.0034,0.0036,43.0,0.0035,10.0,33860.0,435.0
2021-01-05 09:35:56.690,0.0034,0.0036,43.0,0.0035,10.0,33860.0,435.0
2021-01-05 09:35:57.160,0.0034,0.0036,43.0,0.0035,10.0,33860.0,435.0
2021-01-05 09:35:58.150,0.0034,0.0036,43.0,0.0035,10.0,33860.0,435.0
2021-01-05 09:35:58.701,0.0034,0.0036,43.0,0.0035,10.0,33860.0,435.0
2021-01-05 09:35:59.160,0.0034,0.0036,63.0,0.0035,10.0,33860.0,435.0
2021-01-05 09:36:00.201,0.0034,0.0036,50.0,0.0035,10.0,33860.0,435.0
2021-01-05 09:36:00.680,0.0034,0.0036,63.0,0.0035,10.0,33860.0,435.0
2021-01-05 09:36:01.181,0.0034,0.0036,50.0,0.0035,30.0,33860.0,435.0
2021-01-05 09:36:01.671,0.0034,0.0036,63.0,0.0035,50.0,33860.0,435.0
2021-01-05 09:36:02.170,0.0034,0.0036,63.0,0.0035,50.0,33860.0,435.0
2021-01-05 09:36:03.200,0.0034,0.0036,63.0,0.0035,30.0,33860.0,435.0
2021-01-05 09:36:04.201,0.0034,0.0036,63.0,0.0035,30.0,33860.0,435.0
2021-01-05 09:36:05.150,0.0034,0.0036,50.0,0.0035,30.0,33860.0,435.0
2021-01-05 09:36:05.590,0.0034,0.0036,63.0,0.0035,30.0,33860.0,435.0
2021-01-05 09:36:06.180,0.0034,0.0036,50.0,0.0035,30.0,33860.0,435.0
2021-01-05 09:36:06.700,0.0034,0.0036,50.0,0.0035,30.0,33860.0,435.0
2021-01-05 09:36:07.181,0.0034,0.0036,63.0,0.0035,30.0,33860.0,435.0
2021-01-05 09:36:08.700,0.0036,0.0036,13.0,0.0035,30.0,33880.0,455.0
2021-01-05 09:36:09.161,0.0036,0.0036,40.0,0.0035,30.0,33880.0,455.0
2021-01-05 09:36:09.691,0.0036,0.0036,53.0,0.0035,30.0,33880.0,455.0
2021-01-05 09:36:10.160,0.0036,0.0036,40.0,0.0035,30.0,33880.0,455.0
2021-01-05 09:36:10.671,0.0036,0.0036,40.0,0.0035,30.0,33880.0,455.0
2021-01-05 09:36:11.180,0.0036,0.0036,40.0,0.0035,30.0,33880.0,455.0
2021-01-05 09:36:11.651,0.0036,0.0036,40.0,0.0035,30.0,33880.0,455.0
2021-01-05 09:36:13.680,0.0036,0.0036,40.0,0.0035,30.0,33880.0,455.0
2021-01-05 09:36:14.690,0.0036,0.0036,40.0,0.0035,30.0,33880.0,455.0
2021-01-05 09:36:15.170,0.0036,0.0036,53.0,0.0035,30.0,33880.0,455.0
2021-01-05 09:36:16.150,0.0036,0.0036,53.0,0.0035,30.0,33880.0,455.0
2021-01-05 09:36:16.680,0.0036,0.0036,53.0,0.0035,30.0,33880.0,455.0
2021-01-05 09:36:17.180,0.0036,0.0036,53.0,0.0035,30.0,33880.0,455.0
2021-01-05 09:36:18.680,0.0036,0.0036,53.0,0.0035,30.0,33880.0,455.0
2021-01-05 09:36:19.151,0.0036,0.0036,53.0,0.0035,30.0,33880.0,455.0
2021-01-05 09:36:20.161,0.0036,0.0036,40.0,0.0035,30.0,33880.0,455.0
2021-01-05 09:36:20.680,0.0036,0.0036,54.0,0.0035,30.0,33880.0,455.0
2021-01-05 09:36:21.691,0.0036,0.0036,53.0,0.0035,30.0,33880.0,456.0
2021-01-05 09:36:22.171,0.0036,0.0036,53.0,0.0035,30.0,33880.0,456.0
2021-01-05 09:36:23.141,0.0036,0.0036,52.0,0.0035,56.0,33881.0,457.0
2021-01-05 09:36:24.171,0.0036,0.0036,24.0,0.0035,106.0,33881.0,457.0
2021-01-05 09:36:24.701,0.0036,0.0036,11.0,0.0035,76.0,33881.0,457.0
2021-01-05 09:36:25.191,0.0036,0.0036,24.0,0.0035,76.0,33881.0,457.0
2021-01-05 09:36:25.650,0.0036,0.0036,24.0,0.0035,56.0,33881.0,457.0
2021-01-05 09:36:26.171,0.0036,0.0036,11.0,0.0035,76.0,33881.0,457.0
2021-01-05 09:36:26.651,0.0036,0.0036,24.0,0.0035,76.0,33881.0,457.0
2021-01-05 09:36:27.690,0.0036,0.0036,24.0,0.0035,106.0,33881.0,457.0
2021-01-05 09:36:28.190,0.0036,0.0036,24.0,0.0035,106.0,33881.0,457.0
2021-01-05 09:36:29.661,0.0036,0.0036,11.0,0.0035,106.0,33881.0,457.0
2021-01-05 09:36:30.161,0.0036,0.0036,11.0,0.0035,106.0,33881.0,457.0
2021-01-05 09:36:31.181,0.0036,0.0036,11.0,0.0035,108.0,33881.0,457.0
2021-01-05 09:36:33.200,0.0036,0.0036,11.0,0.0035,108.0,33881.0,457.0
2021-01-05 09:36:35.701,0.0036,0.0036,24.0,0.0035,108.0,33881.0,457.0
2021-01-05 09:36:36.191,0.0036,0.0036,11.0,0.0035,108.0,33881.0,457.0
2021-01-05 09:36:36.700,0.0036,0.0036,11.0,0.0035,108.0,33881.0,457.0
2021-01-05 09:36:37.190,0.0036,0.0036,11.0,0.0035,108.0,33881.0,457.0
2021-01-05 09:36:37.691,0.0036,0.0036,11.0,0.0035,108.0,33881.0,457.0
2021-01-05 09:36:38.120,0.0036,0.0036,11.0,0.0035,108.0,33881.0,457.0
2021-01-05 09:36:39.090,0.0036,0.0036,11.0,0.0035,108.0,33881.0,457.0
2021-01-05 09:36:40.191,0.0036,0.0036,11.0,0.0035,108.0,33881.0,457.0
2021-01-05 09:36:41.201,0.0036,0.0036,11.0,0.0035,108.0,33881.0,457.0
2021-01-05 09:36:41.641,0.0036,0.0036,11.0,0.0035,108.0,33881.0,457.0
2021-01-05 09:36:42.200,0.0036,0.0036,11.0,0.0035,109.0,33881.0,457.0
2021-01-05 09:36:42.690,0.0035,0.0036,11.0,0.0035,99.0,33881.0,458.0
2021-01-05 09:36:43.180,0.0035,0.0036,21.0,0.0035,99.0,33881.0,458.0
2021-01-05 09:36:43.700,0.0035,0.0036,21.0,0.0035,99.0,33881.0,458.0
2021-01-05 09:36:45.631,0.0035,0.0036,21.0,0.0035,99.0,33881.0,458.0
2021-01-05 09:36:46.651,0.0035,0.0036,21.0,0.0035,99.0,33881.0,458.0
2021-01-05 09:36:47.660,0.0035,0.0036,21.0,0.0035,99.0,33881.0,458.0
2021-01-05 09:36:48.630,0.0035,0.0036,21.0,0.0035,99.0,33881.0,458.0
2021-01-05 09:36:49.700,0.0035,0.0036,21.0,0.0035,99.0,33881.0,458.0
2021-01-05 09:36:50.201,0.0035,0.0036,21.0,0.0035,99.0,33881.0,458.0
2021-01-05 09:36:50.670,0.0035,0.0036,21.0,0.0035,99.0,33881.0,458.0
2021-01-05 09:36:51.171,0.0035,0.0036,21.0,0.0035,99.0,33881.0,458.0
2021-01-05 09:36:51.671,0.0035,0.0036,21.0,0.0035,99.0,33881.0,458.0
2021-01-05 09:36:52.691,0.0036,0.0036,1.0,0.0035,99.0,33901.0,478.0
2021-01-05 09:36:53.680,0.0036,0.0036,1.0,0.0035,99.0,33901.0,478.0
2021-01-05 09:36:55.651,0.0036,0.0036,1.0,0.0035,99.0,33901.0,478.0
2021-01-05 09:36:56.141,0.0036,0.0036,1.0,0.0035,99.0,33901.0,478.0
2021-01-05 09:36:57.630,0.0036,0.0036,1.0,0.0035,99.0,33901.0,478.0
2021-01-05 09:36:59.181,0.0036,0.0037,43.0,0.0036,9.0,33902.0,479.0
2021-01-05 09:36:59.690,0.0036,0.0037,43.0,0.0036,9.0,33902.0,479.0
2021-01-05 09:37:00.160,0.0036,0.0037,43.0,0.0036,29.0,33902.0,479.0
2021-01-05 09:37:00.700,0.0036,0.0037,43.0,0.0036,29.0,33902.0,479.0
2021-01-05 09:37:01.081,0.0035,0.0037,43.0,0.0035,78.0,33932.0,529.0
2021-01-05 09:37:01.630,0.0035,0.0037,43.0,0.0036,20.0,33932.0,529.0
2021-01-05 09:37:02.191,0.0035,0.0037,43.0,0.0036,20.0,33932.0,529.0
2021-01-05 09:37:03.630,0.0035,0.0037,43.0,0.0036,20.0,33932.0,529.0
2021-01-05 09:37:04.200,0.0035,0.0037,43.0,0.0036,20.0,33932.0,529.0
2021-01-05 09:37:05.701,0.0036,0.0037,45.0,0.0036,7.0,33932.0,542.0
2021-01-05 09:37:06.171,0.0036,0.0037,45.0,0.0035,59.0,33932.0,549.0
2021-01-05 09:37:06.700,0.0036,0.0037,58.0,0.0036,20.0,33932.0,549.0
2021-01-05 09:37:07.180,0.0036,0.0037,58.0,0.0036,20.0,33932.0,549.0
2021-01-05 09:37:07.681,0.0036,0.0037,43.0,0.0036,20.0,33932.0,549.0
2021-01-05 09:37:09.170,0.0036,0.0037,30.0,0.0036,20.0,33932.0,549.0
2021-01-05 09:37:09.660,0.0037,0.0037,20.0,0.0036,20.0,33942.0,559.0
2021-01-05 09:37:10.121,0.0037,0.0037,43.0,0.0036,20.0,33942.0,559.0
2021-01-05 09:37:10.701,0.0037,0.0037,43.0,0.0036,20.0,33942.0,559.0
2021-01-05 09:37:11.201,0.0037,0.0037,58.0,0.0036,20.0,33942.0,559.0
2021-01-05 09:37:11.700,0.0036,0.0037,45.0,0.0036,7.0,33942.0,572.0
2021-01-05 09:37:12.131,0.0036,0.0037,58.0,0.0036,7.0,33942.0,572.0
2021-01-05 09:37:13.181,0.0036,0.0037,45.0,0.0036,7.0,33942.0,572.0
2021-01-05 09:37:13.681,0.0036,0.0037,45.0,0.0036,7.0,33942.0,572.0
2021-01-05 09:37:14.171,0.0036,0.0037,30.0,0.0036,7.0,33942.0,572.0
2021-01-05 09:37:14.651,0.0036,0.0037,30.0,0.0036,7.0,33942.0,572.0
2021-01-05 09:37:15.700,0.0036,0.0037,30.0,0.0036,6.0,33942.0,573.0
2021-01-05 09:37:16.201,0.0036,0.0037,43.0,0.0036,6.0,33942.0,573.0
2021-01-05 09:37:16.461,0.0036,0.0037,43.0,0.0036,6.0,33942.0,573.0
2021-01-05 09:37:17.200,0.0036,0.0037,58.0,0.0036,6.0,33942.0,573.0
2021-01-05 09:37:17.671,0.0036,0.0037,58.0,0.0036,6.0,33942.0,573.0
2021-01-05 09:37:21.200,0.0036,0.0037,58.0,0.0036,6.0,33942.0,573.0
2021-01-05 09:37:21.701,0.0036,0.0037,58.0,0.0036,6.0,33942.0,573.0
2021-01-05 09:37:22.141,0.0036,0.0037,58.0,0.0036,6.0,33942.0,573.0
2021-01-05 09:37:23.701,0.0036,0.0037,58.0,0.0036,6.0,33942.0,573.0
2021-01-05 09:37:24.080,0.0036,0.0037,58.0,0.0036,6.0,33942.0,573.0
2021-01-05 09:37:24.631,0.0036,0.0037,58.0,0.0036,6.0,33942.0,573.0
2021-01-05 09:37:25.200,0.0036,0.0037,58.0,0.0036,6.0,33942.0,573.0
2021-01-05 09:37:26.650,0.0036,0.0037,58.0,0.0036,6.0,33942.0,573.0
2021-01-05 09:37:27.130,0.0036,0.0037,58.0,0.0036,6.0,33942.0,573.0
2021-01-05 09:37:27.551,0.0036,0.0037,58.0,0.0036,6.0,33942.0,573.0
2021-01-05 09:37:28.151,0.0036,0.0037,58.0,0.0036,6.0,33942.0,573.0
2021-01-05 09:37:30.191,0.0036,0.0037,58.0,0.0036,6.0,33942.0,573.0
2021-01-05 09:37:30.650,0.0036,0.0037,58.0,0.0036,6.0,33942.0,573.0
2021-01-05 09:37:34.200,0.0036,0.0037,58.0,0.0036,6.0,33942.0,573.0
2021-01-05 09:37:34.500,0.0036,0.0037,58.0,0.0036,6.0,33942.0,573.0
2021-01-05 09:37:35.650,0.0036,0.0037,58.0,0.0036,6.0,33942.0,573.0
2021-01-05 09:37:36.200,0.0036,0.0037,43.0,0.0036,6.0,33942.0,573.0
2021-01-05 09:37:36.671,0.0036,0.0037,58.0,0.0036,6.0,33942.0,573.0
2021-01-05 09:37:38.161,0.0036,0.0037,58.0,0.0036,6.0,33942.0,573.0
2021-01-05 09:37:39.170,0.0036,0.0037,58.0,0.0036,6.0,33942.0,573.0
2021-01-05 09:37:41.131,0.0036,0.0036,13.0,0.0035,59.0,33942.0,579.0
2021-01-05 09:37:41.671,0.0036,0.0036,3.0,0.0035,59.0,33942.0,599.0
2021-01-05 09:37:42.130,0.0036,0.0036,3.0,0.0035,79.0,33942.0,599.0
2021-01-05 09:37:43.671,0.0036,0.0036,3.0,0.0035,79.0,33942.0,599.0
2021-01-05 09:37:45.191,0.0036,0.0036,3.0,0.0035,49.0,33942.0,599.0
2021-01-05 09:37:47.661,0.0036,0.0036,3.0,0.0035,79.0,33942.0,599.0
2021-01-05 09:37:49.190,0.0036,0.0036,3.0,0.0035,79.0,33942.0,599.0
2021-01-05 09:37:50.220,0.0036,0.0036,3.0,0.0035,79.0,33942.0,599.0
2021-01-05 09:37:50.721,0.0036,0.0036,18.0,0.0035,79.0,33942.0,599.0
2021-01-05 09:37:51.161,0.0036,0.0036,18.0,0.0035,79.0,33942.0,599.0
2021-01-05 09:37:51.691,0.0036,0.0036,18.0,0.0035,79.0,33942.0,599.0
2021-01-05 09:37:52.191,0.0036,0.0036,31.0,0.0035,79.0,33942.0,599.0
2021-01-05 09:37:52.660,0.0036,0.0036,18.0,0.0035,79.0,33942.0,599.0
2021-01-05 09:37:53.161,0.0036,0.0036,31.0,0.0035,79.0,33942.0,599.0
2021-01-05 09:37:53.680,0.0036,0.0036,31.0,0.0035,79.0,33942.0,599.0
2021-01-05 09:37:54.170,0.0036,0.0036,31.0,0.0035,79.0,33942.0,599.0
2021-01-05 09:37:54.690,0.0036,0.0036,31.0,0.0035,79.0,33942.0,599.0
2021-01-05 09:37:55.190,0.0036,0.0036,31.0,0.0035,79.0,33942.0,599.0
2021-01-05 09:37:55.691,0.0036,0.0036,31.0,0.0035,79.0,33942.0,599.0
2021-01-05 09:37:56.611,0.0036,0.0036,31.0,0.0035,49.0,33942.0,599.0
2021-01-05 09:37:57.170,0.0036,0.0036,61.0,0.0035,49.0,33942.0,599.0
2021-01-05 09:37:57.601,0.0036,0.0036,61.0,0.0035,49.0,33942.0,599.0
2021-01-05 09:37:58.141,0.0036,0.0036,61.0,0.0035,49.0,33942.0,599.0
2021-01-05 09:37:58.640,0.0036,0.0036,61.0,0.0035,49.0,33942.0,599.0
2021-01-05 09:37:59.161,0.0036,0.0036,61.0,0.0035,49.0,33942.0,599.0
2021-01-05 09:38:00.680,0.0036,0.0036,61.0,0.0035,29.0,33942.0,599.0
2021-01-05 09:38:01.180,0.0036,0.0036,61.0,0.0035,29.0,33942.0,599.0
2021-01-05 09:38:01.681,0.0036,0.0036,61.0,0.0035,29.0,33942.0,599.0
2021-01-05 09:38:02.680,0.0036,0.0036,60.0,0.0035,29.0,33942.0,600.0
2021-01-05 09:38:02.841,0.0036,0.0036,60.0,0.0035,29.0,33942.0,600.0
2021-01-05 09:38:04.190,0.0036,0.0036,60.0,0.0035,29.0,33942.0,600.0
2021-01-05 09:38:04.680,0.0036,0.0036,60.0,0.0035,29.0,33942.0,600.0
2021-01-05 09:38:05.681,0.0036,0.0036,60.0,0.0035,29.0,33942.0,600.0
2021-01-05 09:38:06.691,0.0036,0.0036,60.0,0.0035,49.0,33942.0,600.0
2021-01-05 09:38:07.200,0.0036,0.0036,30.0,0.0035,49.0,33942.0,600.0
2021-01-05 09:38:07.690,0.0036,0.0036,30.0,0.0035,49.0,33942.0,600.0
2021-01-05 09:38:08.151,0.0036,0.0036,30.0,0.0035,49.0,33942.0,600.0
2021-01-05 09:38:08.670,0.0036,0.0036,30.0,0.0035,49.0,33942.0,600.0
2021-01-05 09:38:09.681,0.0036,0.0036,30.0,0.0035,79.0,33942.0,600.0
2021-01-05 09:38:12.191,0.0036,0.0036,30.0,0.0035,49.0,33942.0,600.0
2021-01-05 09:38:12.691,0.0036,0.0036,30.0,0.0035,49.0,33942.0,600.0
2021-01-05 09:38:13.110,0.0036,0.0036,30.0,0.0035,79.0,33942.0,600.0
2021-01-05 09:38:13.690,0.0036,0.0036,28.0,0.0035,79.0,33945.0,603.0
2021-01-05 09:38:14.141,0.0036,0.0036,38.0,0.0035,79.0,33945.0,603.0
2021-01-05 09:38:14.691,0.0036,0.0036,38.0,0.0035,59.0,33945.0,603.0
2021-01-05 09:38:15.150,0.0036,0.0036,25.0,0.0035,59.0,33945.0,603.0
2021-01-05 09:38:15.730,0.0036,0.0036,38.0,0.0035,59.0,33945.0,603.0
2021-01-05 09:38:16.210,0.0036,0.0036,38.0,0.0035,59.0,33945.0,603.0
2021-01-05 09:38:16.731,0.0036,0.0036,38.0,0.0035,59.0,33945.0,603.0
2021-01-05 09:38:19.230,0.0036,0.0036,38.0,0.0035,59.0,33945.0,603.0
2021-01-05 09:38:20.231,0.0036,0.0036,38.0,0.0035,79.0,33945.0,603.0
2021-01-05 09:38:22.661,0.0036,0.0036,38.0,0.0035,79.0,33945.0,603.0
2021-01-05 09:38:25.101,0.0036,0.0036,25.0,0.0035,79.0,33945.0,603.0
2021-01-05 09:38:25.700,0.0036,0.0036,37.0,0.0035,59.0,33946.0,604.0
2021-01-05 09:38:26.100,0.0036,0.0036,38.0,0.0035,59.0,33946.0,604.0
2021-01-05 09:38:29.191,0.0036,0.0036,25.0,0.0035,59.0,33946.0,604.0
2021-01-05 09:38:29.621,0.0036,0.0036,25.0,0.0035,59.0,33946.0,604.0
2021-01-05 09:38:30.670,0.0036,0.0036,38.0,0.0035,59.0,33946.0,604.0
2021-01-05 09:38:31.700,0.0036,0.0036,25.0,0.0035,59.0,33946.0,604.0
2021-01-05 09:38:32.171,0.0036,0.0036,38.0,0.0035,59.0,33946.0,604.0
2021-01-05 09:38:32.701,0.0036,0.0036,38.0,0.0035,79.0,33946.0,604.0
2021-01-05 09:38:33.700,0.0036,0.0036,38.0,0.0035,79.0,33946.0,604.0
2021-01-05 09:38:34.701,0.0036,0.0036,25.0,0.0035,79.0,33946.0,604.0
2021-01-05 09:38:35.700,0.0036,0.0036,38.0,0.0035,79.0,33946.0,604.0
2021-01-05 09:38:37.160,0.0036,0.0036,25.0,0.0035,79.0,33946.0,604.0
2021-01-05 09:38:37.680,0.0036,0.0036,38.0,0.0035,79.0,33946.0,604.0
2021-01-05 09:38:38.161,0.0036,0.0036,25.0,0.0035,79.0,33946.0,604.0
2021-01-05 09:38:38.660,0.0036,0.0036,38.0,0.0035,79.0,33946.0,604.0
2021-01-05 09:38:39.161,0.0036,0.0036,25.0,0.0035,79.0,33946.0,604.0
2021-01-05 09:38:40.201,0.0036,0.0037,23.0,0.0035,49.0,33976.0,634.0
2021-01-05 09:38:40.670,0.0036,0.0037,58.0,0.0035,79.0,33976.0,634.0
2021-01-05 09:38:41.190,0.0036,0.0037,58.0,0.0035,79.0,33976.0,634.0
2021-01-05 09:38:41.670,0.0036,0.0037,58.0,0.0035,79.0,33976.0,634.0
2021-01-05 09:38:42.191,0.0036,0.0037,58.0,0.0035,79.0,33976.0,634.0
2021-01-05 09:38:42.700,0.0036,0.0037,58.0,0.0035,79.0,33976.0,634.0
2021-01-05 09:38:43.190,0.0036,0.0037,58.0,0.0035,79.0,33976.0,634.0
2021-01-05 09:38:43.701,0.0036,0.0037,58.0,0.0035,79.0,33976.0,634.0
2021-01-05 09:38:44.200,0.0036,0.0037,58.0,0.0035,129.0,33976.0,634.0
2021-01-05 09:38:44.621,0.0036,0.0037,75.0,0.0035,142.0,33976.0,634.0
2021-01-05 09:38:45.201,0.0036,0.0037,75.0,0.0035,79.0,33976.0,634.0
2021-01-05 09:38:45.580,0.0036,0.0037,88.0,0.0035,79.0,33976.0,634.0
2021-01-05 09:38:46.200,0.0036,0.0037,88.0,0.0035,79.0,33976.0,634.0
2021-01-05 09:38:46.631,0.0036,0.0037,88.0,0.0035,79.0,33976.0,634.0
2021-01-05 09:38:47.140,0.0036,0.0037,88.0,0.0035,79.0,33976.0,634.0
2021-01-05 09:38:47.691,0.0036,0.0037,88.0,0.0035,79.0,33976.0,634.0
2021-01-05 09:38:48.200,0.0036,0.0037,88.0,0.0035,79.0,33976.0,634.0
2021-01-05 09:38:49.130,0.0036,0.0036,15.0,0.0035,79.0,33976.0,634.0
2021-01-05 09:38:49.670,0.0036,0.0036,15.0,0.0035,49.0,33976.0,634.0
2021-01-05 09:38:50.091,0.0036,0.0036,13.0,0.0035,49.0,33976.0,634.0
2021-01-05 09:38:50.651,0.0036,0.0037,88.0,0.0035,49.0,33976.0,634.0
2021-01-05 09:38:51.170,0.0036,0.0037,88.0,0.0035,79.0,33976.0,634.0
2021-01-05 09:38:51.691,0.0036,0.0037,88.0,0.0035,79.0,33976.0,634.0
2021-01-05 09:38:52.150,0.0036,0.0037,75.0,0.0035,79.0,33976.0,634.0
2021-01-05 09:38:52.630,0.0036,0.0037,88.0,0.0035,79.0,33976.0,634.0
2021-01-05 09:38:53.191,0.0036,0.0037,75.0,0.0035,92.0,33976.0,634.0
2021-01-05 09:38:54.200,0.0036,0.0037,75.0,0.0035,92.0,33976.0,634.0
2021-01-05 09:38:54.690,0.0036,0.0037,65.0,0.0035,92.0,33976.0,634.0
2021-01-05 09:38:55.191,0.0036,0.0037,65.0,0.0035,92.0,33976.0,634.0
2021-01-05 09:38:55.700,0.0036,0.0037,78.0,0.0035,79.0,33976.0,634.0
2021-01-05 09:38:56.190,0.0036,0.0037,78.0,0.0035,129.0,33976.0,634.0
2021-01-05 09:38:56.661,0.0036,0.0037,65.0,0.0035,142.0,33976.0,634.0
2021-01-05 09:38:57.200,0.0036,0.0037,78.0,0.0035,129.0,33976.0,634.0
2021-01-05 09:38:57.640,0.0036,0.0037,78.0,0.0035,129.0,33976.0,634.0
2021-01-05 09:38:58.190,0.0036,0.0037,78.0,0.0035,129.0,33976.0,634.0
2021-01-05 09:38:58.670,0.0036,0.0037,78.0,0.0035,129.0,33976.0,634.0
2021-01-05 09:38:59.060,0.0036,0.0037,78.0,0.0035,79.0,33976.0,634.0
2021-01-05 09:39:00.140,0.0036,0.0037,78.0,0.0035,79.0,33976.0,634.0
2021-01-05 09:39:00.660,0.0036,0.0037,65.0,0.0035,92.0,33976.0,634.0
2021-01-05 09:39:01.160,0.0036,0.0037,65.0,0.0035,92.0,33976.0,634.0
2021-01-05 09:39:01.700,0.0036,0.0037,50.0,0.0035,92.0,33976.0,634.0
2021-01-05 09:39:02.170,0.0036,0.0037,65.0,0.0035,79.0,33976.0,634.0
2021-01-05 09:39:02.660,0.0036,0.0037,78.0,0.0035,59.0,33976.0,634.0
2021-01-05 09:39:03.150,0.0036,0.0037,78.0,0.0035,59.0,33976.0,634.0
2021-01-05 09:39:03.671,0.0036,0.0037,65.0,0.0035,72.0,33976.0,634.0
2021-01-05 09:39:04.161,0.0036,0.0037,50.0,0.0035,72.0,33976.0,634.0
2021-01-05 09:39:04.610,0.0036,0.0037,50.0,0.0035,72.0,33976.0,634.0
2021-01-05 09:39:05.211,0.0036,0.0037,63.0,0.0035,59.0,33976.0,634.0
2021-01-05 09:39:05.701,0.0036,0.0037,63.0,0.0035,59.0,33976.0,634.0
2021-01-05 09:39:06.191,0.0036,0.0037,65.0,0.0035,72.0,33976.0,634.0
2021-01-05 09:39:06.650,0.0036,0.0037,50.0,0.0035,59.0,33976.0,634.0
2021-01-05 09:39:07.200,0.0036,0.0037,78.0,0.0035,59.0,33976.0,634.0
2021-01-05 09:39:07.680,0.0036,0.0037,78.0,0.0035,79.0,33976.0,634.0
2021-01-05 09:39:08.131,0.0036,0.0037,78.0,0.0035,79.0,33976.0,634.0
2021-01-05 09:39:09.161,0.0036,0.0037,63.0,0.0035,79.0,33976.0,634.0
2021-01-05 09:39:09.601,0.0036,0.0037,78.0,0.0035,79.0,33976.0,634.0
2021-01-05 09:39:10.721,0.0036,0.0037,50.0,0.0035,92.0,33976.0,634.0
2021-01-05 09:39:11.201,0.0036,0.0037,35.0,0.0035,92.0,33976.0,634.0
2021-01-05 09:39:11.701,0.0036,0.0037,20.0,0.0035,92.0,33976.0,634.0
2021-01-05 09:39:12.150,0.0036,0.0037,65.0,0.0035,92.0,33976.0,634.0
2021-01-05 09:39:13.720,0.0036,0.0037,78.0,0.0035,79.0,33976.0,634.0
2021-01-05 09:39:14.160,0.0036,0.0037,78.0,0.0035,79.0,33976.0,634.0
2021-01-05 09:39:15.220,0.0036,0.0037,65.0,0.0035,79.0,33976.0,634.0
2021-01-05 09:39:15.720,0.0036,0.0037,65.0,0.0035,92.0,33976.0,634.0
2021-01-05 09:39:16.721,0.0036,0.0037,65.0,0.0035,92.0,33976.0,634.0
2021-01-05 09:39:17.151,0.0036,0.0037,65.0,0.0035,142.0,33976.0,634.0
2021-01-05 09:39:17.650,0.0036,0.0037,50.0,0.0035,142.0,33976.0,634.0
2021-01-05 09:39:18.221,0.0036,0.0037,50.0,0.0035,142.0,33976.0,634.0
2021-01-05 09:39:18.671,0.0036,0.0037,78.0,0.0035,129.0,33976.0,634.0
2021-01-05 09:39:19.710,0.0036,0.0037,65.0,0.0035,129.0,33976.0,634.0
2021-01-05 09:39:20.221,0.0036,0.0037,65.0,0.0035,142.0,33976.0,634.0
2021-01-05 09:39:20.741,0.0036,0.0037,20.0,0.0035,142.0,33976.0,634.0
2021-01-05 09:39:21.231,0.0036,0.0037,50.0,0.0035,142.0,33976.0,634.0
2021-01-05 09:39:21.671,0.0036,0.0037,50.0,0.0035,142.0,33976.0,634.0
2021-01-05 09:39:22.651,0.0036,0.0037,20.0,0.0035,142.0,33976.0,634.0
2021-01-05 09:39:23.200,0.0036,0.0037,20.0,0.0035,142.0,33976.0,634.0
2021-01-05 09:39:23.710,0.0036,0.0037,50.0,0.0035,142.0,33976.0,634.0
2021-01-05 09:39:24.670,0.0036,0.0037,20.0,0.0035,142.0,33976.0,634.0
2021-01-05 09:39:26.681,0.0036,0.0037,20.0,0.0035,142.0,33976.0,634.0
2021-01-05 09:39:29.721,0.0036,0.0037,20.0,0.0035,142.0,33976.0,634.0
2021-01-05 09:39:30.220,0.0036,0.0037,50.0,0.0035,142.0,33976.0,634.0
2021-01-05 09:39:30.721,0.0036,0.0037,20.0,0.0035,142.0,33976.0,634.0
2021-01-05 09:39:31.121,0.0036,0.0037,20.0,0.0036,5.0,33976.0,634.0
2021-01-05 09:39:31.701,0.0036,0.0037,20.0,0.0036,5.0,33976.0,634.0
2021-01-05 09:39:32.141,0.0036,0.0037,20.0,0.0036,25.0,33976.0,634.0
2021-01-05 09:39:32.700,0.0036,0.0037,20.0,0.0036,25.0,33976.0,634.0
2021-01-05 09:39:33.180,0.0036,0.0037,20.0,0.0036,45.0,33976.0,634.0
2021-01-05 09:39:39.751,0.0036,0.0037,20.0,0.0036,45.0,33976.0,634.0
2021-01-05 09:39:40.200,0.0036,0.0037,20.0,0.0036,45.0,33976.0,634.0
2021-01-05 09:39:41.220,0.0036,0.0037,50.0,0.0036,45.0,33976.0,634.0
2021-01-05 09:39:41.750,0.0036,0.0037,20.0,0.0036,45.0,33976.0,634.0
2021-01-05 09:39:42.740,0.0036,0.0037,50.0,0.0036,25.0,33976.0,634.0
2021-01-05 09:39:44.680,0.0036,0.0037,65.0,0.0036,45.0,33976.0,634.0
2021-01-05 09:39:45.251,0.0036,0.0037,50.0,0.0036,45.0,33976.0,634.0
2021-01-05 09:39:46.190,0.0036,0.0037,20.0,0.0036,43.0,33978.0,636.0
2021-01-05 09:39:46.711,0.0036,0.0037,20.0,0.0036,56.0,33978.0,636.0
2021-01-05 09:39:48.221,0.0036,0.0037,20.0,0.0036,43.0,33978.0,636.0
2021-01-05 09:39:49.241,0.0036,0.0037,20.0,0.0036,73.0,33978.0,636.0
2021-01-05 09:39:50.710,0.0036,0.0037,20.0,0.0036,73.0,33978.0,636.0
2021-01-05 09:39:51.241,0.0036,0.0037,20.0,0.0036,86.0,33978.0,636.0
2021-01-05 09:39:51.730,0.0036,0.0037,20.0,0.0036,73.0,33978.0,636.0
2021-01-05 09:39:52.251,0.0036,0.0037,20.0,0.0036,73.0,33978.0,636.0
2021-01-05 09:39:52.670,0.0037,0.0038,58.0,0.0036,73.0,33998.0,656.0
2021-01-05 09:39:53.181,0.0037,0.0038,78.0,0.0036,73.0,33998.0,656.0
2021-01-05 09:39:53.630,0.0037,0.0038,78.0,0.0036,43.0,33998.0,656.0
2021-01-05 09:39:54.191,0.0037,0.0038,78.0,0.0036,43.0,33998.0,656.0
2021-01-05 09:39:55.181,0.0037,0.0038,78.0,0.0036,73.0,33998.0,656.0
2021-01-05 09:39:55.640,0.0037,0.0038,78.0,0.0036,73.0,33998.0,656.0
2021-01-05 09:39:56.120,0.0037,0.0038,65.0,0.0036,86.0,33998.0,656.0
2021-01-05 09:39:56.691,0.0037,0.0038,78.0,0.0036,53.0,33998.0,656.0
2021-01-05 09:39:57.181,0.0037,0.0038,78.0,0.0036,73.0,33998.0,656.0
2021-01-05 09:39:58.201,0.0037,0.0038,78.0,0.0036,73.0,33998.0,656.0
2021-01-05 09:39:58.600,0.0037,0.0038,78.0,0.0036,73.0,33998.0,656.0
2021-01-05 09:39:59.061,0.0037,0.0038,78.0,0.0036,73.0,33998.0,656.0
2021-01-05 09:40:00.181,0.0037,0.0037,15.0,0.0036,73.0,33998.0,656.0
2021-01-05 09:40:00.610,0.0037,0.0038,63.0,0.0036,73.0,33998.0,656.0
2021-01-05 09:40:01.201,0.0037,0.0038,78.0,0.0036,73.0,33998.0,656.0
2021-01-05 09:40:01.570,0.0037,0.0038,78.0,0.0036,73.0,33998.0,656.0
2021-01-05 09:40:02.141,0.0037,0.0037,15.0,0.0036,73.0,33998.0,656.0
2021-01-05 09:40:02.671,0.0037,0.0038,65.0,0.0036,43.0,33998.0,656.0
2021-01-05 09:40:03.171,0.0037,0.0038,80.0,0.0036,43.0,33998.0,656.0
2021-01-05 09:40:03.691,0.0037,0.0037,15.0,0.0036,43.0,33998.0,656.0
2021-01-05 09:40:04.160,0.0037,0.0037,15.0,0.0036,43.0,33998.0,656.0
2021-01-05 09:40:04.700,0.0037,0.0038,65.0,0.0036,43.0,33998.0,656.0
2021-01-05 09:40:05.170,0.0037,0.0038,80.0,0.0036,43.0,33998.0,656.0
2021-01-05 09:40:05.701,0.0037,0.0038,80.0,0.0036,43.0,33998.0,656.0
2021-01-05 09:40:06.200,0.0037,0.0038,80.0,0.0036,43.0,33998.0,656.0
2021-01-05 09:40:06.701,0.0037,0.0038,80.0,0.0036,43.0,33998.0,656.0
2021-01-05 09:40:07.191,0.0037,0.0038,80.0,0.0037,4.0,33998.0,656.0
2021-01-05 09:40:07.700,0.0037,0.0038,80.0,0.0037,4.0,33998.0,656.0
2021-01-05 09:40:08.110,0.0037,0.0037,41.0,0.0036,43.0,34002.0,660.0
2021-01-05 09:40:08.690,0.0037,0.0037,41.0,0.0036,43.0,34002.0,660.0
2021-01-05 09:40:09.191,0.0037,0.0037,41.0,0.0036,43.0,34002.0,660.0
2021-01-05 09:40:11.671,0.0037,0.0037,56.0,0.0036,43.0,34002.0,660.0
2021-01-05 09:40:12.190,0.0037,0.0037,56.0,0.0036,23.0,34002.0,660.0
2021-01-05 09:40:12.680,0.0037,0.0037,41.0,0.0036,23.0,34002.0,660.0
2021-01-05 09:40:13.170,0.0037,0.0037,56.0,0.0036,23.0,34002.0,660.0
2021-01-05 09:40:16.610,0.0037,0.0037,41.0,0.0036,23.0,34002.0,660.0
2021-01-05 09:40:17.191,0.0037,0.0037,56.0,0.0036,23.0,34002.0,660.0
2021-01-05 09:40:18.161,0.0037,0.0037,41.0,0.0036,23.0,34002.0,660.0
2021-01-05 09:40:18.701,0.0037,0.0037,56.0,0.0036,3.0,34002.0,660.0
2021-01-05 09:40:19.711,0.0037,0.0037,41.0,0.0036,3.0,34002.0,660.0
2021-01-05 09:40:20.191,0.0037,0.0037,41.0,0.0036,3.0,34002.0,660.0
2021-01-05 09:40:20.691,0.0037,0.0037,26.0,0.0036,23.0,34002.0,660.0
2021-01-05 09:40:21.200,0.0037,0.0037,41.0,0.0036,3.0,34002.0,660.0
2021-01-05 09:40:21.701,0.0037,0.0037,56.0,0.0036,23.0,34002.0,660.0
2021-01-05 09:40:23.200,0.0037,0.0037,41.0,0.0036,23.0,34002.0,660.0
2021-01-05 09:40:23.701,0.0036,0.0036,77.0,0.0035,84.0,34025.0,683.0
2021-01-05 09:40:24.160,0.0036,0.0036,77.0,0.0035,69.0,34025.0,683.0
2021-01-05 09:40:24.681,0.0036,0.0036,77.0,0.0035,69.0,34025.0,683.0
2021-01-05 09:40:25.121,0.0036,0.0036,77.0,0.0035,84.0,34025.0,683.0
2021-01-05 09:40:26.181,0.0036,0.0036,77.0,0.0035,89.0,34025.0,683.0
2021-01-05 09:40:26.650,0.0036,0.0036,77.0,0.0035,89.0,34025.0,683.0
2021-01-05 09:40:27.140,0.0036,0.0036,77.0,0.0035,104.0,34025.0,683.0
2021-01-05 09:40:27.701,0.0036,0.0036,77.0,0.0035,154.0,34025.0,683.0
2021-01-05 09:40:28.110,0.0036,0.0036,77.0,0.0035,139.0,34025.0,683.0
2021-01-05 09:40:28.690,0.0036,0.0036,77.0,0.0035,139.0,34025.0,683.0
2021-01-05 09:40:32.611,0.0036,0.0036,92.0,0.0035,139.0,34025.0,683.0
2021-01-05 09:40:33.180,0.0036,0.0036,92.0,0.0035,109.0,34025.0,683.0
2021-01-05 09:40:33.551,0.0036,0.0036,92.0,0.0035,59.0,34025.0,683.0
2021-01-05 09:40:34.171,0.0036,0.0036,77.0,0.0035,59.0,34025.0,683.0
2021-01-05 09:40:34.601,0.0036,0.0036,77.0,0.0035,59.0,34025.0,683.0
2021-01-05 09:40:35.201,0.0036,0.0036,77.0,0.0035,89.0,34025.0,683.0
2021-01-05 09:40:35.681,0.0036,0.0036,97.0,0.0035,89.0,34025.0,683.0
2021-01-05 09:40:36.620,0.0036,0.0036,97.0,0.0035,89.0,34025.0,683.0
2021-01-05 09:40:37.700,0.0036,0.0036,97.0,0.0035,139.0,34025.0,683.0
2021-01-05 09:40:38.651,0.0036,0.0036,97.0,0.0035,139.0,34025.0,683.0
2021-01-05 09:40:40.061,0.0036,0.0036,97.0,0.0035,109.0,34025.0,683.0
2021-01-05 09:40:41.640,0.0036,0.0036,127.0,0.0035,59.0,34025.0,683.0
2021-01-05 09:40:42.601,0.0036,0.0036,127.0,0.0035,74.0,34025.0,683.0
2021-01-05 09:40:43.191,0.0036,0.0036,127.0,0.0035,59.0,34025.0,683.0
2021-01-05 09:40:51.021,0.0036,0.0036,127.0,0.0035,59.0,34025.0,683.0
2021-01-05 09:40:52.181,0.0036,0.0036,127.0,0.0035,59.0,34025.0,683.0
2021-01-05 09:40:53.611,0.0036,0.0036,127.0,0.0035,39.0,34025.0,683.0
2021-01-05 09:40:54.141,0.0036,0.0036,127.0,0.0035,59.0,34025.0,683.0
2021-01-05 09:40:54.141,0.0036,0.0036,127.0,0.0035,39.0,34025.0,683.0
2021-01-05 09:40:55.111,0.0036,0.0036,127.0,0.0035,59.0,34025.0,683.0
2021-01-05 09:40:56.121,0.0036,0.0036,127.0,0.0035,59.0,34025.0,683.0
2021-01-05 09:40:56.711,0.0036,0.0036,127.0,0.0035,59.0,34025.0,683.0
2021-01-05 09:40:57.180,0.0036,0.0036,127.0,0.0035,59.0,34025.0,683.0
2021-01-05 09:40:58.200,0.0036,0.0036,142.0,0.0035,59.0,34025.0,683.0
2021-01-05 09:40:58.980,0.0036,0.0036,127.0,0.0035,59.0,34025.0,683.0
2021-01-05 09:40:59.721,0.0035,0.0036,157.0,0.0035,58.0,34026.0,684.0
2021-01-05 09:41:00.571,0.0035,0.0036,177.0,0.0035,58.0,34026.0,684.0
2021-01-05 09:41:03.110,0.0035,0.0036,162.0,0.0035,58.0,34026.0,684.0
2021-01-05 09:41:04.180,0.0035,0.0036,147.0,0.0035,58.0,34026.0,684.0
2021-01-05 09:41:05.220,0.0035,0.0036,162.0,0.0035,8.0,34073.0,734.0
2021-01-05 09:41:05.660,0.0035,0.0036,162.0,0.0034,149.0,34073.0,734.0
2021-01-05 09:41:06.710,0.0035,0.0036,147.0,0.0034,149.0,34073.0,734.0
2021-01-05 09:41:07.100,0.0035,0.0036,147.0,0.0034,149.0,34073.0,734.0
2021-01-05 09:41:07.611,0.0035,0.0036,147.0,0.0034,169.0,34073.0,734.0
2021-01-05 09:41:11.210,0.0035,0.0036,147.0,0.0035,50.0,34073.0,734.0
2021-01-05 09:41:11.711,0.0035,0.0036,147.0,0.0035,50.0,34073.0,734.0
2021-01-05 09:41:12.151,0.0035,0.0036,147.0,0.0035,70.0,34073.0,734.0
2021-01-05 09:41:12.710,0.0035,0.0036,147.0,0.0035,70.0,34073.0,734.0
2021-01-05 09:41:13.161,0.0035,0.0036,177.0,0.0035,70.0,34073.0,734.0
2021-01-05 09:41:13.711,0.0035,0.0036,162.0,0.0035,70.0,34073.0,734.0
2021-01-05 09:41:14.160,0.0035,0.0036,117.0,0.0035,50.0,34073.0,734.0
2021-01-05 09:41:14.671,0.0035,0.0036,147.0,0.0035,50.0,34073.0,734.0
2021-01-05 09:41:15.180,0.0036,0.0036,146.0,0.0035,50.0,34074.0,735.0
2021-01-05 09:41:16.500,0.0036,0.0036,161.0,0.0035,50.0,34074.0,735.0
2021-01-05 09:41:17.211,0.0036,0.0036,146.0,0.0035,50.0,34074.0,735.0
2021-01-05 09:41:17.670,0.0036,0.0036,146.0,0.0035,50.0,34074.0,735.0
2021-01-05 09:41:18.200,0.0036,0.0036,176.0,0.0035,50.0,34074.0,735.0
2021-01-05 09:41:18.661,0.0036,0.0036,161.0,0.0035,50.0,34074.0,735.0
2021-01-05 09:41:19.161,0.0036,0.0036,161.0,0.0035,50.0,34074.0,735.0
2021-01-05 09:41:19.601,0.0036,0.0036,161.0,0.0035,50.0,34074.0,735.0
2021-01-05 09:41:20.070,0.0036,0.0036,161.0,0.0035,50.0,34074.0,735.0
2021-01-05 09:41:20.721,0.0036,0.0036,176.0,0.0035,50.0,34074.0,735.0
2021-01-05 09:41:21.190,0.0036,0.0036,161.0,0.0035,50.0,34074.0,735.0
2021-01-05 09:41:21.551,0.0036,0.0036,161.0,0.0035,50.0,34074.0,735.0
2021-01-05 09:41:22.700,0.0036,0.0036,131.0,0.0035,50.0,34074.0,735.0
2021-01-05 09:41:23.610,0.0036,0.0036,131.0,0.0035,50.0,34074.0,735.0
2021-01-05 09:41:24.171,0.0036,0.0036,161.0,0.0035,50.0,34074.0,735.0
2021-01-05 09:41:24.651,0.0036,0.0036,146.0,0.0035,50.0,34074.0,735.0
2021-01-05 09:41:25.120,0.0036,0.0036,146.0,0.0035,70.0,34074.0,735.0
2021-01-05 09:41:25.641,0.0036,0.0036,161.0,0.0035,70.0,34074.0,735.0
2021-01-05 09:41:26.190,0.0036,0.0036,161.0,0.0035,70.0,34074.0,735.0
2021-01-05 09:41:26.670,0.0036,0.0036,146.0,0.0035,70.0,34074.0,735.0
2021-01-05 09:41:27.131,0.0036,0.0036,131.0,0.0035,70.0,34074.0,735.0
2021-01-05 09:41:28.171,0.0036,0.0036,131.0,0.0035,70.0,34074.0,735.0
2021-01-05 09:41:28.540,0.0036,0.0036,146.0,0.0035,70.0,34074.0,735.0
2021-01-05 09:41:29.001,0.0036,0.0036,131.0,0.0035,70.0,34074.0,735.0
2021-01-05 09:41:30.670,0.0036,0.0036,131.0,0.0035,70.0,34074.0,735.0
2021-01-05 09:41:31.181,0.0036,0.0036,176.0,0.0035,70.0,34074.0,735.0
2021-01-05 09:41:31.700,0.0036,0.0036,161.0,0.0035,85.0,34074.0,735.0
2021-01-05 09:41:32.220,0.0036,0.0036,161.0,0.0035,85.0,34074.0,735.0
2021-01-05 09:41:32.670,0.0036,0.0036,161.0,0.0035,85.0,34074.0,735.0
2021-01-05 09:41:33.171,0.0036,0.0036,161.0,0.0035,85.0,34074.0,735.0
2021-01-05 09:41:33.680,0.0036,0.0036,161.0,0.0035,85.0,34074.0,735.0
2021-01-05 09:41:34.120,0.0036,0.0036,161.0,0.0035,85.0,34074.0,735.0
2021-01-05 09:41:35.221,0.0036,0.0036,161.0,0.0035,90.0,34074.0,735.0
2021-01-05 09:41:35.821,0.0036,0.0036,116.0,0.0035,90.0,34074.0,735.0
2021-01-05 09:41:36.720,0.0036,0.0036,116.0,0.0035,120.0,34074.0,735.0
2021-01-05 09:41:37.210,0.0036,0.0036,116.0,0.0035,120.0,34074.0,735.0
2021-01-05 09:41:37.711,0.0036,0.0036,116.0,0.0035,120.0,34074.0,735.0
2021-01-05 09:41:38.710,0.0036,0.0036,116.0,0.0035,120.0,34074.0,735.0
2021-01-05 09:41:39.221,0.0036,0.0036,131.0,0.0035,120.0,34074.0,735.0
2021-01-05 09:41:39.521,0.0036,0.0036,151.0,0.0035,120.0,34074.0,735.0
2021-01-05 09:41:41.730,0.0036,0.0036,151.0,0.0035,90.0,34074.0,735.0
2021-01-05 09:41:42.690,0.0036,0.0036,181.0,0.0035,90.0,34074.0,735.0
2021-01-05 09:41:46.661,0.0036,0.0036,181.0,0.0035,90.0,34074.0,735.0
2021-01-05 09:41:47.201,0.0036,0.0036,151.0,0.0035,90.0,34074.0,735.0
2021-01-05 09:41:48.740,0.0036,0.0036,136.0,0.0035,90.0,34074.0,735.0
2021-01-05 09:41:49.191,0.0036,0.0036,181.0,0.0035,90.0,34074.0,735.0
2021-01-05 09:41:49.451,0.0036,0.0036,136.0,0.0035,90.0,34074.0,735.0
2021-01-05 09:41:50.231,0.0036,0.0036,136.0,0.0035,120.0,34074.0,735.0
2021-01-05 09:41:51.251,0.0036,0.0036,136.0,0.0035,90.0,34074.0,735.0
2021-01-05 09:41:51.760,0.0036,0.0036,136.0,0.0035,90.0,34074.0,735.0
2021-01-05 09:41:52.261,0.0036,0.0036,151.0,0.0035,90.0,34074.0,735.0
2021-01-05 09:41:52.690,0.0036,0.0036,131.0,0.0035,90.0,34094.0,755.0
2021-01-05 09:41:53.201,0.0036,0.0036,96.0,0.0035,135.0,34094.0,755.0
2021-01-05 09:41:54.161,0.0036,0.0036,96.0,0.0035,120.0,34094.0,755.0
2021-01-05 09:41:55.160,0.0036,0.0036,6.0,0.0035,70.0,34114.0,845.0
2021-01-05 09:41:55.671,0.0036,0.0036,26.0,0.0035,70.0,34114.0,845.0
2021-01-05 09:41:56.151,0.0036,0.0036,41.0,0.0035,70.0,34114.0,845.0
2021-01-05 09:41:56.680,0.0036,0.0036,41.0,0.0035,70.0,34114.0,845.0
2021-01-05 09:41:57.110,0.0036,0.0036,41.0,0.0035,70.0,34114.0,845.0
2021-01-05 09:41:58.660,0.0036,0.0036,41.0,0.0035,70.0,34114.0,845.0
2021-01-05 09:41:59.131,0.0036,0.0036,41.0,0.0035,85.0,34114.0,845.0
2021-01-05 09:42:00.151,0.0036,0.0036,41.0,0.0035,55.0,34114.0,845.0
2021-01-05 09:42:00.701,0.0036,0.0036,41.0,0.0035,70.0,34114.0,845.0
2021-01-05 09:42:07.230,0.0036,0.0036,41.0,0.0035,70.0,34114.0,845.0
2021-01-05 09:42:08.660,0.0036,0.0036,41.0,0.0035,40.0,34114.0,845.0
2021-01-05 09:42:09.230,0.0036,0.0036,26.0,0.0035,55.0,34114.0,845.0
2021-01-05 09:42:09.551,0.0036,0.0036,26.0,0.0035,55.0,34114.0,845.0
2021-01-05 09:42:10.220,0.0036,0.0036,26.0,0.0035,55.0,34114.0,845.0
2021-01-05 09:42:10.220,0.0036,0.0036,26.0,0.0035,55.0,34114.0,845.0
2021-01-05 09:42:11.211,0.0036,0.0036,6.0,0.0035,105.0,34134.0,865.0
2021-01-05 09:42:11.720,0.0036,0.0036,16.0,0.0035,135.0,34134.0,865.0
2021-01-05 09:42:13.211,0.0036,0.0036,16.0,0.0035,135.0,34134.0,865.0
2021-01-05 09:42:13.731,0.0036,0.0036,16.0,0.0035,135.0,34134.0,865.0
2021-01-05 09:42:18.100,0.0036,0.0036,16.0,0.0035,136.0,34134.0,865.0
2021-01-05 09:42:20.751,0.0036,0.0037,55.0,0.0035,121.0,34134.0,881.0
2021-01-05 09:42:21.621,0.0036,0.0037,40.0,0.0035,136.0,34134.0,881.0
2021-01-05 09:42:22.221,0.0036,0.0037,40.0,0.0035,136.0,34134.0,881.0
2021-01-05 09:42:23.191,0.0036,0.0037,40.0,0.0035,136.0,34134.0,881.0
2021-01-05 09:42:24.151,0.0036,0.0037,40.0,0.0036,15.0,34134.0,881.0
2021-01-05 09:42:24.670,0.0037,0.0038,50.0,0.0035,136.0,34174.0,921.0
2021-01-05 09:42:25.200,0.0037,0.0038,50.0,0.0037,30.0,34204.0,951.0
2021-01-05 09:42:25.511,0.0037,0.0038,65.0,0.0037,30.0,34204.0,951.0
2021-01-05 09:42:25.940,0.0037,0.0038,65.0,0.0037,30.0,34204.0,951.0
2021-01-05 09:42:26.701,0.0037,0.0038,45.0,0.0037,30.0,34204.0,951.0
2021-01-05 09:42:27.171,0.0037,0.0038,60.0,0.0037,30.0,34204.0,951.0
2021-01-05 09:42:27.651,0.0037,0.0038,60.0,0.0037,30.0,34204.0,951.0
2021-01-05 09:42:28.130,0.0037,0.0038,45.0,0.0037,30.0,34204.0,951.0
2021-01-05 09:42:28.641,0.0037,0.0038,60.0,0.0037,30.0,34204.0,951.0
2021-01-05 09:42:29.211,0.0037,0.0038,45.0,0.0037,30.0,34204.0,951.0
2021-01-05 09:42:29.720,0.0037,0.0038,45.0,0.0037,30.0,34204.0,951.0
2021-01-05 09:42:30.110,0.0037,0.0038,45.0,0.0037,30.0,34204.0,951.0
2021-01-05 09:42:30.710,0.0037,0.0038,60.0,0.0037,30.0,34204.0,951.0
2021-01-05 09:42:31.200,0.0037,0.0038,45.0,0.0037,30.0,34204.0,951.0
2021-01-05 09:42:31.720,0.0037,0.0038,45.0,0.0037,30.0,34204.0,951.0
2021-01-05 09:42:32.131,0.0038,0.0038,45.0,0.0037,30.0,34205.0,952.0
2021-01-05 09:42:32.721,0.0038,0.0038,45.0,0.0037,30.0,34205.0,952.0
2021-01-05 09:42:33.121,0.0038,0.0038,65.0,0.0037,30.0,34205.0,952.0
2021-01-05 09:42:33.720,0.0038,0.0038,65.0,0.0037,30.0,34205.0,952.0
2021-01-05 09:42:34.210,0.0038,0.0038,65.0,0.0037,30.0,34205.0,952.0
2021-01-05 09:42:34.731,0.0038,0.0038,65.0,0.0037,30.0,34205.0,952.0
2021-01-05 09:42:37.251,0.0038,0.0038,65.0,0.0037,30.0,34205.0,952.0
2021-01-05 09:42:37.751,0.0038,0.0038,65.0,0.0037,30.0,34205.0,952.0
2021-01-05 09:42:38.200,0.0038,0.0038,65.0,0.0037,45.0,34205.0,952.0
2021-01-05 09:42:39.220,0.0038,0.0038,65.0,0.0037,45.0,34205.0,952.0
2021-01-05 09:42:39.530,0.0038,0.0038,65.0,0.0037,30.0,34205.0,952.0
2021-01-05 09:42:40.150,0.0038,0.0038,65.0,0.0037,45.0,34205.0,952.0
2021-01-05 09:42:40.721,0.0038,0.0038,65.0,0.0037,30.0,34205.0,952.0
2021-01-05 09:42:41.731,0.0038,0.0038,35.0,0.0037,30.0,34205.0,952.0
2021-01-05 09:42:42.711,0.0038,0.0038,65.0,0.0037,30.0,34205.0,952.0
2021-01-05 09:42:43.251,0.0037,0.0038,50.0,0.0037,10.0,34225.0,972.0
2021-01-05 09:42:43.741,0.0037,0.0038,75.0,0.0037,10.0,34225.0,972.0
2021-01-05 09:42:44.211,0.0037,0.0038,75.0,0.0037,10.0,34225.0,972.0
2021-01-05 09:42:44.751,0.0037,0.0038,75.0,0.0037,10.0,34225.0,972.0
2021-01-05 09:42:45.191,0.0037,0.0038,75.0,0.0037,10.0,34225.0,972.0
2021-01-05 09:42:45.650,0.0037,0.0038,75.0,0.0037,10.0,34225.0,972.0
2021-01-05 09:42:46.240,0.0037,0.0038,55.0,0.0037,10.0,34225.0,972.0
2021-01-05 09:42:46.741,0.0037,0.0038,55.0,0.0037,10.0,34225.0,972.0
2021-01-05 09:42:47.231,0.0037,0.0038,55.0,0.0037,10.0,34225.0,972.0
2021-01-05 09:42:48.630,0.0037,0.0038,55.0,0.0037,10.0,34225.0,972.0
2021-01-05 09:42:49.110,0.0037,0.0038,55.0,0.0037,10.0,34225.0,972.0
2021-01-05 09:42:49.750,0.0037,0.0038,55.0,0.0037,10.0,34225.0,972.0
2021-01-05 09:42:52.020,0.0037,0.0037,90.0,0.0036,45.0,34235.0,982.0
2021-01-05 09:42:52.601,0.0037,0.0037,90.0,0.0036,65.0,34235.0,982.0
2021-01-05 09:42:53.640,0.0037,0.0037,90.0,0.0036,65.0,34235.0,982.0
2021-01-05 09:42:54.710,0.0037,0.0037,90.0,0.0036,65.0,34235.0,982.0
2021-01-05 09:42:55.701,0.0037,0.0037,90.0,0.0036,65.0,34235.0,982.0
2021-01-05 09:42:57.171,0.0037,0.0037,90.0,0.0036,65.0,34235.0,982.0
2021-01-05 09:42:57.661,0.0037,0.0037,60.0,0.0036,50.0,34235.0,1012.0
2021-01-05 09:42:57.661,0.0037,0.0037,60.0,0.0036,50.0,34235.0,1012.0
2021-01-05 09:42:58.731,0.0037,0.0037,60.0,0.0036,65.0,34235.0,1012.0
2021-01-05 09:42:59.730,0.0037,0.0037,60.0,0.0036,65.0,34235.0,1012.0
2021-01-05 09:43:01.211,0.0037,0.0037,60.0,0.0036,65.0,34235.0,1012.0
2021-01-05 09:43:01.701,0.0037,0.0037,60.0,0.0036,65.0,34235.0,1012.0
2021-01-05 09:43:02.681,0.0037,0.0037,60.0,0.0036,65.0,34235.0,1012.0
2021-01-05 09:43:04.240,0.0037,0.0037,60.0,0.0036,65.0,34235.0,1012.0
2021-01-05 09:43:05.251,0.0037,0.0037,60.0,0.0036,45.0,34235.0,1012.0
2021-01-05 09:43:05.681,0.0037,0.0037,60.0,0.0036,45.0,34235.0,1012.0
2021-01-05 09:43:06.171,0.0037,0.0037,60.0,0.0036,30.0,34235.0,1012.0
2021-01-05 09:43:06.751,0.0037,0.0037,20.0,0.0036,30.0,34265.0,1052.0
2021-01-05 09:43:07.231,0.0037,0.0037,20.0,0.0036,30.0,34265.0,1052.0
2021-01-05 09:43:07.710,0.0037,0.0037,20.0,0.0036,45.0,34265.0,1052.0
2021-01-05 09:43:10.150,0.0037,0.0037,20.0,0.0036,45.0,34265.0,1052.0
2021-01-05 09:43:11.750,0.0037,0.0037,20.0,0.0036,45.0,34265.0,1052.0
2021-01-05 09:43:14.270,0.0037,0.0037,20.0,0.0036,15.0,34265.0,1052.0
2021-01-05 09:43:14.770,0.0037,0.0037,20.0,0.0036,15.0,34265.0,1052.0
2021-01-05 09:43:15.711,0.0037,0.0037,20.0,0.0036,15.0,34265.0,1052.0
2021-01-05 09:43:16.270,0.0037,0.0037,20.0,0.0036,15.0,34265.0,1052.0
2021-01-05 09:43:16.720,0.0037,0.0037,20.0,0.0036,45.0,34265.0,1052.0
2021-01-05 09:43:17.271,0.0037,0.0037,20.0,0.0036,45.0,34265.0,1052.0
2021-01-05 09:43:18.741,0.0037,0.0037,20.0,0.0036,15.0,34265.0,1052.0
2021-01-05 09:43:19.261,0.0037,0.0037,20.0,0.0036,15.0,34265.0,1052.0
2021-01-05 09:43:20.281,0.0037,0.0037,20.0,0.0036,15.0,34265.0,1052.0
2021-01-05 09:43:20.731,0.0037,0.0037,20.0,0.0036,35.0,34265.0,1052.0
2021-01-05 09:43:21.271,0.0037,0.0037,120.0,0.0036,15.0,34265.0,1052.0
2021-01-05 09:43:21.701,0.0037,0.0037,120.0,0.0036,65.0,34265.0,1052.0
2021-01-05 09:43:22.281,0.0037,0.0037,120.0,0.0036,45.0,34265.0,1052.0
2021-01-05 09:43:22.671,0.0037,0.0037,120.0,0.0036,65.0,34265.0,1052.0
2021-01-05 09:43:25.701,0.0037,0.0037,120.0,0.0036,50.0,34265.0,1052.0
2021-01-05 09:43:26.181,0.0037,0.0037,120.0,0.0036,65.0,34265.0,1052.0
2021-01-05 09:43:27.620,0.0037,0.0037,120.0,0.0036,35.0,34265.0,1052.0
2021-01-05 09:43:28.091,0.0037,0.0037,120.0,0.0036,35.0,34265.0,1052.0
2021-01-05 09:43:28.561,0.0037,0.0037,120.0,0.0036,35.0,34265.0,1052.0
2021-01-05 09:43:33.141,0.0037,0.0037,150.0,0.0036,35.0,34265.0,1052.0
2021-01-05 09:43:43.231,0.0037,0.0037,150.0,0.0036,20.0,34265.0,1052.0
2021-01-05 09:43:43.711,0.0037,0.0037,150.0,0.0036,15.0,34265.0,1052.0
2021-01-05 09:43:44.251,0.0037,0.0037,150.0,0.0036,35.0,34265.0,1052.0
2021-01-05 09:43:44.670,0.0037,0.0037,130.0,0.0036,35.0,34285.0,1072.0
2021-01-05 09:43:45.221,0.0037,0.0037,130.0,0.0036,35.0,34285.0,1072.0
2021-01-05 09:43:45.720,0.0037,0.0037,150.0,0.0036,35.0,34285.0,1072.0
2021-01-05 09:43:47.250,0.0037,0.0037,120.0,0.0036,35.0,34285.0,1102.0
2021-01-05 09:43:48.721,0.0037,0.0037,120.0,0.0036,35.0,34285.0,1102.0
2021-01-05 09:43:49.221,0.0037,0.0037,120.0,0.0036,35.0,34285.0,1102.0
2021-01-05 09:43:49.601,0.0037,0.0037,120.0,0.0036,20.0,34285.0,1102.0
2021-01-05 09:43:50.170,0.0037,0.0037,120.0,0.0035,136.0,34285.0,1102.0
2021-01-05 09:43:50.721,0.0037,0.0037,120.0,0.0035,146.0,34285.0,1102.0
2021-01-05 09:43:51.221,0.0037,0.0037,120.0,0.0035,161.0,34285.0,1102.0
2021-01-05 09:43:52.681,0.0037,0.0037,120.0,0.0035,161.0,34285.0,1102.0
2021-01-05 09:43:53.201,0.0037,0.0037,120.0,0.0035,146.0,34285.0,1102.0
2021-01-05 09:43:54.980,0.0037,0.0037,120.0,0.0035,146.0,34285.0,1102.0
2021-01-05 09:43:55.660,0.0037,0.0037,120.0,0.0036,15.0,34285.0,1102.0
2021-01-05 09:43:56.200,0.0037,0.0037,120.0,0.0036,15.0,34285.0,1102.0
2021-01-05 09:43:56.721,0.0037,0.0037,120.0,0.0036,15.0,34285.0,1102.0
2021-01-05 09:43:57.230,0.0037,0.0037,120.0,0.0036,15.0,34285.0,1102.0
2021-01-05 09:43:57.650,0.0037,0.0037,120.0,0.0035,161.0,34285.0,1102.0
2021-01-05 09:43:58.140,0.0037,0.0037,120.0,0.0035,161.0,34285.0,1102.0
2021-01-05 09:43:58.711,0.0037,0.0037,120.0,0.0035,161.0,34285.0,1102.0
2021-01-05 09:43:59.170,0.0037,0.0037,120.0,0.0035,146.0,34285.0,1102.0
2021-01-05 09:44:00.131,0.0037,0.0037,120.0,0.0035,146.0,34285.0,1102.0
2021-01-05 09:44:01.621,0.0037,0.0037,120.0,0.0036,3.0,34285.0,1102.0
2021-01-05 09:44:02.031,0.0037,0.0037,120.0,0.0036,3.0,34285.0,1102.0
2021-01-05 09:44:02.711,0.0037,0.0037,120.0,0.0036,3.0,34285.0,1102.0
2021-01-05 09:44:03.241,0.0037,0.0037,120.0,0.0036,3.0,34285.0,1102.0
2021-01-05 09:44:04.230,0.0037,0.0037,120.0,0.0036,3.0,34285.0,1102.0
2021-01-05 09:44:04.751,0.0037,0.0037,120.0,0.0036,3.0,34285.0,1102.0
2021-01-05 09:44:05.260,0.0037,0.0037,120.0,0.0036,3.0,34285.0,1102.0
2021-01-05 09:44:05.761,0.0037,0.0037,140.0,0.0036,3.0,34285.0,1102.0
2021-01-05 09:44:06.261,0.0037,0.0037,140.0,0.0036,3.0,34285.0,1102.0
2021-01-05 09:44:06.770,0.0037,0.0037,140.0,0.0036,3.0,34285.0,1102.0
2021-01-05 09:44:07.281,0.0037,0.0037,140.0,0.0036,3.0,34285.0,1102.0
2021-01-05 09:44:08.261,0.0037,0.0037,140.0,0.0036,3.0,34285.0,1102.0
2021-01-05 09:44:08.760,0.0037,0.0037,155.0,0.0036,3.0,34285.0,1102.0
2021-01-05 09:44:09.150,0.0037,0.0037,155.0,0.0036,3.0,34285.0,1102.0
2021-01-05 09:44:09.780,0.0037,0.0037,170.0,0.0036,3.0,34285.0,1102.0
2021-01-05 09:44:11.271,0.0037,0.0037,170.0,0.0036,3.0,34285.0,1102.0
2021-01-05 09:44:11.780,0.0037,0.0037,170.0,0.0036,3.0,34285.0,1102.0
2021-01-05 09:44:12.270,0.0037,0.0037,170.0,0.0036,3.0,34285.0,1102.0
2021-01-05 09:44:12.781,0.0037,0.0037,170.0,0.0036,3.0,34285.0,1102.0
2021-01-05 09:44:15.280,0.0037,0.0037,155.0,0.0036,3.0,34285.0,1102.0
2021-01-05 09:44:15.780,0.0037,0.0037,170.0,0.0036,3.0,34285.0,1102.0
2021-01-05 09:44:17.280,0.0037,0.0037,170.0,0.0036,3.0,34285.0,1102.0
2021-01-05 09:44:17.770,0.0037,0.0037,155.0,0.0036,3.0,34285.0,1102.0
2021-01-05 09:44:18.231,0.0037,0.0037,140.0,0.0036,3.0,34285.0,1102.0
2021-01-05 09:44:18.780,0.0037,0.0037,155.0,0.0036,3.0,34285.0,1102.0
2021-01-05 09:44:19.261,0.0037,0.0037,155.0,0.0036,3.0,34285.0,1102.0
2021-01-05 09:44:19.801,0.0037,0.0037,170.0,0.0036,3.0,34285.0,1102.0
2021-01-05 09:44:20.271,0.0036,0.0036,12.0,0.0035,51.0,34288.0,1105.0
2021-01-05 09:44:20.780,0.0036,0.0036,15.0,0.0035,51.0,34288.0,1105.0
2021-01-05 09:44:21.760,0.0036,0.0036,15.0,0.0035,21.0,34288.0,1105.0
2021-01-05 09:44:22.250,0.0036,0.0036,15.0,0.0035,21.0,34288.0,1105.0
2021-01-05 09:44:23.130,0.0036,0.0037,170.0,0.0035,21.0,34288.0,1105.0
2021-01-05 09:44:23.620,0.0036,0.0037,170.0,0.0035,21.0,34288.0,1105.0
2021-01-05 09:44:25.660,0.0036,0.0037,170.0,0.0035,21.0,34288.0,1105.0
2021-01-05 09:44:26.701,0.0036,0.0036,15.0,0.0035,21.0,34288.0,1105.0
2021-01-05 09:44:27.201,0.0036,0.0036,15.0,0.0035,21.0,34288.0,1105.0
2021-01-05 09:44:27.710,0.0036,0.0036,15.0,0.0035,21.0,34288.0,1105.0
2021-01-05 09:44:28.680,0.0036,0.0036,15.0,0.0035,21.0,34288.0,1105.0
2021-01-05 09:44:29.200,0.0036,0.0036,15.0,0.0035,21.0,34288.0,1105.0
2021-01-05 09:44:29.631,0.0036,0.0036,80.0,0.0035,21.0,34288.0,1105.0
2021-01-05 09:44:30.201,0.0036,0.0036,80.0,0.0035,21.0,34288.0,1105.0
2021-01-05 09:44:30.720,0.0036,0.0036,80.0,0.0035,21.0,34288.0,1105.0
2021-01-05 09:44:31.231,0.0036,0.0036,50.0,0.0035,21.0,34288.0,1105.0
2021-01-05 09:44:32.680,0.0036,0.0036,80.0,0.0035,21.0,34288.0,1105.0
2021-01-05 09:44:33.730,0.0036,0.0036,80.0,0.0035,21.0,34288.0,1105.0
2021-01-05 09:44:34.241,0.0036,0.0036,80.0,0.0035,21.0,34288.0,1105.0
2021-01-05 09:44:34.510,0.0036,0.0036,65.0,0.0035,21.0,34288.0,1105.0
2021-01-05 09:44:35.221,0.0035,0.0036,65.0,0.0034,84.0,34308.0,1126.0
2021-01-05 09:44:35.740,0.0035,0.0036,80.0,0.0034,84.0,34308.0,1126.0
2021-01-05 09:44:36.220,0.0035,0.0036,80.0,0.0034,84.0,34308.0,1126.0
2021-01-05 09:44:37.240,0.0035,0.0036,80.0,0.0034,84.0,34308.0,1126.0
2021-01-05 09:44:37.751,0.0035,0.0035,10.0,0.0034,84.0,34318.0,1136.0
2021-01-05 09:44:38.201,0.0035,0.0035,10.0,0.0034,84.0,34318.0,1136.0
2021-01-05 09:44:38.731,0.0035,0.0035,10.0,0.0034,84.0,34318.0,1136.0
2021-01-05 09:44:39.240,0.0035,0.0035,10.0,0.0034,84.0,34318.0,1136.0
2021-01-05 09:44:39.661,0.0035,0.0035,10.0,0.0034,84.0,34318.0,1136.0
2021-01-05 09:44:40.740,0.0035,0.0035,10.0,0.0034,54.0,34318.0,1136.0
2021-01-05 09:44:42.450,0.0035,0.0035,25.0,0.0034,84.0,34318.0,1136.0
2021-01-05 09:44:43.760,0.0035,0.0035,10.0,0.0034,84.0,34318.0,1136.0
2021-01-05 09:44:44.260,0.0035,0.0035,10.0,0.0034,84.0,34318.0,1136.0
2021-01-05 09:44:44.761,0.0035,0.0035,25.0,0.0034,84.0,34318.0,1136.0
2021-01-05 09:44:45.261,0.0035,0.0035,10.0,0.0034,84.0,34318.0,1136.0
2021-01-05 09:44:45.760,0.0035,0.0035,10.0,0.0034,84.0,34318.0,1136.0
2021-01-05 09:44:46.271,0.0035,0.0035,25.0,0.0034,84.0,34318.0,1136.0
2021-01-05 09:44:46.771,0.0035,0.0035,40.0,0.0034,84.0,34318.0,1136.0
2021-01-05 09:44:47.251,0.0035,0.0035,40.0,0.0034,84.0,34318.0,1136.0
2021-01-05 09:44:47.770,0.0035,0.0035,40.0,0.0034,84.0,34318.0,1136.0
2021-01-05 09:44:49.270,0.0035,0.0035,40.0,0.0034,84.0,34318.0,1136.0
2021-01-05 09:44:50.300,0.0035,0.0035,40.0,0.0034,84.0,34318.0,1136.0
2021-01-05 09:44:52.311,0.0035,0.0035,40.0,0.0034,84.0,34318.0,1136.0
2021-01-05 09:44:54.970,0.0035,0.0035,40.0,0.0034,84.0,34318.0,1136.0
2021-01-05 09:44:55.700,0.0035,0.0035,40.0,0.0034,84.0,34318.0,1136.0
2021-01-05 09:44:56.720,0.0035,0.0035,40.0,0.0034,84.0,34318.0,1136.0
2021-01-05 09:44:58.120,0.0034,0.0035,25.0,0.0034,69.0,34332.0,1151.0
2021-01-05 09:44:58.720,0.0034,0.0035,60.0,0.0034,66.0,34335.0,1154.0
2021-01-05 09:44:59.190,0.0034,0.0035,60.0,0.0034,36.0,34335.0,1154.0
2021-01-05 09:45:00.061,0.0034,0.0035,90.0,0.0034,36.0,34335.0,1154.0
2021-01-05 09:45:02.061,0.0034,0.0035,110.0,0.0034,36.0,34335.0,1154.0
2021-01-05 09:45:02.710,0.0034,0.0035,90.0,0.0034,36.0,34335.0,1154.0
2021-01-05 09:45:03.680,0.0034,0.0035,110.0,0.0034,36.0,34335.0,1154.0
2021-01-05 09:45:05.720,0.0034,0.0035,110.0,0.0034,36.0,34335.0,1154.0
2021-01-05 09:45:06.220,0.0034,0.0035,120.0,0.0034,36.0,34335.0,1154.0
2021-01-05 09:45:06.721,0.0034,0.0035,120.0,0.0034,36.0,34335.0,1154.0
2021-01-05 09:45:07.720,0.0034,0.0035,120.0,0.0034,36.0,34335.0,1154.0
2021-01-05 09:45:08.181,0.0034,0.0035,120.0,0.0034,36.0,34335.0,1154.0
2021-01-05 09:45:08.700,0.0034,0.0035,100.0,0.0034,36.0,34335.0,1154.0
2021-01-05 09:45:09.720,0.0034,0.0035,85.0,0.0034,36.0,34335.0,1154.0
2021-01-05 09:45:10.200,0.0034,0.0035,100.0,0.0034,21.0,34350.0,1169.0
2021-01-05 09:45:10.700,0.0034,0.0035,100.0,0.0034,21.0,34350.0,1169.0
2021-01-05 09:45:11.720,0.0034,0.0035,100.0,0.0034,21.0,34350.0,1169.0
2021-01-05 09:45:12.150,0.0034,0.0035,85.0,0.0034,21.0,34350.0,1169.0
2021-01-05 09:45:12.701,0.0034,0.0034,24.0,0.0033,73.0,34371.0,1190.0
2021-01-05 09:45:13.220,0.0034,0.0034,30.0,0.0033,73.0,34371.0,1190.0
2021-01-05 09:45:13.681,0.0034,0.0035,85.0,0.0033,73.0,34371.0,1190.0
2021-01-05 09:45:14.181,0.0034,0.0035,100.0,0.0033,73.0,34371.0,1190.0
2021-01-05 09:45:14.701,0.0034,0.0035,120.0,0.0033,73.0,34371.0,1190.0
2021-01-05 09:45:15.721,0.0034,0.0035,120.0,0.0033,73.0,34371.0,1190.0
2021-01-05 09:45:16.230,0.0034,0.0034,15.0,0.0033,73.0,34371.0,1190.0
2021-01-05 09:45:16.741,0.0034,0.0034,15.0,0.0033,73.0,34371.0,1190.0
2021-01-05 09:45:17.220,0.0034,0.0034,15.0,0.0033,73.0,34371.0,1190.0
2021-01-05 09:45:17.731,0.0034,0.0034,15.0,0.0033,73.0,34371.0,1190.0
2021-01-05 09:45:18.691,0.0034,0.0034,20.0,0.0033,73.0,34371.0,1190.0
2021-01-05 09:45:19.191,0.0034,0.0034,20.0,0.0033,73.0,34371.0,1190.0
2021-01-05 09:45:19.731,0.0034,0.0035,120.0,0.0033,73.0,34371.0,1190.0
2021-01-05 09:45:20.240,0.0034,0.0035,105.0,0.0033,73.0,34371.0,1190.0
2021-01-05 09:45:20.741,0.0034,0.0035,105.0,0.0033,73.0,34371.0,1190.0
2021-01-05 09:45:21.191,0.0034,0.0034,15.0,0.0033,73.0,34371.0,1190.0
2021-01-05 09:45:21.731,0.0034,0.0035,130.0,0.0033,73.0,34371.0,1190.0
2021-01-05 09:45:22.240,0.0034,0.0034,20.0,0.0033,73.0,34371.0,1190.0
2021-01-05 09:45:22.710,0.0034,0.0035,120.0,0.0033,73.0,34371.0,1190.0
2021-01-05 09:45:23.160,0.0034,0.0035,120.0,0.0033,73.0,34371.0,1190.0
2021-01-05 09:45:23.671,0.0033,0.0035,120.0,0.0033,53.0,34391.0,1210.0
2021-01-05 09:45:25.131,0.0033,0.0034,15.0,0.0033,53.0,34391.0,1210.0
2021-01-05 09:45:25.590,0.0033,0.0034,15.0,0.0033,53.0,34391.0,1210.0
2021-01-05 09:45:26.220,0.0033,0.0035,120.0,0.0033,53.0,34391.0,1210.0
2021-01-05 09:45:26.681,0.0033,0.0035,120.0,0.0033,53.0,34391.0,1210.0
2021-01-05 09:45:27.711,0.0033,0.0034,15.0,0.0033,53.0,34391.0,1210.0
2021-01-05 09:45:28.220,0.0033,0.0034,35.0,0.0033,53.0,34391.0,1210.0
2021-01-05 09:45:28.700,0.0033,0.0034,35.0,0.0033,53.0,34391.0,1210.0
2021-01-05 09:45:29.140,0.0033,0.0034,15.0,0.0033,53.0,34391.0,1210.0
2021-01-05 09:45:30.210,0.0033,0.0035,120.0,0.0033,53.0,34391.0,1210.0
2021-01-05 09:45:30.700,0.0033,0.0034,15.0,0.0033,53.0,34391.0,1210.0
2021-01-05 09:45:31.211,0.0033,0.0034,30.0,0.0033,53.0,34391.0,1210.0
2021-01-05 09:45:31.701,0.0033,0.0034,15.0,0.0033,53.0,34391.0,1210.0
2021-01-05 09:45:32.160,0.0033,0.0034,15.0,0.0033,53.0,34391.0,1210.0
2021-01-05 09:45:32.690,0.0033,0.0034,30.0,0.0033,53.0,34391.0,1210.0
2021-01-05 09:45:33.670,0.0033,0.0034,30.0,0.0033,53.0,34391.0,1210.0
2021-01-05 09:45:34.220,0.0033,0.0034,30.0,0.0033,53.0,34391.0,1210.0
2021-01-05 09:45:35.190,0.0033,0.0034,30.0,0.0033,53.0,34391.0,1210.0
2021-01-05 09:45:35.701,0.0033,0.0034,30.0,0.0033,53.0,34391.0,1210.0
2021-01-05 09:45:36.240,0.0033,0.0034,30.0,0.0033,53.0,34391.0,1210.0
2021-01-05 09:45:36.730,0.0033,0.0034,30.0,0.0033,53.0,34391.0,1210.0
2021-01-05 09:45:37.230,0.0033,0.0034,15.0,0.0033,53.0,34391.0,1210.0
2021-01-05 09:45:38.240,0.0033,0.0034,30.0,0.0033,53.0,34391.0,1210.0
2021-01-05 09:45:39.210,0.0033,0.0034,30.0,0.0033,53.0,34391.0,1210.0
2021-01-05 09:45:39.710,0.0033,0.0034,30.0,0.0033,53.0,34391.0,1210.0
2021-01-05 09:45:41.700,0.0033,0.0034,50.0,0.0033,55.0,34391.0,1210.0
2021-01-05 09:45:42.240,0.0033,0.0034,30.0,0.0033,55.0,34391.0,1210.0
2021-01-05 09:45:42.711,0.0033,0.0034,50.0,0.0033,55.0,34391.0,1210.0
2021-01-05 09:45:43.220,0.0033,0.0034,30.0,0.0033,55.0,34391.0,1210.0
2021-01-05 09:45:43.731,0.0033,0.0034,20.0,0.0033,40.0,34406.0,1225.0
2021-01-05 09:45:44.201,0.0033,0.0034,35.0,0.0033,30.0,34406.0,1227.0
2021-01-05 09:45:44.711,0.0033,0.0034,50.0,0.0033,30.0,34406.0,1227.0
2021-01-05 09:45:45.220,0.0033,0.0034,30.0,0.0033,30.0,34406.0,1227.0
2021-01-05 09:45:45.681,0.0033,0.0034,50.0,0.0033,30.0,34406.0,1227.0
2021-01-05 09:45:46.230,0.0033,0.0034,30.0,0.0033,30.0,34406.0,1227.0
2021-01-05 09:45:46.680,0.0033,0.0034,50.0,0.0033,30.0,34406.0,1227.0
2021-01-05 09:45:47.241,0.0033,0.0034,30.0,0.0033,30.0,34406.0,1227.0
2021-01-05 09:45:47.731,0.0033,0.0034,30.0,0.0033,30.0,34406.0,1227.0
2021-01-05 09:45:48.741,0.0033,0.0034,30.0,0.0033,30.0,34406.0,1227.0
2021-01-05 09:45:49.221,0.0033,0.0034,50.0,0.0033,30.0,34406.0,1227.0
2021-01-05 09:45:50.190,0.0033,0.0034,50.0,0.0033,2.0,34406.0,1227.0
2021-01-05 09:45:50.691,0.0033,0.0034,30.0,0.0033,2.0,34406.0,1227.0
2021-01-05 09:45:51.221,0.0033,0.0034,30.0,0.0033,32.0,34406.0,1227.0
2021-01-05 09:45:53.711,0.0033,0.0034,30.0,0.0033,82.0,34406.0,1227.0
2021-01-05 09:45:55.230,0.0033,0.0034,50.0,0.0033,82.0,34406.0,1227.0
2021-01-05 09:45:55.711,0.0033,0.0034,30.0,0.0033,82.0,34406.0,1227.0
2021-01-05 09:45:56.631,0.0033,0.0034,50.0,0.0033,52.0,34406.0,1227.0
2021-01-05 09:45:57.201,0.0033,0.0034,50.0,0.0033,52.0,34406.0,1227.0
2021-01-05 09:45:57.651,0.0033,0.0034,35.0,0.0033,52.0,34406.0,1227.0
2021-01-05 09:45:58.231,0.0033,0.0034,35.0,0.0032,32.0,34406.0,1272.0
2021-01-05 09:45:58.711,0.0033,0.0034,70.0,0.0033,30.0,34406.0,1272.0
2021-01-05 09:45:59.230,0.0033,0.0034,50.0,0.0033,30.0,34406.0,1272.0
2021-01-05 09:45:59.710,0.0033,0.0034,50.0,0.0033,30.0,34406.0,1272.0
2021-01-05 09:46:00.730,0.0033,0.0034,50.0,0.0033,30.0,34406.0,1272.0
2021-01-05 09:46:01.180,0.0033,0.0034,50.0,0.0033,30.0,34406.0,1272.0
2021-01-05 09:46:01.710,0.0033,0.0034,50.0,0.0033,30.0,34406.0,1272.0
2021-01-05 09:46:03.731,0.0033,0.0034,50.0,0.0032,32.0,34406.0,1272.0
2021-01-05 09:46:04.171,0.0033,0.0034,50.0,0.0032,32.0,34406.0,1272.0
2021-01-05 09:46:04.711,0.0033,0.0034,50.0,0.0032,32.0,34406.0,1272.0
2021-01-05 09:46:05.161,0.0033,0.0033,15.0,0.0032,32.0,34406.0,1272.0
2021-01-05 09:46:05.691,0.0033,0.0034,35.0,0.0032,32.0,34406.0,1272.0
2021-01-05 09:46:06.221,0.0033,0.0034,50.0,0.0032,32.0,34406.0,1272.0
2021-01-05 09:46:06.690,0.0033,0.0034,50.0,0.0032,32.0,34406.0,1272.0
2021-01-05 09:46:07.231,0.0033,0.0034,50.0,0.0032,32.0,34406.0,1272.0
2021-01-05 09:46:08.741,0.0033,0.0034,100.0,0.0032,32.0,34406.0,1272.0
2021-01-05 09:46:10.221,0.0033,0.0034,100.0,0.0032,59.0,34406.0,1272.0
2021-01-05 09:46:10.720,0.0033,0.0034,130.0,0.0032,59.0,34406.0,1272.0
2021-01-05 09:46:12.190,0.0033,0.0034,130.0,0.0032,59.0,34406.0,1272.0
2021-01-05 09:46:13.200,0.0033,0.0034,115.0,0.0032,59.0,34406.0,1272.0
2021-01-05 09:46:13.681,0.0033,0.0034,130.0,0.0032,59.0,34406.0,1272.0
2021-01-05 09:46:14.230,0.0033,0.0033,20.0,0.0032,59.0,34406.0,1272.0
2021-01-05 09:46:14.681,0.0033,0.0033,10.0,0.0032,59.0,34416.0,1282.0
2021-01-05 09:46:15.730,0.0033,0.0033,10.0,0.0032,59.0,34416.0,1282.0
2021-01-05 09:46:20.210,0.0033,0.0033,10.0,0.0032,59.0,34416.0,1282.0
2021-01-05 09:46:22.690,0.0033,0.0034,130.0,0.0033,26.0,34426.0,1292.0
2021-01-05 09:46:23.201,0.0033,0.0034,150.0,0.0033,26.0,34426.0,1292.0
2021-01-05 09:46:25.211,0.0033,0.0034,150.0,0.0033,26.0,34426.0,1292.0
2021-01-05 09:46:26.191,0.0033,0.0034,150.0,0.0033,26.0,34426.0,1292.0
2021-01-05 09:46:32.701,0.0033,0.0034,135.0,0.0033,26.0,34426.0,1292.0
2021-01-05 09:46:33.210,0.0033,0.0034,135.0,0.0032,59.0,34452.0,1318.0
2021-01-05 09:46:33.660,0.0033,0.0034,150.0,0.0032,59.0,34452.0,1318.0
2021-01-05 09:46:35.231,0.0033,0.0034,150.0,0.0032,79.0,34452.0,1318.0
2021-01-05 09:46:35.721,0.0033,0.0034,150.0,0.0032,59.0,34452.0,1318.0
2021-01-05 09:46:36.730,0.0034,0.0034,140.0,0.0032,59.0,34462.0,1328.0
2021-01-05 09:46:37.241,0.0034,0.0034,150.0,0.0032,59.0,34462.0,1328.0
2021-01-05 09:46:37.750,0.0034,0.0034,135.0,0.0032,59.0,34462.0,1328.0
2021-01-05 09:46:38.151,0.0034,0.0033,15.0,0.0032,29.0,34462.0,1328.0
2021-01-05 09:46:38.741,0.0034,0.0033,15.0,0.0032,29.0,34462.0,1328.0
2021-01-05 09:46:39.210,0.0034,0.0033,45.0,0.0032,29.0,34462.0,1328.0
2021-01-05 09:46:40.230,0.0034,0.0034,150.0,0.0032,29.0,34462.0,1328.0
2021-01-05 09:46:40.670,0.0034,0.0034,150.0,0.0032,29.0,34462.0,1328.0
2021-01-05 09:46:41.250,0.0034,0.0033,6.0,0.0032,29.0,34462.0,1328.0
2021-01-05 09:46:41.730,0.0034,0.0033,6.0,0.0032,29.0,34462.0,1328.0
2021-01-05 09:46:47.230,0.0034,0.0033,6.0,0.0032,59.0,34462.0,1328.0
2021-01-05 09:46:48.761,0.0034,0.0033,6.0,0.0032,59.0,34462.0,1328.0
2021-01-05 09:46:50.170,0.0034,0.0033,6.0,0.0032,59.0,34462.0,1328.0
2021-01-05 09:46:50.661,0.0033,0.0034,150.0,0.0033,4.0,34468.0,1334.0
2021-01-05 09:46:51.261,0.0033,0.0034,150.0,0.0033,4.0,34468.0,1334.0
2021-01-05 09:46:52.711,0.0033,0.0034,150.0,0.0033,4.0,34468.0,1334.0
2021-01-05 09:46:53.201,0.0033,0.0034,150.0,0.0033,4.0,34468.0,1334.0
2021-01-05 09:46:54.590,0.0033,0.0034,150.0,0.0033,9.0,34468.0,1334.0
2021-01-05 09:46:57.641,0.0033,0.0034,150.0,0.0033,9.0,34468.0,1334.0
2021-01-05 09:46:58.061,0.0033,0.0034,150.0,0.0033,9.0,34468.0,1334.0
2021-01-05 09:46:58.720,0.0033,0.0034,150.0,0.0033,9.0,34468.0,1334.0
2021-01-05 09:46:59.731,0.0033,0.0034,135.0,0.0033,9.0,34468.0,1334.0
2021-01-05 09:47:00.130,0.0033,0.0033,15.0,0.0032,59.0,34477.0,1343.0
2021-01-05 09:47:00.741,0.0033,0.0033,20.0,0.0032,59.0,34477.0,1343.0
2021-01-05 09:47:01.210,0.0033,0.0033,20.0,0.0032,59.0,34477.0,1343.0
2021-01-05 09:47:01.721,0.0033,0.0033,20.0,0.0032,29.0,34477.0,1343.0
2021-01-05 09:47:02.230,0.0033,0.0033,20.0,0.0032,29.0,34477.0,1343.0
2021-01-05 09:47:02.741,0.0033,0.0033,20.0,0.0032,29.0,34477.0,1343.0
2021-01-05 09:47:03.220,0.0033,0.0033,20.0,0.0032,29.0,34477.0,1343.0
2021-01-05 09:47:03.740,0.0033,0.0033,35.0,0.0032,2.0,34477.0,1343.0
2021-01-05 09:47:03.740,0.0033,0.0033,20.0,0.0032,2.0,34477.0,1343.0
2021-01-05 09:47:05.250,0.0033,0.0033,20.0,0.0032,2.0,34477.0,1343.0
2021-01-05 09:47:05.750,0.0033,0.0033,20.0,0.0032,2.0,34477.0,1343.0
2021-01-05 09:47:06.251,0.0033,0.0033,65.0,0.0032,2.0,34477.0,1343.0
2021-01-05 09:47:06.750,0.0033,0.0033,65.0,0.0032,2.0,34477.0,1343.0
2021-01-05 09:47:07.221,0.0033,0.0033,80.0,0.0032,2.0,34477.0,1343.0
2021-01-05 09:47:07.740,0.0033,0.0033,80.0,0.0032,2.0,34477.0,1343.0
2021-01-05 09:47:09.751,0.0033,0.0033,100.0,0.0032,2.0,34477.0,1343.0
2021-01-05 09:47:10.721,0.0033,0.0033,85.0,0.0032,2.0,34477.0,1343.0
2021-01-05 09:47:11.250,0.0033,0.0033,85.0,0.0032,2.0,34477.0,1343.0
2021-01-05 09:47:11.751,0.0033,0.0033,100.0,0.0032,2.0,34477.0,1343.0
2021-01-05 09:47:14.721,0.0033,0.0033,86.0,0.0032,2.0,34491.0,1357.0
2021-01-05 09:47:15.701,0.0033,0.0033,96.0,0.0032,2.0,34491.0,1357.0
2021-01-05 09:47:16.241,0.0033,0.0033,96.0,0.0032,2.0,34491.0,1357.0
2021-01-05 09:47:17.251,0.0033,0.0033,96.0,0.0032,2.0,34491.0,1357.0
2021-01-05 09:47:17.731,0.0032,0.0032,15.0,0.0031,32.0,34493.0,1359.0
2021-01-05 09:47:18.221,0.0032,0.0032,15.0,0.0031,32.0,34493.0,1359.0
2021-01-05 09:47:18.621,0.0032,0.0033,96.0,0.0031,32.0,34493.0,1359.0
2021-01-05 09:47:19.111,0.0032,0.0033,116.0,0.0031,2.0,34493.0,1359.0
2021-01-05 09:47:19.760,0.0032,0.0033,116.0,0.0031,2.0,34493.0,1359.0
2021-01-05 09:47:20.160,0.0032,0.0033,116.0,0.0031,2.0,34493.0,1359.0
2021-01-05 09:47:21.260,0.0032,0.0033,101.0,0.0031,2.0,34493.0,1359.0
2021-01-05 09:47:21.760,0.0032,0.0032,45.0,0.0031,2.0,34493.0,1359.0
2021-01-05 09:47:22.240,0.0032,0.0032,30.0,0.0031,2.0,34493.0,1359.0
2021-01-05 09:47:22.580,0.0032,0.0032,30.0,0.0031,2.0,34493.0,1359.0
2021-01-05 09:47:23.141,0.0032,0.0032,45.0,0.0031,2.0,34493.0,1359.0
2021-01-05 09:47:25.710,0.0032,0.0032,30.0,0.0031,2.0,34493.0,1359.0
2021-01-05 09:47:26.180,0.0032,0.0032,45.0,0.0031,2.0,34493.0,1359.0
2021-01-05 09:47:26.680,0.0032,0.0032,45.0,0.0031,2.0,34493.0,1359.0
2021-01-05 09:47:27.241,0.0032,0.0032,45.0,0.0031,2.0,34493.0,1359.0
2021-01-05 09:47:27.721,0.0032,0.0032,60.0,0.0031,2.0,34493.0,1359.0
2021-01-05 09:47:28.230,0.0032,0.0032,60.0,0.0031,2.0,34493.0,1359.0
2021-01-05 09:47:30.720,0.0032,0.0032,80.0,0.0031,2.0,34493.0,1359.0
2021-01-05 09:47:34.750,0.0032,0.0032,80.0,0.0031,2.0,34493.0,1359.0
2021-01-05 09:47:35.740,0.0032,0.0032,80.0,0.0031,2.0,34493.0,1359.0
2021-01-05 09:47:36.241,0.0032,0.0032,80.0,0.0031,2.0,34493.0,1359.0
2021-01-05 09:47:36.721,0.0032,0.0032,80.0,0.0031,2.0,34493.0,1359.0
2021-01-05 09:47:38.260,0.0032,0.0032,80.0,0.0031,2.0,34493.0,1359.0
2021-01-05 09:47:47.771,0.0032,0.0032,80.0,0.0031,2.0,34493.0,1359.0
2021-01-05 09:47:49.771,0.0032,0.0032,65.0,0.0031,2.0,34493.0,1359.0
2021-01-05 09:47:50.271,0.0031,0.0031,15.0,0.003,198.0,34493.0,1361.0
2021-01-05 09:47:50.751,0.0031,0.0031,15.0,0.003,198.0,34493.0,1361.0
2021-01-05 09:47:51.241,0.0031,0.0032,45.0,0.003,198.0,34493.0,1361.0
2021-01-05 09:47:51.781,0.0031,0.0032,30.0,0.003,198.0,34493.0,1361.0
2021-01-05 09:47:52.240,0.0031,0.0032,50.0,0.003,198.0,34493.0,1361.0
2021-01-05 09:47:52.730,0.0031,0.0032,50.0,0.003,198.0,34493.0,1361.0
2021-01-05 09:47:53.221,0.0031,0.0032,15.0,0.003,198.0,34493.0,1361.0
2021-01-05 09:47:54.230,0.0031,0.0032,60.0,0.003,198.0,34493.0,1361.0
2021-01-05 09:47:54.741,0.0031,0.0032,15.0,0.003,213.0,34493.0,1361.0
2021-01-05 09:47:55.231,0.0031,0.0032,15.0,0.0031,30.0,34493.0,1361.0
2021-01-05 09:47:55.740,0.0031,0.0032,15.0,0.0031,30.0,34493.0,1361.0
2021-01-05 09:47:56.251,0.0031,0.0032,15.0,0.0031,30.0,34493.0,1361.0
2021-01-05 09:47:57.250,0.0031,0.0032,15.0,0.0031,30.0,34493.0,1361.0
2021-01-05 09:47:57.750,0.0031,0.0032,15.0,0.003,213.0,34493.0,1361.0
2021-01-05 09:47:58.261,0.0031,0.0032,15.0,0.003,198.0,34493.0,1361.0
2021-01-05 09:47:58.781,0.0031,0.0032,60.0,0.003,198.0,34493.0,1361.0
2021-01-05 09:48:00.791,0.0031,0.0032,60.0,0.003,198.0,34493.0,1361.0
2021-01-05 09:48:01.791,0.0031,0.0032,60.0,0.003,198.0,34493.0,1361.0
2021-01-05 09:48:02.260,0.0031,0.0032,60.0,0.003,198.0,34493.0,1361.0
2021-01-05 09:48:03.290,0.0031,0.0032,60.0,0.003,198.0,34493.0,1361.0
2021-01-05 09:48:03.791,0.0031,0.0032,60.0,0.003,198.0,34493.0,1361.0
2021-01-05 09:48:04.250,0.0031,0.0032,65.0,0.003,198.0,34493.0,1361.0
2021-01-05 09:48:04.790,0.0031,0.0032,65.0,0.003,198.0,34493.0,1361.0
2021-01-05 09:48:05.290,0.0031,0.0032,65.0,0.003,198.0,34493.0,1361.0
2021-01-05 09:48:06.300,0.0031,0.0032,65.0,0.003,198.0,34493.0,1361.0
2021-01-05 09:48:06.781,0.0031,0.0032,65.0,0.003,198.0,34493.0,1361.0
2021-01-05 09:48:09.291,0.0031,0.0032,65.0,0.003,198.0,34493.0,1361.0
2021-01-05 09:48:10.801,0.0031,0.0031,15.0,0.003,198.0,34493.0,1361.0
2021-01-05 09:48:11.301,0.0031,0.0031,30.0,0.003,198.0,34493.0,1361.0
2021-01-05 09:48:11.791,0.0031,0.0031,15.0,0.003,198.0,34493.0,1361.0
2021-01-05 09:48:12.751,0.0031,0.0032,85.0,0.003,198.0,34493.0,1361.0
2021-01-05 09:48:13.281,0.0031,0.0032,85.0,0.003,198.0,34493.0,1361.0
2021-01-05 09:48:13.760,0.003,0.0032,85.0,0.003,178.0,34506.0,1381.0
2021-01-05 09:48:14.300,0.003,0.0032,105.0,0.003,178.0,34506.0,1381.0
2021-01-05 09:48:14.791,0.003,0.0032,75.0,0.003,178.0,34506.0,1381.0
2021-01-05 09:48:15.310,0.003,0.0032,75.0,0.003,178.0,34506.0,1381.0
2021-01-05 09:48:15.831,0.003,0.0032,55.0,0.0031,30.0,34506.0,1381.0
2021-01-05 09:48:16.321,0.003,0.0032,25.0,0.0031,30.0,34506.0,1381.0
2021-01-05 09:48:16.801,0.003,0.0032,25.0,0.0031,30.0,34506.0,1381.0
2021-01-05 09:48:17.811,0.003,0.0032,40.0,0.0031,30.0,34506.0,1381.0
2021-01-05 09:48:18.251,0.003,0.0032,40.0,0.0031,30.0,34506.0,1381.0
2021-01-05 09:48:19.800,0.003,0.0032,25.0,0.0031,30.0,34506.0,1381.0
2021-01-05 09:48:20.311,0.003,0.0032,25.0,0.0031,30.0,34506.0,1381.0
2021-01-05 09:48:20.791,0.003,0.0032,40.0,0.0031,30.0,34506.0,1381.0
2021-01-05 09:48:24.080,0.003,0.0032,40.0,0.0031,30.0,34506.0,1381.0
2021-01-05 09:48:24.731,0.003,0.0032,55.0,0.0031,30.0,34506.0,1381.0
2021-01-05 09:48:25.221,0.003,0.0032,40.0,0.0031,30.0,34506.0,1381.0
2021-01-05 09:48:26.101,0.003,0.0032,40.0,0.0031,30.0,34506.0,1381.0
2021-01-05 09:48:26.631,0.0031,0.0031,20.0,0.003,190.0,34476.0,1411.0
2021-01-05 09:48:27.181,0.0031,0.0032,25.0,0.0031,10.0,34456.0,1431.0
2021-01-05 09:48:27.701,0.0031,0.0032,25.0,0.0031,10.0,34456.0,1431.0
2021-01-05 09:48:28.181,0.0031,0.0032,25.0,0.0031,10.0,34456.0,1431.0
2021-01-05 09:48:31.710,0.0031,0.0032,25.0,0.0031,10.0,34456.0,1431.0
2021-01-05 09:48:32.700,0.0031,0.0032,25.0,0.0031,10.0,34456.0,1431.0
2021-01-05 09:48:33.190,0.0031,0.0032,25.0,0.0031,10.0,34456.0,1431.0
2021-01-05 09:48:33.680,0.0031,0.0032,25.0,0.0031,25.0,34456.0,1431.0
2021-01-05 09:48:34.141,0.0031,0.0032,25.0,0.0031,10.0,34456.0,1431.0
2021-01-05 09:48:34.721,0.0031,0.0032,25.0,0.0031,25.0,34456.0,1431.0
2021-01-05 09:48:35.180,0.0032,0.0032,24.0,0.0031,30.0,34455.0,1432.0
2021-01-05 09:48:36.210,0.0032,0.0032,24.0,0.0031,30.0,34455.0,1432.0
2021-01-05 09:48:36.730,0.0032,0.0032,24.0,0.0031,30.0,34455.0,1432.0
2021-01-05 09:48:38.211,0.0032,0.0032,24.0,0.0031,30.0,34455.0,1432.0
2021-01-05 09:48:39.201,0.0031,0.0032,24.0,0.0031,27.0,34455.0,1435.0
2021-01-05 09:48:39.961,0.0031,0.0032,44.0,0.0031,27.0,34455.0,1435.0
2021-01-05 09:48:45.020,0.0031,0.0032,44.0,0.0031,27.0,34455.0,1435.0
2021-01-05 09:48:45.400,0.0031,0.0032,44.0,0.0031,27.0,34455.0,1435.0
2021-01-05 09:48:45.800,0.0031,0.0032,44.0,0.0031,27.0,34455.0,1435.0
2021-01-05 09:48:47.021,0.0031,0.0032,44.0,0.0031,20.0,34455.0,1435.0
2021-01-05 09:48:50.541,0.0031,0.0032,74.0,0.0031,20.0,34455.0,1435.0
2021-01-05 09:48:51.540,0.0031,0.0032,44.0,0.0031,55.0,34455.0,1435.0
2021-01-05 09:48:52.020,0.0031,0.0032,44.0,0.0031,55.0,34455.0,1435.0
2021-01-05 09:48:52.510,0.0032,0.0032,43.0,0.0031,112.0,34454.0,1436.0
2021-01-05 09:48:52.700,0.0032,0.0032,43.0,0.0031,112.0,34454.0,1436.0
2021-01-05 09:48:53.150,0.0032,0.0032,42.0,0.0031,112.0,34453.0,1437.0
2021-01-05 09:48:53.711,0.0032,0.0032,41.0,0.0031,112.0,34452.0,1438.0
2021-01-05 09:48:54.091,0.0032,0.0032,40.0,0.0031,112.0,34451.0,1439.0
2021-01-05 09:48:54.681,0.0032,0.0032,39.0,0.0031,112.0,34451.0,1440.0
2021-01-05 09:48:55.201,0.0032,0.0032,39.0,0.0031,112.0,34451.0,1440.0
2021-01-05 09:48:56.731,0.0032,0.0032,38.0,0.0031,112.0,34451.0,1441.0
2021-01-05 09:48:57.730,0.0032,0.0032,37.0,0.0031,112.0,34451.0,1442.0
2021-01-05 09:48:58.160,0.0032,0.0032,17.0,0.0031,97.0,34456.0,1462.0
2021-01-05 09:48:58.750,0.0032,0.0032,34.0,0.0031,97.0,34456.0,1465.0
2021-01-05 09:48:59.161,0.0032,0.0032,34.0,0.0031,97.0,34456.0,1465.0
2021-01-05 09:48:59.760,0.0032,0.0032,34.0,0.0031,112.0,34456.0,1465.0
2021-01-05 09:49:00.260,0.0032,0.0032,34.0,0.0031,112.0,34456.0,1465.0
2021-01-05 09:49:00.761,0.0032,0.0032,19.0,0.0031,97.0,34456.0,1480.0
2021-01-05 09:49:01.261,0.0032,0.0032,15.0,0.0031,112.0,34460.0,1484.0
2021-01-05 09:49:02.261,0.0032,0.0032,15.0,0.0031,112.0,34460.0,1484.0
2021-01-05 09:49:02.790,0.0032,0.0032,15.0,0.0031,112.0,34460.0,1484.0
2021-01-05 09:49:03.291,0.0032,0.0032,15.0,0.0031,112.0,34460.0,1484.0
