,last,ask1,asize1,bid1,bsize1,oi,volume
2021-01-05 09:25:00.080,,0.4082,1.0,0.3903,2.0,5707.0,
2021-01-05 09:30:00.451,,0.4082,1.0,0.3903,2.0,5707.0,
2021-01-05 09:30:00.991,0.3903,0.3966,3.0,0.3828,1.0,5709.0,2.0
2021-01-05 09:30:01.450,0.3903,0.3966,3.0,0.3828,1.0,5709.0,2.0
2021-01-05 09:30:01.990,0.3903,0.3966,3.0,0.3828,1.0,5709.0,2.0
2021-01-05 09:30:03.471,0.3903,0.3938,20.0,0.3849,20.0,5709.0,2.0
2021-01-05 09:30:04.430,0.3903,0.3944,20.0,0.3855,20.0,5709.0,2.0
2021-01-05 09:30:05.010,0.3903,0.3966,3.0,0.3855,20.0,5709.0,2.0
2021-01-05 09:30:05.481,0.3903,0.3953,20.0,0.3865,20.0,5709.0,2.0
2021-01-05 09:30:05.990,0.3903,0.3966,3.0,0.3865,20.0,5709.0,2.0
2021-01-05 09:30:06.971,0.3903,0.3966,23.0,0.3886,20.0,5709.0,2.0
2021-01-05 09:30:08.001,0.3903,0.3966,23.0,0.3889,20.0,5709.0,2.0
2021-01-05 09:30:15.520,0.3903,0.3966,23.0,0.3889,20.0,5709.0,2.0
2021-01-05 09:30:16.531,0.3903,0.3966,23.0,0.3882,20.0,5709.0,2.0
2021-01-05 09:30:17.021,0.3903,0.3966,23.0,0.3828,1.0,5709.0,2.0
2021-01-05 09:30:17.641,0.3903,0.3963,20.0,0.3874,20.0,5709.0,2.0
2021-01-05 09:30:18.231,0.3903,0.3955,20.0,0.3874,20.0,5709.0,2.0
2021-01-05 09:30:19.251,0.3903,0.3955,20.0,0.3864,20.0,5709.0,2.0
2021-01-05 09:30:19.751,0.3903,0.3951,20.0,0.3864,20.0,5709.0,2.0
2021-01-05 09:30:20.740,0.3903,0.3955,20.0,0.3867,20.0,5709.0,2.0
2021-01-05 09:30:21.241,0.3903,0.3958,20.0,0.3867,20.0,5709.0,2.0
2021-01-05 09:30:21.741,0.3903,0.3954,20.0,0.3864,20.0,5709.0,2.0
2021-01-05 09:30:22.240,0.3903,0.3962,20.0,0.3873,20.0,5709.0,2.0
2021-01-05 09:30:22.671,0.3903,0.3959,20.0,0.387,20.0,5709.0,2.0
2021-01-05 09:30:23.670,0.3903,0.3965,20.0,0.3876,20.0,5709.0,2.0
2021-01-05 09:30:24.161,0.3903,0.3965,20.0,0.3876,20.0,5709.0,2.0
2021-01-05 09:30:24.661,0.3903,0.3965,20.0,0.3879,20.0,5709.0,2.0
2021-01-05 09:30:25.160,0.3903,0.3965,20.0,0.3879,20.0,5709.0,2.0
2021-01-05 09:30:25.671,0.3903,0.3965,20.0,0.3883,20.0,5709.0,2.0
2021-01-05 09:30:30.171,0.3903,0.3965,20.0,0.3883,25.0,5709.0,2.0
2021-01-05 09:30:30.620,0.3903,0.3965,20.0,0.3883,20.0,5709.0,2.0
2021-01-05 09:30:31.121,0.3903,0.3965,20.0,0.3879,20.0,5709.0,2.0
2021-01-05 09:30:31.661,0.3903,0.3965,20.0,0.3875,20.0,5709.0,2.0
2021-01-05 09:30:32.140,0.3903,0.3962,20.0,0.3875,20.0,5709.0,2.0
2021-01-05 09:30:32.551,0.3903,0.3959,20.0,0.3875,5.0,5709.0,2.0
2021-01-05 09:30:33.171,0.3903,0.3959,20.0,0.387,20.0,5709.0,2.0
2021-01-05 09:30:33.671,0.3903,0.3959,20.0,0.387,20.0,5709.0,2.0
2021-01-05 09:30:34.191,0.3903,0.3959,20.0,0.387,20.0,5709.0,2.0
2021-01-05 09:30:36.170,0.3903,0.3962,20.0,0.3874,20.0,5709.0,2.0
2021-01-05 09:30:36.681,0.3903,0.3961,13.0,0.387,20.0,5709.0,2.0
2021-01-05 09:30:37.670,0.3903,0.3961,13.0,0.3873,20.0,5709.0,2.0
2021-01-05 09:30:38.141,0.3903,0.3961,13.0,0.3873,20.0,5709.0,2.0
2021-01-05 09:30:38.700,0.3903,0.3959,20.0,0.387,20.0,5709.0,2.0
2021-01-05 09:30:39.201,0.3903,0.3962,20.0,0.3898,10.0,5709.0,2.0
2021-01-05 09:30:39.570,0.3903,0.3961,13.0,0.3898,30.0,5709.0,2.0
2021-01-05 09:30:40.170,0.3903,0.3961,13.0,0.3898,30.0,5709.0,2.0
2021-01-05 09:30:40.690,0.3903,0.3959,20.0,0.3898,30.0,5709.0,2.0
2021-01-05 09:30:41.151,0.3903,0.3959,20.0,0.3898,30.0,5709.0,2.0
2021-01-05 09:30:41.701,0.3903,0.3958,13.0,0.3898,30.0,5709.0,2.0
2021-01-05 09:30:42.181,0.3903,0.3958,13.0,0.3898,30.0,5709.0,2.0
2021-01-05 09:30:43.180,0.3903,0.3955,20.0,0.3898,30.0,5709.0,2.0
2021-01-05 09:30:43.681,0.3903,0.3955,20.0,0.3898,30.0,5709.0,2.0
2021-01-05 09:30:44.181,0.3903,0.3952,20.0,0.3898,10.0,5709.0,2.0
2021-01-05 09:30:44.650,0.3903,0.3952,20.0,0.3898,10.0,5709.0,2.0
2021-01-05 09:30:45.161,0.3903,0.3951,13.0,0.3898,10.0,5709.0,2.0
2021-01-05 09:30:46.200,0.3903,0.3948,20.0,0.3898,10.0,5709.0,2.0
2021-01-05 09:30:46.701,0.3903,0.3948,20.0,0.3898,10.0,5709.0,2.0
2021-01-05 09:30:47.191,0.3903,0.3947,13.0,0.3898,10.0,5709.0,2.0
2021-01-05 09:30:47.691,0.3903,0.3947,13.0,0.3898,10.0,5709.0,2.0
2021-01-05 09:30:47.691,0.3903,0.3943,20.0,0.3898,10.0,5709.0,2.0
2021-01-05 09:30:48.711,0.3903,0.3943,20.0,0.3898,10.0,5709.0,2.0
2021-01-05 09:30:49.210,0.3903,0.3942,13.0,0.3898,10.0,5709.0,2.0
2021-01-05 09:30:55.081,0.3903,0.3939,20.0,0.3898,10.0,5709.0,2.0
2021-01-05 09:30:55.671,0.3903,0.3939,20.0,0.3898,10.0,5709.0,2.0
2021-01-05 09:30:56.170,0.3903,0.3938,13.0,0.3898,10.0,5709.0,2.0
2021-01-05 09:30:58.660,0.3903,0.3939,20.0,0.3898,10.0,5709.0,2.0
2021-01-05 09:30:59.171,0.3903,0.3943,20.0,0.3898,10.0,5709.0,2.0
2021-01-05 09:30:59.640,0.3903,0.3943,20.0,0.3898,10.0,5709.0,2.0
2021-01-05 09:31:00.161,0.3903,0.395,20.0,0.3898,10.0,5709.0,2.0
2021-01-05 09:31:00.681,0.3903,0.3943,20.0,0.3898,10.0,5709.0,2.0
2021-01-05 09:31:01.140,0.3903,0.395,20.0,0.3898,10.0,5709.0,2.0
2021-01-05 09:31:02.170,0.3903,0.396,20.0,0.3898,10.0,5709.0,2.0
2021-01-05 09:31:02.681,0.3903,0.3954,20.0,0.3898,10.0,5709.0,2.0
2021-01-05 09:31:03.131,0.3903,0.3954,20.0,0.3898,10.0,5709.0,2.0
2021-01-05 09:31:03.680,0.3903,0.3953,13.0,0.3898,10.0,5709.0,2.0
2021-01-05 09:31:04.181,0.3903,0.3953,20.0,0.3898,10.0,5709.0,2.0
2021-01-05 09:31:04.671,0.3903,0.3957,20.0,0.3898,10.0,5709.0,2.0
2021-01-05 09:31:05.190,0.3903,0.3956,13.0,0.3898,10.0,5709.0,2.0
2021-01-05 09:31:05.670,0.3903,0.3956,20.0,0.3898,10.0,5709.0,2.0
2021-01-05 09:31:06.160,0.3903,0.3956,20.0,0.3898,10.0,5709.0,2.0
2021-01-05 09:31:06.681,0.3903,0.3955,13.0,0.3898,10.0,5709.0,2.0
2021-01-05 09:31:07.190,0.3903,0.3951,20.0,0.3898,10.0,5709.0,2.0
2021-01-05 09:31:07.670,0.3903,0.3951,20.0,0.3898,10.0,5709.0,2.0
2021-01-05 09:31:08.200,0.3903,0.395,13.0,0.3898,10.0,5709.0,2.0
2021-01-05 09:31:08.650,0.3903,0.3944,20.0,0.3898,10.0,5709.0,2.0
2021-01-05 09:31:09.101,0.3903,0.3951,20.0,0.3898,10.0,5709.0,2.0
2021-01-05 09:31:09.701,0.3903,0.395,13.0,0.3898,10.0,5709.0,2.0
2021-01-05 09:31:10.200,0.3903,0.3948,20.0,0.3898,10.0,5709.0,2.0
2021-01-05 09:31:10.690,0.3903,0.3948,20.0,0.3898,10.0,5709.0,2.0
2021-01-05 09:31:11.170,0.3903,0.3947,13.0,0.3898,10.0,5709.0,2.0
2021-01-05 09:31:12.190,0.3903,0.3947,13.0,0.3898,10.0,5709.0,2.0
2021-01-05 09:31:12.711,0.3903,0.3948,20.0,0.3898,10.0,5709.0,2.0
2021-01-05 09:31:13.170,0.3903,0.3951,20.0,0.3898,10.0,5709.0,2.0
2021-01-05 09:31:13.710,0.3903,0.395,13.0,0.3898,10.0,5709.0,2.0
2021-01-05 09:31:14.690,0.3903,0.3951,20.0,0.3898,10.0,5709.0,2.0
2021-01-05 09:31:15.110,0.3903,0.3951,20.0,0.3898,30.0,5709.0,2.0
2021-01-05 09:31:15.710,0.3903,0.3956,20.0,0.3898,30.0,5709.0,2.0
2021-01-05 09:31:16.180,0.3903,0.3955,13.0,0.3898,30.0,5709.0,2.0
2021-01-05 09:31:17.201,0.3903,0.3951,20.0,0.3898,10.0,5709.0,2.0
2021-01-05 09:31:17.710,0.3903,0.3951,20.0,0.3895,20.0,5709.0,2.0
2021-01-05 09:31:18.121,0.3903,0.395,13.0,0.3895,20.0,5709.0,2.0
2021-01-05 09:31:18.720,0.3903,0.395,13.0,0.387,30.0,5709.0,2.0
2021-01-05 09:31:19.150,0.3903,0.3934,10.0,0.3847,14.0,5709.0,2.0
2021-01-05 09:31:19.721,0.3903,0.3934,30.0,0.3857,20.0,5709.0,2.0
2021-01-05 09:31:20.171,0.3903,0.3934,30.0,0.3857,20.0,5709.0,2.0
2021-01-05 09:31:20.691,0.3903,0.3934,30.0,0.3852,20.0,5709.0,2.0
2021-01-05 09:31:21.221,0.3903,0.3934,30.0,0.3859,20.0,5709.0,2.0
2021-01-05 09:31:22.211,0.3903,0.3934,30.0,0.3859,20.0,5709.0,2.0
2021-01-05 09:31:22.620,0.3903,0.3934,30.0,0.3879,10.0,5709.0,2.0
2021-01-05 09:31:23.171,0.3903,0.3927,10.0,0.3882,10.0,5709.0,2.0
2021-01-05 09:31:23.621,0.3903,0.3927,30.0,0.3882,30.0,5709.0,2.0
2021-01-05 09:31:24.660,0.3903,0.3927,30.0,0.3882,20.0,5709.0,2.0
2021-01-05 09:31:25.150,0.3903,0.3927,30.0,0.3879,20.0,5709.0,2.0
2021-01-05 09:31:25.640,0.3903,0.3927,30.0,0.3872,30.0,5709.0,2.0
2021-01-05 09:31:26.101,0.3903,0.3927,30.0,0.3874,10.0,5709.0,2.0
2021-01-05 09:31:26.520,0.3903,0.3927,30.0,0.3874,10.0,5709.0,2.0
2021-01-05 09:31:27.171,0.3903,0.3927,30.0,0.3872,40.0,5709.0,2.0
2021-01-05 09:31:27.601,0.3903,0.3927,30.0,0.3873,10.0,5709.0,2.0
2021-01-05 09:31:28.610,0.3903,0.3927,30.0,0.3875,10.0,5709.0,2.0
2021-01-05 09:31:29.140,0.3903,0.3927,30.0,0.3875,20.0,5709.0,2.0
2021-01-05 09:31:29.641,0.3903,0.3927,30.0,0.3872,40.0,5709.0,2.0
2021-01-05 09:31:30.671,0.3903,0.3927,30.0,0.3872,30.0,5709.0,2.0
2021-01-05 09:31:31.150,0.3903,0.3927,30.0,0.3872,30.0,5709.0,2.0
2021-01-05 09:31:31.661,0.3903,0.3927,30.0,0.3872,30.0,5709.0,2.0
2021-01-05 09:31:32.191,0.3903,0.3927,30.0,0.3872,40.0,5709.0,2.0
2021-01-05 09:31:33.190,0.3903,0.3927,30.0,0.3872,40.0,5709.0,2.0
2021-01-05 09:31:34.181,0.3903,0.3927,30.0,0.3872,30.0,5709.0,2.0
2021-01-05 09:31:34.681,0.3903,0.3927,30.0,0.3872,40.0,5709.0,2.0
2021-01-05 09:31:35.670,0.3903,0.3927,30.0,0.3872,30.0,5709.0,2.0
2021-01-05 09:31:36.181,0.3903,0.3927,33.0,0.3872,30.0,5709.0,2.0
2021-01-05 09:31:36.690,0.3903,0.3927,33.0,0.3873,10.0,5709.0,2.0
2021-01-05 09:31:37.191,0.3903,0.3927,33.0,0.3872,30.0,5709.0,2.0
2021-01-05 09:31:38.190,0.3903,0.3927,33.0,0.3872,30.0,5709.0,2.0
2021-01-05 09:31:39.210,0.3903,0.3927,33.0,0.3872,10.0,5709.0,2.0
2021-01-05 09:31:39.710,0.3903,0.3927,33.0,0.3872,10.0,5709.0,2.0
2021-01-05 09:31:40.200,0.3903,0.39,10.0,0.3866,30.0,5709.0,2.0
2021-01-05 09:31:40.711,0.3903,0.39,30.0,0.3866,20.0,5709.0,2.0
2021-01-05 09:31:41.191,0.3903,0.39,30.0,0.3861,10.0,5709.0,2.0
2021-01-05 09:31:41.700,0.3903,0.39,30.0,0.3861,13.0,5709.0,2.0
2021-01-05 09:31:42.211,0.3903,0.39,30.0,0.3861,3.0,5709.0,2.0
2021-01-05 09:31:43.191,0.3903,0.39,30.0,0.3861,3.0,5709.0,2.0
2021-01-05 09:31:43.710,0.3903,0.39,30.0,0.3861,3.0,5709.0,2.0
2021-01-05 09:31:44.190,0.3903,0.39,30.0,0.3861,20.0,5709.0,2.0
2021-01-05 09:31:44.691,0.3903,0.39,30.0,0.3861,30.0,5709.0,2.0
2021-01-05 09:31:45.170,0.3903,0.39,30.0,0.3861,20.0,5709.0,2.0
2021-01-05 09:31:45.700,0.3903,0.39,30.0,0.3857,10.0,5709.0,2.0
2021-01-05 09:31:46.171,0.3903,0.39,30.0,0.3855,10.0,5709.0,2.0
2021-01-05 09:31:46.701,0.3903,0.39,30.0,0.3855,10.0,5709.0,2.0
2021-01-05 09:31:47.191,0.3903,0.39,30.0,0.3857,10.0,5709.0,2.0
2021-01-05 09:31:47.690,0.3903,0.39,30.0,0.3854,20.0,5709.0,2.0
2021-01-05 09:31:48.211,0.3903,0.39,30.0,0.3854,20.0,5709.0,2.0
2021-01-05 09:31:49.711,0.3903,0.3899,3.0,0.3854,20.0,5709.0,2.0
2021-01-05 09:31:50.191,0.3903,0.3899,3.0,0.385,20.0,5709.0,2.0
2021-01-05 09:31:50.710,0.3903,0.3878,10.0,0.3847,10.0,5709.0,2.0
2021-01-05 09:31:51.210,0.3903,0.3878,30.0,0.3848,10.0,5709.0,2.0
2021-01-05 09:31:52.220,0.3903,0.3878,30.0,0.3848,10.0,5709.0,2.0
2021-01-05 09:31:52.621,0.3903,0.3878,30.0,0.3846,20.0,5709.0,2.0
2021-01-05 09:31:53.171,0.3903,0.3878,30.0,0.3837,30.0,5709.0,2.0
2021-01-05 09:31:53.640,0.3903,0.3878,30.0,0.3837,30.0,5709.0,2.0
2021-01-05 09:31:54.151,0.3903,0.3878,30.0,0.3837,30.0,5709.0,2.0
2021-01-05 09:31:54.641,0.3903,0.3878,30.0,0.3837,40.0,5709.0,2.0
2021-01-05 09:31:55.150,0.3903,0.3878,30.0,0.3837,30.0,5709.0,2.0
2021-01-05 09:31:55.670,0.3903,0.3878,30.0,0.3837,30.0,5709.0,2.0
2021-01-05 09:31:57.171,0.3903,0.3878,30.0,0.3837,30.0,5709.0,2.0
2021-01-05 09:31:58.171,0.3903,0.3878,30.0,0.3837,40.0,5709.0,2.0
2021-01-05 09:31:59.180,0.3903,0.3878,30.0,0.3837,30.0,5709.0,2.0
2021-01-05 09:31:59.660,0.3903,0.3878,30.0,0.3837,30.0,5709.0,2.0
2021-01-05 09:32:00.150,0.3903,0.3878,30.0,0.3838,10.0,5709.0,2.0
2021-01-05 09:32:00.650,0.3903,0.3878,30.0,0.3837,30.0,5709.0,2.0
2021-01-05 09:32:01.670,0.3903,0.3878,30.0,0.3837,30.0,5709.0,2.0
2021-01-05 09:32:02.171,0.3903,0.3878,30.0,0.3838,10.0,5709.0,2.0
2021-01-05 09:32:02.671,0.3903,0.3878,30.0,0.3841,10.0,5709.0,2.0
2021-01-05 09:32:03.180,0.3903,0.3878,10.0,0.3841,10.0,5709.0,2.0
2021-01-05 09:32:03.641,0.3903,0.3878,30.0,0.3841,30.0,5709.0,2.0
2021-01-05 09:32:04.161,0.3903,0.3878,30.0,0.3841,30.0,5709.0,2.0
2021-01-05 09:32:04.661,0.3903,0.3876,10.0,0.3841,20.0,5709.0,2.0
2021-01-05 09:32:05.141,0.3903,0.3876,10.0,0.3835,20.0,5709.0,2.0
2021-01-05 09:32:05.660,0.3903,0.3876,10.0,0.3835,10.0,5709.0,2.0
2021-01-05 09:32:06.161,0.3903,0.3876,10.0,0.3835,20.0,5709.0,2.0
2021-01-05 09:32:06.680,0.3903,0.3876,10.0,0.3829,30.0,5709.0,2.0
2021-01-05 09:32:08.171,0.3903,0.3876,10.0,0.3829,30.0,5709.0,2.0
2021-01-05 09:32:08.670,0.3903,0.3876,10.0,0.3829,20.0,5709.0,2.0
2021-01-05 09:32:09.141,0.3903,0.3875,3.0,0.3829,20.0,5709.0,2.0
2021-01-05 09:32:09.681,0.3903,0.3875,3.0,0.3829,20.0,5709.0,2.0
2021-01-05 09:32:10.161,0.3903,0.3875,23.0,0.3829,20.0,5709.0,2.0
2021-01-05 09:32:11.170,0.3903,0.3875,23.0,0.3829,20.0,5709.0,2.0
2021-01-05 09:32:11.650,0.3903,0.3875,23.0,0.384,5.0,5709.0,2.0
2021-01-05 09:32:12.161,0.3903,0.3873,10.0,0.3845,10.0,5709.0,2.0
2021-01-05 09:32:12.670,0.3903,0.3873,10.0,0.3845,10.0,5709.0,2.0
2021-01-05 09:32:13.171,0.3903,0.3873,10.0,0.3845,10.0,5709.0,2.0
2021-01-05 09:32:13.680,0.3903,0.3873,10.0,0.3845,10.0,5709.0,2.0
2021-01-05 09:32:14.180,0.3903,0.3873,10.0,0.3845,10.0,5709.0,2.0
2021-01-05 09:32:14.660,0.3903,0.3875,20.0,0.384,5.0,5709.0,2.0
2021-01-05 09:32:15.171,0.3903,0.3875,20.0,0.3841,1.0,5709.0,2.0
2021-01-05 09:32:15.671,0.3903,0.3875,20.0,0.3841,1.0,5709.0,2.0
2021-01-05 09:32:17.161,0.3903,0.3875,20.0,0.3841,1.0,5709.0,2.0
2021-01-05 09:32:17.651,0.3903,0.3875,20.0,0.3841,1.0,5709.0,2.0
2021-01-05 09:32:18.670,0.3903,0.3875,20.0,0.3841,1.0,5709.0,2.0
2021-01-05 09:32:20.671,0.3903,0.3875,20.0,0.3841,1.0,5709.0,2.0
2021-01-05 09:32:21.171,0.3903,0.3875,20.0,0.3841,1.0,5709.0,2.0
2021-01-05 09:32:21.680,0.3903,0.3875,20.0,0.3841,1.0,5709.0,2.0
2021-01-05 09:32:22.181,0.3903,0.3875,20.0,0.3841,1.0,5709.0,2.0
2021-01-05 09:32:22.660,0.3903,0.3875,30.0,0.3848,10.0,5709.0,2.0
2021-01-05 09:32:23.180,0.3903,0.3875,30.0,0.3848,10.0,5709.0,2.0
2021-01-05 09:32:24.160,0.3903,0.3875,30.0,0.3848,10.0,5709.0,2.0
2021-01-05 09:32:25.170,0.3903,0.3875,30.0,0.3848,10.0,5709.0,2.0
2021-01-05 09:32:25.670,0.3903,0.3875,30.0,0.3848,10.0,5709.0,2.0
2021-01-05 09:32:26.171,0.3903,0.3866,10.0,0.3841,1.0,5709.0,2.0
2021-01-05 09:32:26.650,0.3903,0.3866,30.0,0.3841,1.0,5709.0,2.0
2021-01-05 09:32:28.171,0.3903,0.3866,30.0,0.3841,1.0,5709.0,2.0
2021-01-05 09:32:28.611,0.3903,0.3866,30.0,0.3841,1.0,5709.0,2.0
2021-01-05 09:32:29.180,0.3903,0.3866,30.0,0.384,5.0,5709.0,2.0
2021-01-05 09:32:30.171,0.3903,0.3866,30.0,0.384,5.0,5709.0,2.0
2021-01-05 09:32:31.151,0.3903,0.3866,30.0,0.384,5.0,5709.0,2.0
2021-01-05 09:32:32.121,0.3903,0.3866,30.0,0.384,5.0,5709.0,2.0
2021-01-05 09:32:33.141,0.3903,0.3866,30.0,0.384,5.0,5709.0,2.0
2021-01-05 09:32:33.671,0.3903,0.3866,30.0,0.384,5.0,5709.0,2.0
2021-01-05 09:32:34.171,0.3903,0.3866,30.0,0.384,5.0,5709.0,2.0
2021-01-05 09:32:34.691,0.3903,0.3866,30.0,0.384,5.0,5709.0,2.0
2021-01-05 09:32:35.170,0.3903,0.3866,30.0,0.384,5.0,5709.0,2.0
2021-01-05 09:32:35.671,0.3903,0.3866,30.0,0.384,5.0,5709.0,2.0
2021-01-05 09:32:38.670,0.3903,0.3866,30.0,0.384,5.0,5709.0,2.0
2021-01-05 09:32:39.630,0.3903,0.3866,30.0,0.384,5.0,5709.0,2.0
2021-01-05 09:32:41.690,0.3903,0.3857,10.0,0.384,5.0,5709.0,2.0
2021-01-05 09:32:42.201,0.3903,0.3857,10.0,0.384,5.0,5709.0,2.0
2021-01-05 09:32:42.700,0.3903,0.3857,30.0,0.384,5.0,5709.0,2.0
2021-01-05 09:32:43.580,0.3903,0.3857,30.0,0.384,5.0,5709.0,2.0
2021-01-05 09:32:44.151,0.3903,0.3857,30.0,0.384,5.0,5709.0,2.0
2021-01-05 09:32:44.700,0.3903,0.3857,30.0,0.384,5.0,5709.0,2.0
2021-01-05 09:32:45.580,0.3903,0.3857,30.0,0.384,5.0,5709.0,2.0
2021-01-05 09:32:46.160,0.3903,0.3857,30.0,0.384,5.0,5709.0,2.0
2021-01-05 09:32:47.701,0.3903,0.3857,30.0,0.384,5.0,5709.0,2.0
2021-01-05 09:32:48.181,0.3903,0.3857,30.0,0.384,5.0,5709.0,2.0
2021-01-05 09:32:48.690,0.3903,0.3857,30.0,0.384,5.0,5709.0,2.0
2021-01-05 09:32:49.190,0.384,0.3857,30.0,0.3829,10.0,5714.0,7.0
2021-01-05 09:32:49.670,0.384,0.3853,10.0,0.3828,1.0,5714.0,7.0
2021-01-05 09:32:50.171,0.384,0.3853,10.0,0.3828,1.0,5714.0,7.0
2021-01-05 09:32:50.700,0.384,0.3853,10.0,0.3828,1.0,5714.0,7.0
2021-01-05 09:32:51.170,0.384,0.3853,10.0,0.3828,1.0,5714.0,7.0
2021-01-05 09:32:51.701,0.384,0.3853,30.0,0.3828,1.0,5714.0,7.0
2021-01-05 09:32:52.191,0.384,0.3853,30.0,0.3828,1.0,5714.0,7.0
2021-01-05 09:32:53.161,0.384,0.3853,30.0,0.3828,1.0,5714.0,7.0
2021-01-05 09:32:53.641,0.384,0.3853,30.0,0.3828,1.0,5714.0,7.0
2021-01-05 09:32:54.181,0.384,0.3853,30.0,0.3828,1.0,5714.0,7.0
2021-01-05 09:32:54.490,0.384,0.3853,30.0,0.3828,1.0,5714.0,7.0
2021-01-05 09:32:55.170,0.384,0.3853,10.0,0.3828,1.0,5714.0,7.0
2021-01-05 09:32:55.670,0.384,0.3853,30.0,0.3828,1.0,5714.0,7.0
2021-01-05 09:32:56.150,0.384,0.3853,30.0,0.3828,1.0,5714.0,7.0
2021-01-05 09:32:56.611,0.384,0.3853,30.0,0.3828,1.0,5714.0,7.0
2021-01-05 09:32:57.151,0.384,0.3853,30.0,0.3828,1.0,5714.0,7.0
2021-01-05 09:32:57.600,0.3853,0.3853,29.0,0.3828,1.0,5713.0,8.0
2021-01-05 09:32:58.171,0.3853,0.3853,29.0,0.3828,1.0,5713.0,8.0
2021-01-05 09:32:58.651,0.3853,0.3853,29.0,0.3828,1.0,5713.0,8.0
2021-01-05 09:32:59.621,0.3853,0.3853,29.0,0.3828,1.0,5713.0,8.0
2021-01-05 09:33:00.651,0.3853,0.3853,29.0,0.3828,1.0,5713.0,8.0
2021-01-05 09:33:01.120,0.3853,0.3853,9.0,0.3828,1.0,5713.0,8.0
2021-01-05 09:33:01.661,0.3853,0.3853,20.0,0.3828,1.0,5713.0,8.0
2021-01-05 09:33:01.921,0.3853,0.3853,20.0,0.3828,1.0,5713.0,8.0
2021-01-05 09:33:02.651,0.3853,0.3853,20.0,0.3828,1.0,5713.0,8.0
2021-01-05 09:33:03.171,0.3853,0.3854,10.0,0.3828,21.0,5713.0,8.0
2021-01-05 09:33:03.681,0.3853,0.3856,20.0,0.3828,21.0,5713.0,8.0
2021-01-05 09:33:04.140,0.3853,0.3867,10.0,0.3829,3.0,5713.0,8.0
2021-01-05 09:33:04.170,0.3853,0.3867,30.0,0.3829,3.0,5713.0,8.0
2021-01-05 09:33:05.181,0.3853,0.3867,30.0,0.3829,3.0,5713.0,8.0
2021-01-05 09:33:05.690,0.3853,0.3867,30.0,0.3829,3.0,5713.0,8.0
2021-01-05 09:33:06.170,0.3853,0.3867,30.0,0.3829,3.0,5713.0,8.0
2021-01-05 09:33:07.171,0.3853,0.3867,20.0,0.3839,10.0,5713.0,8.0
2021-01-05 09:33:07.601,0.3853,0.3867,20.0,0.3839,10.0,5713.0,8.0
2021-01-05 09:33:08.191,0.3853,0.388,30.0,0.3839,10.0,5713.0,8.0
2021-01-05 09:33:08.681,0.3853,0.3867,10.0,0.3839,10.0,5713.0,8.0
2021-01-05 09:33:09.181,0.3853,0.3867,10.0,0.3839,10.0,5713.0,8.0
2021-01-05 09:33:09.630,0.3853,0.3867,30.0,0.3839,10.0,5713.0,8.0
2021-01-05 09:33:10.180,0.3853,0.3867,30.0,0.3839,10.0,5713.0,8.0
2021-01-05 09:33:10.681,0.3853,0.3867,30.0,0.3839,30.0,5713.0,8.0
2021-01-05 09:33:11.670,0.3853,0.3867,30.0,0.3839,30.0,5713.0,8.0
2021-01-05 09:33:12.181,0.3853,0.3867,30.0,0.3839,30.0,5713.0,8.0
2021-01-05 09:33:12.650,0.3853,0.3867,30.0,0.3839,10.0,5713.0,8.0
2021-01-05 09:33:13.100,0.3853,0.3867,30.0,0.3839,10.0,5713.0,8.0
2021-01-05 09:33:13.691,0.3853,0.3867,30.0,0.3839,10.0,5713.0,8.0
2021-01-05 09:33:14.160,0.3853,0.3867,30.0,0.3839,10.0,5713.0,8.0
2021-01-05 09:33:14.650,0.3853,0.3867,30.0,0.3839,10.0,5713.0,8.0
2021-01-05 09:33:15.140,0.3853,0.3867,30.0,0.3839,10.0,5713.0,8.0
2021-01-05 09:33:15.651,0.3853,0.3867,30.0,0.3839,30.0,5713.0,8.0
2021-01-05 09:33:16.181,0.3853,0.3867,30.0,0.3839,10.0,5713.0,8.0
2021-01-05 09:33:16.671,0.3853,0.3867,20.0,0.3848,10.0,5713.0,8.0
2021-01-05 09:33:17.190,0.3853,0.3867,20.0,0.3848,10.0,5713.0,8.0
2021-01-05 09:33:17.691,0.3853,0.3876,30.0,0.3848,10.0,5713.0,8.0
2021-01-05 09:33:18.160,0.3853,0.3876,30.0,0.3848,10.0,5713.0,8.0
2021-01-05 09:33:18.680,0.3853,0.3876,30.0,0.3848,10.0,5713.0,8.0
2021-01-05 09:33:19.660,0.3853,0.3876,30.0,0.3848,10.0,5713.0,8.0
2021-01-05 09:33:19.950,0.3853,0.3876,30.0,0.3848,10.0,5713.0,8.0
2021-01-05 09:33:20.680,0.3853,0.3876,30.0,0.3848,10.0,5713.0,8.0
2021-01-05 09:33:21.160,0.3853,0.3876,30.0,0.3848,10.0,5713.0,8.0
2021-01-05 09:33:21.681,0.3853,0.3876,30.0,0.3848,10.0,5713.0,8.0
2021-01-05 09:33:22.150,0.3853,0.3876,30.0,0.3848,10.0,5713.0,8.0
2021-01-05 09:33:22.670,0.3853,0.3876,30.0,0.3848,10.0,5713.0,8.0
2021-01-05 09:33:23.151,0.3853,0.3876,30.0,0.3848,10.0,5713.0,8.0
2021-01-05 09:33:23.660,0.3853,0.3876,30.0,0.3848,10.0,5713.0,8.0
2021-01-05 09:33:24.171,0.3853,0.3876,30.0,0.3848,10.0,5713.0,8.0
2021-01-05 09:33:24.661,0.3853,0.3876,30.0,0.3848,10.0,5713.0,8.0
2021-01-05 09:33:25.671,0.3853,0.3876,30.0,0.3848,10.0,5713.0,8.0
2021-01-05 09:33:26.161,0.3853,0.3876,30.0,0.3848,10.0,5713.0,8.0
2021-01-05 09:33:26.651,0.3853,0.3876,30.0,0.3848,10.0,5713.0,8.0
2021-01-05 09:33:27.171,0.3853,0.3876,10.0,0.3848,10.0,5713.0,8.0
2021-01-05 09:33:27.681,0.3853,0.3876,30.0,0.3848,10.0,5713.0,8.0
2021-01-05 09:33:28.180,0.3853,0.3876,10.0,0.3848,10.0,5713.0,8.0
2021-01-05 09:33:28.670,0.3853,0.3876,10.0,0.3848,10.0,5713.0,8.0
2021-01-05 09:33:29.171,0.3853,0.3876,10.0,0.3848,10.0,5713.0,8.0
2021-01-05 09:33:30.170,0.3853,0.3876,10.0,0.3848,10.0,5713.0,8.0
2021-01-05 09:33:30.670,0.3853,0.3876,30.0,0.3848,10.0,5713.0,8.0
2021-01-05 09:33:31.680,0.3853,0.3876,30.0,0.3848,10.0,5713.0,8.0
2021-01-05 09:33:32.170,0.3853,0.3876,30.0,0.3848,10.0,5713.0,8.0
2021-01-05 09:33:32.620,0.3853,0.3876,30.0,0.3848,10.0,5713.0,8.0
2021-01-05 09:33:36.681,0.3853,0.3876,10.0,0.3848,10.0,5713.0,8.0
2021-01-05 09:33:37.190,0.3853,0.3876,10.0,0.3848,10.0,5713.0,8.0
2021-01-05 09:33:37.640,0.3853,0.3876,30.0,0.3848,30.0,5713.0,8.0
2021-01-05 09:33:39.201,0.3853,0.3876,30.0,0.3848,30.0,5713.0,8.0
2021-01-05 09:33:39.641,0.3853,0.3876,30.0,0.3848,30.0,5713.0,8.0
2021-01-05 09:33:40.160,0.3853,0.3876,30.0,0.3848,30.0,5713.0,8.0
2021-01-05 09:33:41.161,0.3853,0.3876,30.0,0.3848,30.0,5713.0,8.0
2021-01-05 09:33:41.691,0.3853,0.3876,30.0,0.3848,30.0,5713.0,8.0
2021-01-05 09:33:42.160,0.3853,0.3875,13.0,0.3844,20.0,5713.0,8.0
2021-01-05 09:33:42.640,0.3853,0.3875,13.0,0.3844,20.0,5713.0,8.0
2021-01-05 09:33:43.180,0.3853,0.3875,13.0,0.3838,10.0,5713.0,8.0
2021-01-05 09:33:43.681,0.3853,0.3875,13.0,0.3838,30.0,5713.0,8.0
2021-01-05 09:33:44.110,0.3853,0.3875,13.0,0.3838,30.0,5713.0,8.0
2021-01-05 09:33:44.571,0.3853,0.3875,13.0,0.3838,30.0,5713.0,8.0
2021-01-05 09:33:45.180,0.3853,0.3875,13.0,0.3838,30.0,5713.0,8.0
2021-01-05 09:33:45.660,0.3853,0.3875,13.0,0.3838,30.0,5713.0,8.0
2021-01-05 09:33:46.680,0.3853,0.3875,13.0,0.3838,30.0,5713.0,8.0
2021-01-05 09:33:47.191,0.3853,0.3875,13.0,0.3838,30.0,5713.0,8.0
2021-01-05 09:33:49.681,0.3853,0.3875,13.0,0.3838,10.0,5713.0,8.0
2021-01-05 09:33:50.180,0.3853,0.386,10.0,0.3835,20.0,5713.0,8.0
2021-01-05 09:33:50.670,0.3853,0.386,10.0,0.3835,20.0,5713.0,8.0
2021-01-05 09:33:51.141,0.3853,0.386,10.0,0.3835,20.0,5713.0,8.0
2021-01-05 09:33:51.581,0.3853,0.386,10.0,0.3835,20.0,5713.0,8.0
2021-01-05 09:33:52.190,0.3853,0.386,10.0,0.3835,20.0,5713.0,8.0
2021-01-05 09:33:52.661,0.3853,0.386,10.0,0.3835,20.0,5713.0,8.0
2021-01-05 09:33:53.650,0.3853,0.386,10.0,0.3836,3.0,5713.0,8.0
2021-01-05 09:33:54.610,0.3853,0.386,10.0,0.3835,20.0,5713.0,8.0
2021-01-05 09:33:55.181,0.3853,0.386,10.0,0.3835,20.0,5713.0,8.0
2021-01-05 09:33:55.650,0.3853,0.386,10.0,0.3835,20.0,5713.0,8.0
2021-01-05 09:33:56.120,0.3853,0.386,10.0,0.3835,20.0,5713.0,8.0
2021-01-05 09:33:57.171,0.3853,0.386,10.0,0.3835,20.0,5713.0,8.0
2021-01-05 09:33:57.671,0.3853,0.3862,20.0,0.3832,20.0,5713.0,8.0
2021-01-05 09:33:58.170,0.3853,0.3862,20.0,0.3828,21.0,5713.0,8.0
2021-01-05 09:33:58.670,0.3853,0.3862,20.0,0.3828,21.0,5713.0,8.0
2021-01-05 09:33:59.140,0.3853,0.3861,13.0,0.3828,21.0,5713.0,8.0
2021-01-05 09:33:59.590,0.3853,0.3861,13.0,0.3828,1.0,5713.0,8.0
2021-01-05 09:34:00.191,0.3853,0.3861,13.0,0.3828,1.0,5713.0,8.0
2021-01-05 09:34:00.671,0.3853,0.3861,13.0,0.3828,1.0,5713.0,8.0
2021-01-05 09:34:01.140,0.3853,0.3861,13.0,0.3828,1.0,5713.0,8.0
2021-01-05 09:34:01.661,0.3853,0.3861,13.0,0.3828,1.0,5713.0,8.0
2021-01-05 09:34:02.170,0.3853,0.3861,13.0,0.3828,1.0,5713.0,8.0
2021-01-05 09:34:02.671,0.3853,0.3861,13.0,0.3828,1.0,5713.0,8.0
2021-01-05 09:34:03.670,0.3853,0.3861,13.0,0.3828,1.0,5713.0,8.0
2021-01-05 09:34:05.121,0.3853,0.3861,13.0,0.3828,1.0,5713.0,8.0
2021-01-05 09:34:05.630,0.3853,0.3861,13.0,0.3829,1.0,5713.0,8.0
2021-01-05 09:34:06.671,0.3853,0.3851,10.0,0.3829,1.0,5713.0,8.0
2021-01-05 09:34:07.130,0.3853,0.3851,30.0,0.3829,1.0,5713.0,8.0
2021-01-05 09:34:08.171,0.3853,0.3851,30.0,0.3829,1.0,5713.0,8.0
2021-01-05 09:34:08.690,0.3853,0.3838,10.0,0.3829,1.0,5713.0,8.0
2021-01-05 09:34:09.170,0.3853,0.3838,10.0,0.3829,1.0,5713.0,8.0
2021-01-05 09:34:09.670,0.3853,0.3838,10.0,0.3828,1.0,5713.0,8.0
2021-01-05 09:34:10.140,0.3853,0.3838,10.0,0.3828,1.0,5713.0,8.0
2021-01-05 09:34:10.690,0.3853,0.3838,10.0,0.3828,1.0,5713.0,8.0
2021-01-05 09:34:11.681,0.3853,0.3849,10.0,0.3828,1.0,5713.0,8.0
2021-01-05 09:34:12.121,0.3853,0.3849,10.0,0.3828,1.0,5713.0,8.0
2021-01-05 09:34:12.640,0.3853,0.3849,10.0,0.3828,1.0,5713.0,8.0
2021-01-05 09:34:13.191,0.3853,0.3849,10.0,0.3828,1.0,5713.0,8.0
2021-01-05 09:34:13.681,0.3853,0.3849,10.0,0.3828,21.0,5713.0,8.0
2021-01-05 09:34:14.181,0.3853,0.3849,10.0,0.3828,21.0,5713.0,8.0
2021-01-05 09:34:14.691,0.3853,0.3849,10.0,0.3828,1.0,5713.0,8.0
2021-01-05 09:34:15.181,0.3853,0.386,10.0,0.3832,10.0,5713.0,8.0
2021-01-05 09:34:15.681,0.3853,0.386,10.0,0.3832,10.0,5713.0,8.0
2021-01-05 09:34:15.900,0.3853,0.3859,13.0,0.3832,30.0,5713.0,8.0
2021-01-05 09:34:16.330,0.3853,0.3859,13.0,0.3832,30.0,5713.0,8.0
2021-01-05 09:34:17.070,0.3853,0.3851,10.0,0.3829,1.0,5713.0,8.0
2021-01-05 09:34:17.690,0.3853,0.3851,10.0,0.3829,1.0,5713.0,8.0
2021-01-05 09:34:18.201,0.3853,0.3851,30.0,0.3829,1.0,5713.0,8.0
2021-01-05 09:34:18.620,0.3853,0.3851,10.0,0.3829,1.0,5713.0,8.0
2021-01-05 09:34:19.041,0.3853,0.3851,30.0,0.3829,1.0,5713.0,8.0
2021-01-05 09:34:19.700,0.3853,0.3851,30.0,0.3829,1.0,5713.0,8.0
2021-01-05 09:34:20.180,0.3853,0.3851,30.0,0.3829,1.0,5713.0,8.0
2021-01-05 09:34:20.651,0.3853,0.3851,43.0,0.3829,1.0,5713.0,8.0
2021-01-05 09:34:21.200,0.3853,0.3851,30.0,0.3829,1.0,5713.0,8.0
2021-01-05 09:34:21.690,0.3853,0.385,13.0,0.3829,1.0,5713.0,8.0
2021-01-05 09:34:22.651,0.3853,0.3851,30.0,0.3829,1.0,5713.0,8.0
2021-01-05 09:34:23.181,0.3853,0.3851,43.0,0.3829,1.0,5713.0,8.0
2021-01-05 09:34:25.171,0.3853,0.3851,30.0,0.3829,1.0,5713.0,8.0
2021-01-05 09:34:25.671,0.3853,0.3843,10.0,0.3829,1.0,5713.0,8.0
2021-01-05 09:34:26.170,0.3853,0.3843,30.0,0.3829,1.0,5713.0,8.0
2021-01-05 09:34:26.571,0.3853,0.3843,30.0,0.3829,1.0,5713.0,8.0
2021-01-05 09:34:27.150,0.3853,0.3843,30.0,0.3829,1.0,5713.0,8.0
2021-01-05 09:34:28.621,0.3853,0.3843,30.0,0.3829,1.0,5713.0,8.0
2021-01-05 09:34:29.601,0.3853,0.3843,30.0,0.3829,1.0,5713.0,8.0
2021-01-05 09:34:30.170,0.3853,0.3843,30.0,0.3829,1.0,5713.0,8.0
2021-01-05 09:34:30.681,0.3853,0.3843,30.0,0.3829,1.0,5713.0,8.0
2021-01-05 09:34:31.190,0.3853,0.3843,30.0,0.3829,1.0,5713.0,8.0
2021-01-05 09:34:31.280,0.3853,0.3843,30.0,0.3829,1.0,5713.0,8.0
2021-01-05 09:34:33.691,0.3853,0.3843,30.0,0.3829,1.0,5713.0,8.0
2021-01-05 09:34:34.640,0.3853,0.3843,30.0,0.3828,1.0,5713.0,8.0
2021-01-05 09:34:35.130,0.3853,0.3834,10.0,0.3828,1.0,5713.0,8.0
2021-01-05 09:34:35.670,0.3828,0.3834,30.0,0.3815,20.0,5713.0,9.0
2021-01-05 09:34:36.680,0.3828,0.3834,30.0,0.3816,1.0,5713.0,9.0
2021-01-05 09:34:37.161,0.3828,0.3834,30.0,0.3806,30.0,5713.0,9.0
2021-01-05 09:34:37.700,0.3828,0.3834,30.0,0.3806,30.0,5713.0,9.0
2021-01-05 09:34:37.940,0.3828,0.3834,30.0,0.3806,30.0,5713.0,9.0
2021-01-05 09:34:38.690,0.3828,0.3834,30.0,0.3807,1.0,5713.0,9.0
2021-01-05 09:34:39.091,0.3828,0.3834,20.0,0.3807,1.0,5713.0,9.0
2021-01-05 09:34:40.171,0.3828,0.3837,30.0,0.3807,1.0,5713.0,9.0
2021-01-05 09:34:40.601,0.3828,0.3836,13.0,0.3807,1.0,5713.0,9.0
2021-01-05 09:34:41.201,0.3828,0.3836,13.0,0.3798,20.0,5713.0,9.0
2021-01-05 09:34:41.700,0.3828,0.3836,13.0,0.3798,20.0,5713.0,9.0
2021-01-05 09:34:42.680,0.3828,0.3836,13.0,0.3798,23.0,5713.0,9.0
2021-01-05 09:34:43.671,0.3828,0.3836,13.0,0.3798,23.0,5713.0,9.0
2021-01-05 09:34:44.701,0.3828,0.3836,13.0,0.3798,23.0,5713.0,9.0
2021-01-05 09:34:45.200,0.3828,0.3836,13.0,0.3798,23.0,5713.0,9.0
2021-01-05 09:34:45.721,0.3828,0.3836,13.0,0.3798,23.0,5713.0,9.0
2021-01-05 09:34:46.140,0.3828,0.3822,10.0,0.3798,23.0,5713.0,9.0
2021-01-05 09:34:46.660,0.3828,0.3822,10.0,0.3798,23.0,5713.0,9.0
2021-01-05 09:34:47.181,0.3828,0.3822,10.0,0.3799,1.0,5713.0,9.0
2021-01-05 09:34:47.701,0.3828,0.3822,10.0,0.3799,1.0,5713.0,9.0
2021-01-05 09:34:48.141,0.3828,0.3822,10.0,0.3799,2.0,5713.0,9.0
2021-01-05 09:34:48.700,0.3828,0.3822,10.0,0.3799,2.0,5713.0,9.0
2021-01-05 09:34:49.210,0.3828,0.3822,10.0,0.3799,2.0,5713.0,9.0
2021-01-05 09:34:49.701,0.3828,0.3822,10.0,0.3799,2.0,5713.0,9.0
2021-01-05 09:34:50.220,0.3828,0.3822,10.0,0.3799,2.0,5713.0,9.0
2021-01-05 09:34:50.700,0.3828,0.3822,10.0,0.3799,5.0,5713.0,9.0
2021-01-05 09:34:51.701,0.3828,0.3822,10.0,0.3799,5.0,5713.0,9.0
2021-01-05 09:34:52.220,0.3828,0.3822,10.0,0.3799,2.0,5713.0,9.0
2021-01-05 09:34:52.650,0.3828,0.3822,10.0,0.3799,2.0,5713.0,9.0
2021-01-05 09:34:53.180,0.3828,0.3822,10.0,0.3799,2.0,5713.0,9.0
2021-01-05 09:34:53.651,0.3828,0.3822,10.0,0.3799,2.0,5713.0,9.0
2021-01-05 09:34:54.170,0.3828,0.3822,10.0,0.3799,2.0,5713.0,9.0
2021-01-05 09:34:54.631,0.3828,0.3813,10.0,0.3799,2.0,5713.0,9.0
2021-01-05 09:34:55.040,0.3828,0.3813,10.0,0.3799,2.0,5713.0,9.0
2021-01-05 09:34:55.680,0.3828,0.3813,10.0,0.3799,2.0,5713.0,9.0
2021-01-05 09:34:56.141,0.3828,0.3813,10.0,0.3799,2.0,5713.0,9.0
2021-01-05 09:34:56.681,0.3828,0.3803,10.0,0.3799,1.0,5713.0,9.0
2021-01-05 09:34:57.171,0.3828,0.3803,10.0,0.378,20.0,5713.0,9.0
2021-01-05 09:34:57.670,0.3828,0.3803,10.0,0.3781,1.0,5713.0,9.0
2021-01-05 09:34:58.160,0.3828,0.3803,10.0,0.3781,1.0,5713.0,9.0
2021-01-05 09:34:58.640,0.3828,0.3803,10.0,0.3781,1.0,5713.0,9.0
2021-01-05 09:34:59.170,0.3828,0.3803,10.0,0.3781,1.0,5713.0,9.0
2021-01-05 09:35:00.160,0.3828,0.3803,10.0,0.3782,1.0,5713.0,9.0
2021-01-05 09:35:00.630,0.3828,0.3803,10.0,0.3782,1.0,5713.0,9.0
2021-01-05 09:35:00.640,0.3828,0.3803,10.0,0.3782,1.0,5713.0,9.0
2021-01-05 09:35:02.181,0.3828,0.3803,10.0,0.3782,4.0,5713.0,9.0
2021-01-05 09:35:02.680,0.3803,0.3815,20.0,0.3782,4.0,5713.0,19.0
2021-01-05 09:35:03.180,0.3803,0.3814,13.0,0.3782,4.0,5713.0,19.0
2021-01-05 09:35:03.510,0.3803,0.3814,13.0,0.3782,4.0,5713.0,19.0
2021-01-05 09:35:04.181,0.3803,0.3814,13.0,0.3782,4.0,5713.0,19.0
2021-01-05 09:35:05.180,0.3803,0.3814,13.0,0.3782,4.0,5713.0,19.0
2021-01-05 09:35:05.671,0.3803,0.3814,13.0,0.3782,4.0,5713.0,19.0
2021-01-05 09:35:06.180,0.3803,0.3814,13.0,0.3782,4.0,5713.0,19.0
2021-01-05 09:35:06.680,0.3803,0.3814,13.0,0.3782,1.0,5713.0,19.0
2021-01-05 09:35:07.131,0.3803,0.3815,20.0,0.3782,1.0,5713.0,19.0
2021-01-05 09:35:07.650,0.3803,0.3814,13.0,0.3782,1.0,5713.0,19.0
2021-01-05 09:35:08.171,0.3803,0.381,14.0,0.3782,1.0,5713.0,19.0
2021-01-05 09:35:09.191,0.3803,0.381,14.0,0.3782,1.0,5713.0,19.0
2021-01-05 09:35:09.700,0.3803,0.381,34.0,0.3781,1.0,5713.0,19.0
2021-01-05 09:35:10.180,0.3803,0.3802,14.0,0.3782,1.0,5713.0,19.0
2021-01-05 09:35:10.691,0.3803,0.3802,34.0,0.3781,1.0,5713.0,19.0
2021-01-05 09:35:11.160,0.3803,0.3802,34.0,0.3781,1.0,5713.0,19.0
2021-01-05 09:35:11.680,0.3803,0.3802,34.0,0.3781,1.0,5713.0,19.0
2021-01-05 09:35:12.101,0.3803,0.3802,34.0,0.3781,1.0,5713.0,19.0
2021-01-05 09:35:12.691,0.3803,0.3802,34.0,0.3781,1.0,5713.0,19.0
2021-01-05 09:35:13.181,0.3803,0.3802,34.0,0.3781,1.0,5713.0,19.0
2021-01-05 09:35:13.640,0.3803,0.3806,10.0,0.3782,1.0,5713.0,19.0
2021-01-05 09:35:14.191,0.3803,0.381,20.0,0.3782,1.0,5713.0,19.0
2021-01-05 09:35:14.691,0.3803,0.3822,24.0,0.3784,14.0,5713.0,19.0
2021-01-05 09:35:15.171,0.3803,0.3818,20.0,0.3784,14.0,5713.0,19.0
2021-01-05 09:35:15.701,0.3803,0.3817,13.0,0.3784,14.0,5713.0,19.0
2021-01-05 09:35:16.151,0.3803,0.3817,33.0,0.3784,14.0,5713.0,19.0
2021-01-05 09:35:16.681,0.3803,0.3817,33.0,0.3784,14.0,5713.0,19.0
2021-01-05 09:35:17.680,0.3803,0.3817,33.0,0.3784,14.0,5713.0,19.0
2021-01-05 09:35:18.170,0.3803,0.3817,33.0,0.3784,14.0,5713.0,19.0
2021-01-05 09:35:18.681,0.3803,0.3817,33.0,0.3784,14.0,5713.0,19.0
2021-01-05 09:35:19.641,0.3803,0.3822,30.0,0.3785,1.0,5713.0,19.0
2021-01-05 09:35:20.170,0.3803,0.3822,30.0,0.3792,14.0,5713.0,19.0
2021-01-05 09:35:20.681,0.3803,0.3821,13.0,0.3792,14.0,5713.0,19.0
2021-01-05 09:35:21.180,0.3803,0.3821,13.0,0.3793,1.0,5713.0,19.0
2021-01-05 09:35:21.620,0.3803,0.382,14.0,0.3793,1.0,5713.0,19.0
2021-01-05 09:35:22.171,0.3803,0.382,14.0,0.3793,1.0,5713.0,19.0
2021-01-05 09:35:22.640,0.3803,0.382,14.0,0.3786,1.0,5713.0,19.0
2021-01-05 09:35:23.151,0.3803,0.382,14.0,0.3787,1.0,5713.0,19.0
2021-01-05 09:35:23.680,0.3803,0.382,14.0,0.3787,1.0,5713.0,19.0
2021-01-05 09:35:24.171,0.3803,0.382,14.0,0.3787,1.0,5713.0,19.0
2021-01-05 09:35:24.671,0.3803,0.382,14.0,0.3783,21.0,5713.0,19.0
2021-01-05 09:35:25.170,0.3803,0.382,14.0,0.3783,21.0,5713.0,19.0
2021-01-05 09:35:25.660,0.3803,0.382,14.0,0.3783,1.0,5713.0,19.0
2021-01-05 09:35:26.651,0.3803,0.382,14.0,0.3783,1.0,5713.0,19.0
2021-01-05 09:35:27.101,0.3803,0.382,14.0,0.3783,1.0,5713.0,19.0
2021-01-05 09:35:28.171,0.3803,0.382,14.0,0.3783,1.0,5713.0,19.0
2021-01-05 09:35:29.160,0.3803,0.382,14.0,0.3783,1.0,5713.0,19.0
2021-01-05 09:35:29.641,0.3803,0.382,14.0,0.3783,1.0,5713.0,19.0
2021-01-05 09:35:30.121,0.3803,0.382,14.0,0.3783,1.0,5713.0,19.0
2021-01-05 09:35:30.690,0.3803,0.382,14.0,0.3783,1.0,5713.0,19.0
2021-01-05 09:35:31.700,0.3803,0.382,14.0,0.3783,21.0,5713.0,19.0
2021-01-05 09:35:32.161,0.3803,0.382,14.0,0.3783,21.0,5713.0,19.0
2021-01-05 09:35:32.691,0.3803,0.382,14.0,0.3783,21.0,5713.0,19.0
2021-01-05 09:35:33.191,0.3803,0.382,14.0,0.3783,21.0,5713.0,19.0
2021-01-05 09:35:33.650,0.3803,0.382,14.0,0.3783,21.0,5713.0,19.0
2021-01-05 09:35:34.190,0.3803,0.382,14.0,0.3783,21.0,5713.0,19.0
2021-01-05 09:35:34.691,0.3803,0.382,14.0,0.3783,1.0,5713.0,19.0
2021-01-05 09:35:35.200,0.3803,0.3806,10.0,0.3783,1.0,5713.0,19.0
2021-01-05 09:35:35.600,0.3803,0.3805,13.0,0.3783,1.0,5713.0,19.0
2021-01-05 09:35:36.180,0.3803,0.3805,33.0,0.3783,1.0,5713.0,19.0
2021-01-05 09:35:36.620,0.3803,0.3805,33.0,0.3783,1.0,5713.0,19.0
2021-01-05 09:35:37.171,0.3803,0.3805,33.0,0.3783,1.0,5713.0,19.0
2021-01-05 09:35:38.190,0.3803,0.3805,33.0,0.3783,1.0,5713.0,19.0
2021-01-05 09:35:39.140,0.3803,0.3805,33.0,0.3783,1.0,5713.0,19.0
2021-01-05 09:35:40.191,0.3803,0.3805,13.0,0.3783,1.0,5713.0,19.0
2021-01-05 09:35:40.691,0.3803,0.3806,10.0,0.3783,1.0,5713.0,19.0
2021-01-05 09:35:41.190,0.3803,0.3806,23.0,0.3783,1.0,5713.0,19.0
2021-01-05 09:35:41.580,0.3803,0.3806,10.0,0.3783,1.0,5713.0,19.0
2021-01-05 09:35:42.160,0.3803,0.3806,10.0,0.3783,1.0,5713.0,19.0
2021-01-05 09:35:42.581,0.3803,0.3805,13.0,0.3783,1.0,5713.0,19.0
2021-01-05 09:35:43.190,0.3803,0.3805,33.0,0.3783,1.0,5713.0,19.0
2021-01-05 09:35:43.661,0.3803,0.3805,13.0,0.3783,21.0,5713.0,19.0
2021-01-05 09:35:44.101,0.3803,0.3805,13.0,0.3783,21.0,5713.0,19.0
2021-01-05 09:35:45.670,0.3803,0.3805,33.0,0.3783,1.0,5713.0,19.0
2021-01-05 09:35:46.170,0.3803,0.3805,33.0,0.3783,1.0,5713.0,19.0
2021-01-05 09:35:46.700,0.3803,0.3805,33.0,0.3781,1.0,5713.0,19.0
2021-01-05 09:35:47.201,0.3803,0.3805,34.0,0.3781,1.0,5713.0,19.0
2021-01-05 09:35:47.691,0.3803,0.3805,34.0,0.3779,10.0,5713.0,19.0
2021-01-05 09:35:48.181,0.3803,0.3796,10.0,0.3771,20.0,5713.0,19.0
2021-01-05 09:35:48.650,0.3803,0.3795,13.0,0.3772,1.0,5713.0,19.0
2021-01-05 09:35:49.001,0.3803,0.3795,13.0,0.3772,1.0,5713.0,19.0
2021-01-05 09:35:50.150,0.3803,0.3795,13.0,0.3772,1.0,5713.0,19.0
2021-01-05 09:35:50.680,0.3803,0.3795,13.0,0.3772,2.0,5713.0,19.0
2021-01-05 09:35:51.710,0.3803,0.3795,13.0,0.3772,2.0,5713.0,19.0
2021-01-05 09:35:53.111,0.3803,0.3796,10.0,0.3772,2.0,5713.0,19.0
2021-01-05 09:35:54.161,0.3803,0.3796,10.0,0.3772,5.0,5713.0,19.0
2021-01-05 09:35:54.640,0.3803,0.3796,10.0,0.3774,14.0,5713.0,19.0
2021-01-05 09:35:55.181,0.3803,0.3805,20.0,0.3781,10.0,5713.0,19.0
2021-01-05 09:35:55.691,0.3803,0.3809,30.0,0.3781,30.0,5713.0,19.0
2021-01-05 09:35:56.121,0.3803,0.3808,13.0,0.3781,30.0,5713.0,19.0
2021-01-05 09:35:56.690,0.3803,0.3808,13.0,0.3781,30.0,5713.0,19.0
2021-01-05 09:35:57.681,0.3803,0.3808,13.0,0.3781,30.0,5713.0,19.0
2021-01-05 09:35:59.640,0.3808,0.3808,12.0,0.3781,30.0,5713.0,20.0
2021-01-05 09:36:00.201,0.3808,0.3808,12.0,0.3781,30.0,5713.0,20.0
2021-01-05 09:36:00.680,0.3808,0.3808,12.0,0.3781,10.0,5713.0,20.0
2021-01-05 09:36:01.671,0.3808,0.3808,12.0,0.3782,1.0,5713.0,20.0
2021-01-05 09:36:02.170,0.3808,0.3808,12.0,0.3781,20.0,5713.0,20.0
2021-01-05 09:36:02.701,0.3808,0.3808,12.0,0.3777,1.0,5713.0,20.0
2021-01-05 09:36:03.200,0.3808,0.3808,12.0,0.3779,3.0,5713.0,20.0
2021-01-05 09:36:03.700,0.3808,0.3808,12.0,0.3779,23.0,5713.0,20.0
2021-01-05 09:36:04.201,0.3808,0.3808,12.0,0.3779,23.0,5713.0,20.0
2021-01-05 09:36:04.670,0.3808,0.3808,12.0,0.3779,20.0,5713.0,20.0
2021-01-05 09:36:05.150,0.3808,0.3808,12.0,0.3778,1.0,5713.0,20.0
2021-01-05 09:36:05.690,0.3808,0.3808,12.0,0.3778,1.0,5713.0,20.0
2021-01-05 09:36:07.640,0.3808,0.3808,12.0,0.3787,10.0,5713.0,20.0
2021-01-05 09:36:08.170,0.3808,0.3808,12.0,0.3787,30.0,5713.0,20.0
2021-01-05 09:36:09.161,0.3808,0.3808,12.0,0.3787,30.0,5713.0,20.0
2021-01-05 09:36:10.101,0.3808,0.3815,20.0,0.3788,1.0,5713.0,20.0
2021-01-05 09:36:10.671,0.3808,0.3814,13.0,0.3788,1.0,5713.0,20.0
2021-01-05 09:36:11.180,0.3808,0.3814,13.0,0.3788,1.0,5713.0,20.0
2021-01-05 09:36:11.651,0.3808,0.3814,13.0,0.3788,1.0,5713.0,20.0
2021-01-05 09:36:15.170,0.3808,0.3814,13.0,0.3788,1.0,5713.0,20.0
2021-01-05 09:36:16.150,0.3808,0.3814,13.0,0.3788,1.0,5713.0,20.0
2021-01-05 09:36:18.181,0.3808,0.3814,13.0,0.3788,1.0,5713.0,20.0
2021-01-05 09:36:18.680,0.3808,0.3814,13.0,0.3788,1.0,5713.0,20.0
2021-01-05 09:36:18.680,0.3808,0.3814,23.0,0.3788,1.0,5713.0,20.0
2021-01-05 09:36:19.691,0.3808,0.3814,23.0,0.3788,1.0,5713.0,20.0
2021-01-05 09:36:21.120,0.3808,0.3814,10.0,0.3788,1.0,5713.0,20.0
2021-01-05 09:36:21.691,0.3808,0.3819,10.0,0.3791,10.0,5713.0,20.0
2021-01-05 09:36:22.171,0.3808,0.3818,13.0,0.3791,10.0,5713.0,20.0
2021-01-05 09:36:22.611,0.3808,0.3818,13.0,0.3791,30.0,5713.0,20.0
2021-01-05 09:36:23.681,0.3808,0.3818,33.0,0.3791,30.0,5713.0,20.0
2021-01-05 09:36:24.171,0.3808,0.3818,33.0,0.3791,30.0,5713.0,20.0
2021-01-05 09:36:25.191,0.3808,0.3818,33.0,0.3791,30.0,5713.0,20.0
2021-01-05 09:36:25.650,0.3808,0.3818,33.0,0.3791,20.0,5713.0,20.0
2021-01-05 09:36:26.651,0.3808,0.3818,33.0,0.3791,20.0,5713.0,20.0
2021-01-05 09:36:27.131,0.3808,0.3818,33.0,0.3791,20.0,5713.0,20.0
2021-01-05 09:36:27.690,0.3808,0.3818,33.0,0.3791,20.0,5713.0,20.0
2021-01-05 09:36:28.190,0.3808,0.3818,33.0,0.3788,2.0,5713.0,20.0
2021-01-05 09:36:28.681,0.3808,0.3818,33.0,0.3788,2.0,5713.0,20.0
2021-01-05 09:36:29.100,0.3808,0.381,10.0,0.3788,1.0,5713.0,20.0
2021-01-05 09:36:29.661,0.3808,0.3809,13.0,0.3783,20.0,5713.0,20.0
2021-01-05 09:36:30.161,0.3808,0.3809,13.0,0.3783,20.0,5713.0,20.0
2021-01-05 09:36:30.700,0.3808,0.3809,13.0,0.3781,3.0,5713.0,20.0
2021-01-05 09:36:31.181,0.3808,0.3809,13.0,0.3784,1.0,5713.0,20.0
2021-01-05 09:36:31.690,0.3808,0.3809,13.0,0.3784,1.0,5713.0,20.0
2021-01-05 09:36:32.130,0.3808,0.3809,13.0,0.3784,21.0,5713.0,20.0
2021-01-05 09:36:33.200,0.3808,0.3809,13.0,0.3784,21.0,5713.0,20.0
2021-01-05 09:36:33.670,0.3808,0.3809,13.0,0.3784,21.0,5713.0,20.0
2021-01-05 09:36:34.091,0.3808,0.3809,13.0,0.3785,3.0,5713.0,20.0
2021-01-05 09:36:35.150,0.3808,0.3809,13.0,0.3785,3.0,5713.0,20.0
2021-01-05 09:36:36.191,0.3808,0.3809,13.0,0.3785,3.0,5713.0,20.0
2021-01-05 09:36:36.700,0.3808,0.3809,13.0,0.3784,21.0,5713.0,20.0
2021-01-05 09:36:38.120,0.3808,0.3809,13.0,0.3784,21.0,5713.0,20.0
2021-01-05 09:36:40.191,0.3808,0.3809,13.0,0.3784,21.0,5713.0,20.0
2021-01-05 09:36:40.700,0.3808,0.3809,13.0,0.3784,21.0,5713.0,20.0
2021-01-05 09:36:41.201,0.3808,0.3809,13.0,0.3784,21.0,5713.0,20.0
2021-01-05 09:36:41.641,0.3808,0.3809,13.0,0.3785,3.0,5713.0,20.0
2021-01-05 09:36:42.200,0.3808,0.3809,13.0,0.3785,3.0,5713.0,20.0
2021-01-05 09:36:42.690,0.3808,0.3809,13.0,0.3785,3.0,5713.0,20.0
2021-01-05 09:36:43.180,0.3808,0.3809,13.0,0.3785,3.0,5713.0,20.0
2021-01-05 09:36:43.700,0.3808,0.3809,13.0,0.3785,3.0,5713.0,20.0
2021-01-05 09:36:45.191,0.3808,0.3797,10.0,0.3784,20.0,5713.0,20.0
2021-01-05 09:36:45.631,0.3808,0.3797,10.0,0.3784,20.0,5713.0,20.0
2021-01-05 09:36:46.190,0.3808,0.3797,10.0,0.3775,21.0,5713.0,20.0
2021-01-05 09:36:46.190,0.3808,0.3797,10.0,0.3776,3.0,5713.0,20.0
2021-01-05 09:36:47.130,0.3808,0.3797,23.0,0.3776,4.0,5713.0,20.0
2021-01-05 09:36:47.660,0.3808,0.3797,10.0,0.3776,4.0,5713.0,20.0
2021-01-05 09:36:48.130,0.3808,0.3796,13.0,0.3776,4.0,5713.0,20.0
2021-01-05 09:36:48.630,0.3808,0.3797,10.0,0.3776,4.0,5713.0,20.0
2021-01-05 09:36:49.181,0.3808,0.3796,13.0,0.3776,4.0,5713.0,20.0
2021-01-05 09:36:50.190,0.3808,0.3796,13.0,0.3776,4.0,5713.0,20.0
2021-01-05 09:36:50.670,0.3808,0.3796,13.0,0.3777,1.0,5713.0,20.0
2021-01-05 09:36:51.171,0.3808,0.3797,10.0,0.3777,1.0,5713.0,20.0
2021-01-05 09:36:51.671,0.3808,0.3797,23.0,0.3777,4.0,5713.0,20.0
2021-01-05 09:36:52.180,0.3808,0.3797,10.0,0.3777,3.0,5713.0,20.0
2021-01-05 09:36:52.670,0.3808,0.3796,13.0,0.3777,3.0,5713.0,20.0
2021-01-05 09:36:53.680,0.3808,0.3796,13.0,0.3777,3.0,5713.0,20.0
2021-01-05 09:36:54.631,0.3808,0.3797,10.0,0.3777,3.0,5713.0,20.0
2021-01-05 09:36:56.141,0.3808,0.3797,10.0,0.3777,3.0,5713.0,20.0
2021-01-05 09:36:56.691,0.3808,0.3797,10.0,0.3777,3.0,5713.0,20.0
2021-01-05 09:36:57.630,0.3808,0.3797,10.0,0.3777,3.0,5713.0,20.0
2021-01-05 09:36:59.690,0.3808,0.3797,10.0,0.3777,3.0,5713.0,20.0
2021-01-05 09:37:00.151,0.3808,0.3796,13.0,0.3777,3.0,5713.0,20.0
2021-01-05 09:37:01.640,0.3808,0.3796,13.0,0.3778,3.0,5713.0,20.0
2021-01-05 09:37:02.191,0.3808,0.3797,10.0,0.3778,3.0,5713.0,20.0
2021-01-05 09:37:02.640,0.3808,0.3797,10.0,0.3778,23.0,5713.0,20.0
2021-01-05 09:37:03.151,0.3808,0.3797,10.0,0.3778,3.0,5713.0,20.0
2021-01-05 09:37:03.630,0.3808,0.3797,10.0,0.3778,23.0,5713.0,20.0
2021-01-05 09:37:04.200,0.3808,0.3814,24.0,0.3778,23.0,5713.0,20.0
2021-01-05 09:37:05.701,0.3808,0.3814,24.0,0.3778,23.0,5713.0,20.0
2021-01-05 09:37:06.171,0.3808,0.3814,24.0,0.3778,24.0,5713.0,20.0
2021-01-05 09:37:06.700,0.3808,0.3814,24.0,0.378,10.0,5713.0,20.0
2021-01-05 09:37:07.180,0.3808,0.3814,24.0,0.3781,3.0,5713.0,20.0
2021-01-05 09:37:07.681,0.3808,0.3814,24.0,0.3781,3.0,5713.0,20.0
2021-01-05 09:37:08.200,0.3808,0.3814,24.0,0.3781,23.0,5713.0,20.0
2021-01-05 09:37:08.630,0.3808,0.3814,24.0,0.3781,3.0,5713.0,20.0
2021-01-05 09:37:09.170,0.3808,0.3801,10.0,0.3782,1.0,5713.0,20.0
2021-01-05 09:37:09.660,0.3808,0.3801,10.0,0.3778,23.0,5713.0,20.0
2021-01-05 09:37:10.121,0.3808,0.3801,10.0,0.3782,20.0,5713.0,20.0
2021-01-05 09:37:10.701,0.3808,0.3801,10.0,0.3778,23.0,5713.0,20.0
2021-01-05 09:37:11.700,0.3808,0.3801,10.0,0.3778,23.0,5713.0,20.0
2021-01-05 09:37:12.131,0.3808,0.3801,10.0,0.3778,24.0,5713.0,20.0
2021-01-05 09:37:12.131,0.3808,0.3809,10.0,0.3785,14.0,5713.0,20.0
2021-01-05 09:37:13.181,0.3808,0.3808,13.0,0.3785,34.0,5713.0,20.0
2021-01-05 09:37:13.181,0.3808,0.3808,13.0,0.3785,34.0,5713.0,20.0
2021-01-05 09:37:14.171,0.3808,0.3808,13.0,0.3785,34.0,5713.0,20.0
2021-01-05 09:37:14.701,0.3808,0.3808,13.0,0.3785,34.0,5713.0,20.0
2021-01-05 09:37:15.200,0.3808,0.3805,14.0,0.3785,20.0,5713.0,20.0
2021-01-05 09:37:15.700,0.3808,0.3805,14.0,0.3785,20.0,5713.0,20.0
2021-01-05 09:37:16.190,0.3808,0.3805,14.0,0.3782,30.0,5713.0,20.0
2021-01-05 09:37:16.461,0.3808,0.3805,14.0,0.3786,3.0,5713.0,20.0
2021-01-05 09:37:17.200,0.3808,0.3805,14.0,0.3786,3.0,5713.0,20.0
2021-01-05 09:37:17.671,0.3808,0.3805,14.0,0.3786,23.0,5713.0,20.0
2021-01-05 09:37:18.061,0.3808,0.3805,14.0,0.3786,3.0,5713.0,20.0
2021-01-05 09:37:18.710,0.3808,0.3805,14.0,0.3786,23.0,5713.0,20.0
2021-01-05 09:37:19.021,0.3808,0.3805,14.0,0.3786,20.0,5713.0,20.0
2021-01-05 09:37:19.711,0.3808,0.3805,14.0,0.3786,20.0,5713.0,20.0
2021-01-05 09:37:20.211,0.3808,0.3805,14.0,0.3783,3.0,5713.0,20.0
2021-01-05 09:37:21.200,0.3808,0.381,14.0,0.3786,1.0,5713.0,20.0
2021-01-05 09:37:21.701,0.3808,0.381,14.0,0.3786,1.0,5713.0,20.0
2021-01-05 09:37:22.030,0.3808,0.381,14.0,0.3786,21.0,5713.0,20.0
2021-01-05 09:37:23.150,0.3808,0.381,14.0,0.3786,21.0,5713.0,20.0
2021-01-05 09:37:24.080,0.3808,0.381,14.0,0.3786,21.0,5713.0,20.0
2021-01-05 09:37:24.631,0.3808,0.381,14.0,0.3787,3.0,5713.0,20.0
2021-01-05 09:37:25.200,0.3808,0.381,14.0,0.3787,3.0,5713.0,20.0
2021-01-05 09:37:25.670,0.3808,0.381,14.0,0.3787,3.0,5713.0,20.0
2021-01-05 09:37:26.650,0.3808,0.381,14.0,0.3787,3.0,5713.0,20.0
2021-01-05 09:37:27.130,0.3808,0.381,14.0,0.3787,3.0,5713.0,20.0
2021-01-05 09:37:28.560,0.3808,0.381,14.0,0.3787,3.0,5713.0,20.0
2021-01-05 09:37:29.130,0.3808,0.381,14.0,0.3787,3.0,5713.0,20.0
2021-01-05 09:37:30.191,0.3808,0.381,14.0,0.3787,3.0,5713.0,20.0
2021-01-05 09:37:30.650,0.3808,0.381,14.0,0.3787,3.0,5713.0,20.0
2021-01-05 09:37:31.190,0.3808,0.381,14.0,0.3787,3.0,5713.0,20.0
2021-01-05 09:37:32.651,0.3808,0.381,14.0,0.3787,3.0,5713.0,20.0
2021-01-05 09:37:33.180,0.3808,0.381,14.0,0.3783,14.0,5713.0,20.0
2021-01-05 09:37:33.681,0.3808,0.381,14.0,0.3787,20.0,5713.0,20.0
2021-01-05 09:37:34.200,0.3808,0.381,14.0,0.3783,34.0,5713.0,20.0
2021-01-05 09:37:34.500,0.3808,0.381,14.0,0.3783,37.0,5713.0,20.0
2021-01-05 09:37:35.170,0.3808,0.381,14.0,0.3784,1.0,5713.0,20.0
2021-01-05 09:37:35.650,0.3808,0.381,14.0,0.3784,1.0,5713.0,20.0
2021-01-05 09:37:36.200,0.3808,0.381,14.0,0.3784,1.0,5713.0,20.0
2021-01-05 09:37:37.180,0.3808,0.381,14.0,0.3785,3.0,5713.0,20.0
2021-01-05 09:37:37.691,0.3808,0.3812,14.0,0.3788,14.0,5713.0,20.0
2021-01-05 09:37:38.651,0.3808,0.3812,14.0,0.3788,34.0,5713.0,20.0
2021-01-05 09:37:39.700,0.3808,0.3812,14.0,0.3788,34.0,5713.0,20.0
2021-01-05 09:37:40.161,0.3808,0.3812,14.0,0.3789,3.0,5713.0,20.0
2021-01-05 09:37:40.551,0.3808,0.3817,14.0,0.3793,14.0,5713.0,20.0
2021-01-05 09:37:41.051,0.3808,0.3817,14.0,0.3793,34.0,5713.0,20.0
2021-01-05 09:37:41.660,0.3808,0.3817,14.0,0.3794,1.0,5713.0,20.0
2021-01-05 09:37:44.190,0.3808,0.3817,14.0,0.3795,3.0,5713.0,20.0
2021-01-05 09:37:44.651,0.3808,0.3822,14.0,0.3798,14.0,5713.0,20.0
2021-01-05 09:37:45.191,0.3808,0.3822,14.0,0.3798,34.0,5713.0,20.0
2021-01-05 09:37:45.650,0.3808,0.3822,14.0,0.3798,34.0,5713.0,20.0
2021-01-05 09:37:46.601,0.3808,0.3822,14.0,0.3798,34.0,5713.0,20.0
2021-01-05 09:37:47.210,0.3808,0.3822,14.0,0.3798,34.0,5713.0,20.0
2021-01-05 09:37:47.661,0.3808,0.3822,14.0,0.3798,34.0,5713.0,20.0
2021-01-05 09:37:49.190,0.3808,0.3822,14.0,0.3799,3.0,5713.0,20.0
2021-01-05 09:37:50.220,0.3808,0.3822,14.0,0.3799,3.0,5713.0,20.0
2021-01-05 09:37:51.691,0.3808,0.3816,14.0,0.3799,3.0,5713.0,20.0
2021-01-05 09:37:52.191,0.3808,0.3816,14.0,0.3799,3.0,5713.0,20.0
2021-01-05 09:37:52.660,0.3808,0.3816,14.0,0.3799,3.0,5713.0,20.0
2021-01-05 09:37:56.611,0.3808,0.3817,14.0,0.3799,3.0,5713.0,20.0
2021-01-05 09:37:57.170,0.3808,0.3817,14.0,0.3799,3.0,5713.0,20.0
2021-01-05 09:37:57.601,0.3808,0.3823,14.0,0.3802,14.0,5713.0,20.0
2021-01-05 09:37:58.141,0.3808,0.3823,14.0,0.3803,3.0,5713.0,20.0
2021-01-05 09:37:58.141,0.3808,0.3823,14.0,0.3803,3.0,5713.0,20.0
2021-01-05 09:37:59.161,0.3808,0.3823,14.0,0.3803,3.0,5713.0,20.0
2021-01-05 09:38:00.680,0.3808,0.3817,10.0,0.3803,3.0,5713.0,20.0
2021-01-05 09:38:01.180,0.3808,0.3816,13.0,0.3803,3.0,5713.0,20.0
2021-01-05 09:38:03.191,0.3808,0.3816,13.0,0.3803,3.0,5713.0,20.0
2021-01-05 09:38:05.181,0.3808,0.3816,13.0,0.3803,3.0,5713.0,20.0
2021-01-05 09:38:05.681,0.3808,0.3816,13.0,0.3803,3.0,5713.0,20.0
2021-01-05 09:38:06.691,0.3808,0.3816,13.0,0.3803,3.0,5713.0,20.0
2021-01-05 09:38:07.200,0.3808,0.3813,14.0,0.3798,20.0,5713.0,20.0
2021-01-05 09:38:07.690,0.3808,0.3813,14.0,0.3799,3.0,5713.0,20.0
2021-01-05 09:38:07.961,0.3808,0.3813,14.0,0.3799,3.0,5713.0,20.0
2021-01-05 09:38:09.160,0.3799,0.3813,14.0,0.3799,2.0,5713.0,21.0
2021-01-05 09:38:09.611,0.3799,0.3808,14.0,0.3799,2.0,5713.0,21.0
2021-01-05 09:38:10.180,0.3799,0.3808,14.0,0.3799,1.0,5713.0,22.0
2021-01-05 09:38:10.670,0.3799,0.3808,14.0,0.3799,1.0,5713.0,22.0
2021-01-05 09:38:11.141,0.3799,0.3808,14.0,0.3799,1.0,5713.0,22.0
2021-01-05 09:38:11.701,0.3799,0.3808,14.0,0.3799,1.0,5713.0,22.0
2021-01-05 09:38:12.191,0.3799,0.3813,14.0,0.3799,1.0,5713.0,22.0
2021-01-05 09:38:12.691,0.3799,0.3813,14.0,0.3799,1.0,5713.0,22.0
2021-01-05 09:38:13.110,0.3799,0.3813,14.0,0.3799,1.0,5713.0,22.0
2021-01-05 09:38:13.690,0.3799,0.3813,14.0,0.3799,1.0,5713.0,22.0
2021-01-05 09:38:14.141,0.3799,0.3813,14.0,0.3799,1.0,5713.0,22.0
2021-01-05 09:38:14.691,0.3799,0.3808,14.0,0.3799,1.0,5713.0,22.0
2021-01-05 09:38:15.150,0.3799,0.3808,14.0,0.3794,1.0,5713.0,23.0
2021-01-05 09:38:15.730,0.3799,0.3813,10.0,0.3786,3.0,5713.0,23.0
2021-01-05 09:38:16.210,0.3799,0.3804,14.0,0.3786,6.0,5713.0,23.0
2021-01-05 09:38:17.190,0.3799,0.3804,14.0,0.3786,6.0,5713.0,23.0
2021-01-05 09:38:18.600,0.3799,0.3804,14.0,0.3786,6.0,5713.0,23.0
2021-01-05 09:38:19.230,0.3799,0.3804,14.0,0.3786,3.0,5713.0,23.0
2021-01-05 09:38:20.690,0.3799,0.3804,14.0,0.3786,3.0,5713.0,23.0
2021-01-05 09:38:21.670,0.3799,0.3804,14.0,0.3786,3.0,5713.0,23.0
2021-01-05 09:38:22.210,0.3799,0.3799,14.0,0.3786,3.0,5713.0,23.0
2021-01-05 09:38:22.661,0.3799,0.3799,14.0,0.3786,3.0,5713.0,23.0
2021-01-05 09:38:23.201,0.3799,0.3799,24.0,0.3786,3.0,5713.0,23.0
2021-01-05 09:38:24.141,0.3799,0.3799,24.0,0.3786,3.0,5713.0,23.0
2021-01-05 09:38:24.690,0.3799,0.3799,44.0,0.3786,3.0,5713.0,23.0
2021-01-05 09:38:25.101,0.3799,0.3799,24.0,0.3786,3.0,5713.0,23.0
2021-01-05 09:38:25.700,0.3799,0.3799,24.0,0.3786,3.0,5713.0,23.0
2021-01-05 09:38:26.100,0.3799,0.3799,24.0,0.3786,3.0,5713.0,23.0
2021-01-05 09:38:26.701,0.3799,0.3799,24.0,0.3786,3.0,5713.0,23.0
2021-01-05 09:38:27.691,0.3799,0.3799,24.0,0.3786,3.0,5713.0,23.0
2021-01-05 09:38:28.171,0.3799,0.3799,14.0,0.3786,3.0,5713.0,23.0
2021-01-05 09:38:28.680,0.3799,0.3799,14.0,0.3786,3.0,5713.0,23.0
2021-01-05 09:38:29.191,0.3799,0.3799,14.0,0.3786,3.0,5713.0,23.0
2021-01-05 09:38:29.641,0.3799,0.3799,14.0,0.3786,3.0,5713.0,23.0
2021-01-05 09:38:31.181,0.3799,0.3799,14.0,0.3786,3.0,5713.0,23.0
2021-01-05 09:38:32.171,0.3799,0.3796,14.0,0.3786,3.0,5713.0,23.0
2021-01-05 09:38:32.701,0.3799,0.3796,14.0,0.3786,3.0,5713.0,23.0
2021-01-05 09:38:33.191,0.3786,0.3796,14.0,0.3786,1.0,5715.0,25.0
2021-01-05 09:38:33.700,0.3786,0.379,14.0,0.3773,20.0,5716.0,26.0
2021-01-05 09:38:34.201,0.3786,0.379,14.0,0.3766,34.0,5716.0,26.0
2021-01-05 09:38:34.641,0.3786,0.379,14.0,0.3766,34.0,5716.0,26.0
2021-01-05 09:38:35.700,0.3786,0.3785,14.0,0.3766,20.0,5716.0,26.0
2021-01-05 09:38:36.130,0.3786,0.3785,14.0,0.3766,20.0,5716.0,26.0
2021-01-05 09:38:36.691,0.3786,0.3785,14.0,0.3766,3.0,5716.0,26.0
2021-01-05 09:38:37.160,0.3786,0.3785,14.0,0.3766,3.0,5716.0,26.0
2021-01-05 09:38:37.680,0.3786,0.3785,14.0,0.3763,23.0,5716.0,26.0
2021-01-05 09:38:38.161,0.3786,0.3785,34.0,0.3763,23.0,5716.0,26.0
2021-01-05 09:38:38.660,0.3786,0.3785,34.0,0.3763,23.0,5716.0,26.0
2021-01-05 09:38:39.161,0.3786,0.3785,34.0,0.3761,14.0,5716.0,26.0
2021-01-05 09:38:39.661,0.3786,0.3785,34.0,0.3761,14.0,5716.0,26.0
2021-01-05 09:38:40.201,0.3786,0.3778,14.0,0.3758,20.0,5716.0,26.0
2021-01-05 09:38:40.591,0.3786,0.3778,14.0,0.3756,3.0,5716.0,26.0
2021-01-05 09:38:41.190,0.3786,0.3778,14.0,0.3756,3.0,5716.0,26.0
2021-01-05 09:38:41.670,0.3786,0.3778,14.0,0.3756,3.0,5716.0,26.0
2021-01-05 09:38:42.191,0.3786,0.3778,14.0,0.3756,3.0,5716.0,26.0
2021-01-05 09:38:42.700,0.3786,0.3778,14.0,0.3756,3.0,5716.0,26.0
2021-01-05 09:38:43.190,0.3786,0.3778,14.0,0.3756,3.0,5716.0,26.0
2021-01-05 09:38:43.701,0.3786,0.3778,14.0,0.3756,3.0,5716.0,26.0
2021-01-05 09:38:44.200,0.3786,0.3778,14.0,0.3756,3.0,5716.0,26.0
2021-01-05 09:38:44.690,0.3786,0.3784,14.0,0.3759,14.0,5716.0,26.0
2021-01-05 09:38:45.201,0.3786,0.3784,14.0,0.376,3.0,5716.0,26.0
2021-01-05 09:38:45.480,0.3786,0.3784,14.0,0.376,3.0,5716.0,26.0
2021-01-05 09:38:45.580,0.3786,0.3792,20.0,0.376,3.0,5716.0,26.0
2021-01-05 09:38:46.210,0.3786,0.379,14.0,0.3765,14.0,5716.0,26.0
2021-01-05 09:38:47.140,0.3786,0.379,14.0,0.3765,14.0,5716.0,26.0
2021-01-05 09:38:48.110,0.3786,0.3796,14.0,0.3771,14.0,5716.0,26.0
2021-01-05 09:38:48.650,0.3786,0.3796,14.0,0.3771,14.0,5716.0,26.0
2021-01-05 09:38:49.130,0.3786,0.3799,14.0,0.3776,14.0,5716.0,26.0
2021-01-05 09:38:49.691,0.3786,0.3799,14.0,0.3776,14.0,5716.0,26.0
2021-01-05 09:38:50.110,0.3786,0.3799,14.0,0.3776,34.0,5716.0,26.0
2021-01-05 09:38:51.170,0.3786,0.3799,14.0,0.3776,14.0,5716.0,26.0
2021-01-05 09:38:51.691,0.3786,0.3794,14.0,0.3771,14.0,5716.0,26.0
2021-01-05 09:38:52.140,0.3786,0.3794,14.0,0.3771,14.0,5716.0,26.0
2021-01-05 09:38:52.630,0.3786,0.3794,14.0,0.3771,14.0,5716.0,26.0
2021-01-05 09:38:53.191,0.3786,0.3794,14.0,0.3771,14.0,5716.0,26.0
2021-01-05 09:38:54.190,0.3786,0.3789,14.0,0.3766,14.0,5716.0,26.0
2021-01-05 09:38:54.200,0.3786,0.3789,14.0,0.3766,14.0,5716.0,26.0
2021-01-05 09:38:56.190,0.3786,0.3789,14.0,0.3766,14.0,5716.0,26.0
2021-01-05 09:38:56.661,0.3786,0.3789,14.0,0.3766,14.0,5716.0,26.0
2021-01-05 09:38:57.200,0.3786,0.3789,14.0,0.3766,34.0,5716.0,26.0
2021-01-05 09:38:57.640,0.3786,0.3789,14.0,0.3766,14.0,5716.0,26.0
2021-01-05 09:38:58.161,0.3786,0.3802,30.0,0.3763,20.0,5716.0,26.0
2021-01-05 09:38:58.670,0.3786,0.3791,14.0,0.3771,14.0,5716.0,26.0
2021-01-05 09:38:59.060,0.3786,0.3797,14.0,0.3776,14.0,5716.0,26.0
2021-01-05 09:39:00.140,0.3786,0.3797,14.0,0.3776,14.0,5716.0,26.0
2021-01-05 09:39:00.660,0.3786,0.3797,14.0,0.3776,14.0,5716.0,26.0
2021-01-05 09:39:01.160,0.3786,0.3797,14.0,0.3776,14.0,5716.0,26.0
2021-01-05 09:39:02.201,0.3786,0.3797,14.0,0.3776,14.0,5716.0,26.0
2021-01-05 09:39:02.660,0.3786,0.3797,14.0,0.3776,14.0,5716.0,26.0
2021-01-05 09:39:03.150,0.3786,0.3797,14.0,0.3776,14.0,5716.0,26.0
2021-01-05 09:39:04.161,0.3786,0.3797,14.0,0.3776,14.0,5716.0,26.0
2021-01-05 09:39:05.701,0.3786,0.3792,10.0,0.3776,14.0,5716.0,26.0
2021-01-05 09:39:06.650,0.3786,0.3792,10.0,0.3776,34.0,5716.0,26.0
2021-01-05 09:39:09.161,0.3786,0.3792,10.0,0.3776,34.0,5716.0,26.0
2021-01-05 09:39:09.601,0.3786,0.3791,13.0,0.3776,34.0,5716.0,26.0
2021-01-05 09:39:10.191,0.3786,0.3791,13.0,0.3776,34.0,5716.0,26.0
2021-01-05 09:39:10.721,0.3786,0.3791,13.0,0.3776,34.0,5716.0,26.0
2021-01-05 09:39:11.201,0.3786,0.379,14.0,0.3773,20.0,5716.0,26.0
2021-01-05 09:39:11.701,0.3786,0.379,14.0,0.3773,20.0,5716.0,26.0
2021-01-05 09:39:12.150,0.3786,0.379,14.0,0.3773,20.0,5716.0,26.0
2021-01-05 09:39:13.720,0.3786,0.379,14.0,0.3774,3.0,5716.0,26.0
2021-01-05 09:39:14.160,0.3786,0.379,14.0,0.3773,20.0,5716.0,26.0
2021-01-05 09:39:15.220,0.3786,0.379,14.0,0.3769,34.0,5716.0,26.0
2021-01-05 09:39:15.720,0.3786,0.379,14.0,0.3769,34.0,5716.0,26.0
2021-01-05 09:39:16.711,0.3786,0.379,14.0,0.3769,34.0,5716.0,26.0
2021-01-05 09:39:17.650,0.3786,0.379,14.0,0.377,3.0,5716.0,26.0
2021-01-05 09:39:18.221,0.3786,0.379,14.0,0.377,3.0,5716.0,26.0
2021-01-05 09:39:18.980,0.3786,0.379,14.0,0.377,3.0,5716.0,26.0
2021-01-05 09:39:20.741,0.3786,0.379,14.0,0.3769,34.0,5716.0,26.0
2021-01-05 09:39:21.231,0.3786,0.379,14.0,0.3769,34.0,5716.0,26.0
2021-01-05 09:39:21.671,0.3786,0.379,14.0,0.3769,34.0,5716.0,26.0
2021-01-05 09:39:22.211,0.3786,0.379,14.0,0.3769,34.0,5716.0,26.0
2021-01-05 09:39:22.651,0.3786,0.379,14.0,0.3769,34.0,5716.0,26.0
2021-01-05 09:39:23.150,0.3786,0.379,14.0,0.3769,34.0,5716.0,26.0
2021-01-05 09:39:23.710,0.3786,0.379,14.0,0.3769,34.0,5716.0,26.0
2021-01-05 09:39:24.151,0.3786,0.379,14.0,0.3769,34.0,5716.0,26.0
2021-01-05 09:39:25.700,0.3786,0.379,14.0,0.3769,34.0,5716.0,26.0
2021-01-05 09:39:29.231,0.3786,0.379,14.0,0.3769,34.0,5716.0,26.0
2021-01-05 09:39:29.721,0.3786,0.379,14.0,0.3769,34.0,5716.0,26.0
2021-01-05 09:39:30.220,0.3786,0.379,14.0,0.377,3.0,5716.0,26.0
2021-01-05 09:39:30.721,0.3786,0.379,14.0,0.3769,34.0,5716.0,26.0
2021-01-05 09:39:31.121,0.3786,0.379,14.0,0.3769,34.0,5716.0,26.0
2021-01-05 09:39:31.701,0.3786,0.379,14.0,0.3769,34.0,5716.0,26.0
2021-01-05 09:39:32.141,0.3786,0.379,14.0,0.3769,34.0,5716.0,26.0
2021-01-05 09:39:32.700,0.3786,0.379,14.0,0.3769,34.0,5716.0,26.0
2021-01-05 09:39:33.530,0.3786,0.379,14.0,0.3769,34.0,5716.0,26.0
2021-01-05 09:39:34.210,0.3769,0.379,14.0,0.3769,24.0,5726.0,36.0
2021-01-05 09:39:34.681,0.3769,0.3792,20.0,0.3771,14.0,5726.0,36.0
2021-01-05 09:39:35.171,0.3769,0.3791,13.0,0.3771,14.0,5726.0,36.0
2021-01-05 09:39:35.701,0.3769,0.3791,13.0,0.3772,10.0,5726.0,36.0
2021-01-05 09:39:36.231,0.3769,0.3791,13.0,0.3772,30.0,5726.0,36.0
2021-01-05 09:39:37.221,0.3769,0.3791,13.0,0.3772,30.0,5726.0,36.0
2021-01-05 09:39:37.730,0.3769,0.3791,13.0,0.3772,20.0,5726.0,36.0
2021-01-05 09:39:38.221,0.3769,0.3791,13.0,0.3772,23.0,5726.0,36.0
2021-01-05 09:39:39.241,0.3769,0.3791,13.0,0.3772,20.0,5726.0,36.0
2021-01-05 09:39:39.751,0.3769,0.3791,13.0,0.3772,20.0,5726.0,36.0
2021-01-05 09:39:41.220,0.3769,0.3791,13.0,0.3772,20.0,5726.0,36.0
2021-01-05 09:39:41.750,0.3769,0.3791,13.0,0.3772,20.0,5726.0,36.0
2021-01-05 09:39:42.210,0.3769,0.3791,13.0,0.3772,20.0,5726.0,36.0
2021-01-05 09:39:42.740,0.3769,0.3791,13.0,0.3773,3.0,5726.0,36.0
2021-01-05 09:39:44.231,0.3769,0.3791,13.0,0.3773,3.0,5726.0,36.0
2021-01-05 09:39:45.251,0.3769,0.3791,13.0,0.3773,3.0,5726.0,36.0
2021-01-05 09:39:45.750,0.3769,0.3791,13.0,0.3773,3.0,5726.0,36.0
2021-01-05 09:39:46.040,0.3769,0.3789,14.0,0.3773,3.0,5726.0,36.0
2021-01-05 09:39:46.711,0.3769,0.3789,14.0,0.3772,20.0,5726.0,36.0
2021-01-05 09:39:47.250,0.3769,0.3789,14.0,0.3772,20.0,5726.0,36.0
2021-01-05 09:39:47.731,0.3769,0.3789,14.0,0.377,3.0,5726.0,36.0
2021-01-05 09:39:48.221,0.3769,0.3789,14.0,0.377,3.0,5726.0,36.0
2021-01-05 09:39:48.720,0.3769,0.3789,14.0,0.377,3.0,5726.0,36.0
2021-01-05 09:39:49.241,0.3769,0.3789,14.0,0.377,3.0,5726.0,36.0
2021-01-05 09:39:50.121,0.3769,0.3789,14.0,0.377,3.0,5726.0,36.0
2021-01-05 09:39:50.710,0.3769,0.3782,14.0,0.3769,20.0,5726.0,36.0
2021-01-05 09:39:51.241,0.3769,0.3782,14.0,0.3759,10.0,5726.0,36.0
2021-01-05 09:39:51.730,0.3769,0.3777,14.0,0.376,3.0,5726.0,36.0
2021-01-05 09:39:52.251,0.3769,0.3777,14.0,0.376,3.0,5726.0,36.0
2021-01-05 09:39:53.121,0.3769,0.3782,14.0,0.376,3.0,5726.0,36.0
2021-01-05 09:39:53.630,0.3769,0.3782,14.0,0.376,3.0,5726.0,36.0
2021-01-05 09:39:54.191,0.3769,0.3782,14.0,0.3761,1.0,5726.0,36.0
2021-01-05 09:39:54.691,0.3769,0.3782,14.0,0.376,3.0,5726.0,36.0
2021-01-05 09:39:55.181,0.3769,0.3782,14.0,0.376,3.0,5726.0,36.0
2021-01-05 09:39:55.640,0.3769,0.3782,14.0,0.376,3.0,5726.0,36.0
2021-01-05 09:39:56.120,0.3769,0.3782,14.0,0.376,3.0,5726.0,36.0
2021-01-05 09:39:56.691,0.3769,0.3782,14.0,0.376,3.0,5726.0,36.0
2021-01-05 09:39:57.181,0.3769,0.3782,14.0,0.376,3.0,5726.0,36.0
2021-01-05 09:39:57.580,0.3769,0.3782,14.0,0.376,3.0,5726.0,36.0
2021-01-05 09:39:58.201,0.3769,0.3782,14.0,0.376,3.0,5726.0,36.0
2021-01-05 09:39:59.061,0.3769,0.3782,14.0,0.376,3.0,5726.0,36.0
2021-01-05 09:40:00.631,0.3769,0.3782,14.0,0.376,3.0,5726.0,36.0
2021-01-05 09:40:01.201,0.3769,0.3782,14.0,0.376,3.0,5726.0,36.0
2021-01-05 09:40:01.570,0.3769,0.3788,14.0,0.3762,14.0,5726.0,36.0
2021-01-05 09:40:02.200,0.3769,0.3788,14.0,0.3762,34.0,5726.0,36.0
2021-01-05 09:40:02.671,0.3769,0.3788,14.0,0.3775,10.0,5726.0,36.0
2021-01-05 09:40:03.171,0.3769,0.3788,14.0,0.3775,10.0,5726.0,36.0
2021-01-05 09:40:03.691,0.3769,0.3788,14.0,0.3775,10.0,5726.0,36.0
2021-01-05 09:40:04.160,0.3769,0.3788,14.0,0.3771,20.0,5726.0,36.0
2021-01-05 09:40:04.700,0.3769,0.3788,14.0,0.3768,20.0,5726.0,36.0
2021-01-05 09:40:05.170,0.3769,0.3788,14.0,0.3765,30.0,5726.0,36.0
2021-01-05 09:40:06.200,0.3769,0.3788,14.0,0.3765,30.0,5726.0,36.0
2021-01-05 09:40:06.701,0.3769,0.3794,14.0,0.3767,14.0,5726.0,36.0
2021-01-05 09:40:07.700,0.3769,0.3794,14.0,0.3768,3.0,5726.0,36.0
2021-01-05 09:40:08.200,0.3769,0.3794,14.0,0.3768,23.0,5726.0,36.0
2021-01-05 09:40:08.690,0.3769,0.3797,20.0,0.3773,14.0,5726.0,36.0
2021-01-05 09:40:09.191,0.3769,0.3796,13.0,0.3773,14.0,5726.0,36.0
2021-01-05 09:40:09.441,0.3769,0.3796,13.0,0.3774,3.0,5726.0,36.0
2021-01-05 09:40:10.150,0.3769,0.3796,13.0,0.3774,3.0,5726.0,36.0
2021-01-05 09:40:10.680,0.3769,0.3796,13.0,0.3774,3.0,5726.0,36.0
2021-01-05 09:40:11.170,0.3769,0.3796,13.0,0.3774,3.0,5726.0,36.0
2021-01-05 09:40:11.671,0.3769,0.3796,13.0,0.3774,3.0,5726.0,36.0
2021-01-05 09:40:12.190,0.3769,0.3796,13.0,0.3774,3.0,5726.0,36.0
2021-01-05 09:40:12.680,0.3769,0.3804,14.0,0.3778,14.0,5726.0,36.0
2021-01-05 09:40:13.170,0.3769,0.3804,14.0,0.3779,3.0,5726.0,36.0
2021-01-05 09:40:13.170,0.3769,0.3804,14.0,0.3779,3.0,5726.0,36.0
2021-01-05 09:40:14.150,0.3769,0.3804,14.0,0.3779,3.0,5726.0,36.0
2021-01-05 09:40:14.701,0.3769,0.3806,20.0,0.3783,14.0,5726.0,36.0
2021-01-05 09:40:15.120,0.3769,0.3805,13.0,0.3783,14.0,5726.0,36.0
2021-01-05 09:40:15.690,0.3769,0.3805,13.0,0.3783,44.0,5726.0,36.0
2021-01-05 09:40:16.140,0.3769,0.3806,20.0,0.3783,44.0,5726.0,36.0
2021-01-05 09:40:17.191,0.3769,0.3805,13.0,0.3784,3.0,5726.0,36.0
2021-01-05 09:40:17.661,0.3769,0.3805,13.0,0.3784,3.0,5726.0,36.0
2021-01-05 09:40:18.161,0.3769,0.3805,13.0,0.3784,3.0,5726.0,36.0
2021-01-05 09:40:18.701,0.3769,0.3805,13.0,0.3784,3.0,5726.0,36.0
2021-01-05 09:40:19.711,0.3769,0.3805,13.0,0.3783,44.0,5726.0,36.0
2021-01-05 09:40:20.191,0.3769,0.3804,14.0,0.3783,10.0,5726.0,36.0
2021-01-05 09:40:20.691,0.3769,0.3804,14.0,0.3783,10.0,5726.0,36.0
2021-01-05 09:40:21.200,0.3769,0.3796,10.0,0.378,1.0,5726.0,36.0
2021-01-05 09:40:21.701,0.3769,0.3795,13.0,0.3778,37.0,5726.0,36.0
2021-01-05 09:40:22.650,0.3769,0.3795,13.0,0.3778,37.0,5726.0,36.0
2021-01-05 09:40:23.200,0.3769,0.3795,13.0,0.3778,3.0,5726.0,36.0
2021-01-05 09:40:24.160,0.3769,0.3795,13.0,0.3778,3.0,5726.0,36.0
2021-01-05 09:40:24.681,0.3769,0.3795,13.0,0.3778,3.0,5726.0,36.0
2021-01-05 09:40:25.121,0.3769,0.3795,13.0,0.3778,3.0,5726.0,36.0
2021-01-05 09:40:25.570,0.3769,0.3795,13.0,0.3778,3.0,5726.0,36.0
2021-01-05 09:40:26.650,0.3769,0.3795,13.0,0.3778,9.0,5726.0,36.0
2021-01-05 09:40:27.140,0.3769,0.3795,13.0,0.3778,6.0,5726.0,36.0
2021-01-05 09:40:27.701,0.3769,0.3795,13.0,0.3778,6.0,5726.0,36.0
2021-01-05 09:40:28.200,0.3769,0.3795,13.0,0.3778,6.0,5726.0,36.0
2021-01-05 09:40:29.170,0.3769,0.3795,13.0,0.3778,6.0,5726.0,36.0
2021-01-05 09:40:32.611,0.3769,0.3795,13.0,0.3778,6.0,5726.0,36.0
2021-01-05 09:40:33.191,0.3769,0.3795,13.0,0.3778,6.0,5726.0,36.0
2021-01-05 09:40:33.681,0.3769,0.3795,13.0,0.3778,6.0,5726.0,36.0
2021-01-05 09:40:34.171,0.3769,0.3803,20.0,0.3779,3.0,5726.0,36.0
2021-01-05 09:40:34.601,0.3769,0.3803,34.0,0.3779,9.0,5726.0,36.0
2021-01-05 09:40:35.201,0.3769,0.3803,14.0,0.3779,9.0,5726.0,36.0
2021-01-05 09:40:36.161,0.3769,0.3803,14.0,0.3779,9.0,5726.0,36.0
2021-01-05 09:40:36.620,0.3769,0.3803,14.0,0.3779,9.0,5726.0,36.0
2021-01-05 09:40:37.201,0.3769,0.3803,34.0,0.3779,9.0,5726.0,36.0
2021-01-05 09:40:37.700,0.3769,0.3803,34.0,0.3779,6.0,5726.0,36.0
2021-01-05 09:40:38.130,0.3769,0.3803,34.0,0.3779,6.0,5726.0,36.0
2021-01-05 09:40:38.651,0.3769,0.3803,34.0,0.3779,6.0,5726.0,36.0
2021-01-05 09:40:39.681,0.3769,0.3803,34.0,0.3779,9.0,5726.0,36.0
2021-01-05 09:40:40.151,0.3769,0.3803,34.0,0.3779,9.0,5726.0,36.0
2021-01-05 09:40:41.191,0.3769,0.3805,14.0,0.3782,14.0,5726.0,36.0
2021-01-05 09:40:41.640,0.3769,0.3805,14.0,0.3784,10.0,5726.0,36.0
2021-01-05 09:40:42.180,0.3769,0.3805,14.0,0.3784,10.0,5726.0,36.0
2021-01-05 09:40:44.620,0.3769,0.3805,14.0,0.3784,16.0,5726.0,36.0
2021-01-05 09:40:45.131,0.3769,0.3805,14.0,0.3784,19.0,5726.0,36.0
2021-01-05 09:40:46.161,0.3769,0.3805,14.0,0.3784,19.0,5726.0,36.0
2021-01-05 09:40:48.700,0.3805,0.3806,14.0,0.3785,14.0,5735.0,45.0
2021-01-05 09:40:49.111,0.3805,0.3806,14.0,0.3785,20.0,5735.0,45.0
2021-01-05 09:40:50.181,0.3805,0.3806,14.0,0.3785,40.0,5735.0,45.0
2021-01-05 09:40:51.601,0.3805,0.3806,14.0,0.3785,43.0,5735.0,45.0
2021-01-05 09:40:53.651,0.3805,0.3806,14.0,0.3785,43.0,5735.0,45.0
2021-01-05 09:40:54.141,0.3805,0.3806,14.0,0.3785,43.0,5735.0,45.0
2021-01-05 09:40:54.661,0.3805,0.3806,14.0,0.3785,43.0,5735.0,45.0
2021-01-05 09:40:55.111,0.3805,0.3806,14.0,0.3785,43.0,5735.0,45.0
2021-01-05 09:40:55.681,0.3805,0.3806,14.0,0.3785,43.0,5735.0,45.0
2021-01-05 09:40:56.121,0.3805,0.3806,14.0,0.3785,43.0,5735.0,45.0
2021-01-05 09:40:56.711,0.3805,0.3806,14.0,0.3785,20.0,5735.0,45.0
2021-01-05 09:40:57.180,0.3805,0.3806,14.0,0.3785,20.0,5735.0,45.0
2021-01-05 09:40:57.710,0.3805,0.3806,14.0,0.3785,20.0,5735.0,45.0
2021-01-05 09:40:58.721,0.3805,0.3806,14.0,0.3785,20.0,5735.0,45.0
2021-01-05 09:40:58.980,0.3805,0.3806,14.0,0.3785,20.0,5735.0,45.0
2021-01-05 09:40:59.650,0.3805,0.3806,14.0,0.3785,40.0,5735.0,45.0
2021-01-05 09:40:59.921,0.3805,0.3806,14.0,0.3785,20.0,5735.0,45.0
2021-01-05 09:41:01.160,0.3805,0.3806,14.0,0.3785,20.0,5735.0,45.0
2021-01-05 09:41:01.650,0.3805,0.3806,14.0,0.3785,40.0,5735.0,45.0
2021-01-05 09:41:02.190,0.3805,0.3806,14.0,0.3785,20.0,5735.0,45.0
2021-01-05 09:41:02.661,0.3805,0.3806,14.0,0.3785,40.0,5735.0,45.0
2021-01-05 09:41:03.110,0.3805,0.3806,14.0,0.3785,20.0,5735.0,45.0
2021-01-05 09:41:05.220,0.3805,0.3806,14.0,0.3785,20.0,5735.0,45.0
2021-01-05 09:41:07.100,0.3805,0.3806,14.0,0.3785,20.0,5735.0,45.0
2021-01-05 09:41:08.201,0.3805,0.3801,14.0,0.3785,6.0,5735.0,45.0
2021-01-05 09:41:08.701,0.3805,0.3801,14.0,0.3785,6.0,5735.0,45.0
2021-01-05 09:41:09.650,0.3805,0.3799,10.0,0.3785,6.0,5735.0,45.0
2021-01-05 09:41:10.220,0.3805,0.3798,13.0,0.3783,20.0,5735.0,45.0
2021-01-05 09:41:10.710,0.3805,0.3798,13.0,0.378,14.0,5735.0,45.0
2021-01-05 09:41:11.210,0.3805,0.3798,13.0,0.378,14.0,5735.0,45.0
2021-01-05 09:41:11.711,0.3805,0.3798,13.0,0.378,14.0,5735.0,45.0
2021-01-05 09:41:12.710,0.3805,0.3798,13.0,0.378,14.0,5735.0,45.0
2021-01-05 09:41:13.161,0.3805,0.3798,13.0,0.378,14.0,5735.0,45.0
2021-01-05 09:41:13.711,0.3805,0.3798,13.0,0.3781,3.0,5735.0,45.0
2021-01-05 09:41:14.160,0.3805,0.3798,13.0,0.378,14.0,5735.0,45.0
2021-01-05 09:41:14.671,0.3805,0.3798,13.0,0.3782,3.0,5735.0,45.0
2021-01-05 09:41:15.180,0.3805,0.3798,13.0,0.3782,3.0,5735.0,45.0
2021-01-05 09:41:16.210,0.3805,0.3801,14.0,0.3782,3.0,5735.0,45.0
2021-01-05 09:41:17.670,0.3805,0.3801,14.0,0.378,14.0,5735.0,45.0
2021-01-05 09:41:18.141,0.3805,0.3801,14.0,0.378,17.0,5735.0,45.0
2021-01-05 09:41:18.600,0.3805,0.3801,14.0,0.378,17.0,5735.0,45.0
2021-01-05 09:41:19.161,0.3805,0.3801,14.0,0.378,14.0,5735.0,45.0
2021-01-05 09:41:20.070,0.3805,0.3801,14.0,0.378,14.0,5735.0,45.0
2021-01-05 09:41:20.721,0.3805,0.3801,14.0,0.378,14.0,5735.0,45.0
2021-01-05 09:41:22.190,0.3805,0.3801,14.0,0.378,14.0,5735.0,45.0
2021-01-05 09:41:22.700,0.3805,0.3801,14.0,0.378,14.0,5735.0,45.0
2021-01-05 09:41:23.061,0.3805,0.3801,14.0,0.378,14.0,5735.0,45.0
2021-01-05 09:41:24.171,0.3805,0.3796,10.0,0.3781,3.0,5735.0,45.0
2021-01-05 09:41:24.651,0.3805,0.3796,23.0,0.3781,3.0,5735.0,45.0
2021-01-05 09:41:25.120,0.3805,0.3796,10.0,0.3781,3.0,5735.0,45.0
2021-01-05 09:41:25.641,0.3805,0.3795,13.0,0.3781,3.0,5735.0,45.0
2021-01-05 09:41:26.190,0.3805,0.3795,13.0,0.3781,3.0,5735.0,45.0
2021-01-05 09:41:27.131,0.3805,0.3795,13.0,0.3781,3.0,5735.0,45.0
2021-01-05 09:41:27.710,0.3805,0.3795,13.0,0.378,14.0,5735.0,45.0
2021-01-05 09:41:28.171,0.3805,0.3795,13.0,0.378,17.0,5735.0,45.0
2021-01-05 09:41:28.540,0.3805,0.3795,13.0,0.378,17.0,5735.0,45.0
2021-01-05 09:41:29.001,0.3805,0.3795,13.0,0.378,17.0,5735.0,45.0
2021-01-05 09:41:29.690,0.3805,0.3795,13.0,0.378,17.0,5735.0,45.0
2021-01-05 09:41:30.180,0.3805,0.3795,13.0,0.378,3.0,5735.0,45.0
2021-01-05 09:41:31.181,0.3805,0.3795,13.0,0.378,3.0,5735.0,45.0
2021-01-05 09:41:32.670,0.3805,0.3795,13.0,0.378,23.0,5735.0,45.0
2021-01-05 09:41:33.171,0.3805,0.3795,13.0,0.378,3.0,5735.0,45.0
2021-01-05 09:41:33.680,0.3805,0.3795,13.0,0.378,3.0,5735.0,45.0
2021-01-05 09:41:33.990,0.3805,0.3795,13.0,0.378,23.0,5735.0,45.0
2021-01-05 09:41:34.720,0.3805,0.3795,13.0,0.378,3.0,5735.0,45.0
2021-01-05 09:41:35.221,0.3805,0.3795,13.0,0.378,3.0,5735.0,45.0
2021-01-05 09:41:35.721,0.3805,0.3795,13.0,0.3777,20.0,5735.0,45.0
2021-01-05 09:41:36.070,0.3805,0.3795,13.0,0.3775,17.0,5735.0,45.0
2021-01-05 09:41:36.720,0.3805,0.378,3.0,0.3775,3.0,5735.0,45.0
2021-01-05 09:41:37.210,0.378,0.378,2.0,0.3775,3.0,5734.0,46.0
2021-01-05 09:41:37.711,0.378,0.378,2.0,0.3771,20.0,5734.0,46.0
2021-01-05 09:41:38.220,0.378,0.378,2.0,0.377,3.0,5734.0,46.0
2021-01-05 09:41:38.710,0.378,0.3786,14.0,0.377,3.0,5734.0,46.0
2021-01-05 09:41:40.231,0.378,0.3786,14.0,0.377,3.0,5734.0,46.0
2021-01-05 09:41:41.130,0.378,0.3786,14.0,0.377,3.0,5734.0,46.0
2021-01-05 09:41:41.730,0.378,0.3787,10.0,0.377,3.0,5734.0,46.0
2021-01-05 09:41:42.201,0.378,0.3786,13.0,0.377,3.0,5734.0,46.0
2021-01-05 09:41:42.690,0.378,0.3791,14.0,0.377,3.0,5734.0,46.0
2021-01-05 09:41:45.190,0.378,0.3791,14.0,0.377,3.0,5734.0,46.0
2021-01-05 09:41:45.701,0.378,0.3791,14.0,0.377,3.0,5734.0,46.0
2021-01-05 09:41:46.241,0.378,0.3791,14.0,0.377,3.0,5734.0,46.0
2021-01-05 09:41:46.661,0.378,0.3791,14.0,0.377,3.0,5734.0,46.0
2021-01-05 09:41:47.201,0.378,0.3791,14.0,0.377,3.0,5734.0,46.0
2021-01-05 09:41:48.181,0.378,0.3791,14.0,0.377,3.0,5734.0,46.0
2021-01-05 09:41:49.191,0.378,0.3791,14.0,0.3771,3.0,5734.0,46.0
2021-01-05 09:41:49.750,0.378,0.3791,14.0,0.3771,3.0,5734.0,46.0
2021-01-05 09:41:50.231,0.378,0.3791,14.0,0.3769,14.0,5734.0,46.0
2021-01-05 09:41:50.751,0.378,0.3791,14.0,0.3771,20.0,5734.0,46.0
2021-01-05 09:41:51.251,0.378,0.3791,14.0,0.3769,14.0,5734.0,46.0
2021-01-05 09:41:51.760,0.378,0.3791,14.0,0.3772,3.0,5734.0,46.0
2021-01-05 09:41:52.261,0.378,0.3791,14.0,0.3769,17.0,5734.0,46.0
2021-01-05 09:41:52.690,0.378,0.3791,14.0,0.3769,17.0,5734.0,46.0
2021-01-05 09:41:53.201,0.378,0.3791,14.0,0.3769,14.0,5734.0,46.0
2021-01-05 09:41:53.681,0.378,0.3791,14.0,0.3769,14.0,5734.0,46.0
2021-01-05 09:41:55.160,0.378,0.3787,10.0,0.3769,14.0,5734.0,46.0
2021-01-05 09:41:55.671,0.378,0.3786,13.0,0.3769,17.0,5734.0,46.0
2021-01-05 09:41:56.680,0.378,0.3786,13.0,0.3769,17.0,5734.0,46.0
2021-01-05 09:41:57.110,0.378,0.3786,14.0,0.3766,3.0,5734.0,46.0
2021-01-05 09:41:57.640,0.378,0.3786,14.0,0.3766,3.0,5734.0,46.0
2021-01-05 09:41:58.151,0.378,0.3786,14.0,0.3766,3.0,5734.0,46.0
2021-01-05 09:41:58.660,0.378,0.3786,14.0,0.3766,3.0,5734.0,46.0
2021-01-05 09:41:59.131,0.378,0.3786,14.0,0.3766,3.0,5734.0,46.0
2021-01-05 09:41:59.700,0.378,0.3786,14.0,0.3766,3.0,5734.0,46.0
2021-01-05 09:42:00.151,0.378,0.3786,14.0,0.3766,3.0,5734.0,46.0
2021-01-05 09:42:00.701,0.378,0.3786,14.0,0.3766,3.0,5734.0,46.0
2021-01-05 09:42:01.651,0.378,0.3786,14.0,0.3766,3.0,5734.0,46.0
2021-01-05 09:42:02.201,0.378,0.3786,14.0,0.3766,3.0,5734.0,46.0
2021-01-05 09:42:04.110,0.378,0.3786,14.0,0.3766,3.0,5734.0,46.0
2021-01-05 09:42:04.641,0.378,0.3786,14.0,0.3766,3.0,5734.0,46.0
2021-01-05 09:42:05.211,0.378,0.3786,14.0,0.3766,3.0,5734.0,46.0
2021-01-05 09:42:05.711,0.378,0.3786,14.0,0.3766,3.0,5734.0,46.0
2021-01-05 09:42:06.181,0.378,0.3786,14.0,0.3766,3.0,5734.0,46.0
2021-01-05 09:42:06.690,0.378,0.3786,14.0,0.3766,3.0,5734.0,46.0
2021-01-05 09:42:07.230,0.378,0.3786,14.0,0.3766,20.0,5734.0,46.0
2021-01-05 09:42:07.691,0.378,0.3786,14.0,0.3766,20.0,5734.0,46.0
2021-01-05 09:42:09.230,0.378,0.3786,14.0,0.3766,20.0,5734.0,46.0
2021-01-05 09:42:09.570,0.378,0.3781,14.0,0.3766,20.0,5734.0,46.0
2021-01-05 09:42:11.211,0.378,0.3781,14.0,0.376,20.0,5734.0,46.0
2021-01-05 09:42:11.720,0.378,0.3781,14.0,0.376,20.0,5734.0,46.0
2021-01-05 09:42:12.210,0.378,0.3774,10.0,0.376,20.0,5734.0,46.0
2021-01-05 09:42:12.711,0.378,0.3773,13.0,0.376,20.0,5734.0,46.0
2021-01-05 09:42:13.211,0.378,0.3773,13.0,0.376,20.0,5734.0,46.0
2021-01-05 09:42:13.211,0.378,0.3773,13.0,0.376,20.0,5734.0,46.0
2021-01-05 09:42:14.671,0.378,0.3773,13.0,0.3761,3.0,5734.0,46.0
2021-01-05 09:42:15.151,0.378,0.378,14.0,0.3761,3.0,5734.0,46.0
2021-01-05 09:42:15.650,0.378,0.378,14.0,0.3761,3.0,5734.0,46.0
2021-01-05 09:42:16.181,0.378,0.378,14.0,0.3761,3.0,5734.0,46.0
2021-01-05 09:42:16.181,0.378,0.378,14.0,0.3761,3.0,5734.0,46.0
2021-01-05 09:42:18.701,0.378,0.378,14.0,0.3761,3.0,5734.0,46.0
2021-01-05 09:42:20.150,0.378,0.378,14.0,0.3761,3.0,5734.0,46.0
2021-01-05 09:42:22.221,0.378,0.378,14.0,0.3761,3.0,5734.0,46.0
2021-01-05 09:42:24.151,0.378,0.378,14.0,0.3761,3.0,5734.0,46.0
2021-01-05 09:42:24.670,0.378,0.378,14.0,0.3761,3.0,5734.0,46.0
2021-01-05 09:42:25.621,0.378,0.378,14.0,0.376,20.0,5734.0,46.0
2021-01-05 09:42:26.130,0.378,0.378,14.0,0.376,20.0,5734.0,46.0
2021-01-05 09:42:27.171,0.378,0.378,14.0,0.376,20.0,5734.0,46.0
2021-01-05 09:42:30.110,0.378,0.378,14.0,0.376,23.0,5734.0,46.0
2021-01-05 09:42:30.710,0.378,0.378,14.0,0.376,23.0,5734.0,46.0
2021-01-05 09:42:31.200,0.378,0.378,14.0,0.376,23.0,5734.0,46.0
2021-01-05 09:42:33.121,0.378,0.3776,10.0,0.376,23.0,5734.0,46.0
2021-01-05 09:42:33.720,0.378,0.3775,13.0,0.376,23.0,5734.0,46.0
2021-01-05 09:42:34.210,0.378,0.3775,13.0,0.376,23.0,5734.0,46.0
2021-01-05 09:42:35.701,0.378,0.3775,13.0,0.376,23.0,5734.0,46.0
2021-01-05 09:42:36.650,0.378,0.3775,13.0,0.376,23.0,5734.0,46.0
2021-01-05 09:42:37.251,0.378,0.3775,13.0,0.376,23.0,5734.0,46.0
2021-01-05 09:42:38.200,0.378,0.3776,10.0,0.376,23.0,5734.0,46.0
2021-01-05 09:42:38.661,0.378,0.3775,13.0,0.376,23.0,5734.0,46.0
2021-01-05 09:42:40.221,0.378,0.3775,13.0,0.376,20.0,5734.0,46.0
2021-01-05 09:42:40.721,0.378,0.3775,13.0,0.376,20.0,5734.0,46.0
2021-01-05 09:42:41.731,0.378,0.3775,13.0,0.376,20.0,5734.0,46.0
2021-01-05 09:42:42.250,0.378,0.3775,14.0,0.376,20.0,5734.0,46.0
2021-01-05 09:42:42.711,0.378,0.3775,14.0,0.376,20.0,5734.0,46.0
2021-01-05 09:42:43.251,0.378,0.3775,14.0,0.3757,23.0,5734.0,46.0
2021-01-05 09:42:43.741,0.378,0.3775,14.0,0.3757,3.0,5734.0,46.0
2021-01-05 09:42:43.990,0.378,0.3775,14.0,0.3757,23.0,5734.0,46.0
2021-01-05 09:42:44.751,0.378,0.3775,14.0,0.3754,37.0,5734.0,46.0
2021-01-05 09:42:45.191,0.378,0.3775,14.0,0.3757,20.0,5734.0,46.0
2021-01-05 09:42:45.650,0.378,0.3775,14.0,0.3754,37.0,5734.0,46.0
2021-01-05 09:42:46.741,0.378,0.3775,14.0,0.3754,37.0,5734.0,46.0
2021-01-05 09:42:48.720,0.378,0.3775,14.0,0.3754,37.0,5734.0,46.0
2021-01-05 09:42:54.710,0.378,0.3775,14.0,0.3755,3.0,5734.0,46.0
2021-01-05 09:42:56.191,0.378,0.3775,14.0,0.3755,3.0,5734.0,46.0
2021-01-05 09:42:56.650,0.378,0.3775,14.0,0.3755,3.0,5734.0,46.0
2021-01-05 09:42:58.220,0.378,0.3775,14.0,0.3755,3.0,5734.0,46.0
2021-01-05 09:42:58.731,0.378,0.3775,14.0,0.3755,3.0,5734.0,46.0
2021-01-05 09:42:59.230,0.378,0.3775,14.0,0.3755,3.0,5734.0,46.0
2021-01-05 09:42:59.730,0.378,0.3775,14.0,0.3755,3.0,5734.0,46.0
2021-01-05 09:43:00.200,0.378,0.3775,14.0,0.3755,3.0,5734.0,46.0
2021-01-05 09:43:00.721,0.378,0.3775,14.0,0.3755,3.0,5734.0,46.0
2021-01-05 09:43:01.211,0.378,0.3775,14.0,0.3755,3.0,5734.0,46.0
2021-01-05 09:43:01.701,0.378,0.3775,14.0,0.3755,3.0,5734.0,46.0
2021-01-05 09:43:02.150,0.378,0.3775,14.0,0.3755,3.0,5734.0,46.0
2021-01-05 09:43:02.681,0.378,0.3768,10.0,0.3755,3.0,5734.0,46.0
2021-01-05 09:43:04.740,0.378,0.3768,10.0,0.3756,3.0,5734.0,46.0
2021-01-05 09:43:05.251,0.378,0.3768,10.0,0.3756,3.0,5734.0,46.0
2021-01-05 09:43:05.681,0.3768,0.3781,14.0,0.376,14.0,5734.0,56.0
2021-01-05 09:43:06.171,0.3768,0.3781,14.0,0.3761,3.0,5734.0,56.0
2021-01-05 09:43:06.680,0.3768,0.3781,14.0,0.3761,3.0,5734.0,56.0
2021-01-05 09:43:07.710,0.3768,0.3781,14.0,0.3761,3.0,5734.0,56.0
2021-01-05 09:43:08.200,0.3768,0.3781,14.0,0.3761,3.0,5734.0,56.0
2021-01-05 09:43:09.231,0.3768,0.3781,14.0,0.3761,3.0,5734.0,56.0
2021-01-05 09:43:10.150,0.3768,0.3781,14.0,0.3761,3.0,5734.0,56.0
2021-01-05 09:43:11.750,0.3768,0.3781,14.0,0.3761,3.0,5734.0,56.0
2021-01-05 09:43:13.210,0.3768,0.3781,14.0,0.3761,3.0,5734.0,56.0
2021-01-05 09:43:13.740,0.3768,0.3781,14.0,0.3761,23.0,5734.0,56.0
2021-01-05 09:43:14.270,0.3768,0.3781,14.0,0.3763,10.0,5734.0,56.0
2021-01-05 09:43:15.241,0.3768,0.3786,14.0,0.3765,14.0,5734.0,56.0
2021-01-05 09:43:15.711,0.3768,0.3786,14.0,0.3765,14.0,5734.0,56.0
2021-01-05 09:43:16.720,0.3768,0.3786,14.0,0.3765,14.0,5734.0,56.0
2021-01-05 09:43:17.771,0.3768,0.3786,14.0,0.3765,17.0,5734.0,56.0
2021-01-05 09:43:18.270,0.3768,0.3786,14.0,0.3765,17.0,5734.0,56.0
2021-01-05 09:43:18.741,0.3768,0.3786,14.0,0.3765,17.0,5734.0,56.0
2021-01-05 09:43:20.281,0.3768,0.3786,14.0,0.3765,17.0,5734.0,56.0
2021-01-05 09:43:20.731,0.3768,0.3786,14.0,0.3765,37.0,5734.0,56.0
2021-01-05 09:43:21.271,0.3768,0.3786,14.0,0.3765,37.0,5734.0,56.0
2021-01-05 09:43:21.701,0.3768,0.3786,14.0,0.3765,37.0,5734.0,56.0
2021-01-05 09:43:22.281,0.3768,0.3782,14.0,0.3765,23.0,5734.0,56.0
2021-01-05 09:43:24.661,0.3768,0.3782,14.0,0.3765,23.0,5734.0,56.0
2021-01-05 09:43:25.701,0.3768,0.3782,14.0,0.3765,3.0,5734.0,56.0
2021-01-05 09:43:26.621,0.3768,0.3782,14.0,0.3765,3.0,5734.0,56.0
2021-01-05 09:43:27.190,0.3768,0.3781,10.0,0.3765,3.0,5734.0,56.0
2021-01-05 09:43:27.620,0.3768,0.378,13.0,0.3766,3.0,5734.0,56.0
2021-01-05 09:43:31.720,0.3768,0.378,13.0,0.3761,20.0,5734.0,56.0
2021-01-05 09:43:32.181,0.3768,0.378,13.0,0.3763,3.0,5734.0,56.0
2021-01-05 09:43:35.681,0.3768,0.378,13.0,0.3763,3.0,5734.0,56.0
2021-01-05 09:43:36.661,0.3768,0.378,13.0,0.3763,3.0,5734.0,56.0
2021-01-05 09:43:42.191,0.3768,0.378,13.0,0.3764,3.0,5734.0,56.0
2021-01-05 09:43:43.231,0.3768,0.378,13.0,0.3764,23.0,5734.0,56.0
2021-01-05 09:43:43.711,0.3768,0.378,13.0,0.3764,23.0,5734.0,56.0
2021-01-05 09:43:45.720,0.3768,0.378,13.0,0.3764,3.0,5734.0,56.0
2021-01-05 09:43:47.250,0.3768,0.378,13.0,0.3764,3.0,5734.0,56.0
2021-01-05 09:43:48.220,0.3768,0.378,13.0,0.3764,3.0,5734.0,56.0
2021-01-05 09:43:48.721,0.3768,0.378,13.0,0.3764,23.0,5734.0,56.0
2021-01-05 09:43:50.721,0.3768,0.3787,14.0,0.3765,14.0,5734.0,56.0
2021-01-05 09:43:51.221,0.3768,0.3787,14.0,0.3766,3.0,5734.0,56.0
2021-01-05 09:43:51.660,0.3768,0.3787,14.0,0.3766,3.0,5734.0,56.0
2021-01-05 09:43:53.201,0.3768,0.3787,14.0,0.3766,3.0,5734.0,56.0
2021-01-05 09:43:53.610,0.3768,0.3787,14.0,0.3766,3.0,5734.0,56.0
2021-01-05 09:43:54.191,0.3768,0.3787,14.0,0.3766,3.0,5734.0,56.0
2021-01-05 09:43:56.721,0.3768,0.3787,14.0,0.3766,3.0,5734.0,56.0
2021-01-05 09:43:57.650,0.3768,0.3787,14.0,0.3765,14.0,5734.0,56.0
2021-01-05 09:43:58.711,0.3768,0.3787,14.0,0.3765,14.0,5734.0,56.0
2021-01-05 09:43:59.170,0.3768,0.3792,20.0,0.3764,20.0,5734.0,56.0
2021-01-05 09:44:00.131,0.3768,0.3782,14.0,0.3764,20.0,5734.0,56.0
2021-01-05 09:44:00.701,0.3768,0.3782,14.0,0.3764,20.0,5734.0,56.0
2021-01-05 09:44:01.621,0.3768,0.3782,14.0,0.3764,20.0,5734.0,56.0
2021-01-05 09:44:02.711,0.3768,0.3782,14.0,0.3764,20.0,5734.0,56.0
2021-01-05 09:44:03.241,0.3768,0.3782,14.0,0.3765,3.0,5734.0,56.0
2021-01-05 09:44:04.230,0.3768,0.3788,24.0,0.3766,14.0,5734.0,56.0
2021-01-05 09:44:04.751,0.3768,0.3788,24.0,0.3767,3.0,5734.0,56.0
2021-01-05 09:44:05.260,0.3768,0.3788,24.0,0.3767,3.0,5734.0,56.0
2021-01-05 09:44:05.681,0.3768,0.3788,14.0,0.3769,10.0,5734.0,56.0
2021-01-05 09:44:06.261,0.3768,0.3788,14.0,0.3769,10.0,5734.0,56.0
2021-01-05 09:44:06.770,0.3768,0.3788,14.0,0.3769,13.0,5734.0,56.0
2021-01-05 09:44:07.750,0.3768,0.3788,14.0,0.3769,3.0,5734.0,56.0
2021-01-05 09:44:09.150,0.3768,0.3788,14.0,0.3769,3.0,5734.0,56.0
2021-01-05 09:44:17.280,0.3768,0.3788,34.0,0.3766,14.0,5734.0,56.0
2021-01-05 09:44:17.770,0.3768,0.3788,34.0,0.3766,14.0,5734.0,56.0
2021-01-05 09:44:18.231,0.3768,0.3788,20.0,0.3765,3.0,5734.0,56.0
2021-01-05 09:44:18.780,0.3768,0.3783,14.0,0.3765,3.0,5734.0,56.0
2021-01-05 09:44:19.261,0.3768,0.3783,14.0,0.3765,3.0,5734.0,56.0
2021-01-05 09:44:20.271,0.3768,0.3783,14.0,0.3765,3.0,5734.0,56.0
2021-01-05 09:44:20.780,0.3768,0.3783,14.0,0.3769,32.0,5734.0,56.0
2021-01-05 09:44:21.791,0.3768,0.3783,14.0,0.3769,32.0,5734.0,56.0
2021-01-05 09:44:22.250,0.3768,0.3783,14.0,0.3769,32.0,5734.0,56.0
2021-01-05 09:44:26.201,0.3768,0.3783,14.0,0.3769,32.0,5734.0,56.0
2021-01-05 09:44:26.701,0.3768,0.3783,14.0,0.3769,32.0,5734.0,56.0
2021-01-05 09:44:27.201,0.3768,0.3783,14.0,0.3769,32.0,5734.0,56.0
2021-01-05 09:44:27.710,0.3768,0.3783,14.0,0.3769,32.0,5734.0,56.0
2021-01-05 09:44:28.680,0.3768,0.3783,14.0,0.3769,32.0,5734.0,56.0
2021-01-05 09:44:29.200,0.3768,0.3783,14.0,0.3769,32.0,5734.0,56.0
2021-01-05 09:44:29.640,0.3768,0.3787,20.0,0.3769,32.0,5734.0,56.0
2021-01-05 09:44:30.201,0.3768,0.3786,13.0,0.3769,32.0,5734.0,56.0
2021-01-05 09:44:32.220,0.3768,0.3786,13.0,0.3769,35.0,5734.0,56.0
2021-01-05 09:44:32.691,0.3768,0.3786,13.0,0.3769,35.0,5734.0,56.0
2021-01-05 09:44:33.240,0.3768,0.3786,13.0,0.3769,35.0,5734.0,56.0
2021-01-05 09:44:34.520,0.3768,0.3786,13.0,0.3773,32.0,5734.0,56.0
2021-01-05 09:44:35.740,0.3768,0.3786,13.0,0.3773,32.0,5734.0,56.0
2021-01-05 09:44:37.240,0.3768,0.3786,13.0,0.3773,32.0,5734.0,56.0
2021-01-05 09:44:37.751,0.3768,0.3786,13.0,0.3773,32.0,5734.0,56.0
2021-01-05 09:44:39.661,0.3768,0.3786,13.0,0.3773,32.0,5734.0,56.0
2021-01-05 09:44:40.250,0.3768,0.3788,14.0,0.3773,32.0,5734.0,56.0
2021-01-05 09:44:41.211,0.3768,0.3788,14.0,0.3773,32.0,5734.0,56.0
2021-01-05 09:44:42.640,0.3768,0.3788,14.0,0.3773,32.0,5734.0,56.0
2021-01-05 09:44:44.260,0.3768,0.3788,34.0,0.3773,32.0,5734.0,56.0
2021-01-05 09:44:44.761,0.3768,0.3788,14.0,0.3773,32.0,5734.0,56.0
2021-01-05 09:44:45.261,0.3768,0.3788,20.0,0.3773,32.0,5734.0,56.0
2021-01-05 09:44:45.760,0.3768,0.3784,14.0,0.3773,32.0,5734.0,56.0
2021-01-05 09:44:46.771,0.3768,0.3784,34.0,0.3773,32.0,5734.0,56.0
2021-01-05 09:44:47.251,0.3768,0.3784,34.0,0.3773,32.0,5734.0,56.0
2021-01-05 09:44:47.770,0.3768,0.3784,34.0,0.3773,32.0,5734.0,56.0
2021-01-05 09:44:48.281,0.3768,0.3784,34.0,0.3773,32.0,5734.0,56.0
2021-01-05 09:44:49.270,0.3768,0.3784,14.0,0.3773,32.0,5734.0,56.0
2021-01-05 09:44:49.800,0.3768,0.3784,14.0,0.3773,32.0,5734.0,56.0
2021-01-05 09:44:50.300,0.3768,0.3784,34.0,0.3773,32.0,5734.0,56.0
2021-01-05 09:44:50.811,0.3768,0.3784,34.0,0.3773,32.0,5734.0,56.0
2021-01-05 09:44:51.810,0.3768,0.3784,34.0,0.3773,32.0,5734.0,56.0
2021-01-05 09:44:55.150,0.3768,0.3784,34.0,0.3773,32.0,5734.0,56.0
2021-01-05 09:44:55.700,0.3768,0.3784,34.0,0.3773,32.0,5734.0,56.0
2021-01-05 09:44:56.220,0.3768,0.3784,34.0,0.3773,32.0,5734.0,56.0
2021-01-05 09:44:56.720,0.3768,0.3784,34.0,0.3773,32.0,5734.0,56.0
2021-01-05 09:44:58.120,0.3768,0.3784,14.0,0.3773,32.0,5734.0,56.0
2021-01-05 09:44:58.720,0.3768,0.3784,14.0,0.3773,32.0,5734.0,56.0
2021-01-05 09:44:59.190,0.3768,0.3788,20.0,0.3773,32.0,5734.0,56.0
2021-01-05 09:44:59.711,0.3768,0.3787,13.0,0.3773,32.0,5734.0,56.0
2021-01-05 09:45:01.221,0.3768,0.3789,14.0,0.3773,32.0,5734.0,56.0
2021-01-05 09:45:01.680,0.3768,0.3789,14.0,0.3773,32.0,5734.0,56.0
2021-01-05 09:45:01.980,0.3768,0.3789,14.0,0.3773,32.0,5734.0,56.0
2021-01-05 09:45:03.680,0.3768,0.3789,14.0,0.3773,32.0,5734.0,56.0
2021-01-05 09:45:04.700,0.3768,0.3793,14.0,0.3773,32.0,5734.0,56.0
2021-01-05 09:45:05.221,0.3768,0.3793,14.0,0.3773,32.0,5734.0,56.0
2021-01-05 09:45:05.720,0.3768,0.3793,14.0,0.3774,3.0,5734.0,56.0
2021-01-05 09:45:06.220,0.3768,0.3793,14.0,0.3774,3.0,5734.0,56.0
2021-01-05 09:45:06.721,0.3768,0.3793,14.0,0.3774,23.0,5734.0,56.0
2021-01-05 09:45:07.130,0.3768,0.3793,14.0,0.3774,20.0,5734.0,56.0
2021-01-05 09:45:07.720,0.3768,0.3793,14.0,0.3773,33.0,5734.0,56.0
2021-01-05 09:45:08.181,0.3768,0.3793,14.0,0.3773,32.0,5734.0,56.0
2021-01-05 09:45:09.190,0.3768,0.3793,14.0,0.3774,3.0,5734.0,56.0
2021-01-05 09:45:09.720,0.3768,0.3793,14.0,0.3774,4.0,5734.0,56.0
2021-01-05 09:45:10.200,0.3768,0.3793,14.0,0.3774,3.0,5734.0,56.0
2021-01-05 09:45:10.700,0.3768,0.3793,14.0,0.3774,3.0,5734.0,56.0
2021-01-05 09:45:11.091,0.3768,0.3793,14.0,0.3773,32.0,5734.0,56.0
2021-01-05 09:45:11.720,0.3768,0.3793,14.0,0.3773,32.0,5734.0,56.0
2021-01-05 09:45:12.150,0.3768,0.3793,14.0,0.3773,32.0,5734.0,56.0
2021-01-05 09:45:12.701,0.3768,0.3793,14.0,0.3774,3.0,5734.0,56.0
2021-01-05 09:45:14.701,0.3768,0.3793,14.0,0.3774,3.0,5734.0,56.0
2021-01-05 09:45:15.230,0.3768,0.3793,14.0,0.3774,3.0,5734.0,56.0
2021-01-05 09:45:15.721,0.3768,0.3793,14.0,0.3779,10.0,5734.0,56.0
2021-01-05 09:45:16.230,0.3768,0.3799,14.0,0.3779,10.0,5734.0,56.0
2021-01-05 09:45:16.630,0.3768,0.3799,14.0,0.3782,10.0,5734.0,56.0
2021-01-05 09:45:17.220,0.3768,0.3799,14.0,0.3782,10.0,5734.0,56.0
2021-01-05 09:45:17.731,0.3768,0.3799,14.0,0.3782,10.0,5734.0,56.0
2021-01-05 09:45:18.691,0.3768,0.3799,14.0,0.3782,10.0,5734.0,56.0
2021-01-05 09:45:19.191,0.3768,0.3799,14.0,0.3782,10.0,5734.0,56.0
2021-01-05 09:45:19.731,0.3768,0.3799,34.0,0.3782,10.0,5734.0,56.0
2021-01-05 09:45:20.741,0.3768,0.3799,34.0,0.3782,10.0,5734.0,56.0
2021-01-05 09:45:21.191,0.3768,0.3799,34.0,0.3782,10.0,5734.0,56.0
2021-01-05 09:45:22.240,0.3768,0.3799,34.0,0.3782,10.0,5734.0,56.0
2021-01-05 09:45:22.710,0.3768,0.3799,34.0,0.3782,10.0,5734.0,56.0
2021-01-05 09:45:23.671,0.3768,0.3799,34.0,0.3782,10.0,5734.0,56.0
2021-01-05 09:45:24.701,0.3768,0.3799,34.0,0.3782,10.0,5734.0,56.0
2021-01-05 09:45:25.690,0.3768,0.3799,34.0,0.3782,10.0,5734.0,56.0
2021-01-05 09:45:26.220,0.3768,0.3799,34.0,0.3774,3.0,5734.0,56.0
2021-01-05 09:45:26.681,0.3768,0.3799,34.0,0.3775,3.0,5734.0,56.0
2021-01-05 09:45:27.211,0.3768,0.3794,14.0,0.3775,3.0,5734.0,56.0
2021-01-05 09:45:27.711,0.3768,0.3794,14.0,0.3775,3.0,5734.0,56.0
2021-01-05 09:45:28.220,0.3768,0.3794,34.0,0.3775,3.0,5734.0,56.0
2021-01-05 09:45:29.140,0.3768,0.3794,34.0,0.3775,3.0,5734.0,56.0
2021-01-05 09:45:30.210,0.3768,0.3788,14.0,0.3773,32.0,5734.0,56.0
2021-01-05 09:45:31.211,0.3768,0.3788,34.0,0.3773,32.0,5734.0,56.0
2021-01-05 09:45:31.701,0.3768,0.3788,34.0,0.3773,32.0,5734.0,56.0
2021-01-05 09:45:32.160,0.3768,0.3788,34.0,0.3773,32.0,5734.0,56.0
2021-01-05 09:45:34.220,0.3768,0.3788,34.0,0.3773,32.0,5734.0,56.0
2021-01-05 09:45:35.190,0.3768,0.3788,34.0,0.3773,32.0,5734.0,56.0
2021-01-05 09:45:35.731,0.3768,0.3788,34.0,0.3773,32.0,5734.0,56.0
2021-01-05 09:45:36.730,0.3768,0.3788,34.0,0.3773,32.0,5734.0,56.0
2021-01-05 09:45:39.210,0.3768,0.3788,34.0,0.3773,32.0,5734.0,56.0
2021-01-05 09:45:39.710,0.3768,0.3788,34.0,0.3773,32.0,5734.0,56.0
2021-01-05 09:45:42.240,0.3768,0.3788,34.0,0.3773,32.0,5734.0,56.0
2021-01-05 09:45:42.711,0.3768,0.3788,34.0,0.3773,32.0,5734.0,56.0
2021-01-05 09:45:43.220,0.3768,0.3788,34.0,0.3773,32.0,5734.0,56.0
2021-01-05 09:45:44.201,0.3768,0.3788,34.0,0.3773,32.0,5734.0,56.0
2021-01-05 09:45:45.220,0.3768,0.3788,34.0,0.3773,32.0,5734.0,56.0
2021-01-05 09:45:46.751,0.3768,0.3788,34.0,0.3773,32.0,5734.0,56.0
2021-01-05 09:45:47.241,0.3768,0.3788,34.0,0.3773,32.0,5734.0,56.0
2021-01-05 09:45:48.201,0.3768,0.3788,34.0,0.3773,32.0,5734.0,56.0
2021-01-05 09:45:50.251,0.3768,0.3788,34.0,0.3773,32.0,5734.0,56.0
2021-01-05 09:45:50.750,0.3768,0.3788,34.0,0.3773,32.0,5734.0,56.0
2021-01-05 09:45:54.191,0.3768,0.3788,34.0,0.3773,32.0,5734.0,56.0
2021-01-05 09:45:55.230,0.3768,0.3788,34.0,0.3773,32.0,5734.0,56.0
2021-01-05 09:45:55.711,0.3768,0.3788,34.0,0.3773,32.0,5734.0,56.0
2021-01-05 09:45:56.631,0.3768,0.3788,34.0,0.3773,32.0,5734.0,56.0
2021-01-05 09:45:58.231,0.3768,0.3788,34.0,0.3773,32.0,5734.0,56.0
2021-01-05 09:45:58.711,0.3768,0.3788,34.0,0.3773,32.0,5734.0,56.0
2021-01-05 09:46:00.730,0.3768,0.3785,24.0,0.3773,32.0,5734.0,56.0
2021-01-05 09:46:01.230,0.3768,0.3785,24.0,0.3773,32.0,5734.0,56.0
2021-01-05 09:46:02.221,0.3768,0.3785,44.0,0.3773,32.0,5734.0,56.0
2021-01-05 09:46:03.120,0.3768,0.3785,44.0,0.3773,32.0,5734.0,56.0
2021-01-05 09:46:03.731,0.3768,0.3785,24.0,0.3773,32.0,5734.0,56.0
2021-01-05 09:46:05.691,0.3768,0.3785,44.0,0.3773,32.0,5734.0,56.0
2021-01-05 09:46:06.221,0.3768,0.3785,34.0,0.3773,32.0,5734.0,56.0
2021-01-05 09:46:06.690,0.3773,0.3785,34.0,0.3773,31.0,5735.0,57.0
2021-01-05 09:46:07.231,0.3773,0.3785,34.0,0.3773,26.0,5740.0,62.0
2021-01-05 09:46:07.741,0.3773,0.3785,20.0,0.3773,26.0,5740.0,62.0
2021-01-05 09:46:08.121,0.3773,0.3779,14.0,0.3773,16.0,5750.0,72.0
2021-01-05 09:46:09.181,0.3773,0.3779,14.0,0.3773,16.0,5750.0,72.0
2021-01-05 09:46:10.221,0.3772,0.3775,10.0,0.3772,24.0,5774.0,96.0
2021-01-05 09:46:10.720,0.3772,0.3775,10.0,0.3772,19.0,5779.0,101.0
2021-01-05 09:46:11.131,0.3772,0.3774,13.0,0.3772,19.0,5779.0,101.0
2021-01-05 09:46:12.190,0.3772,0.3774,13.0,0.3772,14.0,5784.0,106.0
2021-01-05 09:46:12.601,0.3772,0.3774,13.0,0.3772,3.0,5795.0,117.0
2021-01-05 09:46:13.200,0.3772,0.3774,13.0,0.3769,32.0,5798.0,120.0
2021-01-05 09:46:16.721,0.3772,0.3775,10.0,0.3769,32.0,5798.0,120.0
2021-01-05 09:46:17.221,0.3772,0.3775,10.0,0.3769,32.0,5798.0,120.0
2021-01-05 09:46:17.751,0.3769,0.3774,13.0,0.3769,12.0,5818.0,140.0
2021-01-05 09:46:20.210,0.3769,0.3774,33.0,0.3769,12.0,5818.0,140.0
2021-01-05 09:46:20.731,0.3769,0.3774,33.0,0.3769,12.0,5818.0,140.0
2021-01-05 09:46:21.240,0.3769,0.3774,33.0,0.3768,32.0,5818.0,140.0
2021-01-05 09:46:21.411,0.3769,0.3774,33.0,0.3764,32.0,5818.0,140.0
2021-01-05 09:46:22.220,0.3769,0.3774,33.0,0.3764,32.0,5818.0,140.0
2021-01-05 09:46:22.690,0.3769,0.3774,33.0,0.3764,32.0,5818.0,140.0
2021-01-05 09:46:23.710,0.3769,0.3774,20.0,0.3764,32.0,5818.0,140.0
2021-01-05 09:46:24.221,0.3769,0.3773,13.0,0.3764,32.0,5818.0,140.0
2021-01-05 09:46:25.211,0.3769,0.3773,33.0,0.3764,32.0,5818.0,140.0
2021-01-05 09:46:26.711,0.3764,0.3773,33.0,0.3764,31.0,5819.0,141.0
2021-01-05 09:46:27.201,0.3764,0.3773,33.0,0.3764,31.0,5819.0,141.0
2021-01-05 09:46:27.720,0.3764,0.3773,33.0,0.3764,31.0,5819.0,141.0
2021-01-05 09:46:30.721,0.3764,0.3773,33.0,0.3764,31.0,5819.0,141.0
2021-01-05 09:46:31.210,0.3764,0.3773,33.0,0.3764,31.0,5819.0,141.0
2021-01-05 09:46:32.100,0.3764,0.3773,13.0,0.3764,31.0,5819.0,141.0
2021-01-05 09:46:32.701,0.3764,0.3773,13.0,0.3764,31.0,5819.0,141.0
2021-01-05 09:46:33.660,0.3764,0.3773,13.0,0.3764,31.0,5819.0,141.0
2021-01-05 09:46:34.171,0.3764,0.3777,20.0,0.3764,31.0,5819.0,141.0
2021-01-05 09:46:34.691,0.3764,0.3776,13.0,0.3764,31.0,5819.0,141.0
2021-01-05 09:46:35.231,0.3764,0.3774,14.0,0.3764,31.0,5819.0,141.0
2021-01-05 09:46:35.721,0.3764,0.3774,14.0,0.3764,31.0,5819.0,141.0
2021-01-05 09:46:36.730,0.3764,0.3774,14.0,0.3764,31.0,5819.0,141.0
2021-01-05 09:46:37.750,0.3764,0.3774,14.0,0.3764,31.0,5819.0,141.0
2021-01-05 09:46:38.201,0.3764,0.3778,10.0,0.3764,31.0,5819.0,141.0
2021-01-05 09:46:38.741,0.3764,0.3777,13.0,0.3764,31.0,5819.0,141.0
2021-01-05 09:46:39.210,0.3764,0.3777,13.0,0.3764,31.0,5819.0,141.0
2021-01-05 09:46:40.230,0.3764,0.3777,13.0,0.3764,31.0,5819.0,141.0
2021-01-05 09:46:40.670,0.3764,0.3777,13.0,0.3764,31.0,5819.0,141.0
2021-01-05 09:46:41.250,0.3764,0.3778,10.0,0.3764,31.0,5819.0,141.0
2021-01-05 09:46:41.730,0.3764,0.3777,13.0,0.3764,31.0,5819.0,141.0
2021-01-05 09:46:42.230,0.3764,0.3777,13.0,0.3764,31.0,5819.0,141.0
2021-01-05 09:46:43.761,0.3764,0.3778,10.0,0.3764,31.0,5819.0,141.0
2021-01-05 09:46:44.230,0.3764,0.3777,13.0,0.3764,31.0,5819.0,141.0
2021-01-05 09:46:45.711,0.3764,0.3777,13.0,0.3754,14.0,5819.0,141.0
2021-01-05 09:46:46.671,0.3764,0.3777,13.0,0.3754,14.0,5819.0,141.0
2021-01-05 09:46:47.701,0.3764,0.3777,13.0,0.3754,14.0,5819.0,141.0
2021-01-05 09:46:49.251,0.3764,0.378,14.0,0.3754,14.0,5819.0,141.0
2021-01-05 09:46:50.170,0.3764,0.378,34.0,0.3754,34.0,5819.0,141.0
2021-01-05 09:46:51.731,0.3764,0.3773,10.0,0.3754,34.0,5819.0,141.0
2021-01-05 09:46:52.210,0.3764,0.3772,13.0,0.3754,34.0,5819.0,141.0
2021-01-05 09:46:52.711,0.3764,0.3773,10.0,0.3754,34.0,5819.0,141.0
2021-01-05 09:46:53.201,0.3764,0.3772,13.0,0.3754,34.0,5819.0,141.0
2021-01-05 09:46:54.081,0.3764,0.3772,13.0,0.3754,34.0,5819.0,141.0
2021-01-05 09:46:54.701,0.3764,0.3772,13.0,0.3754,34.0,5819.0,141.0
2021-01-05 09:46:56.221,0.3764,0.378,34.0,0.3754,34.0,5819.0,141.0
2021-01-05 09:46:56.711,0.3764,0.378,34.0,0.3754,34.0,5819.0,141.0
2021-01-05 09:46:57.080,0.3764,0.378,34.0,0.3754,34.0,5819.0,141.0
2021-01-05 09:46:57.231,0.3764,0.378,34.0,0.3754,34.0,5819.0,141.0
2021-01-05 09:46:58.131,0.3764,0.378,34.0,0.3754,34.0,5819.0,141.0
2021-01-05 09:46:59.191,0.3764,0.378,34.0,0.3759,10.0,5819.0,141.0
2021-01-05 09:47:00.251,0.3764,0.378,14.0,0.3759,30.0,5819.0,141.0
2021-01-05 09:47:00.741,0.3764,0.378,14.0,0.3759,30.0,5819.0,141.0
2021-01-05 09:47:01.210,0.3764,0.3786,10.0,0.3759,30.0,5819.0,141.0
2021-01-05 09:47:01.371,0.3764,0.3784,14.0,0.3763,14.0,5819.0,141.0
2021-01-05 09:47:01.980,0.3764,0.3786,10.0,0.3767,14.0,5819.0,141.0
2021-01-05 09:47:02.741,0.3764,0.3785,13.0,0.3769,10.0,5819.0,141.0
2021-01-05 09:47:03.220,0.3764,0.3785,13.0,0.3769,10.0,5819.0,141.0
2021-01-05 09:47:03.731,0.3764,0.3789,14.0,0.3769,30.0,5819.0,141.0
2021-01-05 09:47:04.211,0.3764,0.3789,14.0,0.3769,30.0,5819.0,141.0
2021-01-05 09:47:05.250,0.3764,0.3793,14.0,0.3772,34.0,5819.0,141.0
2021-01-05 09:47:05.750,0.3764,0.3793,14.0,0.3772,34.0,5819.0,141.0
2021-01-05 09:47:06.251,0.3764,0.3793,14.0,0.3772,34.0,5819.0,141.0
2021-01-05 09:47:06.301,0.3764,0.3798,14.0,0.3776,14.0,5819.0,141.0
2021-01-05 09:47:07.221,0.3764,0.3798,14.0,0.3776,34.0,5819.0,141.0
2021-01-05 09:47:07.740,0.3764,0.3798,14.0,0.3776,34.0,5819.0,141.0
2021-01-05 09:47:08.230,0.3764,0.3798,14.0,0.3776,34.0,5819.0,141.0
2021-01-05 09:47:09.751,0.3764,0.3803,14.0,0.3781,14.0,5819.0,141.0
2021-01-05 09:47:10.260,0.3764,0.3803,14.0,0.3781,34.0,5819.0,141.0
2021-01-05 09:47:11.250,0.3764,0.3803,14.0,0.3781,34.0,5819.0,141.0
2021-01-05 09:47:11.751,0.3764,0.3805,10.0,0.3787,14.0,5819.0,141.0
2021-01-05 09:47:12.241,0.3764,0.3804,13.0,0.3787,34.0,5819.0,141.0
2021-01-05 09:47:12.731,0.3764,0.3804,13.0,0.3787,34.0,5819.0,141.0
2021-01-05 09:47:13.201,0.3764,0.3804,13.0,0.3787,34.0,5819.0,141.0
2021-01-05 09:47:13.751,0.3764,0.3804,13.0,0.3787,14.0,5819.0,141.0
2021-01-05 09:47:14.220,0.3764,0.3804,13.0,0.3787,14.0,5819.0,141.0
2021-01-05 09:47:15.230,0.3764,0.3804,13.0,0.3787,14.0,5819.0,141.0
2021-01-05 09:47:15.701,0.3764,0.3808,14.0,0.3787,37.0,5819.0,141.0
2021-01-05 09:47:16.241,0.3764,0.3808,14.0,0.3787,37.0,5819.0,141.0
2021-01-05 09:47:16.731,0.3764,0.3808,14.0,0.3787,34.0,5819.0,141.0
2021-01-05 09:47:17.251,0.3764,0.3808,14.0,0.3787,34.0,5819.0,141.0
2021-01-05 09:47:18.221,0.3764,0.3808,14.0,0.3787,34.0,5819.0,141.0
2021-01-05 09:47:18.621,0.3764,0.3808,14.0,0.3787,34.0,5819.0,141.0
2021-01-05 09:47:19.111,0.3764,0.3813,14.0,0.3792,14.0,5819.0,141.0
2021-01-05 09:47:19.731,0.3764,0.3813,14.0,0.3792,34.0,5819.0,141.0
2021-01-05 09:47:20.000,0.3764,0.3813,14.0,0.3792,34.0,5819.0,141.0
2021-01-05 09:47:20.761,0.3764,0.3813,14.0,0.3792,34.0,5819.0,141.0
2021-01-05 09:47:21.760,0.3764,0.3817,10.0,0.3796,14.0,5819.0,141.0
2021-01-05 09:47:22.240,0.3764,0.3816,13.0,0.3796,34.0,5819.0,141.0
2021-01-05 09:47:23.151,0.3764,0.3816,13.0,0.3796,34.0,5819.0,141.0
2021-01-05 09:47:23.700,0.3764,0.3816,13.0,0.3796,34.0,5819.0,141.0
2021-01-05 09:47:24.680,0.3764,0.3816,13.0,0.3796,34.0,5819.0,141.0
2021-01-05 09:47:26.680,0.3764,0.3816,13.0,0.3796,34.0,5819.0,141.0
2021-01-05 09:47:27.241,0.3764,0.3816,13.0,0.3796,34.0,5819.0,141.0
2021-01-05 09:47:29.191,0.3816,0.3816,3.0,0.3796,34.0,5829.0,151.0
2021-01-05 09:47:30.720,0.3816,0.3816,3.0,0.3796,34.0,5829.0,151.0
2021-01-05 09:47:32.170,0.3816,0.3816,3.0,0.3797,3.0,5829.0,151.0
2021-01-05 09:47:34.231,0.3816,0.3816,3.0,0.3796,34.0,5829.0,151.0
2021-01-05 09:47:34.750,0.3816,0.3816,3.0,0.3797,3.0,5829.0,151.0
2021-01-05 09:47:35.740,0.3816,0.3816,3.0,0.3796,34.0,5829.0,151.0
2021-01-05 09:47:36.241,0.3816,0.3816,3.0,0.3796,34.0,5829.0,151.0
2021-01-05 09:47:37.251,0.3816,0.3816,3.0,0.3796,34.0,5829.0,151.0
2021-01-05 09:47:38.260,0.3816,0.3816,3.0,0.3796,37.0,5829.0,151.0
2021-01-05 09:47:38.731,0.3816,0.3816,3.0,0.3796,34.0,5829.0,151.0
2021-01-05 09:47:39.261,0.3816,0.3816,3.0,0.3796,34.0,5829.0,151.0
2021-01-05 09:47:39.751,0.3816,0.3816,3.0,0.3796,34.0,5829.0,151.0
2021-01-05 09:47:40.260,0.3816,0.3816,3.0,0.3796,34.0,5829.0,151.0
2021-01-05 09:47:41.251,0.3816,0.3816,3.0,0.3796,34.0,5829.0,151.0
2021-01-05 09:47:41.680,0.3816,0.3816,3.0,0.3796,35.0,5829.0,151.0
2021-01-05 09:47:41.731,0.3816,0.3818,14.0,0.3796,37.0,5829.0,151.0
2021-01-05 09:47:42.500,0.3816,0.3823,14.0,0.3801,14.0,5829.0,151.0
2021-01-05 09:47:43.251,0.3816,0.3823,14.0,0.3802,1.0,5829.0,151.0
2021-01-05 09:47:43.720,0.3816,0.3823,14.0,0.3802,1.0,5829.0,151.0
2021-01-05 09:47:44.160,0.3816,0.3823,14.0,0.3801,34.0,5829.0,151.0
2021-01-05 09:47:46.740,0.3816,0.3823,14.0,0.3801,34.0,5829.0,151.0
2021-01-05 09:47:47.270,0.3816,0.3823,14.0,0.3801,34.0,5829.0,151.0
2021-01-05 09:47:48.761,0.3816,0.3823,14.0,0.3801,34.0,5829.0,151.0
2021-01-05 09:47:49.260,0.3816,0.3823,14.0,0.3801,34.0,5829.0,151.0
2021-01-05 09:47:49.771,0.3816,0.3818,14.0,0.3801,20.0,5829.0,151.0
2021-01-05 09:47:50.271,0.3816,0.3818,14.0,0.3797,14.0,5829.0,151.0
2021-01-05 09:47:51.241,0.3816,0.3818,14.0,0.3797,14.0,5829.0,151.0
2021-01-05 09:47:51.781,0.3816,0.3814,14.0,0.3796,20.0,5829.0,151.0
2021-01-05 09:47:52.271,0.3816,0.3814,14.0,0.3792,14.0,5829.0,151.0
2021-01-05 09:47:52.730,0.3816,0.3814,14.0,0.3792,37.0,5829.0,151.0
2021-01-05 09:47:53.221,0.3816,0.3814,14.0,0.3792,14.0,5829.0,151.0
2021-01-05 09:47:54.230,0.3816,0.3814,14.0,0.3793,3.0,5829.0,151.0
2021-01-05 09:47:54.741,0.3816,0.3814,14.0,0.3793,3.0,5829.0,151.0
2021-01-05 09:47:55.241,0.3816,0.3808,14.0,0.3787,14.0,5829.0,151.0
2021-01-05 09:47:55.740,0.3816,0.3808,14.0,0.3787,14.0,5829.0,151.0
2021-01-05 09:47:56.251,0.3816,0.3808,14.0,0.3787,14.0,5829.0,151.0
2021-01-05 09:47:56.751,0.3816,0.3803,14.0,0.3784,3.0,5829.0,151.0
2021-01-05 09:47:57.250,0.3816,0.3803,14.0,0.3787,3.0,5829.0,151.0
2021-01-05 09:47:57.360,0.3816,0.3808,14.0,0.3787,17.0,5829.0,151.0
2021-01-05 09:47:58.261,0.3816,0.3808,14.0,0.3788,1.0,5829.0,151.0
2021-01-05 09:47:58.781,0.3816,0.3812,10.0,0.3792,14.0,5829.0,151.0
2021-01-05 09:47:59.200,0.3816,0.3811,13.0,0.3792,14.0,5829.0,151.0
2021-01-05 09:47:59.690,0.3816,0.3811,13.0,0.3792,14.0,5829.0,151.0
2021-01-05 09:48:00.791,0.3816,0.3811,13.0,0.3792,34.0,5829.0,151.0
2021-01-05 09:48:01.261,0.3816,0.3811,13.0,0.3792,34.0,5829.0,151.0
2021-01-05 09:48:01.791,0.3816,0.3811,13.0,0.3792,34.0,5829.0,151.0
2021-01-05 09:48:02.260,0.3816,0.3814,14.0,0.3792,37.0,5829.0,151.0
2021-01-05 09:48:02.781,0.3816,0.3825,10.0,0.3792,23.0,5829.0,151.0
2021-01-05 09:48:02.781,0.3816,0.382,14.0,0.3798,14.0,5829.0,151.0
2021-01-05 09:48:03.791,0.3816,0.382,14.0,0.3798,34.0,5829.0,151.0
2021-01-05 09:48:04.790,0.3816,0.382,14.0,0.3798,34.0,5829.0,151.0
2021-01-05 09:48:05.290,0.3816,0.382,14.0,0.3798,34.0,5829.0,151.0
2021-01-05 09:48:06.291,0.3816,0.382,14.0,0.3798,34.0,5829.0,151.0
2021-01-05 09:48:06.781,0.3816,0.382,14.0,0.3798,34.0,5829.0,151.0
2021-01-05 09:48:07.280,0.3816,0.382,14.0,0.3798,34.0,5829.0,151.0
2021-01-05 09:48:07.760,0.3816,0.382,14.0,0.3798,34.0,5829.0,151.0
2021-01-05 09:48:08.250,0.3816,0.382,14.0,0.3798,34.0,5829.0,151.0
2021-01-05 09:48:08.671,0.3816,0.382,14.0,0.3798,35.0,5829.0,151.0
2021-01-05 09:48:09.270,0.3816,0.382,14.0,0.3798,35.0,5829.0,151.0
2021-01-05 09:48:09.751,0.3816,0.3825,10.0,0.3798,20.0,5829.0,151.0
2021-01-05 09:48:10.171,0.3816,0.3824,14.0,0.3803,14.0,5829.0,151.0
2021-01-05 09:48:10.231,0.3816,0.3824,14.0,0.3803,34.0,5829.0,151.0
2021-01-05 09:48:11.301,0.3816,0.3824,14.0,0.3803,34.0,5829.0,151.0
2021-01-05 09:48:11.791,0.3816,0.3824,14.0,0.3803,34.0,5829.0,151.0
2021-01-05 09:48:12.751,0.3816,0.3824,14.0,0.3803,34.0,5829.0,151.0
2021-01-05 09:48:13.281,0.3816,0.3824,14.0,0.3803,34.0,5829.0,151.0
2021-01-05 09:48:13.760,0.3816,0.3818,14.0,0.3803,20.0,5829.0,151.0
2021-01-05 09:48:14.300,0.3816,0.3818,14.0,0.3803,20.0,5829.0,151.0
