,last,ask1,asize1,bid1,bsize1,oi,volume
2021-01-05 09:25:00.080,,0.134,2.0,0.1274,3.0,28407.0,
2021-01-05 09:30:00.451,,0.134,2.0,0.1274,40.0,28407.0,
2021-01-05 09:30:00.991,,0.134,2.0,0.1275,5.0,28407.0,
2021-01-05 09:30:01.481,,0.134,2.0,0.1275,5.0,28407.0,
2021-01-05 09:30:01.990,,0.134,2.0,0.1282,20.0,28407.0,
2021-01-05 09:30:02.440,,0.134,22.0,0.1278,20.0,28407.0,
2021-01-05 09:30:03.010,,0.134,22.0,0.1282,20.0,28407.0,
2021-01-05 09:30:03.980,,0.134,22.0,0.1285,20.0,28407.0,
2021-01-05 09:30:04.430,,0.134,22.0,0.1282,20.0,28407.0,
2021-01-05 09:30:05.010,,0.1338,20.0,0.1275,25.0,28407.0,
2021-01-05 09:30:05.990,,0.1336,20.0,0.1275,5.0,28407.0,
2021-01-05 09:30:06.480,,0.1334,20.0,0.1275,25.0,28407.0,
2021-01-05 09:30:06.971,,0.1326,20.0,0.1275,25.0,28407.0,
2021-01-05 09:30:08.520,,0.1323,20.0,0.1275,25.0,28407.0,
2021-01-05 09:30:11.000,,0.1321,20.0,0.1275,25.0,28407.0,
2021-01-05 09:30:11.521,,0.1319,20.0,0.1275,25.0,28407.0,
2021-01-05 09:30:13.000,,0.1326,20.0,0.1275,25.0,28407.0,
2021-01-05 09:30:13.501,,0.1328,20.0,0.1275,25.0,28407.0,
2021-01-05 09:30:15.040,,0.133,20.0,0.1275,25.0,28407.0,
2021-01-05 09:30:15.520,,0.1332,20.0,0.1275,25.0,28407.0,
2021-01-05 09:30:15.991,0.1275,0.133,20.0,0.1275,23.0,28407.0,2.0
2021-01-05 09:30:17.021,0.1275,0.1335,20.0,0.1275,23.0,28407.0,2.0
2021-01-05 09:30:17.641,0.1275,0.1335,20.0,0.1275,23.0,28407.0,2.0
2021-01-05 09:30:18.231,0.1275,0.1335,20.0,0.1277,20.0,28407.0,2.0
2021-01-05 09:30:18.750,0.1275,0.1335,20.0,0.1277,20.0,28407.0,2.0
2021-01-05 09:30:19.251,0.1275,0.1342,20.0,0.1279,20.0,28407.0,2.0
2021-01-05 09:30:19.751,0.1275,0.1344,20.0,0.1281,20.0,28407.0,2.0
2021-01-05 09:30:20.721,0.1275,0.1344,20.0,0.1279,20.0,28407.0,2.0
2021-01-05 09:30:21.241,0.1275,0.1341,20.0,0.1277,20.0,28407.0,2.0
2021-01-05 09:30:21.741,0.1275,0.1344,25.0,0.128,20.0,28407.0,2.0
2021-01-05 09:30:22.240,0.1275,0.1338,20.0,0.1275,23.0,28407.0,2.0
2021-01-05 09:30:22.671,0.1275,0.134,20.0,0.1277,20.0,28407.0,2.0
2021-01-05 09:30:23.170,0.1275,0.1338,5.0,0.1277,20.0,28407.0,2.0
2021-01-05 09:30:23.670,0.1275,0.1337,20.0,0.1275,23.0,28407.0,2.0
2021-01-05 09:30:24.161,0.1275,0.1334,20.0,0.1275,23.0,28407.0,2.0
2021-01-05 09:30:25.160,0.1275,0.133,20.0,0.1275,23.0,28407.0,2.0
2021-01-05 09:30:25.581,0.1275,0.133,20.0,0.1275,22.0,28407.0,3.0
2021-01-05 09:30:26.171,0.133,0.133,19.0,0.1275,22.0,28407.0,4.0
2021-01-05 09:30:26.670,0.133,0.133,20.0,0.1275,22.0,28407.0,4.0
2021-01-05 09:30:28.670,0.133,0.133,20.0,0.1275,22.0,28407.0,4.0
2021-01-05 09:30:30.171,0.133,0.133,25.0,0.1275,22.0,28407.0,4.0
2021-01-05 09:30:30.620,0.133,0.133,20.0,0.1275,22.0,28407.0,4.0
2021-01-05 09:30:31.121,0.133,0.1333,20.0,0.1275,22.0,28407.0,4.0
2021-01-05 09:30:31.661,0.133,0.1333,20.0,0.1275,22.0,28407.0,4.0
2021-01-05 09:30:32.140,0.133,0.1336,20.0,0.1275,22.0,28407.0,4.0
2021-01-05 09:30:32.631,0.133,0.1336,5.0,0.1275,22.0,28407.0,4.0
2021-01-05 09:30:33.171,0.133,0.1339,20.0,0.1275,22.0,28407.0,4.0
2021-01-05 09:30:33.671,0.133,0.1339,20.0,0.1275,22.0,28407.0,4.0
2021-01-05 09:30:34.191,0.133,0.1339,20.0,0.1275,22.0,28407.0,4.0
2021-01-05 09:30:36.170,0.133,0.1336,20.0,0.1275,22.0,28407.0,4.0
2021-01-05 09:30:36.691,0.133,0.1339,20.0,0.1275,22.0,28407.0,4.0
2021-01-05 09:30:37.670,0.133,0.1337,20.0,0.1275,22.0,28407.0,4.0
2021-01-05 09:30:41.151,0.133,0.1337,20.0,0.1275,22.0,28407.0,4.0
2021-01-05 09:30:42.671,0.133,0.1339,21.0,0.1275,22.0,28407.0,4.0
2021-01-05 09:30:43.180,0.133,0.1339,21.0,0.1277,20.0,28407.0,4.0
2021-01-05 09:30:43.520,0.133,0.1339,36.0,0.1277,20.0,28407.0,4.0
2021-01-05 09:30:44.181,0.133,0.1339,36.0,0.1279,20.0,28407.0,4.0
2021-01-05 09:30:44.650,0.133,0.1339,36.0,0.1279,20.0,28407.0,4.0
2021-01-05 09:30:45.161,0.133,0.1339,36.0,0.1279,20.0,28407.0,4.0
2021-01-05 09:30:46.200,0.133,0.1339,36.0,0.1281,20.0,28407.0,4.0
2021-01-05 09:30:46.701,0.133,0.1339,36.0,0.1281,35.0,28407.0,4.0
2021-01-05 09:30:47.691,0.133,0.1339,36.0,0.1285,20.0,28407.0,4.0
2021-01-05 09:30:48.711,0.133,0.1339,36.0,0.1285,20.0,28407.0,4.0
2021-01-05 09:30:53.120,0.133,0.1339,36.0,0.1287,20.0,28407.0,4.0
2021-01-05 09:30:53.660,0.133,0.1339,21.0,0.1287,20.0,28407.0,4.0
2021-01-05 09:30:54.130,0.133,0.1339,36.0,0.1287,35.0,28407.0,4.0
2021-01-05 09:30:55.081,0.133,0.1339,36.0,0.1289,20.0,28407.0,4.0
2021-01-05 09:30:55.671,0.133,0.1339,36.0,0.1289,20.0,28407.0,4.0
2021-01-05 09:30:56.170,0.133,0.1318,10.0,0.1289,20.0,28407.0,4.0
2021-01-05 09:30:56.660,0.133,0.1318,10.0,0.1289,20.0,28407.0,4.0
2021-01-05 09:30:57.171,0.133,0.1318,10.0,0.1289,20.0,28407.0,4.0
2021-01-05 09:31:01.140,0.133,0.1318,10.0,0.1289,20.0,28407.0,4.0
2021-01-05 09:31:01.680,0.1289,0.1289,24.0,0.1288,15.0,28427.0,40.0
2021-01-05 09:31:02.170,0.1289,0.1289,4.0,0.1287,15.0,28447.0,60.0
2021-01-05 09:31:02.681,0.1289,0.1289,4.0,0.1279,15.0,28447.0,60.0
2021-01-05 09:31:03.131,0.1289,0.1289,4.0,0.1279,15.0,28447.0,60.0
2021-01-05 09:31:03.680,0.1289,0.1289,9.0,0.1277,15.0,28447.0,60.0
2021-01-05 09:31:04.181,0.1289,0.1302,15.0,0.1277,15.0,28447.0,64.0
2021-01-05 09:31:04.671,0.1289,0.1304,10.0,0.1277,20.0,28447.0,64.0
2021-01-05 09:31:05.150,0.1289,0.1304,10.0,0.1277,20.0,28447.0,64.0
2021-01-05 09:31:06.160,0.1289,0.1304,15.0,0.1277,20.0,28447.0,64.0
2021-01-05 09:31:06.681,0.1289,0.1304,10.0,0.1277,20.0,28447.0,64.0
2021-01-05 09:31:07.190,0.1289,0.1304,10.0,0.1277,35.0,28447.0,64.0
2021-01-05 09:31:08.200,0.1289,0.1304,10.0,0.1277,35.0,28447.0,64.0
2021-01-05 09:31:08.650,0.1289,0.1313,25.0,0.1283,10.0,28447.0,64.0
2021-01-05 09:31:09.051,0.1289,0.1313,10.0,0.1283,25.0,28447.0,64.0
2021-01-05 09:31:09.701,0.1289,0.1313,10.0,0.1283,45.0,28447.0,64.0
2021-01-05 09:31:11.701,0.1289,0.1313,10.0,0.1283,45.0,28447.0,64.0
2021-01-05 09:31:12.621,0.1289,0.1313,25.0,0.1283,30.0,28447.0,64.0
2021-01-05 09:31:13.170,0.1289,0.1313,25.0,0.1283,30.0,28447.0,64.0
2021-01-05 09:31:13.710,0.1289,0.1299,1.0,0.1283,30.0,28447.0,64.0
2021-01-05 09:31:14.200,0.1299,0.1302,15.0,0.1283,30.0,28447.0,65.0
2021-01-05 09:31:15.710,0.1299,0.1305,15.0,0.1283,30.0,28447.0,65.0
2021-01-05 09:31:16.180,0.1299,0.1309,15.0,0.1283,30.0,28447.0,65.0
2021-01-05 09:31:16.711,0.1299,0.1313,25.0,0.1283,30.0,28447.0,65.0
2021-01-05 09:31:17.201,0.1299,0.1313,45.0,0.1283,45.0,28447.0,65.0
2021-01-05 09:31:17.710,0.1299,0.1304,10.0,0.1283,35.0,28447.0,65.0
2021-01-05 09:31:18.720,0.1304,0.1304,7.0,0.1283,35.0,28444.0,68.0
2021-01-05 09:31:19.150,0.1304,0.1304,7.0,0.1279,15.0,28444.0,68.0
2021-01-05 09:31:19.721,0.1304,0.1304,7.0,0.1279,35.0,28444.0,68.0
2021-01-05 09:31:23.171,0.1304,0.1304,7.0,0.1279,35.0,28444.0,68.0
2021-01-05 09:31:23.640,0.1304,0.1304,7.0,0.1279,35.0,28444.0,68.0
2021-01-05 09:31:24.660,0.1304,0.1304,7.0,0.1279,35.0,28444.0,68.0
2021-01-05 09:31:25.150,0.1304,0.1304,7.0,0.1279,35.0,28444.0,68.0
2021-01-05 09:31:25.640,0.1304,0.1304,7.0,0.1279,35.0,28444.0,68.0
2021-01-05 09:31:26.141,0.1304,0.1304,7.0,0.1279,35.0,28444.0,68.0
2021-01-05 09:31:26.681,0.1304,0.1304,7.0,0.1279,35.0,28444.0,68.0
2021-01-05 09:31:27.171,0.1304,0.1304,7.0,0.1279,35.0,28444.0,68.0
2021-01-05 09:31:27.601,0.1304,0.1304,7.0,0.1279,35.0,28444.0,68.0
2021-01-05 09:31:28.101,0.1304,0.1304,7.0,0.1281,36.0,28444.0,68.0
2021-01-05 09:31:28.610,0.1304,0.1304,17.0,0.1281,56.0,28444.0,68.0
2021-01-05 09:31:29.171,0.1304,0.1304,7.0,0.1281,56.0,28444.0,68.0
2021-01-05 09:31:30.170,0.1304,0.1304,7.0,0.1281,71.0,28444.0,68.0
2021-01-05 09:31:30.671,0.1304,0.1304,21.0,0.1281,56.0,28444.0,69.0
2021-01-05 09:31:31.101,0.1304,0.1304,6.0,0.1281,56.0,28444.0,69.0
2021-01-05 09:31:33.190,0.1304,0.1304,6.0,0.1281,56.0,28444.0,69.0
2021-01-05 09:31:33.680,0.1304,0.1304,6.0,0.1281,56.0,28444.0,69.0
2021-01-05 09:31:34.181,0.1304,0.1303,10.0,0.1284,10.0,28444.0,69.0
2021-01-05 09:31:34.681,0.1304,0.1303,10.0,0.1284,30.0,28444.0,69.0
2021-01-05 09:31:35.190,0.1304,0.1303,10.0,0.1284,30.0,28444.0,69.0
2021-01-05 09:31:35.670,0.1304,0.1303,10.0,0.1284,30.0,28444.0,69.0
2021-01-05 09:31:36.181,0.1304,0.1303,10.0,0.1284,30.0,28444.0,69.0
2021-01-05 09:31:36.690,0.1304,0.1303,10.0,0.1284,30.0,28444.0,69.0
2021-01-05 09:31:37.191,0.1304,0.1303,10.0,0.1284,30.0,28444.0,69.0
2021-01-05 09:31:38.190,0.1304,0.1303,10.0,0.1285,3.0,28444.0,69.0
2021-01-05 09:31:38.690,0.1303,0.1306,10.0,0.1304,1.0,28444.0,79.0
2021-01-05 09:31:39.210,0.1304,0.1307,10.0,0.129,15.0,28445.0,80.0
2021-01-05 09:31:39.710,0.1304,0.1307,10.0,0.129,20.0,28445.0,80.0
2021-01-05 09:31:40.190,0.1304,0.1307,10.0,0.1288,30.0,28445.0,80.0
2021-01-05 09:31:40.711,0.1304,0.1304,1.0,0.1289,3.0,28445.0,80.0
2021-01-05 09:31:41.191,0.1304,0.1304,1.0,0.1289,3.0,28445.0,80.0
2021-01-05 09:31:41.691,0.1304,0.1304,1.0,0.1294,10.0,28445.0,80.0
2021-01-05 09:31:42.211,0.1304,0.1304,1.0,0.1294,10.0,28445.0,80.0
2021-01-05 09:31:42.711,0.1304,0.1304,1.0,0.1294,30.0,28445.0,80.0
2021-01-05 09:31:43.191,0.1304,0.1304,1.0,0.1294,33.0,28445.0,80.0
2021-01-05 09:31:43.710,0.1304,0.1307,15.0,0.1294,30.0,28445.0,80.0
2021-01-05 09:31:44.190,0.1294,0.1307,15.0,0.1294,9.0,28446.0,81.0
2021-01-05 09:31:44.691,0.1294,0.1306,10.0,0.1296,1.0,28446.0,81.0
2021-01-05 09:31:45.170,0.1294,0.1306,15.0,0.1296,1.0,28446.0,81.0
2021-01-05 09:31:45.621,0.1294,0.1309,25.0,0.1296,1.0,28446.0,81.0
2021-01-05 09:31:46.171,0.1294,0.1309,15.0,0.1296,1.0,28446.0,81.0
2021-01-05 09:31:46.701,0.1294,0.1311,10.0,0.1296,1.0,28446.0,81.0
2021-01-05 09:31:47.191,0.1294,0.1311,20.0,0.1296,1.0,28446.0,81.0
2021-01-05 09:31:47.690,0.1294,0.1311,10.0,0.1296,1.0,28446.0,81.0
2021-01-05 09:31:48.211,0.1294,0.1311,10.0,0.1296,16.0,28446.0,81.0
2021-01-05 09:31:48.670,0.1294,0.1311,10.0,0.1296,16.0,28446.0,81.0
2021-01-05 09:31:49.711,0.1294,0.1311,10.0,0.1296,39.0,28446.0,81.0
2021-01-05 09:31:50.191,0.1294,0.1315,15.0,0.13,10.0,28446.0,81.0
2021-01-05 09:31:50.710,0.1294,0.1315,15.0,0.13,30.0,28446.0,81.0
2021-01-05 09:31:51.210,0.1294,0.1315,15.0,0.13,30.0,28446.0,81.0
2021-01-05 09:31:52.220,0.1294,0.1315,15.0,0.1305,10.0,28446.0,81.0
2021-01-05 09:31:52.621,0.1294,0.1317,15.0,0.1305,30.0,28446.0,81.0
2021-01-05 09:31:53.171,0.1294,0.1317,15.0,0.1305,30.0,28446.0,81.0
2021-01-05 09:31:53.530,0.1294,0.1317,15.0,0.1305,30.0,28446.0,81.0
2021-01-05 09:31:54.151,0.1294,0.1317,15.0,0.1305,30.0,28446.0,81.0
2021-01-05 09:31:54.681,0.1294,0.1319,15.0,0.1305,30.0,28446.0,81.0
2021-01-05 09:31:55.150,0.1294,0.1319,15.0,0.1311,10.0,28446.0,81.0
2021-01-05 09:31:55.670,0.1294,0.1319,15.0,0.1311,10.0,28446.0,81.0
2021-01-05 09:31:56.110,0.1294,0.1321,15.0,0.1311,10.0,28446.0,81.0
2021-01-05 09:31:56.681,0.1294,0.1324,15.0,0.1311,10.0,28446.0,81.0
2021-01-05 09:31:57.171,0.1294,0.1325,20.0,0.1311,10.0,28446.0,81.0
2021-01-05 09:31:58.171,0.1294,0.1329,55.0,0.1311,10.0,28446.0,81.0
2021-01-05 09:31:59.180,0.1294,0.1329,45.0,0.1312,1.0,28446.0,81.0
2021-01-05 09:31:59.660,0.1294,0.1329,45.0,0.1312,1.0,28446.0,81.0
2021-01-05 09:32:00.150,0.1294,0.1329,45.0,0.1312,1.0,28446.0,81.0
2021-01-05 09:32:00.650,0.1294,0.1329,45.0,0.1312,1.0,28446.0,81.0
2021-01-05 09:32:01.670,0.1294,0.1329,30.0,0.1312,1.0,28446.0,81.0
2021-01-05 09:32:02.171,0.1294,0.1329,30.0,0.1312,1.0,28446.0,81.0
2021-01-05 09:32:02.671,0.1312,0.1323,10.0,0.1307,15.0,28447.0,82.0
2021-01-05 09:32:03.180,0.1312,0.1323,30.0,0.1304,25.0,28447.0,82.0
2021-01-05 09:32:04.150,0.1312,0.1322,1.0,0.1304,25.0,28447.0,82.0
2021-01-05 09:32:04.661,0.1312,0.1322,1.0,0.1304,25.0,28447.0,82.0
2021-01-05 09:32:05.141,0.1312,0.1322,1.0,0.1304,25.0,28447.0,82.0
2021-01-05 09:32:05.660,0.1312,0.1322,1.0,0.1305,3.0,28447.0,82.0
2021-01-05 09:32:06.161,0.1312,0.1322,1.0,0.1309,10.0,28447.0,82.0
2021-01-05 09:32:06.680,0.1312,0.1322,1.0,0.1309,10.0,28447.0,82.0
2021-01-05 09:32:07.070,0.1312,0.1322,1.0,0.1309,10.0,28447.0,82.0
2021-01-05 09:32:07.671,0.1312,0.1322,1.0,0.1309,10.0,28447.0,82.0
2021-01-05 09:32:08.171,0.1312,0.1322,1.0,0.1309,10.0,28447.0,82.0
2021-01-05 09:32:08.670,0.1312,0.1322,1.0,0.131,3.0,28447.0,82.0
2021-01-05 09:32:09.141,0.1312,0.1322,1.0,0.131,3.0,28447.0,82.0
2021-01-05 09:32:09.681,0.1312,0.1322,1.0,0.131,3.0,28447.0,82.0
2021-01-05 09:32:10.161,0.1312,0.1322,1.0,0.131,3.0,28447.0,82.0
2021-01-05 09:32:10.551,0.1312,0.1322,1.0,0.131,3.0,28447.0,82.0
2021-01-05 09:32:11.170,0.1312,0.1322,1.0,0.131,3.0,28447.0,82.0
2021-01-05 09:32:11.650,0.1312,0.1322,1.0,0.1309,10.0,28447.0,82.0
2021-01-05 09:32:12.161,0.1312,0.1322,1.0,0.1309,10.0,28447.0,82.0
2021-01-05 09:32:12.670,0.1312,0.131,3.0,0.1309,10.0,28447.0,82.0
2021-01-05 09:32:13.171,0.131,0.131,3.0,0.1309,10.0,28449.0,85.0
2021-01-05 09:32:13.671,0.131,0.132,15.0,0.1309,10.0,28452.0,88.0
2021-01-05 09:32:14.180,0.131,0.132,15.0,0.1309,10.0,28452.0,88.0
2021-01-05 09:32:14.560,0.131,0.132,15.0,0.1309,10.0,28452.0,88.0
2021-01-05 09:32:15.171,0.131,0.132,15.0,0.1309,10.0,28452.0,88.0
2021-01-05 09:32:15.671,0.131,0.132,15.0,0.1309,10.0,28452.0,88.0
2021-01-05 09:32:16.551,0.131,0.132,15.0,0.1309,10.0,28452.0,88.0
2021-01-05 09:32:17.161,0.131,0.132,15.0,0.1309,10.0,28452.0,88.0
2021-01-05 09:32:17.651,0.131,0.132,15.0,0.1309,10.0,28452.0,88.0
2021-01-05 09:32:18.130,0.131,0.1321,20.0,0.1309,10.0,28452.0,88.0
2021-01-05 09:32:18.670,0.131,0.1323,20.0,0.1309,10.0,28452.0,88.0
2021-01-05 09:32:19.150,0.131,0.1325,20.0,0.1309,10.0,28452.0,88.0
2021-01-05 09:32:19.640,0.131,0.1325,20.0,0.1309,10.0,28452.0,88.0
2021-01-05 09:32:20.671,0.131,0.1325,20.0,0.1309,10.0,28452.0,88.0
2021-01-05 09:32:21.130,0.131,0.1325,20.0,0.1309,10.0,28452.0,88.0
2021-01-05 09:32:21.680,0.131,0.1325,20.0,0.1309,10.0,28452.0,88.0
2021-01-05 09:32:22.181,0.131,0.1325,15.0,0.1309,10.0,28452.0,88.0
2021-01-05 09:32:22.660,0.131,0.1325,45.0,0.1307,25.0,28452.0,88.0
2021-01-05 09:32:24.160,0.131,0.1325,45.0,0.1311,35.0,28452.0,88.0
2021-01-05 09:32:25.170,0.131,0.1325,45.0,0.1311,35.0,28452.0,88.0
2021-01-05 09:32:25.670,0.131,0.1325,30.0,0.1311,35.0,28452.0,88.0
2021-01-05 09:32:26.171,0.131,0.1325,20.0,0.1314,10.0,28452.0,88.0
2021-01-05 09:32:26.650,0.131,0.1328,15.0,0.1314,10.0,28452.0,88.0
2021-01-05 09:32:27.151,0.131,0.1328,35.0,0.1314,10.0,28452.0,88.0
2021-01-05 09:32:27.641,0.131,0.1327,10.0,0.1311,35.0,28452.0,88.0
2021-01-05 09:32:28.171,0.131,0.1327,10.0,0.1311,38.0,28452.0,88.0
2021-01-05 09:32:28.630,0.131,0.1327,10.0,0.1311,38.0,28452.0,88.0
2021-01-05 09:32:29.180,0.131,0.1327,10.0,0.1311,38.0,28452.0,88.0
2021-01-05 09:32:30.171,0.131,0.1327,10.0,0.1311,35.0,28452.0,88.0
2021-01-05 09:32:30.671,0.131,0.1327,10.0,0.1311,35.0,28452.0,88.0
2021-01-05 09:32:31.151,0.131,0.1327,10.0,0.1311,35.0,28452.0,88.0
2021-01-05 09:32:32.121,0.131,0.1327,10.0,0.1311,35.0,28452.0,88.0
2021-01-05 09:32:33.671,0.131,0.1327,10.0,0.1311,38.0,28452.0,88.0
2021-01-05 09:32:34.171,0.131,0.1327,10.0,0.1311,38.0,28452.0,88.0
2021-01-05 09:32:34.691,0.131,0.1321,10.0,0.1311,35.0,28452.0,88.0
2021-01-05 09:32:35.170,0.131,0.1321,10.0,0.1311,35.0,28452.0,88.0
2021-01-05 09:32:36.190,0.131,0.1321,10.0,0.1311,35.0,28452.0,88.0
2021-01-05 09:32:37.661,0.131,0.1321,10.0,0.1311,35.0,28452.0,88.0
2021-01-05 09:32:38.670,0.131,0.1321,10.0,0.1311,35.0,28452.0,88.0
2021-01-05 09:32:39.630,0.131,0.1321,10.0,0.1311,35.0,28452.0,88.0
2021-01-05 09:32:41.690,0.131,0.1322,1.0,0.1312,10.0,28452.0,88.0
2021-01-05 09:32:42.201,0.131,0.1322,1.0,0.1312,10.0,28452.0,88.0
2021-01-05 09:32:42.700,0.131,0.1322,1.0,0.1312,10.0,28452.0,88.0
2021-01-05 09:32:43.190,0.131,0.1322,1.0,0.1312,10.0,28452.0,88.0
2021-01-05 09:32:43.580,0.131,0.1322,1.0,0.1312,10.0,28452.0,88.0
2021-01-05 09:32:44.151,0.131,0.1322,1.0,0.1312,10.0,28452.0,88.0
2021-01-05 09:32:44.700,0.131,0.1321,10.0,0.1311,35.0,28452.0,88.0
2021-01-05 09:32:45.580,0.131,0.1321,10.0,0.1311,35.0,28452.0,88.0
2021-01-05 09:32:46.650,0.1311,0.1321,10.0,0.1311,32.0,28452.0,91.0
2021-01-05 09:32:47.201,0.1311,0.1321,10.0,0.1311,32.0,28452.0,91.0
2021-01-05 09:32:47.701,0.1311,0.1322,1.0,0.1312,10.0,28452.0,91.0
2021-01-05 09:32:48.181,0.1311,0.1322,1.0,0.1312,10.0,28452.0,91.0
2021-01-05 09:32:48.690,0.1311,0.1322,1.0,0.1312,10.0,28452.0,91.0
2021-01-05 09:32:49.670,0.1311,0.1322,1.0,0.1316,10.0,28452.0,91.0
2021-01-05 09:32:50.171,0.1311,0.1322,1.0,0.1321,10.0,28452.0,91.0
2021-01-05 09:32:50.700,0.1321,0.1328,200.0,0.1315,20.0,28462.0,102.0
2021-01-05 09:32:51.170,0.1318,0.1328,200.0,0.1318,1.0,28471.0,111.0
2021-01-05 09:32:51.701,0.1318,0.1328,200.0,0.1318,1.0,28471.0,111.0
2021-01-05 09:32:52.191,0.1318,0.1328,200.0,0.1318,1.0,28471.0,111.0
2021-01-05 09:32:52.671,0.1318,0.1328,200.0,0.1318,1.0,28471.0,111.0
2021-01-05 09:32:52.940,0.1318,0.1328,200.0,0.1318,1.0,28471.0,111.0
2021-01-05 09:32:53.641,0.1318,0.1328,200.0,0.1318,16.0,28471.0,111.0
2021-01-05 09:32:54.181,0.1318,0.1328,200.0,0.1318,16.0,28471.0,111.0
2021-01-05 09:32:54.671,0.1318,0.1328,200.0,0.1318,16.0,28471.0,111.0
2021-01-05 09:32:55.170,0.1318,0.1328,200.0,0.1318,16.0,28471.0,111.0
2021-01-05 09:32:55.670,0.1318,0.1328,200.0,0.1318,16.0,28471.0,111.0
2021-01-05 09:32:56.150,0.1318,0.1328,200.0,0.1318,16.0,28471.0,111.0
2021-01-05 09:32:56.611,0.1318,0.1328,200.0,0.1318,16.0,28471.0,111.0
2021-01-05 09:32:57.151,0.1318,0.1328,200.0,0.1318,16.0,28471.0,111.0
2021-01-05 09:32:57.600,0.1318,0.1328,200.0,0.1318,16.0,28471.0,111.0
2021-01-05 09:32:58.171,0.1318,0.1328,200.0,0.1318,16.0,28471.0,111.0
2021-01-05 09:32:58.651,0.1318,0.1328,200.0,0.1318,16.0,28471.0,111.0
2021-01-05 09:32:59.170,0.1318,0.1328,200.0,0.1318,16.0,28471.0,111.0
2021-01-05 09:32:59.621,0.1318,0.1328,200.0,0.1318,16.0,28471.0,111.0
2021-01-05 09:33:00.180,0.1318,0.1328,200.0,0.1318,16.0,28471.0,111.0
2021-01-05 09:33:00.651,0.1318,0.1328,200.0,0.1318,1.0,28471.0,111.0
2021-01-05 09:33:01.141,0.1318,0.1328,200.0,0.1318,21.0,28471.0,111.0
2021-01-05 09:33:01.661,0.1318,0.1328,200.0,0.1318,1.0,28471.0,111.0
2021-01-05 09:33:02.130,0.1318,0.1328,200.0,0.1318,9.0,28472.0,112.0
2021-01-05 09:33:02.651,0.1318,0.1328,200.0,0.1318,8.0,28473.0,113.0
2021-01-05 09:33:03.121,0.1318,0.1328,230.0,0.1317,15.0,28473.0,113.0
2021-01-05 09:33:03.681,0.1318,0.1328,230.0,0.1316,15.0,28473.0,113.0
2021-01-05 09:33:04.140,0.1318,0.1318,8.0,0.1316,15.0,28473.0,113.0
2021-01-05 09:33:04.651,0.1318,0.1318,8.0,0.1312,18.0,28473.0,113.0
2021-01-05 09:33:05.181,0.1318,0.1318,8.0,0.1312,3.0,28473.0,113.0
2021-01-05 09:33:05.690,0.1318,0.1318,8.0,0.1312,3.0,28473.0,113.0
2021-01-05 09:33:06.170,0.1312,0.1318,8.0,0.1311,32.0,28476.0,116.0
2021-01-05 09:33:07.171,0.1312,0.1319,20.0,0.1313,1.0,28476.0,116.0
2021-01-05 09:33:07.601,0.1312,0.1322,20.0,0.1313,1.0,28476.0,116.0
2021-01-05 09:33:08.191,0.1312,0.1322,20.0,0.1313,1.0,28476.0,116.0
2021-01-05 09:33:08.681,0.1312,0.1322,20.0,0.1313,1.0,28476.0,116.0
2021-01-05 09:33:09.181,0.1312,0.1324,10.0,0.1313,1.0,28476.0,116.0
2021-01-05 09:33:09.651,0.1312,0.1324,10.0,0.1313,1.0,28476.0,116.0
2021-01-05 09:33:10.180,0.1312,0.1324,10.0,0.1313,1.0,28476.0,116.0
2021-01-05 09:33:10.681,0.1312,0.1324,10.0,0.1313,1.0,28476.0,116.0
2021-01-05 09:33:11.180,0.1312,0.1324,30.0,0.1313,1.0,28476.0,116.0
2021-01-05 09:33:11.670,0.1312,0.1324,30.0,0.1313,1.0,28476.0,116.0
2021-01-05 09:33:12.181,0.1312,0.1324,30.0,0.1313,1.0,28476.0,116.0
2021-01-05 09:33:12.650,0.1312,0.1324,30.0,0.1313,1.0,28476.0,116.0
2021-01-05 09:33:13.100,0.1312,0.1324,10.0,0.1313,1.0,28476.0,116.0
2021-01-05 09:33:13.691,0.1313,0.1324,30.0,0.1311,32.0,28477.0,117.0
2021-01-05 09:33:14.110,0.1314,0.1313,1.0,0.1311,32.0,28477.0,118.0
2021-01-05 09:33:14.650,0.1313,0.1319,10.0,0.1312,1.0,28476.0,119.0
2021-01-05 09:33:15.140,0.1313,0.1323,10.0,0.1312,11.0,28476.0,119.0
2021-01-05 09:33:15.651,0.1313,0.132,20.0,0.1312,11.0,28476.0,119.0
2021-01-05 09:33:16.181,0.1313,0.1319,10.0,0.1312,1.0,28476.0,119.0
2021-01-05 09:33:16.671,0.1313,0.1319,10.0,0.1312,1.0,28476.0,119.0
2021-01-05 09:33:17.190,0.1313,0.1314,10.0,0.1312,1.0,28476.0,119.0
2021-01-05 09:33:17.691,0.1312,0.1312,1.0,0.1311,32.0,28477.0,120.0
2021-01-05 09:33:18.160,0.1311,0.1312,1.0,0.1311,20.0,28489.0,132.0
2021-01-05 09:33:18.680,0.1311,0.1312,1.0,0.1311,15.0,28494.0,137.0
2021-01-05 09:33:18.921,0.1311,0.1312,1.0,0.1311,7.0,28502.0,145.0
2021-01-05 09:33:19.660,0.1311,0.1311,15.0,0.131,20.0,28509.0,152.0
2021-01-05 09:33:19.950,0.1311,0.1311,15.0,0.131,20.0,28509.0,152.0
2021-01-05 09:33:20.680,0.131,0.1311,15.0,0.1303,10.0,28529.0,172.0
2021-01-05 09:33:21.160,0.131,0.1311,15.0,0.1303,25.0,28529.0,172.0
2021-01-05 09:33:21.681,0.131,0.1311,15.0,0.1303,10.0,28529.0,172.0
2021-01-05 09:33:22.150,0.131,0.1311,15.0,0.1303,10.0,28529.0,172.0
2021-01-05 09:33:22.670,0.131,0.1309,10.0,0.1302,10.0,28529.0,172.0
2021-01-05 09:33:22.961,0.131,0.1309,10.0,0.1302,10.0,28529.0,172.0
2021-01-05 09:33:23.660,0.131,0.1309,10.0,0.1302,10.0,28529.0,172.0
2021-01-05 09:33:24.171,0.131,0.1309,10.0,0.1302,10.0,28529.0,172.0
2021-01-05 09:33:24.651,0.131,0.1312,10.0,0.1302,10.0,28529.0,172.0
2021-01-05 09:33:25.151,0.131,0.1312,10.0,0.1302,10.0,28529.0,172.0
2021-01-05 09:33:26.161,0.131,0.1312,10.0,0.1302,10.0,28529.0,172.0
2021-01-05 09:33:26.651,0.131,0.1316,10.0,0.1305,10.0,28529.0,172.0
2021-01-05 09:33:27.171,0.131,0.1312,10.0,0.1302,35.0,28529.0,172.0
2021-01-05 09:33:27.441,0.131,0.1317,25.0,0.1306,10.0,28529.0,172.0
2021-01-05 09:33:28.180,0.131,0.1317,10.0,0.1306,10.0,28529.0,172.0
2021-01-05 09:33:28.630,0.131,0.1317,10.0,0.1306,10.0,28529.0,172.0
2021-01-05 09:33:29.171,0.131,0.1313,10.0,0.1303,10.0,28529.0,172.0
2021-01-05 09:33:30.180,0.131,0.1313,10.0,0.1303,10.0,28529.0,172.0
2021-01-05 09:33:31.680,0.131,0.1313,10.0,0.1303,10.0,28529.0,172.0
2021-01-05 09:33:35.690,0.131,0.1313,25.0,0.1303,10.0,28529.0,172.0
2021-01-05 09:33:36.101,0.131,0.1313,10.0,0.1303,10.0,28529.0,172.0
2021-01-05 09:33:36.681,0.131,0.1313,10.0,0.1303,10.0,28529.0,172.0
2021-01-05 09:33:37.190,0.1303,0.1313,26.0,0.1302,10.0,28539.0,182.0
2021-01-05 09:33:37.640,0.1303,0.1309,16.0,0.1302,10.0,28539.0,182.0
2021-01-05 09:33:38.120,0.1303,0.1309,16.0,0.1302,10.0,28539.0,182.0
2021-01-05 09:33:38.571,0.1303,0.1309,16.0,0.1302,10.0,28539.0,182.0
2021-01-05 09:33:39.201,0.1303,0.1309,32.0,0.1302,10.0,28539.0,182.0
2021-01-05 09:33:39.641,0.1303,0.1309,32.0,0.1304,10.0,28539.0,182.0
2021-01-05 09:33:39.820,0.1303,0.1309,32.0,0.1304,10.0,28539.0,182.0
2021-01-05 09:33:40.690,0.1303,0.1304,20.0,0.1303,10.0,28539.0,182.0
2021-01-05 09:33:41.161,0.1304,0.1304,12.0,0.1303,10.0,28531.0,190.0
2021-01-05 09:33:42.160,0.1304,0.1304,11.0,0.1303,10.0,28530.0,191.0
2021-01-05 09:33:42.640,0.1304,0.1309,32.0,0.1303,10.0,28528.0,202.0
2021-01-05 09:33:43.180,0.1308,0.1303,30.0,0.1302,30.0,28528.0,212.0
2021-01-05 09:33:43.520,0.1302,0.1303,14.0,0.1301,1.0,28518.0,268.0
2021-01-05 09:33:44.110,0.1302,0.1302,10.0,0.1301,1.0,28517.0,281.0
2021-01-05 09:33:44.671,0.1302,0.1303,11.0,0.1301,26.0,28517.0,291.0
2021-01-05 09:33:45.180,0.1302,0.1303,11.0,0.1301,11.0,28517.0,291.0
2021-01-05 09:33:45.660,0.1302,0.1303,11.0,0.1301,11.0,28517.0,291.0
2021-01-05 09:33:46.161,0.1302,0.1303,11.0,0.1301,11.0,28517.0,291.0
2021-01-05 09:33:46.680,0.1303,0.1303,8.0,0.1301,11.0,28517.0,294.0
2021-01-05 09:33:47.191,0.1303,0.1309,32.0,0.1301,31.0,28517.0,302.0
2021-01-05 09:33:47.681,0.1303,0.1309,32.0,0.1302,10.0,28517.0,302.0
2021-01-05 09:33:48.171,0.1303,0.1306,20.0,0.1302,10.0,28517.0,302.0
2021-01-05 09:33:48.680,0.1302,0.1305,40.0,0.1302,9.0,28517.0,303.0
2021-01-05 09:33:49.051,0.1305,0.1305,20.0,0.1302,9.0,28517.0,323.0
2021-01-05 09:33:49.681,0.1305,0.1305,20.0,0.1302,9.0,28517.0,323.0
2021-01-05 09:33:50.040,0.1298,0.1298,10.0,0.1296,15.0,28571.0,377.0
2021-01-05 09:33:50.570,0.1301,0.1302,16.0,0.1297,10.0,28596.0,403.0
2021-01-05 09:33:51.141,0.1302,0.1305,20.0,0.1297,10.0,28612.0,419.0
2021-01-05 09:33:51.531,0.1302,0.1305,20.0,0.1297,10.0,28612.0,419.0
2021-01-05 09:33:52.190,0.1302,0.1305,20.0,0.1297,10.0,28612.0,419.0
2021-01-05 09:33:53.171,0.1302,0.1305,20.0,0.1297,10.0,28612.0,419.0
2021-01-05 09:33:53.650,0.1302,0.1305,20.0,0.1297,30.0,28612.0,419.0
2021-01-05 09:33:54.610,0.1302,0.1305,20.0,0.1297,30.0,28612.0,419.0
2021-01-05 09:33:55.650,0.1297,0.1305,20.0,0.1297,28.0,28612.0,421.0
2021-01-05 09:33:56.120,0.1297,0.1305,20.0,0.1297,43.0,28612.0,421.0
2021-01-05 09:33:56.681,0.1297,0.1305,20.0,0.1297,28.0,28612.0,421.0
2021-01-05 09:33:57.671,0.1297,0.1305,20.0,0.1297,28.0,28612.0,421.0
2021-01-05 09:33:58.170,0.1297,0.1305,20.0,0.1297,28.0,28612.0,421.0
2021-01-05 09:33:58.670,0.1297,0.1305,20.0,0.1297,28.0,28612.0,421.0
2021-01-05 09:33:59.140,0.1305,0.1306,52.0,0.1297,28.0,28612.0,441.0
2021-01-05 09:34:00.191,0.1305,0.1306,52.0,0.1297,28.0,28612.0,441.0
2021-01-05 09:34:00.671,0.1306,0.1306,49.0,0.1298,1.0,28612.0,444.0
2021-01-05 09:34:01.081,0.1306,0.1306,30.0,0.1299,3.0,28615.0,464.0
2021-01-05 09:34:01.661,0.1306,0.1306,30.0,0.1299,20.0,28615.0,464.0
2021-01-05 09:34:02.170,0.1306,0.1306,30.0,0.1299,20.0,28615.0,464.0
2021-01-05 09:34:02.671,0.1306,0.1309,32.0,0.1306,20.0,28645.0,494.0
2021-01-05 09:34:03.121,0.1306,0.1309,32.0,0.1306,10.0,28655.0,504.0
2021-01-05 09:34:03.411,0.1306,0.1309,32.0,0.1307,10.0,28655.0,504.0
2021-01-05 09:34:03.780,0.1307,0.1309,32.0,0.1307,8.0,28657.0,506.0
2021-01-05 09:34:04.671,0.1307,0.1309,32.0,0.1308,1.0,28657.0,506.0
2021-01-05 09:34:05.121,0.1308,0.1311,32.0,0.1307,8.0,28658.0,507.0
2021-01-05 09:34:05.630,0.1308,0.1313,32.0,0.1307,8.0,28658.0,507.0
2021-01-05 09:34:06.671,0.1308,0.1313,32.0,0.1312,10.0,28658.0,507.0
2021-01-05 09:34:07.130,0.132,0.1318,16.0,0.1312,6.0,28663.0,512.0
2021-01-05 09:34:07.601,0.132,0.1318,32.0,0.1312,6.0,28663.0,512.0
2021-01-05 09:34:08.171,0.132,0.1318,32.0,0.1317,10.0,28663.0,512.0
2021-01-05 09:34:08.690,0.1317,0.1318,32.0,0.1317,5.0,28668.0,517.0
2021-01-05 09:34:09.170,0.1317,0.1317,5.0,0.131,35.0,28668.0,517.0
2021-01-05 09:34:09.670,0.1317,0.1317,5.0,0.131,20.0,28668.0,517.0
2021-01-05 09:34:10.140,0.1317,0.1317,5.0,0.1306,55.0,28668.0,517.0
2021-01-05 09:34:10.690,0.1306,0.1317,5.0,0.1306,44.0,28668.0,518.0
2021-01-05 09:34:11.681,0.1306,0.1317,5.0,0.1306,24.0,28668.0,518.0
2021-01-05 09:34:12.121,0.1306,0.1317,5.0,0.1306,9.0,28668.0,518.0
2021-01-05 09:34:12.640,0.1306,0.1317,5.0,0.1307,10.0,28668.0,518.0
2021-01-05 09:34:13.191,0.1306,0.1317,5.0,0.1307,30.0,28668.0,518.0
2021-01-05 09:34:13.681,0.1306,0.1317,5.0,0.1307,10.0,28668.0,518.0
2021-01-05 09:34:14.181,0.1306,0.1313,10.0,0.1306,9.0,28668.0,518.0
2021-01-05 09:34:14.691,0.1306,0.1313,10.0,0.1306,9.0,28668.0,518.0
2021-01-05 09:34:15.181,0.1306,0.1307,10.0,0.1306,9.0,28668.0,518.0
2021-01-05 09:34:15.681,0.1306,0.1307,10.0,0.1306,8.0,28669.0,519.0
2021-01-05 09:34:16.190,0.1306,0.1311,10.0,0.1307,3.0,28669.0,519.0
2021-01-05 09:34:16.630,0.1306,0.1317,25.0,0.1307,3.0,28669.0,519.0
2021-01-05 09:34:17.181,0.1306,0.1317,10.0,0.1307,3.0,28669.0,519.0
2021-01-05 09:34:17.690,0.1306,0.1317,10.0,0.1307,3.0,28669.0,519.0
2021-01-05 09:34:18.201,0.1306,0.132,15.0,0.131,10.0,28669.0,519.0
2021-01-05 09:34:18.620,0.1306,0.1321,10.0,0.131,10.0,28669.0,519.0
2021-01-05 09:34:19.041,0.1306,0.1321,25.0,0.131,10.0,28669.0,519.0
2021-01-05 09:34:19.700,0.1306,0.1317,10.0,0.1308,15.0,28669.0,519.0
2021-01-05 09:34:19.961,0.1306,0.132,10.0,0.131,10.0,28669.0,519.0
2021-01-05 09:34:21.200,0.1306,0.132,10.0,0.131,10.0,28669.0,519.0
2021-01-05 09:34:22.151,0.1306,0.1324,20.0,0.1308,15.0,28669.0,519.0
2021-01-05 09:34:22.651,0.1306,0.1324,20.0,0.1308,18.0,28669.0,519.0
2021-01-05 09:34:23.181,0.1306,0.1326,30.0,0.1308,18.0,28669.0,519.0
2021-01-05 09:34:23.661,0.1306,0.1325,14.0,0.1308,18.0,28669.0,519.0
2021-01-05 09:34:24.170,0.1306,0.131,10.0,0.1308,18.0,28669.0,519.0
2021-01-05 09:34:24.600,0.131,0.131,1.0,0.1308,3.0,28660.0,528.0
2021-01-05 09:34:25.150,0.131,0.131,1.0,0.1308,15.0,28660.0,528.0
2021-01-05 09:34:26.170,0.131,0.131,1.0,0.1308,15.0,28660.0,528.0
2021-01-05 09:34:26.641,0.131,0.1309,12.0,0.1308,15.0,28660.0,529.0
2021-01-05 09:34:27.150,0.131,0.1317,12.0,0.1308,15.0,28660.0,529.0
2021-01-05 09:34:27.690,0.131,0.1317,12.0,0.1308,15.0,28660.0,529.0
2021-01-05 09:34:28.120,0.131,0.1321,12.0,0.1308,15.0,28660.0,529.0
2021-01-05 09:34:28.621,0.131,0.1321,12.0,0.131,10.0,28660.0,529.0
2021-01-05 09:34:28.971,0.131,0.1321,12.0,0.131,25.0,28660.0,529.0
2021-01-05 09:34:29.601,0.131,0.132,12.0,0.131,25.0,28660.0,529.0
2021-01-05 09:34:30.170,0.131,0.132,12.0,0.131,25.0,28660.0,529.0
2021-01-05 09:34:30.621,0.131,0.1318,10.0,0.1308,15.0,28660.0,529.0
2021-01-05 09:34:31.190,0.131,0.1316,12.0,0.1308,15.0,28660.0,529.0
2021-01-05 09:34:31.691,0.131,0.1316,12.0,0.1308,15.0,28660.0,529.0
2021-01-05 09:34:32.150,0.131,0.1316,12.0,0.1307,30.0,28660.0,529.0
2021-01-05 09:34:32.690,0.131,0.1316,12.0,0.1307,30.0,28660.0,529.0
2021-01-05 09:34:33.090,0.1316,0.1316,11.0,0.1307,30.0,28661.0,530.0
2021-01-05 09:34:33.691,0.1316,0.1316,12.0,0.1312,10.0,28661.0,530.0
2021-01-05 09:34:34.171,0.1316,0.1318,12.0,0.1312,10.0,28661.0,530.0
2021-01-05 09:34:34.640,0.1316,0.132,12.0,0.1312,10.0,28661.0,530.0
2021-01-05 09:34:35.130,0.1316,0.1316,1.0,0.1312,10.0,28661.0,530.0
2021-01-05 09:34:35.570,0.1316,0.1314,12.0,0.1312,10.0,28661.0,530.0
2021-01-05 09:34:36.171,0.1316,0.1314,12.0,0.1312,25.0,28661.0,530.0
2021-01-05 09:34:36.680,0.1314,0.1315,12.0,0.1312,25.0,28661.0,531.0
2021-01-05 09:34:37.700,0.1315,0.1316,1.0,0.1314,10.0,28673.0,543.0
2021-01-05 09:34:38.171,0.1315,0.1316,1.0,0.1314,25.0,28673.0,543.0
2021-01-05 09:34:38.690,0.1315,0.1316,1.0,0.1315,10.0,28673.0,543.0
2021-01-05 09:34:39.091,0.1315,0.1316,1.0,0.1315,25.0,28673.0,543.0
2021-01-05 09:34:40.171,0.1316,0.1323,12.0,0.1315,57.0,28674.0,544.0
2021-01-05 09:34:40.651,0.1316,0.1323,12.0,0.1315,11.0,28674.0,544.0
2021-01-05 09:34:40.920,0.1316,0.1326,12.0,0.1315,11.0,28674.0,544.0
2021-01-05 09:34:41.700,0.1316,0.1326,12.0,0.1323,10.0,28674.0,544.0
2021-01-05 09:34:42.171,0.1323,0.1326,12.0,0.1323,7.0,28677.0,547.0
2021-01-05 09:34:42.680,0.1323,0.1326,12.0,0.1323,7.0,28677.0,547.0
2021-01-05 09:34:44.151,0.1323,0.1326,12.0,0.1323,6.0,28678.0,548.0
2021-01-05 09:34:44.701,0.1323,0.1326,12.0,0.1319,25.0,28678.0,548.0
2021-01-05 09:34:45.200,0.1323,0.1326,12.0,0.1319,25.0,28678.0,548.0
2021-01-05 09:34:45.721,0.1323,0.1326,12.0,0.1319,10.0,28678.0,548.0
2021-01-05 09:34:46.140,0.1323,0.1326,12.0,0.1325,10.0,28678.0,548.0
2021-01-05 09:34:46.660,0.1323,0.1326,12.0,0.1325,10.0,28678.0,548.0
2021-01-05 09:34:47.701,0.1326,0.1326,12.0,0.1325,10.0,28681.0,551.0
2021-01-05 09:34:48.700,0.1326,0.1326,12.0,0.1325,42.0,28681.0,551.0
2021-01-05 09:34:49.210,0.1328,0.1328,167.0,0.1327,20.0,28682.0,596.0
2021-01-05 09:34:49.661,0.1327,0.1328,167.0,0.1325,42.0,28682.0,616.0
2021-01-05 09:34:50.220,0.1328,0.1328,71.0,0.1325,42.0,28682.0,712.0
2021-01-05 09:34:50.700,0.1328,0.1328,71.0,0.1325,42.0,28682.0,712.0
2021-01-05 09:34:51.200,0.1328,0.1328,71.0,0.1325,42.0,28682.0,712.0
2021-01-05 09:34:51.701,0.1325,0.1328,83.0,0.1323,32.0,28692.0,732.0
2021-01-05 09:34:52.151,0.1323,0.1328,71.0,0.1323,31.0,28691.0,733.0
2021-01-05 09:34:52.650,0.1328,0.1327,12.0,0.1318,27.0,28711.0,753.0
2021-01-05 09:34:53.180,0.1328,0.1327,12.0,0.1319,3.0,28711.0,753.0
2021-01-05 09:34:53.651,0.1328,0.1327,12.0,0.1319,3.0,28711.0,753.0
2021-01-05 09:34:54.170,0.1328,0.1327,12.0,0.1319,3.0,28711.0,753.0
2021-01-05 09:34:54.631,0.1328,0.1328,51.0,0.1321,12.0,28711.0,753.0
2021-01-05 09:34:55.161,0.1328,0.1328,51.0,0.1327,10.0,28711.0,753.0
2021-01-05 09:34:55.680,0.1328,0.1328,42.0,0.1327,10.0,28711.0,762.0
2021-01-05 09:34:56.131,0.1328,0.1328,39.0,0.1327,10.0,28711.0,765.0
2021-01-05 09:34:56.681,0.1328,0.1328,37.0,0.1327,10.0,28711.0,767.0
2021-01-05 09:34:57.051,0.1328,0.1328,36.0,0.1327,10.0,28711.0,768.0
2021-01-05 09:34:58.160,0.1328,0.1328,36.0,0.1327,10.0,28711.0,768.0
2021-01-05 09:34:58.640,0.1328,0.1328,36.0,0.1327,10.0,28711.0,768.0
2021-01-05 09:34:59.151,0.1328,0.1328,36.0,0.1327,10.0,28711.0,768.0
2021-01-05 09:35:00.160,0.1328,0.1328,36.0,0.1327,10.0,28711.0,768.0
2021-01-05 09:35:00.640,0.1328,0.1328,26.0,0.1327,10.0,28721.0,778.0
2021-01-05 09:35:01.620,0.1328,0.1328,26.0,0.1327,10.0,28721.0,778.0
2021-01-05 09:35:02.160,0.1327,0.1327,3.0,0.1324,12.0,28727.0,784.0
2021-01-05 09:35:02.680,0.1327,0.1327,3.0,0.1322,15.0,28727.0,784.0
2021-01-05 09:35:03.180,0.1328,0.1328,19.0,0.1322,15.0,28737.0,794.0
2021-01-05 09:35:03.660,0.1328,0.1328,31.0,0.1323,10.0,28737.0,794.0
2021-01-05 09:35:04.061,0.1328,0.1328,19.0,0.1324,12.0,28737.0,794.0
2021-01-05 09:35:05.180,0.1328,0.1328,19.0,0.1325,22.0,28737.0,794.0
2021-01-05 09:35:05.671,0.1328,0.1328,19.0,0.1325,15.0,28737.0,794.0
2021-01-05 09:35:06.180,0.1328,0.1328,13.0,0.1326,22.0,28737.0,800.0
2021-01-05 09:35:06.680,0.1328,0.1328,9.0,0.1327,12.0,28737.0,804.0
2021-01-05 09:35:07.131,0.1328,0.1328,3.0,0.1327,12.0,28742.0,810.0
2021-01-05 09:35:07.650,0.1328,0.133,10.0,0.1328,11.0,28745.0,813.0
2021-01-05 09:35:08.171,0.133,0.1339,1.0,0.133,2.0,28745.0,823.0
2021-01-05 09:35:09.191,0.133,0.1339,1.0,0.1331,3.0,28745.0,823.0
2021-01-05 09:35:09.700,0.133,0.1339,1.0,0.1333,12.0,28745.0,823.0
2021-01-05 09:35:10.180,0.133,0.1339,1.0,0.1334,12.0,28745.0,823.0
2021-01-05 09:35:10.691,0.133,0.1339,1.0,0.1334,22.0,28745.0,823.0
2021-01-05 09:35:11.160,0.133,0.1339,1.0,0.1334,51.0,28745.0,823.0
2021-01-05 09:35:11.680,0.1339,0.1348,15.0,0.1336,12.0,28745.0,824.0
2021-01-05 09:35:12.101,0.1339,0.1347,14.0,0.1336,27.0,28745.0,824.0
2021-01-05 09:35:12.391,0.1339,0.1347,26.0,0.1338,12.0,28745.0,824.0
2021-01-05 09:35:13.160,0.1339,0.1345,12.0,0.1337,15.0,28745.0,824.0
2021-01-05 09:35:13.640,0.1339,0.1345,12.0,0.1339,2.0,28753.0,833.0
2021-01-05 09:35:14.191,0.1339,0.1344,14.0,0.1338,10.0,28755.0,835.0
2021-01-05 09:35:14.691,0.1338,0.1342,12.0,0.1337,6.0,28760.0,840.0
2021-01-05 09:35:15.200,0.1337,0.1342,12.0,0.1338,9.0,28761.0,841.0
2021-01-05 09:35:15.701,0.1338,0.1341,14.0,0.1338,8.0,28763.0,843.0
2021-01-05 09:35:16.201,0.1339,0.1339,11.0,0.1338,10.0,28764.0,844.0
2021-01-05 09:35:16.681,0.1339,0.1344,12.0,0.1338,10.0,28764.0,844.0
2021-01-05 09:35:17.190,0.1339,0.1343,14.0,0.1338,10.0,28764.0,844.0
2021-01-05 09:35:17.680,0.1339,0.1341,12.0,0.1338,10.0,28764.0,844.0
2021-01-05 09:35:18.151,0.1341,0.1346,16.0,0.1338,9.0,28765.0,846.0
2021-01-05 09:35:18.641,0.1341,0.1344,12.0,0.1338,10.0,28765.0,846.0
2021-01-05 09:35:19.161,0.1338,0.1343,14.0,0.1338,9.0,28766.0,847.0
2021-01-05 09:35:19.641,0.1338,0.1341,12.0,0.1338,9.0,28766.0,847.0
2021-01-05 09:35:20.120,0.1338,0.1341,12.0,0.1338,10.0,28766.0,847.0
2021-01-05 09:35:20.681,0.1338,0.1342,12.0,0.1341,5.0,28766.0,847.0
2021-01-05 09:35:21.180,0.1342,0.1344,1.0,0.1341,4.0,28766.0,852.0
2021-01-05 09:35:21.601,0.1342,0.1349,27.0,0.1344,1.0,28766.0,852.0
2021-01-05 09:35:22.171,0.1342,0.1349,12.0,0.1345,10.0,28766.0,852.0
2021-01-05 09:35:22.631,0.1342,0.1351,12.0,0.1344,11.0,28766.0,852.0
2021-01-05 09:35:23.051,0.1341,0.1341,4.0,0.1338,12.0,28776.0,878.0
2021-01-05 09:35:23.680,0.1341,0.1341,58.0,0.1338,3.0,28776.0,894.0
2021-01-05 09:35:24.171,0.1341,0.1341,58.0,0.1335,30.0,28776.0,894.0
2021-01-05 09:35:24.671,0.1341,0.1341,58.0,0.1337,12.0,28776.0,894.0
2021-01-05 09:35:25.061,0.1341,0.1341,56.0,0.1337,12.0,28776.0,896.0
2021-01-05 09:35:25.660,0.1341,0.1341,55.0,0.1338,14.0,28776.0,897.0
2021-01-05 09:35:26.160,0.1341,0.1341,54.0,0.1339,15.0,28776.0,898.0
2021-01-05 09:35:26.651,0.1341,0.1341,54.0,0.1339,15.0,28776.0,898.0
2021-01-05 09:35:27.120,0.1341,0.1341,53.0,0.1339,29.0,28776.0,899.0
2021-01-05 09:35:27.641,0.1341,0.1341,53.0,0.1339,12.0,28776.0,899.0
2021-01-05 09:35:28.171,0.1341,0.1341,53.0,0.1339,12.0,28776.0,899.0
2021-01-05 09:35:29.641,0.1341,0.1341,53.0,0.134,10.0,28776.0,899.0
2021-01-05 09:35:30.121,0.1341,0.1341,53.0,0.134,12.0,28776.0,899.0
2021-01-05 09:35:30.690,0.1341,0.1341,43.0,0.134,12.0,28786.0,909.0
2021-01-05 09:35:31.170,0.1341,0.1341,43.0,0.1339,12.0,28786.0,909.0
2021-01-05 09:35:31.700,0.1341,0.1341,31.0,0.1339,12.0,28787.0,921.0
2021-01-05 09:35:32.150,0.1341,0.1341,30.0,0.134,12.0,28787.0,922.0
2021-01-05 09:35:32.691,0.1341,0.1341,30.0,0.1337,15.0,28787.0,922.0
2021-01-05 09:35:33.160,0.1341,0.1341,30.0,0.1339,12.0,28787.0,922.0
2021-01-05 09:35:33.640,0.1341,0.1341,25.0,0.134,15.0,28787.0,927.0
2021-01-05 09:35:34.190,0.1341,0.1341,13.0,0.134,17.0,28787.0,939.0
2021-01-05 09:35:34.691,0.1341,0.1341,11.0,0.134,29.0,28787.0,941.0
2021-01-05 09:35:35.200,0.1341,0.1341,9.0,0.134,29.0,28787.0,943.0
2021-01-05 09:35:35.600,0.1341,0.1341,5.0,0.134,17.0,28787.0,947.0
2021-01-05 09:35:36.161,0.1341,0.135,15.0,0.1341,13.0,28787.0,952.0
2021-01-05 09:35:36.601,0.1341,0.1351,12.0,0.1343,12.0,28787.0,952.0
2021-01-05 09:35:37.171,0.1341,0.1354,12.0,0.1342,25.0,28787.0,952.0
2021-01-05 09:35:37.581,0.1341,0.1354,12.0,0.1342,29.0,28787.0,952.0
2021-01-05 09:35:37.940,0.1341,0.1354,26.0,0.1342,14.0,28787.0,952.0
2021-01-05 09:35:38.651,0.1341,0.1352,12.0,0.1344,10.0,28787.0,952.0
2021-01-05 09:35:39.140,0.1341,0.1353,12.0,0.1344,25.0,28787.0,952.0
2021-01-05 09:35:39.690,0.1341,0.1352,12.0,0.1344,10.0,28787.0,952.0
2021-01-05 09:35:40.191,0.1341,0.135,10.0,0.1345,10.0,28787.0,952.0
2021-01-05 09:35:40.691,0.1345,0.1348,12.0,0.134,25.0,28797.0,962.0
2021-01-05 09:35:41.190,0.1345,0.1348,12.0,0.1341,10.0,28797.0,962.0
2021-01-05 09:35:41.680,0.1345,0.1348,12.0,0.1341,10.0,28797.0,962.0
2021-01-05 09:35:42.160,0.1345,0.1348,12.0,0.134,23.0,28797.0,962.0
2021-01-05 09:35:42.621,0.1345,0.1348,12.0,0.1342,10.0,28797.0,962.0
2021-01-05 09:35:43.190,0.1345,0.1349,12.0,0.1342,13.0,28797.0,962.0
2021-01-05 09:35:43.661,0.1345,0.1349,10.0,0.1343,10.0,28797.0,962.0
2021-01-05 09:35:44.101,0.1345,0.1349,12.0,0.1342,20.0,28797.0,962.0
2021-01-05 09:35:45.071,0.1345,0.1352,12.0,0.1348,10.0,28797.0,962.0
2021-01-05 09:35:45.670,0.1352,0.1355,12.0,0.1348,10.0,28797.0,963.0
2021-01-05 09:35:46.170,0.1352,0.1355,12.0,0.1348,20.0,28797.0,963.0
2021-01-05 09:35:46.700,0.1352,0.1356,12.0,0.1352,10.0,28797.0,963.0
2021-01-05 09:35:47.201,0.1352,0.1357,12.0,0.1352,10.0,28797.0,963.0
2021-01-05 09:35:47.691,0.1352,0.1358,12.0,0.1352,10.0,28797.0,963.0
2021-01-05 09:35:48.181,0.1352,0.1358,12.0,0.1352,10.0,28797.0,963.0
2021-01-05 09:35:48.510,0.1352,0.1357,10.0,0.1353,10.0,28797.0,963.0
2021-01-05 09:35:49.180,0.1352,0.1358,12.0,0.1352,20.0,28797.0,963.0
2021-01-05 09:35:49.701,0.1352,0.1358,12.0,0.1352,30.0,28797.0,963.0
2021-01-05 09:35:50.150,0.1358,0.136,12.0,0.1352,30.0,28797.0,973.0
2021-01-05 09:35:50.680,0.136,0.1362,32.0,0.1353,12.0,28797.0,983.0
2021-01-05 09:35:51.180,0.136,0.1361,10.0,0.1353,12.0,28797.0,983.0
2021-01-05 09:35:51.710,0.1358,0.136,12.0,0.1356,10.0,28797.0,993.0
2021-01-05 09:35:52.100,0.1356,0.1359,10.0,0.1352,20.0,28798.0,994.0
2021-01-05 09:35:52.661,0.1359,0.1357,12.0,0.1352,20.0,28798.0,1004.0
2021-01-05 09:35:53.111,0.1359,0.136,12.0,0.1357,10.0,28798.0,1004.0
2021-01-05 09:35:53.631,0.1357,0.136,12.0,0.1357,9.0,28799.0,1005.0
2021-01-05 09:35:53.981,0.136,0.136,10.0,0.1356,9.0,28800.0,1016.0
2021-01-05 09:35:54.640,0.1358,0.1358,12.0,0.1356,8.0,28802.0,1028.0
2021-01-05 09:35:55.141,0.1356,0.1355,10.0,0.1347,10.0,28810.0,1036.0
2021-01-05 09:35:55.691,0.1355,0.1355,12.0,0.1353,10.0,28810.0,1046.0
2021-01-05 09:35:56.140,0.1353,0.1355,22.0,0.1353,8.0,28812.0,1058.0
2021-01-05 09:35:56.661,0.1353,0.1356,21.0,0.1353,10.0,28812.0,1058.0
2021-01-05 09:35:57.160,0.1353,0.1356,1.0,0.1353,10.0,28812.0,1058.0
2021-01-05 09:35:57.681,0.1353,0.1354,10.0,0.1353,10.0,28812.0,1058.0
2021-01-05 09:35:58.150,0.1354,0.1354,5.0,0.1353,10.0,28807.0,1063.0
2021-01-05 09:35:58.701,0.1354,0.1359,22.0,0.1356,1.0,28803.0,1068.0
2021-01-05 09:35:59.160,0.1356,0.1357,10.0,0.1353,20.0,28804.0,1069.0
2021-01-05 09:36:00.201,0.1357,0.136,10.0,0.1358,10.0,28803.0,1070.0
2021-01-05 09:36:00.680,0.1357,0.136,10.0,0.1358,10.0,28803.0,1070.0
2021-01-05 09:36:01.181,0.1357,0.136,10.0,0.1359,5.0,28803.0,1070.0
2021-01-05 09:36:01.671,0.1359,0.136,10.0,0.1358,10.0,28808.0,1075.0
2021-01-05 09:36:02.170,0.1358,0.1359,10.0,0.1358,8.0,28810.0,1077.0
2021-01-05 09:36:02.630,0.1359,0.1358,12.0,0.1353,10.0,28825.0,1095.0
2021-01-05 09:36:03.150,0.1359,0.1357,12.0,0.1356,10.0,28825.0,1095.0
2021-01-05 09:36:03.361,0.1356,0.1358,42.0,0.135,15.0,28835.0,1105.0
2021-01-05 09:36:04.161,0.1356,0.1355,10.0,0.1349,10.0,28835.0,1105.0
2021-01-05 09:36:04.670,0.1356,0.1355,10.0,0.1349,10.0,28835.0,1105.0
2021-01-05 09:36:05.150,0.1356,0.1355,10.0,0.1352,10.0,28835.0,1105.0
2021-01-05 09:36:05.690,0.1356,0.1355,10.0,0.1354,10.0,28835.0,1105.0
2021-01-05 09:36:06.180,0.1355,0.1359,25.0,0.1352,22.0,28825.0,1115.0
2021-01-05 09:36:06.700,0.1355,0.1355,10.0,0.1352,22.0,28825.0,1115.0
2021-01-05 09:36:07.181,0.1355,0.1355,10.0,0.1352,22.0,28825.0,1115.0
2021-01-05 09:36:07.640,0.1355,0.1355,10.0,0.1352,10.0,28825.0,1115.0
2021-01-05 09:36:08.170,0.1355,0.1355,10.0,0.1352,10.0,28825.0,1115.0
2021-01-05 09:36:09.161,0.1355,0.1355,10.0,0.1353,10.0,28825.0,1115.0
2021-01-05 09:36:09.691,0.1353,0.1355,10.0,0.1352,18.0,28827.0,1117.0
2021-01-05 09:36:10.160,0.1353,0.1355,10.0,0.1351,10.0,28827.0,1117.0
2021-01-05 09:36:10.671,0.1355,0.1355,2.0,0.135,10.0,28847.0,1147.0
2021-01-05 09:36:11.180,0.1355,0.1351,10.0,0.1349,11.0,28847.0,1147.0
2021-01-05 09:36:11.651,0.1355,0.1357,20.0,0.1351,20.0,28847.0,1147.0
2021-01-05 09:36:12.181,0.1355,0.1357,10.0,0.1351,32.0,28847.0,1147.0
2021-01-05 09:36:12.690,0.1355,0.1359,40.0,0.1351,32.0,28847.0,1147.0
2021-01-05 09:36:13.190,0.1355,0.1359,54.0,0.1351,32.0,28847.0,1147.0
2021-01-05 09:36:14.150,0.1355,0.1359,44.0,0.1353,12.0,28847.0,1147.0
2021-01-05 09:36:14.690,0.1355,0.1359,44.0,0.1353,12.0,28847.0,1147.0
2021-01-05 09:36:15.170,0.1355,0.1359,54.0,0.1353,12.0,28847.0,1147.0
2021-01-05 09:36:15.591,0.1355,0.1359,40.0,0.1353,12.0,28847.0,1147.0
2021-01-05 09:36:16.150,0.1355,0.1357,10.0,0.1353,12.0,28847.0,1147.0
2021-01-05 09:36:16.680,0.1355,0.1357,10.0,0.1353,12.0,28847.0,1147.0
2021-01-05 09:36:18.181,0.1355,0.1359,40.0,0.1353,12.0,28847.0,1147.0
2021-01-05 09:36:18.680,0.1355,0.1356,10.0,0.1351,10.0,28847.0,1147.0
2021-01-05 09:36:19.151,0.1355,0.1357,12.0,0.1353,10.0,28847.0,1147.0
2021-01-05 09:36:19.691,0.1357,0.1357,6.0,0.1353,10.0,28853.0,1153.0
2021-01-05 09:36:20.161,0.1357,0.1358,12.0,0.1352,10.0,28853.0,1153.0
2021-01-05 09:36:20.680,0.1357,0.1357,10.0,0.1352,10.0,28853.0,1153.0
2021-01-05 09:36:21.120,0.1357,0.1357,10.0,0.1351,10.0,28853.0,1153.0
2021-01-05 09:36:21.691,0.1357,0.1355,12.0,0.135,10.0,28853.0,1153.0
2021-01-05 09:36:22.171,0.1357,0.1355,12.0,0.1351,10.0,28853.0,1153.0
2021-01-05 09:36:22.611,0.1357,0.1355,12.0,0.135,10.0,28853.0,1153.0
2021-01-05 09:36:23.191,0.1357,0.1357,42.0,0.135,10.0,28853.0,1153.0
2021-01-05 09:36:23.681,0.1357,0.1356,1.0,0.1352,10.0,28853.0,1153.0
2021-01-05 09:36:24.171,0.1356,0.136,15.0,0.1356,9.0,28853.0,1154.0
2021-01-05 09:36:24.701,0.1356,0.1361,22.0,0.1356,8.0,28853.0,1155.0
2021-01-05 09:36:25.181,0.1356,0.1358,10.0,0.1356,8.0,28853.0,1155.0
2021-01-05 09:36:25.650,0.1356,0.1358,10.0,0.1352,10.0,28853.0,1155.0
2021-01-05 09:36:26.171,0.1358,0.1358,8.0,0.1355,10.0,28851.0,1157.0
2021-01-05 09:36:26.651,0.1358,0.1358,8.0,0.1355,10.0,28851.0,1157.0
2021-01-05 09:36:27.070,0.1358,0.1358,8.0,0.1357,10.0,28851.0,1157.0
2021-01-05 09:36:27.690,0.1358,0.1362,10.0,0.1357,10.0,28851.0,1157.0
2021-01-05 09:36:28.120,0.1358,0.1362,10.0,0.136,10.0,28851.0,1157.0
2021-01-05 09:36:28.681,0.1362,0.1362,9.0,0.136,10.0,28850.0,1158.0
2021-01-05 09:36:29.100,0.1362,0.1368,20.0,0.1362,13.0,28850.0,1158.0
2021-01-05 09:36:29.661,0.1362,0.1367,14.0,0.1362,10.0,28850.0,1158.0
2021-01-05 09:36:30.161,0.1362,0.1368,10.0,0.1362,10.0,28850.0,1158.0
2021-01-05 09:36:30.700,0.1362,0.1368,46.0,0.1362,10.0,28850.0,1158.0
2021-01-05 09:36:31.181,0.1362,0.1368,46.0,0.1362,10.0,28850.0,1158.0
2021-01-05 09:36:31.690,0.1358,0.1367,12.0,0.1357,27.0,28830.0,1188.0
2021-01-05 09:36:32.130,0.1358,0.1366,12.0,0.1361,10.0,28830.0,1188.0
2021-01-05 09:36:33.200,0.1358,0.1366,32.0,0.1359,10.0,28830.0,1188.0
2021-01-05 09:36:33.670,0.1358,0.1365,12.0,0.1359,10.0,28830.0,1188.0
2021-01-05 09:36:34.091,0.1358,0.1367,12.0,0.1362,10.0,28830.0,1188.0
2021-01-05 09:36:34.691,0.1358,0.1367,12.0,0.1362,10.0,28830.0,1188.0
2021-01-05 09:36:34.971,0.1358,0.1366,22.0,0.1358,10.0,28830.0,1188.0
2021-01-05 09:36:35.701,0.1358,0.1365,12.0,0.1358,10.0,28830.0,1188.0
2021-01-05 09:36:36.131,0.1358,0.1365,12.0,0.136,10.0,28830.0,1188.0
2021-01-05 09:36:36.191,0.1358,0.1368,22.0,0.1363,10.0,28830.0,1188.0
2021-01-05 09:36:37.190,0.1358,0.1368,36.0,0.1363,10.0,28830.0,1188.0
2021-01-05 09:36:38.041,0.1358,0.1368,36.0,0.1361,20.0,28830.0,1188.0
2021-01-05 09:36:38.640,0.1358,0.1368,36.0,0.1361,20.0,28830.0,1188.0
2021-01-05 09:36:40.191,0.1358,0.1362,10.0,0.136,10.0,28830.0,1188.0
2021-01-05 09:36:40.700,0.1358,0.1364,12.0,0.1362,10.0,28830.0,1188.0
2021-01-05 09:36:41.201,0.1358,0.1362,3.0,0.136,20.0,28830.0,1188.0
2021-01-05 09:36:41.641,0.1358,0.1365,10.0,0.136,20.0,28830.0,1188.0
2021-01-05 09:36:42.200,0.1358,0.1365,10.0,0.136,20.0,28830.0,1188.0
2021-01-05 09:36:42.690,0.1358,0.1365,10.0,0.136,10.0,28830.0,1188.0
2021-01-05 09:36:43.180,0.1358,0.1364,12.0,0.136,20.0,28830.0,1188.0
2021-01-05 09:36:43.700,0.1358,0.1365,10.0,0.136,20.0,28830.0,1188.0
2021-01-05 09:36:44.200,0.1358,0.1365,10.0,0.136,20.0,28830.0,1188.0
2021-01-05 09:36:44.680,0.1358,0.1365,10.0,0.136,20.0,28830.0,1188.0
2021-01-05 09:36:45.191,0.1358,0.1368,22.0,0.1363,10.0,28830.0,1188.0
2021-01-05 09:36:45.631,0.1358,0.1368,22.0,0.1363,10.0,28830.0,1188.0
2021-01-05 09:36:46.190,0.1358,0.1368,12.0,0.1363,10.0,28830.0,1188.0
2021-01-05 09:36:46.501,0.1358,0.1371,22.0,0.1365,10.0,28830.0,1188.0
2021-01-05 09:36:47.130,0.1358,0.1371,22.0,0.1365,10.0,28830.0,1188.0
2021-01-05 09:36:47.660,0.1358,0.1371,10.0,0.1365,10.0,28830.0,1188.0
2021-01-05 09:36:48.130,0.1358,0.1371,10.0,0.1367,10.0,28830.0,1188.0
2021-01-05 09:36:48.630,0.1365,0.1371,10.0,0.1363,15.0,28840.0,1208.0
2021-01-05 09:36:49.181,0.1365,0.1372,22.0,0.1367,10.0,28840.0,1208.0
2021-01-05 09:36:49.700,0.1365,0.137,22.0,0.1367,10.0,28840.0,1208.0
2021-01-05 09:36:50.201,0.1365,0.1369,12.0,0.1367,10.0,28840.0,1208.0
2021-01-05 09:36:50.670,0.1365,0.137,12.0,0.1367,10.0,28840.0,1208.0
2021-01-05 09:36:51.171,0.1365,0.137,12.0,0.1365,10.0,28840.0,1208.0
2021-01-05 09:36:51.671,0.1365,0.1366,1.0,0.1365,10.0,28840.0,1208.0
2021-01-05 09:36:52.180,0.1366,0.1369,12.0,0.1365,10.0,28840.0,1209.0
2021-01-05 09:36:52.541,0.1366,0.137,12.0,0.1367,10.0,28840.0,1209.0
2021-01-05 09:36:53.191,0.1366,0.1371,12.0,0.1367,10.0,28840.0,1209.0
2021-01-05 09:36:53.680,0.1367,0.1371,12.0,0.1366,10.0,28840.0,1219.0
2021-01-05 09:36:54.180,0.1367,0.137,10.0,0.1365,13.0,28840.0,1219.0
2021-01-05 09:36:54.631,0.1367,0.1368,12.0,0.1362,13.0,28840.0,1219.0
2021-01-05 09:36:55.171,0.1364,0.1367,12.0,0.1362,13.0,28840.0,1229.0
2021-01-05 09:36:55.651,0.1363,0.1367,12.0,0.1362,3.0,28840.0,1239.0
2021-01-05 09:36:56.141,0.1363,0.1366,12.0,0.1362,13.0,28840.0,1239.0
2021-01-05 09:36:56.691,0.1363,0.1367,12.0,0.1362,23.0,28840.0,1239.0
2021-01-05 09:36:57.630,0.1363,0.1367,22.0,0.1362,13.0,28840.0,1239.0
2021-01-05 09:36:58.610,0.1363,0.1367,32.0,0.1362,13.0,28840.0,1239.0
2021-01-05 09:36:59.181,0.1363,0.1367,22.0,0.1364,10.0,28840.0,1239.0
2021-01-05 09:36:59.690,0.1363,0.1367,10.0,0.1366,10.0,28840.0,1239.0
2021-01-05 09:37:00.151,0.1363,0.1367,10.0,0.1366,10.0,28840.0,1239.0
2021-01-05 09:37:01.061,0.1363,0.1367,10.0,0.1366,10.0,28840.0,1239.0
2021-01-05 09:37:01.630,0.1366,0.1368,10.0,0.1363,10.0,28844.0,1243.0
2021-01-05 09:37:02.191,0.1366,0.1367,22.0,0.1362,10.0,28844.0,1243.0
2021-01-05 09:37:02.640,0.1366,0.1367,22.0,0.136,39.0,28844.0,1243.0
2021-01-05 09:37:03.151,0.1366,0.1367,22.0,0.1362,10.0,28844.0,1243.0
2021-01-05 09:37:03.630,0.1366,0.1367,22.0,0.136,24.0,28844.0,1243.0
2021-01-05 09:37:04.200,0.136,0.1363,10.0,0.1358,4.0,28854.0,1253.0
2021-01-05 09:37:04.690,0.136,0.1361,12.0,0.1358,1.0,28854.0,1253.0
2021-01-05 09:37:05.140,0.1361,0.1363,22.0,0.1358,1.0,28854.0,1255.0
2021-01-05 09:37:05.701,0.1361,0.1361,12.0,0.1356,10.0,28854.0,1255.0
2021-01-05 09:37:06.171,0.1361,0.1361,12.0,0.1356,10.0,28854.0,1255.0
2021-01-05 09:37:06.210,0.1356,0.136,10.0,0.1353,10.0,28854.0,1256.0
2021-01-05 09:37:07.180,0.1356,0.1361,22.0,0.1354,14.0,28854.0,1256.0
2021-01-05 09:37:07.681,0.1356,0.1361,12.0,0.1355,10.0,28854.0,1256.0
2021-01-05 09:37:08.200,0.1356,0.1363,10.0,0.1358,10.0,28854.0,1256.0
2021-01-05 09:37:08.630,0.1356,0.1364,20.0,0.1358,10.0,28854.0,1256.0
2021-01-05 09:37:09.170,0.1356,0.1365,10.0,0.136,10.0,28854.0,1256.0
2021-01-05 09:37:09.660,0.1356,0.1365,10.0,0.136,10.0,28854.0,1256.0
2021-01-05 09:37:10.121,0.1356,0.1363,32.0,0.1355,25.0,28854.0,1256.0
2021-01-05 09:37:10.701,0.1356,0.136,10.0,0.1354,10.0,28854.0,1256.0
2021-01-05 09:37:11.201,0.1356,0.1359,12.0,0.1354,10.0,28854.0,1256.0
2021-01-05 09:37:11.700,0.1356,0.1359,12.0,0.1354,10.0,28854.0,1256.0
2021-01-05 09:37:12.131,0.1356,0.1359,12.0,0.1354,10.0,28854.0,1256.0
2021-01-05 09:37:12.620,0.1356,0.1359,12.0,0.1352,33.0,28854.0,1256.0
2021-01-05 09:37:13.181,0.1356,0.1358,12.0,0.1353,14.0,28854.0,1256.0
2021-01-05 09:37:13.681,0.1356,0.136,12.0,0.1355,10.0,28854.0,1256.0
2021-01-05 09:37:14.171,0.1356,0.1362,10.0,0.1355,10.0,28854.0,1256.0
2021-01-05 09:37:14.701,0.1356,0.1362,10.0,0.1356,25.0,28854.0,1256.0
2021-01-05 09:37:15.160,0.1356,0.1363,10.0,0.1358,10.0,28854.0,1256.0
2021-01-05 09:37:15.700,0.1356,0.1362,10.0,0.1358,10.0,28854.0,1256.0
2021-01-05 09:37:16.201,0.1356,0.1362,10.0,0.1358,10.0,28854.0,1256.0
2021-01-05 09:37:16.461,0.1356,0.136,10.0,0.1356,11.0,28854.0,1256.0
2021-01-05 09:37:17.200,0.1356,0.1359,12.0,0.1356,21.0,28854.0,1256.0
2021-01-05 09:37:17.671,0.1356,0.1359,12.0,0.1356,21.0,28854.0,1256.0
2021-01-05 09:37:18.061,0.1356,0.136,12.0,0.1356,21.0,28854.0,1256.0
2021-01-05 09:37:18.710,0.1356,0.1361,12.0,0.1356,35.0,28854.0,1256.0
2021-01-05 09:37:18.891,0.1356,0.1361,12.0,0.1356,35.0,28854.0,1256.0
2021-01-05 09:37:19.711,0.1356,0.1361,12.0,0.1356,25.0,28854.0,1256.0
2021-01-05 09:37:20.211,0.1356,0.1363,22.0,0.1356,21.0,28854.0,1256.0
2021-01-05 09:37:20.691,0.1356,0.1363,22.0,0.1357,14.0,28854.0,1256.0
2021-01-05 09:37:21.200,0.1356,0.136,10.0,0.1356,11.0,28854.0,1256.0
2021-01-05 09:37:21.701,0.1356,0.1358,12.0,0.1356,11.0,28854.0,1256.0
2021-01-05 09:37:22.030,0.1356,0.1358,12.0,0.1356,9.0,28856.0,1258.0
2021-01-05 09:37:22.620,0.1356,0.1358,12.0,0.1356,9.0,28856.0,1258.0
2021-01-05 09:37:23.150,0.1356,0.1358,22.0,0.1356,9.0,28856.0,1258.0
2021-01-05 09:37:23.701,0.1356,0.1358,22.0,0.1356,9.0,28856.0,1258.0
2021-01-05 09:37:24.080,0.1356,0.1358,22.0,0.1356,9.0,28856.0,1258.0
2021-01-05 09:37:24.631,0.1356,0.1358,22.0,0.1356,9.0,28856.0,1258.0
2021-01-05 09:37:25.200,0.1356,0.136,12.0,0.1356,9.0,28856.0,1258.0
2021-01-05 09:37:25.670,0.1356,0.136,22.0,0.1356,9.0,28856.0,1258.0
2021-01-05 09:37:26.170,0.1356,0.136,12.0,0.1356,9.0,28856.0,1258.0
2021-01-05 09:37:26.650,0.1356,0.1358,10.0,0.1356,9.0,28856.0,1258.0
2021-01-05 09:37:27.130,0.1356,0.1358,22.0,0.1356,9.0,28856.0,1258.0
2021-01-05 09:37:27.551,0.1356,0.1358,12.0,0.1356,9.0,28856.0,1258.0
2021-01-05 09:37:28.151,0.1356,0.1358,12.0,0.1356,9.0,28856.0,1258.0
2021-01-05 09:37:28.560,0.1356,0.1358,22.0,0.1356,9.0,28856.0,1258.0
2021-01-05 09:37:29.130,0.1356,0.136,22.0,0.1356,9.0,28856.0,1258.0
2021-01-05 09:37:29.691,0.1356,0.136,22.0,0.1356,9.0,28856.0,1258.0
2021-01-05 09:37:30.191,0.1356,0.1356,1.0,0.1351,10.0,28865.0,1267.0
2021-01-05 09:37:30.590,0.1356,0.1359,12.0,0.1354,20.0,28865.0,1267.0
2021-01-05 09:37:31.190,0.1356,0.1359,12.0,0.1354,10.0,28865.0,1267.0
2021-01-05 09:37:32.181,0.1356,0.1359,12.0,0.1354,20.0,28865.0,1267.0
2021-01-05 09:37:32.651,0.1356,0.1361,22.0,0.1356,10.0,28865.0,1267.0
2021-01-05 09:37:33.180,0.1356,0.1364,12.0,0.1358,10.0,28865.0,1267.0
2021-01-05 09:37:33.581,0.1356,0.1363,10.0,0.1358,10.0,28865.0,1267.0
2021-01-05 09:37:34.200,0.1356,0.1363,10.0,0.1358,10.0,28865.0,1267.0
2021-01-05 09:37:35.170,0.1356,0.1362,10.0,0.1356,10.0,28865.0,1267.0
2021-01-05 09:37:35.650,0.1356,0.1361,22.0,0.1354,30.0,28865.0,1267.0
2021-01-05 09:37:36.140,0.1356,0.1362,12.0,0.1356,10.0,28865.0,1267.0
2021-01-05 09:37:36.630,0.1356,0.1361,22.0,0.1354,30.0,28865.0,1267.0
2021-01-05 09:37:37.180,0.1356,0.1361,22.0,0.1355,14.0,28865.0,1267.0
2021-01-05 09:37:37.691,0.1356,0.1359,12.0,0.1354,20.0,28865.0,1267.0
2021-01-05 09:37:38.161,0.1356,0.1359,12.0,0.1354,24.0,28865.0,1267.0
2021-01-05 09:37:38.651,0.1356,0.1359,32.0,0.1352,10.0,28865.0,1267.0
2021-01-05 09:37:39.170,0.1356,0.1357,22.0,0.1352,14.0,28865.0,1267.0
2021-01-05 09:37:39.291,0.1356,0.1357,10.0,0.135,10.0,28865.0,1267.0
2021-01-05 09:37:40.161,0.1356,0.1357,10.0,0.1351,10.0,28865.0,1267.0
2021-01-05 09:37:40.701,0.1356,0.1356,10.0,0.1351,10.0,28865.0,1267.0
2021-01-05 09:37:41.131,0.1356,0.1357,20.0,0.1351,10.0,28865.0,1267.0
2021-01-05 09:37:41.660,0.1356,0.1357,20.0,0.1351,24.0,28865.0,1267.0
2021-01-05 09:37:42.130,0.1356,0.1357,20.0,0.1351,10.0,28865.0,1267.0
2021-01-05 09:37:42.691,0.1356,0.1357,34.0,0.135,10.0,28865.0,1267.0
2021-01-05 09:37:43.181,0.1356,0.1357,34.0,0.135,24.0,28865.0,1267.0
2021-01-05 09:37:43.671,0.1356,0.1354,10.0,0.1348,35.0,28865.0,1267.0
2021-01-05 09:37:44.190,0.1356,0.1354,10.0,0.1348,34.0,28865.0,1267.0
2021-01-05 09:37:44.651,0.1356,0.1354,10.0,0.1348,10.0,28865.0,1267.0
2021-01-05 09:37:45.191,0.1356,0.1354,24.0,0.1347,10.0,28865.0,1267.0
2021-01-05 09:37:45.650,0.1356,0.1354,24.0,0.1346,21.0,28865.0,1267.0
2021-01-05 09:37:46.601,0.1356,0.1354,10.0,0.1346,21.0,28865.0,1267.0
2021-01-05 09:37:47.210,0.1356,0.1355,52.0,0.1349,10.0,28865.0,1267.0
2021-01-05 09:37:47.661,0.1356,0.1355,30.0,0.1349,10.0,28865.0,1267.0
2021-01-05 09:37:48.201,0.1356,0.1357,10.0,0.1352,10.0,28865.0,1267.0
2021-01-05 09:37:48.700,0.1356,0.1356,20.0,0.1349,10.0,28865.0,1267.0
2021-01-05 09:37:49.190,0.1356,0.1356,20.0,0.135,14.0,28865.0,1267.0
2021-01-05 09:37:49.670,0.1356,0.1354,10.0,0.135,14.0,28865.0,1267.0
2021-01-05 09:37:50.220,0.1356,0.1355,22.0,0.135,14.0,28865.0,1267.0
2021-01-05 09:37:50.721,0.1356,0.1355,22.0,0.135,14.0,28865.0,1267.0
2021-01-05 09:37:51.161,0.1356,0.1355,10.0,0.135,14.0,28865.0,1267.0
2021-01-05 09:37:51.691,0.1356,0.1355,10.0,0.1352,10.0,28865.0,1267.0
2021-01-05 09:37:52.191,0.1356,0.1355,10.0,0.1352,10.0,28865.0,1267.0
2021-01-05 09:37:52.631,0.1356,0.1355,10.0,0.1352,14.0,28865.0,1267.0
2021-01-05 09:37:53.680,0.1356,0.1355,10.0,0.1352,10.0,28865.0,1267.0
2021-01-05 09:37:54.170,0.1356,0.1355,10.0,0.1352,10.0,28865.0,1267.0
2021-01-05 09:37:54.640,0.1356,0.1355,10.0,0.1352,14.0,28865.0,1267.0
2021-01-05 09:37:55.190,0.1356,0.1355,10.0,0.135,10.0,28865.0,1267.0
2021-01-05 09:37:55.691,0.1356,0.1355,10.0,0.1351,14.0,28865.0,1267.0
2021-01-05 09:37:56.121,0.1356,0.1355,10.0,0.1351,14.0,28865.0,1267.0
2021-01-05 09:37:56.611,0.1356,0.1355,32.0,0.135,10.0,28865.0,1267.0
2021-01-05 09:37:57.170,0.1356,0.1352,10.0,0.1347,20.0,28865.0,1267.0
2021-01-05 09:37:57.601,0.1356,0.135,12.0,0.1346,1.0,28865.0,1267.0
2021-01-05 09:37:58.141,0.1356,0.1352,32.0,0.1347,24.0,28865.0,1267.0
2021-01-05 09:37:58.640,0.1356,0.1352,22.0,0.1347,24.0,28865.0,1267.0
2021-01-05 09:37:59.130,0.1356,0.1352,10.0,0.1349,10.0,28865.0,1267.0
2021-01-05 09:38:00.100,0.1356,0.1352,10.0,0.135,14.0,28865.0,1267.0
2021-01-05 09:38:00.680,0.1356,0.1351,10.0,0.135,14.0,28865.0,1267.0
2021-01-05 09:38:01.180,0.1356,0.1351,10.0,0.1349,10.0,28865.0,1267.0
2021-01-05 09:38:01.681,0.1356,0.1351,10.0,0.1349,24.0,28865.0,1267.0
2021-01-05 09:38:02.181,0.1356,0.1351,10.0,0.1349,20.0,28865.0,1267.0
2021-01-05 09:38:02.680,0.1351,0.1351,7.0,0.135,14.0,28862.0,1270.0
2021-01-05 09:38:04.040,0.1351,0.1357,37.0,0.1352,4.0,28861.0,1277.0
2021-01-05 09:38:04.680,0.1351,0.1353,10.0,0.1352,4.0,28861.0,1277.0
2021-01-05 09:38:05.181,0.1351,0.1353,10.0,0.1352,4.0,28861.0,1277.0
2021-01-05 09:38:05.681,0.1351,0.1353,10.0,0.135,10.0,28861.0,1277.0
2021-01-05 09:38:06.151,0.1351,0.1353,10.0,0.135,24.0,28861.0,1277.0
2021-01-05 09:38:06.691,0.1351,0.1353,10.0,0.135,10.0,28861.0,1277.0
2021-01-05 09:38:07.200,0.1353,0.1359,27.0,0.1353,1.0,28860.0,1287.0
2021-01-05 09:38:07.590,0.1353,0.1358,10.0,0.1353,11.0,28860.0,1287.0
2021-01-05 09:38:08.021,0.1353,0.1358,10.0,0.1354,14.0,28860.0,1287.0
2021-01-05 09:38:09.160,0.1353,0.1358,10.0,0.1354,14.0,28860.0,1287.0
2021-01-05 09:38:09.681,0.1353,0.1361,12.0,0.1355,10.0,28860.0,1287.0
2021-01-05 09:38:10.180,0.1353,0.1361,12.0,0.1354,10.0,28860.0,1287.0
2021-01-05 09:38:10.670,0.1353,0.1363,10.0,0.1356,14.0,28860.0,1287.0
2021-01-05 09:38:11.141,0.1353,0.1363,24.0,0.1356,14.0,28860.0,1287.0
2021-01-05 09:38:11.701,0.1353,0.1363,10.0,0.1355,10.0,28860.0,1287.0
2021-01-05 09:38:12.191,0.1353,0.1356,10.0,0.1352,10.0,28860.0,1287.0
2021-01-05 09:38:12.531,0.1353,0.1358,12.0,0.1353,14.0,28860.0,1287.0
2021-01-05 09:38:13.110,0.1353,0.136,12.0,0.1355,10.0,28860.0,1287.0
2021-01-05 09:38:13.690,0.1353,0.136,12.0,0.1355,10.0,28860.0,1287.0
2021-01-05 09:38:14.141,0.1353,0.1362,12.0,0.1356,26.0,28860.0,1287.0
2021-01-05 09:38:14.691,0.1353,0.1362,12.0,0.1356,16.0,28860.0,1287.0
2021-01-05 09:38:15.150,0.1353,0.1367,35.0,0.1358,10.0,28860.0,1287.0
2021-01-05 09:38:15.730,0.1353,0.1365,12.0,0.1359,24.0,28860.0,1287.0
2021-01-05 09:38:16.210,0.1353,0.1364,10.0,0.1359,14.0,28860.0,1287.0
2021-01-05 09:38:16.731,0.1353,0.1363,12.0,0.1359,24.0,28860.0,1287.0
2021-01-05 09:38:17.190,0.1353,0.1363,12.0,0.1359,24.0,28860.0,1287.0
2021-01-05 09:38:17.701,0.1353,0.1364,12.0,0.1359,24.0,28860.0,1287.0
2021-01-05 09:38:18.660,0.1353,0.1364,12.0,0.1359,24.0,28860.0,1287.0
2021-01-05 09:38:19.230,0.1353,0.1364,12.0,0.1359,24.0,28860.0,1287.0
2021-01-05 09:38:19.670,0.1353,0.1366,12.0,0.136,10.0,28860.0,1287.0
2021-01-05 09:38:20.231,0.1353,0.1366,12.0,0.136,10.0,28860.0,1287.0
2021-01-05 09:38:20.671,0.1353,0.1366,12.0,0.1361,14.0,28860.0,1287.0
2021-01-05 09:38:21.180,0.1353,0.1366,12.0,0.1361,14.0,28860.0,1287.0
2021-01-05 09:38:21.670,0.1353,0.1369,12.0,0.1362,10.0,28860.0,1287.0
2021-01-05 09:38:22.210,0.1353,0.137,12.0,0.1363,10.0,28860.0,1287.0
2021-01-05 09:38:22.661,0.1353,0.137,12.0,0.1364,24.0,28860.0,1287.0
2021-01-05 09:38:23.201,0.1353,0.137,12.0,0.1364,10.0,28860.0,1287.0
2021-01-05 09:38:23.681,0.1353,0.137,12.0,0.1365,14.0,28860.0,1287.0
2021-01-05 09:38:24.141,0.1353,0.137,12.0,0.1366,10.0,28860.0,1287.0
2021-01-05 09:38:24.671,0.1353,0.1371,1.0,0.1366,20.0,28860.0,1287.0
2021-01-05 09:38:25.101,0.1353,0.1371,23.0,0.1366,10.0,28860.0,1287.0
2021-01-05 09:38:25.700,0.1353,0.1371,23.0,0.1366,10.0,28860.0,1287.0
2021-01-05 09:38:26.100,0.1353,0.1371,1.0,0.1367,14.0,28860.0,1287.0
2021-01-05 09:38:26.701,0.1353,0.1371,11.0,0.1366,20.0,28860.0,1287.0
2021-01-05 09:38:27.151,0.1353,0.1371,11.0,0.1366,10.0,28860.0,1287.0
2021-01-05 09:38:27.691,0.1353,0.1371,11.0,0.1365,10.0,28860.0,1287.0
2021-01-05 09:38:28.171,0.1353,0.1371,1.0,0.1368,20.0,28860.0,1287.0
2021-01-05 09:38:28.680,0.1371,0.1373,22.0,0.1367,10.0,28859.0,1288.0
2021-01-05 09:38:29.191,0.1371,0.1373,22.0,0.1367,24.0,28859.0,1288.0
2021-01-05 09:38:29.621,0.1371,0.1373,22.0,0.1368,10.0,28859.0,1288.0
2021-01-05 09:38:30.190,0.1371,0.1375,22.0,0.1368,24.0,28859.0,1288.0
2021-01-05 09:38:30.670,0.1371,0.1372,10.0,0.1368,24.0,28859.0,1288.0
2021-01-05 09:38:31.181,0.1371,0.1374,10.0,0.1368,24.0,28859.0,1288.0
2021-01-05 09:38:31.700,0.1371,0.1374,10.0,0.1368,24.0,28859.0,1288.0
2021-01-05 09:38:32.090,0.1371,0.1377,27.0,0.137,10.0,28859.0,1288.0
2021-01-05 09:38:32.701,0.1371,0.1377,12.0,0.1371,10.0,28859.0,1288.0
2021-01-05 09:38:33.191,0.1371,0.1378,15.0,0.137,32.0,28859.0,1288.0
2021-01-05 09:38:33.700,0.1371,0.138,15.0,0.1373,10.0,28859.0,1288.0
2021-01-05 09:38:34.201,0.1371,0.1381,12.0,0.1373,30.0,28859.0,1288.0
2021-01-05 09:38:35.200,0.1371,0.1383,12.0,0.1376,30.0,28859.0,1288.0
2021-01-05 09:38:35.621,0.1371,0.1385,12.0,0.1377,10.0,28859.0,1288.0
2021-01-05 09:38:36.180,0.1371,0.1385,22.0,0.1376,40.0,28859.0,1288.0
2021-01-05 09:38:36.691,0.1371,0.1384,14.0,0.1377,14.0,28859.0,1288.0
2021-01-05 09:38:37.131,0.1371,0.1385,22.0,0.1378,10.0,28859.0,1288.0
2021-01-05 09:38:37.680,0.1371,0.1388,37.0,0.1378,42.0,28859.0,1288.0
2021-01-05 09:38:38.161,0.1371,0.1386,22.0,0.1379,24.0,28859.0,1288.0
2021-01-05 09:38:38.601,0.1371,0.1385,12.0,0.1379,14.0,28859.0,1288.0
2021-01-05 09:38:39.161,0.1371,0.1389,22.0,0.138,10.0,28859.0,1288.0
2021-01-05 09:38:39.661,0.1371,0.1389,22.0,0.138,46.0,28859.0,1288.0
2021-01-05 09:38:40.141,0.1371,0.1394,27.0,0.1384,10.0,28859.0,1288.0
2021-01-05 09:38:40.591,0.1371,0.1393,12.0,0.1385,14.0,28859.0,1288.0
2021-01-05 09:38:41.190,0.1371,0.1391,10.0,0.1385,24.0,28859.0,1288.0
2021-01-05 09:38:41.670,0.1371,0.1393,12.0,0.1386,10.0,28859.0,1288.0
2021-01-05 09:38:42.191,0.1371,0.1391,10.0,0.1385,10.0,28859.0,1288.0
2021-01-05 09:38:42.700,0.1371,0.1392,12.0,0.1386,14.0,28859.0,1288.0
2021-01-05 09:38:43.190,0.1371,0.1392,22.0,0.1386,24.0,28859.0,1288.0
2021-01-05 09:38:43.701,0.1371,0.1393,12.0,0.1386,34.0,28859.0,1288.0
2021-01-05 09:38:44.200,0.1371,0.1393,22.0,0.1386,20.0,28859.0,1288.0
2021-01-05 09:38:44.690,0.1371,0.1389,10.0,0.1385,10.0,28859.0,1288.0
2021-01-05 09:38:45.201,0.1371,0.1389,22.0,0.1386,10.0,28859.0,1288.0
2021-01-05 09:38:45.580,0.1371,0.1389,10.0,0.1384,10.0,28859.0,1288.0
2021-01-05 09:38:46.200,0.1371,0.1388,12.0,0.1385,10.0,28859.0,1288.0
2021-01-05 09:38:46.631,0.1371,0.1388,12.0,0.1385,10.0,28859.0,1288.0
2021-01-05 09:38:47.140,0.1371,0.1387,22.0,0.1384,10.0,28859.0,1288.0
2021-01-05 09:38:47.691,0.1371,0.1386,12.0,0.1384,10.0,28859.0,1288.0
2021-01-05 09:38:48.171,0.1384,0.1383,1.0,0.1376,16.0,28869.0,1298.0
2021-01-05 09:38:49.130,0.1384,0.1381,12.0,0.1377,10.0,28869.0,1298.0
2021-01-05 09:38:49.691,0.1384,0.1382,12.0,0.1377,10.0,28869.0,1298.0
2021-01-05 09:38:50.110,0.1384,0.1383,12.0,0.1377,10.0,28869.0,1298.0
2021-01-05 09:38:50.651,0.1384,0.1383,12.0,0.1377,10.0,28869.0,1298.0
2021-01-05 09:38:51.170,0.1384,0.1383,12.0,0.1378,14.0,28869.0,1298.0
2021-01-05 09:38:51.691,0.1384,0.1387,15.0,0.1382,10.0,28869.0,1298.0
2021-01-05 09:38:52.140,0.1384,0.1388,12.0,0.1382,10.0,28869.0,1298.0
2021-01-05 09:38:52.630,0.1384,0.1388,12.0,0.1384,10.0,28869.0,1298.0
2021-01-05 09:38:53.191,0.1384,0.1391,12.0,0.1384,10.0,28869.0,1298.0
2021-01-05 09:38:54.200,0.1384,0.1391,12.0,0.1385,14.0,28869.0,1298.0
2021-01-05 09:38:54.200,0.1384,0.1393,22.0,0.1385,14.0,28869.0,1298.0
2021-01-05 09:38:55.191,0.1384,0.1391,12.0,0.1386,10.0,28869.0,1298.0
2021-01-05 09:38:55.700,0.1384,0.1393,12.0,0.1386,20.0,28869.0,1298.0
2021-01-05 09:38:56.190,0.1384,0.1393,12.0,0.1387,14.0,28869.0,1298.0
2021-01-05 09:38:56.661,0.1384,0.1393,12.0,0.1387,14.0,28869.0,1298.0
2021-01-05 09:38:57.181,0.1384,0.139,10.0,0.1384,10.0,28869.0,1298.0
2021-01-05 09:38:57.640,0.1384,0.1392,12.0,0.1385,27.0,28869.0,1298.0
2021-01-05 09:38:58.190,0.1385,0.1389,10.0,0.1385,4.0,28879.0,1308.0
2021-01-05 09:38:58.670,0.1385,0.1389,22.0,0.1383,10.0,28883.0,1312.0
2021-01-05 09:38:59.060,0.1385,0.1386,10.0,0.1382,10.0,28883.0,1312.0
2021-01-05 09:38:59.611,0.1385,0.1385,12.0,0.1382,10.0,28883.0,1312.0
2021-01-05 09:39:00.660,0.1385,0.1385,12.0,0.138,10.0,28883.0,1312.0
2021-01-05 09:39:01.160,0.1385,0.1388,12.0,0.1382,20.0,28883.0,1316.0
2021-01-05 09:39:01.700,0.1385,0.1389,10.0,0.1382,20.0,28883.0,1316.0
2021-01-05 09:39:02.170,0.1385,0.1387,22.0,0.1382,14.0,28883.0,1316.0
2021-01-05 09:39:02.620,0.1385,0.139,10.0,0.1383,20.0,28883.0,1316.0
2021-01-05 09:39:03.150,0.1385,0.1387,10.0,0.1381,10.0,28883.0,1316.0
2021-01-05 09:39:04.161,0.1385,0.1386,12.0,0.1379,10.0,28883.0,1316.0
2021-01-05 09:39:04.610,0.1385,0.1387,10.0,0.138,24.0,28883.0,1316.0
2021-01-05 09:39:05.211,0.1385,0.1387,24.0,0.138,24.0,28883.0,1316.0
2021-01-05 09:39:05.701,0.1385,0.1387,10.0,0.138,34.0,28883.0,1316.0
2021-01-05 09:39:06.191,0.1385,0.1386,14.0,0.138,34.0,28883.0,1316.0
2021-01-05 09:39:07.200,0.1385,0.1386,14.0,0.138,20.0,28883.0,1316.0
2021-01-05 09:39:07.680,0.1385,0.1386,14.0,0.138,30.0,28883.0,1316.0
2021-01-05 09:39:08.131,0.1385,0.1386,26.0,0.138,20.0,28883.0,1316.0
2021-01-05 09:39:08.690,0.1385,0.1387,22.0,0.1381,10.0,28883.0,1316.0
2021-01-05 09:39:09.161,0.1385,0.1387,26.0,0.1383,10.0,28883.0,1316.0
2021-01-05 09:39:09.601,0.1385,0.1389,12.0,0.1383,10.0,28883.0,1316.0
2021-01-05 09:39:10.191,0.1385,0.1387,10.0,0.1381,10.0,28883.0,1316.0
2021-01-05 09:39:10.681,0.1385,0.1389,12.0,0.1383,20.0,28883.0,1316.0
2021-01-05 09:39:11.201,0.1385,0.1393,26.0,0.1387,10.0,28883.0,1316.0
2021-01-05 09:39:11.701,0.1385,0.1393,26.0,0.1387,10.0,28883.0,1316.0
2021-01-05 09:39:12.220,0.1385,0.1391,22.0,0.1384,10.0,28883.0,1316.0
2021-01-05 09:39:12.690,0.1385,0.1391,12.0,0.1386,10.0,28883.0,1316.0
2021-01-05 09:39:13.170,0.1385,0.1391,26.0,0.1386,20.0,28883.0,1316.0
2021-01-05 09:39:13.720,0.1385,0.1389,22.0,0.1384,24.0,28883.0,1316.0
2021-01-05 09:39:14.160,0.1385,0.139,4.0,0.1387,10.0,28883.0,1316.0
2021-01-05 09:39:15.220,0.1385,0.1394,27.0,0.1388,10.0,28883.0,1316.0
2021-01-05 09:39:15.720,0.1385,0.1393,14.0,0.1388,10.0,28883.0,1316.0
2021-01-05 09:39:16.121,0.1385,0.1393,14.0,0.1387,10.0,28883.0,1316.0
2021-01-05 09:39:16.711,0.1385,0.1394,22.0,0.1388,10.0,28883.0,1316.0
2021-01-05 09:39:17.191,0.1385,0.1394,26.0,0.1388,20.0,28883.0,1316.0
2021-01-05 09:39:17.650,0.1385,0.1393,10.0,0.1387,10.0,28883.0,1316.0
2021-01-05 09:39:18.221,0.1385,0.1392,30.0,0.1386,10.0,28883.0,1316.0
2021-01-05 09:39:18.671,0.1385,0.1391,10.0,0.1385,10.0,28883.0,1316.0
2021-01-05 09:39:19.710,0.1385,0.1391,10.0,0.1386,20.0,28883.0,1316.0
2021-01-05 09:39:20.180,0.1385,0.1395,22.0,0.1387,2.0,28883.0,1316.0
2021-01-05 09:39:20.741,0.1385,0.1394,14.0,0.1389,10.0,28883.0,1316.0
2021-01-05 09:39:21.231,0.1385,0.1393,10.0,0.1387,2.0,28883.0,1316.0
2021-01-05 09:39:21.671,0.1385,0.1396,32.0,0.1389,10.0,28883.0,1316.0
2021-01-05 09:39:22.211,0.1385,0.1395,18.0,0.1389,10.0,28883.0,1316.0
2021-01-05 09:39:22.651,0.1385,0.1395,18.0,0.1393,10.0,28883.0,1316.0
2021-01-05 09:39:23.200,0.1393,0.1394,22.0,0.1387,10.0,28893.0,1326.0
2021-01-05 09:39:23.700,0.1393,0.1392,10.0,0.1388,24.0,28893.0,1326.0
2021-01-05 09:39:24.151,0.1393,0.1396,32.0,0.139,10.0,28893.0,1326.0
2021-01-05 09:39:24.551,0.1393,0.1395,14.0,0.139,10.0,28893.0,1326.0
2021-01-05 09:39:25.700,0.1393,0.1395,14.0,0.139,10.0,28893.0,1326.0
2021-01-05 09:39:26.130,0.1393,0.1396,22.0,0.139,30.0,28893.0,1326.0
2021-01-05 09:39:26.681,0.1393,0.1396,24.0,0.139,30.0,28893.0,1326.0
2021-01-05 09:39:27.210,0.1393,0.1396,34.0,0.139,20.0,28893.0,1326.0
2021-01-05 09:39:27.711,0.1393,0.1396,34.0,0.139,10.0,28893.0,1326.0
2021-01-05 09:39:28.220,0.1393,0.1396,34.0,0.139,10.0,28893.0,1326.0
2021-01-05 09:39:29.231,0.1393,0.1396,10.0,0.1391,10.0,28893.0,1326.0
2021-01-05 09:39:29.721,0.1388,0.1394,10.0,0.1387,10.0,28913.0,1346.0
2021-01-05 09:39:30.220,0.1388,0.1391,10.0,0.1385,15.0,28913.0,1346.0
2021-01-05 09:39:30.721,0.1388,0.1393,2.0,0.1388,10.0,28913.0,1346.0
2021-01-05 09:39:31.121,0.1388,0.1392,10.0,0.1384,10.0,28913.0,1346.0
2021-01-05 09:39:31.701,0.1388,0.1392,24.0,0.1386,10.0,28913.0,1346.0
2021-01-05 09:39:32.141,0.1388,0.1392,10.0,0.1386,10.0,28913.0,1346.0
2021-01-05 09:39:32.700,0.1388,0.1395,32.0,0.1388,10.0,28913.0,1346.0
2021-01-05 09:39:33.180,0.1388,0.1394,14.0,0.1388,10.0,28913.0,1346.0
2021-01-05 09:39:33.180,0.1388,0.1394,14.0,0.1388,10.0,28913.0,1346.0
2021-01-05 09:39:34.210,0.1388,0.1394,24.0,0.1388,10.0,28913.0,1346.0
2021-01-05 09:39:34.681,0.1388,0.1394,24.0,0.1388,10.0,28913.0,1346.0
2021-01-05 09:39:35.171,0.1388,0.1394,24.0,0.1392,10.0,28913.0,1346.0
2021-01-05 09:39:35.701,0.1392,0.1394,24.0,0.1392,1.0,28922.0,1355.0
2021-01-05 09:39:36.231,0.1392,0.1394,14.0,0.1389,10.0,28922.0,1355.0
2021-01-05 09:39:36.660,0.1392,0.1394,14.0,0.1389,10.0,28922.0,1355.0
2021-01-05 09:39:37.221,0.1392,0.1393,10.0,0.1387,10.0,28922.0,1355.0
2021-01-05 09:39:37.730,0.1392,0.1393,10.0,0.1387,24.0,28922.0,1355.0
2021-01-05 09:39:38.221,0.1392,0.1393,24.0,0.1387,24.0,28922.0,1355.0
2021-01-05 09:39:39.241,0.1392,0.1396,26.0,0.1391,10.0,28922.0,1355.0
2021-01-05 09:39:39.751,0.1392,0.1396,10.0,0.1391,10.0,28922.0,1355.0
2021-01-05 09:39:40.721,0.1392,0.1396,24.0,0.1391,10.0,28922.0,1355.0
2021-01-05 09:39:41.220,0.1392,0.1394,10.0,0.1387,14.0,28922.0,1355.0
2021-01-05 09:39:41.750,0.1392,0.1397,10.0,0.1393,10.0,28922.0,1355.0
2021-01-05 09:39:42.210,0.1392,0.1393,2.0,0.1388,20.0,28922.0,1355.0
2021-01-05 09:39:42.740,0.1392,0.1393,14.0,0.1388,10.0,28922.0,1355.0
2021-01-05 09:39:43.191,0.1392,0.1393,14.0,0.1386,20.0,28922.0,1355.0
2021-01-05 09:39:43.570,0.1392,0.1392,12.0,0.1386,24.0,28922.0,1355.0
2021-01-05 09:39:44.231,0.1392,0.1392,12.0,0.1386,10.0,28922.0,1355.0
2021-01-05 09:39:44.680,0.1389,0.1394,12.0,0.1387,24.0,28922.0,1365.0
2021-01-05 09:39:45.251,0.1381,0.1394,12.0,0.1386,10.0,28898.0,1422.0
2021-01-05 09:39:45.750,0.1394,0.1394,12.0,0.1389,10.0,28905.0,1429.0
2021-01-05 09:39:46.040,0.1394,0.1398,20.0,0.1394,2.0,28905.0,1429.0
2021-01-05 09:39:46.691,0.1394,0.1399,26.0,0.1394,2.0,28905.0,1429.0
2021-01-05 09:39:47.250,0.1394,0.1399,10.0,0.1394,2.0,28905.0,1429.0
2021-01-05 09:39:47.731,0.1394,0.1397,12.0,0.1394,2.0,28905.0,1429.0
2021-01-05 09:39:48.221,0.1394,0.1397,12.0,0.1391,25.0,28905.0,1429.0
2021-01-05 09:39:48.720,0.1394,0.1397,12.0,0.1391,24.0,28905.0,1429.0
2021-01-05 09:39:49.241,0.1394,0.14,12.0,0.1393,10.0,28905.0,1429.0
2021-01-05 09:39:49.711,0.1394,0.1401,38.0,0.1393,10.0,28905.0,1429.0
2021-01-05 09:39:50.180,0.1394,0.14,10.0,0.1393,10.0,28905.0,1429.0
2021-01-05 09:39:50.710,0.14,0.1403,35.0,0.1395,10.0,28902.0,1432.0
2021-01-05 09:39:51.241,0.14,0.1404,10.0,0.1397,10.0,28902.0,1432.0
2021-01-05 09:39:51.730,0.14,0.1404,10.0,0.1397,10.0,28902.0,1432.0
2021-01-05 09:39:52.251,0.14,0.1404,10.0,0.1398,14.0,28902.0,1432.0
2021-01-05 09:39:52.670,0.14,0.1402,10.0,0.1398,15.0,28902.0,1432.0
2021-01-05 09:39:53.181,0.14,0.1402,10.0,0.1396,12.0,28902.0,1432.0
2021-01-05 09:39:53.630,0.14,0.1398,10.0,0.1394,15.0,28902.0,1432.0
2021-01-05 09:39:54.191,0.14,0.1399,10.0,0.1395,20.0,28902.0,1432.0
2021-01-05 09:39:54.691,0.14,0.1399,10.0,0.1395,10.0,28902.0,1432.0
2021-01-05 09:39:55.181,0.14,0.1399,10.0,0.1398,10.0,28902.0,1432.0
2021-01-05 09:39:55.640,0.1399,0.1399,8.0,0.1398,10.0,28900.0,1434.0
2021-01-05 09:39:56.120,0.1399,0.1405,20.0,0.1402,2.0,28900.0,1442.0
2021-01-05 09:39:56.691,0.1399,0.1404,10.0,0.1399,15.0,28900.0,1442.0
2021-01-05 09:39:56.841,0.1399,0.1404,10.0,0.1398,20.0,28900.0,1442.0
2021-01-05 09:39:57.580,0.1399,0.1403,36.0,0.1398,10.0,28900.0,1442.0
2021-01-05 09:39:58.170,0.1399,0.14,10.0,0.1395,25.0,28900.0,1442.0
2021-01-05 09:39:58.600,0.1399,0.14,22.0,0.1395,24.0,28900.0,1442.0
2021-01-05 09:39:58.940,0.1399,0.14,10.0,0.1397,10.0,28900.0,1442.0
2021-01-05 09:39:59.670,0.1399,0.1402,12.0,0.1397,10.0,28900.0,1442.0
2021-01-05 09:39:59.991,0.1399,0.1401,24.0,0.1397,10.0,28900.0,1442.0
2021-01-05 09:40:00.610,0.1399,0.1401,14.0,0.1397,10.0,28900.0,1442.0
2021-01-05 09:40:01.201,0.1399,0.1401,14.0,0.1397,10.0,28900.0,1442.0
2021-01-05 09:40:01.570,0.1399,0.14,12.0,0.1396,10.0,28900.0,1442.0
2021-01-05 09:40:02.200,0.1396,0.1401,10.0,0.1396,4.0,28906.0,1448.0
2021-01-05 09:40:02.671,0.1396,0.1397,10.0,0.1393,10.0,28906.0,1448.0
2021-01-05 09:40:03.171,0.1396,0.1395,12.0,0.1393,10.0,28906.0,1448.0
2021-01-05 09:40:03.691,0.1396,0.1394,10.0,0.1393,10.0,28906.0,1448.0
2021-01-05 09:40:04.160,0.1394,0.1394,6.0,0.1393,20.0,28902.0,1452.0
2021-01-05 09:40:04.700,0.1388,0.1394,6.0,0.1388,18.0,28893.0,1481.0
2021-01-05 09:40:05.170,0.1388,0.1394,6.0,0.1389,24.0,28893.0,1481.0
2021-01-05 09:40:05.701,0.1388,0.1394,6.0,0.1389,24.0,28893.0,1481.0
2021-01-05 09:40:06.200,0.1388,0.1394,6.0,0.1389,24.0,28893.0,1481.0
2021-01-05 09:40:06.701,0.1388,0.1394,6.0,0.1389,24.0,28893.0,1481.0
2021-01-05 09:40:07.700,0.1388,0.1394,6.0,0.1389,24.0,28893.0,1481.0
2021-01-05 09:40:08.200,0.1388,0.1393,22.0,0.1386,16.0,28893.0,1481.0
2021-01-05 09:40:08.690,0.1388,0.1393,22.0,0.1385,25.0,28893.0,1481.0
2021-01-05 09:40:09.191,0.1388,0.139,10.0,0.1385,15.0,28893.0,1481.0
2021-01-05 09:40:09.691,0.1388,0.139,22.0,0.1385,14.0,28893.0,1481.0
2021-01-05 09:40:10.150,0.1388,0.1392,12.0,0.1386,20.0,28893.0,1481.0
2021-01-05 09:40:10.651,0.1388,0.1392,26.0,0.1386,24.0,28893.0,1481.0
2021-01-05 09:40:11.170,0.1388,0.1392,26.0,0.1386,10.0,28893.0,1481.0
2021-01-05 09:40:11.671,0.1388,0.1392,26.0,0.1386,10.0,28893.0,1481.0
2021-01-05 09:40:12.190,0.1388,0.139,10.0,0.1385,10.0,28893.0,1481.0
2021-01-05 09:40:12.680,0.1385,0.1388,10.0,0.1383,24.0,28894.0,1482.0
2021-01-05 09:40:13.170,0.1385,0.1388,10.0,0.1383,14.0,28894.0,1482.0
2021-01-05 09:40:13.431,0.1385,0.1386,10.0,0.1382,25.0,28894.0,1482.0
2021-01-05 09:40:14.150,0.1385,0.1386,10.0,0.1383,10.0,28894.0,1482.0
2021-01-05 09:40:14.701,0.1383,0.1385,12.0,0.1382,9.0,28895.0,1483.0
2021-01-05 09:40:15.690,0.1383,0.1386,20.0,0.1381,10.0,28895.0,1483.0
2021-01-05 09:40:16.610,0.1383,0.1386,10.0,0.1381,20.0,28895.0,1483.0
2021-01-05 09:40:17.191,0.1383,0.1385,10.0,0.1381,10.0,28895.0,1483.0
2021-01-05 09:40:17.661,0.1383,0.1385,10.0,0.138,10.0,28895.0,1483.0
2021-01-05 09:40:18.161,0.1383,0.1385,10.0,0.1382,10.0,28895.0,1483.0
2021-01-05 09:40:18.641,0.1383,0.1386,22.0,0.1381,10.0,28895.0,1483.0
2021-01-05 09:40:19.190,0.1383,0.1386,36.0,0.1381,10.0,28895.0,1483.0
2021-01-05 09:40:19.711,0.1383,0.1386,10.0,0.1382,10.0,28895.0,1483.0
2021-01-05 09:40:20.191,0.1383,0.1387,10.0,0.1386,5.0,28895.0,1483.0
2021-01-05 09:40:20.691,0.1387,0.1387,8.0,0.1385,10.0,28893.0,1485.0
2021-01-05 09:40:21.200,0.1387,0.1393,22.0,0.1387,3.0,28891.0,1487.0
2021-01-05 09:40:21.701,0.1387,0.1392,16.0,0.1387,15.0,28891.0,1487.0
2021-01-05 09:40:22.210,0.1387,0.1392,26.0,0.1387,15.0,28891.0,1487.0
2021-01-05 09:40:22.591,0.1387,0.1392,16.0,0.1388,10.0,28891.0,1487.0
2021-01-05 09:40:23.200,0.1387,0.1392,2.0,0.1387,20.0,28891.0,1487.0
2021-01-05 09:40:23.701,0.1387,0.1395,12.0,0.1387,34.0,28891.0,1487.0
2021-01-05 09:40:24.160,0.1387,0.1395,26.0,0.1387,20.0,28891.0,1487.0
2021-01-05 09:40:24.681,0.1387,0.1394,10.0,0.1387,49.0,28891.0,1487.0
2021-01-05 09:40:25.121,0.1387,0.1393,26.0,0.1387,34.0,28891.0,1487.0
2021-01-05 09:40:25.570,0.1387,0.1394,10.0,0.1387,34.0,28891.0,1487.0
2021-01-05 09:40:26.181,0.1387,0.1393,14.0,0.1387,24.0,28881.0,1497.0
2021-01-05 09:40:26.621,0.1387,0.1394,10.0,0.1387,14.0,28881.0,1507.0
2021-01-05 09:40:27.140,0.1385,0.1395,22.0,0.1385,21.0,28880.0,1518.0
2021-01-05 09:40:27.701,0.1385,0.1395,22.0,0.139,10.0,28880.0,1518.0
2021-01-05 09:40:28.110,0.1385,0.1395,10.0,0.1388,25.0,28880.0,1518.0
2021-01-05 09:40:28.690,0.1385,0.1395,10.0,0.1393,20.0,28880.0,1518.0
2021-01-05 09:40:29.170,0.1393,0.1394,10.0,0.1393,16.0,28884.0,1522.0
2021-01-05 09:40:29.681,0.1393,0.1394,10.0,0.1393,15.0,28885.0,1523.0
2021-01-05 09:40:30.160,0.1393,0.1394,10.0,0.1393,15.0,28885.0,1523.0
2021-01-05 09:40:30.700,0.1393,0.1395,10.0,0.1393,14.0,28886.0,1524.0
2021-01-05 09:40:31.101,0.1393,0.1395,10.0,0.1393,14.0,28886.0,1524.0
2021-01-05 09:40:32.611,0.1393,0.1395,10.0,0.1393,1.0,28899.0,1537.0
2021-01-05 09:40:33.161,0.1393,0.1391,9.0,0.1388,15.0,28900.0,1538.0
2021-01-05 09:40:33.430,0.1387,0.1391,9.0,0.1387,15.0,28910.0,1548.0
2021-01-05 09:40:34.171,0.1387,0.1389,12.0,0.1387,15.0,28910.0,1548.0
2021-01-05 09:40:34.601,0.1387,0.1391,9.0,0.1386,2.0,28910.0,1548.0
2021-01-05 09:40:35.201,0.1387,0.1391,12.0,0.1389,5.0,28910.0,1548.0
2021-01-05 09:40:35.681,0.1387,0.1393,10.0,0.1389,5.0,28910.0,1548.0
2021-01-05 09:40:36.620,0.1387,0.1393,10.0,0.1389,5.0,28910.0,1548.0
2021-01-05 09:40:37.700,0.1387,0.1395,10.0,0.1389,5.0,28910.0,1548.0
2021-01-05 09:40:38.130,0.1387,0.1393,10.0,0.1389,5.0,28910.0,1548.0
2021-01-05 09:40:38.651,0.1387,0.1393,10.0,0.1389,5.0,28910.0,1548.0
2021-01-05 09:40:39.041,0.1387,0.1393,10.0,0.1388,10.0,28910.0,1548.0
2021-01-05 09:40:39.681,0.1387,0.1392,12.0,0.1387,10.0,28910.0,1548.0
2021-01-05 09:40:40.061,0.1387,0.1391,22.0,0.1386,10.0,28910.0,1548.0
2021-01-05 09:40:40.670,0.1387,0.1391,22.0,0.1386,39.0,28910.0,1548.0
2021-01-05 09:40:41.191,0.1387,0.1391,24.0,0.1386,15.0,28910.0,1548.0
2021-01-05 09:40:41.640,0.1388,0.1388,28.0,0.1384,25.0,28910.0,1551.0
2021-01-05 09:40:42.180,0.1388,0.1388,23.0,0.1385,24.0,28905.0,1556.0
2021-01-05 09:40:42.201,0.1388,0.1388,23.0,0.1385,24.0,28905.0,1556.0
2021-01-05 09:40:43.191,0.1388,0.1388,23.0,0.1385,10.0,28905.0,1556.0
2021-01-05 09:40:43.630,0.1385,0.1388,23.0,0.1383,10.0,28915.0,1566.0
2021-01-05 09:40:44.161,0.1382,0.1388,23.0,0.1384,14.0,28915.0,1587.0
2021-01-05 09:40:44.610,0.1382,0.1388,23.0,0.1384,14.0,28915.0,1587.0
2021-01-05 09:40:45.131,0.1382,0.1388,23.0,0.1384,14.0,28915.0,1587.0
2021-01-05 09:40:48.160,0.1382,0.1388,23.0,0.1383,10.0,28915.0,1587.0
2021-01-05 09:40:48.700,0.1382,0.1387,22.0,0.1382,15.0,28915.0,1587.0
2021-01-05 09:40:49.111,0.1382,0.1387,10.0,0.1385,10.0,28915.0,1587.0
2021-01-05 09:40:49.640,0.1382,0.1388,23.0,0.1385,10.0,28915.0,1587.0
2021-01-05 09:40:50.181,0.138,0.1388,23.0,0.138,27.0,28915.0,1618.0
2021-01-05 09:40:50.671,0.138,0.1388,23.0,0.1381,24.0,28915.0,1618.0
2021-01-05 09:40:51.601,0.138,0.1387,10.0,0.1381,24.0,28915.0,1618.0
2021-01-05 09:40:52.081,0.138,0.1387,10.0,0.1381,24.0,28915.0,1618.0
2021-01-05 09:40:52.650,0.1381,0.1387,10.0,0.1381,15.0,28962.0,1685.0
2021-01-05 09:40:53.140,0.1381,0.1387,10.0,0.1382,26.0,28962.0,1685.0
2021-01-05 09:40:53.651,0.1381,0.1387,10.0,0.1382,26.0,28962.0,1685.0
2021-01-05 09:40:54.521,0.1381,0.1385,10.0,0.1382,14.0,28962.0,1685.0
2021-01-05 09:40:55.111,0.1381,0.1387,10.0,0.1382,26.0,28962.0,1685.0
2021-01-05 09:40:55.240,0.1387,0.1387,3.0,0.1383,22.0,28962.0,1692.0
2021-01-05 09:40:56.121,0.1387,0.1388,33.0,0.1383,12.0,28962.0,1692.0
2021-01-05 09:40:56.600,0.1387,0.1388,23.0,0.1384,40.0,28962.0,1692.0
2021-01-05 09:40:57.180,0.1387,0.1388,23.0,0.1386,12.0,28962.0,1692.0
2021-01-05 09:40:57.560,0.1387,0.1388,23.0,0.1384,26.0,28962.0,1692.0
2021-01-05 09:40:57.710,0.1387,0.1388,23.0,0.1384,40.0,28962.0,1692.0
2021-01-05 09:40:58.721,0.1387,0.1388,23.0,0.1384,30.0,28962.0,1692.0
2021-01-05 09:40:58.980,0.1387,0.1388,23.0,0.1384,30.0,28962.0,1692.0
2021-01-05 09:40:59.721,0.1387,0.1388,23.0,0.1384,30.0,28962.0,1692.0
2021-01-05 09:41:00.980,0.1387,0.1388,23.0,0.1385,10.0,28962.0,1692.0
2021-01-05 09:41:01.650,0.1387,0.1388,33.0,0.1384,18.0,28962.0,1692.0
2021-01-05 09:41:02.190,0.1387,0.1388,33.0,0.1384,18.0,28962.0,1692.0
2021-01-05 09:41:02.661,0.1387,0.1388,33.0,0.1384,28.0,28962.0,1692.0
2021-01-05 09:41:03.110,0.1387,0.1388,23.0,0.1385,22.0,28962.0,1692.0
2021-01-05 09:41:03.721,0.1388,0.1388,19.0,0.1385,10.0,28958.0,1696.0
2021-01-05 09:41:04.180,0.1388,0.1388,15.0,0.1387,12.0,28958.0,1700.0
2021-01-05 09:41:04.680,0.1388,0.1388,15.0,0.1387,12.0,28958.0,1700.0
2021-01-05 09:41:05.220,0.1388,0.1388,15.0,0.1385,10.0,28958.0,1700.0
2021-01-05 09:41:05.660,0.1388,0.1388,13.0,0.1385,24.0,28956.0,1702.0
2021-01-05 09:41:06.221,0.1388,0.1388,13.0,0.1386,10.0,28956.0,1702.0
2021-01-05 09:41:06.620,0.1388,0.1388,13.0,0.1386,22.0,28956.0,1702.0
2021-01-05 09:41:07.100,0.1388,0.1388,13.0,0.1387,34.0,28956.0,1702.0
2021-01-05 09:41:07.611,0.1388,0.1388,13.0,0.1387,34.0,28956.0,1702.0
2021-01-05 09:41:08.201,0.1388,0.1395,10.0,0.1387,34.0,28943.0,1715.0
2021-01-05 09:41:08.701,0.1388,0.1393,10.0,0.1387,24.0,28943.0,1715.0
2021-01-05 09:41:09.210,0.1388,0.1393,10.0,0.1387,14.0,28943.0,1715.0
2021-01-05 09:41:09.650,0.1388,0.1396,28.0,0.1389,20.0,28943.0,1715.0
2021-01-05 09:41:10.220,0.1388,0.1394,22.0,0.1387,35.0,28943.0,1715.0
2021-01-05 09:41:10.710,0.1388,0.1394,10.0,0.139,10.0,28943.0,1715.0
2021-01-05 09:41:11.210,0.1388,0.1398,49.0,0.139,10.0,28943.0,1715.0
2021-01-05 09:41:11.711,0.1388,0.1394,10.0,0.139,14.0,28943.0,1715.0
2021-01-05 09:41:12.151,0.1388,0.1394,10.0,0.1389,10.0,28943.0,1715.0
2021-01-05 09:41:12.710,0.1388,0.1393,4.0,0.139,14.0,28943.0,1715.0
2021-01-05 09:41:13.161,0.1389,0.139,1.0,0.1389,5.0,28948.0,1720.0
2021-01-05 09:41:13.711,0.139,0.1391,22.0,0.1388,10.0,28948.0,1721.0
2021-01-05 09:41:14.160,0.139,0.1397,12.0,0.1391,10.0,28951.0,1724.0
2021-01-05 09:41:14.671,0.139,0.1392,10.0,0.1388,27.0,28951.0,1724.0
2021-01-05 09:41:15.180,0.139,0.1392,10.0,0.1385,30.0,28951.0,1724.0
2021-01-05 09:41:15.371,0.139,0.1389,10.0,0.1386,14.0,28951.0,1724.0
2021-01-05 09:41:16.210,0.139,0.1389,10.0,0.1386,14.0,28951.0,1724.0
2021-01-05 09:41:16.500,0.1389,0.1392,10.0,0.1389,2.0,28951.0,1726.0
2021-01-05 09:41:17.180,0.1389,0.1394,10.0,0.1389,2.0,28951.0,1726.0
2021-01-05 09:41:17.670,0.1389,0.1392,10.0,0.1389,2.0,28951.0,1726.0
2021-01-05 09:41:18.141,0.1389,0.1392,10.0,0.1389,2.0,28951.0,1726.0
2021-01-05 09:41:18.600,0.1389,0.1392,10.0,0.1388,22.0,28951.0,1726.0
2021-01-05 09:41:19.051,0.1389,0.1394,10.0,0.139,10.0,28951.0,1726.0
2021-01-05 09:41:19.570,0.1389,0.1394,24.0,0.139,10.0,28951.0,1726.0
2021-01-05 09:41:20.070,0.1389,0.1391,10.0,0.139,10.0,28951.0,1726.0
2021-01-05 09:41:20.721,0.1389,0.1391,10.0,0.139,10.0,28951.0,1726.0
2021-01-05 09:41:21.190,0.1391,0.1391,7.0,0.139,8.0,28953.0,1731.0
2021-01-05 09:41:21.551,0.1391,0.1393,10.0,0.1391,3.0,28953.0,1731.0
2021-01-05 09:41:22.190,0.1391,0.1395,30.0,0.1391,5.0,28953.0,1731.0
2021-01-05 09:41:22.700,0.1391,0.1395,34.0,0.1391,2.0,28953.0,1731.0
2021-01-05 09:41:23.061,0.1391,0.1395,20.0,0.139,30.0,28953.0,1731.0
2021-01-05 09:41:24.171,0.1391,0.1393,10.0,0.139,8.0,28953.0,1731.0
2021-01-05 09:41:24.651,0.1388,0.1393,10.0,0.1388,10.0,28953.0,1741.0
2021-01-05 09:41:25.120,0.1388,0.1395,10.0,0.1392,10.0,28953.0,1741.0
2021-01-05 09:41:25.641,0.1388,0.1396,10.0,0.1391,10.0,28953.0,1741.0
2021-01-05 09:41:26.190,0.1396,0.1396,9.0,0.1391,10.0,28954.0,1742.0
2021-01-05 09:41:26.670,0.1396,0.1397,10.0,0.1391,24.0,28954.0,1742.0
2021-01-05 09:41:27.131,0.1396,0.1398,11.0,0.1391,10.0,28954.0,1742.0
2021-01-05 09:41:27.570,0.1396,0.1398,25.0,0.1392,24.0,28954.0,1742.0
2021-01-05 09:41:28.050,0.1396,0.1397,10.0,0.1392,10.0,28954.0,1742.0
2021-01-05 09:41:28.540,0.1396,0.1397,10.0,0.1392,10.0,28954.0,1742.0
2021-01-05 09:41:29.010,0.1391,0.1397,24.0,0.1391,9.0,28954.0,1743.0
2021-01-05 09:41:30.180,0.1391,0.1397,10.0,0.1392,14.0,28954.0,1743.0
2021-01-05 09:41:30.670,0.1391,0.1398,11.0,0.1392,14.0,28954.0,1743.0
2021-01-05 09:41:31.181,0.1391,0.1396,10.0,0.1391,10.0,28954.0,1743.0
2021-01-05 09:41:31.700,0.1391,0.1396,10.0,0.1392,24.0,28954.0,1743.0
2021-01-05 09:41:32.220,0.1391,0.1396,10.0,0.1392,24.0,28954.0,1743.0
2021-01-05 09:41:32.670,0.1391,0.1396,10.0,0.1392,14.0,28954.0,1743.0
2021-01-05 09:41:33.171,0.1391,0.1398,11.0,0.1393,10.0,28954.0,1743.0
2021-01-05 09:41:33.621,0.1391,0.1397,10.0,0.1392,10.0,28954.0,1743.0
2021-01-05 09:41:34.120,0.1391,0.1394,10.0,0.139,25.0,28954.0,1743.0
2021-01-05 09:41:34.720,0.1391,0.1394,10.0,0.1391,14.0,28954.0,1743.0
2021-01-05 09:41:35.221,0.1391,0.1398,11.0,0.1393,10.0,28954.0,1743.0
2021-01-05 09:41:35.721,0.1391,0.1398,11.0,0.1394,1.0,28954.0,1743.0
2021-01-05 09:41:36.070,0.1391,0.1398,11.0,0.1395,14.0,28954.0,1743.0
2021-01-05 09:41:36.720,0.1398,0.1398,7.0,0.1397,3.0,28954.0,1747.0
2021-01-05 09:41:37.210,0.1398,0.14,10.0,0.1397,4.0,28954.0,1748.0
2021-01-05 09:41:37.711,0.1398,0.1403,2.0,0.1398,1.0,28954.0,1748.0
2021-01-05 09:41:38.220,0.1399,0.1403,18.0,0.1399,6.0,28958.0,1752.0
2021-01-05 09:41:38.650,0.1399,0.1401,10.0,0.1398,11.0,28958.0,1752.0
2021-01-05 09:41:39.221,0.1399,0.1401,10.0,0.1398,11.0,28958.0,1752.0
2021-01-05 09:41:39.521,0.1399,0.1401,10.0,0.1398,10.0,28958.0,1752.0
2021-01-05 09:41:40.231,0.1398,0.1399,10.0,0.1398,6.0,28962.0,1756.0
2021-01-05 09:41:40.721,0.1398,0.1399,10.0,0.1398,3.0,28965.0,1759.0
2021-01-05 09:41:41.130,0.1398,0.1399,10.0,0.1397,4.0,28965.0,1759.0
2021-01-05 09:41:41.730,0.1398,0.1399,22.0,0.1397,4.0,28965.0,1759.0
2021-01-05 09:41:42.101,0.1397,0.1398,1.0,0.1397,3.0,28965.0,1760.0
2021-01-05 09:41:42.610,0.1397,0.1398,1.0,0.1397,1.0,28965.0,1762.0
2021-01-05 09:41:43.080,0.1397,0.1399,22.0,0.1397,1.0,28965.0,1762.0
2021-01-05 09:41:43.720,0.1397,0.1399,36.0,0.1397,1.0,28965.0,1762.0
2021-01-05 09:41:44.671,0.1399,0.1399,35.0,0.1397,1.0,28966.0,1763.0
2021-01-05 09:41:45.190,0.1399,0.1399,12.0,0.1397,1.0,28966.0,1763.0
2021-01-05 09:41:45.701,0.1399,0.1399,22.0,0.1397,1.0,28966.0,1763.0
2021-01-05 09:41:46.241,0.1399,0.1399,22.0,0.1397,1.0,28966.0,1763.0
2021-01-05 09:41:46.661,0.1399,0.1399,22.0,0.1397,1.0,28966.0,1763.0
2021-01-05 09:41:47.201,0.1399,0.1402,12.0,0.1397,11.0,28966.0,1763.0
2021-01-05 09:41:47.741,0.1397,0.1402,26.0,0.1397,10.0,28965.0,1764.0
2021-01-05 09:41:48.181,0.1397,0.1403,8.0,0.1398,10.0,28965.0,1764.0
2021-01-05 09:41:48.600,0.1397,0.1403,8.0,0.1398,10.0,28965.0,1764.0
2021-01-05 09:41:49.191,0.1397,0.1401,10.0,0.1396,10.0,28965.0,1764.0
2021-01-05 09:41:49.451,0.1402,0.1403,8.0,0.1398,20.0,28965.0,1768.0
2021-01-05 09:41:50.231,0.1402,0.1403,8.0,0.14,22.0,28965.0,1768.0
2021-01-05 09:41:50.751,0.1403,0.1403,4.0,0.14,36.0,28965.0,1772.0
2021-01-05 09:41:51.251,0.1403,0.1403,4.0,0.1399,10.0,28965.0,1772.0
2021-01-05 09:41:51.760,0.1403,0.1403,4.0,0.1398,20.0,28965.0,1772.0
2021-01-05 09:41:52.261,0.1403,0.1403,4.0,0.14,10.0,28965.0,1772.0
2021-01-05 09:41:52.690,0.1403,0.1403,4.0,0.14,10.0,28965.0,1772.0
2021-01-05 09:41:53.151,0.1403,0.1405,10.0,0.1403,6.0,28965.0,1776.0
2021-01-05 09:41:54.161,0.1403,0.1409,14.0,0.1403,6.0,28965.0,1776.0
2021-01-05 09:41:54.670,0.1403,0.1409,14.0,0.1403,6.0,28965.0,1776.0
2021-01-05 09:41:55.160,0.1403,0.141,10.0,0.1404,12.0,28965.0,1776.0
2021-01-05 09:41:55.671,0.1403,0.1409,22.0,0.1404,10.0,28965.0,1776.0
2021-01-05 09:41:55.911,0.1403,0.1409,26.0,0.1404,10.0,28965.0,1776.0
2021-01-05 09:41:56.670,0.1403,0.1407,22.0,0.1403,10.0,28965.0,1776.0
2021-01-05 09:41:57.110,0.1403,0.1411,10.0,0.1405,20.0,28965.0,1776.0
2021-01-05 09:41:57.640,0.1403,0.1409,22.0,0.1404,10.0,28965.0,1776.0
2021-01-05 09:41:58.140,0.1403,0.1409,22.0,0.1406,10.0,28965.0,1776.0
2021-01-05 09:41:58.660,0.1403,0.1409,22.0,0.1404,10.0,28965.0,1776.0
2021-01-05 09:41:59.131,0.1403,0.1408,14.0,0.1405,10.0,28965.0,1776.0
2021-01-05 09:41:59.671,0.1403,0.1409,22.0,0.1404,10.0,28965.0,1776.0
2021-01-05 09:42:00.151,0.1403,0.1407,10.0,0.1404,10.0,28965.0,1776.0
2021-01-05 09:42:00.701,0.1403,0.1409,12.0,0.1404,10.0,28965.0,1776.0
2021-01-05 09:42:01.181,0.1403,0.1409,12.0,0.1404,24.0,28965.0,1776.0
2021-01-05 09:42:01.651,0.1403,0.141,10.0,0.1404,34.0,28965.0,1776.0
2021-01-05 09:42:02.201,0.141,0.141,9.0,0.1404,34.0,28966.0,1777.0
2021-01-05 09:42:02.641,0.141,0.141,9.0,0.1404,20.0,28966.0,1777.0
2021-01-05 09:42:03.161,0.141,0.141,9.0,0.1405,14.0,28966.0,1777.0
2021-01-05 09:42:03.601,0.141,0.141,21.0,0.1405,14.0,28966.0,1777.0
2021-01-05 09:42:04.110,0.141,0.141,21.0,0.1406,10.0,28966.0,1777.0
2021-01-05 09:42:04.641,0.141,0.1408,10.0,0.1405,10.0,28966.0,1777.0
2021-01-05 09:42:05.211,0.1405,0.1408,10.0,0.1405,9.0,28966.0,1778.0
2021-01-05 09:42:05.711,0.1405,0.141,22.0,0.1405,23.0,28966.0,1778.0
2021-01-05 09:42:06.181,0.1405,0.141,22.0,0.1405,24.0,28966.0,1778.0
2021-01-05 09:42:06.690,0.1405,0.1408,10.0,0.1405,10.0,28966.0,1778.0
2021-01-05 09:42:07.230,0.1405,0.141,22.0,0.1405,10.0,28966.0,1778.0
2021-01-05 09:42:07.691,0.1405,0.141,22.0,0.1405,24.0,28966.0,1778.0
2021-01-05 09:42:08.220,0.1405,0.141,36.0,0.1405,10.0,28966.0,1778.0
2021-01-05 09:42:09.230,0.1405,0.141,22.0,0.1405,10.0,28966.0,1778.0
2021-01-05 09:42:09.570,0.1405,0.141,22.0,0.1405,24.0,28966.0,1778.0
2021-01-05 09:42:10.220,0.1405,0.141,22.0,0.1405,24.0,28966.0,1778.0
2021-01-05 09:42:10.681,0.1405,0.141,10.0,0.1406,14.0,28966.0,1778.0
2021-01-05 09:42:11.211,0.1405,0.1412,22.0,0.1409,10.0,28966.0,1778.0
2021-01-05 09:42:11.651,0.1405,0.1412,10.0,0.1409,10.0,28966.0,1778.0
2021-01-05 09:42:12.210,0.1405,0.1414,12.0,0.1409,24.0,28966.0,1778.0
2021-01-05 09:42:12.721,0.1405,0.1414,12.0,0.1413,10.0,28966.0,1778.0
2021-01-05 09:42:13.211,0.1413,0.1413,10.0,0.1409,10.0,28976.0,1788.0
2021-01-05 09:42:13.731,0.1413,0.141,10.0,0.1409,10.0,28976.0,1788.0
2021-01-05 09:42:14.150,0.1413,0.141,10.0,0.1409,10.0,28976.0,1788.0
2021-01-05 09:42:15.151,0.1413,0.141,10.0,0.1409,10.0,28976.0,1788.0
2021-01-05 09:42:15.650,0.1413,0.141,10.0,0.1409,10.0,28976.0,1788.0
2021-01-05 09:42:16.181,0.1413,0.1412,10.0,0.1409,10.0,28976.0,1788.0
2021-01-05 09:42:16.701,0.1413,0.1412,10.0,0.1409,10.0,28976.0,1788.0
2021-01-05 09:42:17.241,0.1413,0.1412,10.0,0.1409,10.0,28976.0,1788.0
2021-01-05 09:42:17.681,0.1413,0.1412,10.0,0.1409,10.0,28976.0,1788.0
2021-01-05 09:42:18.701,0.1409,0.1412,10.0,0.1408,6.0,28980.0,1792.0
2021-01-05 09:42:19.210,0.1409,0.141,10.0,0.1408,6.0,28980.0,1792.0
2021-01-05 09:42:19.721,0.1409,0.141,10.0,0.1408,6.0,28980.0,1792.0
2021-01-05 09:42:20.150,0.1409,0.141,10.0,0.1408,10.0,28980.0,1792.0
2021-01-05 09:42:20.751,0.1409,0.141,10.0,0.1408,10.0,28980.0,1792.0
2021-01-05 09:42:21.621,0.1409,0.141,10.0,0.1408,10.0,28980.0,1792.0
2021-01-05 09:42:22.221,0.1409,0.1414,22.0,0.1408,10.0,28980.0,1792.0
2021-01-05 09:42:22.570,0.1409,0.1414,22.0,0.1408,24.0,28980.0,1792.0
2021-01-05 09:42:23.191,0.1409,0.1414,22.0,0.1408,24.0,28980.0,1792.0
2021-01-05 09:42:24.151,0.1409,0.1414,22.0,0.1408,24.0,28980.0,1792.0
2021-01-05 09:42:24.670,0.1409,0.1414,22.0,0.1408,24.0,28980.0,1792.0
2021-01-05 09:42:25.200,0.1409,0.1414,22.0,0.1408,10.0,28980.0,1792.0
2021-01-05 09:42:25.511,0.1409,0.1415,10.0,0.1409,14.0,28980.0,1792.0
2021-01-05 09:42:26.130,0.1409,0.1416,22.0,0.1409,24.0,28980.0,1792.0
2021-01-05 09:42:26.701,0.1409,0.1416,46.0,0.1409,24.0,28980.0,1792.0
2021-01-05 09:42:27.171,0.1409,0.1414,10.0,0.141,10.0,28980.0,1792.0
2021-01-05 09:42:27.651,0.1409,0.1414,10.0,0.141,10.0,28980.0,1792.0
2021-01-05 09:42:28.130,0.1409,0.1414,10.0,0.141,10.0,28980.0,1792.0
2021-01-05 09:42:28.631,0.1409,0.1414,10.0,0.141,10.0,28980.0,1792.0
2021-01-05 09:42:29.680,0.1409,0.1416,32.0,0.1413,10.0,28980.0,1792.0
2021-01-05 09:42:30.110,0.1409,0.1416,46.0,0.1413,10.0,28980.0,1792.0
2021-01-05 09:42:30.710,0.1409,0.1414,10.0,0.1413,10.0,28980.0,1792.0
2021-01-05 09:42:31.200,0.1409,0.1416,10.0,0.1414,14.0,28980.0,1792.0
2021-01-05 09:42:31.720,0.1409,0.1417,22.0,0.1414,14.0,28980.0,1792.0
2021-01-05 09:42:31.970,0.1409,0.1417,32.0,0.1414,14.0,28980.0,1792.0
2021-01-05 09:42:32.721,0.1409,0.1417,32.0,0.1416,1.0,28980.0,1792.0
2021-01-05 09:42:33.230,0.1409,0.1417,32.0,0.1416,1.0,28980.0,1792.0
2021-01-05 09:42:33.720,0.1409,0.1417,32.0,0.1416,1.0,28980.0,1792.0
2021-01-05 09:42:34.210,0.1416,0.1417,46.0,0.1414,4.0,28981.0,1793.0
2021-01-05 09:42:34.731,0.1416,0.1417,46.0,0.1413,20.0,28981.0,1793.0
2021-01-05 09:42:35.701,0.1416,0.1417,32.0,0.1415,10.0,28981.0,1793.0
2021-01-05 09:42:36.650,0.1416,0.1417,32.0,0.1413,20.0,28981.0,1793.0
2021-01-05 09:42:37.251,0.1416,0.1417,32.0,0.1415,10.0,28981.0,1793.0
2021-01-05 09:42:37.751,0.1416,0.1417,22.0,0.1415,10.0,28981.0,1793.0
2021-01-05 09:42:38.661,0.1416,0.1417,32.0,0.1415,10.0,28981.0,1793.0
2021-01-05 09:42:40.221,0.1416,0.1417,22.0,0.1415,10.0,28981.0,1793.0
2021-01-05 09:42:40.721,0.1416,0.1417,10.0,0.1415,10.0,28981.0,1793.0
2021-01-05 09:42:41.161,0.1416,0.1419,22.0,0.1415,10.0,28981.0,1793.0
2021-01-05 09:42:41.731,0.1416,0.1418,10.0,0.1415,10.0,28981.0,1793.0
2021-01-05 09:42:42.250,0.1416,0.142,3.0,0.1415,10.0,28981.0,1793.0
2021-01-05 09:42:42.640,0.1416,0.1417,10.0,0.1415,10.0,28981.0,1793.0
2021-01-05 09:42:43.251,0.1416,0.1417,12.0,0.1415,24.0,28981.0,1793.0
2021-01-05 09:42:43.741,0.1415,0.1418,14.0,0.1413,10.0,28991.0,1803.0
2021-01-05 09:42:44.211,0.1415,0.1416,12.0,0.1413,10.0,28991.0,1803.0
2021-01-05 09:42:44.751,0.1416,0.1418,2.0,0.1414,14.0,28991.0,1807.0
2021-01-05 09:42:45.191,0.1416,0.1417,10.0,0.1414,14.0,28991.0,1807.0
2021-01-05 09:42:45.650,0.1416,0.1418,2.0,0.1414,14.0,28991.0,1807.0
2021-01-05 09:42:46.240,0.1416,0.1418,2.0,0.1415,1.0,28991.0,1807.0
2021-01-05 09:42:46.741,0.1416,0.1418,2.0,0.1415,1.0,28991.0,1807.0
2021-01-05 09:42:47.160,0.1416,0.1418,2.0,0.1415,15.0,28991.0,1807.0
2021-01-05 09:42:48.720,0.1416,0.1418,12.0,0.1415,1.0,28991.0,1807.0
2021-01-05 09:42:49.750,0.1416,0.1418,2.0,0.1416,10.0,28991.0,1807.0
2021-01-05 09:42:51.060,0.1416,0.1418,2.0,0.1415,11.0,28991.0,1807.0
2021-01-05 09:42:52.251,0.1416,0.1418,12.0,0.1417,10.0,28991.0,1807.0
2021-01-05 09:42:52.601,0.1416,0.1418,12.0,0.1416,10.0,28991.0,1807.0
2021-01-05 09:42:53.640,0.1416,0.1418,2.0,0.1416,10.0,28991.0,1807.0
2021-01-05 09:42:55.190,0.1418,0.1418,10.0,0.1416,10.0,28991.0,1809.0
2021-01-05 09:42:55.701,0.1418,0.142,3.0,0.1416,10.0,28991.0,1812.0
2021-01-05 09:42:56.191,0.1418,0.142,3.0,0.1416,10.0,28991.0,1812.0
2021-01-05 09:42:56.631,0.1418,0.142,3.0,0.1416,10.0,28991.0,1812.0
2021-01-05 09:42:57.171,0.1418,0.142,3.0,0.1416,10.0,28991.0,1812.0
2021-01-05 09:42:58.220,0.1418,0.142,3.0,0.1416,22.0,28991.0,1812.0
2021-01-05 09:42:58.731,0.1418,0.142,3.0,0.1416,10.0,28991.0,1812.0
2021-01-05 09:42:59.230,0.1418,0.1419,4.0,0.1416,10.0,28991.0,1812.0
2021-01-05 09:42:59.730,0.1418,0.1419,4.0,0.1416,20.0,28991.0,1812.0
2021-01-05 09:42:59.951,0.1418,0.1419,4.0,0.1416,20.0,28991.0,1812.0
2021-01-05 09:43:00.721,0.1418,0.142,3.0,0.1417,14.0,28991.0,1812.0
2021-01-05 09:43:01.211,0.1418,0.142,13.0,0.1417,10.0,28991.0,1812.0
2021-01-05 09:43:01.701,0.1418,0.142,3.0,0.1417,10.0,28991.0,1812.0
2021-01-05 09:43:02.150,0.1418,0.142,3.0,0.1417,24.0,28991.0,1812.0
2021-01-05 09:43:02.681,0.1418,0.142,3.0,0.1419,10.0,28991.0,1812.0
2021-01-05 09:43:03.241,0.1418,0.142,3.0,0.1418,12.0,28991.0,1812.0
2021-01-05 09:43:04.740,0.1418,0.142,3.0,0.1419,10.0,28991.0,1819.0
2021-01-05 09:43:05.251,0.1419,0.142,13.0,0.1418,5.0,28996.0,1824.0
2021-01-05 09:43:05.681,0.1419,0.142,13.0,0.1417,10.0,28996.0,1824.0
2021-01-05 09:43:06.171,0.1419,0.1419,12.0,0.1417,10.0,28996.0,1824.0
2021-01-05 09:43:06.751,0.1419,0.142,13.0,0.1417,10.0,28996.0,1824.0
2021-01-05 09:43:07.231,0.1419,0.142,27.0,0.1416,10.0,28996.0,1824.0
2021-01-05 09:43:07.710,0.1419,0.142,27.0,0.1417,10.0,28996.0,1824.0
2021-01-05 09:43:08.181,0.1419,0.1418,10.0,0.1416,1.0,28996.0,1824.0
2021-01-05 09:43:08.701,0.1419,0.1418,10.0,0.1416,1.0,28996.0,1824.0
2021-01-05 09:43:09.231,0.1419,0.142,25.0,0.1416,11.0,28996.0,1824.0
2021-01-05 09:43:09.740,0.1419,0.1418,10.0,0.1416,1.0,28996.0,1824.0
2021-01-05 09:43:10.150,0.1419,0.142,3.0,0.1418,10.0,28996.0,1824.0
2021-01-05 09:43:11.750,0.1419,0.142,3.0,0.1419,10.0,28996.0,1824.0
2021-01-05 09:43:12.171,0.1419,0.142,3.0,0.1418,10.0,28996.0,1824.0
2021-01-05 09:43:13.210,0.1419,0.142,25.0,0.1417,10.0,28996.0,1824.0
2021-01-05 09:43:13.740,0.1419,0.142,25.0,0.1416,11.0,28996.0,1824.0
2021-01-05 09:43:14.270,0.1419,0.1417,10.0,0.1416,1.0,28996.0,1824.0
2021-01-05 09:43:14.770,0.1419,0.1417,10.0,0.1416,1.0,28996.0,1824.0
2021-01-05 09:43:15.771,0.1419,0.1417,10.0,0.1416,1.0,28996.0,1824.0
2021-01-05 09:43:16.270,0.1419,0.1417,10.0,0.1416,1.0,28996.0,1824.0
2021-01-05 09:43:16.720,0.1419,0.1419,12.0,0.1416,11.0,28996.0,1824.0
2021-01-05 09:43:17.271,0.1419,0.1419,12.0,0.1416,1.0,28996.0,1824.0
2021-01-05 09:43:17.771,0.1419,0.142,13.0,0.1417,10.0,28996.0,1824.0
2021-01-05 09:43:18.270,0.1419,0.1418,10.0,0.1416,1.0,28996.0,1824.0
2021-01-05 09:43:18.741,0.1419,0.1418,10.0,0.1416,1.0,28996.0,1824.0
2021-01-05 09:43:19.261,0.1419,0.1418,10.0,0.1416,1.0,28996.0,1824.0
2021-01-05 09:43:21.271,0.1419,0.142,3.0,0.1417,10.0,28996.0,1824.0
2021-01-05 09:43:21.701,0.142,0.1421,42.0,0.142,1.0,28993.0,1827.0
2021-01-05 09:43:22.281,0.142,0.1421,20.0,0.142,1.0,28993.0,1827.0
2021-01-05 09:43:22.671,0.142,0.142,9.0,0.1417,10.0,28993.0,1828.0
2021-01-05 09:43:23.190,0.142,0.1421,32.0,0.1417,10.0,28993.0,1828.0
2021-01-05 09:43:24.120,0.142,0.1421,32.0,0.1417,10.0,28993.0,1828.0
2021-01-05 09:43:24.661,0.142,0.1421,20.0,0.1417,10.0,28993.0,1828.0
2021-01-05 09:43:25.201,0.142,0.1421,20.0,0.1417,34.0,28993.0,1828.0
2021-01-05 09:43:25.701,0.142,0.1421,10.0,0.142,1.0,28993.0,1828.0
2021-01-05 09:43:26.060,0.142,0.142,11.0,0.1418,4.0,28994.0,1829.0
2021-01-05 09:43:26.621,0.142,0.142,11.0,0.1418,4.0,28995.0,1830.0
2021-01-05 09:43:27.190,0.142,0.1422,10.0,0.1418,14.0,28995.0,1830.0
2021-01-05 09:43:27.591,0.142,0.142,22.0,0.1417,10.0,28995.0,1830.0
2021-01-05 09:43:28.091,0.142,0.142,32.0,0.1417,10.0,28995.0,1830.0
2021-01-05 09:43:29.080,0.142,0.142,32.0,0.1417,10.0,28995.0,1830.0
2021-01-05 09:43:29.660,0.142,0.142,18.0,0.1417,10.0,28995.0,1834.0
2021-01-05 09:43:30.050,0.142,0.142,22.0,0.1417,10.0,28995.0,1834.0
2021-01-05 09:43:30.701,0.142,0.142,32.0,0.1417,10.0,28995.0,1834.0
2021-01-05 09:43:31.111,0.142,0.142,10.0,0.1417,10.0,28995.0,1834.0
2021-01-05 09:43:31.720,0.1421,0.1422,22.0,0.1421,8.0,29007.0,1846.0
2021-01-05 09:43:32.181,0.1421,0.1422,20.0,0.1421,8.0,29007.0,1846.0
2021-01-05 09:43:32.701,0.1421,0.1422,20.0,0.1421,8.0,29007.0,1846.0
2021-01-05 09:43:33.141,0.1419,0.1421,4.0,0.1416,9.0,29017.0,1856.0
2021-01-05 09:43:33.670,0.1419,0.1419,10.0,0.1416,9.0,29017.0,1856.0
2021-01-05 09:43:34.221,0.1419,0.1422,20.0,0.1418,10.0,29017.0,1856.0
2021-01-05 09:43:34.661,0.1419,0.1421,4.0,0.1419,10.0,29017.0,1856.0
2021-01-05 09:43:35.160,0.1421,0.1421,3.0,0.1417,10.0,29018.0,1857.0
2021-01-05 09:43:35.681,0.1421,0.1421,3.0,0.1417,10.0,29018.0,1857.0
2021-01-05 09:43:36.661,0.1421,0.142,10.0,0.1416,11.0,29018.0,1857.0
2021-01-05 09:43:37.181,0.1421,0.142,10.0,0.1416,11.0,29018.0,1857.0
2021-01-05 09:43:37.631,0.1421,0.1421,3.0,0.1416,11.0,29018.0,1857.0
2021-01-05 09:43:38.221,0.1421,0.1421,2.0,0.1416,11.0,29019.0,1858.0
2021-01-05 09:43:39.241,0.1421,0.1422,20.0,0.1416,11.0,29019.0,1858.0
2021-01-05 09:43:39.711,0.1421,0.1422,20.0,0.1417,14.0,29019.0,1858.0
2021-01-05 09:43:40.230,0.1421,0.1421,2.0,0.1416,11.0,29019.0,1858.0
2021-01-05 09:43:40.731,0.1421,0.1421,2.0,0.1416,25.0,29019.0,1858.0
2021-01-05 09:43:41.730,0.1421,0.1421,2.0,0.1416,25.0,29019.0,1858.0
2021-01-05 09:43:42.191,0.1421,0.1421,2.0,0.1416,25.0,29019.0,1858.0
2021-01-05 09:43:42.741,0.1421,0.1421,2.0,0.1416,25.0,29019.0,1858.0
2021-01-05 09:43:43.231,0.1421,0.1419,10.0,0.1416,1.0,29019.0,1858.0
2021-01-05 09:43:43.711,0.1417,0.1421,10.0,0.1417,9.0,29021.0,1860.0
2021-01-05 09:43:44.251,0.1417,0.142,4.0,0.1417,9.0,29021.0,1860.0
2021-01-05 09:43:44.670,0.1417,0.142,4.0,0.1415,11.0,29021.0,1860.0
2021-01-05 09:43:45.221,0.1417,0.142,4.0,0.1416,10.0,29021.0,1860.0
2021-01-05 09:43:45.720,0.1417,0.1417,10.0,0.1415,21.0,29021.0,1860.0
2021-01-05 09:43:46.051,0.1417,0.1417,2.0,0.1416,14.0,29021.0,1868.0
2021-01-05 09:43:46.151,0.1417,0.1417,2.0,0.1416,14.0,29021.0,1868.0
2021-01-05 09:43:47.250,0.1417,0.1417,2.0,0.1416,26.0,29021.0,1868.0
2021-01-05 09:43:47.661,0.1417,0.1417,2.0,0.1416,12.0,29021.0,1868.0
2021-01-05 09:43:48.220,0.1417,0.1416,10.0,0.1415,11.0,29021.0,1868.0
2021-01-05 09:43:48.641,0.1415,0.1416,10.0,0.1414,7.0,29024.0,1872.0
