,last,ask1,asize1,bid1,bsize1,oi,volume
2021-01-05 09:15:02.571,0.0238,0.0238,1.0,0.0238,1.0,11055.0,
2021-01-05 09:21:35.321,0.0238,0.0238,2.0,0.0238,2.0,11055.0,
2021-01-05 09:22:00.261,0.0245,0.0245,2.0,0.0245,2.0,11055.0,
2021-01-05 09:24:46.281,0.0244,0.0244,2.0,0.0244,2.0,11055.0,
2021-01-05 09:24:50.290,0.0245,0.0245,3.0,0.0245,3.0,11055.0,
2021-01-05 09:24:54.661,0.0248,0.0248,3.0,0.0248,3.0,11055.0,
2021-01-05 09:24:59.681,0.0249,0.0249,3.0,0.0249,3.0,11055.0,
2021-01-05 09:25:00.080,0.0249,0.025,1.0,0.0248,1.0,11056.0,3.0
2021-01-05 09:30:00.451,0.025,0.0258,1.0,0.0245,11.0,11056.0,6.0
2021-01-05 09:30:00.991,0.025,0.0263,1.0,0.0253,10.0,11056.0,6.0
2021-01-05 09:30:01.481,0.025,0.0263,1.0,0.0253,10.0,11056.0,6.0
2021-01-05 09:30:02.011,0.025,0.0263,1.0,0.0253,10.0,11056.0,6.0
2021-01-05 09:30:02.440,0.0263,0.0268,1.0,0.0253,10.0,11056.0,7.0
2021-01-05 09:30:05.010,0.0263,0.0268,1.0,0.0255,20.0,11056.0,7.0
2021-01-05 09:30:05.990,0.0263,0.0268,1.0,0.0256,20.0,11056.0,7.0
2021-01-05 09:30:06.480,0.0263,0.0268,1.0,0.0257,20.0,11056.0,7.0
2021-01-05 09:30:06.971,0.0263,0.0268,1.0,0.026,20.0,11056.0,7.0
2021-01-05 09:30:07.471,0.0268,0.0269,30.0,0.026,20.0,11056.0,8.0
2021-01-05 09:30:08.001,0.0268,0.0269,30.0,0.0261,20.0,11056.0,8.0
2021-01-05 09:30:08.520,0.0268,0.0269,30.0,0.026,20.0,11056.0,8.0
2021-01-05 09:30:08.960,0.0268,0.0269,30.0,0.0253,10.0,11056.0,8.0
2021-01-05 09:30:09.490,0.0268,0.0269,30.0,0.026,20.0,11056.0,8.0
2021-01-05 09:30:11.000,0.0268,0.0269,30.0,0.0261,20.0,11056.0,8.0
2021-01-05 09:30:11.521,0.0269,0.0269,10.0,0.0261,20.0,11056.0,28.0
2021-01-05 09:30:13.000,0.0269,0.0269,10.0,0.0259,20.0,11056.0,28.0
2021-01-05 09:30:13.501,0.0269,0.0269,10.0,0.0258,20.0,11056.0,28.0
2021-01-05 09:30:13.941,0.0269,0.0279,20.0,0.0269,6.0,11056.0,38.0
2021-01-05 09:30:14.521,0.0269,0.0287,20.0,0.0269,6.0,11056.0,38.0
2021-01-05 09:30:15.520,0.0269,0.0286,20.0,0.0269,6.0,11056.0,38.0
2021-01-05 09:30:15.991,0.0269,0.0286,20.0,0.0269,6.0,11056.0,38.0
2021-01-05 09:30:16.531,0.0269,0.0287,20.0,0.0269,6.0,11056.0,38.0
2021-01-05 09:30:17.021,0.0269,0.0285,20.0,0.0269,4.0,11056.0,40.0
2021-01-05 09:30:17.641,0.0269,0.0284,20.0,0.0264,20.0,11056.0,44.0
2021-01-05 09:30:18.231,0.0269,0.0282,20.0,0.0262,20.0,11056.0,44.0
2021-01-05 09:30:19.251,0.0269,0.0281,20.0,0.0253,30.0,11056.0,44.0
2021-01-05 09:30:20.240,0.0269,0.0281,20.0,0.0253,30.0,11056.0,44.0
2021-01-05 09:30:20.740,0.0269,0.0282,20.0,0.0253,30.0,11056.0,44.0
2021-01-05 09:30:21.241,0.0269,0.0282,20.0,0.0254,20.0,11056.0,44.0
2021-01-05 09:30:21.741,0.0269,0.0281,20.0,0.0253,30.0,11056.0,44.0
2021-01-05 09:30:22.240,0.0269,0.0283,20.0,0.0255,20.0,11056.0,44.0
2021-01-05 09:30:22.671,0.0269,0.0282,20.0,0.0254,20.0,11056.0,44.0
2021-01-05 09:30:23.670,0.0269,0.0284,20.0,0.0256,20.0,11056.0,44.0
2021-01-05 09:30:24.661,0.0269,0.0285,50.0,0.0257,20.0,11056.0,44.0
2021-01-05 09:30:26.670,0.0269,0.0285,50.0,0.0256,20.0,11056.0,44.0
2021-01-05 09:30:27.671,0.0269,0.0284,20.0,0.0256,20.0,11056.0,44.0
2021-01-05 09:30:28.161,0.0269,0.0284,20.0,0.0256,20.0,11056.0,44.0
2021-01-05 09:30:28.670,0.0269,0.0285,50.0,0.0256,20.0,11056.0,44.0
2021-01-05 09:30:30.171,0.0269,0.0284,20.0,0.0256,20.0,11056.0,44.0
2021-01-05 09:30:30.620,0.0269,0.0283,20.0,0.0255,20.0,11056.0,44.0
2021-01-05 09:30:31.661,0.0269,0.0283,20.0,0.0254,20.0,11056.0,44.0
2021-01-05 09:30:32.631,0.0269,0.0282,20.0,0.0253,30.0,11056.0,44.0
2021-01-05 09:30:33.671,0.0269,0.0281,20.0,0.0253,30.0,11056.0,44.0
2021-01-05 09:30:35.680,0.0269,0.0282,20.0,0.0253,30.0,11056.0,44.0
2021-01-05 09:30:36.170,0.0269,0.0283,20.0,0.0254,20.0,11056.0,44.0
2021-01-05 09:30:37.171,0.0269,0.0282,20.0,0.0254,20.0,11056.0,44.0
2021-01-05 09:30:37.670,0.0269,0.0281,20.0,0.0253,30.0,11056.0,44.0
2021-01-05 09:30:39.680,0.0269,0.0282,20.0,0.0253,30.0,11056.0,44.0
2021-01-05 09:30:40.690,0.0269,0.028,20.0,0.0253,30.0,11056.0,44.0
2021-01-05 09:30:42.181,0.0269,0.0279,20.0,0.0253,30.0,11056.0,44.0
2021-01-05 09:30:42.671,0.0269,0.028,20.0,0.0256,20.0,11056.0,44.0
2021-01-05 09:30:43.180,0.0269,0.0277,20.0,0.0256,40.0,11056.0,44.0
2021-01-05 09:30:43.681,0.0269,0.0277,20.0,0.0256,40.0,11056.0,44.0
2021-01-05 09:30:45.161,0.0269,0.0277,30.0,0.0256,40.0,11056.0,44.0
2021-01-05 09:30:45.710,0.0269,0.0276,20.0,0.0256,40.0,11056.0,44.0
2021-01-05 09:30:47.691,0.0269,0.0275,20.0,0.0256,40.0,11056.0,44.0
2021-01-05 09:30:49.700,0.0269,0.0273,20.0,0.0256,20.0,11056.0,44.0
2021-01-05 09:30:50.720,0.0269,0.0273,20.0,0.0256,20.0,11056.0,44.0
2021-01-05 09:30:51.181,0.0269,0.0273,30.0,0.0256,20.0,11056.0,44.0
2021-01-05 09:30:52.651,0.0269,0.0272,20.0,0.0256,20.0,11056.0,44.0
2021-01-05 09:30:53.660,0.0269,0.0272,20.0,0.0256,20.0,11056.0,44.0
2021-01-05 09:30:54.130,0.0269,0.0272,20.0,0.0256,20.0,11056.0,44.0
2021-01-05 09:30:54.601,0.0269,0.0272,20.0,0.0256,20.0,11056.0,44.0
2021-01-05 09:30:55.081,0.0269,0.0271,20.0,0.0256,20.0,11056.0,44.0
2021-01-05 09:30:55.671,0.0269,0.027,20.0,0.0256,20.0,11056.0,44.0
2021-01-05 09:30:56.660,0.0269,0.027,20.0,0.0256,20.0,11056.0,44.0
2021-01-05 09:30:58.140,0.0269,0.0271,20.0,0.0256,20.0,11056.0,44.0
2021-01-05 09:30:58.660,0.0256,0.0271,20.0,0.0256,18.0,11056.0,46.0
2021-01-05 09:30:59.640,0.0256,0.0273,30.0,0.0256,18.0,11056.0,46.0
2021-01-05 09:31:00.161,0.0256,0.0271,20.0,0.0256,18.0,11056.0,46.0
2021-01-05 09:31:01.150,0.0256,0.0272,20.0,0.0256,18.0,11056.0,46.0
2021-01-05 09:31:02.170,0.0256,0.0273,30.0,0.0256,18.0,11056.0,46.0
2021-01-05 09:31:02.681,0.0256,0.0273,20.0,0.0256,18.0,11056.0,46.0
2021-01-05 09:31:03.131,0.0256,0.0272,30.0,0.0256,18.0,11056.0,46.0
2021-01-05 09:31:03.680,0.0256,0.0272,50.0,0.0256,18.0,11056.0,46.0
2021-01-05 09:31:04.181,0.0256,0.0272,50.0,0.0256,18.0,11056.0,46.0
2021-01-05 09:31:05.670,0.0256,0.0272,50.0,0.0256,18.0,11056.0,46.0
2021-01-05 09:31:06.160,0.0256,0.0272,50.0,0.0256,18.0,11056.0,46.0
2021-01-05 09:31:06.681,0.0256,0.0272,60.0,0.0256,18.0,11056.0,46.0
2021-01-05 09:31:07.190,0.0256,0.0272,50.0,0.0256,18.0,11056.0,46.0
2021-01-05 09:31:08.650,0.0256,0.027,20.0,0.0256,18.0,11056.0,46.0
2021-01-05 09:31:09.101,0.0256,0.0271,20.0,0.0256,18.0,11056.0,46.0
2021-01-05 09:31:09.701,0.0256,0.0271,20.0,0.0256,18.0,11056.0,46.0
2021-01-05 09:31:10.200,0.0256,0.027,3.0,0.0256,13.0,11056.0,51.0
2021-01-05 09:31:10.690,0.0256,0.027,23.0,0.0256,13.0,11056.0,51.0
2021-01-05 09:31:11.701,0.0256,0.027,23.0,0.0256,13.0,11056.0,51.0
2021-01-05 09:31:12.190,0.0256,0.027,23.0,0.0256,13.0,11056.0,51.0
2021-01-05 09:31:12.590,0.0256,0.027,23.0,0.0256,13.0,11056.0,51.0
2021-01-05 09:31:14.690,0.0256,0.027,23.0,0.0256,13.0,11056.0,51.0
2021-01-05 09:31:15.710,0.0256,0.027,23.0,0.0256,13.0,11056.0,51.0
2021-01-05 09:31:16.711,0.0256,0.027,23.0,0.0256,13.0,11056.0,51.0
2021-01-05 09:31:17.710,0.0256,0.027,23.0,0.0256,13.0,11056.0,51.0
2021-01-05 09:31:18.201,0.0256,0.027,33.0,0.0256,13.0,11056.0,51.0
2021-01-05 09:31:18.720,0.0256,0.027,33.0,0.0256,13.0,11056.0,51.0
2021-01-05 09:31:19.150,0.0256,0.0269,20.0,0.0256,13.0,11056.0,51.0
2021-01-05 09:31:19.721,0.0256,0.027,30.0,0.0256,13.0,11056.0,51.0
2021-01-05 09:31:20.171,0.0256,0.0269,13.0,0.0256,13.0,11056.0,51.0
2021-01-05 09:31:20.701,0.0256,0.0269,33.0,0.0256,13.0,11056.0,51.0
2021-01-05 09:31:21.221,0.0256,0.0269,23.0,0.0256,13.0,11056.0,51.0
2021-01-05 09:31:22.620,0.0256,0.0269,23.0,0.0256,13.0,11056.0,51.0
2021-01-05 09:31:23.171,0.0256,0.0269,23.0,0.0256,13.0,11056.0,51.0
2021-01-05 09:31:23.640,0.0256,0.0266,10.0,0.0256,13.0,11056.0,51.0
2021-01-05 09:31:24.161,0.0256,0.0265,10.0,0.0256,13.0,11056.0,51.0
2021-01-05 09:31:24.641,0.0256,0.0264,3.0,0.0256,13.0,11056.0,51.0
2021-01-05 09:31:25.140,0.0256,0.0263,10.0,0.0256,13.0,11056.0,51.0
2021-01-05 09:31:25.630,0.0256,0.0262,10.0,0.0256,13.0,11056.0,51.0
2021-01-05 09:31:26.141,0.0256,0.0261,3.0,0.0256,13.0,11056.0,51.0
2021-01-05 09:31:26.670,0.0261,0.0261,2.0,0.0256,13.0,11055.0,52.0
2021-01-05 09:31:27.171,0.0261,0.0261,2.0,0.0256,13.0,11055.0,52.0
2021-01-05 09:31:27.601,0.0261,0.0261,1.0,0.0256,13.0,11054.0,53.0
2021-01-05 09:31:29.171,0.0261,0.0261,21.0,0.0256,13.0,11054.0,53.0
2021-01-05 09:31:32.191,0.0261,0.0261,21.0,0.0256,13.0,11054.0,53.0
2021-01-05 09:31:34.181,0.0261,0.0261,21.0,0.0256,13.0,11054.0,53.0
2021-01-05 09:31:34.681,0.0261,0.0261,21.0,0.0256,13.0,11054.0,53.0
2021-01-05 09:31:35.670,0.0261,0.0261,21.0,0.0256,13.0,11054.0,53.0
2021-01-05 09:31:36.690,0.0261,0.0261,21.0,0.0256,13.0,11054.0,53.0
2021-01-05 09:31:37.191,0.0261,0.0261,21.0,0.0256,13.0,11054.0,53.0
2021-01-05 09:31:38.190,0.0261,0.0261,21.0,0.0256,13.0,11054.0,53.0
2021-01-05 09:31:39.210,0.0261,0.0261,21.0,0.0256,13.0,11054.0,53.0
2021-01-05 09:31:39.710,0.0261,0.026,13.0,0.0256,13.0,11054.0,53.0
2021-01-05 09:31:40.200,0.0261,0.026,33.0,0.0256,13.0,11054.0,53.0
2021-01-05 09:31:40.711,0.0261,0.0259,14.0,0.0256,13.0,11054.0,53.0
2021-01-05 09:31:41.191,0.0261,0.0258,13.0,0.0256,13.0,11054.0,53.0
2021-01-05 09:31:41.691,0.0261,0.0258,33.0,0.0256,13.0,11054.0,53.0
2021-01-05 09:31:42.211,0.0261,0.0257,14.0,0.0256,13.0,11054.0,53.0
2021-01-05 09:31:43.191,0.0257,0.0257,13.0,0.0256,13.0,11053.0,54.0
2021-01-05 09:31:43.690,0.0257,0.0257,13.0,0.0256,13.0,11053.0,56.0
2021-01-05 09:31:44.190,0.0257,0.0258,13.0,0.0256,13.0,11053.0,56.0
2021-01-05 09:31:44.691,0.0257,0.0259,13.0,0.0256,13.0,11053.0,56.0
2021-01-05 09:31:45.170,0.0257,0.0259,13.0,0.0256,13.0,11053.0,56.0
2021-01-05 09:31:45.700,0.0257,0.0259,33.0,0.0256,13.0,11053.0,56.0
2021-01-05 09:31:46.171,0.0257,0.0258,13.0,0.0256,13.0,11053.0,56.0
2021-01-05 09:31:49.221,0.0256,0.0256,1.0,0.0255,10.0,11053.0,69.0
2021-01-05 09:31:49.711,0.0256,0.0256,1.0,0.0255,10.0,11053.0,69.0
2021-01-05 09:31:50.191,0.0256,0.0256,34.0,0.0254,40.0,11053.0,69.0
2021-01-05 09:31:51.210,0.0254,0.0256,34.0,0.0254,20.0,11053.0,89.0
2021-01-05 09:31:52.220,0.0254,0.0256,21.0,0.0254,20.0,11053.0,89.0
2021-01-05 09:31:52.621,0.0254,0.0256,34.0,0.0254,20.0,11053.0,89.0
2021-01-05 09:31:53.640,0.0254,0.0256,34.0,0.0254,20.0,11053.0,89.0
2021-01-05 09:31:54.151,0.0254,0.0255,13.0,0.0253,10.0,11053.0,109.0
2021-01-05 09:31:54.641,0.0254,0.0256,34.0,0.0253,10.0,11053.0,109.0
2021-01-05 09:31:55.150,0.0254,0.0255,13.0,0.0253,10.0,11053.0,109.0
2021-01-05 09:31:55.670,0.0254,0.0255,13.0,0.0253,10.0,11053.0,109.0
2021-01-05 09:31:56.110,0.0254,0.0255,13.0,0.0253,10.0,11053.0,109.0
2021-01-05 09:31:56.681,0.0254,0.0255,13.0,0.0253,10.0,11053.0,109.0
2021-01-05 09:31:57.171,0.0254,0.0255,13.0,0.0253,10.0,11053.0,109.0
2021-01-05 09:31:57.651,0.0254,0.0255,13.0,0.0253,10.0,11053.0,109.0
2021-01-05 09:31:58.640,0.0255,0.0256,21.0,0.0255,7.0,11053.0,122.0
2021-01-05 09:31:59.180,0.0255,0.0256,21.0,0.0253,10.0,11053.0,129.0
2021-01-05 09:32:00.150,0.0255,0.0256,1.0,0.0253,10.0,11053.0,129.0
2021-01-05 09:32:00.561,0.0255,0.0256,1.0,0.0253,10.0,11053.0,129.0
2021-01-05 09:32:01.170,0.0255,0.0256,21.0,0.0253,10.0,11053.0,129.0
2021-01-05 09:32:01.670,0.0255,0.0256,1.0,0.0253,10.0,11053.0,129.0
2021-01-05 09:32:02.171,0.0255,0.0256,1.0,0.0253,10.0,11053.0,129.0
2021-01-05 09:32:02.671,0.0255,0.0256,1.0,0.0253,10.0,11053.0,129.0
2021-01-05 09:32:03.180,0.0255,0.0256,1.0,0.0253,10.0,11053.0,129.0
2021-01-05 09:32:04.090,0.0255,0.0256,1.0,0.0253,10.0,11053.0,129.0
2021-01-05 09:32:04.661,0.0255,0.0256,1.0,0.0253,10.0,11053.0,129.0
2021-01-05 09:32:05.141,0.0255,0.0256,1.0,0.0253,10.0,11053.0,129.0
2021-01-05 09:32:05.660,0.0255,0.0256,14.0,0.0253,10.0,11053.0,129.0
2021-01-05 09:32:06.161,0.0255,0.0256,1.0,0.0253,10.0,11053.0,129.0
2021-01-05 09:32:06.680,0.0255,0.0256,14.0,0.0253,10.0,11053.0,129.0
2021-01-05 09:32:07.070,0.0255,0.0256,14.0,0.0253,10.0,11053.0,129.0
2021-01-05 09:32:07.671,0.0255,0.0255,13.0,0.0253,10.0,11053.0,129.0
2021-01-05 09:32:08.171,0.0255,0.0256,14.0,0.0253,10.0,11053.0,129.0
2021-01-05 09:32:08.670,0.0255,0.0255,13.0,0.0253,10.0,11053.0,129.0
2021-01-05 09:32:09.141,0.0253,0.0253,10.0,0.0251,10.0,11063.0,139.0
2021-01-05 09:32:09.681,0.0253,0.0253,10.0,0.0249,13.0,11063.0,139.0
2021-01-05 09:32:10.161,0.0253,0.0253,10.0,0.0249,13.0,11063.0,139.0
2021-01-05 09:32:10.630,0.0253,0.0253,10.0,0.0249,13.0,11063.0,139.0
2021-01-05 09:32:11.170,0.0253,0.0253,10.0,0.0249,13.0,11063.0,139.0
2021-01-05 09:32:11.650,0.0253,0.0253,10.0,0.0249,26.0,11063.0,139.0
2021-01-05 09:32:12.161,0.0253,0.0253,10.0,0.0249,13.0,11063.0,139.0
2021-01-05 09:32:12.670,0.0249,0.0253,10.0,0.0249,12.0,11063.0,140.0
2021-01-05 09:32:13.171,0.0249,0.0253,10.0,0.0252,20.0,11063.0,140.0
2021-01-05 09:32:13.671,0.0249,0.0253,10.0,0.0252,20.0,11063.0,140.0
2021-01-05 09:32:14.180,0.0252,0.0253,10.0,0.0252,19.0,11063.0,141.0
2021-01-05 09:32:14.660,0.0252,0.0255,13.0,0.0252,12.0,11063.0,148.0
2021-01-05 09:32:15.171,0.0252,0.0255,13.0,0.0252,12.0,11063.0,148.0
2021-01-05 09:32:15.671,0.0252,0.0255,13.0,0.0252,12.0,11063.0,148.0
2021-01-05 09:32:16.151,0.0252,0.0255,13.0,0.0252,12.0,11063.0,148.0
2021-01-05 09:32:16.551,0.0252,0.0255,13.0,0.0252,12.0,11063.0,148.0
2021-01-05 09:32:17.161,0.0252,0.0255,13.0,0.0252,12.0,11063.0,148.0
2021-01-05 09:32:17.651,0.0252,0.0255,13.0,0.0252,12.0,11063.0,148.0
2021-01-05 09:32:18.130,0.0252,0.0253,1.0,0.0252,12.0,11063.0,148.0
2021-01-05 09:32:18.670,0.0252,0.0252,13.0,0.0249,9.0,11063.0,160.0
2021-01-05 09:32:19.131,0.0252,0.0252,13.0,0.0249,22.0,11063.0,160.0
2021-01-05 09:32:19.640,0.0252,0.0252,13.0,0.0249,22.0,11063.0,160.0
2021-01-05 09:32:20.151,0.0252,0.0251,3.0,0.025,13.0,11063.0,160.0
2021-01-05 09:32:20.671,0.025,0.0251,3.0,0.025,12.0,11063.0,161.0
2021-01-05 09:32:21.130,0.0251,0.0251,1.0,0.025,13.0,11061.0,163.0
2021-01-05 09:32:21.680,0.0251,0.0251,1.0,0.025,14.0,11061.0,163.0
2021-01-05 09:32:22.181,0.0251,0.0253,1.0,0.0251,13.0,11060.0,164.0
2021-01-05 09:32:22.660,0.0251,0.0253,1.0,0.0251,13.0,11060.0,164.0
2021-01-05 09:32:23.140,0.0251,0.0253,1.0,0.0251,13.0,11060.0,164.0
2021-01-05 09:32:24.160,0.0251,0.0253,1.0,0.0251,13.0,11060.0,164.0
2021-01-05 09:32:24.640,0.0251,0.0253,1.0,0.0251,13.0,11060.0,164.0
2021-01-05 09:32:25.170,0.0251,0.0253,1.0,0.025,13.0,11060.0,164.0
2021-01-05 09:32:25.670,0.0251,0.0253,1.0,0.025,13.0,11060.0,164.0
2021-01-05 09:32:26.171,0.0251,0.0252,10.0,0.025,13.0,11060.0,164.0
2021-01-05 09:32:26.650,0.0251,0.0252,10.0,0.025,13.0,11060.0,164.0
2021-01-05 09:32:28.630,0.0251,0.0252,10.0,0.025,13.0,11060.0,164.0
2021-01-05 09:32:29.180,0.0251,0.0252,10.0,0.0247,13.0,11060.0,164.0
2021-01-05 09:32:30.171,0.0251,0.0252,10.0,0.0247,13.0,11060.0,164.0
2021-01-05 09:32:30.671,0.0251,0.0252,10.0,0.0247,13.0,11060.0,164.0
2021-01-05 09:32:31.151,0.0251,0.0252,10.0,0.0247,13.0,11060.0,164.0
2021-01-05 09:32:32.121,0.0247,0.0252,10.0,0.0247,32.0,11060.0,165.0
2021-01-05 09:32:32.690,0.0247,0.0252,10.0,0.0248,13.0,11060.0,165.0
2021-01-05 09:32:32.941,0.0247,0.0252,10.0,0.0248,13.0,11060.0,165.0
2021-01-05 09:32:33.671,0.0247,0.0252,10.0,0.0247,13.0,11060.0,165.0
2021-01-05 09:32:34.691,0.0247,0.0252,10.0,0.0247,33.0,11060.0,165.0
2021-01-05 09:32:35.170,0.0247,0.0252,10.0,0.0248,13.0,11060.0,165.0
2021-01-05 09:32:35.671,0.0247,0.0252,10.0,0.0248,13.0,11060.0,165.0
2021-01-05 09:32:36.190,0.0247,0.0252,10.0,0.0248,33.0,11060.0,165.0
2021-01-05 09:32:36.691,0.0247,0.0252,10.0,0.0249,13.0,11060.0,165.0
2021-01-05 09:32:37.150,0.0247,0.0252,10.0,0.0249,13.0,11060.0,165.0
2021-01-05 09:32:37.661,0.0247,0.0252,10.0,0.0249,13.0,11060.0,165.0
2021-01-05 09:32:38.190,0.0249,0.0252,10.0,0.0248,20.0,11060.0,166.0
2021-01-05 09:32:39.200,0.0249,0.0252,30.0,0.0249,40.0,11060.0,166.0
2021-01-05 09:32:39.621,0.0249,0.0252,43.0,0.0249,33.0,11060.0,166.0
2021-01-05 09:32:40.111,0.0249,0.0251,3.0,0.0249,53.0,11060.0,166.0
2021-01-05 09:32:41.200,0.0249,0.0251,3.0,0.025,13.0,11060.0,166.0
2021-01-05 09:32:41.690,0.0249,0.0251,3.0,0.0249,13.0,11060.0,166.0
2021-01-05 09:32:42.201,0.0249,0.0251,3.0,0.0249,33.0,11060.0,166.0
2021-01-05 09:32:42.700,0.0249,0.0251,3.0,0.025,13.0,11060.0,166.0
2021-01-05 09:32:43.131,0.0249,0.0251,3.0,0.025,13.0,11060.0,166.0
2021-01-05 09:32:43.580,0.0249,0.0251,3.0,0.0249,13.0,11060.0,166.0
2021-01-05 09:32:44.151,0.0249,0.0251,3.0,0.0249,33.0,11060.0,166.0
2021-01-05 09:32:44.700,0.0249,0.0251,3.0,0.025,13.0,11060.0,166.0
2021-01-05 09:32:45.580,0.0249,0.0251,3.0,0.025,33.0,11060.0,166.0
2021-01-05 09:32:46.160,0.0249,0.0251,3.0,0.025,13.0,11060.0,166.0
2021-01-05 09:32:47.701,0.025,0.0251,3.0,0.025,13.0,11060.0,167.0
2021-01-05 09:32:48.181,0.025,0.0251,3.0,0.0249,13.0,11060.0,167.0
2021-01-05 09:32:48.550,0.025,0.0251,23.0,0.0249,13.0,11060.0,167.0
2021-01-05 09:32:48.690,0.025,0.0251,23.0,0.0249,13.0,11060.0,167.0
2021-01-05 09:32:49.670,0.025,0.025,20.0,0.0249,13.0,11060.0,167.0
2021-01-05 09:32:50.171,0.0249,0.0249,10.0,0.0246,10.0,11060.0,180.0
2021-01-05 09:32:50.700,0.0249,0.0248,3.0,0.0247,13.0,11060.0,180.0
2021-01-05 09:32:51.170,0.0249,0.0248,3.0,0.0247,13.0,11060.0,180.0
2021-01-05 09:32:51.701,0.0247,0.0248,3.0,0.0247,10.0,11057.0,183.0
2021-01-05 09:32:52.191,0.0247,0.0248,3.0,0.0246,33.0,11057.0,183.0
2021-01-05 09:32:52.671,0.0247,0.0248,3.0,0.0247,13.0,11057.0,183.0
2021-01-05 09:32:53.161,0.0247,0.0248,3.0,0.0247,13.0,11057.0,183.0
2021-01-05 09:32:53.641,0.0247,0.0248,3.0,0.0247,33.0,11057.0,183.0
2021-01-05 09:32:54.100,0.0248,0.0251,30.0,0.0248,11.0,11054.0,186.0
2021-01-05 09:32:54.671,0.0248,0.0251,30.0,0.0248,33.0,11054.0,186.0
2021-01-05 09:32:55.170,0.0248,0.0251,43.0,0.0248,33.0,11054.0,186.0
2021-01-05 09:32:55.670,0.0248,0.0251,30.0,0.0249,13.0,11054.0,186.0
2021-01-05 09:32:56.150,0.0248,0.0251,43.0,0.0248,13.0,11054.0,186.0
2021-01-05 09:32:56.611,0.0248,0.0251,30.0,0.0248,13.0,11054.0,186.0
2021-01-05 09:32:57.130,0.0248,0.0251,30.0,0.0248,13.0,11054.0,186.0
2021-01-05 09:32:57.600,0.0248,0.0251,30.0,0.0248,13.0,11054.0,186.0
2021-01-05 09:32:58.171,0.0248,0.0251,30.0,0.0248,13.0,11054.0,186.0
2021-01-05 09:32:59.170,0.0248,0.0251,30.0,0.0248,13.0,11054.0,186.0
2021-01-05 09:32:59.621,0.0251,0.0251,20.0,0.0248,13.0,11074.0,206.0
2021-01-05 09:33:00.651,0.0251,0.0251,20.0,0.0248,13.0,11074.0,206.0
2021-01-05 09:33:01.081,0.0251,0.0251,20.0,0.0248,33.0,11074.0,206.0
2021-01-05 09:33:01.661,0.0251,0.0252,20.0,0.0249,13.0,11074.0,206.0
2021-01-05 09:33:02.130,0.0251,0.0252,20.0,0.0249,53.0,11074.0,206.0
2021-01-05 09:33:02.651,0.0251,0.0252,20.0,0.025,13.0,11074.0,206.0
2021-01-05 09:33:03.171,0.0251,0.0253,11.0,0.025,33.0,11074.0,206.0
2021-01-05 09:33:03.681,0.0251,0.0253,11.0,0.0251,13.0,11074.0,206.0
2021-01-05 09:33:04.140,0.0251,0.0253,11.0,0.0251,13.0,11074.0,206.0
2021-01-05 09:33:04.651,0.0251,0.0253,11.0,0.0251,33.0,11074.0,206.0
2021-01-05 09:33:05.181,0.0251,0.0253,1.0,0.0252,13.0,11074.0,206.0
2021-01-05 09:33:05.690,0.0251,0.0253,1.0,0.0252,20.0,11074.0,206.0
2021-01-05 09:33:06.170,0.0251,0.0253,1.0,0.0252,13.0,11074.0,206.0
2021-01-05 09:33:06.681,0.0251,0.0253,1.0,0.0252,13.0,11074.0,206.0
2021-01-05 09:33:07.171,0.0251,0.0253,1.0,0.0252,53.0,11074.0,206.0
2021-01-05 09:33:07.601,0.0253,0.0255,20.0,0.0253,13.0,11075.0,207.0
2021-01-05 09:33:07.961,0.0253,0.0255,10.0,0.0253,13.0,11075.0,207.0
2021-01-05 09:33:08.681,0.0253,0.0255,30.0,0.0253,13.0,11075.0,207.0
2021-01-05 09:33:09.181,0.0253,0.0255,30.0,0.0253,13.0,11075.0,207.0
2021-01-05 09:33:09.630,0.0253,0.0255,30.0,0.0253,13.0,11075.0,207.0
2021-01-05 09:33:10.180,0.0253,0.0255,30.0,0.0252,13.0,11075.0,207.0
2021-01-05 09:33:10.681,0.0253,0.0255,20.0,0.0252,53.0,11075.0,207.0
2021-01-05 09:33:11.150,0.0253,0.0255,20.0,0.0253,18.0,11075.0,207.0
2021-01-05 09:33:11.670,0.0253,0.0255,20.0,0.0253,18.0,11075.0,207.0
2021-01-05 09:33:12.650,0.0253,0.0255,20.0,0.0253,18.0,11075.0,207.0
2021-01-05 09:33:13.100,0.0253,0.0255,20.0,0.0253,18.0,11075.0,207.0
2021-01-05 09:33:13.691,0.0253,0.0255,20.0,0.0254,13.0,11075.0,207.0
2021-01-05 09:33:14.160,0.0254,0.0255,20.0,0.0253,5.0,11088.0,220.0
2021-01-05 09:33:14.650,0.0254,0.0255,33.0,0.0253,5.0,11088.0,220.0
2021-01-05 09:33:15.651,0.0254,0.0256,20.0,0.0253,5.0,11088.0,220.0
2021-01-05 09:33:16.181,0.0254,0.0256,33.0,0.0253,18.0,11088.0,220.0
2021-01-05 09:33:16.671,0.0254,0.0256,20.0,0.0254,23.0,11088.0,220.0
2021-01-05 09:33:17.190,0.0254,0.0257,48.0,0.0254,23.0,11088.0,220.0
2021-01-05 09:33:18.680,0.0254,0.0257,48.0,0.0254,23.0,11088.0,220.0
2021-01-05 09:33:19.191,0.0254,0.0257,35.0,0.0255,13.0,11088.0,220.0
2021-01-05 09:33:19.660,0.0254,0.0257,35.0,0.0255,13.0,11088.0,220.0
2021-01-05 09:33:20.171,0.0254,0.0256,3.0,0.0255,13.0,11088.0,220.0
2021-01-05 09:33:20.680,0.0254,0.0256,3.0,0.0255,13.0,11088.0,220.0
2021-01-05 09:33:21.160,0.0254,0.0256,3.0,0.0255,13.0,11088.0,220.0
2021-01-05 09:33:21.681,0.0254,0.0256,3.0,0.0255,13.0,11088.0,220.0
2021-01-05 09:33:22.670,0.0254,0.0256,3.0,0.0255,13.0,11088.0,220.0
2021-01-05 09:33:24.171,0.0254,0.0256,3.0,0.0255,13.0,11088.0,220.0
2021-01-05 09:33:24.251,0.0254,0.0256,3.0,0.0255,13.0,11088.0,220.0
2021-01-05 09:33:25.151,0.0254,0.0256,3.0,0.0255,13.0,11088.0,220.0
2021-01-05 09:33:25.671,0.0254,0.0256,3.0,0.0255,13.0,11088.0,220.0
2021-01-05 09:33:26.161,0.0254,0.0256,3.0,0.0255,13.0,11088.0,220.0
2021-01-05 09:33:26.651,0.0254,0.0256,3.0,0.0255,13.0,11088.0,220.0
2021-01-05 09:33:27.171,0.0254,0.0256,3.0,0.0255,13.0,11088.0,220.0
2021-01-05 09:33:27.681,0.0254,0.0256,3.0,0.0255,13.0,11088.0,220.0
2021-01-05 09:33:28.180,0.0254,0.0256,3.0,0.0255,13.0,11088.0,220.0
2021-01-05 09:33:28.670,0.0256,0.0257,5.0,0.0256,2.0,11088.0,223.0
2021-01-05 09:33:29.171,0.0256,0.0257,5.0,0.0256,13.0,11090.0,225.0
2021-01-05 09:33:30.180,0.0256,0.0256,2.0,0.0255,13.0,11090.0,225.0
2021-01-05 09:33:34.671,0.0256,0.0256,2.0,0.0255,13.0,11090.0,225.0
2021-01-05 09:33:35.150,0.0256,0.0256,2.0,0.0255,13.0,11090.0,225.0
2021-01-05 09:33:35.690,0.0256,0.0257,5.0,0.0255,13.0,11090.0,225.0
2021-01-05 09:33:36.101,0.0256,0.0257,5.0,0.0255,13.0,11090.0,225.0
2021-01-05 09:33:36.681,0.0256,0.0257,5.0,0.0255,33.0,11090.0,225.0
2021-01-05 09:33:37.190,0.0256,0.0257,5.0,0.0256,13.0,11090.0,225.0
2021-01-05 09:33:37.640,0.0256,0.0257,5.0,0.0256,33.0,11090.0,225.0
2021-01-05 09:33:38.120,0.0257,0.0259,30.0,0.0257,13.0,11095.0,230.0
2021-01-05 09:33:38.621,0.0257,0.0259,20.0,0.0257,13.0,11095.0,230.0
2021-01-05 09:33:39.201,0.0257,0.0259,20.0,0.0257,13.0,11095.0,230.0
2021-01-05 09:33:39.641,0.0257,0.0259,20.0,0.0256,20.0,11103.0,243.0
2021-01-05 09:33:39.760,0.0257,0.0258,3.0,0.0256,20.0,11103.0,243.0
2021-01-05 09:33:40.690,0.0257,0.0258,3.0,0.0256,33.0,11103.0,243.0
2021-01-05 09:33:41.161,0.0257,0.0258,3.0,0.0256,13.0,11103.0,243.0
2021-01-05 09:33:41.691,0.0257,0.0258,3.0,0.0256,13.0,11103.0,243.0
2021-01-05 09:33:42.160,0.0257,0.0258,3.0,0.0256,13.0,11103.0,243.0
2021-01-05 09:33:42.640,0.0257,0.0258,3.0,0.0256,13.0,11103.0,243.0
2021-01-05 09:33:43.180,0.0257,0.0258,23.0,0.0256,13.0,11103.0,243.0
2021-01-05 09:33:43.681,0.0257,0.0258,23.0,0.0256,13.0,11103.0,243.0
2021-01-05 09:33:44.110,0.0257,0.0258,23.0,0.0254,20.0,11103.0,243.0
2021-01-05 09:33:44.671,0.0257,0.0258,23.0,0.0255,13.0,11103.0,243.0
2021-01-05 09:33:45.180,0.0257,0.0258,23.0,0.0255,33.0,11103.0,243.0
2021-01-05 09:33:45.660,0.0257,0.0258,23.0,0.0256,13.0,11103.0,243.0
2021-01-05 09:33:46.161,0.0257,0.0258,23.0,0.0256,13.0,11103.0,243.0
2021-01-05 09:33:46.680,0.0257,0.0258,23.0,0.0256,13.0,11103.0,243.0
2021-01-05 09:33:47.191,0.0257,0.0258,23.0,0.0254,13.0,11103.0,243.0
2021-01-05 09:33:47.681,0.0257,0.0258,23.0,0.0254,13.0,11103.0,243.0
2021-01-05 09:33:48.171,0.0257,0.0258,23.0,0.0254,13.0,11103.0,243.0
2021-01-05 09:33:48.680,0.0257,0.0258,23.0,0.0254,13.0,11103.0,243.0
2021-01-05 09:33:49.051,0.0257,0.0258,23.0,0.0254,33.0,11103.0,243.0
2021-01-05 09:33:49.681,0.0257,0.0258,23.0,0.0255,13.0,11103.0,243.0
2021-01-05 09:33:50.670,0.0257,0.0258,23.0,0.0255,13.0,11103.0,243.0
2021-01-05 09:33:51.141,0.0257,0.0258,23.0,0.0255,13.0,11103.0,243.0
2021-01-05 09:33:51.581,0.0257,0.0258,23.0,0.0255,13.0,11103.0,243.0
2021-01-05 09:33:52.190,0.0257,0.0258,23.0,0.0255,33.0,11103.0,243.0
2021-01-05 09:33:52.661,0.0257,0.0258,36.0,0.0255,13.0,11103.0,243.0
2021-01-05 09:33:53.171,0.0257,0.0258,23.0,0.0255,13.0,11103.0,243.0
2021-01-05 09:33:53.650,0.0257,0.0258,23.0,0.0255,13.0,11103.0,243.0
2021-01-05 09:33:54.180,0.0257,0.0258,23.0,0.0255,33.0,11103.0,243.0
2021-01-05 09:33:54.610,0.0257,0.0258,23.0,0.0256,13.0,11103.0,243.0
2021-01-05 09:33:55.181,0.0257,0.0258,23.0,0.0256,13.0,11103.0,243.0
2021-01-05 09:33:55.650,0.0257,0.0258,23.0,0.0256,13.0,11103.0,243.0
2021-01-05 09:33:56.120,0.0257,0.0258,23.0,0.0255,33.0,11103.0,243.0
2021-01-05 09:33:56.651,0.0257,0.0258,23.0,0.0256,13.0,11103.0,243.0
2021-01-05 09:33:57.171,0.0257,0.0258,23.0,0.0256,13.0,11103.0,243.0
2021-01-05 09:33:57.671,0.0257,0.0258,23.0,0.0256,13.0,11103.0,243.0
2021-01-05 09:33:58.170,0.0256,0.0258,23.0,0.0254,20.0,11129.0,269.0
2021-01-05 09:33:58.670,0.0256,0.0258,23.0,0.0254,20.0,11129.0,269.0
2021-01-05 09:33:59.140,0.0256,0.0257,20.0,0.0252,30.0,11129.0,269.0
2021-01-05 09:33:59.690,0.0256,0.0256,13.0,0.0252,43.0,11129.0,269.0
2021-01-05 09:34:00.191,0.0256,0.0255,6.0,0.0252,20.0,11129.0,269.0
2021-01-05 09:34:00.671,0.0256,0.0255,19.0,0.0252,33.0,11129.0,269.0
2021-01-05 09:34:01.081,0.0256,0.0255,19.0,0.0252,33.0,11129.0,269.0
2021-01-05 09:34:01.661,0.0256,0.0255,6.0,0.0253,13.0,11129.0,269.0
2021-01-05 09:34:02.170,0.0256,0.0255,6.0,0.0253,20.0,11129.0,269.0
2021-01-05 09:34:02.671,0.0256,0.0255,19.0,0.0253,20.0,11129.0,269.0
2021-01-05 09:34:03.171,0.0256,0.0254,13.0,0.0253,20.0,11129.0,269.0
2021-01-05 09:34:03.670,0.0256,0.0255,13.0,0.0253,20.0,11129.0,269.0
2021-01-05 09:34:04.120,0.0256,0.0254,6.0,0.0252,33.0,11129.0,269.0
2021-01-05 09:34:04.671,0.0256,0.0254,6.0,0.0252,33.0,11129.0,269.0
2021-01-05 09:34:05.121,0.0256,0.0254,19.0,0.0252,20.0,11129.0,269.0
2021-01-05 09:34:05.630,0.0256,0.0254,6.0,0.0253,13.0,11129.0,269.0
2021-01-05 09:34:06.191,0.0256,0.0254,6.0,0.0252,20.0,11129.0,269.0
2021-01-05 09:34:06.671,0.0256,0.0254,6.0,0.0253,13.0,11129.0,269.0
2021-01-05 09:34:07.130,0.0256,0.0254,6.0,0.0252,13.0,11129.0,269.0
2021-01-05 09:34:07.630,0.0256,0.0254,6.0,0.0252,13.0,11129.0,269.0
2021-01-05 09:34:08.171,0.0256,0.0254,19.0,0.0251,33.0,11129.0,269.0
2021-01-05 09:34:08.690,0.0256,0.0252,10.0,0.0251,20.0,11129.0,269.0
2021-01-05 09:34:09.170,0.0252,0.0255,21.0,0.0251,20.0,11139.0,279.0
2021-01-05 09:34:09.670,0.0252,0.0254,29.0,0.0251,33.0,11139.0,279.0
2021-01-05 09:34:10.690,0.0252,0.0254,29.0,0.0252,20.0,11139.0,279.0
2021-01-05 09:34:11.151,0.0252,0.0254,19.0,0.0252,20.0,11139.0,279.0
2021-01-05 09:34:11.681,0.0252,0.0254,6.0,0.0252,33.0,11139.0,279.0
2021-01-05 09:34:12.121,0.0252,0.0254,6.0,0.0252,33.0,11139.0,279.0
2021-01-05 09:34:12.640,0.0252,0.0254,6.0,0.0252,33.0,11139.0,279.0
2021-01-05 09:34:13.191,0.0252,0.0254,6.0,0.0252,33.0,11139.0,279.0
2021-01-05 09:34:13.521,0.0252,0.0254,6.0,0.0252,33.0,11139.0,279.0
2021-01-05 09:34:14.181,0.0252,0.0254,6.0,0.0253,25.0,11139.0,279.0
2021-01-05 09:34:14.691,0.0252,0.0254,6.0,0.0253,25.0,11139.0,279.0
2021-01-05 09:34:15.181,0.0254,0.0255,14.0,0.0254,14.0,11133.0,285.0
2021-01-05 09:34:15.681,0.0254,0.0255,1.0,0.0254,14.0,11133.0,285.0
2021-01-05 09:34:16.190,0.0254,0.0254,13.0,0.0253,25.0,11133.0,285.0
2021-01-05 09:34:16.630,0.0254,0.0255,14.0,0.0253,25.0,11133.0,285.0
2021-01-05 09:34:17.181,0.0254,0.0255,1.0,0.0253,38.0,11133.0,285.0
2021-01-05 09:34:17.690,0.0254,0.0255,1.0,0.0253,18.0,11133.0,285.0
2021-01-05 09:34:18.201,0.0254,0.0255,34.0,0.0253,5.0,11133.0,285.0
2021-01-05 09:34:18.620,0.0254,0.0255,34.0,0.0253,5.0,11133.0,285.0
2021-01-05 09:34:19.091,0.0254,0.0255,34.0,0.0253,5.0,11133.0,285.0
2021-01-05 09:34:19.700,0.0254,0.0255,21.0,0.0253,18.0,11133.0,285.0
2021-01-05 09:34:20.180,0.0254,0.0254,16.0,0.0253,5.0,11133.0,285.0
2021-01-05 09:34:20.651,0.0254,0.0254,3.0,0.0253,5.0,11133.0,285.0
2021-01-05 09:34:21.200,0.0254,0.0254,16.0,0.0253,5.0,11133.0,285.0
2021-01-05 09:34:21.690,0.0254,0.0254,16.0,0.0253,5.0,11133.0,285.0
2021-01-05 09:34:22.151,0.0254,0.0254,3.0,0.0253,5.0,11133.0,285.0
2021-01-05 09:34:23.661,0.0254,0.0254,3.0,0.0253,5.0,11133.0,285.0
2021-01-05 09:34:24.170,0.0254,0.0254,3.0,0.0253,5.0,11133.0,285.0
2021-01-05 09:34:25.171,0.0254,0.0254,3.0,0.0253,5.0,11133.0,285.0
2021-01-05 09:34:26.170,0.0254,0.0254,3.0,0.0253,18.0,11133.0,285.0
2021-01-05 09:34:27.150,0.0254,0.0254,3.0,0.0253,5.0,11133.0,285.0
2021-01-05 09:34:29.171,0.0254,0.0254,3.0,0.0253,18.0,11133.0,285.0
2021-01-05 09:34:30.170,0.0253,0.0254,3.0,0.0253,15.0,11133.0,288.0
2021-01-05 09:34:30.681,0.0253,0.0254,3.0,0.0253,15.0,11133.0,288.0
2021-01-05 09:34:31.190,0.0253,0.0254,3.0,0.0253,2.0,11133.0,288.0
2021-01-05 09:34:31.691,0.0253,0.0254,3.0,0.0253,15.0,11133.0,288.0
2021-01-05 09:34:33.691,0.0253,0.0254,3.0,0.0253,2.0,11133.0,288.0
2021-01-05 09:34:34.171,0.0253,0.0254,3.0,0.0253,15.0,11133.0,288.0
2021-01-05 09:34:34.640,0.0253,0.0254,3.0,0.0253,2.0,11133.0,288.0
2021-01-05 09:34:35.130,0.0253,0.0254,3.0,0.0253,2.0,11133.0,288.0
2021-01-05 09:34:35.691,0.0253,0.0254,3.0,0.0253,2.0,11133.0,288.0
2021-01-05 09:34:36.680,0.0253,0.0254,3.0,0.0253,2.0,11133.0,288.0
2021-01-05 09:34:37.700,0.0253,0.0254,23.0,0.0253,2.0,11133.0,288.0
2021-01-05 09:34:38.690,0.0253,0.0254,36.0,0.0253,2.0,11133.0,288.0
2021-01-05 09:34:39.091,0.0253,0.0254,36.0,0.0253,2.0,11133.0,288.0
2021-01-05 09:34:40.171,0.0253,0.0253,3.0,0.0251,15.0,11135.0,290.0
2021-01-05 09:34:40.651,0.0253,0.0253,3.0,0.0251,15.0,11135.0,290.0
2021-01-05 09:34:40.920,0.0253,0.0252,3.0,0.0251,14.0,11135.0,290.0
2021-01-05 09:34:41.700,0.0253,0.0252,3.0,0.0251,14.0,11135.0,290.0
2021-01-05 09:34:42.171,0.0251,0.0252,3.0,0.0251,13.0,11134.0,293.0
2021-01-05 09:34:42.680,0.0252,0.0254,53.0,0.0252,17.0,11131.0,296.0
2021-01-05 09:34:43.191,0.0252,0.0254,33.0,0.0252,17.0,11131.0,296.0
2021-01-05 09:34:43.671,0.0252,0.0254,33.0,0.0252,17.0,11131.0,296.0
2021-01-05 09:34:44.701,0.0252,0.0253,13.0,0.0252,17.0,11131.0,296.0
2021-01-05 09:34:45.200,0.0252,0.0253,13.0,0.0252,17.0,11131.0,296.0
2021-01-05 09:34:46.201,0.0252,0.0254,33.0,0.0252,17.0,11131.0,296.0
2021-01-05 09:34:47.181,0.0252,0.0253,13.0,0.0252,17.0,11131.0,296.0
2021-01-05 09:34:47.701,0.0252,0.0253,13.0,0.0252,17.0,11131.0,296.0
2021-01-05 09:34:48.700,0.0252,0.0253,13.0,0.0252,17.0,11131.0,296.0
2021-01-05 09:34:49.701,0.0252,0.0253,13.0,0.0252,17.0,11131.0,296.0
2021-01-05 09:34:50.220,0.0252,0.0253,13.0,0.0252,17.0,11131.0,296.0
2021-01-05 09:34:50.700,0.0252,0.0254,13.0,0.0252,17.0,11131.0,296.0
2021-01-05 09:34:51.200,0.0252,0.0253,13.0,0.0252,17.0,11131.0,296.0
2021-01-05 09:34:51.701,0.0252,0.0254,13.0,0.0252,17.0,11131.0,296.0
2021-01-05 09:34:52.220,0.0252,0.0254,13.0,0.0252,17.0,11131.0,296.0
2021-01-05 09:34:53.180,0.0254,0.0254,11.0,0.0252,17.0,11133.0,298.0
2021-01-05 09:34:53.651,0.0254,0.0254,13.0,0.0252,17.0,11133.0,298.0
2021-01-05 09:34:54.170,0.0254,0.0254,13.0,0.0252,17.0,11133.0,298.0
2021-01-05 09:34:54.331,0.0254,0.0254,53.0,0.0253,5.0,11133.0,298.0
2021-01-05 09:34:55.161,0.0253,0.0253,13.0,0.0252,17.0,11138.0,303.0
2021-01-05 09:34:55.520,0.0253,0.0253,13.0,0.0252,17.0,11138.0,303.0
2021-01-05 09:34:56.600,0.0253,0.0253,33.0,0.0252,17.0,11138.0,303.0
2021-01-05 09:34:57.130,0.0252,0.0252,10.0,0.0251,20.0,11138.0,320.0
2021-01-05 09:34:57.670,0.0252,0.0252,13.0,0.0251,20.0,11138.0,320.0
2021-01-05 09:34:58.160,0.0252,0.0252,23.0,0.0251,20.0,11138.0,320.0
2021-01-05 09:34:58.640,0.0252,0.0252,23.0,0.0251,20.0,11138.0,320.0
2021-01-05 09:35:00.640,0.0252,0.0252,23.0,0.0251,20.0,11138.0,320.0
2021-01-05 09:35:01.070,0.0252,0.0252,10.0,0.0251,20.0,11138.0,320.0
2021-01-05 09:35:01.620,0.0252,0.0252,23.0,0.0251,20.0,11138.0,320.0
2021-01-05 09:35:02.181,0.0252,0.0252,13.0,0.0251,20.0,11138.0,320.0
2021-01-05 09:35:02.680,0.0252,0.0253,33.0,0.0251,20.0,11138.0,320.0
2021-01-05 09:35:03.180,0.0252,0.0252,13.0,0.0251,20.0,11138.0,320.0
2021-01-05 09:35:03.660,0.0252,0.0252,13.0,0.0251,40.0,11138.0,320.0
2021-01-05 09:35:04.181,0.0252,0.0254,20.0,0.0251,20.0,11138.0,320.0
2021-01-05 09:35:05.180,0.0252,0.0253,13.0,0.0251,20.0,11138.0,320.0
2021-01-05 09:35:05.671,0.0252,0.0253,13.0,0.0251,20.0,11138.0,320.0
2021-01-05 09:35:06.180,0.0252,0.0254,53.0,0.0251,33.0,11138.0,320.0
2021-01-05 09:35:06.680,0.0252,0.0253,40.0,0.0251,33.0,11138.0,320.0
2021-01-05 09:35:07.131,0.0252,0.0253,53.0,0.0251,20.0,11138.0,320.0
2021-01-05 09:35:07.650,0.0252,0.0253,63.0,0.0251,20.0,11138.0,320.0
2021-01-05 09:35:08.190,0.0251,0.0253,63.0,0.025,15.0,11138.0,340.0
2021-01-05 09:35:09.191,0.0251,0.0252,33.0,0.025,2.0,11138.0,340.0
2021-01-05 09:35:09.700,0.0251,0.0252,63.0,0.025,2.0,11138.0,340.0
2021-01-05 09:35:10.180,0.0251,0.0252,63.0,0.025,2.0,11138.0,340.0
2021-01-05 09:35:10.691,0.0251,0.0251,13.0,0.025,2.0,11138.0,340.0
2021-01-05 09:35:11.160,0.0251,0.0251,13.0,0.025,2.0,11138.0,340.0
2021-01-05 09:35:11.671,0.0251,0.0251,23.0,0.025,2.0,11138.0,340.0
2021-01-05 09:35:12.691,0.0251,0.0251,23.0,0.025,2.0,11138.0,347.0
2021-01-05 09:35:13.181,0.0251,0.0251,10.0,0.025,2.0,11138.0,347.0
2021-01-05 09:35:13.640,0.0251,0.0253,33.0,0.025,15.0,11138.0,347.0
2021-01-05 09:35:14.191,0.0251,0.0252,13.0,0.0251,7.0,11138.0,347.0
2021-01-05 09:35:14.700,0.0251,0.0253,13.0,0.0251,7.0,11138.0,347.0
2021-01-05 09:35:15.200,0.0251,0.0253,13.0,0.025,22.0,11145.0,354.0
2021-01-05 09:35:15.701,0.0251,0.0253,13.0,0.025,22.0,11145.0,354.0
2021-01-05 09:35:16.201,0.0251,0.0253,33.0,0.025,22.0,11145.0,354.0
2021-01-05 09:35:16.660,0.0251,0.0253,43.0,0.025,35.0,11145.0,354.0
2021-01-05 09:35:17.190,0.0251,0.0253,30.0,0.0251,13.0,11145.0,354.0
2021-01-05 09:35:17.680,0.0251,0.0253,20.0,0.0251,13.0,11145.0,354.0
2021-01-05 09:35:18.170,0.0251,0.0253,20.0,0.0251,13.0,11145.0,354.0
2021-01-05 09:35:18.681,0.0251,0.0255,31.0,0.0251,13.0,11145.0,354.0
2021-01-05 09:35:19.180,0.0251,0.0254,10.0,0.0251,13.0,11145.0,354.0
2021-01-05 09:35:19.670,0.0251,0.0254,10.0,0.0251,32.0,11145.0,355.0
2021-01-05 09:35:20.170,0.0251,0.0254,13.0,0.0251,33.0,11145.0,355.0
2021-01-05 09:35:20.690,0.0251,0.0254,33.0,0.0251,33.0,11145.0,355.0
2021-01-05 09:35:21.180,0.0251,0.0254,30.0,0.0252,13.0,11145.0,355.0
2021-01-05 09:35:21.620,0.0251,0.0253,20.0,0.0251,13.0,11145.0,355.0
2021-01-05 09:35:22.171,0.0251,0.0253,30.0,0.0251,13.0,11145.0,355.0
2021-01-05 09:35:23.680,0.0251,0.0253,43.0,0.025,15.0,11145.0,355.0
2021-01-05 09:35:24.171,0.0251,0.0254,43.0,0.0251,33.0,11145.0,355.0
2021-01-05 09:35:24.671,0.0251,0.0254,43.0,0.0251,13.0,11145.0,355.0
2021-01-05 09:35:25.170,0.0251,0.0253,13.0,0.025,35.0,11145.0,355.0
2021-01-05 09:35:25.660,0.0251,0.0253,10.0,0.0251,13.0,11145.0,355.0
2021-01-05 09:35:26.171,0.0251,0.0253,10.0,0.0251,13.0,11145.0,355.0
2021-01-05 09:35:26.651,0.0251,0.0251,10.0,0.025,35.0,11145.0,368.0
2021-01-05 09:35:27.641,0.0251,0.0251,10.0,0.025,35.0,11145.0,368.0
2021-01-05 09:35:30.690,0.0251,0.0251,10.0,0.025,22.0,11145.0,368.0
2021-01-05 09:35:31.170,0.0251,0.0251,10.0,0.025,35.0,11145.0,368.0
2021-01-05 09:35:31.700,0.0251,0.0251,10.0,0.025,35.0,11145.0,368.0
2021-01-05 09:35:32.150,0.0251,0.0251,10.0,0.025,35.0,11145.0,368.0
2021-01-05 09:35:32.630,0.0251,0.0251,10.0,0.025,35.0,11145.0,368.0
2021-01-05 09:35:33.650,0.025,0.0251,10.0,0.025,1.0,11145.0,369.0
2021-01-05 09:35:34.691,0.025,0.0251,10.0,0.025,14.0,11145.0,369.0
2021-01-05 09:35:35.200,0.025,0.0251,10.0,0.025,1.0,11145.0,369.0
2021-01-05 09:35:35.690,0.025,0.0251,10.0,0.0249,13.0,11145.0,370.0
2021-01-05 09:35:36.601,0.025,0.0251,10.0,0.0249,13.0,11145.0,370.0
2021-01-05 09:35:37.171,0.025,0.0251,10.0,0.0249,13.0,11145.0,370.0
2021-01-05 09:35:37.640,0.025,0.0251,10.0,0.0249,13.0,11145.0,370.0
2021-01-05 09:35:38.651,0.025,0.0251,10.0,0.0249,33.0,11145.0,370.0
2021-01-05 09:35:39.140,0.025,0.0251,10.0,0.0249,33.0,11145.0,370.0
2021-01-05 09:35:40.191,0.025,0.0251,10.0,0.0249,33.0,11145.0,370.0
2021-01-05 09:35:40.691,0.025,0.0251,10.0,0.025,13.0,11145.0,370.0
2021-01-05 09:35:41.190,0.025,0.0251,10.0,0.0249,33.0,11145.0,370.0
2021-01-05 09:35:41.680,0.025,0.0251,10.0,0.025,13.0,11145.0,370.0
2021-01-05 09:35:42.160,0.025,0.0251,10.0,0.0249,33.0,11145.0,370.0
2021-01-05 09:35:43.190,0.025,0.0251,23.0,0.0249,20.0,11145.0,370.0
2021-01-05 09:35:43.661,0.025,0.0251,10.0,0.025,4.0,11154.0,379.0
2021-01-05 09:35:44.101,0.025,0.0251,10.0,0.0249,20.0,11158.0,383.0
2021-01-05 09:35:45.071,0.025,0.0251,10.0,0.0248,20.0,11158.0,383.0
2021-01-05 09:35:45.670,0.025,0.0251,23.0,0.0248,20.0,11158.0,383.0
2021-01-05 09:35:46.170,0.025,0.025,13.0,0.0247,33.0,11158.0,383.0
2021-01-05 09:35:46.700,0.025,0.025,13.0,0.0247,33.0,11158.0,383.0
2021-01-05 09:35:47.201,0.025,0.025,13.0,0.0247,20.0,11158.0,383.0
2021-01-05 09:35:48.181,0.025,0.025,13.0,0.0247,20.0,11158.0,383.0
2021-01-05 09:35:48.700,0.025,0.025,13.0,0.0247,20.0,11158.0,383.0
2021-01-05 09:35:49.180,0.025,0.025,13.0,0.0247,20.0,11158.0,383.0
2021-01-05 09:35:49.701,0.025,0.025,13.0,0.0247,20.0,11158.0,383.0
2021-01-05 09:35:51.180,0.025,0.025,13.0,0.0247,33.0,11158.0,383.0
2021-01-05 09:35:51.710,0.025,0.025,13.0,0.0249,1.0,11158.0,383.0
2021-01-05 09:35:54.161,0.025,0.025,13.0,0.0249,1.0,11158.0,383.0
2021-01-05 09:35:55.181,0.0249,0.0249,9.0,0.0248,33.0,11158.0,384.0
2021-01-05 09:35:55.691,0.0249,0.0251,32.0,0.0248,33.0,11158.0,384.0
2021-01-05 09:35:56.121,0.0249,0.025,13.0,0.0249,25.0,11158.0,384.0
2021-01-05 09:35:56.690,0.0249,0.025,13.0,0.0249,23.0,11158.0,386.0
2021-01-05 09:35:57.160,0.0249,0.0251,33.0,0.0249,23.0,11158.0,386.0
2021-01-05 09:35:57.681,0.0249,0.0251,33.0,0.0249,23.0,11158.0,386.0
2021-01-05 09:35:58.150,0.0249,0.025,13.0,0.0249,23.0,11158.0,386.0
2021-01-05 09:35:58.701,0.0249,0.025,13.0,0.0249,16.0,11158.0,393.0
2021-01-05 09:35:59.640,0.0249,0.0249,5.0,0.0248,20.0,11163.0,398.0
2021-01-05 09:36:00.201,0.0249,0.0248,10.0,0.0247,43.0,11163.0,398.0
2021-01-05 09:36:00.680,0.0249,0.0249,10.0,0.0247,43.0,11163.0,398.0
2021-01-05 09:36:01.181,0.0249,0.0249,10.0,0.0247,43.0,11163.0,398.0
2021-01-05 09:36:01.671,0.0249,0.0249,10.0,0.0247,33.0,11163.0,398.0
2021-01-05 09:36:02.170,0.0249,0.0249,10.0,0.0248,20.0,11163.0,398.0
2021-01-05 09:36:02.630,0.0248,0.0249,10.0,0.0248,17.0,11163.0,401.0
2021-01-05 09:36:03.200,0.0248,0.0249,10.0,0.0248,30.0,11163.0,401.0
2021-01-05 09:36:03.700,0.0248,0.0249,10.0,0.0248,17.0,11163.0,401.0
2021-01-05 09:36:04.670,0.0248,0.0249,23.0,0.0248,17.0,11163.0,401.0
2021-01-05 09:36:05.590,0.0248,0.0249,10.0,0.0248,17.0,11163.0,401.0
2021-01-05 09:36:06.180,0.0248,0.0249,23.0,0.0248,17.0,11163.0,401.0
2021-01-05 09:36:06.700,0.0248,0.0249,10.0,0.0248,17.0,11163.0,401.0
2021-01-05 09:36:07.181,0.0249,0.0249,13.0,0.0248,7.0,11173.0,421.0
2021-01-05 09:36:07.640,0.0249,0.025,13.0,0.0248,7.0,11173.0,421.0
2021-01-05 09:36:09.161,0.0249,0.025,13.0,0.0248,7.0,11173.0,421.0
2021-01-05 09:36:09.691,0.0249,0.025,13.0,0.0248,7.0,11173.0,421.0
2021-01-05 09:36:10.160,0.0249,0.025,13.0,0.0248,7.0,11173.0,421.0
2021-01-05 09:36:10.671,0.0249,0.025,13.0,0.0248,7.0,11173.0,421.0
2021-01-05 09:36:11.180,0.0249,0.025,13.0,0.0248,7.0,11173.0,421.0
2021-01-05 09:36:11.651,0.0249,0.025,13.0,0.0248,7.0,11173.0,421.0
2021-01-05 09:36:12.690,0.0249,0.0249,10.0,0.0248,7.0,11173.0,421.0
2021-01-05 09:36:13.190,0.0249,0.0249,10.0,0.0248,7.0,11173.0,421.0
2021-01-05 09:36:14.150,0.0249,0.025,23.0,0.0247,33.0,11173.0,421.0
2021-01-05 09:36:14.690,0.0249,0.0249,13.0,0.0247,20.0,11173.0,421.0
2021-01-05 09:36:15.170,0.0249,0.025,23.0,0.0247,33.0,11173.0,421.0
2021-01-05 09:36:16.150,0.0249,0.025,23.0,0.0247,33.0,11173.0,421.0
2021-01-05 09:36:16.680,0.0249,0.0249,13.0,0.0247,20.0,11173.0,421.0
2021-01-05 09:36:17.670,0.0249,0.0248,20.0,0.0247,20.0,11173.0,421.0
2021-01-05 09:36:18.181,0.0249,0.0248,20.0,0.0247,33.0,11173.0,421.0
2021-01-05 09:36:18.680,0.0249,0.0248,20.0,0.0247,33.0,11173.0,421.0
2021-01-05 09:36:19.151,0.0249,0.0248,20.0,0.0247,33.0,11173.0,421.0
2021-01-05 09:36:20.161,0.0249,0.0248,20.0,0.0247,33.0,11173.0,421.0
2021-01-05 09:36:20.690,0.0249,0.0248,20.0,0.0247,33.0,11173.0,421.0
2021-01-05 09:36:21.191,0.0248,0.025,10.0,0.0248,6.0,11186.0,441.0
2021-01-05 09:36:21.691,0.0248,0.0248,10.0,0.0247,20.0,11186.0,441.0
2021-01-05 09:36:22.680,0.0248,0.0248,10.0,0.0247,20.0,11186.0,441.0
2021-01-05 09:36:23.681,0.0248,0.0248,10.0,0.0247,20.0,11186.0,441.0
2021-01-05 09:36:24.171,0.0248,0.0248,10.0,0.0246,48.0,11186.0,441.0
2021-01-05 09:36:24.701,0.0248,0.0247,10.0,0.0246,35.0,11186.0,441.0
2021-01-05 09:36:25.191,0.0248,0.0247,10.0,0.0246,35.0,11186.0,441.0
2021-01-05 09:36:25.650,0.0248,0.0247,20.0,0.0246,25.0,11186.0,441.0
2021-01-05 09:36:26.651,0.0248,0.0247,20.0,0.0246,25.0,11186.0,441.0
2021-01-05 09:36:27.070,0.0248,0.0247,20.0,0.0246,25.0,11186.0,441.0
2021-01-05 09:36:28.120,0.0248,0.0247,20.0,0.0246,5.0,11186.0,441.0
2021-01-05 09:36:29.171,0.0248,0.0247,33.0,0.0246,5.0,11186.0,441.0
2021-01-05 09:36:30.161,0.0248,0.0247,33.0,0.0246,5.0,11186.0,441.0
2021-01-05 09:36:30.700,0.0248,0.0247,33.0,0.0246,5.0,11186.0,441.0
2021-01-05 09:36:31.181,0.0246,0.0246,8.0,0.0245,1.0,11191.0,446.0
2021-01-05 09:36:31.690,0.0246,0.0247,33.0,0.0245,1.0,11191.0,446.0
2021-01-05 09:36:32.130,0.0246,0.0247,33.0,0.0245,1.0,11191.0,446.0
2021-01-05 09:36:32.660,0.0246,0.0247,20.0,0.0245,1.0,11191.0,446.0
2021-01-05 09:36:33.200,0.0246,0.0247,20.0,0.0245,14.0,11191.0,446.0
2021-01-05 09:36:33.680,0.0246,0.0247,33.0,0.0245,1.0,11191.0,446.0
2021-01-05 09:36:34.691,0.0246,0.0247,20.0,0.0245,1.0,11191.0,446.0
2021-01-05 09:36:35.150,0.0246,0.0247,20.0,0.0245,14.0,11191.0,446.0
2021-01-05 09:36:35.701,0.0246,0.0247,33.0,0.0245,1.0,11191.0,446.0
2021-01-05 09:36:36.700,0.0245,0.0245,6.0,0.0244,33.0,11191.0,447.0
2021-01-05 09:36:37.190,0.0245,0.0247,40.0,0.0245,13.0,11191.0,453.0
2021-01-05 09:36:37.691,0.0245,0.0247,53.0,0.0244,13.0,11191.0,453.0
2021-01-05 09:36:38.120,0.0245,0.0247,40.0,0.0244,13.0,11191.0,453.0
2021-01-05 09:36:38.640,0.0245,0.0247,53.0,0.0244,13.0,11191.0,453.0
2021-01-05 09:36:39.090,0.0245,0.0247,53.0,0.0244,13.0,11191.0,453.0
2021-01-05 09:36:40.191,0.0245,0.0247,40.0,0.0244,13.0,11191.0,453.0
2021-01-05 09:36:40.700,0.0245,0.0247,53.0,0.0244,13.0,11191.0,453.0
2021-01-05 09:36:41.201,0.0245,0.0247,40.0,0.0244,13.0,11191.0,453.0
2021-01-05 09:36:42.200,0.0245,0.0247,40.0,0.0244,13.0,11191.0,453.0
2021-01-05 09:36:42.690,0.0245,0.0247,40.0,0.0244,13.0,11191.0,453.0
2021-01-05 09:36:43.180,0.0245,0.0247,40.0,0.0244,13.0,11191.0,453.0
2021-01-05 09:36:43.700,0.0245,0.0247,40.0,0.0244,13.0,11191.0,453.0
2021-01-05 09:36:44.200,0.0245,0.0247,40.0,0.0244,13.0,11191.0,453.0
2021-01-05 09:36:45.191,0.0245,0.0246,13.0,0.0243,43.0,11191.0,453.0
2021-01-05 09:36:45.631,0.0245,0.0247,53.0,0.0244,13.0,11191.0,453.0
2021-01-05 09:36:46.190,0.0245,0.0246,33.0,0.0243,43.0,11191.0,453.0
2021-01-05 09:36:46.651,0.0245,0.0246,33.0,0.0243,23.0,11191.0,453.0
2021-01-05 09:36:47.130,0.0245,0.0246,33.0,0.0243,13.0,11191.0,453.0
2021-01-05 09:36:47.660,0.0245,0.0245,10.0,0.0243,13.0,11191.0,453.0
2021-01-05 09:36:48.130,0.0245,0.0246,30.0,0.0243,13.0,11191.0,453.0
2021-01-05 09:36:48.630,0.0245,0.0245,1.0,0.0243,23.0,11191.0,453.0
2021-01-05 09:36:49.181,0.0245,0.0245,1.0,0.0244,13.0,11191.0,453.0
2021-01-05 09:36:49.700,0.0244,0.0245,1.0,0.0244,3.0,11201.0,463.0
2021-01-05 09:36:50.201,0.0244,0.0245,1.0,0.0244,13.0,11201.0,463.0
2021-01-05 09:36:50.670,0.0244,0.0245,1.0,0.0243,23.0,11201.0,463.0
2021-01-05 09:36:51.671,0.0244,0.0244,5.0,0.0243,23.0,11201.0,463.0
2021-01-05 09:36:52.180,0.0244,0.0245,1.0,0.0243,23.0,11206.0,468.0
2021-01-05 09:36:52.670,0.0243,0.0245,1.0,0.0243,3.0,11219.0,488.0
2021-01-05 09:36:53.191,0.0243,0.0245,1.0,0.0243,3.0,11219.0,488.0
2021-01-05 09:36:53.680,0.0243,0.0245,14.0,0.0243,3.0,11219.0,488.0
2021-01-05 09:36:54.120,0.0243,0.0245,1.0,0.0243,16.0,11219.0,488.0
2021-01-05 09:36:54.631,0.0243,0.0245,1.0,0.0243,33.0,11219.0,488.0
2021-01-05 09:36:55.171,0.0243,0.0245,11.0,0.0243,33.0,11219.0,488.0
2021-01-05 09:36:55.651,0.0243,0.0245,11.0,0.0244,13.0,11219.0,488.0
2021-01-05 09:36:57.630,0.0243,0.0245,11.0,0.0244,13.0,11219.0,488.0
2021-01-05 09:36:58.160,0.0243,0.0245,11.0,0.0244,13.0,11219.0,488.0
2021-01-05 09:36:58.610,0.0243,0.0245,11.0,0.0244,13.0,11219.0,488.0
2021-01-05 09:36:59.181,0.0243,0.0245,11.0,0.0244,13.0,11219.0,488.0
2021-01-05 09:36:59.690,0.0243,0.0245,11.0,0.0243,33.0,11219.0,488.0
2021-01-05 09:37:00.160,0.0243,0.0245,11.0,0.0244,13.0,11219.0,488.0
2021-01-05 09:37:01.640,0.0243,0.0245,11.0,0.0244,13.0,11219.0,488.0
2021-01-05 09:37:02.191,0.0243,0.0245,11.0,0.0243,33.0,11219.0,488.0
2021-01-05 09:37:02.640,0.0244,0.0245,1.0,0.0244,29.0,11219.0,492.0
2021-01-05 09:37:03.151,0.0244,0.0245,11.0,0.0244,29.0,11219.0,492.0
2021-01-05 09:37:03.630,0.0244,0.0245,1.0,0.0244,29.0,11219.0,492.0
2021-01-05 09:37:04.200,0.0244,0.0245,1.0,0.0244,29.0,11219.0,492.0
2021-01-05 09:37:04.690,0.0245,0.0246,10.0,0.0245,13.0,11220.0,493.0
2021-01-05 09:37:05.140,0.0245,0.0246,10.0,0.0244,29.0,11220.0,493.0
2021-01-05 09:37:05.701,0.0245,0.0247,20.0,0.0245,13.0,11220.0,493.0
2021-01-05 09:37:06.171,0.0245,0.0247,20.0,0.0245,13.0,11220.0,493.0
2021-01-05 09:37:06.700,0.0245,0.0247,20.0,0.0245,13.0,11220.0,493.0
2021-01-05 09:37:07.681,0.0245,0.0247,33.0,0.0244,29.0,11220.0,493.0
2021-01-05 09:37:08.200,0.0245,0.0247,33.0,0.0244,29.0,11220.0,493.0
2021-01-05 09:37:08.630,0.0245,0.0247,53.0,0.0244,29.0,11220.0,493.0
2021-01-05 09:37:09.170,0.0245,0.0247,40.0,0.0244,16.0,11220.0,493.0
2021-01-05 09:37:09.660,0.0245,0.0247,53.0,0.0244,29.0,11220.0,493.0
2021-01-05 09:37:10.140,0.0245,0.0247,40.0,0.0245,13.0,11220.0,493.0
2021-01-05 09:37:10.701,0.0245,0.0247,33.0,0.0244,29.0,11220.0,493.0
2021-01-05 09:37:12.131,0.0245,0.0247,33.0,0.0244,29.0,11220.0,493.0
2021-01-05 09:37:12.261,0.0245,0.0247,33.0,0.0244,49.0,11220.0,493.0
2021-01-05 09:37:13.181,0.0245,0.0247,33.0,0.0245,20.0,11220.0,493.0
2021-01-05 09:37:13.681,0.0245,0.0247,33.0,0.0245,20.0,11220.0,493.0
2021-01-05 09:37:14.130,0.0245,0.0247,33.0,0.0244,43.0,11220.0,493.0
2021-01-05 09:37:15.160,0.0245,0.0247,53.0,0.0244,43.0,11220.0,493.0
2021-01-05 09:37:15.700,0.0245,0.0247,53.0,0.0244,43.0,11220.0,493.0
2021-01-05 09:37:16.190,0.0245,0.0247,53.0,0.0244,43.0,11220.0,493.0
2021-01-05 09:37:16.461,0.0245,0.0247,53.0,0.0244,43.0,11220.0,493.0
2021-01-05 09:37:17.200,0.0245,0.0247,40.0,0.0245,13.0,11220.0,493.0
2021-01-05 09:37:17.671,0.0245,0.0247,53.0,0.0244,33.0,11220.0,493.0
2021-01-05 09:37:18.061,0.0245,0.0247,40.0,0.0245,13.0,11220.0,493.0
2021-01-05 09:37:18.710,0.0245,0.0247,53.0,0.0244,33.0,11220.0,493.0
2021-01-05 09:37:20.211,0.0245,0.0247,53.0,0.0244,33.0,11220.0,493.0
2021-01-05 09:37:20.691,0.0245,0.0247,53.0,0.0244,33.0,11220.0,493.0
2021-01-05 09:37:21.200,0.0245,0.0247,40.0,0.0245,13.0,11220.0,493.0
2021-01-05 09:37:21.701,0.0245,0.0247,53.0,0.0244,33.0,11220.0,493.0
2021-01-05 09:37:22.030,0.0245,0.0247,33.0,0.0244,43.0,11220.0,493.0
2021-01-05 09:37:23.150,0.0245,0.0247,33.0,0.0244,33.0,11220.0,493.0
2021-01-05 09:37:23.701,0.0245,0.0247,33.0,0.0244,33.0,11220.0,493.0
2021-01-05 09:37:25.200,0.0245,0.0247,33.0,0.0244,33.0,11220.0,493.0
2021-01-05 09:37:25.670,0.0245,0.0247,53.0,0.0244,33.0,11220.0,493.0
2021-01-05 09:37:26.170,0.0245,0.0246,13.0,0.0244,20.0,11220.0,493.0
2021-01-05 09:37:26.650,0.0245,0.0247,53.0,0.0244,33.0,11220.0,493.0
2021-01-05 09:37:27.130,0.0245,0.0246,13.0,0.0244,20.0,11220.0,493.0
2021-01-05 09:37:28.151,0.0245,0.0246,10.0,0.0244,20.0,11220.0,493.0
2021-01-05 09:37:28.560,0.0245,0.0246,10.0,0.0245,13.0,11220.0,493.0
2021-01-05 09:37:29.130,0.0245,0.0246,10.0,0.0244,33.0,11220.0,493.0
2021-01-05 09:37:29.691,0.0245,0.0246,10.0,0.0244,20.0,11220.0,493.0
2021-01-05 09:37:30.191,0.0245,0.0246,10.0,0.0245,13.0,11220.0,493.0
2021-01-05 09:37:30.590,0.0245,0.0246,43.0,0.0243,33.0,11220.0,493.0
2021-01-05 09:37:31.190,0.0245,0.0246,10.0,0.0244,33.0,11220.0,493.0
2021-01-05 09:37:31.691,0.0245,0.0246,10.0,0.0244,33.0,11220.0,493.0
2021-01-05 09:37:32.651,0.0245,0.0246,30.0,0.0244,13.0,11220.0,493.0
2021-01-05 09:37:33.180,0.0245,0.0246,30.0,0.0243,13.0,11220.0,493.0
2021-01-05 09:37:34.200,0.0245,0.0246,30.0,0.0243,13.0,11220.0,493.0
2021-01-05 09:37:34.500,0.0245,0.0246,30.0,0.0243,13.0,11220.0,493.0
2021-01-05 09:37:35.170,0.0245,0.0246,43.0,0.0243,13.0,11220.0,493.0
2021-01-05 09:37:35.650,0.0245,0.0246,30.0,0.0243,13.0,11220.0,493.0
2021-01-05 09:37:36.200,0.0245,0.0246,43.0,0.0243,13.0,11220.0,493.0
2021-01-05 09:37:36.671,0.0245,0.0246,30.0,0.0243,13.0,11220.0,493.0
2021-01-05 09:37:37.691,0.0245,0.0246,30.0,0.0243,53.0,11220.0,493.0
2021-01-05 09:37:38.161,0.0245,0.0246,43.0,0.0243,63.0,11220.0,493.0
2021-01-05 09:37:38.651,0.0245,0.0246,30.0,0.0244,13.0,11220.0,493.0
2021-01-05 09:37:39.170,0.0245,0.0246,30.0,0.0244,13.0,11220.0,493.0
2021-01-05 09:37:40.161,0.0245,0.0246,30.0,0.0244,13.0,11220.0,493.0
2021-01-05 09:37:41.131,0.0245,0.0246,30.0,0.0244,13.0,11220.0,493.0
2021-01-05 09:37:42.130,0.0245,0.0246,30.0,0.0244,13.0,11220.0,493.0
2021-01-05 09:37:42.620,0.0245,0.0246,23.0,0.0244,20.0,11220.0,493.0
2021-01-05 09:37:43.181,0.0245,0.0246,10.0,0.0245,13.0,11220.0,493.0
2021-01-05 09:37:43.640,0.0245,0.0246,10.0,0.0245,23.0,11220.0,493.0
2021-01-05 09:37:44.190,0.0246,0.0247,30.0,0.0246,13.0,11230.0,503.0
2021-01-05 09:37:44.651,0.0246,0.0247,43.0,0.0245,10.0,11230.0,503.0
2021-01-05 09:37:45.650,0.0246,0.0247,30.0,0.0244,20.0,11230.0,503.0
2021-01-05 09:37:46.180,0.0246,0.0246,13.0,0.0244,20.0,11230.0,503.0
2021-01-05 09:37:47.661,0.0246,0.0246,13.0,0.0244,20.0,11230.0,503.0
2021-01-05 09:37:48.201,0.0246,0.0246,33.0,0.0243,20.0,11230.0,503.0
2021-01-05 09:37:48.691,0.0246,0.0245,13.0,0.0244,5.0,11230.0,503.0
2021-01-05 09:37:49.190,0.0246,0.0245,13.0,0.0244,5.0,11230.0,503.0
2021-01-05 09:37:49.670,0.0246,0.0245,23.0,0.0244,25.0,11230.0,503.0
2021-01-05 09:37:50.220,0.0246,0.0245,23.0,0.0244,5.0,11230.0,503.0
2021-01-05 09:37:50.721,0.0244,0.0244,13.0,0.0243,20.0,11235.0,508.0
2021-01-05 09:37:51.161,0.0244,0.0244,13.0,0.0243,20.0,11235.0,508.0
2021-01-05 09:37:51.630,0.0244,0.0244,13.0,0.0243,20.0,11235.0,508.0
2021-01-05 09:37:52.191,0.0244,0.0245,23.0,0.0242,46.0,11235.0,508.0
2021-01-05 09:37:52.631,0.0244,0.0244,13.0,0.0243,20.0,11235.0,508.0
2021-01-05 09:37:53.161,0.0244,0.0244,13.0,0.0242,13.0,11235.0,508.0
2021-01-05 09:37:53.680,0.0244,0.0244,13.0,0.0242,33.0,11235.0,508.0
2021-01-05 09:37:54.170,0.0244,0.0245,30.0,0.0243,13.0,11235.0,508.0
2021-01-05 09:37:54.690,0.0244,0.0245,43.0,0.0242,46.0,11235.0,508.0
2021-01-05 09:37:55.190,0.0244,0.0245,43.0,0.0242,26.0,11235.0,508.0
2021-01-05 09:37:55.691,0.0244,0.0244,13.0,0.0242,13.0,11235.0,508.0
2021-01-05 09:37:56.121,0.0244,0.0244,13.0,0.0242,13.0,11235.0,508.0
2021-01-05 09:37:56.611,0.0243,0.0245,20.0,0.0243,3.0,11235.0,518.0
2021-01-05 09:37:57.170,0.0243,0.0245,20.0,0.0242,13.0,11235.0,518.0
2021-01-05 09:37:57.601,0.0243,0.0245,33.0,0.0244,10.0,11235.0,518.0
2021-01-05 09:37:58.640,0.0243,0.0245,20.0,0.0244,10.0,11235.0,518.0
2021-01-05 09:37:59.161,0.0243,0.0245,33.0,0.0244,10.0,11235.0,518.0
2021-01-05 09:37:59.651,0.0243,0.0245,33.0,0.0244,10.0,11235.0,518.0
2021-01-05 09:38:00.680,0.0243,0.0245,33.0,0.0242,33.0,11235.0,518.0
2021-01-05 09:38:01.180,0.0243,0.0245,33.0,0.0242,33.0,11235.0,518.0
2021-01-05 09:38:02.190,0.0243,0.0244,23.0,0.0242,20.0,11235.0,518.0
2021-01-05 09:38:02.680,0.0243,0.0244,10.0,0.0242,33.0,11235.0,518.0
2021-01-05 09:38:03.191,0.0243,0.0244,43.0,0.0243,5.0,11235.0,518.0
2021-01-05 09:38:04.090,0.0243,0.0244,43.0,0.0243,5.0,11235.0,518.0
2021-01-05 09:38:04.680,0.0243,0.0243,8.0,0.024,53.0,11240.0,523.0
2021-01-05 09:38:05.181,0.0243,0.0244,30.0,0.0241,13.0,11240.0,523.0
2021-01-05 09:38:05.681,0.0243,0.0244,30.0,0.0241,13.0,11240.0,523.0
2021-01-05 09:38:06.151,0.0243,0.0244,30.0,0.0241,13.0,11240.0,523.0
2021-01-05 09:38:06.691,0.0243,0.0243,20.0,0.0241,13.0,11240.0,523.0
2021-01-05 09:38:07.200,0.0243,0.0243,33.0,0.024,13.0,11240.0,523.0
2021-01-05 09:38:07.590,0.0243,0.0243,20.0,0.024,13.0,11240.0,523.0
2021-01-05 09:38:08.021,0.0243,0.0243,20.0,0.024,13.0,11240.0,523.0
2021-01-05 09:38:09.160,0.0243,0.0242,10.0,0.024,13.0,11240.0,523.0
2021-01-05 09:38:09.681,0.0243,0.0243,30.0,0.0241,5.0,11240.0,523.0
2021-01-05 09:38:10.180,0.0243,0.0243,30.0,0.0241,18.0,11240.0,523.0
2021-01-05 09:38:10.670,0.0243,0.0242,20.0,0.0241,5.0,11240.0,523.0
2021-01-05 09:38:11.141,0.0241,0.0242,20.0,0.0238,23.0,11250.0,533.0
2021-01-05 09:38:11.701,0.0241,0.0241,10.0,0.0239,13.0,11250.0,533.0
2021-01-05 09:38:12.191,0.0241,0.0242,10.0,0.024,20.0,11250.0,533.0
2021-01-05 09:38:12.531,0.0241,0.0241,10.0,0.024,33.0,11250.0,533.0
2021-01-05 09:38:13.110,0.0241,0.0241,10.0,0.0239,33.0,11250.0,533.0
2021-01-05 09:38:13.690,0.0241,0.0241,10.0,0.0239,33.0,11250.0,533.0
2021-01-05 09:38:14.141,0.0241,0.0241,23.0,0.0239,20.0,11250.0,533.0
2021-01-05 09:38:14.691,0.0241,0.0241,10.0,0.0239,13.0,11250.0,533.0
2021-01-05 09:38:15.150,0.0241,0.0241,10.0,0.0239,13.0,11250.0,533.0
2021-01-05 09:38:15.730,0.0241,0.0241,30.0,0.0239,13.0,11250.0,533.0
2021-01-05 09:38:16.210,0.0241,0.0241,30.0,0.0238,33.0,11250.0,533.0
2021-01-05 09:38:16.721,0.0241,0.0241,30.0,0.0239,13.0,11250.0,533.0
2021-01-05 09:38:17.190,0.0241,0.0241,43.0,0.0238,33.0,11250.0,533.0
2021-01-05 09:38:17.701,0.0241,0.0241,43.0,0.0238,33.0,11250.0,533.0
2021-01-05 09:38:18.231,0.0241,0.024,13.0,0.0238,20.0,11250.0,533.0
2021-01-05 09:38:18.660,0.0241,0.024,23.0,0.0238,20.0,11250.0,533.0
2021-01-05 09:38:19.230,0.0241,0.0239,13.0,0.0237,20.0,11250.0,533.0
2021-01-05 09:38:19.670,0.0241,0.0239,13.0,0.0237,30.0,11250.0,533.0
2021-01-05 09:38:20.231,0.0241,0.0239,13.0,0.0238,10.0,11250.0,533.0
2021-01-05 09:38:20.671,0.0241,0.0239,13.0,0.0238,10.0,11250.0,533.0
2021-01-05 09:38:21.180,0.0241,0.0239,13.0,0.0238,10.0,11250.0,533.0
2021-01-05 09:38:21.670,0.0241,0.0239,23.0,0.0238,10.0,11250.0,533.0
2021-01-05 09:38:22.210,0.0238,0.0238,3.0,0.0236,30.0,11250.0,543.0
2021-01-05 09:38:22.661,0.0238,0.0239,23.0,0.0237,10.0,11250.0,543.0
2021-01-05 09:38:23.201,0.0238,0.0239,63.0,0.0236,13.0,11250.0,543.0
2021-01-05 09:38:23.681,0.0238,0.0239,50.0,0.0236,23.0,11250.0,543.0
2021-01-05 09:38:24.141,0.0238,0.0239,63.0,0.0236,13.0,11250.0,543.0
2021-01-05 09:38:24.690,0.0238,0.0239,63.0,0.0236,13.0,11250.0,543.0
2021-01-05 09:38:25.101,0.0238,0.0239,63.0,0.0236,13.0,11250.0,543.0
2021-01-05 09:38:25.700,0.0238,0.0239,50.0,0.0236,13.0,11250.0,543.0
2021-01-05 09:38:26.100,0.0238,0.0239,63.0,0.0236,13.0,11250.0,543.0
2021-01-05 09:38:26.701,0.0238,0.0239,50.0,0.0236,13.0,11250.0,543.0
2021-01-05 09:38:27.691,0.0238,0.0239,63.0,0.0236,33.0,11250.0,543.0
2021-01-05 09:38:28.171,0.0238,0.0238,20.0,0.0236,13.0,11250.0,543.0
2021-01-05 09:38:28.680,0.0238,0.0238,20.0,0.0235,43.0,11250.0,543.0
2021-01-05 09:38:29.191,0.0238,0.0238,20.0,0.0236,13.0,11250.0,543.0
2021-01-05 09:38:29.641,0.0238,0.0238,20.0,0.0236,13.0,11250.0,543.0
2021-01-05 09:38:30.190,0.0238,0.0238,53.0,0.0235,33.0,11250.0,543.0
2021-01-05 09:38:30.670,0.0238,0.0237,1.0,0.0236,13.0,11250.0,543.0
2021-01-05 09:38:31.070,0.0237,0.0238,20.0,0.0236,13.0,11249.0,544.0
2021-01-05 09:38:31.650,0.0237,0.0238,53.0,0.0235,33.0,11249.0,544.0
2021-01-05 09:38:32.171,0.0237,0.0238,50.0,0.0236,13.0,11249.0,544.0
2021-01-05 09:38:33.070,0.0237,0.0237,13.0,0.0234,33.0,11249.0,544.0
2021-01-05 09:38:33.700,0.0237,0.0237,63.0,0.0234,13.0,11249.0,544.0
2021-01-05 09:38:34.201,0.0237,0.0237,50.0,0.0234,13.0,11249.0,544.0
2021-01-05 09:38:35.200,0.0237,0.0236,33.0,0.0233,13.0,11249.0,544.0
2021-01-05 09:38:35.700,0.0237,0.0236,33.0,0.0233,13.0,11249.0,544.0
2021-01-05 09:38:36.180,0.0237,0.0236,53.0,0.0233,13.0,11249.0,544.0
2021-01-05 09:38:36.691,0.0237,0.0236,63.0,0.0233,13.0,11249.0,544.0
2021-01-05 09:38:37.160,0.0237,0.0235,13.0,0.0232,43.0,11249.0,544.0
2021-01-05 09:38:37.680,0.0237,0.0235,15.0,0.0232,13.0,11249.0,544.0
2021-01-05 09:38:38.161,0.0237,0.0235,2.0,0.0232,13.0,11249.0,544.0
2021-01-05 09:38:38.660,0.0237,0.0235,2.0,0.0232,23.0,11249.0,544.0
2021-01-05 09:38:39.161,0.0237,0.0235,35.0,0.0232,23.0,11249.0,544.0
2021-01-05 09:38:39.661,0.0237,0.0235,55.0,0.0232,23.0,11249.0,544.0
2021-01-05 09:38:40.141,0.0237,0.0234,13.0,0.0231,13.0,11249.0,544.0
2021-01-05 09:38:40.591,0.0237,0.0234,30.0,0.0231,13.0,11249.0,544.0
2021-01-05 09:38:41.140,0.0231,0.0234,20.0,0.0231,10.0,11249.0,546.0
2021-01-05 09:38:41.640,0.0231,0.0234,33.0,0.0231,13.0,11249.0,546.0
2021-01-05 09:38:42.191,0.0231,0.0234,20.0,0.0231,23.0,11249.0,546.0
2021-01-05 09:38:42.700,0.0231,0.0234,20.0,0.0232,13.0,11249.0,546.0
2021-01-05 09:38:43.150,0.0231,0.0234,20.0,0.0232,13.0,11249.0,546.0
2021-01-05 09:38:43.701,0.0231,0.0234,30.0,0.0232,13.0,11249.0,546.0
2021-01-05 09:38:44.200,0.0231,0.0234,20.0,0.0231,23.0,11249.0,546.0
2021-01-05 09:38:44.690,0.0231,0.0233,1.0,0.0232,13.0,11249.0,546.0
2021-01-05 09:38:45.201,0.0233,0.0234,20.0,0.0232,13.0,11248.0,547.0
2021-01-05 09:38:45.580,0.0233,0.0235,22.0,0.0232,13.0,11248.0,547.0
2021-01-05 09:38:46.200,0.0232,0.0235,22.0,0.0232,19.0,11252.0,551.0
2021-01-05 09:38:46.521,0.0232,0.0235,22.0,0.0233,13.0,11252.0,551.0
2021-01-05 09:38:47.691,0.0232,0.0235,22.0,0.0233,13.0,11252.0,551.0
2021-01-05 09:38:48.200,0.0232,0.0235,2.0,0.0233,13.0,11252.0,551.0
2021-01-05 09:38:48.650,0.0232,0.0235,2.0,0.0233,13.0,11252.0,551.0
2021-01-05 09:38:49.130,0.0232,0.0235,2.0,0.0233,13.0,11252.0,551.0
2021-01-05 09:38:49.670,0.0232,0.0235,2.0,0.0233,23.0,11252.0,551.0
2021-01-05 09:38:50.110,0.0232,0.0235,2.0,0.0234,13.0,11252.0,551.0
2021-01-05 09:38:50.651,0.0232,0.0235,2.0,0.0233,10.0,11252.0,551.0
2021-01-05 09:38:51.170,0.0232,0.0235,2.0,0.0233,13.0,11252.0,551.0
2021-01-05 09:38:51.691,0.0232,0.0235,32.0,0.0233,13.0,11252.0,551.0
2021-01-05 09:38:52.140,0.0232,0.0235,32.0,0.0233,13.0,11252.0,551.0
2021-01-05 09:38:52.671,0.0232,0.0235,43.0,0.0232,33.0,11252.0,551.0
2021-01-05 09:38:53.191,0.0232,0.0235,43.0,0.0232,13.0,11252.0,551.0
2021-01-05 09:38:54.690,0.0232,0.0235,43.0,0.0232,13.0,11252.0,551.0
2021-01-05 09:38:55.191,0.0232,0.0234,13.0,0.0231,43.0,11252.0,551.0
2021-01-05 09:38:55.700,0.0231,0.0234,33.0,0.0231,42.0,11251.0,552.0
2021-01-05 09:38:56.190,0.0231,0.0234,33.0,0.0231,23.0,11251.0,552.0
2021-01-05 09:38:56.661,0.0231,0.0234,33.0,0.0232,5.0,11251.0,552.0
2021-01-05 09:38:57.200,0.0231,0.0234,20.0,0.0232,15.0,11251.0,552.0
2021-01-05 09:38:57.640,0.0231,0.0234,20.0,0.0232,5.0,11251.0,552.0
2021-01-05 09:38:58.161,0.0231,0.0234,20.0,0.0232,15.0,11251.0,552.0
2021-01-05 09:38:58.670,0.0231,0.0235,33.0,0.0232,28.0,11251.0,552.0
2021-01-05 09:38:59.060,0.0231,0.0235,33.0,0.0232,48.0,11251.0,552.0
2021-01-05 09:39:00.140,0.0231,0.0234,13.0,0.0232,35.0,11251.0,552.0
2021-01-05 09:39:00.660,0.0231,0.0235,20.0,0.0232,35.0,11251.0,552.0
2021-01-05 09:39:01.120,0.0231,0.0234,13.0,0.0232,35.0,11251.0,552.0
2021-01-05 09:39:01.700,0.0231,0.0235,33.0,0.0232,48.0,11251.0,552.0
2021-01-05 09:39:02.201,0.0231,0.0235,43.0,0.0232,38.0,11251.0,552.0
2021-01-05 09:39:02.660,0.0231,0.0235,43.0,0.0232,18.0,11251.0,552.0
2021-01-05 09:39:03.150,0.0232,0.0235,43.0,0.0232,16.0,11251.0,554.0
2021-01-05 09:39:04.161,0.0232,0.0235,33.0,0.0232,46.0,11251.0,554.0
2021-01-05 09:39:05.701,0.0232,0.0235,20.0,0.0233,13.0,11251.0,554.0
2021-01-05 09:39:06.191,0.0232,0.0235,33.0,0.0232,46.0,11251.0,554.0
2021-01-05 09:39:06.650,0.0232,0.0235,20.0,0.0232,33.0,11251.0,554.0
2021-01-05 09:39:07.200,0.0232,0.0235,30.0,0.0233,13.0,11251.0,554.0
2021-01-05 09:39:07.680,0.0232,0.0235,30.0,0.0233,13.0,11251.0,554.0
2021-01-05 09:39:08.131,0.0232,0.0235,20.0,0.0233,13.0,11251.0,554.0
2021-01-05 09:39:08.690,0.0232,0.0235,30.0,0.0233,13.0,11251.0,554.0
2021-01-05 09:39:09.161,0.0232,0.0235,30.0,0.0233,13.0,11251.0,554.0
2021-01-05 09:39:09.601,0.0232,0.0235,50.0,0.0233,13.0,11251.0,554.0
2021-01-05 09:39:10.191,0.0232,0.0235,50.0,0.0233,13.0,11251.0,554.0
2021-01-05 09:39:10.721,0.0232,0.0235,50.0,0.0233,13.0,11251.0,554.0
2021-01-05 09:39:11.201,0.0232,0.0234,20.0,0.0233,13.0,11251.0,554.0
2021-01-05 09:39:11.701,0.0232,0.0234,20.0,0.0232,16.0,11251.0,554.0
2021-01-05 09:39:12.220,0.0232,0.0234,20.0,0.0232,3.0,11251.0,554.0
2021-01-05 09:39:12.690,0.0232,0.0234,43.0,0.0232,3.0,11251.0,554.0
2021-01-05 09:39:13.720,0.0232,0.0235,43.0,0.0232,16.0,11251.0,554.0
2021-01-05 09:39:14.160,0.0232,0.0234,10.0,0.0232,3.0,11251.0,554.0
2021-01-05 09:39:15.220,0.0232,0.0234,43.0,0.0232,3.0,11251.0,554.0
2021-01-05 09:39:15.720,0.0232,0.0234,43.0,0.0232,3.0,11251.0,554.0
2021-01-05 09:39:16.721,0.0232,0.0233,13.0,0.0232,3.0,11251.0,554.0
2021-01-05 09:39:17.641,0.0232,0.0234,20.0,0.0232,16.0,11251.0,554.0
2021-01-05 09:39:19.710,0.0232,0.0234,33.0,0.0232,3.0,11251.0,554.0
2021-01-05 09:39:20.221,0.0232,0.0234,30.0,0.0232,16.0,11251.0,554.0
2021-01-05 09:39:20.741,0.0232,0.0234,43.0,0.0232,3.0,11251.0,554.0
2021-01-05 09:39:21.231,0.0232,0.0234,20.0,0.0232,16.0,11251.0,554.0
2021-01-05 09:39:21.671,0.0232,0.0234,43.0,0.0232,3.0,11251.0,554.0
2021-01-05 09:39:22.651,0.0232,0.0234,43.0,0.0232,3.0,11251.0,554.0
2021-01-05 09:39:23.200,0.0232,0.0234,33.0,0.0232,3.0,11251.0,554.0
2021-01-05 09:39:24.151,0.0232,0.0234,33.0,0.0232,3.0,11251.0,554.0
2021-01-05 09:39:25.700,0.0232,0.0234,43.0,0.0232,3.0,11251.0,554.0
2021-01-05 09:39:26.130,0.0232,0.0234,43.0,0.0232,3.0,11251.0,554.0
2021-01-05 09:39:29.721,0.0232,0.0234,43.0,0.0232,3.0,11251.0,554.0
2021-01-05 09:39:30.220,0.0232,0.0234,20.0,0.0232,16.0,11251.0,554.0
2021-01-05 09:39:30.721,0.0232,0.0234,43.0,0.0232,3.0,11251.0,554.0
2021-01-05 09:39:31.121,0.0232,0.0234,33.0,0.0232,3.0,11251.0,554.0
2021-01-05 09:39:32.141,0.0232,0.0234,33.0,0.0232,3.0,11251.0,554.0
2021-01-05 09:39:33.180,0.0232,0.0234,33.0,0.0232,3.0,11251.0,554.0
2021-01-05 09:39:34.210,0.0232,0.0234,43.0,0.0232,3.0,11251.0,554.0
2021-01-05 09:39:35.701,0.0232,0.0234,33.0,0.0232,3.0,11251.0,554.0
2021-01-05 09:39:36.231,0.0232,0.0234,43.0,0.0232,3.0,11251.0,554.0
2021-01-05 09:39:37.221,0.0232,0.0234,20.0,0.0232,16.0,11251.0,554.0
2021-01-05 09:39:37.730,0.0234,0.0234,17.0,0.0232,16.0,11254.0,557.0
2021-01-05 09:39:38.650,0.0234,0.0234,30.0,0.0232,3.0,11254.0,557.0
2021-01-05 09:39:39.241,0.0234,0.0233,10.0,0.0232,3.0,11254.0,557.0
2021-01-05 09:39:39.460,0.0234,0.0234,27.0,0.0232,3.0,11254.0,557.0
2021-01-05 09:39:40.200,0.0234,0.0234,40.0,0.0232,3.0,11254.0,557.0
2021-01-05 09:39:41.220,0.0234,0.0235,43.0,0.0232,16.0,11254.0,557.0
2021-01-05 09:39:41.750,0.0234,0.0234,43.0,0.0232,3.0,11254.0,557.0
2021-01-05 09:39:42.210,0.0234,0.0234,23.0,0.0232,3.0,11254.0,557.0
2021-01-05 09:39:42.721,0.0234,0.0235,30.0,0.0233,3.0,11254.0,557.0
2021-01-05 09:39:43.191,0.0234,0.0235,30.0,0.0233,3.0,11254.0,557.0
2021-01-05 09:39:43.570,0.0234,0.0234,13.0,0.0233,3.0,11254.0,557.0
2021-01-05 09:39:45.251,0.0234,0.0234,13.0,0.0233,3.0,11254.0,557.0
2021-01-05 09:39:46.190,0.0234,0.0234,23.0,0.0231,33.0,11257.0,560.0
2021-01-05 09:39:46.691,0.0234,0.0234,43.0,0.0231,33.0,11257.0,560.0
2021-01-05 09:39:47.250,0.0234,0.0234,43.0,0.0231,33.0,11257.0,560.0
2021-01-05 09:39:48.221,0.0234,0.0234,43.0,0.0231,33.0,11257.0,560.0
2021-01-05 09:39:48.720,0.0234,0.0234,30.0,0.0231,20.0,11257.0,560.0
2021-01-05 09:39:49.241,0.0234,0.0234,30.0,0.0231,20.0,11257.0,560.0
2021-01-05 09:39:49.711,0.0234,0.0234,43.0,0.0231,13.0,11257.0,560.0
2021-01-05 09:39:50.710,0.0234,0.0233,13.0,0.0232,5.0,11257.0,560.0
2021-01-05 09:39:51.241,0.0234,0.0233,33.0,0.0232,5.0,11257.0,560.0
2021-01-05 09:39:51.730,0.0234,0.0233,33.0,0.0232,5.0,11257.0,560.0
2021-01-05 09:39:52.251,0.0234,0.0233,33.0,0.0232,5.0,11257.0,560.0
2021-01-05 09:39:52.251,0.0234,0.0233,33.0,0.0232,5.0,11257.0,560.0
2021-01-05 09:39:53.181,0.0234,0.0233,20.0,0.0232,5.0,11257.0,560.0
2021-01-05 09:39:53.630,0.0234,0.0234,33.0,0.0232,5.0,11257.0,560.0
2021-01-05 09:39:54.191,0.0234,0.0233,13.0,0.0232,5.0,11257.0,560.0
2021-01-05 09:39:55.181,0.0234,0.0233,23.0,0.0232,5.0,11257.0,560.0
2021-01-05 09:39:55.640,0.0234,0.0234,53.0,0.0232,5.0,11257.0,560.0
2021-01-05 09:39:56.120,0.0232,0.0232,5.0,0.0229,23.0,11262.0,565.0
2021-01-05 09:39:56.691,0.0232,0.0233,33.0,0.023,43.0,11262.0,565.0
2021-01-05 09:39:57.181,0.0232,0.0233,33.0,0.023,43.0,11262.0,565.0
2021-01-05 09:39:57.580,0.0232,0.0233,33.0,0.023,43.0,11262.0,565.0
2021-01-05 09:39:58.201,0.0232,0.0233,33.0,0.0231,10.0,11262.0,565.0
2021-01-05 09:39:58.600,0.0232,0.0233,33.0,0.0231,10.0,11262.0,565.0
2021-01-05 09:39:59.050,0.0232,0.0233,33.0,0.023,53.0,11262.0,565.0
2021-01-05 09:39:59.670,0.0232,0.0233,20.0,0.0231,13.0,11262.0,565.0
2021-01-05 09:40:00.631,0.0232,0.0233,43.0,0.023,43.0,11262.0,565.0
2021-01-05 09:40:01.201,0.0232,0.0233,33.0,0.023,53.0,11262.0,565.0
2021-01-05 09:40:01.570,0.0232,0.0233,13.0,0.0231,10.0,11262.0,565.0
2021-01-05 09:40:02.141,0.0232,0.0234,30.0,0.0231,30.0,11262.0,565.0
2021-01-05 09:40:02.671,0.0232,0.0233,15.0,0.0231,40.0,11262.0,565.0
2021-01-05 09:40:03.171,0.0232,0.0234,25.0,0.0231,30.0,11262.0,565.0
2021-01-05 09:40:03.691,0.0232,0.0233,15.0,0.0232,5.0,11262.0,565.0
2021-01-05 09:40:04.160,0.0232,0.0233,15.0,0.0232,5.0,11262.0,565.0
2021-01-05 09:40:04.700,0.0232,0.0233,10.0,0.0232,5.0,11262.0,565.0
2021-01-05 09:40:05.170,0.0232,0.0233,25.0,0.0232,5.0,11262.0,565.0
2021-01-05 09:40:06.200,0.0232,0.0232,15.0,0.0231,30.0,11267.0,570.0
2021-01-05 09:40:06.701,0.0232,0.0233,15.0,0.0231,30.0,11267.0,570.0
2021-01-05 09:40:08.200,0.0232,0.0234,45.0,0.0231,45.0,11267.0,570.0
2021-01-05 09:40:08.690,0.0232,0.0234,45.0,0.0231,55.0,11267.0,570.0
2021-01-05 09:40:09.170,0.0232,0.0233,15.0,0.0231,40.0,11267.0,570.0
2021-01-05 09:40:10.150,0.0232,0.0233,15.0,0.0231,40.0,11267.0,570.0
2021-01-05 09:40:10.680,0.0232,0.0234,25.0,0.0231,45.0,11267.0,570.0
2021-01-05 09:40:11.170,0.0232,0.0233,15.0,0.0231,30.0,11267.0,570.0
2021-01-05 09:40:11.671,0.0232,0.0233,15.0,0.0231,40.0,11267.0,570.0
2021-01-05 09:40:12.190,0.0232,0.0233,15.0,0.0231,40.0,11267.0,570.0
2021-01-05 09:40:12.680,0.0232,0.0234,15.0,0.0232,20.0,11267.0,570.0
2021-01-05 09:40:13.170,0.0232,0.0234,15.0,0.0232,20.0,11267.0,570.0
2021-01-05 09:40:13.700,0.0232,0.0234,15.0,0.0232,20.0,11267.0,570.0
2021-01-05 09:40:14.701,0.0232,0.0235,25.0,0.0232,35.0,11267.0,570.0
2021-01-05 09:40:15.690,0.0232,0.0235,25.0,0.0232,35.0,11267.0,570.0
2021-01-05 09:40:16.610,0.0232,0.0235,25.0,0.0232,35.0,11267.0,570.0
2021-01-05 09:40:17.191,0.0232,0.0235,25.0,0.0232,35.0,11267.0,570.0
2021-01-05 09:40:17.661,0.0232,0.0235,10.0,0.0233,15.0,11267.0,570.0
2021-01-05 09:40:18.161,0.0232,0.0235,25.0,0.0232,35.0,11267.0,570.0
2021-01-05 09:40:18.701,0.0232,0.0235,25.0,0.0232,35.0,11267.0,570.0
2021-01-05 09:40:19.190,0.0232,0.0235,10.0,0.0233,15.0,11267.0,570.0
2021-01-05 09:40:19.711,0.0232,0.0235,45.0,0.0232,35.0,11267.0,570.0
2021-01-05 09:40:20.191,0.0232,0.0235,45.0,0.0232,15.0,11267.0,570.0
2021-01-05 09:40:20.691,0.0232,0.0235,30.0,0.0232,15.0,11267.0,570.0
2021-01-05 09:40:21.200,0.0232,0.0234,20.0,0.0232,15.0,11267.0,570.0
2021-01-05 09:40:21.701,0.0232,0.0234,20.0,0.0232,15.0,11267.0,570.0
2021-01-05 09:40:22.210,0.0232,0.0234,20.0,0.0232,15.0,11267.0,570.0
2021-01-05 09:40:22.591,0.0232,0.0233,10.0,0.0232,15.0,11267.0,570.0
2021-01-05 09:40:23.200,0.0232,0.0234,30.0,0.0232,15.0,11267.0,570.0
2021-01-05 09:40:24.681,0.0232,0.0234,30.0,0.0232,15.0,11267.0,570.0
2021-01-05 09:40:25.121,0.0232,0.0234,30.0,0.0232,15.0,11267.0,570.0
2021-01-05 09:40:25.570,0.0232,0.0234,45.0,0.0231,35.0,11267.0,570.0
2021-01-05 09:40:26.181,0.0232,0.0234,30.0,0.0232,15.0,11267.0,570.0
2021-01-05 09:40:26.650,0.0232,0.0234,30.0,0.0232,15.0,11267.0,570.0
2021-01-05 09:40:27.140,0.0232,0.0234,45.0,0.0231,45.0,11267.0,570.0
2021-01-05 09:40:27.701,0.0232,0.0234,45.0,0.0231,45.0,11267.0,570.0
2021-01-05 09:40:28.110,0.0232,0.0234,45.0,0.0231,45.0,11267.0,570.0
2021-01-05 09:40:29.681,0.0232,0.0233,15.0,0.0231,30.0,11267.0,570.0
2021-01-05 09:40:30.150,0.0232,0.0233,15.0,0.0231,30.0,11267.0,570.0
2021-01-05 09:40:30.700,0.0232,0.0234,45.0,0.0231,45.0,11267.0,570.0
2021-01-05 09:40:31.101,0.0232,0.0234,30.0,0.0231,30.0,11267.0,570.0
2021-01-05 09:40:31.631,0.0232,0.0234,45.0,0.0231,45.0,11267.0,570.0
2021-01-05 09:40:33.191,0.0232,0.0234,30.0,0.0232,15.0,11267.0,570.0
2021-01-05 09:40:33.681,0.0232,0.0234,10.0,0.0232,15.0,11267.0,570.0
2021-01-05 09:40:34.171,0.0232,0.0234,10.0,0.0232,15.0,11267.0,570.0
2021-01-05 09:40:34.601,0.0232,0.0234,25.0,0.0231,45.0,11267.0,570.0
2021-01-05 09:40:35.201,0.0232,0.0234,10.0,0.0232,15.0,11267.0,570.0
2021-01-05 09:40:36.161,0.0232,0.0234,25.0,0.0231,45.0,11267.0,570.0
2021-01-05 09:40:36.620,0.0232,0.0234,45.0,0.0231,45.0,11267.0,570.0
2021-01-05 09:40:37.201,0.0232,0.0234,30.0,0.0232,15.0,11267.0,570.0
2021-01-05 09:40:37.700,0.0232,0.0234,45.0,0.0231,45.0,11267.0,570.0
2021-01-05 09:40:38.130,0.0232,0.0234,30.0,0.0232,15.0,11267.0,570.0
2021-01-05 09:40:38.651,0.0232,0.0234,30.0,0.0232,15.0,11267.0,570.0
2021-01-05 09:40:39.041,0.0232,0.0234,30.0,0.0231,30.0,11267.0,570.0
2021-01-05 09:40:39.681,0.0232,0.0234,45.0,0.0231,45.0,11267.0,570.0
2021-01-05 09:40:40.061,0.0232,0.0234,10.0,0.0232,15.0,11267.0,570.0
2021-01-05 09:40:40.670,0.0232,0.0234,10.0,0.0232,15.0,11267.0,570.0
2021-01-05 09:40:41.191,0.0232,0.0234,10.0,0.0232,25.0,11267.0,570.0
2021-01-05 09:40:41.640,0.0232,0.0234,10.0,0.0233,15.0,11267.0,570.0
2021-01-05 09:40:42.180,0.0232,0.0234,10.0,0.0233,5.0,11267.0,570.0
2021-01-05 09:40:42.601,0.0232,0.0234,10.0,0.0233,5.0,11267.0,570.0
2021-01-05 09:40:43.191,0.0232,0.0234,10.0,0.0233,20.0,11267.0,570.0
2021-01-05 09:40:43.621,0.0232,0.0234,10.0,0.0233,5.0,11267.0,570.0
2021-01-05 09:40:44.161,0.0234,0.0234,23.0,0.0233,5.0,11269.0,572.0
2021-01-05 09:40:44.610,0.0234,0.0234,25.0,0.0233,5.0,11269.0,572.0
2021-01-05 09:40:45.621,0.0234,0.0234,20.0,0.0233,5.0,11269.0,592.0
2021-01-05 09:40:46.161,0.0234,0.0234,5.0,0.0233,5.0,11269.0,592.0
2021-01-05 09:40:46.581,0.0234,0.0234,5.0,0.0233,5.0,11269.0,592.0
2021-01-05 09:40:47.611,0.0234,0.0234,5.0,0.0233,5.0,11269.0,592.0
2021-01-05 09:40:48.160,0.0234,0.0234,5.0,0.0233,20.0,11269.0,592.0
2021-01-05 09:40:48.700,0.0234,0.0234,10.0,0.0233,20.0,11269.0,592.0
2021-01-05 09:40:49.111,0.0234,0.0234,10.0,0.0233,5.0,11269.0,592.0
2021-01-05 09:40:49.640,0.0234,0.0234,10.0,0.0233,20.0,11269.0,592.0
2021-01-05 09:40:50.181,0.0234,0.0234,10.0,0.0233,20.0,11269.0,592.0
2021-01-05 09:40:53.651,0.0234,0.0235,20.0,0.0234,15.0,11269.0,602.0
2021-01-05 09:40:54.141,0.0234,0.0235,35.0,0.0233,5.0,11269.0,602.0
2021-01-05 09:40:54.521,0.0234,0.0236,35.0,0.0233,20.0,11269.0,602.0
2021-01-05 09:40:55.111,0.0234,0.0235,35.0,0.0233,5.0,11269.0,602.0
2021-01-05 09:40:56.121,0.0234,0.0235,35.0,0.0233,5.0,11269.0,602.0
2021-01-05 09:40:56.711,0.0234,0.0235,35.0,0.0233,5.0,11269.0,602.0
2021-01-05 09:40:57.180,0.0234,0.0235,20.0,0.0233,5.0,11269.0,602.0
2021-01-05 09:40:57.710,0.0234,0.0235,20.0,0.0233,20.0,11269.0,602.0
2021-01-05 09:40:58.721,0.0234,0.0235,20.0,0.0233,5.0,11269.0,602.0
2021-01-05 09:40:58.980,0.0234,0.0234,10.0,0.0233,5.0,11269.0,602.0
2021-01-05 09:40:59.650,0.0234,0.0235,30.0,0.0233,20.0,11269.0,602.0
2021-01-05 09:40:59.950,0.0234,0.0235,30.0,0.0233,20.0,11269.0,602.0
2021-01-05 09:41:00.611,0.0234,0.0235,45.0,0.0233,5.0,11269.0,602.0
2021-01-05 09:41:01.041,0.0234,0.0235,45.0,0.0233,5.0,11269.0,602.0
2021-01-05 09:41:01.650,0.0234,0.0235,30.0,0.0233,20.0,11269.0,602.0
2021-01-05 09:41:02.661,0.0234,0.0235,30.0,0.0233,20.0,11269.0,602.0
2021-01-05 09:41:03.110,0.0234,0.0235,45.0,0.0233,5.0,11269.0,602.0
2021-01-05 09:41:03.660,0.0234,0.0235,30.0,0.0233,20.0,11269.0,602.0
2021-01-05 09:41:04.680,0.0234,0.0235,30.0,0.0233,5.0,11269.0,602.0
2021-01-05 09:41:05.220,0.0234,0.0235,30.0,0.0233,20.0,11269.0,602.0
2021-01-05 09:41:05.660,0.0234,0.0235,30.0,0.0233,5.0,11269.0,602.0
2021-01-05 09:41:06.221,0.0234,0.0235,45.0,0.0233,5.0,11269.0,602.0
2021-01-05 09:41:07.100,0.0234,0.0235,30.0,0.0233,5.0,11269.0,602.0
2021-01-05 09:41:07.611,0.0234,0.0235,65.0,0.0233,5.0,11269.0,602.0
2021-01-05 09:41:08.201,0.0234,0.0235,65.0,0.0233,5.0,11269.0,602.0
2021-01-05 09:41:08.701,0.0234,0.0235,45.0,0.0233,5.0,11269.0,602.0
2021-01-05 09:41:09.661,0.0234,0.0234,15.0,0.0233,5.0,11269.0,602.0
2021-01-05 09:41:10.220,0.0234,0.0235,45.0,0.0233,5.0,11269.0,602.0
2021-01-05 09:41:10.710,0.0234,0.0235,45.0,0.0233,5.0,11269.0,602.0
2021-01-05 09:41:11.210,0.0234,0.0235,50.0,0.0233,20.0,11269.0,602.0
2021-01-05 09:41:11.711,0.0234,0.0235,30.0,0.0233,5.0,11269.0,602.0
2021-01-05 09:41:12.151,0.0234,0.0235,45.0,0.0233,5.0,11269.0,602.0
2021-01-05 09:41:13.161,0.0234,0.0235,30.0,0.0233,20.0,11269.0,602.0
2021-01-05 09:41:13.711,0.0234,0.0235,30.0,0.0233,20.0,11269.0,602.0
2021-01-05 09:41:14.160,0.0234,0.0235,45.0,0.0233,5.0,11269.0,602.0
2021-01-05 09:41:14.671,0.0234,0.0235,30.0,0.0233,20.0,11269.0,602.0
2021-01-05 09:41:15.651,0.0234,0.0235,45.0,0.0233,5.0,11269.0,602.0
2021-01-05 09:41:16.210,0.0234,0.0235,30.0,0.0233,20.0,11269.0,602.0
2021-01-05 09:41:16.500,0.0234,0.0235,45.0,0.0233,5.0,11269.0,602.0
2021-01-05 09:41:17.670,0.0234,0.0235,30.0,0.0233,20.0,11269.0,602.0
2021-01-05 09:41:18.661,0.0234,0.0235,45.0,0.0233,5.0,11269.0,602.0
2021-01-05 09:41:19.161,0.0234,0.0235,45.0,0.0233,5.0,11269.0,602.0
2021-01-05 09:41:20.070,0.0234,0.0235,30.0,0.0233,20.0,11269.0,602.0
2021-01-05 09:41:20.721,0.0234,0.0235,45.0,0.0233,5.0,11269.0,602.0
2021-01-05 09:41:22.190,0.0234,0.0235,45.0,0.0233,5.0,11269.0,602.0
2021-01-05 09:41:22.700,0.0234,0.0235,45.0,0.0233,5.0,11269.0,602.0
2021-01-05 09:41:24.171,0.0234,0.0235,30.0,0.0233,20.0,11269.0,602.0
2021-01-05 09:41:24.651,0.0234,0.0235,45.0,0.0233,5.0,11269.0,602.0
2021-01-05 09:41:25.120,0.0234,0.0235,45.0,0.0233,5.0,11269.0,602.0
2021-01-05 09:41:25.641,0.0234,0.0235,65.0,0.0233,5.0,11269.0,602.0
2021-01-05 09:41:26.190,0.0234,0.0234,15.0,0.0233,5.0,11269.0,602.0
2021-01-05 09:41:27.131,0.0234,0.0234,15.0,0.0233,5.0,11269.0,602.0
2021-01-05 09:41:27.710,0.0234,0.0234,35.0,0.0233,5.0,11269.0,602.0
2021-01-05 09:41:28.171,0.0233,0.0233,5.0,0.0231,35.0,11274.0,607.0
2021-01-05 09:41:28.540,0.0233,0.0234,45.0,0.0231,45.0,11274.0,607.0
2021-01-05 09:41:29.070,0.0233,0.0234,45.0,0.0231,45.0,11274.0,607.0
2021-01-05 09:41:30.180,0.0233,0.0234,30.0,0.0232,15.0,11274.0,607.0
2021-01-05 09:41:30.441,0.0233,0.0234,45.0,0.0231,35.0,11274.0,607.0
2021-01-05 09:41:31.181,0.0233,0.0234,30.0,0.0233,5.0,11274.0,607.0
2021-01-05 09:41:31.700,0.0233,0.0234,30.0,0.0233,5.0,11274.0,607.0
2021-01-05 09:41:32.670,0.0233,0.0234,30.0,0.0233,5.0,11274.0,607.0
2021-01-05 09:41:33.171,0.0233,0.0234,45.0,0.0233,5.0,11274.0,607.0
2021-01-05 09:41:33.680,0.0233,0.0234,30.0,0.0233,5.0,11274.0,607.0
2021-01-05 09:41:34.120,0.0233,0.0234,30.0,0.0233,5.0,11274.0,607.0
2021-01-05 09:41:35.221,0.0233,0.0234,30.0,0.0233,5.0,11274.0,607.0
2021-01-05 09:41:35.721,0.0233,0.0234,45.0,0.0233,5.0,11274.0,607.0
2021-01-05 09:41:36.070,0.0233,0.0234,45.0,0.0233,5.0,11274.0,607.0
2021-01-05 09:41:36.720,0.0233,0.0234,45.0,0.0233,5.0,11274.0,607.0
2021-01-05 09:41:37.711,0.0233,0.0234,65.0,0.0231,15.0,11279.0,612.0
2021-01-05 09:41:38.220,0.0233,0.0234,50.0,0.0231,15.0,11279.0,612.0
2021-01-05 09:41:38.710,0.0233,0.0234,30.0,0.0231,15.0,11279.0,612.0
2021-01-05 09:41:39.521,0.0233,0.0234,30.0,0.0231,15.0,11279.0,612.0
2021-01-05 09:41:40.231,0.0233,0.0234,30.0,0.0231,35.0,11279.0,612.0
2021-01-05 09:41:40.721,0.0233,0.0234,30.0,0.0232,15.0,11279.0,612.0
2021-01-05 09:41:41.130,0.0233,0.0234,30.0,0.0232,15.0,11279.0,612.0
2021-01-05 09:41:41.730,0.0233,0.0234,30.0,0.0232,15.0,11279.0,612.0
2021-01-05 09:41:42.201,0.0233,0.0234,30.0,0.0232,15.0,11279.0,612.0
2021-01-05 09:41:42.700,0.0233,0.0234,10.0,0.0232,15.0,11279.0,612.0
2021-01-05 09:41:43.720,0.0233,0.0234,10.0,0.0232,15.0,11279.0,612.0
2021-01-05 09:41:44.671,0.0233,0.0234,10.0,0.0232,15.0,11279.0,612.0
2021-01-05 09:41:45.190,0.0233,0.0234,10.0,0.0232,15.0,11279.0,612.0
2021-01-05 09:41:45.701,0.0233,0.0234,10.0,0.0232,15.0,11279.0,612.0
2021-01-05 09:41:46.241,0.0233,0.0234,10.0,0.0232,15.0,11279.0,612.0
2021-01-05 09:41:46.661,0.0233,0.0234,10.0,0.0232,15.0,11279.0,612.0
2021-01-05 09:41:47.011,0.0233,0.0234,30.0,0.0232,15.0,11279.0,612.0
2021-01-05 09:41:47.741,0.0233,0.0234,30.0,0.0232,15.0,11279.0,612.0
2021-01-05 09:41:48.181,0.0234,0.0234,11.0,0.0232,15.0,11279.0,631.0
2021-01-05 09:41:48.740,0.0234,0.0235,20.0,0.0234,25.0,11279.0,642.0
2021-01-05 09:41:49.191,0.0234,0.0235,20.0,0.0234,30.0,11279.0,652.0
2021-01-05 09:41:49.451,0.0234,0.0235,10.0,0.0231,20.0,11279.0,682.0
2021-01-05 09:41:50.231,0.0234,0.0234,20.0,0.023,20.0,11279.0,682.0
2021-01-05 09:41:50.751,0.0234,0.0234,35.0,0.0231,15.0,11279.0,682.0
2021-01-05 09:41:51.251,0.0234,0.0234,20.0,0.0231,35.0,11279.0,682.0
2021-01-05 09:41:51.760,0.0234,0.0234,20.0,0.0232,15.0,11279.0,682.0
2021-01-05 09:41:52.261,0.0234,0.0234,40.0,0.0232,15.0,11279.0,682.0
2021-01-05 09:41:52.690,0.0234,0.0234,20.0,0.0232,15.0,11279.0,682.0
2021-01-05 09:41:53.201,0.0232,0.0234,55.0,0.0231,15.0,11294.0,697.0
2021-01-05 09:41:53.681,0.0232,0.0234,55.0,0.0231,25.0,11294.0,697.0
2021-01-05 09:41:54.591,0.0232,0.0233,15.0,0.0231,10.0,11294.0,697.0
2021-01-05 09:41:54.880,0.0232,0.0233,25.0,0.0231,10.0,11294.0,697.0
2021-01-05 09:41:55.671,0.0232,0.0233,25.0,0.0231,10.0,11294.0,697.0
2021-01-05 09:41:56.151,0.0232,0.0233,10.0,0.0231,25.0,11294.0,697.0
2021-01-05 09:41:56.680,0.0232,0.0233,10.0,0.0231,25.0,11294.0,697.0
2021-01-05 09:41:57.110,0.0232,0.0233,45.0,0.0231,10.0,11294.0,697.0
2021-01-05 09:41:57.640,0.0232,0.0233,10.0,0.0231,25.0,11294.0,697.0
2021-01-05 09:41:58.660,0.0232,0.0234,55.0,0.0231,25.0,11294.0,697.0
2021-01-05 09:41:59.131,0.0232,0.0233,10.0,0.0231,25.0,11294.0,697.0
2021-01-05 09:42:00.151,0.0232,0.0234,40.0,0.0231,35.0,11294.0,697.0
2021-01-05 09:42:00.701,0.0232,0.0233,10.0,0.0231,35.0,11294.0,697.0
2021-01-05 09:42:01.651,0.0232,0.0234,55.0,0.0231,35.0,11294.0,697.0
2021-01-05 09:42:02.201,0.0232,0.0233,25.0,0.0231,20.0,11294.0,697.0
2021-01-05 09:42:02.710,0.0232,0.0233,25.0,0.0231,20.0,11294.0,697.0
2021-01-05 09:42:03.161,0.0232,0.0233,10.0,0.0231,35.0,11294.0,697.0
2021-01-05 09:42:05.711,0.0232,0.0233,10.0,0.0232,15.0,11294.0,697.0
2021-01-05 09:42:06.181,0.0232,0.0233,10.0,0.0231,35.0,11294.0,697.0
2021-01-05 09:42:07.230,0.0232,0.0233,25.0,0.0231,20.0,11294.0,697.0
2021-01-05 09:42:08.220,0.0232,0.0233,10.0,0.0231,35.0,11294.0,697.0
2021-01-05 09:42:09.230,0.0232,0.0233,25.0,0.0231,20.0,11294.0,697.0
2021-01-05 09:42:11.211,0.0232,0.0233,45.0,0.0231,20.0,11294.0,697.0
2021-01-05 09:42:11.720,0.0232,0.0233,45.0,0.023,35.0,11294.0,697.0
2021-01-05 09:42:13.211,0.0232,0.0233,15.0,0.023,45.0,11294.0,697.0
2021-01-05 09:42:13.731,0.0232,0.0233,15.0,0.0231,20.0,11294.0,697.0
2021-01-05 09:42:14.150,0.0232,0.0234,45.0,0.0231,35.0,11294.0,697.0
2021-01-05 09:42:14.671,0.0232,0.0233,15.0,0.0231,20.0,11294.0,697.0
2021-01-05 09:42:15.170,0.0233,0.0234,30.0,0.0231,20.0,11295.0,698.0
2021-01-05 09:42:15.650,0.0233,0.0234,45.0,0.0231,35.0,11295.0,698.0
2021-01-05 09:42:16.181,0.0233,0.0233,15.0,0.0231,20.0,11295.0,698.0
2021-01-05 09:42:16.181,0.0233,0.0233,15.0,0.0232,5.0,11295.0,698.0
2021-01-05 09:42:17.241,0.0233,0.0234,45.0,0.0232,5.0,11295.0,698.0
2021-01-05 09:42:18.100,0.0233,0.0234,45.0,0.0232,5.0,11295.0,698.0
2021-01-05 09:42:18.701,0.0233,0.0234,30.0,0.0232,20.0,11295.0,698.0
2021-01-05 09:42:19.210,0.0233,0.0234,25.0,0.0232,5.0,11295.0,698.0
2021-01-05 09:42:19.721,0.0233,0.0234,25.0,0.0232,25.0,11295.0,698.0
2021-01-05 09:42:20.150,0.0233,0.0234,15.0,0.0232,25.0,11295.0,698.0
2021-01-05 09:42:22.221,0.0233,0.0234,25.0,0.0232,25.0,11295.0,698.0
2021-01-05 09:42:22.570,0.0233,0.0234,25.0,0.0232,25.0,11295.0,698.0
2021-01-05 09:42:24.670,0.0233,0.0234,15.0,0.0232,25.0,11295.0,698.0
2021-01-05 09:42:25.511,0.0233,0.0234,25.0,0.0232,25.0,11295.0,698.0
2021-01-05 09:42:26.130,0.0233,0.0234,25.0,0.0232,5.0,11295.0,698.0
2021-01-05 09:42:26.701,0.0233,0.0234,25.0,0.0232,5.0,11295.0,698.0
2021-01-05 09:42:27.651,0.0233,0.0234,25.0,0.0232,5.0,11295.0,698.0
2021-01-05 09:42:28.130,0.0233,0.0234,15.0,0.0232,5.0,11295.0,698.0
2021-01-05 09:42:29.211,0.0233,0.0234,25.0,0.0232,5.0,11295.0,698.0
2021-01-05 09:42:30.220,0.0234,0.0234,20.0,0.0232,5.0,11295.0,718.0
2021-01-05 09:42:30.470,0.0234,0.0235,30.0,0.0233,15.0,11295.0,718.0
2021-01-05 09:42:31.200,0.0234,0.0234,10.0,0.0232,20.0,11295.0,718.0
2021-01-05 09:42:32.131,0.0234,0.0234,10.0,0.0233,15.0,11295.0,718.0
2021-01-05 09:42:32.721,0.0234,0.0234,10.0,0.0232,20.0,11295.0,718.0
2021-01-05 09:42:33.121,0.0234,0.0234,10.0,0.0232,5.0,11295.0,718.0
2021-01-05 09:42:33.720,0.0234,0.0234,10.0,0.0232,20.0,11295.0,718.0
2021-01-05 09:42:34.210,0.0234,0.0235,30.0,0.0233,15.0,11295.0,718.0
2021-01-05 09:42:34.731,0.0234,0.0235,30.0,0.0233,15.0,11295.0,718.0
2021-01-05 09:42:35.151,0.0234,0.0235,45.0,0.0232,40.0,11295.0,718.0
2021-01-05 09:42:37.751,0.0234,0.0235,30.0,0.0233,15.0,11295.0,718.0
2021-01-05 09:42:39.530,0.0234,0.0235,30.0,0.0233,15.0,11295.0,718.0
2021-01-05 09:42:40.221,0.0234,0.0235,45.0,0.0232,40.0,11295.0,718.0
2021-01-05 09:42:40.721,0.0234,0.0235,45.0,0.0232,40.0,11295.0,718.0
2021-01-05 09:42:41.201,0.0234,0.0235,45.0,0.0232,35.0,11295.0,718.0
2021-01-05 09:42:41.731,0.0234,0.0235,45.0,0.0233,5.0,11295.0,718.0
2021-01-05 09:42:42.711,0.0234,0.0235,35.0,0.0233,5.0,11295.0,718.0
2021-01-05 09:42:43.251,0.0234,0.0235,30.0,0.0233,20.0,11295.0,718.0
2021-01-05 09:42:43.741,0.0234,0.0236,45.0,0.0233,20.0,11295.0,718.0
2021-01-05 09:42:44.211,0.0234,0.0235,25.0,0.0233,5.0,11295.0,718.0
2021-01-05 09:42:44.751,0.0234,0.0235,45.0,0.0233,5.0,11295.0,718.0
2021-01-05 09:42:45.191,0.0234,0.0235,15.0,0.0233,25.0,11295.0,718.0
2021-01-05 09:42:45.650,0.0234,0.0235,15.0,0.0233,25.0,11295.0,718.0
2021-01-05 09:42:46.240,0.0234,0.0235,25.0,0.0233,25.0,11295.0,718.0
2021-01-05 09:42:46.741,0.0234,0.0235,45.0,0.0233,5.0,11295.0,718.0
2021-01-05 09:42:47.690,0.0234,0.0234,15.0,0.0233,5.0,11295.0,718.0
2021-01-05 09:42:48.171,0.0234,0.0235,30.0,0.0233,5.0,11295.0,718.0
2021-01-05 09:42:48.720,0.0234,0.0235,35.0,0.0233,5.0,11295.0,718.0
2021-01-05 09:42:49.110,0.0234,0.0235,15.0,0.0233,25.0,11295.0,718.0
2021-01-05 09:42:49.750,0.0234,0.0235,15.0,0.0233,25.0,11295.0,718.0
2021-01-05 09:42:50.720,0.0234,0.0235,25.0,0.0233,25.0,11295.0,718.0
2021-01-05 09:42:53.621,0.0234,0.0235,25.0,0.0233,25.0,11295.0,718.0
2021-01-05 09:42:54.191,0.0234,0.0235,25.0,0.0233,25.0,11295.0,718.0
2021-01-05 09:42:55.190,0.0234,0.0236,45.0,0.0233,40.0,11295.0,718.0
2021-01-05 09:42:55.701,0.0234,0.0235,15.0,0.0233,25.0,11295.0,718.0
2021-01-05 09:42:56.191,0.0234,0.0235,15.0,0.0233,25.0,11295.0,718.0
2021-01-05 09:42:56.631,0.0234,0.0235,15.0,0.0233,25.0,11295.0,718.0
2021-01-05 09:42:58.220,0.0234,0.0235,25.0,0.0233,5.0,11295.0,718.0
2021-01-05 09:42:58.731,0.0234,0.0235,15.0,0.0233,5.0,11295.0,718.0
2021-01-05 09:42:58.990,0.0234,0.0235,15.0,0.0233,25.0,11295.0,718.0
2021-01-05 09:42:59.730,0.0234,0.0235,15.0,0.0233,25.0,11295.0,718.0
2021-01-05 09:43:00.200,0.0234,0.0235,15.0,0.0233,25.0,11295.0,718.0
2021-01-05 09:43:01.211,0.0234,0.0235,15.0,0.0233,25.0,11295.0,718.0
2021-01-05 09:43:01.701,0.0234,0.0235,15.0,0.0233,25.0,11295.0,718.0
2021-01-05 09:43:02.150,0.0234,0.0235,15.0,0.0233,25.0,11295.0,718.0
2021-01-05 09:43:02.681,0.0234,0.0235,25.0,0.0233,25.0,11295.0,718.0
2021-01-05 09:43:03.241,0.0234,0.0235,25.0,0.0233,5.0,11295.0,718.0
2021-01-05 09:43:03.701,0.0234,0.0235,25.0,0.0233,5.0,11295.0,718.0
2021-01-05 09:43:04.740,0.0234,0.0235,15.0,0.0233,5.0,11295.0,718.0
2021-01-05 09:43:05.251,0.0234,0.0235,15.0,0.0233,25.0,11295.0,718.0
2021-01-05 09:43:05.681,0.0234,0.0235,15.0,0.0233,35.0,11295.0,718.0
2021-01-05 09:43:06.171,0.0234,0.0235,15.0,0.0233,45.0,11295.0,718.0
2021-01-05 09:43:06.751,0.0234,0.0235,15.0,0.0233,45.0,11295.0,718.0
2021-01-05 09:43:07.231,0.0234,0.0235,15.0,0.0233,45.0,11295.0,718.0
2021-01-05 09:43:08.181,0.0234,0.0235,15.0,0.0233,35.0,11295.0,718.0
2021-01-05 09:43:08.701,0.0233,0.0235,15.0,0.0233,15.0,11300.0,738.0
2021-01-05 09:43:09.740,0.0233,0.0235,15.0,0.0234,1.0,11300.0,738.0
2021-01-05 09:43:10.150,0.0234,0.0234,9.0,0.0233,5.0,11301.0,739.0
2021-01-05 09:43:10.761,0.0234,0.0234,24.0,0.0233,5.0,11301.0,739.0
2021-01-05 09:43:11.250,0.0234,0.0234,9.0,0.0233,5.0,11301.0,739.0
2021-01-05 09:43:11.750,0.0234,0.0234,15.0,0.0233,5.0,11301.0,739.0
2021-01-05 09:43:12.171,0.0234,0.0234,15.0,0.0233,5.0,11301.0,739.0
2021-01-05 09:43:13.210,0.0234,0.0235,25.0,0.0233,5.0,11301.0,739.0
2021-01-05 09:43:13.740,0.0234,0.0235,15.0,0.0234,7.0,11301.0,739.0
2021-01-05 09:43:14.270,0.0234,0.0235,15.0,0.0234,12.0,11301.0,739.0
2021-01-05 09:43:14.770,0.0234,0.0235,15.0,0.0234,12.0,11301.0,739.0
2021-01-05 09:43:15.241,0.0234,0.0235,15.0,0.0234,12.0,11301.0,739.0
2021-01-05 09:43:15.711,0.0234,0.0235,15.0,0.0234,12.0,11301.0,739.0
2021-01-05 09:43:15.771,0.0234,0.0235,15.0,0.0234,5.0,11301.0,739.0
2021-01-05 09:43:16.720,0.0234,0.0235,10.0,0.0234,5.0,11301.0,739.0
2021-01-05 09:43:17.271,0.0234,0.0235,25.0,0.0234,5.0,11301.0,739.0
2021-01-05 09:43:17.771,0.0234,0.0235,25.0,0.0234,5.0,11301.0,739.0
2021-01-05 09:43:18.270,0.0234,0.0235,25.0,0.0234,5.0,11301.0,739.0
2021-01-05 09:43:20.731,0.0234,0.0235,25.0,0.0234,5.0,11301.0,739.0
2021-01-05 09:43:21.271,0.0234,0.0235,25.0,0.0234,5.0,11301.0,739.0
2021-01-05 09:43:21.701,0.0234,0.0234,10.0,0.0233,20.0,11306.0,744.0
2021-01-05 09:43:22.281,0.0234,0.0234,15.0,0.0233,20.0,11306.0,744.0
2021-01-05 09:43:22.641,0.0234,0.0234,15.0,0.0233,20.0,11306.0,744.0
2021-01-05 09:43:23.651,0.0234,0.0235,25.0,0.0233,20.0,11306.0,744.0
2021-01-05 09:43:24.120,0.0234,0.0235,25.0,0.0233,20.0,11306.0,744.0
2021-01-05 09:43:24.661,0.0234,0.0234,15.0,0.0233,20.0,11306.0,744.0
2021-01-05 09:43:25.201,0.0234,0.0234,15.0,0.0232,20.0,11306.0,744.0
2021-01-05 09:43:25.701,0.0234,0.0235,25.0,0.0232,35.0,11306.0,744.0
2021-01-05 09:43:26.181,0.0234,0.0234,15.0,0.0232,20.0,11306.0,744.0
2021-01-05 09:43:26.621,0.0234,0.0235,45.0,0.0232,35.0,11306.0,744.0
2021-01-05 09:43:27.190,0.0234,0.0234,15.0,0.0232,20.0,11315.0,753.0
2021-01-05 09:43:27.620,0.0234,0.0235,45.0,0.0232,35.0,11315.0,753.0
2021-01-05 09:43:28.091,0.0234,0.0234,15.0,0.0232,20.0,11315.0,753.0
2021-01-05 09:43:28.700,0.0234,0.0235,45.0,0.0232,35.0,11315.0,753.0
2021-01-05 09:43:29.660,0.0234,0.0234,10.0,0.0232,35.0,11315.0,753.0
2021-01-05 09:43:30.050,0.0234,0.0234,10.0,0.0233,15.0,11315.0,753.0
2021-01-05 09:43:30.701,0.0234,0.0234,10.0,0.0232,35.0,11315.0,753.0
2021-01-05 09:43:31.080,0.0234,0.0234,10.0,0.0232,35.0,11315.0,753.0
2021-01-05 09:43:33.141,0.0234,0.0235,30.0,0.0233,20.0,11315.0,753.0
2021-01-05 09:43:33.670,0.0234,0.0235,45.0,0.0233,5.0,11315.0,753.0
2021-01-05 09:43:34.221,0.0234,0.0235,45.0,0.0233,5.0,11315.0,753.0
2021-01-05 09:43:34.691,0.0234,0.0234,10.0,0.0233,5.0,11315.0,753.0
2021-01-05 09:43:35.070,0.0234,0.0234,10.0,0.0233,20.0,11315.0,753.0
2021-01-05 09:43:35.681,0.0234,0.0234,10.0,0.0233,5.0,11315.0,753.0
2021-01-05 09:43:36.661,0.0234,0.0235,10.0,0.0233,40.0,11315.0,753.0
2021-01-05 09:43:37.181,0.0234,0.0235,25.0,0.0233,25.0,11315.0,753.0
2021-01-05 09:43:37.631,0.0234,0.0235,25.0,0.0233,25.0,11315.0,753.0
2021-01-05 09:43:38.221,0.0234,0.0235,25.0,0.0233,25.0,11315.0,753.0
2021-01-05 09:43:38.680,0.0234,0.0235,25.0,0.0233,25.0,11315.0,753.0
2021-01-05 09:43:39.241,0.0234,0.0235,25.0,0.0233,25.0,11315.0,753.0
2021-01-05 09:43:39.711,0.0234,0.0235,10.0,0.0233,40.0,11315.0,753.0
2021-01-05 09:43:41.730,0.0234,0.0235,25.0,0.0233,25.0,11315.0,753.0
2021-01-05 09:43:42.191,0.0234,0.0235,25.0,0.0233,25.0,11315.0,753.0
2021-01-05 09:43:43.231,0.0234,0.0236,30.0,0.0234,15.0,11315.0,753.0
2021-01-05 09:43:43.711,0.0234,0.0235,10.0,0.0233,40.0,11315.0,753.0
2021-01-05 09:43:44.251,0.0234,0.0235,10.0,0.0233,25.0,11315.0,753.0
2021-01-05 09:43:44.670,0.0234,0.0235,10.0,0.0233,40.0,11315.0,753.0
2021-01-05 09:43:45.221,0.0234,0.0235,25.0,0.0233,25.0,11315.0,753.0
2021-01-05 09:43:45.221,0.0234,0.0234,15.0,0.0233,25.0,11315.0,753.0
2021-01-05 09:43:46.151,0.0234,0.0234,15.0,0.0233,25.0,11315.0,753.0
2021-01-05 09:43:46.750,0.0234,0.0235,25.0,0.0233,25.0,11315.0,753.0
2021-01-05 09:43:47.250,0.0234,0.0234,15.0,0.0233,25.0,11315.0,753.0
2021-01-05 09:43:48.220,0.0234,0.0235,10.0,0.0233,25.0,11315.0,753.0
2021-01-05 09:43:48.721,0.0234,0.0235,25.0,0.0233,25.0,11315.0,753.0
2021-01-05 09:43:49.221,0.0234,0.0234,15.0,0.0233,25.0,11315.0,753.0
2021-01-05 09:43:50.110,0.0234,0.0235,10.0,0.0233,60.0,11315.0,753.0
2021-01-05 09:43:50.721,0.0234,0.0236,25.0,0.0233,60.0,11315.0,753.0
2021-01-05 09:43:51.221,0.0234,0.0236,25.0,0.0233,60.0,11315.0,753.0
2021-01-05 09:43:51.660,0.0234,0.0235,10.0,0.0233,60.0,11315.0,753.0
2021-01-05 09:43:52.200,0.0234,0.0236,25.0,0.0233,60.0,11315.0,753.0
2021-01-05 09:43:52.681,0.0234,0.0236,25.0,0.0234,20.0,11315.0,753.0
2021-01-05 09:43:53.201,0.0234,0.0236,25.0,0.0234,20.0,11315.0,753.0
2021-01-05 09:43:53.610,0.0234,0.0236,10.0,0.0234,35.0,11315.0,753.0
2021-01-05 09:43:54.191,0.0234,0.0236,10.0,0.0234,35.0,11315.0,753.0
2021-01-05 09:43:54.980,0.0234,0.0236,10.0,0.0234,35.0,11315.0,753.0
2021-01-05 09:43:57.230,0.0234,0.0236,25.0,0.0234,20.0,11315.0,753.0
2021-01-05 09:43:57.650,0.0234,0.0236,25.0,0.0234,20.0,11315.0,753.0
2021-01-05 09:43:58.711,0.0234,0.0236,10.0,0.0234,35.0,11315.0,753.0
2021-01-05 09:43:59.170,0.0234,0.0236,25.0,0.0234,20.0,11315.0,753.0
2021-01-05 09:44:00.131,0.0234,0.0236,10.0,0.0234,35.0,11315.0,753.0
2021-01-05 09:44:01.160,0.0234,0.0236,25.0,0.0235,18.0,11315.0,753.0
2021-01-05 09:44:01.621,0.0234,0.0236,25.0,0.0235,18.0,11315.0,753.0
2021-01-05 09:44:02.031,0.0234,0.0236,10.0,0.0235,18.0,11315.0,753.0
2021-01-05 09:44:02.711,0.0234,0.0236,10.0,0.0235,18.0,11315.0,753.0
2021-01-05 09:44:03.241,0.0234,0.0236,10.0,0.0235,18.0,11315.0,753.0
2021-01-05 09:44:03.731,0.0234,0.0236,10.0,0.0235,38.0,11315.0,753.0
2021-01-05 09:44:04.230,0.0234,0.0238,55.0,0.0235,73.0,11315.0,753.0
2021-01-05 09:44:04.751,0.0234,0.0237,10.0,0.0236,15.0,11315.0,753.0
2021-01-05 09:44:05.260,0.0234,0.0238,20.0,0.0236,15.0,11315.0,753.0
2021-01-05 09:44:05.750,0.0234,0.0238,20.0,0.0236,15.0,11315.0,753.0
2021-01-05 09:44:06.261,0.0234,0.0238,20.0,0.0236,15.0,11315.0,753.0
2021-01-05 09:44:06.770,0.0234,0.0238,35.0,0.0235,73.0,11315.0,753.0
2021-01-05 09:44:07.281,0.0234,0.0238,10.0,0.0235,58.0,11315.0,753.0
2021-01-05 09:44:07.750,0.0234,0.0238,25.0,0.0235,73.0,11315.0,753.0
2021-01-05 09:44:09.150,0.0234,0.0238,25.0,0.0235,73.0,11315.0,753.0
2021-01-05 09:44:09.780,0.0234,0.0238,25.0,0.0235,73.0,11315.0,753.0
2021-01-05 09:44:10.280,0.0234,0.0238,10.0,0.0235,38.0,11315.0,753.0
2021-01-05 09:44:10.781,0.0234,0.0238,25.0,0.0235,53.0,11315.0,753.0
2021-01-05 09:44:11.271,0.0234,0.0238,25.0,0.0235,53.0,11315.0,753.0
2021-01-05 09:44:11.770,0.0234,0.0238,10.0,0.0235,38.0,11315.0,753.0
2021-01-05 09:44:12.781,0.0234,0.0238,25.0,0.0235,53.0,11315.0,753.0
2021-01-05 09:44:13.230,0.0234,0.0238,25.0,0.0235,53.0,11315.0,753.0
2021-01-05 09:44:13.770,0.0234,0.0238,25.0,0.0235,53.0,11315.0,753.0
2021-01-05 09:44:14.260,0.0234,0.0238,10.0,0.0236,15.0,11315.0,753.0
2021-01-05 09:44:15.280,0.0234,0.0238,10.0,0.0236,35.0,11315.0,753.0
2021-01-05 09:44:15.780,0.0234,0.0238,10.0,0.0237,5.0,11315.0,753.0
2021-01-05 09:44:16.281,0.0234,0.0238,10.0,0.0237,5.0,11315.0,753.0
2021-01-05 09:44:17.770,0.0234,0.0238,25.0,0.0237,5.0,11315.0,753.0
2021-01-05 09:44:18.780,0.0234,0.0238,25.0,0.0237,5.0,11315.0,753.0
2021-01-05 09:44:19.261,0.0234,0.0238,25.0,0.0237,5.0,11315.0,753.0
2021-01-05 09:44:19.801,0.0234,0.0238,10.0,0.0237,5.0,11315.0,753.0
2021-01-05 09:44:20.300,0.0237,0.0237,15.0,0.0235,38.0,11320.0,758.0
2021-01-05 09:44:20.801,0.0237,0.0238,10.0,0.0235,20.0,11320.0,758.0
2021-01-05 09:44:21.270,0.0237,0.0238,10.0,0.0235,20.0,11320.0,758.0
2021-01-05 09:44:21.760,0.0237,0.0238,25.0,0.0235,35.0,11320.0,758.0
2021-01-05 09:44:22.250,0.0237,0.0238,25.0,0.0235,20.0,11320.0,758.0
2021-01-05 09:44:22.651,0.0237,0.0238,10.0,0.0236,15.0,11320.0,758.0
2021-01-05 09:44:23.130,0.0237,0.0238,10.0,0.0236,20.0,11320.0,758.0
2021-01-05 09:44:25.120,0.0237,0.0238,10.0,0.0236,5.0,11320.0,758.0
2021-01-05 09:44:25.660,0.0237,0.0237,15.0,0.0236,5.0,11320.0,758.0
2021-01-05 09:44:26.201,0.0237,0.0237,15.0,0.0236,5.0,11320.0,758.0
2021-01-05 09:44:26.701,0.0237,0.0238,25.0,0.0236,5.0,11320.0,758.0
2021-01-05 09:44:27.201,0.0237,0.0237,10.0,0.0236,5.0,11320.0,758.0
2021-01-05 09:44:29.200,0.0237,0.0237,10.0,0.0236,5.0,11320.0,758.0
2021-01-05 09:44:29.631,0.0237,0.0237,10.0,0.0236,5.0,11320.0,758.0
2021-01-05 09:44:30.201,0.0237,0.0237,10.0,0.0236,5.0,11320.0,758.0
2021-01-05 09:44:30.720,0.0237,0.0237,25.0,0.0236,5.0,11320.0,758.0
2021-01-05 09:44:32.680,0.0237,0.0237,10.0,0.0236,5.0,11320.0,758.0
2021-01-05 09:44:33.240,0.0237,0.0237,25.0,0.0236,5.0,11320.0,758.0
2021-01-05 09:44:33.730,0.0237,0.0237,10.0,0.0236,5.0,11320.0,758.0
2021-01-05 09:44:34.141,0.0237,0.0237,10.0,0.0236,5.0,11320.0,758.0
2021-01-05 09:44:34.631,0.0237,0.0237,10.0,0.0236,5.0,11320.0,758.0
2021-01-05 09:44:35.221,0.0237,0.0237,10.0,0.0236,5.0,11320.0,758.0
2021-01-05 09:44:35.740,0.0237,0.0237,10.0,0.0236,23.0,11320.0,758.0
2021-01-05 09:44:37.240,0.0237,0.0237,10.0,0.0236,23.0,11320.0,758.0
2021-01-05 09:44:37.751,0.0237,0.0237,10.0,0.0236,23.0,11320.0,758.0
2021-01-05 09:44:38.201,0.0237,0.0237,10.0,0.0236,23.0,11320.0,758.0
2021-01-05 09:44:39.661,0.0237,0.0237,10.0,0.0236,38.0,11320.0,758.0
2021-01-05 09:44:40.001,0.0237,0.0237,10.0,0.0236,23.0,11320.0,758.0
2021-01-05 09:44:40.740,0.0237,0.0237,10.0,0.0236,23.0,11320.0,758.0
2021-01-05 09:44:41.251,0.0237,0.0237,9.0,0.0236,23.0,11320.0,759.0
2021-01-05 09:44:43.251,0.0237,0.0237,25.0,0.0236,23.0,11320.0,759.0
2021-01-05 09:44:43.760,0.0237,0.0237,25.0,0.0236,23.0,11320.0,759.0
2021-01-05 09:44:44.260,0.0237,0.0237,10.0,0.0236,23.0,11320.0,759.0
2021-01-05 09:44:44.761,0.0237,0.0237,10.0,0.0236,23.0,11320.0,759.0
2021-01-05 09:44:45.261,0.0237,0.0237,25.0,0.0236,23.0,11320.0,759.0
2021-01-05 09:44:45.760,0.0237,0.0237,25.0,0.0236,23.0,11320.0,759.0
2021-01-05 09:44:46.271,0.0237,0.0237,25.0,0.0236,23.0,11320.0,759.0
2021-01-05 09:44:46.771,0.0237,0.0237,25.0,0.0236,23.0,11320.0,759.0
2021-01-05 09:44:47.251,0.0237,0.0237,10.0,0.0236,23.0,11320.0,759.0
2021-01-05 09:44:47.770,0.0237,0.0237,10.0,0.0236,38.0,11320.0,759.0
2021-01-05 09:44:48.271,0.0237,0.0237,10.0,0.0236,23.0,11320.0,759.0
2021-01-05 09:44:48.780,0.0237,0.0237,10.0,0.0236,38.0,11320.0,759.0
2021-01-05 09:44:50.300,0.0237,0.0237,10.0,0.0236,38.0,11320.0,759.0
2021-01-05 09:44:50.801,0.0237,0.0237,23.0,0.0236,23.0,11320.0,761.0
2021-01-05 09:44:51.231,0.0237,0.0238,45.0,0.0236,23.0,11320.0,761.0
2021-01-05 09:44:51.810,0.0237,0.0237,10.0,0.0236,23.0,11320.0,761.0
2021-01-05 09:44:53.201,0.0237,0.0237,10.0,0.0236,38.0,11320.0,761.0
2021-01-05 09:44:53.710,0.0237,0.0238,40.0,0.0236,38.0,11320.0,761.0
2021-01-05 09:44:54.201,0.0237,0.0238,55.0,0.0236,23.0,11320.0,761.0
2021-01-05 09:44:54.960,0.0236,0.0238,45.0,0.0236,13.0,11325.0,771.0
2021-01-05 09:44:55.700,0.0236,0.0238,45.0,0.0236,3.0,11325.0,781.0
2021-01-05 09:44:56.220,0.0236,0.0237,15.0,0.0236,3.0,11325.0,781.0
2021-01-05 09:44:56.720,0.0236,0.0238,35.0,0.0236,3.0,11325.0,781.0
2021-01-05 09:44:58.120,0.0236,0.0238,20.0,0.0236,18.0,11325.0,781.0
2021-01-05 09:44:58.720,0.0236,0.0238,15.0,0.0236,3.0,11325.0,781.0
2021-01-05 09:44:59.711,0.0236,0.0238,15.0,0.0236,23.0,11325.0,781.0
2021-01-05 09:45:00.061,0.0236,0.0239,35.0,0.0236,38.0,11325.0,781.0
2021-01-05 09:45:00.591,0.0236,0.0239,35.0,0.0236,38.0,11325.0,781.0
2021-01-05 09:45:01.221,0.0236,0.0237,10.0,0.0236,38.0,11325.0,781.0
2021-01-05 09:45:01.680,0.0236,0.0238,10.0,0.0237,15.0,11325.0,781.0
2021-01-05 09:45:02.061,0.0236,0.0238,10.0,0.0237,20.0,11325.0,781.0
2021-01-05 09:45:02.710,0.0238,0.024,40.0,0.0238,5.0,11325.0,791.0
2021-01-05 09:45:03.190,0.0238,0.024,40.0,0.0238,15.0,11325.0,791.0
2021-01-05 09:45:03.680,0.0238,0.024,55.0,0.0237,20.0,11325.0,791.0
2021-01-05 09:45:04.191,0.0238,0.024,45.0,0.0237,20.0,11325.0,791.0
2021-01-05 09:45:04.700,0.0238,0.0239,15.0,0.0237,25.0,11325.0,791.0
2021-01-05 09:45:05.221,0.0238,0.0239,15.0,0.0237,25.0,11325.0,791.0
2021-01-05 09:45:05.720,0.0238,0.024,25.0,0.0237,40.0,11325.0,791.0
2021-01-05 09:45:06.220,0.0238,0.0241,20.0,0.0237,25.0,11325.0,791.0
2021-01-05 09:45:06.721,0.0238,0.024,15.0,0.0237,25.0,11325.0,791.0
2021-01-05 09:45:07.130,0.0238,0.024,15.0,0.0237,25.0,11325.0,791.0
2021-01-05 09:45:07.720,0.0238,0.024,15.0,0.0237,40.0,11325.0,791.0
2021-01-05 09:45:08.181,0.0238,0.024,45.0,0.0237,25.0,11325.0,791.0
2021-01-05 09:45:08.700,0.0238,0.0239,10.0,0.0237,40.0,11325.0,791.0
2021-01-05 09:45:09.190,0.0238,0.024,10.0,0.0238,15.0,11325.0,791.0
2021-01-05 09:45:09.720,0.0238,0.0238,10.0,0.0237,40.0,11325.0,791.0
2021-01-05 09:45:10.200,0.0238,0.024,25.0,0.0237,40.0,11325.0,791.0
2021-01-05 09:45:11.091,0.0238,0.024,25.0,0.0237,40.0,11325.0,791.0
2021-01-05 09:45:11.720,0.0238,0.024,10.0,0.0238,15.0,11325.0,791.0
2021-01-05 09:45:12.150,0.0238,0.024,10.0,0.0237,25.0,11325.0,791.0
2021-01-05 09:45:12.701,0.0238,0.024,25.0,0.0237,40.0,11325.0,791.0
2021-01-05 09:45:13.220,0.0238,0.024,25.0,0.0237,40.0,11325.0,791.0
2021-01-05 09:45:13.681,0.0238,0.024,25.0,0.0237,40.0,11325.0,791.0
2021-01-05 09:45:14.181,0.0238,0.0239,15.0,0.0237,25.0,11325.0,791.0
2021-01-05 09:45:15.230,0.0238,0.0238,10.0,0.0237,25.0,11325.0,791.0
2021-01-05 09:45:15.721,0.0238,0.0239,10.0,0.0237,40.0,11325.0,791.0
2021-01-05 09:45:16.230,0.0239,0.024,15.0,0.0239,9.0,11325.0,801.0
2021-01-05 09:45:16.630,0.0239,0.024,15.0,0.0239,9.0,11325.0,801.0
2021-01-05 09:45:17.731,0.0239,0.0241,35.0,0.0239,9.0,11325.0,801.0
2021-01-05 09:45:18.230,0.0239,0.0241,10.0,0.0239,9.0,11325.0,801.0
2021-01-05 09:45:18.691,0.0239,0.024,15.0,0.0239,9.0,11325.0,801.0
2021-01-05 09:45:19.191,0.0239,0.024,15.0,0.0239,9.0,11325.0,801.0
2021-01-05 09:45:19.731,0.0239,0.0241,35.0,0.0239,9.0,11325.0,801.0
2021-01-05 09:45:20.221,0.0239,0.024,45.0,0.0239,9.0,11325.0,801.0
2021-01-05 09:45:20.720,0.0239,0.0239,6.0,0.0237,25.0,11325.0,810.0
2021-01-05 09:45:21.191,0.0239,0.024,35.0,0.0237,40.0,11325.0,810.0
2021-01-05 09:45:21.731,0.0239,0.024,45.0,0.0237,60.0,11325.0,810.0
2021-01-05 09:45:22.240,0.0239,0.0238,10.0,0.0237,60.0,11325.0,810.0
2021-01-05 09:45:22.710,0.0239,0.0239,15.0,0.0237,25.0,11325.0,810.0
2021-01-05 09:45:23.160,0.0239,0.0238,10.0,0.0237,25.0,11325.0,810.0
2021-01-05 09:45:23.671,0.0239,0.0239,25.0,0.0237,25.0,11325.0,810.0
2021-01-05 09:45:24.201,0.0239,0.0239,35.0,0.0237,25.0,11325.0,810.0
2021-01-05 09:45:24.701,0.0239,0.0239,35.0,0.0237,25.0,11325.0,810.0
2021-01-05 09:45:25.131,0.0239,0.0238,15.0,0.0237,25.0,11325.0,810.0
2021-01-05 09:45:25.690,0.0239,0.0238,15.0,0.0237,45.0,11325.0,810.0
