,last,ask1,asize1,bid1,bsize1,oi,volume
2021-01-05 09:25:00.080,,0.0254,1.0,0.0241,1.0,11608.0,
2021-01-05 09:30:00.451,,0.0254,1.0,0.0232,1.0,11608.0,
2021-01-05 09:30:00.991,,0.0235,5.0,0.0231,2.0,11608.0,
2021-01-05 09:30:01.481,0.0235,0.0241,10.0,0.0231,2.0,11608.0,5.0
2021-01-05 09:30:02.011,0.0235,0.0241,10.0,0.0231,22.0,11608.0,5.0
2021-01-05 09:30:02.501,0.0235,0.0241,10.0,0.0231,22.0,11608.0,5.0
2021-01-05 09:30:05.010,0.0235,0.0241,10.0,0.0231,2.0,11608.0,5.0
2021-01-05 09:30:05.481,0.0235,0.0241,10.0,0.0231,2.0,11608.0,5.0
2021-01-05 09:30:05.990,0.0235,0.0241,10.0,0.0231,2.0,11608.0,5.0
2021-01-05 09:30:06.480,0.0235,0.0241,10.0,0.0231,2.0,11608.0,5.0
2021-01-05 09:30:06.971,0.0235,0.0241,30.0,0.0231,2.0,11608.0,5.0
2021-01-05 09:30:08.520,0.0235,0.0241,30.0,0.0231,2.0,11608.0,5.0
2021-01-05 09:30:14.521,0.0235,0.0241,30.0,0.0231,2.0,11608.0,5.0
2021-01-05 09:30:15.520,0.0235,0.0241,10.0,0.0231,2.0,11608.0,5.0
2021-01-05 09:30:15.991,0.0235,0.0241,30.0,0.0231,2.0,11608.0,5.0
2021-01-05 09:30:17.021,0.0235,0.0241,10.0,0.0231,2.0,11608.0,5.0
2021-01-05 09:30:18.231,0.0235,0.0241,10.0,0.0231,2.0,11608.0,5.0
2021-01-05 09:30:18.750,0.0235,0.0241,10.0,0.0231,22.0,11608.0,5.0
2021-01-05 09:30:19.251,0.0241,0.0241,9.0,0.0231,22.0,11607.0,6.0
2021-01-05 09:30:21.741,0.0241,0.0241,9.0,0.0231,22.0,11607.0,6.0
2021-01-05 09:30:22.240,0.0241,0.0241,9.0,0.0231,22.0,11607.0,6.0
2021-01-05 09:30:22.671,0.0241,0.0241,9.0,0.0231,22.0,11607.0,6.0
2021-01-05 09:30:23.670,0.0241,0.0241,9.0,0.0231,22.0,11607.0,6.0
2021-01-05 09:30:24.161,0.0241,0.0241,9.0,0.0231,2.0,11607.0,6.0
2021-01-05 09:30:24.661,0.0241,0.0241,9.0,0.0231,2.0,11607.0,6.0
2021-01-05 09:30:25.671,0.0241,0.0241,9.0,0.0231,2.0,11607.0,6.0
2021-01-05 09:30:26.670,0.0241,0.0241,29.0,0.0231,2.0,11607.0,6.0
2021-01-05 09:30:30.151,0.0241,0.0241,9.0,0.0231,2.0,11607.0,6.0
2021-01-05 09:30:30.620,0.0241,0.0241,9.0,0.0231,2.0,11607.0,6.0
2021-01-05 09:30:31.661,0.0241,0.0241,9.0,0.0231,2.0,11607.0,6.0
2021-01-05 09:30:32.140,0.0241,0.0241,29.0,0.0231,22.0,11607.0,6.0
2021-01-05 09:30:33.671,0.0241,0.0241,9.0,0.0231,22.0,11607.0,6.0
2021-01-05 09:30:36.170,0.0241,0.0241,29.0,0.0231,22.0,11607.0,6.0
2021-01-05 09:30:43.180,0.0241,0.0241,54.0,0.0231,22.0,11607.0,6.0
2021-01-05 09:30:44.181,0.0241,0.0241,34.0,0.0231,22.0,11607.0,6.0
2021-01-05 09:30:44.650,0.0241,0.0241,34.0,0.0231,22.0,11607.0,6.0
2021-01-05 09:30:47.691,0.0241,0.0241,34.0,0.0231,22.0,11607.0,6.0
2021-01-05 09:30:49.210,0.0241,0.0241,34.0,0.0231,22.0,11607.0,6.0
2021-01-05 09:30:49.700,0.0241,0.0241,34.0,0.0231,22.0,11607.0,6.0
2021-01-05 09:30:55.081,0.0241,0.0241,34.0,0.0231,22.0,11607.0,6.0
2021-01-05 09:30:55.671,0.0241,0.0241,34.0,0.0231,22.0,11607.0,6.0
2021-01-05 09:30:57.171,0.0241,0.0241,34.0,0.0231,22.0,11607.0,6.0
2021-01-05 09:30:58.140,0.0241,0.0235,1.0,0.0231,22.0,11607.0,6.0
2021-01-05 09:30:58.660,0.0235,0.0236,25.0,0.0231,47.0,11608.0,7.0
2021-01-05 09:30:59.171,0.0235,0.0237,25.0,0.0231,47.0,11608.0,7.0
2021-01-05 09:30:59.640,0.0235,0.0238,25.0,0.0231,22.0,11608.0,7.0
2021-01-05 09:31:00.161,0.0235,0.0239,25.0,0.0231,47.0,11608.0,7.0
2021-01-05 09:31:00.660,0.0235,0.0239,25.0,0.0231,47.0,11608.0,7.0
2021-01-05 09:31:01.150,0.0235,0.0239,25.0,0.0231,47.0,11608.0,7.0
2021-01-05 09:31:02.170,0.0235,0.0239,25.0,0.0231,27.0,11608.0,7.0
2021-01-05 09:31:02.681,0.0235,0.0239,25.0,0.0231,27.0,11608.0,7.0
2021-01-05 09:31:03.680,0.0235,0.0239,25.0,0.0231,27.0,11608.0,7.0
2021-01-05 09:31:06.681,0.0235,0.0239,25.0,0.0231,27.0,11608.0,7.0
2021-01-05 09:31:07.670,0.0235,0.0239,25.0,0.0231,27.0,11608.0,7.0
2021-01-05 09:31:08.650,0.0235,0.0239,25.0,0.0231,27.0,11608.0,7.0
2021-01-05 09:31:09.051,0.0235,0.0239,25.0,0.0231,27.0,11608.0,7.0
2021-01-05 09:31:11.170,0.0235,0.0239,25.0,0.0231,27.0,11608.0,7.0
2021-01-05 09:31:12.190,0.0235,0.0239,25.0,0.0231,47.0,11608.0,7.0
2021-01-05 09:31:12.621,0.0235,0.0239,25.0,0.0231,47.0,11608.0,7.0
2021-01-05 09:31:13.170,0.0235,0.0239,25.0,0.0231,47.0,11608.0,7.0
2021-01-05 09:31:13.710,0.0235,0.0239,25.0,0.0231,47.0,11608.0,7.0
2021-01-05 09:31:14.200,0.0235,0.0239,25.0,0.0231,47.0,11608.0,7.0
2021-01-05 09:31:15.110,0.0235,0.0239,25.0,0.0231,47.0,11608.0,7.0
2021-01-05 09:31:16.711,0.0235,0.0239,25.0,0.0231,47.0,11608.0,7.0
2021-01-05 09:31:18.720,0.0235,0.0239,25.0,0.0231,47.0,11608.0,7.0
2021-01-05 09:31:19.150,0.0235,0.0239,25.0,0.0231,27.0,11608.0,7.0
2021-01-05 09:31:19.721,0.0235,0.0239,25.0,0.0231,22.0,11608.0,7.0
2021-01-05 09:31:20.171,0.0235,0.0239,25.0,0.0231,47.0,11608.0,7.0
2021-01-05 09:31:20.701,0.0235,0.0239,25.0,0.0231,22.0,11608.0,7.0
2021-01-05 09:31:21.221,0.0235,0.0239,25.0,0.0231,2.0,11608.0,7.0
2021-01-05 09:31:21.671,0.0235,0.0239,25.0,0.0231,27.0,11608.0,7.0
2021-01-05 09:31:22.211,0.0235,0.0239,25.0,0.0231,27.0,11608.0,7.0
2021-01-05 09:31:23.171,0.0231,0.0239,45.0,0.0231,17.0,11606.0,17.0
2021-01-05 09:31:23.640,0.023,0.0239,45.0,0.0231,25.0,11606.0,27.0
2021-01-05 09:31:25.150,0.023,0.0239,45.0,0.0231,25.0,11606.0,27.0
2021-01-05 09:31:26.101,0.023,0.0237,20.0,0.0231,25.0,11606.0,27.0
2021-01-05 09:31:26.670,0.023,0.0237,45.0,0.023,25.0,11606.0,27.0
2021-01-05 09:31:28.101,0.023,0.0237,45.0,0.023,25.0,11606.0,27.0
2021-01-05 09:31:29.140,0.023,0.0237,45.0,0.023,15.0,11606.0,37.0
2021-01-05 09:31:30.671,0.023,0.0237,45.0,0.023,35.0,11606.0,37.0
2021-01-05 09:31:32.191,0.023,0.0237,45.0,0.023,35.0,11606.0,37.0
2021-01-05 09:31:33.190,0.023,0.0237,45.0,0.023,35.0,11606.0,37.0
2021-01-05 09:31:34.681,0.023,0.0237,45.0,0.023,45.0,11606.0,47.0
2021-01-05 09:31:35.190,0.023,0.0237,45.0,0.023,45.0,11606.0,47.0
2021-01-05 09:31:36.181,0.023,0.0237,48.0,0.023,45.0,11606.0,47.0
2021-01-05 09:31:37.620,0.023,0.0237,48.0,0.023,45.0,11606.0,47.0
2021-01-05 09:31:38.690,0.023,0.0237,48.0,0.023,25.0,11606.0,47.0
2021-01-05 09:31:39.210,0.023,0.0237,48.0,0.023,25.0,11606.0,47.0
2021-01-05 09:31:39.710,0.023,0.0237,48.0,0.0232,12.0,11606.0,47.0
2021-01-05 09:31:40.200,0.0232,0.0237,48.0,0.0232,2.0,11596.0,57.0
2021-01-05 09:31:40.711,0.0232,0.0237,48.0,0.0234,12.0,11596.0,57.0
2021-01-05 09:31:41.191,0.0232,0.0237,48.0,0.0233,12.0,11596.0,57.0
2021-01-05 09:31:42.211,0.0232,0.0237,48.0,0.0233,37.0,11596.0,57.0
2021-01-05 09:31:42.711,0.0232,0.0237,48.0,0.0233,12.0,11596.0,57.0
2021-01-05 09:31:43.191,0.0232,0.0237,48.0,0.0233,37.0,11596.0,57.0
2021-01-05 09:31:43.191,0.0232,0.0237,48.0,0.0233,25.0,11596.0,57.0
2021-01-05 09:31:44.190,0.0232,0.0237,48.0,0.0232,37.0,11596.0,57.0
2021-01-05 09:31:44.691,0.0232,0.0237,48.0,0.0231,37.0,11596.0,57.0
2021-01-05 09:31:45.170,0.0232,0.0237,48.0,0.0233,12.0,11596.0,57.0
2021-01-05 09:31:45.700,0.0228,0.0237,48.0,0.0232,37.0,11596.0,67.0
2021-01-05 09:31:46.171,0.0228,0.0237,48.0,0.0231,25.0,11596.0,67.0
2021-01-05 09:31:46.701,0.0228,0.0237,48.0,0.0233,12.0,11596.0,67.0
2021-01-05 09:31:47.191,0.0228,0.0237,48.0,0.0233,37.0,11596.0,67.0
2021-01-05 09:31:47.650,0.0228,0.0237,28.0,0.0234,12.0,11596.0,67.0
2021-01-05 09:31:49.221,0.0228,0.0236,3.0,0.0234,12.0,11596.0,67.0
2021-01-05 09:31:50.191,0.0228,0.0236,3.0,0.0234,12.0,11596.0,67.0
2021-01-05 09:31:50.710,0.0228,0.0236,3.0,0.0233,32.0,11596.0,67.0
2021-01-05 09:31:51.210,0.0233,0.0236,3.0,0.0233,32.0,11596.0,77.0
2021-01-05 09:31:51.701,0.0233,0.0236,28.0,0.0233,32.0,11596.0,77.0
2021-01-05 09:31:52.191,0.0233,0.0236,25.0,0.0234,12.0,11596.0,77.0
2021-01-05 09:31:52.621,0.0233,0.0235,1.0,0.0234,12.0,11596.0,77.0
2021-01-05 09:31:53.171,0.0233,0.0235,1.0,0.0234,12.0,11596.0,77.0
2021-01-05 09:31:53.640,0.0235,0.0236,25.0,0.0235,11.0,11596.0,78.0
2021-01-05 09:31:54.151,0.0235,0.0237,25.0,0.0235,12.0,11596.0,78.0
2021-01-05 09:31:54.681,0.0235,0.0238,28.0,0.0235,12.0,11596.0,78.0
2021-01-05 09:31:55.150,0.0235,0.0238,3.0,0.0235,12.0,11596.0,78.0
2021-01-05 09:31:56.110,0.0235,0.0238,3.0,0.0235,12.0,11596.0,78.0
2021-01-05 09:31:57.171,0.0235,0.0238,3.0,0.0236,12.0,11596.0,78.0
2021-01-05 09:31:57.651,0.0235,0.024,28.0,0.0236,12.0,11596.0,78.0
2021-01-05 09:31:58.150,0.0235,0.024,25.0,0.0235,27.0,11596.0,88.0
2021-01-05 09:31:59.180,0.0235,0.024,25.0,0.0236,12.0,11596.0,88.0
2021-01-05 09:32:00.150,0.0235,0.024,25.0,0.0236,12.0,11596.0,88.0
2021-01-05 09:32:01.170,0.0235,0.024,25.0,0.0236,12.0,11596.0,88.0
2021-01-05 09:32:01.670,0.0235,0.024,25.0,0.0235,37.0,11596.0,88.0
2021-01-05 09:32:02.171,0.0235,0.0236,1.0,0.0235,12.0,11596.0,88.0
2021-01-05 09:32:02.671,0.0235,0.0236,1.0,0.0235,12.0,11596.0,88.0
2021-01-05 09:32:03.180,0.0235,0.0236,1.0,0.0235,12.0,11596.0,88.0
2021-01-05 09:32:04.150,0.0233,0.0236,1.0,0.0234,12.0,11596.0,98.0
2021-01-05 09:32:05.141,0.0233,0.0236,1.0,0.0234,12.0,11596.0,98.0
2021-01-05 09:32:06.161,0.0233,0.0236,1.0,0.0234,12.0,11596.0,98.0
2021-01-05 09:32:07.070,0.0233,0.0236,1.0,0.0233,12.0,11596.0,98.0
2021-01-05 09:32:07.671,0.0233,0.0236,1.0,0.0234,12.0,11596.0,98.0
2021-01-05 09:32:08.171,0.0233,0.0236,1.0,0.0234,12.0,11596.0,98.0
2021-01-05 09:32:09.141,0.0236,0.0237,25.0,0.0234,12.0,11597.0,99.0
2021-01-05 09:32:09.681,0.0234,0.0237,25.0,0.0232,45.0,11587.0,109.0
2021-01-05 09:32:10.140,0.0234,0.0237,25.0,0.0232,20.0,11587.0,109.0
2021-01-05 09:32:10.601,0.0234,0.0237,25.0,0.0234,12.0,11587.0,109.0
2021-01-05 09:32:11.170,0.0234,0.0237,25.0,0.0234,12.0,11587.0,109.0
2021-01-05 09:32:11.650,0.0234,0.0237,25.0,0.0234,12.0,11587.0,109.0
2021-01-05 09:32:12.670,0.0234,0.0237,25.0,0.0234,12.0,11587.0,110.0
2021-01-05 09:32:13.171,0.0234,0.0237,25.0,0.0233,37.0,11587.0,110.0
2021-01-05 09:32:13.680,0.0234,0.0237,25.0,0.0233,12.0,11587.0,110.0
2021-01-05 09:32:14.180,0.0234,0.0237,25.0,0.0233,37.0,11587.0,110.0
2021-01-05 09:32:14.660,0.0234,0.0237,25.0,0.0234,12.0,11587.0,110.0
2021-01-05 09:32:15.171,0.0234,0.0237,25.0,0.0234,12.0,11587.0,120.0
2021-01-05 09:32:15.671,0.0234,0.0237,25.0,0.0233,37.0,11587.0,120.0
2021-01-05 09:32:16.151,0.0234,0.0237,25.0,0.0233,37.0,11587.0,120.0
2021-01-05 09:32:17.161,0.0234,0.0237,25.0,0.0233,45.0,11587.0,120.0
2021-01-05 09:32:17.651,0.0234,0.0237,25.0,0.0233,57.0,11587.0,120.0
2021-01-05 09:32:18.670,0.0234,0.0237,25.0,0.0233,32.0,11587.0,120.0
2021-01-05 09:32:19.670,0.0234,0.0237,25.0,0.0233,32.0,11587.0,120.0
2021-01-05 09:32:20.671,0.0233,0.0237,25.0,0.0233,22.0,11587.0,130.0
2021-01-05 09:32:21.171,0.0233,0.0237,25.0,0.0233,32.0,11587.0,130.0
2021-01-05 09:32:21.680,0.0233,0.0237,25.0,0.0233,45.0,11587.0,130.0
2021-01-05 09:32:22.181,0.0233,0.0237,25.0,0.0233,25.0,11587.0,130.0
2021-01-05 09:32:24.160,0.0233,0.0237,25.0,0.0233,37.0,11587.0,130.0
2021-01-05 09:32:25.170,0.0233,0.0237,25.0,0.0233,57.0,11587.0,130.0
2021-01-05 09:32:25.670,0.0233,0.0238,28.0,0.0233,57.0,11587.0,130.0
2021-01-05 09:32:26.171,0.0233,0.0238,3.0,0.0233,15.0,11587.0,140.0
2021-01-05 09:32:26.650,0.0233,0.0238,3.0,0.0234,12.0,11587.0,140.0
2021-01-05 09:32:27.151,0.0233,0.0238,3.0,0.0234,37.0,11587.0,140.0
2021-01-05 09:32:27.670,0.0233,0.0238,3.0,0.0234,37.0,11587.0,140.0
2021-01-05 09:32:28.171,0.0233,0.0238,3.0,0.0234,25.0,11587.0,140.0
2021-01-05 09:32:29.180,0.0233,0.0239,25.0,0.0234,25.0,11587.0,140.0
2021-01-05 09:32:30.171,0.0233,0.0239,25.0,0.0234,25.0,11587.0,140.0
2021-01-05 09:32:30.671,0.0233,0.0239,25.0,0.0234,25.0,11587.0,140.0
2021-01-05 09:32:31.631,0.0234,0.0239,25.0,0.0234,15.0,11587.0,150.0
2021-01-05 09:32:32.121,0.0234,0.0239,25.0,0.0234,15.0,11587.0,150.0
2021-01-05 09:32:32.690,0.0234,0.0239,25.0,0.0234,15.0,11587.0,150.0
2021-01-05 09:32:33.671,0.0234,0.0239,25.0,0.0234,15.0,11587.0,150.0
2021-01-05 09:32:34.171,0.0234,0.0239,25.0,0.0233,107.0,11587.0,150.0
2021-01-05 09:32:34.691,0.0234,0.0239,25.0,0.0233,87.0,11587.0,150.0
2021-01-05 09:32:36.190,0.0234,0.0239,25.0,0.0233,107.0,11587.0,150.0
2021-01-05 09:32:38.190,0.0233,0.0239,25.0,0.0233,97.0,11587.0,160.0
2021-01-05 09:32:42.201,0.0233,0.0239,25.0,0.0233,85.0,11587.0,160.0
2021-01-05 09:32:43.580,0.0233,0.0239,25.0,0.0233,75.0,11587.0,170.0
2021-01-05 09:32:44.700,0.0233,0.0239,25.0,0.0233,75.0,11587.0,170.0
2021-01-05 09:32:45.190,0.0233,0.0239,25.0,0.0233,75.0,11587.0,170.0
2021-01-05 09:32:45.580,0.0233,0.0239,25.0,0.0233,75.0,11587.0,170.0
2021-01-05 09:32:47.701,0.0233,0.0239,25.0,0.0233,87.0,11587.0,170.0
2021-01-05 09:32:48.181,0.0233,0.0239,25.0,0.0233,75.0,11587.0,170.0
2021-01-05 09:32:48.690,0.0233,0.0239,25.0,0.0233,87.0,11587.0,170.0
2021-01-05 09:32:49.190,0.0233,0.0239,25.0,0.0233,77.0,11587.0,180.0
2021-01-05 09:32:49.670,0.0233,0.0239,25.0,0.0234,12.0,11587.0,180.0
2021-01-05 09:32:50.171,0.0233,0.0239,25.0,0.0234,45.0,11587.0,180.0
2021-01-05 09:32:50.650,0.0233,0.0239,25.0,0.0234,25.0,11587.0,180.0
2021-01-05 09:32:51.170,0.0233,0.024,25.0,0.0234,45.0,11587.0,180.0
2021-01-05 09:32:51.701,0.0233,0.0241,34.0,0.0234,57.0,11587.0,180.0
2021-01-05 09:32:52.191,0.0233,0.0241,37.0,0.0234,45.0,11587.0,180.0
2021-01-05 09:32:52.671,0.0233,0.0241,37.0,0.0234,57.0,11587.0,180.0
2021-01-05 09:32:53.161,0.0233,0.0241,37.0,0.0234,45.0,11587.0,180.0
2021-01-05 09:32:53.641,0.0233,0.0241,37.0,0.0234,37.0,11587.0,180.0
2021-01-05 09:32:54.671,0.0234,0.0241,37.0,0.0234,27.0,11587.0,190.0
2021-01-05 09:32:55.670,0.0234,0.0241,37.0,0.0235,12.0,11587.0,190.0
2021-01-05 09:32:56.021,0.0234,0.0241,37.0,0.0235,37.0,11587.0,190.0
2021-01-05 09:32:56.611,0.0234,0.0241,37.0,0.0235,37.0,11587.0,190.0
2021-01-05 09:32:57.151,0.0234,0.0241,37.0,0.0235,37.0,11587.0,190.0
2021-01-05 09:32:57.600,0.0234,0.0241,37.0,0.0235,25.0,11587.0,190.0
2021-01-05 09:32:58.171,0.0234,0.0241,37.0,0.0235,37.0,11587.0,190.0
2021-01-05 09:32:58.651,0.0234,0.0241,37.0,0.0235,37.0,11587.0,190.0
2021-01-05 09:33:00.651,0.0235,0.0241,37.0,0.0235,27.0,11587.0,200.0
2021-01-05 09:33:01.661,0.0235,0.0241,37.0,0.0235,35.0,11587.0,200.0
2021-01-05 09:33:02.130,0.0235,0.0241,37.0,0.0235,47.0,11587.0,200.0
2021-01-05 09:33:02.620,0.0235,0.0241,37.0,0.0235,67.0,11587.0,200.0
2021-01-05 09:33:03.171,0.0235,0.0241,37.0,0.0235,55.0,11587.0,200.0
2021-01-05 09:33:04.140,0.0235,0.0241,37.0,0.0235,55.0,11587.0,200.0
2021-01-05 09:33:04.651,0.0235,0.0241,37.0,0.0235,35.0,11587.0,200.0
2021-01-05 09:33:05.181,0.0235,0.0241,37.0,0.0235,15.0,11587.0,200.0
2021-01-05 09:33:05.690,0.0235,0.0241,37.0,0.0235,15.0,11587.0,200.0
2021-01-05 09:33:06.170,0.0235,0.0241,37.0,0.0235,25.0,11587.0,210.0
2021-01-05 09:33:06.681,0.0235,0.0241,37.0,0.0235,25.0,11587.0,210.0
2021-01-05 09:33:07.171,0.0235,0.0241,37.0,0.0235,25.0,11587.0,210.0
2021-01-05 09:33:07.601,0.0235,0.0241,34.0,0.0235,37.0,11587.0,210.0
2021-01-05 09:33:08.191,0.0235,0.0241,34.0,0.0235,25.0,11587.0,210.0
2021-01-05 09:33:08.681,0.0235,0.0241,34.0,0.0235,25.0,11587.0,210.0
2021-01-05 09:33:09.181,0.0235,0.0241,34.0,0.0235,45.0,11587.0,210.0
2021-01-05 09:33:09.651,0.0235,0.0241,34.0,0.0235,45.0,11587.0,210.0
2021-01-05 09:33:10.180,0.0241,0.0241,30.0,0.0235,25.0,11583.0,214.0
2021-01-05 09:33:10.681,0.0241,0.0241,30.0,0.0235,25.0,11583.0,214.0
2021-01-05 09:33:11.670,0.0235,0.0241,30.0,0.0235,15.0,11583.0,224.0
2021-01-05 09:33:12.181,0.0235,0.0241,30.0,0.0235,15.0,11583.0,224.0
2021-01-05 09:33:12.650,0.0235,0.0241,30.0,0.0235,47.0,11583.0,224.0
2021-01-05 09:33:13.100,0.0235,0.0241,30.0,0.0235,27.0,11583.0,224.0
2021-01-05 09:33:13.691,0.0235,0.0241,30.0,0.0235,35.0,11583.0,224.0
2021-01-05 09:33:14.160,0.0235,0.0241,30.0,0.0235,15.0,11583.0,224.0
2021-01-05 09:33:14.650,0.0235,0.0241,30.0,0.0235,15.0,11583.0,224.0
2021-01-05 09:33:15.651,0.0235,0.0241,33.0,0.0235,15.0,11583.0,224.0
2021-01-05 09:33:16.671,0.0235,0.0241,33.0,0.0235,15.0,11583.0,224.0
2021-01-05 09:33:17.190,0.0235,0.0239,20.0,0.0235,25.0,11583.0,234.0
2021-01-05 09:33:17.691,0.0235,0.0239,45.0,0.0235,25.0,11583.0,234.0
2021-01-05 09:33:18.160,0.0235,0.0239,20.0,0.0233,52.0,11583.0,234.0
2021-01-05 09:33:18.680,0.0235,0.0239,45.0,0.0234,12.0,11583.0,234.0
2021-01-05 09:33:19.191,0.0235,0.0239,45.0,0.0233,77.0,11583.0,234.0
2021-01-05 09:33:19.660,0.0235,0.0239,45.0,0.0233,57.0,11583.0,234.0
2021-01-05 09:33:19.950,0.0235,0.0239,45.0,0.0233,57.0,11583.0,234.0
2021-01-05 09:33:20.680,0.0235,0.0239,45.0,0.0234,12.0,11583.0,234.0
2021-01-05 09:33:21.160,0.0235,0.0239,45.0,0.0234,37.0,11583.0,234.0
2021-01-05 09:33:21.681,0.0235,0.0239,45.0,0.0234,37.0,11583.0,234.0
2021-01-05 09:33:22.150,0.0235,0.0239,45.0,0.0234,37.0,11583.0,234.0
2021-01-05 09:33:22.670,0.0234,0.0239,45.0,0.0234,37.0,11573.0,244.0
2021-01-05 09:33:22.961,0.0234,0.0239,45.0,0.0234,25.0,11573.0,244.0
2021-01-05 09:33:23.660,0.0234,0.0239,45.0,0.0234,25.0,11573.0,244.0
2021-01-05 09:33:24.661,0.0234,0.0239,45.0,0.0234,25.0,11573.0,244.0
2021-01-05 09:33:25.671,0.0234,0.0239,45.0,0.0234,26.0,11573.0,244.0
2021-01-05 09:33:26.161,0.0234,0.0239,45.0,0.0234,26.0,11573.0,244.0
2021-01-05 09:33:27.171,0.0234,0.0239,45.0,0.0234,26.0,11573.0,244.0
2021-01-05 09:33:27.681,0.0234,0.0239,45.0,0.0234,26.0,11573.0,244.0
2021-01-05 09:33:28.180,0.0234,0.0239,45.0,0.0234,16.0,11573.0,254.0
2021-01-05 09:33:33.680,0.0234,0.0239,45.0,0.0234,26.0,11573.0,264.0
2021-01-05 09:33:37.640,0.0234,0.0239,45.0,0.0234,26.0,11573.0,264.0
2021-01-05 09:33:39.201,0.0234,0.0239,45.0,0.0234,16.0,11573.0,274.0
2021-01-05 09:33:39.641,0.0234,0.0239,45.0,0.0234,25.0,11573.0,284.0
2021-01-05 09:33:40.160,0.0234,0.0239,45.0,0.0233,77.0,11573.0,284.0
2021-01-05 09:33:40.690,0.0234,0.0239,25.0,0.0233,77.0,11573.0,284.0
2021-01-05 09:33:41.161,0.0234,0.0239,25.0,0.0233,65.0,11573.0,284.0
2021-01-05 09:33:42.160,0.0234,0.0239,25.0,0.0233,77.0,11573.0,284.0
2021-01-05 09:33:42.640,0.0234,0.0239,25.0,0.0233,77.0,11573.0,284.0
2021-01-05 09:33:43.681,0.0234,0.0239,25.0,0.0233,77.0,11573.0,284.0
2021-01-05 09:33:44.110,0.0234,0.0239,25.0,0.0233,65.0,11573.0,284.0
2021-01-05 09:33:45.180,0.0233,0.0239,25.0,0.0233,30.0,11573.0,294.0
2021-01-05 09:33:45.660,0.0233,0.0239,39.0,0.0233,30.0,11573.0,294.0
2021-01-05 09:33:46.161,0.0233,0.0239,39.0,0.0233,30.0,11573.0,294.0
2021-01-05 09:33:46.680,0.0233,0.0239,39.0,0.0233,42.0,11573.0,294.0
2021-01-05 09:33:47.191,0.0233,0.0239,39.0,0.0233,67.0,11573.0,294.0
2021-01-05 09:33:47.681,0.0233,0.0239,39.0,0.0233,55.0,11573.0,294.0
2021-01-05 09:33:48.680,0.0233,0.0239,25.0,0.0233,30.0,11573.0,294.0
2021-01-05 09:33:49.051,0.0233,0.0239,25.0,0.0233,55.0,11573.0,294.0
2021-01-05 09:33:50.130,0.0233,0.0239,25.0,0.0233,55.0,11573.0,294.0
2021-01-05 09:33:50.670,0.0233,0.0239,25.0,0.0233,45.0,11573.0,304.0
2021-01-05 09:33:51.141,0.0233,0.0239,39.0,0.0233,20.0,11573.0,304.0
2021-01-05 09:33:51.581,0.0233,0.0239,39.0,0.0232,45.0,11573.0,304.0
2021-01-05 09:33:52.190,0.0233,0.0239,25.0,0.0232,20.0,11573.0,304.0
2021-01-05 09:33:52.661,0.0233,0.0239,25.0,0.0232,20.0,11573.0,304.0
2021-01-05 09:33:52.960,0.0233,0.0238,14.0,0.0231,65.0,11573.0,304.0
2021-01-05 09:33:53.650,0.0233,0.0238,14.0,0.0231,65.0,11573.0,304.0
2021-01-05 09:33:54.180,0.0233,0.0238,14.0,0.0231,65.0,11573.0,304.0
2021-01-05 09:33:54.610,0.0233,0.0238,14.0,0.0231,65.0,11573.0,304.0
2021-01-05 09:33:55.181,0.0233,0.0238,14.0,0.0231,65.0,11573.0,304.0
2021-01-05 09:33:55.650,0.0233,0.0238,14.0,0.0231,65.0,11573.0,304.0
2021-01-05 09:33:56.120,0.0231,0.0238,14.0,0.0231,55.0,11563.0,314.0
2021-01-05 09:33:56.681,0.0231,0.0238,14.0,0.0231,45.0,11563.0,314.0
2021-01-05 09:33:57.171,0.0231,0.0238,14.0,0.0231,45.0,11563.0,314.0
2021-01-05 09:33:57.671,0.0231,0.0238,14.0,0.0231,45.0,11563.0,314.0
2021-01-05 09:33:58.170,0.0231,0.0239,25.0,0.0231,45.0,11563.0,314.0
2021-01-05 09:33:58.670,0.0231,0.0239,25.0,0.0231,45.0,11563.0,314.0
2021-01-05 09:33:59.140,0.0231,0.0239,25.0,0.0231,45.0,11563.0,314.0
2021-01-05 09:34:00.191,0.0231,0.0239,25.0,0.0231,45.0,11563.0,314.0
2021-01-05 09:34:00.671,0.0231,0.0239,25.0,0.0231,45.0,11563.0,314.0
2021-01-05 09:34:01.661,0.0231,0.0239,25.0,0.0231,35.0,11563.0,324.0
2021-01-05 09:34:02.170,0.0231,0.0239,39.0,0.0231,35.0,11563.0,324.0
2021-01-05 09:34:04.671,0.0231,0.0239,39.0,0.0231,47.0,11563.0,324.0
2021-01-05 09:34:05.121,0.0231,0.0239,25.0,0.0231,47.0,11563.0,324.0
2021-01-05 09:34:05.630,0.0231,0.0239,25.0,0.0231,47.0,11563.0,324.0
2021-01-05 09:34:06.671,0.0231,0.0239,25.0,0.0234,20.0,11563.0,324.0
2021-01-05 09:34:07.130,0.0231,0.0239,25.0,0.0234,20.0,11563.0,324.0
2021-01-05 09:34:07.630,0.0231,0.0239,25.0,0.0234,40.0,11563.0,324.0
2021-01-05 09:34:08.171,0.0234,0.0239,25.0,0.0234,30.0,11553.0,334.0
2021-01-05 09:34:08.690,0.0234,0.0239,25.0,0.0234,55.0,11553.0,334.0
2021-01-05 09:34:09.170,0.0234,0.0239,25.0,0.0234,45.0,11553.0,334.0
2021-01-05 09:34:09.670,0.0234,0.0239,25.0,0.0234,45.0,11553.0,334.0
2021-01-05 09:34:10.140,0.0234,0.0239,25.0,0.0234,45.0,11553.0,334.0
2021-01-05 09:34:10.690,0.0234,0.0239,25.0,0.0234,45.0,11553.0,334.0
2021-01-05 09:34:11.681,0.0234,0.0239,25.0,0.0233,45.0,11553.0,334.0
2021-01-05 09:34:12.121,0.0234,0.0239,25.0,0.0233,45.0,11553.0,334.0
2021-01-05 09:34:12.640,0.0234,0.0239,25.0,0.0233,45.0,11553.0,334.0
2021-01-05 09:34:13.681,0.0233,0.0239,25.0,0.0233,35.0,11553.0,344.0
2021-01-05 09:34:14.181,0.0233,0.0239,25.0,0.0233,45.0,11553.0,344.0
2021-01-05 09:34:14.691,0.0233,0.0237,20.0,0.0233,25.0,11553.0,344.0
2021-01-05 09:34:15.181,0.0233,0.0237,45.0,0.0232,25.0,11553.0,344.0
2021-01-05 09:34:15.681,0.0233,0.0237,45.0,0.0231,45.0,11553.0,344.0
2021-01-05 09:34:16.190,0.0233,0.0237,45.0,0.0231,45.0,11553.0,344.0
2021-01-05 09:34:16.630,0.0233,0.0237,45.0,0.0231,45.0,11553.0,344.0
2021-01-05 09:34:16.970,0.0233,0.0237,45.0,0.0231,45.0,11553.0,344.0
2021-01-05 09:34:17.690,0.0233,0.0237,45.0,0.0231,71.0,11553.0,344.0
2021-01-05 09:34:18.201,0.0233,0.0237,25.0,0.0233,20.0,11553.0,344.0
2021-01-05 09:34:18.620,0.0233,0.0237,25.0,0.0233,65.0,11553.0,344.0
2021-01-05 09:34:19.041,0.0233,0.0237,25.0,0.0233,55.0,11543.0,354.0
2021-01-05 09:34:20.180,0.0233,0.0237,25.0,0.0233,55.0,11543.0,354.0
2021-01-05 09:34:21.490,0.0233,0.0237,25.0,0.0233,55.0,11543.0,354.0
2021-01-05 09:34:22.151,0.0233,0.0237,25.0,0.0233,45.0,11543.0,354.0
2021-01-05 09:34:22.651,0.0233,0.0237,25.0,0.0233,45.0,11543.0,354.0
2021-01-05 09:34:24.600,0.0233,0.0237,25.0,0.0233,35.0,11543.0,364.0
2021-01-05 09:34:25.150,0.0233,0.0237,25.0,0.0233,45.0,11543.0,364.0
2021-01-05 09:34:26.641,0.0233,0.0237,25.0,0.0234,12.0,11543.0,364.0
2021-01-05 09:34:27.150,0.0233,0.0237,25.0,0.0234,32.0,11543.0,364.0
2021-01-05 09:34:27.690,0.0233,0.0237,25.0,0.0234,12.0,11543.0,364.0
2021-01-05 09:34:28.120,0.0233,0.0237,37.0,0.0233,57.0,11543.0,364.0
2021-01-05 09:34:28.621,0.0233,0.0237,37.0,0.0234,20.0,11543.0,364.0
2021-01-05 09:34:28.971,0.0233,0.0237,37.0,0.0233,57.0,11543.0,364.0
2021-01-05 09:34:30.170,0.0233,0.0237,37.0,0.0233,47.0,11543.0,374.0
2021-01-05 09:34:30.681,0.0233,0.0237,37.0,0.0233,57.0,11543.0,374.0
2021-01-05 09:34:33.691,0.0233,0.0237,25.0,0.0234,12.0,11543.0,374.0
2021-01-05 09:34:34.171,0.0233,0.0237,25.0,0.0235,12.0,11543.0,374.0
2021-01-05 09:34:34.640,0.0233,0.0237,25.0,0.0235,12.0,11543.0,374.0
2021-01-05 09:34:35.130,0.0233,0.0237,25.0,0.0236,12.0,11543.0,374.0
2021-01-05 09:34:35.670,0.0236,0.0238,25.0,0.0234,45.0,11543.0,384.0
2021-01-05 09:34:36.171,0.0236,0.0238,12.0,0.0234,57.0,11543.0,384.0
2021-01-05 09:34:36.680,0.0236,0.0238,12.0,0.0234,57.0,11543.0,384.0
2021-01-05 09:34:37.700,0.0236,0.0239,37.0,0.0235,12.0,11543.0,384.0
2021-01-05 09:34:38.171,0.0236,0.0239,25.0,0.0236,12.0,11543.0,384.0
2021-01-05 09:34:38.690,0.0236,0.0239,25.0,0.0236,37.0,11543.0,384.0
2021-01-05 09:34:39.091,0.0236,0.0239,25.0,0.0236,37.0,11543.0,384.0
2021-01-05 09:34:39.470,0.0236,0.0239,25.0,0.0236,12.0,11543.0,384.0
2021-01-05 09:34:40.171,0.0236,0.0239,25.0,0.0237,12.0,11543.0,384.0
2021-01-05 09:34:40.651,0.0236,0.0239,25.0,0.0236,12.0,11543.0,384.0
2021-01-05 09:34:41.201,0.0234,0.0239,25.0,0.0237,12.0,11543.0,394.0
2021-01-05 09:34:41.700,0.0234,0.0239,25.0,0.0237,12.0,11543.0,394.0
2021-01-05 09:34:42.680,0.0234,0.0239,25.0,0.0238,12.0,11543.0,394.0
2021-01-05 09:34:44.701,0.0234,0.0239,25.0,0.0237,12.0,11543.0,394.0
2021-01-05 09:34:46.140,0.0234,0.0239,25.0,0.0238,12.0,11543.0,394.0
2021-01-05 09:34:46.660,0.0238,0.024,25.0,0.0238,12.0,11543.0,404.0
2021-01-05 09:34:47.181,0.0238,0.024,25.0,0.0236,25.0,11543.0,404.0
2021-01-05 09:34:47.701,0.0238,0.024,25.0,0.0237,12.0,11543.0,404.0
2021-01-05 09:34:48.141,0.0238,0.024,25.0,0.0237,12.0,11543.0,404.0
2021-01-05 09:34:48.700,0.0238,0.024,25.0,0.0237,12.0,11543.0,404.0
2021-01-05 09:34:49.701,0.0238,0.024,25.0,0.0238,12.0,11543.0,404.0
2021-01-05 09:34:50.161,0.0238,0.024,25.0,0.0238,12.0,11543.0,404.0
2021-01-05 09:34:50.700,0.0238,0.024,25.0,0.0238,12.0,11543.0,404.0
2021-01-05 09:34:51.200,0.0238,0.024,25.0,0.0238,12.0,11543.0,404.0
2021-01-05 09:34:51.651,0.0238,0.024,25.0,0.0238,12.0,11543.0,404.0
2021-01-05 09:34:52.220,0.0238,0.024,25.0,0.0239,12.0,11543.0,414.0
2021-01-05 09:34:52.650,0.0238,0.024,37.0,0.0237,25.0,11543.0,414.0
2021-01-05 09:34:53.180,0.0238,0.024,37.0,0.0236,37.0,11543.0,414.0
2021-01-05 09:34:53.651,0.0238,0.0239,12.0,0.0235,57.0,11543.0,414.0
2021-01-05 09:34:54.170,0.0238,0.0239,37.0,0.0235,57.0,11543.0,414.0
2021-01-05 09:34:54.631,0.0238,0.0239,25.0,0.0236,12.0,11543.0,414.0
2021-01-05 09:34:55.161,0.0238,0.0239,25.0,0.0237,12.0,11543.0,414.0
2021-01-05 09:34:55.680,0.0238,0.0239,25.0,0.0237,12.0,11543.0,414.0
2021-01-05 09:34:56.051,0.0238,0.0239,25.0,0.0237,12.0,11543.0,414.0
2021-01-05 09:34:56.681,0.0238,0.0239,25.0,0.0237,12.0,11543.0,414.0
2021-01-05 09:34:58.160,0.0237,0.0239,25.0,0.0237,2.0,11543.0,424.0
2021-01-05 09:34:58.640,0.0237,0.0239,25.0,0.0236,45.0,11543.0,424.0
2021-01-05 09:34:59.151,0.0237,0.0239,25.0,0.0236,45.0,11543.0,424.0
2021-01-05 09:34:59.660,0.0237,0.0239,37.0,0.0236,20.0,11543.0,424.0
2021-01-05 09:35:00.630,0.0237,0.0239,25.0,0.0237,12.0,11543.0,424.0
2021-01-05 09:35:01.070,0.0237,0.0239,25.0,0.0236,77.0,11543.0,424.0
2021-01-05 09:35:01.620,0.0237,0.0239,25.0,0.0236,57.0,11543.0,424.0
2021-01-05 09:35:02.160,0.0237,0.0239,25.0,0.0236,57.0,11543.0,424.0
2021-01-05 09:35:02.680,0.0237,0.0239,37.0,0.0236,45.0,11543.0,424.0
2021-01-05 09:35:03.180,0.0237,0.0239,37.0,0.0236,45.0,11543.0,424.0
2021-01-05 09:35:03.660,0.0236,0.0239,37.0,0.0236,35.0,11543.0,434.0
2021-01-05 09:35:04.061,0.0236,0.0239,25.0,0.0237,12.0,11543.0,434.0
2021-01-05 09:35:05.180,0.0236,0.0239,25.0,0.0237,37.0,11543.0,434.0
2021-01-05 09:35:05.671,0.0236,0.0239,25.0,0.0237,37.0,11543.0,434.0
2021-01-05 09:35:06.180,0.0236,0.024,25.0,0.0237,12.0,11543.0,434.0
2021-01-05 09:35:06.421,0.0236,0.024,25.0,0.0238,12.0,11543.0,434.0
2021-01-05 09:35:07.131,0.0236,0.024,25.0,0.0238,12.0,11543.0,434.0
2021-01-05 09:35:07.560,0.0237,0.024,25.0,0.0237,12.0,11568.0,459.0
2021-01-05 09:35:08.171,0.0237,0.024,12.0,0.0237,25.0,11568.0,459.0
2021-01-05 09:35:09.191,0.0236,0.0239,25.0,0.0237,12.0,11568.0,469.0
2021-01-05 09:35:09.700,0.0236,0.024,37.0,0.0236,81.0,11568.0,469.0
2021-01-05 09:35:10.180,0.0236,0.024,25.0,0.0237,12.0,11568.0,469.0
2021-01-05 09:35:10.691,0.024,0.024,12.0,0.0239,20.0,11588.0,489.0
2021-01-05 09:35:11.120,0.024,0.0241,42.0,0.0239,40.0,11588.0,489.0
2021-01-05 09:35:11.671,0.024,0.0241,42.0,0.0239,65.0,11588.0,489.0
2021-01-05 09:35:12.101,0.024,0.0241,17.0,0.0239,65.0,11588.0,489.0
2021-01-05 09:35:12.691,0.024,0.0241,5.0,0.0239,40.0,11588.0,489.0
2021-01-05 09:35:13.181,0.024,0.0241,17.0,0.0239,65.0,11588.0,489.0
2021-01-05 09:35:13.640,0.024,0.0241,5.0,0.0239,20.0,11588.0,489.0
2021-01-05 09:35:14.191,0.024,0.0241,30.0,0.0239,20.0,11588.0,489.0
2021-01-05 09:35:14.691,0.0238,0.0241,30.0,0.0238,25.0,11598.0,499.0
2021-01-05 09:35:15.171,0.0238,0.0239,12.0,0.0238,25.0,11598.0,499.0
2021-01-05 09:35:15.701,0.0238,0.024,25.0,0.0237,37.0,11598.0,499.0
2021-01-05 09:35:16.151,0.0238,0.024,37.0,0.0237,25.0,11598.0,499.0
2021-01-05 09:35:16.681,0.0238,0.0239,12.0,0.0237,39.0,11598.0,499.0
2021-01-05 09:35:17.190,0.0238,0.024,25.0,0.0237,51.0,11598.0,499.0
2021-01-05 09:35:17.680,0.0238,0.024,25.0,0.0237,51.0,11598.0,499.0
2021-01-05 09:35:18.170,0.0238,0.024,25.0,0.0237,51.0,11598.0,499.0
2021-01-05 09:35:20.170,0.0237,0.024,25.0,0.0237,27.0,11608.0,509.0
2021-01-05 09:35:20.681,0.0237,0.024,25.0,0.0238,26.0,11608.0,509.0
2021-01-05 09:35:21.180,0.0237,0.0241,30.0,0.024,12.0,11608.0,509.0
2021-01-05 09:35:21.601,0.0237,0.0241,5.0,0.024,12.0,11608.0,509.0
2021-01-05 09:35:22.171,0.0237,0.0241,30.0,0.024,12.0,11608.0,509.0
2021-01-05 09:35:22.650,0.0241,0.0245,20.0,0.0236,20.0,11615.0,521.0
2021-01-05 09:35:23.130,0.0241,0.0245,45.0,0.0237,14.0,11615.0,521.0
2021-01-05 09:35:23.680,0.0241,0.0243,12.0,0.0239,12.0,11615.0,521.0
2021-01-05 09:35:24.171,0.0241,0.0243,37.0,0.0238,45.0,11615.0,521.0
2021-01-05 09:35:24.671,0.0241,0.0242,12.0,0.0239,14.0,11615.0,521.0
2021-01-05 09:35:25.170,0.0241,0.0242,25.0,0.0239,26.0,11615.0,521.0
2021-01-05 09:35:25.660,0.0239,0.0242,25.0,0.0239,16.0,11615.0,531.0
2021-01-05 09:35:26.171,0.0239,0.0242,25.0,0.024,12.0,11615.0,531.0
2021-01-05 09:35:26.651,0.0239,0.0242,25.0,0.024,12.0,11615.0,531.0
2021-01-05 09:35:27.130,0.0239,0.0242,25.0,0.024,12.0,11615.0,531.0
2021-01-05 09:35:27.641,0.0239,0.0242,25.0,0.024,5.0,11615.0,531.0
2021-01-05 09:35:28.171,0.0239,0.0242,25.0,0.024,17.0,11615.0,531.0
2021-01-05 09:35:30.690,0.0239,0.0242,25.0,0.024,17.0,11615.0,531.0
2021-01-05 09:35:31.170,0.024,0.0242,25.0,0.024,12.0,11625.0,541.0
2021-01-05 09:35:31.700,0.024,0.0242,25.0,0.024,30.0,11635.0,551.0
2021-01-05 09:35:32.161,0.0239,0.0242,25.0,0.0239,47.0,11645.0,561.0
2021-01-05 09:35:32.630,0.0239,0.0241,12.0,0.0239,59.0,11645.0,561.0
2021-01-05 09:35:33.160,0.0239,0.0241,25.0,0.0239,59.0,11645.0,561.0
2021-01-05 09:35:33.650,0.0239,0.0241,25.0,0.0239,71.0,11645.0,561.0
2021-01-05 09:35:34.190,0.0239,0.0241,25.0,0.0239,34.0,11645.0,561.0
2021-01-05 09:35:34.691,0.0241,0.0241,24.0,0.0239,46.0,11645.0,562.0
2021-01-05 09:35:35.200,0.0241,0.0241,24.0,0.024,12.0,11645.0,562.0
2021-01-05 09:35:35.600,0.0241,0.0242,25.0,0.0241,12.0,11645.0,562.0
2021-01-05 09:35:36.180,0.0241,0.0242,25.0,0.0241,12.0,11645.0,562.0
2021-01-05 09:35:36.601,0.0241,0.0243,25.0,0.0241,12.0,11645.0,562.0
2021-01-05 09:35:37.171,0.0241,0.0243,25.0,0.0241,12.0,11645.0,562.0
2021-01-05 09:35:37.640,0.0241,0.0243,25.0,0.0241,12.0,11655.0,572.0
2021-01-05 09:35:37.940,0.0241,0.0243,25.0,0.024,20.0,11655.0,572.0
2021-01-05 09:35:38.651,0.0241,0.0243,25.0,0.024,12.0,11655.0,572.0
2021-01-05 09:35:39.140,0.0241,0.0243,25.0,0.024,57.0,11655.0,572.0
2021-01-05 09:35:39.690,0.0241,0.0243,25.0,0.024,32.0,11655.0,572.0
2021-01-05 09:35:40.191,0.0241,0.0243,37.0,0.024,20.0,11655.0,572.0
2021-01-05 09:35:40.691,0.0241,0.0242,12.0,0.0239,59.0,11655.0,572.0
2021-01-05 09:35:41.190,0.0241,0.0242,37.0,0.0239,34.0,11655.0,572.0
2021-01-05 09:35:41.680,0.0241,0.0242,37.0,0.0239,59.0,11655.0,572.0
2021-01-05 09:35:42.160,0.0241,0.0242,37.0,0.0239,34.0,11655.0,572.0
2021-01-05 09:35:42.470,0.0241,0.0242,25.0,0.0239,71.0,11655.0,572.0
2021-01-05 09:35:43.190,0.0239,0.0242,25.0,0.0239,61.0,11665.0,582.0
2021-01-05 09:35:43.661,0.0239,0.0242,25.0,0.0239,59.0,11665.0,582.0
2021-01-05 09:35:44.600,0.0239,0.0242,25.0,0.024,12.0,11665.0,582.0
2021-01-05 09:35:45.071,0.0239,0.0243,25.0,0.0242,1.0,11665.0,582.0
2021-01-05 09:35:45.670,0.0239,0.0244,25.0,0.0242,1.0,11665.0,582.0
2021-01-05 09:35:46.170,0.0239,0.0245,37.0,0.0242,1.0,11665.0,582.0
2021-01-05 09:35:46.700,0.0239,0.0245,37.0,0.0242,1.0,11665.0,582.0
2021-01-05 09:35:47.691,0.0239,0.0245,37.0,0.0241,77.0,11665.0,582.0
2021-01-05 09:35:48.181,0.0239,0.0245,37.0,0.0242,20.0,11665.0,582.0
2021-01-05 09:35:48.700,0.0241,0.0244,12.0,0.0242,25.0,11665.0,592.0
2021-01-05 09:35:49.190,0.0241,0.0245,37.0,0.0241,67.0,11665.0,592.0
2021-01-05 09:35:49.701,0.0241,0.0245,37.0,0.0242,14.0,11665.0,592.0
2021-01-05 09:35:50.121,0.0241,0.0245,37.0,0.0242,34.0,11665.0,592.0
2021-01-05 09:35:50.630,0.0241,0.0245,25.0,0.0242,46.0,11665.0,592.0
2021-01-05 09:35:51.180,0.0241,0.0245,25.0,0.0242,26.0,11665.0,592.0
2021-01-05 09:35:51.710,0.0241,0.0245,25.0,0.0244,20.0,11665.0,592.0
2021-01-05 09:35:52.100,0.0241,0.0245,37.0,0.0242,25.0,11665.0,592.0
2021-01-05 09:35:52.661,0.0241,0.0245,37.0,0.0242,34.0,11665.0,592.0
2021-01-05 09:35:54.161,0.0241,0.0245,37.0,0.0242,20.0,11665.0,592.0
2021-01-05 09:35:54.640,0.0241,0.0245,25.0,0.0242,32.0,11665.0,592.0
2021-01-05 09:35:55.181,0.0241,0.0245,25.0,0.0241,45.0,11665.0,592.0
2021-01-05 09:35:55.691,0.0241,0.0245,37.0,0.0242,14.0,11665.0,592.0
2021-01-05 09:35:56.121,0.0241,0.0245,37.0,0.0242,14.0,11665.0,592.0
2021-01-05 09:35:56.690,0.0241,0.0245,25.0,0.0242,26.0,11665.0,592.0
2021-01-05 09:35:57.160,0.0241,0.0245,25.0,0.0243,12.0,11665.0,592.0
2021-01-05 09:35:57.681,0.0241,0.0245,25.0,0.0243,12.0,11665.0,592.0
2021-01-05 09:35:58.150,0.0241,0.0245,25.0,0.0243,12.0,11665.0,592.0
2021-01-05 09:35:59.160,0.0241,0.0245,25.0,0.0244,12.0,11665.0,592.0
2021-01-05 09:36:00.201,0.0241,0.0245,25.0,0.0244,12.0,11665.0,592.0
2021-01-05 09:36:00.680,0.0245,0.0246,26.0,0.0244,12.0,11666.0,594.0
2021-01-05 09:36:01.181,0.0243,0.0246,26.0,0.0243,7.0,11691.0,619.0
2021-01-05 09:36:01.671,0.0243,0.0246,38.0,0.0243,14.0,11691.0,619.0
2021-01-05 09:36:02.701,0.0243,0.0244,12.0,0.0243,14.0,11691.0,619.0
2021-01-05 09:36:03.150,0.0243,0.0245,37.0,0.0242,25.0,11691.0,619.0
2021-01-05 09:36:03.700,0.0243,0.0245,25.0,0.0242,51.0,11691.0,619.0
2021-01-05 09:36:04.120,0.0243,0.0245,25.0,0.0242,37.0,11691.0,619.0
2021-01-05 09:36:04.670,0.0243,0.0245,25.0,0.0243,12.0,11691.0,619.0
2021-01-05 09:36:05.150,0.0243,0.0245,25.0,0.0243,12.0,11691.0,619.0
2021-01-05 09:36:05.690,0.0243,0.0245,25.0,0.0243,12.0,11691.0,619.0
2021-01-05 09:36:10.160,0.0243,0.0245,25.0,0.0243,12.0,11691.0,619.0
2021-01-05 09:36:10.671,0.0243,0.0244,20.0,0.0242,37.0,11691.0,619.0
2021-01-05 09:36:11.180,0.0243,0.0244,20.0,0.0242,12.0,11691.0,619.0
2021-01-05 09:36:11.651,0.0243,0.0245,25.0,0.0242,12.0,11691.0,619.0
2021-01-05 09:36:12.181,0.0243,0.0245,25.0,0.0243,12.0,11691.0,619.0
2021-01-05 09:36:12.690,0.0243,0.0245,25.0,0.0243,12.0,11691.0,619.0
2021-01-05 09:36:13.190,0.0243,0.0245,25.0,0.0243,12.0,11691.0,619.0
2021-01-05 09:36:15.660,0.0243,0.0245,25.0,0.0244,12.0,11691.0,619.0
2021-01-05 09:36:16.150,0.0243,0.0245,25.0,0.0244,12.0,11691.0,619.0
2021-01-05 09:36:16.680,0.0243,0.0246,26.0,0.0244,12.0,11691.0,619.0
2021-01-05 09:36:17.180,0.0243,0.0246,26.0,0.0244,12.0,11691.0,619.0
2021-01-05 09:36:18.181,0.0243,0.0246,26.0,0.0244,12.0,11691.0,619.0
2021-01-05 09:36:18.680,0.0243,0.0246,26.0,0.0243,25.0,11691.0,619.0
2021-01-05 09:36:19.151,0.0243,0.0246,38.0,0.0242,37.0,11691.0,619.0
2021-01-05 09:36:19.691,0.0243,0.0246,38.0,0.0242,71.0,11691.0,619.0
2021-01-05 09:36:20.161,0.0243,0.0246,26.0,0.0243,12.0,11691.0,619.0
2021-01-05 09:36:20.680,0.0243,0.0246,26.0,0.0243,12.0,11691.0,619.0
2021-01-05 09:36:21.191,0.0243,0.0246,26.0,0.0243,12.0,11691.0,619.0
2021-01-05 09:36:21.691,0.0243,0.0246,38.0,0.0242,71.0,11691.0,619.0
2021-01-05 09:36:22.171,0.0243,0.0246,38.0,0.0242,46.0,11691.0,619.0
2021-01-05 09:36:22.680,0.0243,0.0246,38.0,0.0242,71.0,11691.0,619.0
2021-01-05 09:36:23.191,0.0243,0.0246,38.0,0.0242,46.0,11691.0,619.0
2021-01-05 09:36:23.681,0.0243,0.0246,26.0,0.0243,12.0,11691.0,619.0
2021-01-05 09:36:24.171,0.0243,0.0246,26.0,0.0243,12.0,11691.0,619.0
2021-01-05 09:36:24.701,0.0243,0.0246,26.0,0.0244,12.0,11691.0,619.0
2021-01-05 09:36:25.191,0.0243,0.0246,26.0,0.0244,12.0,11691.0,619.0
2021-01-05 09:36:25.650,0.0243,0.0246,26.0,0.0243,37.0,11691.0,619.0
2021-01-05 09:36:26.171,0.0243,0.0246,26.0,0.0243,32.0,11691.0,619.0
2021-01-05 09:36:26.651,0.0243,0.0246,26.0,0.0244,12.0,11691.0,619.0
2021-01-05 09:36:27.160,0.0243,0.0246,26.0,0.0244,12.0,11691.0,619.0
2021-01-05 09:36:27.690,0.0243,0.0246,26.0,0.0244,12.0,11691.0,619.0
2021-01-05 09:36:28.190,0.0243,0.0246,26.0,0.0245,12.0,11691.0,619.0
2021-01-05 09:36:28.681,0.0243,0.0246,1.0,0.0245,12.0,11691.0,619.0
2021-01-05 09:36:29.171,0.0246,0.0247,25.0,0.0246,12.0,11691.0,620.0
2021-01-05 09:36:29.661,0.0246,0.0248,25.0,0.0246,12.0,11691.0,620.0
2021-01-05 09:36:30.161,0.0246,0.0248,25.0,0.0246,12.0,11691.0,620.0
2021-01-05 09:36:30.700,0.0246,0.0248,25.0,0.0245,57.0,11691.0,620.0
2021-01-05 09:36:31.181,0.0246,0.0248,25.0,0.0245,57.0,11691.0,620.0
2021-01-05 09:36:31.690,0.0246,0.0248,25.0,0.0245,45.0,11691.0,620.0
2021-01-05 09:36:32.130,0.0246,0.0247,12.0,0.0245,45.0,11691.0,620.0
2021-01-05 09:36:32.660,0.0246,0.0247,25.0,0.0245,20.0,11691.0,620.0
2021-01-05 09:36:33.200,0.0246,0.0247,25.0,0.0245,20.0,11691.0,620.0
2021-01-05 09:36:33.670,0.0247,0.0249,12.0,0.0247,14.0,11716.0,645.0
2021-01-05 09:36:34.091,0.0247,0.0248,12.0,0.0247,14.0,11716.0,645.0
2021-01-05 09:36:35.150,0.0247,0.0248,12.0,0.0247,14.0,11716.0,645.0
2021-01-05 09:36:35.701,0.0247,0.0248,12.0,0.0247,14.0,11716.0,645.0
2021-01-05 09:36:36.700,0.0247,0.0248,12.0,0.0247,19.0,11716.0,645.0
2021-01-05 09:36:40.191,0.0247,0.0249,45.0,0.0247,7.0,11728.0,657.0
2021-01-05 09:36:40.700,0.0247,0.0247,7.0,0.0246,25.0,11735.0,664.0
2021-01-05 09:36:41.201,0.0247,0.0248,25.0,0.0245,45.0,11735.0,664.0
2021-01-05 09:36:41.641,0.0247,0.0248,25.0,0.0245,37.0,11735.0,664.0
2021-01-05 09:36:42.200,0.0247,0.0248,25.0,0.0245,57.0,11735.0,664.0
2021-01-05 09:36:42.690,0.0247,0.0248,25.0,0.0245,25.0,11735.0,664.0
2021-01-05 09:36:43.180,0.0247,0.0248,37.0,0.0245,45.0,11735.0,664.0
2021-01-05 09:36:43.700,0.0247,0.0248,25.0,0.0245,57.0,11735.0,664.0
2021-01-05 09:36:44.680,0.0247,0.0248,25.0,0.0245,37.0,11735.0,664.0
2021-01-05 09:36:45.191,0.0247,0.0248,25.0,0.0245,51.0,11735.0,664.0
2021-01-05 09:36:45.631,0.0247,0.0248,25.0,0.0247,2.0,11735.0,664.0
2021-01-05 09:36:46.190,0.0247,0.0249,57.0,0.0247,2.0,11735.0,664.0
2021-01-05 09:36:46.651,0.0247,0.0249,57.0,0.0247,2.0,11735.0,664.0
2021-01-05 09:36:47.130,0.0247,0.0249,57.0,0.0247,27.0,11735.0,664.0
2021-01-05 09:36:47.660,0.0247,0.0249,57.0,0.0247,2.0,11735.0,664.0
2021-01-05 09:36:48.130,0.0247,0.0249,37.0,0.0247,2.0,11735.0,664.0
2021-01-05 09:36:48.630,0.0247,0.0249,37.0,0.0247,2.0,11735.0,664.0
2021-01-05 09:36:49.181,0.0247,0.0249,25.0,0.0247,27.0,11735.0,664.0
2021-01-05 09:36:49.700,0.0247,0.0249,12.0,0.0247,2.0,11735.0,664.0
2021-01-05 09:36:50.201,0.0247,0.0249,37.0,0.0247,2.0,11735.0,664.0
2021-01-05 09:36:53.680,0.0247,0.0249,25.0,0.0247,2.0,11735.0,664.0
2021-01-05 09:36:54.180,0.0247,0.0249,37.0,0.0247,2.0,11735.0,664.0
2021-01-05 09:36:54.631,0.0247,0.0248,12.0,0.0247,2.0,11735.0,664.0
2021-01-05 09:36:55.171,0.0247,0.0248,12.0,0.0247,2.0,11735.0,664.0
2021-01-05 09:36:55.651,0.0247,0.0248,12.0,0.0247,2.0,11735.0,664.0
2021-01-05 09:36:56.691,0.0247,0.0248,12.0,0.0247,2.0,11735.0,664.0
2021-01-05 09:36:58.160,0.0247,0.0249,37.0,0.0247,2.0,11735.0,664.0
2021-01-05 09:36:58.610,0.0247,0.0249,32.0,0.0247,2.0,11735.0,664.0
2021-01-05 09:36:59.181,0.0247,0.0249,32.0,0.0247,2.0,11735.0,664.0
2021-01-05 09:36:59.690,0.0247,0.0249,20.0,0.0247,2.0,11735.0,664.0
2021-01-05 09:37:01.640,0.0249,0.025,37.0,0.0249,10.0,11755.0,684.0
2021-01-05 09:37:02.191,0.0249,0.0249,7.0,0.0247,27.0,11765.0,694.0
2021-01-05 09:37:02.610,0.0249,0.0249,37.0,0.0247,2.0,11765.0,694.0
2021-01-05 09:37:03.151,0.0249,0.0249,25.0,0.0247,2.0,11765.0,694.0
2021-01-05 09:37:04.200,0.0249,0.0249,37.0,0.0247,2.0,11765.0,694.0
2021-01-05 09:37:04.690,0.0249,0.0249,25.0,0.0247,2.0,11765.0,694.0
2021-01-05 09:37:05.140,0.0249,0.0249,25.0,0.0247,2.0,11765.0,694.0
2021-01-05 09:37:05.701,0.0249,0.0249,25.0,0.0247,2.0,11765.0,694.0
2021-01-05 09:37:08.630,0.0249,0.0249,25.0,0.0247,14.0,11765.0,694.0
2021-01-05 09:37:09.170,0.0249,0.0249,25.0,0.0247,2.0,11765.0,694.0
2021-01-05 09:37:10.140,0.0249,0.0249,25.0,0.0247,2.0,11765.0,694.0
2021-01-05 09:37:10.701,0.0249,0.0248,12.0,0.0247,2.0,11765.0,694.0
2021-01-05 09:37:11.201,0.0249,0.0248,25.0,0.0247,2.0,11765.0,694.0
2021-01-05 09:37:11.700,0.0249,0.0248,37.0,0.0247,2.0,11765.0,694.0
2021-01-05 09:37:12.131,0.0249,0.0248,37.0,0.0247,2.0,11765.0,694.0
2021-01-05 09:37:12.620,0.0249,0.0248,37.0,0.0247,2.0,11765.0,694.0
2021-01-05 09:37:13.681,0.0249,0.0248,25.0,0.0247,2.0,11765.0,694.0
2021-01-05 09:37:14.171,0.0249,0.0248,25.0,0.0247,2.0,11765.0,694.0
2021-01-05 09:37:14.651,0.0249,0.0248,25.0,0.0247,2.0,11765.0,694.0
2021-01-05 09:37:15.200,0.0249,0.0248,25.0,0.0247,2.0,11765.0,694.0
2021-01-05 09:37:16.201,0.0249,0.0248,25.0,0.0247,2.0,11765.0,694.0
2021-01-05 09:37:16.461,0.0249,0.0248,25.0,0.0247,2.0,11765.0,694.0
2021-01-05 09:37:17.200,0.0249,0.0248,37.0,0.0247,2.0,11765.0,694.0
2021-01-05 09:37:18.061,0.0249,0.0248,37.0,0.0247,2.0,11765.0,694.0
2021-01-05 09:37:18.710,0.0249,0.0248,37.0,0.0247,2.0,11765.0,694.0
2021-01-05 09:37:19.711,0.0249,0.0248,37.0,0.0247,2.0,11765.0,694.0
2021-01-05 09:37:20.211,0.0249,0.0248,25.0,0.0247,2.0,11765.0,694.0
2021-01-05 09:37:21.200,0.0249,0.0248,37.0,0.0247,2.0,11765.0,694.0
2021-01-05 09:37:21.701,0.0249,0.0248,37.0,0.0247,2.0,11765.0,694.0
2021-01-05 09:37:22.141,0.0247,0.0247,10.0,0.0244,25.0,11767.0,696.0
2021-01-05 09:37:22.620,0.0247,0.0247,37.0,0.0244,14.0,11767.0,696.0
2021-01-05 09:37:23.661,0.0247,0.0247,37.0,0.0244,14.0,11767.0,696.0
2021-01-05 09:37:24.080,0.0247,0.0247,25.0,0.0244,26.0,11767.0,696.0
2021-01-05 09:37:30.191,0.0247,0.0247,37.0,0.0244,14.0,11767.0,696.0
2021-01-05 09:37:30.650,0.0247,0.0247,25.0,0.0244,26.0,11767.0,696.0
2021-01-05 09:37:32.651,0.0247,0.0247,25.0,0.0245,12.0,11767.0,696.0
2021-01-05 09:37:33.180,0.0247,0.0247,25.0,0.0245,26.0,11767.0,696.0
2021-01-05 09:37:33.701,0.0247,0.0247,25.0,0.0246,12.0,11767.0,696.0
2021-01-05 09:37:34.200,0.0247,0.0247,25.0,0.0246,12.0,11767.0,696.0
2021-01-05 09:37:34.500,0.0247,0.0247,25.0,0.0246,12.0,11767.0,696.0
2021-01-05 09:37:35.170,0.0247,0.0247,25.0,0.0246,12.0,11767.0,696.0
2021-01-05 09:37:35.650,0.0247,0.0247,25.0,0.0245,26.0,11767.0,696.0
2021-01-05 09:37:36.200,0.0247,0.0247,25.0,0.0245,26.0,11767.0,696.0
2021-01-05 09:37:36.671,0.0247,0.0247,25.0,0.0245,26.0,11767.0,696.0
2021-01-05 09:37:37.691,0.0247,0.0247,25.0,0.0245,12.0,11767.0,696.0
2021-01-05 09:37:38.161,0.0247,0.0247,25.0,0.0244,12.0,11767.0,696.0
2021-01-05 09:37:39.170,0.0247,0.0247,25.0,0.0244,26.0,11767.0,696.0
2021-01-05 09:37:40.701,0.0247,0.0247,25.0,0.0244,12.0,11767.0,696.0
2021-01-05 09:37:41.131,0.0247,0.0247,25.0,0.0244,26.0,11767.0,696.0
2021-01-05 09:37:41.671,0.0247,0.0247,25.0,0.0245,12.0,11767.0,696.0
2021-01-05 09:37:42.130,0.0247,0.0247,25.0,0.0245,12.0,11767.0,696.0
2021-01-05 09:37:43.181,0.0247,0.0247,25.0,0.0244,12.0,11767.0,696.0
2021-01-05 09:37:43.640,0.0247,0.0247,45.0,0.0244,12.0,11767.0,696.0
2021-01-05 09:37:44.651,0.0247,0.0247,65.0,0.0244,12.0,11767.0,696.0
2021-01-05 09:37:46.601,0.0247,0.0247,65.0,0.0245,12.0,11767.0,696.0
2021-01-05 09:37:47.661,0.0247,0.0247,45.0,0.0245,12.0,11767.0,696.0
2021-01-05 09:37:49.190,0.0247,0.0247,45.0,0.0244,12.0,11767.0,696.0
2021-01-05 09:37:51.691,0.0247,0.0247,45.0,0.0245,12.0,11767.0,696.0
2021-01-05 09:37:52.191,0.0247,0.0247,45.0,0.0243,25.0,11767.0,696.0
2021-01-05 09:37:52.660,0.0247,0.0247,57.0,0.0244,14.0,11767.0,696.0
2021-01-05 09:37:53.161,0.0247,0.0247,57.0,0.0244,14.0,11767.0,696.0
2021-01-05 09:37:53.680,0.0247,0.0247,57.0,0.0244,14.0,11767.0,696.0
2021-01-05 09:37:54.170,0.0247,0.0247,57.0,0.0243,37.0,11767.0,696.0
2021-01-05 09:37:54.640,0.0247,0.0247,57.0,0.0243,51.0,11767.0,696.0
2021-01-05 09:37:55.190,0.0247,0.0247,57.0,0.0243,37.0,11767.0,696.0
2021-01-05 09:37:55.691,0.0247,0.0247,57.0,0.0243,51.0,11767.0,696.0
2021-01-05 09:37:56.611,0.0247,0.0246,12.0,0.0243,25.0,11767.0,696.0
2021-01-05 09:37:57.170,0.0247,0.0246,37.0,0.0242,37.0,11767.0,696.0
2021-01-05 09:37:57.601,0.0247,0.0245,12.0,0.0242,39.0,11767.0,696.0
2021-01-05 09:37:58.091,0.0247,0.0245,25.0,0.0242,26.0,11767.0,696.0
2021-01-05 09:37:58.640,0.0247,0.0245,25.0,0.0242,26.0,11767.0,696.0
2021-01-05 09:37:59.130,0.0247,0.0245,25.0,0.0243,12.0,11767.0,696.0
2021-01-05 09:38:00.100,0.0247,0.0245,25.0,0.0243,12.0,11767.0,696.0
2021-01-05 09:38:00.680,0.0247,0.0244,20.0,0.0243,12.0,11767.0,696.0
2021-01-05 09:38:01.180,0.0244,0.0244,4.0,0.0242,51.0,11769.0,712.0
2021-01-05 09:38:01.681,0.0244,0.0245,25.0,0.0242,26.0,11769.0,716.0
2021-01-05 09:38:02.181,0.0244,0.0244,20.0,0.0242,51.0,11769.0,716.0
2021-01-05 09:38:02.680,0.0244,0.0244,10.0,0.0242,26.0,11769.0,726.0
2021-01-05 09:38:03.191,0.0244,0.0245,25.0,0.0242,26.0,11769.0,736.0
2021-01-05 09:38:03.691,0.0244,0.0245,45.0,0.0242,51.0,11769.0,736.0
2021-01-05 09:38:04.090,0.0244,0.0245,45.0,0.0243,12.0,11769.0,736.0
2021-01-05 09:38:05.181,0.0244,0.0245,45.0,0.0243,12.0,11769.0,736.0
2021-01-05 09:38:05.681,0.0244,0.0245,45.0,0.0243,12.0,11769.0,736.0
2021-01-05 09:38:06.691,0.0244,0.0245,45.0,0.0243,12.0,11769.0,736.0
2021-01-05 09:38:07.200,0.0244,0.0245,45.0,0.0243,12.0,11769.0,736.0
2021-01-05 09:38:07.690,0.0244,0.0245,45.0,0.0244,12.0,11769.0,736.0
2021-01-05 09:38:08.151,0.0245,0.0245,44.0,0.0243,12.0,11769.0,737.0
2021-01-05 09:38:09.160,0.0245,0.0245,25.0,0.0243,12.0,11769.0,737.0
2021-01-05 09:38:09.681,0.0245,0.0245,24.0,0.0242,57.0,11769.0,738.0
2021-01-05 09:38:10.180,0.0245,0.0247,12.0,0.0243,26.0,11770.0,740.0
2021-01-05 09:38:10.670,0.0245,0.0247,25.0,0.0243,14.0,11770.0,740.0
2021-01-05 09:38:11.141,0.0245,0.0247,37.0,0.0243,51.0,11770.0,740.0
2021-01-05 09:38:12.191,0.0245,0.0246,12.0,0.0243,25.0,11770.0,740.0
2021-01-05 09:38:12.531,0.0245,0.0246,37.0,0.0243,14.0,11770.0,740.0
2021-01-05 09:38:13.110,0.0245,0.0246,37.0,0.0243,14.0,11770.0,740.0
2021-01-05 09:38:14.141,0.0245,0.0246,37.0,0.0243,14.0,11770.0,740.0
2021-01-05 09:38:14.691,0.0245,0.0246,25.0,0.0243,26.0,11770.0,740.0
2021-01-05 09:38:15.150,0.0245,0.0246,25.0,0.0243,12.0,11770.0,740.0
2021-01-05 09:38:15.730,0.0245,0.0246,25.0,0.0244,26.0,11770.0,740.0
2021-01-05 09:38:16.210,0.0245,0.0246,25.0,0.0244,14.0,11770.0,740.0
2021-01-05 09:38:16.731,0.0245,0.0246,25.0,0.0244,14.0,11770.0,740.0
2021-01-05 09:38:17.190,0.0245,0.0246,25.0,0.0244,14.0,11770.0,740.0
2021-01-05 09:38:21.670,0.0245,0.0246,25.0,0.0244,26.0,11770.0,740.0
2021-01-05 09:38:22.210,0.0245,0.0246,25.0,0.0244,26.0,11770.0,740.0
2021-01-05 09:38:22.661,0.0245,0.0246,25.0,0.0244,46.0,11770.0,740.0
2021-01-05 09:38:23.201,0.0246,0.0248,12.0,0.0246,1.0,11770.0,745.0
2021-01-05 09:38:23.681,0.0246,0.0248,25.0,0.0247,20.0,11770.0,745.0
2021-01-05 09:38:24.000,0.0247,0.0248,25.0,0.0247,8.0,11770.0,757.0
2021-01-05 09:38:24.690,0.0247,0.0248,25.0,0.0247,8.0,11770.0,757.0
2021-01-05 09:38:25.101,0.0247,0.0248,25.0,0.0247,8.0,11770.0,757.0
2021-01-05 09:38:25.700,0.0247,0.0248,25.0,0.0247,8.0,11770.0,757.0
2021-01-05 09:38:26.100,0.0247,0.0249,25.0,0.0247,8.0,11770.0,757.0
2021-01-05 09:38:26.701,0.0247,0.0249,25.0,0.0247,8.0,11770.0,757.0
2021-01-05 09:38:27.151,0.0247,0.0249,25.0,0.0247,8.0,11770.0,757.0
2021-01-05 09:38:27.691,0.0247,0.0249,37.0,0.0245,37.0,11770.0,757.0
2021-01-05 09:38:28.171,0.0247,0.0249,25.0,0.0246,12.0,11770.0,757.0
2021-01-05 09:38:28.680,0.0247,0.0249,37.0,0.0245,71.0,11770.0,757.0
2021-01-05 09:38:29.191,0.0247,0.0249,37.0,0.0245,46.0,11770.0,757.0
2021-01-05 09:38:29.641,0.0247,0.0249,37.0,0.0245,71.0,11770.0,757.0
2021-01-05 09:38:30.190,0.0247,0.0249,37.0,0.0245,57.0,11770.0,757.0
2021-01-05 09:38:30.670,0.0247,0.0249,37.0,0.0245,57.0,11770.0,757.0
2021-01-05 09:38:31.181,0.0247,0.0249,37.0,0.0245,71.0,11770.0,757.0
2021-01-05 09:38:32.171,0.0247,0.0249,25.0,0.0246,12.0,11770.0,757.0
2021-01-05 09:38:32.701,0.0247,0.0249,25.0,0.0246,26.0,11770.0,757.0
2021-01-05 09:38:33.191,0.0247,0.0249,25.0,0.0246,26.0,11770.0,757.0
2021-01-05 09:38:33.700,0.0247,0.0249,25.0,0.0246,32.0,11770.0,757.0
2021-01-05 09:38:34.201,0.0247,0.0249,25.0,0.0248,20.0,11770.0,757.0
2021-01-05 09:38:35.200,0.0249,0.0249,24.0,0.0248,40.0,11770.0,758.0
2021-01-05 09:38:35.700,0.0249,0.0249,24.0,0.0248,40.0,11770.0,758.0
2021-01-05 09:38:36.130,0.0249,0.025,25.0,0.0248,40.0,11770.0,758.0
2021-01-05 09:38:36.691,0.0249,0.025,25.0,0.0248,40.0,11770.0,758.0
2021-01-05 09:38:37.680,0.0249,0.025,25.0,0.0248,52.0,11770.0,758.0
2021-01-05 09:38:38.161,0.0249,0.025,25.0,0.0248,54.0,11770.0,758.0
2021-01-05 09:38:39.161,0.0249,0.025,25.0,0.0248,66.0,11770.0,758.0
2021-01-05 09:38:40.201,0.025,0.0251,25.0,0.0248,52.0,11770.0,763.0
2021-01-05 09:38:40.591,0.025,0.0251,37.0,0.0249,14.0,11770.0,763.0
2021-01-05 09:38:41.190,0.025,0.0252,37.0,0.0249,14.0,11770.0,763.0
2021-01-05 09:38:41.640,0.025,0.0252,37.0,0.025,20.0,11770.0,763.0
2021-01-05 09:38:42.170,0.025,0.0252,37.0,0.025,20.0,11770.0,763.0
2021-01-05 09:38:42.700,0.025,0.0252,37.0,0.025,20.0,11770.0,763.0
2021-01-05 09:38:43.190,0.025,0.0252,37.0,0.025,20.0,11770.0,763.0
2021-01-05 09:38:43.461,0.025,0.0252,37.0,0.025,20.0,11770.0,763.0
2021-01-05 09:38:44.191,0.025,0.0252,37.0,0.025,20.0,11770.0,763.0
2021-01-05 09:38:44.690,0.025,0.0252,37.0,0.025,20.0,11770.0,763.0
2021-01-05 09:38:45.201,0.025,0.0252,37.0,0.025,20.0,11770.0,763.0
2021-01-05 09:38:45.580,0.025,0.0251,12.0,0.025,20.0,11770.0,763.0
2021-01-05 09:38:46.200,0.025,0.0251,12.0,0.025,20.0,11770.0,763.0
2021-01-05 09:38:46.631,0.025,0.0251,12.0,0.025,20.0,11770.0,763.0
2021-01-05 09:38:47.691,0.025,0.0251,37.0,0.025,20.0,11770.0,763.0
2021-01-05 09:38:48.200,0.025,0.025,2.0,0.0248,25.0,11770.0,783.0
2021-01-05 09:38:48.650,0.025,0.0249,12.0,0.0248,14.0,11770.0,783.0
2021-01-05 09:38:49.130,0.025,0.0249,25.0,0.0248,14.0,11770.0,783.0
2021-01-05 09:38:49.670,0.025,0.0249,25.0,0.0247,20.0,11770.0,783.0
2021-01-05 09:38:50.091,0.025,0.0249,25.0,0.0247,52.0,11770.0,783.0
2021-01-05 09:38:50.651,0.025,0.0249,25.0,0.0248,14.0,11770.0,783.0
2021-01-05 09:38:51.170,0.025,0.025,25.0,0.0248,26.0,11770.0,783.0
2021-01-05 09:38:51.691,0.025,0.025,25.0,0.0249,12.0,11770.0,783.0
2021-01-05 09:38:52.140,0.025,0.025,25.0,0.0249,12.0,11770.0,783.0
2021-01-05 09:38:52.630,0.025,0.025,25.0,0.0249,14.0,11770.0,783.0
2021-01-05 09:38:53.191,0.025,0.0251,25.0,0.0249,26.0,11770.0,783.0
2021-01-05 09:38:54.190,0.025,0.0252,25.0,0.0249,26.0,11770.0,783.0
2021-01-05 09:38:54.640,0.025,0.0252,25.0,0.0249,46.0,11770.0,783.0
2021-01-05 09:38:55.191,0.025,0.0252,25.0,0.0249,46.0,11770.0,783.0
2021-01-05 09:38:56.190,0.025,0.0252,25.0,0.0249,32.0,11770.0,783.0
2021-01-05 09:38:56.661,0.025,0.0252,25.0,0.025,14.0,11770.0,783.0
2021-01-05 09:38:57.200,0.025,0.0252,37.0,0.0249,20.0,11770.0,783.0
2021-01-05 09:38:57.640,0.025,0.0252,37.0,0.0249,20.0,11770.0,783.0
2021-01-05 09:38:58.190,0.025,0.0252,37.0,0.0249,20.0,11770.0,783.0
2021-01-05 09:38:58.670,0.025,0.0252,37.0,0.0249,34.0,11770.0,783.0
2021-01-05 09:38:59.060,0.025,0.0251,12.0,0.0249,20.0,11770.0,783.0
2021-01-05 09:39:00.111,0.0251,0.0251,37.0,0.0249,20.0,11780.0,793.0
2021-01-05 09:39:00.660,0.0251,0.0251,25.0,0.0249,20.0,11780.0,793.0
2021-01-05 09:39:01.700,0.0251,0.0251,25.0,0.0249,32.0,11780.0,793.0
2021-01-05 09:39:03.671,0.0251,0.0251,25.0,0.0249,32.0,11780.0,793.0
2021-01-05 09:39:04.161,0.0251,0.0251,25.0,0.0249,20.0,11780.0,793.0
2021-01-05 09:39:04.610,0.0251,0.0251,25.0,0.0249,32.0,11780.0,793.0
2021-01-05 09:39:07.200,0.0251,0.0251,25.0,0.0249,32.0,11780.0,793.0
2021-01-05 09:39:08.131,0.0251,0.0251,25.0,0.0249,20.0,11780.0,793.0
2021-01-05 09:39:08.690,0.0251,0.0251,25.0,0.0249,32.0,11780.0,793.0
2021-01-05 09:39:09.601,0.0251,0.0251,25.0,0.0249,52.0,11780.0,793.0
2021-01-05 09:39:10.191,0.0251,0.0251,25.0,0.0249,52.0,11780.0,793.0
2021-01-05 09:39:10.721,0.0251,0.0251,25.0,0.0249,52.0,11780.0,793.0
2021-01-05 09:39:11.201,0.0251,0.0251,25.0,0.025,12.0,11780.0,793.0
2021-01-05 09:39:11.701,0.0251,0.0251,25.0,0.025,12.0,11780.0,793.0
2021-01-05 09:39:12.150,0.0251,0.0251,25.0,0.025,12.0,11780.0,793.0
2021-01-05 09:39:12.690,0.0251,0.0252,25.0,0.025,12.0,11780.0,793.0
2021-01-05 09:39:13.170,0.0251,0.0252,25.0,0.025,12.0,11780.0,793.0
2021-01-05 09:39:13.720,0.0251,0.0252,25.0,0.0249,77.0,11780.0,793.0
2021-01-05 09:39:14.160,0.0251,0.0252,25.0,0.0249,40.0,11780.0,793.0
2021-01-05 09:39:15.220,0.0251,0.0252,25.0,0.025,12.0,11780.0,793.0
2021-01-05 09:39:15.720,0.0251,0.0252,25.0,0.025,32.0,11780.0,793.0
2021-01-05 09:39:17.650,0.0251,0.0252,25.0,0.0249,77.0,11780.0,793.0
2021-01-05 09:39:18.221,0.0251,0.0252,25.0,0.0249,52.0,11780.0,793.0
2021-01-05 09:39:19.710,0.0251,0.0252,25.0,0.0249,52.0,11780.0,793.0
2021-01-05 09:39:20.221,0.0251,0.0252,25.0,0.025,12.0,11780.0,793.0
2021-01-05 09:39:20.741,0.0251,0.0252,25.0,0.025,12.0,11780.0,793.0
2021-01-05 09:39:21.231,0.0251,0.0252,25.0,0.025,12.0,11780.0,793.0
2021-01-05 09:39:21.671,0.0251,0.0252,25.0,0.025,32.0,11780.0,793.0
2021-01-05 09:39:22.651,0.0251,0.0252,25.0,0.0251,12.0,11780.0,793.0
2021-01-05 09:39:23.200,0.0251,0.0252,25.0,0.025,32.0,11780.0,793.0
2021-01-05 09:39:24.151,0.0251,0.0252,25.0,0.025,32.0,11780.0,793.0
2021-01-05 09:39:24.551,0.0251,0.0252,25.0,0.025,32.0,11780.0,793.0
2021-01-05 09:39:25.700,0.0251,0.0252,25.0,0.025,32.0,11780.0,793.0
2021-01-05 09:39:26.681,0.0251,0.0253,25.0,0.025,32.0,11780.0,793.0
2021-01-05 09:39:27.210,0.0251,0.0253,25.0,0.025,57.0,11780.0,793.0
2021-01-05 09:39:27.711,0.0251,0.0253,25.0,0.025,46.0,11780.0,793.0
2021-01-05 09:39:28.220,0.0251,0.0253,25.0,0.025,71.0,11780.0,793.0
2021-01-05 09:39:28.710,0.0251,0.0253,25.0,0.0251,12.0,11780.0,793.0
2021-01-05 09:39:29.231,0.0251,0.0253,25.0,0.0251,12.0,11780.0,793.0
2021-01-05 09:39:29.721,0.0251,0.0254,12.0,0.025,32.0,11780.0,793.0
2021-01-05 09:39:30.220,0.0251,0.0254,51.0,0.0251,20.0,11780.0,793.0
2021-01-05 09:39:30.721,0.0251,0.0254,51.0,0.0251,20.0,11780.0,793.0
2021-01-05 09:39:32.700,0.0251,0.0254,37.0,0.0251,20.0,11780.0,793.0
2021-01-05 09:39:33.180,0.0251,0.0254,25.0,0.0253,20.0,11780.0,793.0
2021-01-05 09:39:33.530,0.0253,0.0255,37.0,0.0253,10.0,11780.0,803.0
2021-01-05 09:39:34.210,0.0253,0.0255,51.0,0.0253,5.0,11780.0,808.0
2021-01-05 09:39:34.681,0.0253,0.0255,37.0,0.0252,25.0,11780.0,813.0
2021-01-05 09:39:35.171,0.0253,0.0255,51.0,0.0254,20.0,11780.0,813.0
2021-01-05 09:39:35.651,0.0254,0.0255,51.0,0.0254,10.0,11780.0,823.0
2021-01-05 09:39:36.231,0.0254,0.0255,51.0,0.0252,25.0,11780.0,833.0
2021-01-05 09:39:36.660,0.0254,0.0255,51.0,0.0252,20.0,11780.0,833.0
2021-01-05 09:39:37.221,0.0254,0.0255,51.0,0.0252,20.0,11780.0,833.0
2021-01-05 09:39:37.730,0.0254,0.0255,51.0,0.0252,20.0,11780.0,833.0
2021-01-05 09:39:38.221,0.0254,0.0255,51.0,0.0251,37.0,11780.0,833.0
2021-01-05 09:39:39.241,0.0254,0.0255,51.0,0.0251,37.0,11780.0,833.0
2021-01-05 09:39:39.751,0.0254,0.0255,39.0,0.0252,12.0,11780.0,833.0
2021-01-05 09:39:40.721,0.0254,0.0255,39.0,0.0252,12.0,11780.0,833.0
2021-01-05 09:39:41.220,0.0254,0.0255,39.0,0.0252,12.0,11780.0,833.0
2021-01-05 09:39:41.750,0.0254,0.0255,25.0,0.0252,12.0,11780.0,833.0
2021-01-05 09:39:42.210,0.0254,0.0255,37.0,0.0252,25.0,11780.0,833.0
2021-01-05 09:39:42.740,0.0254,0.0255,51.0,0.0251,37.0,11780.0,833.0
2021-01-05 09:39:43.191,0.0254,0.0255,51.0,0.0251,37.0,11780.0,833.0
2021-01-05 09:39:43.660,0.0254,0.0255,51.0,0.0251,37.0,11780.0,833.0
2021-01-05 09:39:45.251,0.0254,0.0255,39.0,0.0251,25.0,11780.0,833.0
2021-01-05 09:39:45.750,0.0254,0.0255,25.0,0.0252,12.0,11780.0,833.0
2021-01-05 09:39:46.190,0.0254,0.0255,25.0,0.0252,37.0,11780.0,833.0
2021-01-05 09:39:46.711,0.0254,0.0255,25.0,0.0253,12.0,11780.0,833.0
2021-01-05 09:39:47.250,0.0254,0.0255,25.0,0.0253,37.0,11780.0,833.0
2021-01-05 09:39:47.731,0.0254,0.0255,25.0,0.0253,25.0,11780.0,833.0
2021-01-05 09:39:48.720,0.0254,0.0256,37.0,0.0252,37.0,11780.0,833.0
2021-01-05 09:39:49.241,0.0254,0.0256,51.0,0.0252,37.0,11780.0,833.0
2021-01-05 09:39:49.711,0.0254,0.0256,39.0,0.0253,12.0,11780.0,833.0
2021-01-05 09:39:50.180,0.0254,0.0256,39.0,0.0253,37.0,11780.0,833.0
2021-01-05 09:39:50.710,0.0254,0.0256,25.0,0.0253,37.0,11780.0,833.0
2021-01-05 09:39:51.241,0.0254,0.0256,25.0,0.0253,25.0,11780.0,833.0
2021-01-05 09:39:51.730,0.0254,0.0259,18.0,0.025,70.0,11780.0,833.0
2021-01-05 09:39:52.251,0.0254,0.0259,39.0,0.0255,12.0,11780.0,833.0
2021-01-05 09:39:52.601,0.0254,0.0258,14.0,0.0254,25.0,11780.0,833.0
2021-01-05 09:39:53.181,0.0254,0.0258,51.0,0.0254,37.0,11780.0,833.0
2021-01-05 09:39:53.630,0.0254,0.0258,39.0,0.0254,25.0,11780.0,833.0
2021-01-05 09:39:54.191,0.0254,0.0257,12.0,0.0254,25.0,11780.0,833.0
2021-01-05 09:39:54.691,0.0254,0.0258,37.0,0.0254,37.0,11780.0,833.0
2021-01-05 09:39:55.181,0.0254,0.0257,14.0,0.0254,37.0,11780.0,833.0
2021-01-05 09:39:55.640,0.0254,0.0257,14.0,0.0254,37.0,11780.0,833.0
2021-01-05 09:39:56.120,0.0254,0.0258,25.0,0.0255,12.0,11780.0,833.0
2021-01-05 09:39:56.691,0.0254,0.0258,25.0,0.0255,12.0,11780.0,833.0
2021-01-05 09:39:57.181,0.0254,0.0258,12.0,0.0254,37.0,11780.0,833.0
2021-01-05 09:39:57.580,0.0254,0.0257,14.0,0.0254,37.0,11780.0,833.0
2021-01-05 09:39:58.170,0.0254,0.0257,14.0,0.0254,37.0,11780.0,833.0
2021-01-05 09:39:58.600,0.0254,0.0257,26.0,0.0254,25.0,11780.0,833.0
2021-01-05 09:39:59.061,0.0254,0.0257,14.0,0.0254,37.0,11780.0,833.0
2021-01-05 09:40:00.631,0.0254,0.0257,14.0,0.0254,37.0,11780.0,833.0
2021-01-05 09:40:02.200,0.0254,0.0257,59.0,0.0254,25.0,11780.0,833.0
2021-01-05 09:40:02.671,0.0254,0.0257,71.0,0.0254,25.0,11780.0,833.0
2021-01-05 09:40:03.171,0.0254,0.0256,12.0,0.0254,25.0,11780.0,833.0
2021-01-05 09:40:03.691,0.0254,0.0257,57.0,0.0253,37.0,11780.0,833.0
2021-01-05 09:40:04.160,0.0254,0.0256,14.0,0.0253,37.0,11780.0,833.0
2021-01-05 09:40:04.700,0.0254,0.0256,14.0,0.0253,12.0,11780.0,833.0
2021-01-05 09:40:05.170,0.0254,0.0256,39.0,0.0252,37.0,11780.0,833.0
2021-01-05 09:40:05.701,0.0254,0.0256,39.0,0.0253,12.0,11780.0,833.0
2021-01-05 09:40:06.701,0.0254,0.0256,39.0,0.0253,12.0,11780.0,833.0
2021-01-05 09:40:07.191,0.0254,0.0256,51.0,0.0252,37.0,11780.0,833.0
2021-01-05 09:40:07.700,0.0254,0.0256,51.0,0.0252,37.0,11780.0,833.0
2021-01-05 09:40:08.200,0.0254,0.0256,51.0,0.0252,37.0,11780.0,833.0
2021-01-05 09:40:08.690,0.0254,0.0256,51.0,0.0252,37.0,11780.0,833.0
2021-01-05 09:40:09.191,0.0254,0.0255,12.0,0.0252,25.0,11780.0,833.0
2021-01-05 09:40:09.691,0.0254,0.0255,37.0,0.0252,25.0,11780.0,833.0
2021-01-05 09:40:09.900,0.0254,0.0255,39.0,0.0252,37.0,11780.0,833.0
2021-01-05 09:40:10.680,0.0254,0.0255,39.0,0.0252,37.0,11780.0,833.0
2021-01-05 09:40:11.170,0.0254,0.0255,39.0,0.0252,37.0,11780.0,833.0
2021-01-05 09:40:11.671,0.0254,0.0255,39.0,0.0253,12.0,11780.0,833.0
2021-01-05 09:40:12.190,0.0254,0.0255,14.0,0.0253,12.0,11780.0,833.0
2021-01-05 09:40:12.680,0.0254,0.0255,14.0,0.0252,37.0,11780.0,833.0
2021-01-05 09:40:13.170,0.0254,0.0255,39.0,0.0252,25.0,11780.0,833.0
2021-01-05 09:40:13.431,0.0254,0.0255,39.0,0.0252,37.0,11780.0,833.0
2021-01-05 09:40:14.150,0.0254,0.0254,12.0,0.0252,25.0,11780.0,833.0
2021-01-05 09:40:14.701,0.0254,0.0254,26.0,0.0251,25.0,11780.0,833.0
2021-01-05 09:40:15.191,0.0254,0.0254,51.0,0.0251,25.0,11780.0,833.0
2021-01-05 09:40:15.690,0.0254,0.0254,39.0,0.0251,37.0,11780.0,833.0
2021-01-05 09:40:16.140,0.0254,0.0254,39.0,0.0251,37.0,11780.0,833.0
2021-01-05 09:40:17.191,0.0254,0.0254,39.0,0.0251,37.0,11780.0,833.0
2021-01-05 09:40:19.711,0.0254,0.0254,39.0,0.0252,12.0,11780.0,833.0
2021-01-05 09:40:20.191,0.0254,0.0255,45.0,0.0252,12.0,11780.0,833.0
2021-01-05 09:40:20.691,0.0254,0.0254,14.0,0.0253,12.0,11780.0,833.0
2021-01-05 09:40:21.200,0.0254,0.0255,25.0,0.0253,12.0,11780.0,833.0
2021-01-05 09:40:21.701,0.0254,0.0255,14.0,0.0253,37.0,11780.0,833.0
2021-01-05 09:40:22.210,0.0254,0.0255,14.0,0.0253,25.0,11780.0,833.0
2021-01-05 09:40:23.701,0.0254,0.0255,14.0,0.0252,37.0,11780.0,833.0
2021-01-05 09:40:24.681,0.0254,0.0255,14.0,0.0252,37.0,11780.0,833.0
2021-01-05 09:40:25.570,0.0254,0.0255,14.0,0.0253,12.0,11780.0,833.0
2021-01-05 09:40:26.621,0.0254,0.0255,14.0,0.0253,12.0,11780.0,833.0
2021-01-05 09:40:27.140,0.0254,0.0255,14.0,0.0252,37.0,11780.0,833.0
2021-01-05 09:40:27.701,0.0254,0.0256,25.0,0.0253,12.0,11780.0,833.0
2021-01-05 09:40:28.200,0.0254,0.0256,51.0,0.0253,25.0,11780.0,833.0
2021-01-05 09:40:28.690,0.0254,0.0256,51.0,0.0253,25.0,11780.0,833.0
2021-01-05 09:40:33.191,0.0254,0.0255,12.0,0.0253,25.0,11780.0,833.0
2021-01-05 09:40:33.551,0.0254,0.0255,37.0,0.0253,25.0,11780.0,833.0
2021-01-05 09:40:34.171,0.0255,0.0254,12.0,0.0252,25.0,11788.0,841.0
2021-01-05 09:40:34.601,0.0255,0.0255,25.0,0.0252,25.0,11788.0,841.0
2021-01-05 09:40:35.201,0.0255,0.0255,39.0,0.0252,37.0,11788.0,841.0
2021-01-05 09:40:35.681,0.0255,0.0255,25.0,0.0253,12.0,11788.0,841.0
2021-01-05 09:40:36.161,0.0255,0.0256,25.0,0.0253,37.0,11788.0,841.0
2021-01-05 09:40:36.620,0.0255,0.0256,39.0,0.0253,37.0,11788.0,841.0
2021-01-05 09:40:37.201,0.0255,0.0256,39.0,0.0253,37.0,11788.0,841.0
2021-01-05 09:40:37.700,0.0255,0.0256,39.0,0.0254,12.0,11788.0,841.0
2021-01-05 09:40:38.130,0.0255,0.0256,39.0,0.0253,37.0,11788.0,841.0
2021-01-05 09:40:38.651,0.0255,0.0256,39.0,0.0253,25.0,11788.0,841.0
2021-01-05 09:40:39.041,0.0255,0.0256,51.0,0.0253,25.0,11788.0,841.0
2021-01-05 09:40:39.681,0.0255,0.0256,51.0,0.0252,37.0,11788.0,841.0
2021-01-05 09:40:40.151,0.0255,0.0256,51.0,0.0252,37.0,11788.0,841.0
2021-01-05 09:40:40.670,0.0255,0.0255,12.0,0.0252,25.0,11788.0,841.0
2021-01-05 09:40:41.191,0.0255,0.0255,39.0,0.0253,12.0,11788.0,841.0
2021-01-05 09:40:47.611,0.0255,0.0255,39.0,0.0252,25.0,11788.0,841.0
2021-01-05 09:40:48.160,0.0255,0.0255,39.0,0.0252,37.0,11788.0,841.0
2021-01-05 09:40:48.700,0.0255,0.0255,39.0,0.0252,37.0,11788.0,841.0
2021-01-05 09:40:49.111,0.0255,0.0255,39.0,0.0252,37.0,11788.0,841.0
2021-01-05 09:40:51.601,0.0255,0.0255,39.0,0.0252,37.0,11788.0,841.0
2021-01-05 09:40:52.661,0.0255,0.0255,39.0,0.0252,25.0,11788.0,841.0
2021-01-05 09:40:53.171,0.0255,0.0255,39.0,0.0254,12.0,11788.0,841.0
2021-01-05 09:40:53.651,0.0255,0.0255,25.0,0.0254,12.0,11788.0,841.0
2021-01-05 09:40:54.661,0.0255,0.0255,25.0,0.0254,12.0,11788.0,841.0
2021-01-05 09:40:55.111,0.0255,0.0256,25.0,0.0254,12.0,11788.0,841.0
2021-01-05 09:40:55.620,0.0255,0.0256,39.0,0.0254,12.0,11788.0,841.0
2021-01-05 09:40:56.121,0.0255,0.0256,25.0,0.0255,12.0,11788.0,841.0
2021-01-05 09:40:56.711,0.0255,0.0256,25.0,0.0255,12.0,11788.0,841.0
2021-01-05 09:40:57.180,0.0255,0.0257,25.0,0.0255,12.0,11788.0,841.0
2021-01-05 09:40:57.560,0.0255,0.0256,14.0,0.0255,12.0,11788.0,841.0
2021-01-05 09:40:58.721,0.0255,0.0256,39.0,0.0255,12.0,11788.0,841.0
2021-01-05 09:41:01.650,0.0255,0.0256,39.0,0.0254,12.0,11788.0,841.0
2021-01-05 09:41:02.190,0.0255,0.0256,39.0,0.0255,12.0,11788.0,841.0
2021-01-05 09:41:04.180,0.0255,0.0256,25.0,0.0255,12.0,11788.0,841.0
2021-01-05 09:41:05.220,0.0255,0.0256,25.0,0.0254,12.0,11788.0,841.0
2021-01-05 09:41:05.660,0.0255,0.0256,25.0,0.0253,25.0,11788.0,841.0
2021-01-05 09:41:06.221,0.0255,0.0256,25.0,0.0255,12.0,11788.0,841.0
2021-01-05 09:41:06.620,0.0255,0.0256,25.0,0.0255,12.0,11788.0,841.0
2021-01-05 09:41:07.100,0.0255,0.0257,25.0,0.0255,12.0,11788.0,841.0
2021-01-05 09:41:07.631,0.0255,0.0257,25.0,0.0255,12.0,11788.0,841.0
2021-01-05 09:41:08.201,0.0255,0.0257,25.0,0.0256,12.0,11788.0,841.0
2021-01-05 09:41:08.701,0.0255,0.0257,25.0,0.0255,12.0,11788.0,841.0
2021-01-05 09:41:09.210,0.0255,0.0257,25.0,0.0254,25.0,11788.0,841.0
2021-01-05 09:41:09.661,0.0255,0.0257,25.0,0.0254,12.0,11788.0,841.0
2021-01-05 09:41:10.220,0.0255,0.0257,25.0,0.0254,12.0,11788.0,841.0
2021-01-05 09:41:10.710,0.0255,0.0257,25.0,0.0255,12.0,11788.0,841.0
2021-01-05 09:41:11.210,0.0255,0.0257,25.0,0.0255,12.0,11788.0,841.0
2021-01-05 09:41:11.711,0.0255,0.0257,25.0,0.0255,12.0,11788.0,841.0
2021-01-05 09:41:12.710,0.0255,0.0257,25.0,0.0255,12.0,11788.0,841.0
2021-01-05 09:41:13.161,0.0255,0.0257,25.0,0.0254,37.0,11788.0,841.0
2021-01-05 09:41:13.711,0.0255,0.0257,37.0,0.0254,14.0,11788.0,841.0
2021-01-05 09:41:14.160,0.0255,0.0257,25.0,0.0255,12.0,11788.0,841.0
2021-01-05 09:41:14.671,0.0255,0.0257,25.0,0.0256,12.0,11788.0,841.0
2021-01-05 09:41:15.180,0.0255,0.0257,25.0,0.0255,12.0,11788.0,841.0
2021-01-05 09:41:15.651,0.0255,0.0257,35.0,0.0255,12.0,11788.0,841.0
2021-01-05 09:41:16.210,0.0255,0.0257,35.0,0.0254,12.0,11788.0,841.0
2021-01-05 09:41:16.500,0.0255,0.0257,35.0,0.0255,12.0,11788.0,841.0
2021-01-05 09:41:17.670,0.0255,0.0257,35.0,0.0255,12.0,11788.0,841.0
2021-01-05 09:41:18.200,0.0255,0.0257,35.0,0.0254,25.0,11788.0,841.0
2021-01-05 09:41:18.600,0.0255,0.0257,35.0,0.0256,12.0,11788.0,841.0
2021-01-05 09:41:19.161,0.0255,0.0257,35.0,0.0255,12.0,11788.0,841.0
2021-01-05 09:41:19.601,0.0255,0.0257,35.0,0.0256,12.0,11788.0,841.0
2021-01-05 09:41:20.070,0.0255,0.0257,35.0,0.0255,12.0,11788.0,841.0
2021-01-05 09:41:20.721,0.0255,0.0257,35.0,0.0256,12.0,11788.0,841.0
2021-01-05 09:41:21.190,0.0255,0.0257,35.0,0.0255,12.0,11788.0,841.0
2021-01-05 09:41:21.551,0.0255,0.0257,35.0,0.0256,12.0,11788.0,841.0
2021-01-05 09:41:22.190,0.0255,0.0257,35.0,0.0255,12.0,11788.0,841.0
2021-01-05 09:41:22.700,0.0255,0.0257,35.0,0.0256,12.0,11788.0,841.0
2021-01-05 09:41:23.061,0.0255,0.0257,10.0,0.0255,12.0,11788.0,841.0
2021-01-05 09:41:24.171,0.0255,0.0257,35.0,0.0255,12.0,11788.0,841.0
2021-01-05 09:41:24.651,0.0255,0.0257,35.0,0.0255,12.0,11788.0,841.0
2021-01-05 09:41:25.120,0.0255,0.0257,35.0,0.0255,12.0,11788.0,841.0
2021-01-05 09:41:26.190,0.0255,0.0257,35.0,0.0255,12.0,11788.0,841.0
2021-01-05 09:41:27.131,0.0257,0.0257,34.0,0.0256,1.0,11788.0,842.0
2021-01-05 09:41:27.710,0.0257,0.0258,25.0,0.0257,1.0,11788.0,842.0
2021-01-05 09:41:28.171,0.0257,0.0257,9.0,0.0256,2.0,11788.0,843.0
2021-01-05 09:41:28.540,0.0257,0.0257,25.0,0.0256,2.0,11788.0,843.0
2021-01-05 09:41:29.010,0.0257,0.0257,35.0,0.0256,2.0,11788.0,843.0
2021-01-05 09:41:29.690,0.0257,0.0257,35.0,0.0256,2.0,11788.0,843.0
2021-01-05 09:41:31.181,0.0257,0.0257,10.0,0.0256,2.0,11788.0,843.0
2021-01-05 09:41:31.700,0.0257,0.0257,25.0,0.0256,2.0,11788.0,843.0
2021-01-05 09:41:32.220,0.0257,0.0257,25.0,0.0256,2.0,11788.0,843.0
2021-01-05 09:41:32.670,0.0257,0.0257,25.0,0.0256,2.0,11788.0,843.0
2021-01-05 09:41:33.171,0.0257,0.0257,35.0,0.0256,2.0,11788.0,843.0
2021-01-05 09:41:33.680,0.0257,0.0257,35.0,0.0256,14.0,11788.0,843.0
2021-01-05 09:41:34.120,0.0257,0.0257,10.0,0.0256,2.0,11788.0,843.0
2021-01-05 09:41:34.720,0.0257,0.0257,35.0,0.0256,2.0,11788.0,843.0
2021-01-05 09:41:35.221,0.0257,0.0257,25.0,0.0256,2.0,11788.0,843.0
2021-01-05 09:41:35.721,0.0257,0.0257,35.0,0.0256,2.0,11788.0,843.0
2021-01-05 09:41:36.111,0.0257,0.0257,29.0,0.0256,20.0,11789.0,849.0
2021-01-05 09:41:36.720,0.0257,0.0258,25.0,0.0257,1.0,11790.0,860.0
2021-01-05 09:41:37.210,0.0257,0.0257,9.0,0.0256,21.0,11791.0,861.0
2021-01-05 09:41:37.711,0.0257,0.0258,25.0,0.0257,2.0,11791.0,866.0
2021-01-05 09:41:38.220,0.0257,0.0258,35.0,0.0257,2.0,11791.0,866.0
2021-01-05 09:41:38.650,0.0257,0.0258,35.0,0.0257,14.0,11791.0,866.0
2021-01-05 09:41:39.221,0.0257,0.0258,35.0,0.0257,2.0,11791.0,866.0
2021-01-05 09:41:39.521,0.0257,0.0258,35.0,0.0257,2.0,11791.0,866.0
2021-01-05 09:41:40.231,0.0257,0.0258,35.0,0.0256,14.0,11791.0,866.0
2021-01-05 09:41:40.721,0.0257,0.0258,35.0,0.0256,26.0,11791.0,866.0
2021-01-05 09:41:41.130,0.0257,0.0258,35.0,0.0256,14.0,11791.0,866.0
2021-01-05 09:41:42.690,0.0257,0.0258,35.0,0.0256,14.0,11791.0,866.0
2021-01-05 09:41:44.671,0.0257,0.0258,10.0,0.0256,26.0,11791.0,866.0
2021-01-05 09:41:45.190,0.0257,0.0258,25.0,0.0256,26.0,11791.0,866.0
2021-01-05 09:41:45.701,0.0257,0.0259,37.0,0.0256,26.0,11791.0,866.0
2021-01-05 09:41:46.241,0.0257,0.0259,37.0,0.0256,65.0,11791.0,866.0
2021-01-05 09:41:46.661,0.0257,0.0259,37.0,0.0256,51.0,11791.0,866.0
2021-01-05 09:41:47.011,0.0257,0.0259,37.0,0.0256,65.0,11791.0,866.0
2021-01-05 09:41:48.181,0.0257,0.0259,37.0,0.0256,28.0,11791.0,866.0
2021-01-05 09:41:48.600,0.0257,0.0259,37.0,0.0257,12.0,11791.0,866.0
2021-01-05 09:41:49.191,0.0257,0.0259,37.0,0.0256,65.0,11791.0,866.0
2021-01-05 09:41:49.750,0.0257,0.0259,37.0,0.0257,12.0,11791.0,866.0
2021-01-05 09:41:50.231,0.0257,0.0259,37.0,0.0258,12.0,11791.0,866.0
2021-01-05 09:41:50.751,0.0257,0.0259,12.0,0.0257,14.0,11791.0,866.0
2021-01-05 09:41:51.251,0.0257,0.0259,37.0,0.0257,26.0,11791.0,866.0
2021-01-05 09:41:52.261,0.0257,0.0259,37.0,0.0257,26.0,11791.0,866.0
2021-01-05 09:41:52.690,0.0257,0.0259,12.0,0.0257,14.0,11791.0,866.0
2021-01-05 09:41:53.201,0.0259,0.0259,7.0,0.0258,3.0,11791.0,871.0
2021-01-05 09:41:53.681,0.0259,0.026,26.0,0.0258,15.0,11791.0,871.0
2021-01-05 09:41:54.161,0.0259,0.026,36.0,0.0258,15.0,11791.0,871.0
2021-01-05 09:41:55.160,0.0259,0.026,36.0,0.0259,12.0,11791.0,871.0
2021-01-05 09:41:55.671,0.0259,0.026,11.0,0.0258,3.0,11791.0,871.0
2021-01-05 09:41:56.151,0.0259,0.026,36.0,0.0258,3.0,11791.0,871.0
2021-01-05 09:41:57.110,0.0259,0.026,36.0,0.0258,15.0,11791.0,871.0
2021-01-05 09:41:57.640,0.0259,0.026,11.0,0.0258,3.0,11791.0,871.0
2021-01-05 09:41:58.660,0.0259,0.026,36.0,0.0258,3.0,11791.0,871.0
2021-01-05 09:42:00.151,0.0259,0.026,48.0,0.0258,3.0,11791.0,871.0
2021-01-05 09:42:01.181,0.0259,0.026,11.0,0.0258,3.0,11791.0,871.0
2021-01-05 09:42:01.651,0.0259,0.026,11.0,0.0258,17.0,11791.0,871.0
2021-01-05 09:42:02.201,0.0259,0.026,36.0,0.0258,17.0,11791.0,871.0
2021-01-05 09:42:03.161,0.0259,0.026,11.0,0.0258,17.0,11791.0,871.0
2021-01-05 09:42:04.641,0.0259,0.026,23.0,0.0258,17.0,11791.0,871.0
2021-01-05 09:42:07.230,0.0259,0.026,11.0,0.0258,17.0,11791.0,871.0
2021-01-05 09:42:08.220,0.0259,0.026,23.0,0.0258,17.0,11791.0,871.0
2021-01-05 09:42:09.230,0.0259,0.026,23.0,0.0258,17.0,11791.0,871.0
2021-01-05 09:42:10.220,0.0259,0.026,11.0,0.0258,17.0,11791.0,871.0
2021-01-05 09:42:10.681,0.0259,0.026,36.0,0.0258,17.0,11791.0,871.0
2021-01-05 09:42:11.691,0.0259,0.026,11.0,0.0258,37.0,11791.0,871.0
2021-01-05 09:42:12.210,0.0259,0.026,36.0,0.0258,23.0,11791.0,871.0
2021-01-05 09:42:12.721,0.026,0.026,8.0,0.0259,2.0,11794.0,874.0
2021-01-05 09:42:13.211,0.026,0.0261,38.0,0.0259,2.0,11794.0,874.0
2021-01-05 09:42:13.731,0.026,0.0261,48.0,0.0259,2.0,11794.0,874.0
2021-01-05 09:42:14.150,0.026,0.0261,36.0,0.0259,2.0,11794.0,874.0
2021-01-05 09:42:17.681,0.026,0.0261,36.0,0.0259,14.0,11794.0,874.0
2021-01-05 09:42:18.100,0.026,0.0261,36.0,0.0259,2.0,11794.0,874.0
2021-01-05 09:42:19.210,0.026,0.0261,36.0,0.0259,2.0,11794.0,874.0
2021-01-05 09:42:21.231,0.026,0.0261,36.0,0.0259,2.0,11794.0,874.0
2021-01-05 09:42:21.621,0.026,0.0261,36.0,0.0259,2.0,11794.0,874.0
2021-01-05 09:42:22.221,0.026,0.0261,36.0,0.0259,14.0,11794.0,874.0
2021-01-05 09:42:22.570,0.026,0.0261,36.0,0.0259,14.0,11794.0,874.0
2021-01-05 09:42:26.701,0.026,0.0261,36.0,0.0259,34.0,11794.0,874.0
2021-01-05 09:42:29.671,0.0259,0.0261,36.0,0.0259,20.0,11784.0,884.0
2021-01-05 09:42:30.220,0.0259,0.0261,36.0,0.0259,20.0,11784.0,884.0
2021-01-05 09:42:30.710,0.0261,0.0262,37.0,0.026,10.0,11784.0,904.0
2021-01-05 09:42:31.200,0.0261,0.0262,25.0,0.026,10.0,11784.0,904.0
2021-01-05 09:42:31.720,0.0261,0.0262,35.0,0.026,10.0,11784.0,904.0
2021-01-05 09:42:32.721,0.0261,0.0262,35.0,0.026,10.0,11784.0,904.0
2021-01-05 09:42:33.121,0.0261,0.0262,35.0,0.026,10.0,11784.0,904.0
2021-01-05 09:42:34.731,0.026,0.0262,35.0,0.026,8.0,11782.0,906.0
2021-01-05 09:42:35.151,0.026,0.0262,35.0,0.026,8.0,11782.0,906.0
2021-01-05 09:42:39.220,0.0262,0.0262,35.0,0.026,33.0,11785.0,909.0
2021-01-05 09:42:41.731,0.0262,0.0262,35.0,0.026,45.0,11785.0,909.0
2021-01-05 09:42:42.250,0.0262,0.0262,35.0,0.026,33.0,11785.0,909.0
2021-01-05 09:42:42.640,0.0262,0.0261,12.0,0.026,8.0,11785.0,909.0
2021-01-05 09:42:43.251,0.0262,0.0261,12.0,0.026,8.0,11785.0,909.0
2021-01-05 09:42:43.741,0.0262,0.0261,22.0,0.026,8.0,11785.0,909.0
2021-01-05 09:42:44.751,0.0262,0.0261,10.0,0.026,8.0,11785.0,909.0
2021-01-05 09:42:45.191,0.0262,0.0262,37.0,0.026,8.0,11785.0,909.0
2021-01-05 09:42:45.650,0.0262,0.0262,35.0,0.026,8.0,11785.0,909.0
2021-01-05 09:42:46.240,0.0262,0.0262,35.0,0.026,8.0,11785.0,909.0
2021-01-05 09:42:47.160,0.0262,0.0262,10.0,0.026,8.0,11785.0,909.0
2021-01-05 09:42:47.690,0.0262,0.0263,37.0,0.026,8.0,11785.0,909.0
2021-01-05 09:42:48.171,0.0262,0.0263,47.0,0.026,33.0,11785.0,909.0
2021-01-05 09:42:48.720,0.0262,0.0263,47.0,0.026,33.0,11785.0,909.0
2021-01-05 09:42:49.750,0.0262,0.0263,47.0,0.026,33.0,11785.0,909.0
2021-01-05 09:42:51.060,0.0262,0.0263,35.0,0.026,33.0,11785.0,909.0
2021-01-05 09:42:51.761,0.0262,0.0263,35.0,0.026,45.0,11785.0,909.0
2021-01-05 09:42:52.251,0.0262,0.0263,47.0,0.026,33.0,11785.0,909.0
2021-01-05 09:42:52.601,0.0262,0.0263,35.0,0.026,45.0,11785.0,909.0
2021-01-05 09:42:57.661,0.0262,0.0263,35.0,0.026,59.0,11785.0,909.0
2021-01-05 09:42:58.731,0.0262,0.0263,47.0,0.026,47.0,11785.0,909.0
2021-01-05 09:42:59.230,0.0262,0.0263,35.0,0.026,45.0,11785.0,909.0
2021-01-05 09:42:59.730,0.0262,0.0263,35.0,0.026,45.0,11785.0,909.0
2021-01-05 09:43:00.131,0.0262,0.0263,47.0,0.026,47.0,11785.0,909.0
2021-01-05 09:43:00.721,0.0262,0.0263,35.0,0.026,59.0,11785.0,909.0
2021-01-05 09:43:01.201,0.0262,0.0263,35.0,0.026,59.0,11785.0,909.0
2021-01-05 09:43:02.681,0.0262,0.0263,35.0,0.0261,12.0,11785.0,909.0
2021-01-05 09:43:03.241,0.0262,0.0263,35.0,0.026,59.0,11785.0,909.0
2021-01-05 09:43:03.701,0.0262,0.0263,35.0,0.0261,12.0,11785.0,909.0
2021-01-05 09:43:04.740,0.0262,0.0263,35.0,0.0261,25.0,11785.0,909.0
2021-01-05 09:43:05.251,0.0262,0.0263,47.0,0.026,33.0,11785.0,909.0
2021-01-05 09:43:05.681,0.0262,0.0262,12.0,0.026,33.0,11785.0,909.0
2021-01-05 09:43:06.171,0.0262,0.0262,12.0,0.026,8.0,11785.0,909.0
2021-01-05 09:43:06.680,0.0262,0.0262,10.0,0.026,20.0,11785.0,909.0
2021-01-05 09:43:07.710,0.0262,0.0263,25.0,0.026,20.0,11785.0,909.0
2021-01-05 09:43:08.181,0.0262,0.0263,35.0,0.026,45.0,11785.0,909.0
2021-01-05 09:43:08.701,0.0262,0.0263,35.0,0.026,20.0,11785.0,909.0
2021-01-05 09:43:09.740,0.0262,0.0263,47.0,0.026,8.0,11785.0,909.0
2021-01-05 09:43:10.150,0.0262,0.0263,35.0,0.0261,12.0,11785.0,909.0
2021-01-05 09:43:10.720,0.0262,0.0263,10.0,0.0261,12.0,11785.0,909.0
2021-01-05 09:43:11.250,0.0262,0.0264,35.0,0.0261,12.0,11785.0,909.0
2021-01-05 09:43:11.750,0.0262,0.0264,35.0,0.0261,12.0,11785.0,909.0
2021-01-05 09:43:13.210,0.0262,0.0264,47.0,0.0261,25.0,11785.0,909.0
2021-01-05 09:43:13.740,0.0262,0.0264,47.0,0.026,95.0,11785.0,909.0
2021-01-05 09:43:14.270,0.0262,0.0264,47.0,0.026,95.0,11785.0,909.0
2021-01-05 09:43:15.241,0.0262,0.0263,12.0,0.026,83.0,11785.0,909.0
2021-01-05 09:43:15.711,0.0262,0.0263,37.0,0.026,83.0,11785.0,909.0
2021-01-05 09:43:16.270,0.0262,0.0263,47.0,0.026,83.0,11785.0,909.0
2021-01-05 09:43:16.720,0.0262,0.0263,35.0,0.026,95.0,11785.0,909.0
2021-01-05 09:43:17.771,0.0262,0.0263,35.0,0.0261,12.0,11785.0,909.0
2021-01-05 09:43:18.270,0.0262,0.0263,35.0,0.026,95.0,11785.0,909.0
2021-01-05 09:43:19.261,0.0262,0.0263,47.0,0.026,83.0,11785.0,909.0
2021-01-05 09:43:20.731,0.0262,0.0263,47.0,0.026,83.0,11785.0,909.0
2021-01-05 09:43:21.271,0.0262,0.0263,35.0,0.026,109.0,11785.0,909.0
2021-01-05 09:43:22.671,0.0262,0.0263,35.0,0.026,109.0,11785.0,909.0
2021-01-05 09:43:23.651,0.0262,0.0263,47.0,0.026,97.0,11785.0,909.0
2021-01-05 09:43:24.120,0.0262,0.0263,35.0,0.026,84.0,11785.0,909.0
2021-01-05 09:43:24.631,0.0262,0.0263,35.0,0.026,109.0,11785.0,909.0
2021-01-05 09:43:25.701,0.0262,0.0263,35.0,0.026,83.0,11785.0,909.0
2021-01-05 09:43:26.181,0.0262,0.0261,12.0,0.026,83.0,11785.0,909.0
2021-01-05 09:43:26.621,0.0261,0.0261,12.0,0.026,58.0,11785.0,919.0
2021-01-05 09:43:27.190,0.0262,0.0262,18.0,0.026,68.0,11790.0,936.0
2021-01-05 09:43:27.620,0.0262,0.0263,37.0,0.026,93.0,11790.0,936.0
2021-01-05 09:43:28.091,0.0262,0.0262,22.0,0.026,93.0,11790.0,936.0
2021-01-05 09:43:29.080,0.0262,0.0262,22.0,0.026,68.0,11790.0,936.0
2021-01-05 09:43:31.111,0.0262,0.0262,10.0,0.026,68.0,11790.0,936.0
2021-01-05 09:43:31.720,0.0262,0.0263,37.0,0.026,68.0,11790.0,936.0
2021-01-05 09:43:32.181,0.0262,0.0263,35.0,0.026,105.0,11790.0,936.0
2021-01-05 09:43:34.691,0.0262,0.0263,10.0,0.0261,12.0,11790.0,936.0
2021-01-05 09:43:35.160,0.0262,0.0263,25.0,0.026,105.0,11790.0,936.0
2021-01-05 09:43:35.610,0.0262,0.0263,25.0,0.026,80.0,11790.0,936.0
2021-01-05 09:43:36.221,0.0262,0.0263,25.0,0.026,105.0,11790.0,936.0
2021-01-05 09:43:36.651,0.0262,0.0263,35.0,0.026,80.0,11790.0,936.0
2021-01-05 09:43:37.181,0.0262,0.0263,35.0,0.026,105.0,11790.0,936.0
2021-01-05 09:43:39.241,0.0262,0.0263,35.0,0.0261,12.0,11790.0,936.0
2021-01-05 09:43:39.711,0.0262,0.0263,10.0,0.0261,12.0,11790.0,936.0
2021-01-05 09:43:39.711,0.0262,0.0264,25.0,0.0261,12.0,11790.0,936.0
2021-01-05 09:43:40.361,0.0262,0.0264,35.0,0.0261,12.0,11790.0,936.0
2021-01-05 09:43:41.231,0.0262,0.0264,49.0,0.0261,12.0,11790.0,936.0
2021-01-05 09:43:41.730,0.0262,0.0264,35.0,0.0261,12.0,11790.0,936.0
2021-01-05 09:43:43.231,0.0262,0.0264,47.0,0.026,105.0,11790.0,936.0
2021-01-05 09:43:43.711,0.0262,0.0264,49.0,0.0261,12.0,11790.0,936.0
2021-01-05 09:43:44.251,0.0262,0.0264,49.0,0.0261,25.0,11790.0,936.0
2021-01-05 09:43:44.670,0.0262,0.0263,12.0,0.0261,25.0,11790.0,936.0
2021-01-05 09:43:44.670,0.0262,0.0264,25.0,0.0261,37.0,11790.0,936.0
2021-01-05 09:43:45.221,0.0262,0.0264,61.0,0.0261,25.0,11790.0,936.0
2021-01-05 09:43:46.051,0.0262,0.0264,47.0,0.0261,25.0,11790.0,936.0
2021-01-05 09:43:47.250,0.0262,0.0264,35.0,0.0261,37.0,11790.0,936.0
2021-01-05 09:43:47.661,0.0262,0.0264,47.0,0.0261,25.0,11790.0,936.0
2021-01-05 09:43:48.220,0.0262,0.0264,61.0,0.0261,25.0,11790.0,936.0
2021-01-05 09:43:48.721,0.0262,0.0263,12.0,0.0261,25.0,11790.0,936.0
2021-01-05 09:43:49.061,0.0262,0.0263,37.0,0.026,93.0,11790.0,936.0
2021-01-05 09:43:49.511,0.0262,0.0263,37.0,0.026,93.0,11790.0,936.0
2021-01-05 09:43:50.170,0.0262,0.0263,47.0,0.026,93.0,11790.0,936.0
2021-01-05 09:43:50.721,0.0262,0.0262,12.0,0.026,93.0,11790.0,936.0
2021-01-05 09:43:51.221,0.0262,0.0262,12.0,0.026,68.0,11790.0,936.0
2021-01-05 09:43:51.660,0.0262,0.0262,22.0,0.026,68.0,11790.0,936.0
2021-01-05 09:43:54.191,0.0262,0.0262,22.0,0.026,68.0,11790.0,936.0
2021-01-05 09:43:54.980,0.0262,0.0262,22.0,0.026,68.0,11790.0,936.0
2021-01-05 09:43:55.660,0.0262,0.0262,47.0,0.026,68.0,11790.0,936.0
2021-01-05 09:43:56.721,0.0262,0.0262,35.0,0.026,68.0,11790.0,936.0
2021-01-05 09:43:59.170,0.0262,0.0262,35.0,0.026,68.0,11790.0,936.0
2021-01-05 09:43:59.691,0.0262,0.0262,35.0,0.026,68.0,11790.0,936.0
2021-01-05 09:44:00.561,0.0262,0.0262,47.0,0.026,68.0,11790.0,936.0
2021-01-05 09:44:01.160,0.0262,0.0262,61.0,0.026,68.0,11790.0,936.0
2021-01-05 09:44:01.621,0.0262,0.0262,47.0,0.026,68.0,11790.0,936.0
2021-01-05 09:44:03.231,0.0262,0.0262,47.0,0.026,68.0,11790.0,936.0
2021-01-05 09:44:03.731,0.0262,0.0261,12.0,0.026,68.0,11790.0,936.0
2021-01-05 09:44:04.230,0.0262,0.0261,37.0,0.026,68.0,11790.0,936.0
2021-01-05 09:44:04.751,0.0262,0.0261,22.0,0.026,68.0,11790.0,936.0
2021-01-05 09:44:05.260,0.0262,0.0261,47.0,0.026,68.0,11790.0,936.0
2021-01-05 09:44:05.761,0.0262,0.0261,22.0,0.026,68.0,11790.0,936.0
2021-01-05 09:44:06.261,0.0262,0.0261,47.0,0.026,68.0,11790.0,936.0
2021-01-05 09:44:06.770,0.0262,0.0261,22.0,0.026,68.0,11790.0,936.0
2021-01-05 09:44:07.281,0.0262,0.0261,22.0,0.026,68.0,11790.0,936.0
2021-01-05 09:44:07.750,0.0262,0.0261,36.0,0.026,68.0,11790.0,936.0
2021-01-05 09:44:08.760,0.0262,0.0261,61.0,0.026,68.0,11790.0,936.0
2021-01-05 09:44:09.150,0.0262,0.0261,61.0,0.026,68.0,11790.0,936.0
2021-01-05 09:44:10.781,0.0262,0.0261,61.0,0.026,68.0,11790.0,936.0
2021-01-05 09:44:11.271,0.0262,0.0261,61.0,0.026,68.0,11790.0,936.0
2021-01-05 09:44:12.270,0.0262,0.0261,61.0,0.026,68.0,11790.0,936.0
2021-01-05 09:44:13.230,0.0262,0.0261,61.0,0.026,68.0,11790.0,936.0
2021-01-05 09:44:13.770,0.0262,0.0261,61.0,0.026,68.0,11790.0,936.0
2021-01-05 09:44:14.260,0.0262,0.0261,49.0,0.026,68.0,11790.0,936.0
2021-01-05 09:44:15.280,0.0262,0.0261,61.0,0.026,68.0,11790.0,936.0
2021-01-05 09:44:17.770,0.0262,0.0261,10.0,0.026,68.0,11790.0,936.0
2021-01-05 09:44:18.231,0.0262,0.0261,25.0,0.026,68.0,11790.0,936.0
2021-01-05 09:44:18.780,0.0262,0.0261,25.0,0.026,68.0,11790.0,936.0
2021-01-05 09:44:19.261,0.0262,0.0261,25.0,0.026,68.0,11790.0,936.0
2021-01-05 09:44:19.801,0.0262,0.0261,47.0,0.026,68.0,11790.0,936.0
2021-01-05 09:44:20.300,0.0262,0.0261,10.0,0.026,68.0,11790.0,936.0
2021-01-05 09:44:20.780,0.0262,0.0261,37.0,0.026,68.0,11790.0,936.0
2021-01-05 09:44:21.270,0.0262,0.0261,37.0,0.026,68.0,11790.0,936.0
2021-01-05 09:44:21.760,0.0262,0.0261,47.0,0.026,68.0,11790.0,936.0
2021-01-05 09:44:22.250,0.0262,0.0261,36.0,0.026,68.0,11790.0,936.0
2021-01-05 09:44:23.130,0.0262,0.0261,61.0,0.026,68.0,11790.0,936.0
2021-01-05 09:44:25.660,0.0262,0.0261,61.0,0.026,68.0,11790.0,936.0
2021-01-05 09:44:26.201,0.0262,0.0261,49.0,0.026,68.0,11790.0,936.0
2021-01-05 09:44:26.701,0.0262,0.0261,61.0,0.026,68.0,11790.0,936.0
2021-01-05 09:44:27.201,0.0262,0.0261,36.0,0.026,68.0,11790.0,936.0
2021-01-05 09:44:27.710,0.0262,0.0261,36.0,0.026,68.0,11790.0,936.0
2021-01-05 09:44:29.640,0.0262,0.0261,36.0,0.026,68.0,11790.0,936.0
2021-01-05 09:44:30.201,0.0262,0.0261,36.0,0.026,68.0,11790.0,936.0
2021-01-05 09:44:30.720,0.0262,0.0261,24.0,0.026,68.0,11790.0,936.0
2021-01-05 09:44:31.231,0.0262,0.0261,36.0,0.026,68.0,11790.0,936.0
2021-01-05 09:44:32.220,0.026,0.0261,24.0,0.026,56.0,11794.0,948.0
2021-01-05 09:44:32.691,0.026,0.0261,10.0,0.026,48.0,11802.0,956.0
2021-01-05 09:44:33.240,0.026,0.0261,25.0,0.026,48.0,11802.0,956.0
2021-01-05 09:44:33.730,0.026,0.0261,39.0,0.026,48.0,11802.0,956.0
2021-01-05 09:44:34.141,0.026,0.0261,51.0,0.026,28.0,11822.0,976.0
2021-01-05 09:44:34.520,0.026,0.0261,81.0,0.026,28.0,11822.0,976.0
2021-01-05 09:44:34.981,0.026,0.0261,61.0,0.026,28.0,11822.0,976.0
2021-01-05 09:44:35.740,0.026,0.0261,49.0,0.026,28.0,11822.0,976.0
2021-01-05 09:44:39.661,0.026,0.0261,61.0,0.026,8.0,11840.0,996.0
2021-01-05 09:44:41.730,0.026,0.026,12.0,0.0258,28.0,11840.0,1004.0
2021-01-05 09:44:42.250,0.026,0.026,37.0,0.0258,3.0,11840.0,1004.0
2021-01-05 09:44:42.731,0.026,0.026,37.0,0.0258,3.0,11840.0,1004.0
2021-01-05 09:44:43.251,0.026,0.026,47.0,0.0258,3.0,11840.0,1004.0
2021-01-05 09:44:43.760,0.026,0.026,35.0,0.0258,3.0,11840.0,1004.0
2021-01-05 09:44:44.260,0.026,0.026,35.0,0.0258,15.0,11840.0,1004.0
2021-01-05 09:44:45.261,0.026,0.026,35.0,0.0258,3.0,11840.0,1004.0
2021-01-05 09:44:45.760,0.026,0.026,5.0,0.0259,5.0,11840.0,1009.0
2021-01-05 09:44:46.271,0.026,0.026,25.0,0.0259,5.0,11840.0,1009.0
2021-01-05 09:44:46.771,0.026,0.026,25.0,0.0259,5.0,11840.0,1009.0
2021-01-05 09:44:47.251,0.026,0.026,25.0,0.0259,5.0,11840.0,1009.0
2021-01-05 09:44:47.770,0.026,0.026,22.0,0.0259,5.0,11840.0,1009.0
2021-01-05 09:44:48.271,0.026,0.026,10.0,0.0259,5.0,11840.0,1009.0
2021-01-05 09:44:48.780,0.026,0.026,12.0,0.0259,5.0,11840.0,1009.0
2021-01-05 09:44:49.270,0.026,0.026,22.0,0.0259,5.0,11840.0,1009.0
2021-01-05 09:44:50.300,0.026,0.026,47.0,0.0259,5.0,11840.0,1009.0
2021-01-05 09:44:50.811,0.026,0.026,10.0,0.0259,5.0,11840.0,1009.0
2021-01-05 09:44:51.270,0.026,0.0261,37.0,0.0259,5.0,11840.0,1009.0
2021-01-05 09:44:51.810,0.026,0.0261,61.0,0.0259,5.0,11840.0,1009.0
2021-01-05 09:44:53.201,0.026,0.026,12.0,0.0259,5.0,11840.0,1009.0
2021-01-05 09:44:53.621,0.026,0.026,12.0,0.0259,5.0,11840.0,1009.0
2021-01-05 09:44:54.201,0.026,0.026,22.0,0.0259,5.0,11840.0,1009.0
2021-01-05 09:44:55.700,0.026,0.026,47.0,0.0259,5.0,11840.0,1009.0
2021-01-05 09:44:56.720,0.026,0.026,22.0,0.0259,5.0,11850.0,1019.0
2021-01-05 09:44:57.160,0.026,0.026,10.0,0.0259,5.0,11850.0,1019.0
2021-01-05 09:44:57.431,0.026,0.026,25.0,0.0259,5.0,11850.0,1019.0
2021-01-05 09:44:58.120,0.026,0.026,25.0,0.0259,5.0,11850.0,1019.0
2021-01-05 09:44:58.720,0.026,0.026,25.0,0.0259,5.0,11850.0,1019.0
2021-01-05 09:44:59.190,0.026,0.026,35.0,0.0259,5.0,11850.0,1019.0
2021-01-05 09:44:59.711,0.026,0.026,61.0,0.0259,5.0,11850.0,1019.0
2021-01-05 09:45:00.591,0.026,0.026,49.0,0.0259,5.0,11850.0,1019.0
2021-01-05 09:45:01.221,0.026,0.026,61.0,0.0259,5.0,11850.0,1019.0
2021-01-05 09:45:01.680,0.0259,0.026,47.0,0.0258,3.0,11850.0,1024.0
2021-01-05 09:45:02.621,0.0259,0.0259,20.0,0.0258,3.0,11850.0,1024.0
2021-01-05 09:45:03.190,0.0259,0.0259,55.0,0.0258,3.0,11850.0,1024.0
2021-01-05 09:45:04.700,0.0259,0.0259,55.0,0.0258,3.0,11850.0,1024.0
2021-01-05 09:45:05.720,0.0259,0.0259,67.0,0.0258,3.0,11850.0,1024.0
2021-01-05 09:45:06.721,0.0258,0.0259,87.0,0.0256,39.0,11850.0,1027.0
2021-01-05 09:45:07.130,0.0258,0.0259,87.0,0.0256,14.0,11850.0,1027.0
2021-01-05 09:45:07.720,0.0258,0.0259,55.0,0.0256,26.0,11850.0,1027.0
2021-01-05 09:45:08.700,0.0258,0.0259,67.0,0.0256,14.0,11850.0,1027.0
2021-01-05 09:45:09.190,0.0258,0.0259,55.0,0.0256,26.0,11850.0,1027.0
2021-01-05 09:45:09.720,0.0258,0.0259,67.0,0.0256,14.0,11850.0,1027.0
2021-01-05 09:45:12.701,0.0258,0.0259,55.0,0.0256,14.0,11850.0,1027.0
2021-01-05 09:45:13.220,0.0258,0.0258,12.0,0.0256,14.0,11850.0,1027.0
2021-01-05 09:45:13.681,0.0258,0.0258,37.0,0.0256,14.0,11850.0,1027.0
2021-01-05 09:45:14.181,0.0258,0.0258,47.0,0.0256,14.0,11850.0,1027.0
2021-01-05 09:45:14.701,0.0258,0.0258,47.0,0.0256,14.0,11850.0,1027.0
2021-01-05 09:45:16.741,0.0258,0.0258,47.0,0.0256,14.0,11850.0,1027.0
2021-01-05 09:45:17.220,0.0258,0.0257,12.0,0.0256,14.0,11850.0,1027.0
2021-01-05 09:45:17.731,0.0256,0.0257,25.0,0.0256,2.0,11850.0,1039.0
2021-01-05 09:45:18.230,0.0256,0.0257,25.0,0.0256,1.0,11850.0,1040.0
2021-01-05 09:45:18.691,0.0256,0.0257,67.0,0.0254,25.0,11850.0,1041.0
2021-01-05 09:45:19.191,0.0256,0.0257,55.0,0.0254,12.0,11850.0,1041.0
2021-01-05 09:45:19.731,0.0256,0.0257,55.0,0.0255,12.0,11850.0,1041.0
2021-01-05 09:45:20.240,0.0256,0.0257,55.0,0.0255,12.0,11850.0,1041.0
2021-01-05 09:45:20.720,0.0256,0.0257,55.0,0.0256,12.0,11850.0,1041.0
2021-01-05 09:45:21.191,0.0256,0.0257,55.0,0.0255,12.0,11850.0,1041.0
2021-01-05 09:45:21.731,0.0256,0.0257,55.0,0.0254,12.0,11850.0,1041.0
2021-01-05 09:45:22.240,0.0256,0.0257,55.0,0.0254,12.0,11850.0,1041.0
2021-01-05 09:45:23.671,0.0256,0.0257,55.0,0.0255,12.0,11850.0,1041.0
2021-01-05 09:45:25.131,0.0256,0.0257,55.0,0.0255,12.0,11850.0,1041.0
2021-01-05 09:45:26.681,0.0255,0.0257,55.0,0.0255,12.0,11850.0,1042.0
2021-01-05 09:45:27.211,0.0255,0.0257,35.0,0.0255,12.0,11850.0,1042.0
2021-01-05 09:45:27.671,0.0255,0.0257,55.0,0.0255,12.0,11850.0,1042.0
2021-01-05 09:45:28.220,0.0255,0.0257,55.0,0.0255,12.0,11850.0,1042.0
2021-01-05 09:45:28.700,0.0255,0.0257,55.0,0.0255,12.0,11850.0,1042.0
2021-01-05 09:45:29.140,0.0255,0.0257,55.0,0.0255,11.0,11850.0,1043.0
2021-01-05 09:45:30.210,0.0255,0.0257,35.0,0.0255,12.0,11850.0,1043.0
2021-01-05 09:45:30.700,0.0255,0.0257,35.0,0.0255,26.0,11850.0,1043.0
2021-01-05 09:45:31.211,0.0255,0.0257,35.0,0.0255,12.0,11850.0,1043.0
2021-01-05 09:45:31.701,0.0255,0.0257,35.0,0.0255,12.0,11850.0,1043.0
2021-01-05 09:45:33.180,0.0255,0.0257,35.0,0.0255,12.0,11850.0,1043.0
2021-01-05 09:45:33.251,0.0255,0.0257,35.0,0.0255,12.0,11850.0,1043.0
2021-01-05 09:45:34.690,0.0255,0.0257,35.0,0.0255,11.0,11850.0,1044.0
2021-01-05 09:45:35.731,0.0255,0.0257,35.0,0.0255,11.0,11850.0,1044.0
2021-01-05 09:45:36.240,0.0255,0.0257,35.0,0.0255,25.0,11850.0,1044.0
2021-01-05 09:45:36.730,0.0255,0.0257,35.0,0.0255,25.0,11850.0,1044.0
2021-01-05 09:45:37.241,0.0255,0.0257,35.0,0.0256,12.0,11850.0,1044.0
2021-01-05 09:45:39.210,0.0255,0.0257,35.0,0.0256,12.0,11850.0,1044.0
2021-01-05 09:45:39.710,0.0255,0.0257,35.0,0.0256,12.0,11850.0,1044.0
2021-01-05 09:45:40.240,0.0255,0.0257,35.0,0.0256,12.0,11850.0,1044.0
2021-01-05 09:45:40.730,0.0256,0.0257,35.0,0.0256,12.0,11850.0,1045.0
2021-01-05 09:45:41.220,0.0256,0.0257,35.0,0.0256,12.0,11850.0,1045.0
2021-01-05 09:45:42.240,0.0256,0.0257,10.0,0.0256,12.0,11850.0,1045.0
2021-01-05 09:45:42.711,0.0256,0.0258,45.0,0.0257,12.0,11850.0,1045.0
2021-01-05 09:45:43.220,0.0256,0.0258,10.0,0.0257,12.0,11850.0,1045.0
2021-01-05 09:45:43.731,0.0257,0.0258,20.0,0.0257,12.0,11850.0,1057.0
2021-01-05 09:45:44.201,0.0257,0.0259,75.0,0.0256,37.0,11850.0,1057.0
2021-01-05 09:45:44.691,0.0257,0.0258,12.0,0.0256,25.0,11850.0,1057.0
2021-01-05 09:45:45.220,0.0257,0.0258,10.0,0.0255,25.0,11850.0,1057.0
2021-01-05 09:45:45.681,0.0257,0.0259,77.0,0.0255,12.0,11850.0,1057.0
2021-01-05 09:45:46.230,0.0257,0.0259,81.0,0.0255,12.0,11850.0,1057.0
2021-01-05 09:45:46.751,0.0257,0.0258,12.0,0.0254,37.0,11850.0,1057.0
2021-01-05 09:45:47.241,0.0257,0.0258,25.0,0.0255,12.0,11850.0,1057.0
2021-01-05 09:45:47.731,0.0257,0.0258,35.0,0.0255,12.0,11850.0,1057.0
2021-01-05 09:45:48.201,0.0257,0.0258,35.0,0.0255,12.0,11850.0,1057.0
2021-01-05 09:45:49.221,0.0257,0.0258,35.0,0.0255,12.0,11850.0,1057.0
2021-01-05 09:45:50.251,0.0257,0.0258,47.0,0.0254,51.0,11850.0,1057.0
2021-01-05 09:45:50.750,0.0257,0.0258,35.0,0.0254,39.0,11850.0,1057.0
2021-01-05 09:45:51.250,0.0257,0.0258,47.0,0.0254,51.0,11850.0,1057.0
2021-01-05 09:45:51.300,0.0257,0.0258,35.0,0.0255,12.0,11850.0,1057.0
2021-01-05 09:45:54.191,0.0257,0.0258,35.0,0.0255,12.0,11850.0,1057.0
2021-01-05 09:45:55.230,0.0257,0.0258,47.0,0.0254,51.0,11850.0,1057.0
2021-01-05 09:45:56.631,0.0257,0.0258,47.0,0.0254,37.0,11850.0,1057.0
2021-01-05 09:45:57.201,0.0257,0.0258,61.0,0.0254,37.0,11850.0,1057.0
2021-01-05 09:45:58.231,0.0257,0.0258,47.0,0.0254,37.0,11850.0,1057.0
2021-01-05 09:45:58.711,0.0257,0.0258,35.0,0.0254,25.0,11850.0,1057.0
2021-01-05 09:45:59.230,0.0257,0.0258,49.0,0.0255,12.0,11850.0,1057.0
2021-01-05 09:46:00.210,0.0257,0.0258,61.0,0.0254,37.0,11850.0,1057.0
2021-01-05 09:46:00.730,0.0257,0.0258,49.0,0.0254,25.0,11850.0,1057.0
2021-01-05 09:46:01.061,0.0257,0.0258,61.0,0.0254,37.0,11850.0,1057.0
2021-01-05 09:46:02.221,0.0257,0.0257,37.0,0.0254,25.0,11850.0,1057.0
2021-01-05 09:46:02.711,0.0257,0.0257,47.0,0.0254,25.0,11850.0,1057.0
2021-01-05 09:46:03.731,0.0257,0.0257,47.0,0.0254,25.0,11850.0,1057.0
2021-01-05 09:46:04.711,0.0257,0.0256,12.0,0.0254,25.0,11850.0,1057.0
2021-01-05 09:46:05.161,0.0256,0.0256,37.0,0.0254,25.0,11851.0,1058.0
2021-01-05 09:46:05.691,0.0256,0.0256,35.0,0.0254,25.0,11851.0,1058.0
2021-01-05 09:46:06.690,0.0256,0.0256,35.0,0.0254,37.0,11851.0,1058.0
2021-01-05 09:46:07.231,0.0256,0.0256,35.0,0.0254,25.0,11851.0,1058.0
2021-01-05 09:46:07.741,0.0256,0.0256,9.0,0.0255,1.0,11851.0,1059.0
2021-01-05 09:46:08.121,0.0256,0.0257,25.0,0.0255,1.0,11851.0,1059.0
2021-01-05 09:46:08.730,0.0256,0.0257,10.0,0.0255,1.0,11851.0,1059.0
2021-01-05 09:46:09.600,0.0256,0.0258,47.0,0.0255,1.0,11851.0,1059.0
2021-01-05 09:46:10.221,0.0256,0.0258,22.0,0.0255,1.0,11851.0,1059.0
2021-01-05 09:46:10.720,0.0256,0.0258,36.0,0.0255,1.0,11851.0,1059.0
2021-01-05 09:46:11.131,0.0256,0.0258,47.0,0.0255,1.0,11851.0,1059.0
2021-01-05 09:46:12.190,0.0256,0.0258,47.0,0.0255,1.0,11851.0,1059.0
2021-01-05 09:46:13.200,0.0256,0.0258,47.0,0.0255,1.0,11851.0,1059.0
2021-01-05 09:46:14.230,0.0256,0.0258,47.0,0.0255,1.0,11851.0,1059.0
2021-01-05 09:46:18.731,0.0256,0.0258,35.0,0.0255,13.0,11851.0,1059.0
2021-01-05 09:46:19.171,0.0256,0.0258,47.0,0.0255,1.0,11851.0,1059.0
2021-01-05 09:46:19.661,0.0256,0.0258,47.0,0.0255,1.0,11851.0,1059.0
2021-01-05 09:46:20.210,0.0256,0.0258,47.0,0.0255,1.0,11851.0,1059.0
2021-01-05 09:46:22.220,0.0256,0.0258,35.0,0.0255,13.0,11851.0,1059.0
2021-01-05 09:46:22.690,0.0256,0.0258,47.0,0.0255,1.0,11851.0,1059.0
2021-01-05 09:46:26.191,0.0256,0.0258,35.0,0.0255,13.0,11851.0,1059.0
2021-01-05 09:46:27.201,0.0256,0.0258,35.0,0.0256,12.0,11851.0,1059.0
2021-01-05 09:46:27.720,0.0256,0.0258,10.0,0.0256,37.0,11851.0,1059.0
2021-01-05 09:46:28.200,0.0256,0.0259,25.0,0.0256,37.0,11851.0,1059.0
2021-01-05 09:46:28.431,0.0256,0.0259,35.0,0.0256,37.0,11851.0,1059.0
2021-01-05 09:46:29.710,0.0256,0.0259,47.0,0.0256,25.0,11851.0,1059.0
2021-01-05 09:46:29.750,0.0256,0.0259,35.0,0.0256,37.0,11851.0,1059.0
2021-01-05 09:46:33.660,0.0256,0.0259,10.0,0.0256,37.0,11851.0,1059.0
2021-01-05 09:46:34.171,0.0256,0.0259,25.0,0.0256,37.0,11851.0,1059.0
2021-01-05 09:46:34.691,0.0256,0.0259,35.0,0.0256,37.0,11851.0,1059.0
2021-01-05 09:46:35.120,0.0256,0.0259,35.0,0.0256,37.0,11851.0,1059.0
2021-01-05 09:46:35.721,0.0256,0.0259,47.0,0.0256,25.0,11851.0,1059.0
2021-01-05 09:46:36.221,0.0256,0.0259,47.0,0.0256,25.0,11851.0,1059.0
2021-01-05 09:46:36.730,0.0256,0.0259,35.0,0.0256,37.0,11851.0,1059.0
2021-01-05 09:46:37.750,0.0256,0.0259,10.0,0.0256,12.0,11851.0,1059.0
2021-01-05 09:46:38.201,0.0256,0.0259,25.0,0.0256,37.0,11851.0,1059.0
2021-01-05 09:46:38.741,0.0256,0.0259,37.0,0.0255,38.0,11851.0,1059.0
2021-01-05 09:46:39.210,0.0256,0.0259,51.0,0.0255,33.0,11851.0,1059.0
2021-01-05 09:46:40.211,0.0256,0.0259,35.0,0.0256,12.0,11851.0,1059.0
2021-01-05 09:46:40.670,0.0256,0.0259,35.0,0.0256,37.0,11851.0,1059.0
2021-01-05 09:46:41.730,0.0256,0.0259,35.0,0.0256,37.0,11851.0,1059.0
2021-01-05 09:46:42.230,0.0256,0.0257,3.0,0.0255,21.0,11851.0,1059.0
2021-01-05 09:46:42.741,0.0257,0.0257,27.0,0.0255,47.0,11852.0,1060.0
2021-01-05 09:46:43.040,0.0257,0.0257,27.0,0.0256,12.0,11852.0,1060.0
2021-01-05 09:46:43.761,0.0257,0.0257,27.0,0.0256,12.0,11852.0,1060.0
2021-01-05 09:46:44.230,0.0257,0.0257,37.0,0.0256,12.0,11852.0,1060.0
2021-01-05 09:46:46.251,0.0257,0.0257,35.0,0.0256,12.0,11854.0,1062.0
2021-01-05 09:46:46.671,0.0257,0.0257,35.0,0.0256,12.0,11854.0,1062.0
2021-01-05 09:46:47.230,0.0257,0.0257,35.0,0.0256,12.0,11854.0,1062.0
2021-01-05 09:46:47.701,0.0257,0.0257,33.0,0.0256,12.0,11856.0,1064.0
2021-01-05 09:46:49.251,0.0257,0.0257,32.0,0.0256,12.0,11857.0,1065.0
2021-01-05 09:46:49.730,0.0257,0.0257,10.0,0.0256,37.0,11857.0,1065.0
2021-01-05 09:46:50.170,0.0257,0.0258,25.0,0.0256,37.0,11857.0,1065.0
2021-01-05 09:46:50.661,0.0257,0.0258,35.0,0.0256,37.0,11857.0,1065.0
2021-01-05 09:46:51.261,0.0257,0.0258,35.0,0.0256,37.0,11857.0,1065.0
2021-01-05 09:46:51.731,0.0257,0.0258,35.0,0.0257,12.0,11857.0,1065.0
2021-01-05 09:46:52.210,0.0257,0.0258,10.0,0.0257,37.0,11857.0,1065.0
2021-01-05 09:46:52.711,0.0257,0.0259,45.0,0.0257,37.0,11857.0,1065.0
2021-01-05 09:46:53.201,0.0257,0.0259,55.0,0.0257,25.0,11857.0,1070.0
2021-01-05 09:46:53.641,0.0257,0.0259,55.0,0.0257,25.0,11857.0,1070.0
2021-01-05 09:46:55.691,0.0257,0.0259,30.0,0.0256,12.0,11857.0,1070.0
2021-01-05 09:46:56.221,0.0257,0.0259,67.0,0.0255,92.0,11857.0,1070.0
2021-01-05 09:46:56.671,0.0257,0.0259,67.0,0.0255,67.0,11857.0,1070.0
2021-01-05 09:46:57.641,0.0257,0.0258,12.0,0.0255,41.0,11857.0,1070.0
2021-01-05 09:46:58.131,0.0257,0.0258,37.0,0.0255,41.0,11857.0,1070.0
2021-01-05 09:46:58.720,0.0257,0.0258,47.0,0.0255,41.0,11857.0,1070.0
2021-01-05 09:46:59.191,0.0257,0.0257,12.0,0.0255,41.0,11857.0,1070.0
2021-01-05 09:47:00.251,0.0257,0.0257,37.0,0.0255,41.0,11857.0,1070.0
2021-01-05 09:47:00.741,0.0257,0.0257,47.0,0.0255,41.0,11857.0,1070.0
2021-01-05 09:47:01.210,0.0257,0.0257,47.0,0.0255,41.0,11857.0,1070.0
2021-01-05 09:47:02.230,0.0257,0.0257,47.0,0.0255,41.0,11857.0,1070.0
2021-01-05 09:47:02.741,0.0257,0.0256,12.0,0.0255,41.0,11857.0,1070.0
2021-01-05 09:47:03.220,0.0257,0.0256,37.0,0.0255,41.0,11857.0,1070.0
2021-01-05 09:47:03.740,0.0257,0.0256,37.0,0.0255,41.0,11857.0,1070.0
2021-01-05 09:47:04.751,0.0257,0.0256,35.0,0.0255,41.0,11857.0,1070.0
2021-01-05 09:47:05.250,0.0257,0.0256,35.0,0.0255,41.0,11857.0,1070.0
2021-01-05 09:47:05.750,0.0257,0.0256,35.0,0.0255,41.0,11857.0,1070.0
2021-01-05 09:47:06.251,0.0257,0.0256,47.0,0.0255,41.0,11857.0,1070.0
2021-01-05 09:47:07.221,0.0255,0.0256,55.0,0.0255,12.0,11885.0,1099.0
2021-01-05 09:47:07.740,0.0255,0.0256,55.0,0.0254,20.0,11897.0,1111.0
2021-01-05 09:47:08.230,0.0255,0.0256,55.0,0.0254,20.0,11897.0,1111.0
2021-01-05 09:47:08.700,0.0255,0.0256,55.0,0.0254,32.0,11897.0,1111.0
2021-01-05 09:47:09.221,0.0255,0.0256,69.0,0.0254,32.0,11897.0,1111.0
2021-01-05 09:47:09.751,0.0254,0.0256,69.0,0.0254,12.0,11917.0,1131.0
2021-01-05 09:47:10.260,0.0254,0.0256,81.0,0.0253,25.0,11917.0,1131.0
2021-01-05 09:47:10.721,0.0254,0.0256,81.0,0.0252,37.0,11917.0,1131.0
2021-01-05 09:47:11.250,0.0254,0.0255,12.0,0.0252,25.0,11917.0,1131.0
2021-01-05 09:47:11.751,0.0254,0.0255,57.0,0.0251,37.0,11917.0,1131.0
2021-01-05 09:47:12.241,0.0254,0.0255,81.0,0.0251,37.0,11917.0,1131.0
2021-01-05 09:47:12.731,0.0254,0.0255,81.0,0.0251,37.0,11917.0,1131.0
2021-01-05 09:47:13.201,0.0254,0.0255,55.0,0.0252,12.0,11917.0,1131.0
2021-01-05 09:47:13.751,0.0254,0.0255,69.0,0.0252,37.0,11917.0,1131.0
2021-01-05 09:47:14.220,0.0254,0.0255,69.0,0.0253,12.0,11917.0,1131.0
2021-01-05 09:47:14.721,0.0253,0.0255,69.0,0.0253,12.0,11917.0,1143.0
2021-01-05 09:47:15.230,0.0253,0.0254,12.0,0.0252,25.0,11917.0,1143.0
2021-01-05 09:47:15.701,0.0253,0.0253,12.0,0.0251,25.0,11917.0,1143.0
2021-01-05 09:47:16.241,0.0253,0.0253,47.0,0.0251,25.0,11917.0,1143.0
2021-01-05 09:47:17.251,0.0253,0.0253,47.0,0.025,27.0,11917.0,1143.0
2021-01-05 09:47:17.731,0.0253,0.0253,35.0,0.025,27.0,11917.0,1143.0
2021-01-05 09:47:18.621,0.0253,0.0253,35.0,0.0252,12.0,11917.0,1143.0
2021-01-05 09:47:19.111,0.0253,0.0253,55.0,0.0251,12.0,11917.0,1143.0
2021-01-05 09:47:19.731,0.0253,0.0253,55.0,0.0252,12.0,11917.0,1143.0
2021-01-05 09:47:20.160,0.0253,0.0253,55.0,0.0252,12.0,11917.0,1143.0
2021-01-05 09:47:20.730,0.0253,0.0253,55.0,0.0251,25.0,11917.0,1143.0
2021-01-05 09:47:21.260,0.0253,0.0253,69.0,0.025,39.0,11917.0,1143.0
2021-01-05 09:47:21.760,0.0253,0.0253,81.0,0.025,27.0,11917.0,1143.0
2021-01-05 09:47:22.240,0.0253,0.0253,69.0,0.025,39.0,11917.0,1143.0
2021-01-05 09:47:23.151,0.0253,0.0253,69.0,0.025,39.0,11917.0,1143.0
2021-01-05 09:47:25.241,0.0253,0.0253,81.0,0.025,2.0,11917.0,1143.0
2021-01-05 09:47:25.690,0.0253,0.0253,69.0,0.025,39.0,11917.0,1143.0
2021-01-05 09:47:26.680,0.0253,0.0253,69.0,0.025,14.0,11917.0,1143.0
2021-01-05 09:47:27.721,0.0253,0.0253,81.0,0.025,2.0,11917.0,1143.0
2021-01-05 09:47:29.181,0.0253,0.0253,67.0,0.025,2.0,11917.0,1143.0
2021-01-05 09:47:30.230,0.0253,0.0252,39.0,0.025,2.0,11917.0,1143.0
2021-01-05 09:47:30.691,0.0253,0.0252,69.0,0.025,2.0,11917.0,1143.0
2021-01-05 09:47:31.181,0.0253,0.0252,69.0,0.025,2.0,11917.0,1143.0
2021-01-05 09:47:32.681,0.0253,0.0252,69.0,0.025,14.0,11917.0,1143.0
2021-01-05 09:47:33.181,0.0253,0.0252,69.0,0.025,14.0,11917.0,1143.0
2021-01-05 09:47:34.231,0.0253,0.0252,35.0,0.025,14.0,11917.0,1143.0
2021-01-05 09:47:35.221,0.0253,0.0252,55.0,0.025,14.0,11917.0,1143.0
2021-01-05 09:47:35.740,0.0253,0.0252,35.0,0.0251,12.0,11917.0,1143.0
2021-01-05 09:47:36.241,0.0253,0.0252,49.0,0.025,39.0,11917.0,1143.0
2021-01-05 09:47:36.721,0.0253,0.0252,49.0,0.0251,12.0,11917.0,1143.0
2021-01-05 09:47:37.251,0.0253,0.0252,69.0,0.025,39.0,11917.0,1143.0
2021-01-05 09:47:37.761,0.0253,0.0252,69.0,0.025,14.0,11917.0,1143.0
2021-01-05 09:47:38.760,0.0253,0.0252,49.0,0.025,14.0,11917.0,1143.0
2021-01-05 09:47:39.751,0.0253,0.0252,69.0,0.025,14.0,11917.0,1143.0
2021-01-05 09:47:41.701,0.0253,0.0252,69.0,0.025,2.0,11917.0,1143.0
2021-01-05 09:47:42.250,0.025,0.0252,69.0,0.0249,37.0,11919.0,1145.0
2021-01-05 09:47:42.761,0.025,0.025,20.0,0.0249,12.0,11919.0,1145.0
2021-01-05 09:47:43.251,0.025,0.025,45.0,0.0249,12.0,11919.0,1145.0
2021-01-05 09:47:43.720,0.025,0.025,55.0,0.0249,12.0,11919.0,1145.0
2021-01-05 09:47:44.260,0.025,0.025,55.0,0.0249,12.0,11919.0,1145.0
2021-01-05 09:47:44.761,0.025,0.025,55.0,0.0249,12.0,11919.0,1145.0
2021-01-05 09:47:45.251,0.025,0.025,55.0,0.0249,12.0,11919.0,1145.0
