,last,ask1,asize1,bid1,bsize1,oi,volume
2021-01-05 09:25:00.080,,0.3742,1.0,0.3646,1.0,5467.0,
2021-01-05 09:30:00.451,,0.3732,1.0,0.365,1.0,5467.0,
2021-01-05 09:30:00.991,0.3644,0.3645,1.0,0.3614,20.0,5472.0,6.0
2021-01-05 09:30:01.481,0.3644,0.3646,1.0,0.3578,1.0,5472.0,6.0
2021-01-05 09:30:02.211,0.3644,0.3646,1.0,0.3578,1.0,5472.0,6.0
2021-01-05 09:30:03.980,0.3644,0.3646,21.0,0.3592,20.0,5472.0,6.0
2021-01-05 09:30:04.430,0.3644,0.3646,21.0,0.3583,20.0,5472.0,6.0
2021-01-05 09:30:05.010,0.3644,0.3646,21.0,0.3578,1.0,5472.0,6.0
2021-01-05 09:30:05.481,0.3644,0.3646,21.0,0.3578,21.0,5472.0,6.0
2021-01-05 09:30:05.990,0.3644,0.3637,20.0,0.3578,1.0,5472.0,6.0
2021-01-05 09:30:06.480,0.3644,0.3632,20.0,0.3578,21.0,5472.0,6.0
2021-01-05 09:30:06.971,0.3644,0.3614,20.0,0.3578,1.0,5472.0,6.0
2021-01-05 09:30:07.471,0.3644,0.3613,2.0,0.3578,1.0,5472.0,6.0
2021-01-05 09:30:08.001,0.3644,0.361,20.0,0.3578,1.0,5472.0,6.0
2021-01-05 09:30:08.520,0.3644,0.3609,2.0,0.3578,1.0,5472.0,6.0
2021-01-05 09:30:09.490,0.3578,0.3609,2.0,0.356,20.0,5472.0,7.0
2021-01-05 09:30:10.501,0.3578,0.3606,20.0,0.3531,20.0,5472.0,7.0
2021-01-05 09:30:11.000,0.3578,0.3602,20.0,0.3525,20.0,5472.0,7.0
2021-01-05 09:30:12.521,0.3578,0.3598,20.0,0.3525,20.0,5472.0,7.0
2021-01-05 09:30:12.900,0.3578,0.3646,1.0,0.3526,2.0,5472.0,7.0
2021-01-05 09:30:13.501,0.3578,0.3615,20.0,0.3539,20.0,5472.0,7.0
2021-01-05 09:30:13.941,0.3578,0.3615,20.0,0.3535,20.0,5472.0,7.0
2021-01-05 09:30:15.040,0.3578,0.3615,20.0,0.3539,20.0,5472.0,7.0
2021-01-05 09:30:15.520,0.3578,0.3619,20.0,0.354,2.0,5472.0,7.0
2021-01-05 09:30:15.991,0.3578,0.3614,3.0,0.354,2.0,5472.0,7.0
2021-01-05 09:30:16.531,0.3578,0.3614,23.0,0.354,2.0,5472.0,7.0
2021-01-05 09:30:17.021,0.3578,0.3614,3.0,0.354,2.0,5472.0,7.0
2021-01-05 09:30:17.641,0.3578,0.3614,23.0,0.3547,20.0,5472.0,7.0
2021-01-05 09:30:18.231,0.3578,0.3614,23.0,0.3558,20.0,5472.0,7.0
2021-01-05 09:30:18.750,0.3578,0.3614,23.0,0.3559,2.0,5472.0,7.0
2021-01-05 09:30:19.251,0.3578,0.3614,23.0,0.3562,20.0,5472.0,7.0
2021-01-05 09:30:19.741,0.3578,0.3614,3.0,0.3562,20.0,5472.0,7.0
2021-01-05 09:30:20.740,0.3578,0.3614,23.0,0.3558,20.0,5472.0,7.0
2021-01-05 09:30:21.241,0.3578,0.3613,2.0,0.3558,20.0,5472.0,7.0
2021-01-05 09:30:21.741,0.3578,0.3614,23.0,0.3558,20.0,5472.0,7.0
2021-01-05 09:30:22.240,0.3578,0.3613,2.0,0.355,20.0,5472.0,7.0
2021-01-05 09:30:22.671,0.3578,0.3613,2.0,0.3554,20.0,5472.0,7.0
2021-01-05 09:30:23.670,0.3578,0.3613,2.0,0.3545,20.0,5472.0,7.0
2021-01-05 09:30:24.140,0.3578,0.3613,2.0,0.354,20.0,5472.0,7.0
2021-01-05 09:30:24.661,0.3578,0.3613,2.0,0.354,20.0,5472.0,7.0
2021-01-05 09:30:25.160,0.3578,0.3613,2.0,0.3535,20.0,5472.0,7.0
2021-01-05 09:30:25.671,0.3578,0.3608,20.0,0.3531,20.0,5472.0,7.0
2021-01-05 09:30:26.171,0.3578,0.3608,20.0,0.3531,20.0,5472.0,7.0
2021-01-05 09:30:27.170,0.3578,0.3608,30.0,0.3531,20.0,5472.0,7.0
2021-01-05 09:30:27.671,0.3578,0.3608,30.0,0.3531,20.0,5472.0,7.0
2021-01-05 09:30:28.161,0.3578,0.3608,30.0,0.3531,20.0,5472.0,7.0
2021-01-05 09:30:29.661,0.3578,0.3608,30.0,0.357,1.0,5472.0,7.0
2021-01-05 09:30:30.620,0.3578,0.3608,30.0,0.357,1.0,5472.0,7.0
2021-01-05 09:30:31.121,0.3578,0.3608,20.0,0.357,1.0,5472.0,7.0
2021-01-05 09:30:31.661,0.3578,0.3614,20.0,0.357,1.0,5472.0,7.0
2021-01-05 09:30:32.140,0.3578,0.3618,30.0,0.357,21.0,5472.0,7.0
2021-01-05 09:30:32.631,0.3578,0.3618,30.0,0.357,21.0,5472.0,7.0
2021-01-05 09:30:33.171,0.3578,0.3618,30.0,0.3571,2.0,5472.0,7.0
2021-01-05 09:30:34.670,0.3578,0.3618,20.0,0.357,21.0,5472.0,7.0
2021-01-05 09:30:35.121,0.3578,0.3627,30.0,0.357,21.0,5472.0,7.0
2021-01-05 09:30:35.680,0.3578,0.3626,2.0,0.357,21.0,5472.0,7.0
2021-01-05 09:30:36.170,0.3578,0.3619,20.0,0.357,21.0,5472.0,7.0
2021-01-05 09:30:36.691,0.3578,0.3595,3.0,0.357,21.0,5472.0,7.0
2021-01-05 09:30:37.171,0.3578,0.3595,20.0,0.357,21.0,5472.0,7.0
2021-01-05 09:30:37.670,0.3578,0.3623,20.0,0.357,21.0,5472.0,7.0
2021-01-05 09:30:38.141,0.3578,0.3623,20.0,0.357,21.0,5472.0,7.0
2021-01-05 09:30:39.680,0.3578,0.3618,20.0,0.357,21.0,5472.0,7.0
2021-01-05 09:30:41.701,0.3578,0.3618,20.0,0.357,1.0,5472.0,7.0
2021-01-05 09:30:42.181,0.3618,0.3618,10.0,0.357,1.0,5482.0,17.0
2021-01-05 09:30:42.671,0.3618,0.3618,20.0,0.357,1.0,5482.0,17.0
2021-01-05 09:30:43.180,0.3618,0.3622,20.0,0.3571,2.0,5482.0,17.0
2021-01-05 09:30:43.681,0.3618,0.3622,20.0,0.3571,2.0,5482.0,17.0
2021-01-05 09:30:44.181,0.3618,0.3627,30.0,0.3571,2.0,5482.0,17.0
2021-01-05 09:30:44.650,0.3618,0.3627,30.0,0.3571,2.0,5482.0,17.0
2021-01-05 09:30:45.161,0.3618,0.3627,30.0,0.3571,2.0,5482.0,17.0
2021-01-05 09:30:47.691,0.3618,0.3627,20.0,0.3571,2.0,5482.0,17.0
2021-01-05 09:30:48.200,0.3618,0.3638,20.0,0.3571,2.0,5482.0,17.0
2021-01-05 09:30:49.210,0.3618,0.3638,20.0,0.357,21.0,5482.0,17.0
2021-01-05 09:30:50.720,0.3618,0.3633,20.0,0.357,21.0,5482.0,17.0
2021-01-05 09:30:52.221,0.3618,0.3571,30.0,0.357,21.0,5482.0,17.0
2021-01-05 09:30:52.551,0.3571,0.3638,20.0,0.3571,9.0,5482.0,47.0
2021-01-05 09:30:53.120,0.357,0.357,2.0,0.3546,10.0,5481.0,75.0
2021-01-05 09:30:53.660,0.357,0.3643,10.0,0.357,8.0,5479.0,77.0
2021-01-05 09:30:54.130,0.357,0.3642,2.0,0.3546,10.0,5479.0,77.0
2021-01-05 09:30:54.670,0.357,0.3643,10.0,0.3547,2.0,5479.0,77.0
2021-01-05 09:30:55.081,0.357,0.3645,10.0,0.3556,10.0,5479.0,77.0
2021-01-05 09:30:55.671,0.357,0.3641,20.0,0.3565,20.0,5479.0,77.0
2021-01-05 09:30:56.170,0.357,0.3641,20.0,0.3565,20.0,5479.0,77.0
2021-01-05 09:30:58.091,0.357,0.3635,20.0,0.3559,20.0,5479.0,77.0
2021-01-05 09:30:59.171,0.357,0.3634,2.0,0.3559,20.0,5479.0,77.0
2021-01-05 09:31:00.161,0.3559,0.3624,20.0,0.3547,20.0,5479.0,90.0
2021-01-05 09:31:00.681,0.3559,0.3623,1.0,0.3558,20.0,5479.0,90.0
2021-01-05 09:31:01.140,0.3623,0.3623,18.0,0.3547,20.0,5484.0,95.0
2021-01-05 09:31:01.680,0.3623,0.3622,10.0,0.3547,20.0,5484.0,95.0
2021-01-05 09:31:02.170,0.3623,0.3608,20.0,0.354,30.0,5484.0,95.0
2021-01-05 09:31:02.681,0.3623,0.3618,20.0,0.354,20.0,5484.0,95.0
2021-01-05 09:31:03.131,0.3623,0.3618,20.0,0.354,20.0,5484.0,95.0
2021-01-05 09:31:03.680,0.3623,0.3612,20.0,0.3536,20.0,5484.0,95.0
2021-01-05 09:31:04.181,0.3623,0.3612,20.0,0.3536,20.0,5484.0,95.0
2021-01-05 09:31:04.671,0.3623,0.3612,20.0,0.3537,2.0,5484.0,95.0
2021-01-05 09:31:05.190,0.3623,0.3607,20.0,0.3536,20.0,5484.0,95.0
2021-01-05 09:31:05.670,0.3623,0.3607,20.0,0.3536,20.0,5484.0,95.0
2021-01-05 09:31:06.160,0.3612,0.3612,20.0,0.3537,4.0,5489.0,100.0
2021-01-05 09:31:06.681,0.3612,0.3612,20.0,0.3537,4.0,5489.0,100.0
2021-01-05 09:31:07.190,0.3612,0.3622,20.0,0.3546,20.0,5489.0,100.0
2021-01-05 09:31:07.670,0.3612,0.3622,20.0,0.3546,20.0,5489.0,100.0
2021-01-05 09:31:08.200,0.3612,0.3622,20.0,0.3547,2.0,5489.0,100.0
2021-01-05 09:31:08.650,0.3612,0.3633,40.0,0.3557,20.0,5489.0,100.0
2021-01-05 09:31:09.101,0.3612,0.3626,20.0,0.3546,20.0,5489.0,100.0
2021-01-05 09:31:09.701,0.3612,0.3626,20.0,0.3547,2.0,5489.0,100.0
2021-01-05 09:31:10.200,0.3612,0.3626,20.0,0.355,20.0,5489.0,100.0
2021-01-05 09:31:10.690,0.3612,0.3626,20.0,0.3551,2.0,5489.0,100.0
2021-01-05 09:31:11.170,0.3612,0.3626,20.0,0.3551,2.0,5489.0,100.0
2021-01-05 09:31:11.701,0.3612,0.3626,20.0,0.3554,20.0,5489.0,100.0
2021-01-05 09:31:12.190,0.3612,0.3626,20.0,0.3554,20.0,5489.0,100.0
2021-01-05 09:31:12.621,0.3612,0.3622,20.0,0.355,20.0,5489.0,100.0
2021-01-05 09:31:13.170,0.3612,0.3626,20.0,0.3552,20.0,5489.0,100.0
2021-01-05 09:31:13.681,0.3612,0.3626,20.0,0.3552,20.0,5489.0,100.0
2021-01-05 09:31:14.200,0.3612,0.3626,20.0,0.3552,20.0,5489.0,100.0
2021-01-05 09:31:15.110,0.3612,0.3621,20.0,0.3549,1.0,5489.0,100.0
2021-01-05 09:31:15.710,0.3612,0.3621,20.0,0.3549,1.0,5489.0,100.0
2021-01-05 09:31:16.180,0.3612,0.3621,20.0,0.3549,1.0,5489.0,100.0
2021-01-05 09:31:16.711,0.3612,0.3621,20.0,0.355,2.0,5489.0,100.0
2021-01-05 09:31:17.201,0.3612,0.3626,20.0,0.355,22.0,5489.0,100.0
2021-01-05 09:31:18.201,0.3612,0.3626,20.0,0.355,22.0,5489.0,100.0
2021-01-05 09:31:18.720,0.3612,0.3626,20.0,0.355,22.0,5489.0,100.0
2021-01-05 09:31:19.150,0.3612,0.3626,20.0,0.3563,20.0,5489.0,100.0
2021-01-05 09:31:19.721,0.3612,0.3626,20.0,0.3556,20.0,5489.0,100.0
2021-01-05 09:31:20.171,0.3612,0.3626,20.0,0.3557,4.0,5489.0,100.0
2021-01-05 09:31:20.701,0.3612,0.3626,20.0,0.3565,20.0,5489.0,100.0
2021-01-05 09:31:21.221,0.3612,0.3626,20.0,0.3556,20.0,5489.0,100.0
2021-01-05 09:31:22.620,0.3612,0.3626,20.0,0.3556,20.0,5489.0,100.0
2021-01-05 09:31:23.171,0.3612,0.3597,10.0,0.3556,20.0,5489.0,100.0
2021-01-05 09:31:23.640,0.3612,0.3597,10.0,0.3557,2.0,5489.0,100.0
2021-01-05 09:31:24.161,0.3612,0.3597,10.0,0.3557,2.0,5489.0,100.0
2021-01-05 09:31:24.660,0.3612,0.3597,10.0,0.3557,2.0,5489.0,100.0
2021-01-05 09:31:25.150,0.3612,0.3604,30.0,0.3557,2.0,5489.0,100.0
2021-01-05 09:31:25.640,0.3612,0.3604,20.0,0.3557,2.0,5489.0,100.0
2021-01-05 09:31:26.141,0.3612,0.3601,10.0,0.3557,2.0,5489.0,100.0
2021-01-05 09:31:26.681,0.3612,0.3603,10.0,0.3556,20.0,5489.0,100.0
2021-01-05 09:31:27.171,0.3612,0.3604,20.0,0.3556,20.0,5489.0,100.0
2021-01-05 09:31:27.601,0.3612,0.3604,20.0,0.3556,20.0,5489.0,100.0
2021-01-05 09:31:28.610,0.3612,0.3602,10.0,0.3556,20.0,5489.0,100.0
2021-01-05 09:31:29.171,0.3612,0.3604,20.0,0.3556,20.0,5489.0,100.0
2021-01-05 09:31:30.170,0.3612,0.3604,20.0,0.3556,20.0,5489.0,100.0
2021-01-05 09:31:30.671,0.3612,0.3604,20.0,0.3556,20.0,5489.0,100.0
2021-01-05 09:31:31.150,0.3612,0.3604,30.0,0.3556,20.0,5489.0,100.0
2021-01-05 09:31:31.641,0.3612,0.3604,30.0,0.3556,20.0,5489.0,100.0
2021-01-05 09:31:32.191,0.3612,0.3603,10.0,0.3556,20.0,5489.0,100.0
2021-01-05 09:31:32.671,0.3612,0.3604,20.0,0.3557,10.0,5489.0,100.0
2021-01-05 09:31:34.181,0.3612,0.3604,20.0,0.3557,10.0,5489.0,100.0
2021-01-05 09:31:34.681,0.3612,0.36,10.0,0.3557,10.0,5489.0,100.0
2021-01-05 09:31:35.190,0.3612,0.36,30.0,0.3557,10.0,5489.0,100.0
2021-01-05 09:31:36.181,0.3612,0.36,30.0,0.3558,2.0,5489.0,100.0
2021-01-05 09:31:36.680,0.3612,0.3599,10.0,0.3558,2.0,5489.0,100.0
2021-01-05 09:31:37.191,0.3612,0.36,20.0,0.3559,2.0,5489.0,100.0
2021-01-05 09:31:37.620,0.3612,0.3604,30.0,0.356,12.0,5489.0,100.0
2021-01-05 09:31:38.190,0.3612,0.3604,20.0,0.3564,10.0,5489.0,100.0
2021-01-05 09:31:39.210,0.3612,0.3609,20.0,0.3565,14.0,5489.0,100.0
2021-01-05 09:31:39.710,0.3612,0.3608,10.0,0.3566,2.0,5489.0,100.0
2021-01-05 09:31:40.200,0.3612,0.3609,20.0,0.3566,2.0,5489.0,100.0
2021-01-05 09:31:40.711,0.3612,0.3613,20.0,0.3574,10.0,5489.0,100.0
2021-01-05 09:31:41.191,0.3612,0.3619,30.0,0.3575,2.0,5489.0,100.0
2021-01-05 09:31:41.700,0.3574,0.3619,20.0,0.3574,23.0,5480.0,109.0
2021-01-05 09:31:42.211,0.3574,0.3619,20.0,0.3575,12.0,5480.0,109.0
2021-01-05 09:31:42.711,0.3574,0.3618,10.0,0.3575,12.0,5480.0,109.0
2021-01-05 09:31:43.191,0.3574,0.3617,10.0,0.3575,2.0,5480.0,109.0
2021-01-05 09:31:43.621,0.3574,0.3607,10.0,0.3575,2.0,5480.0,109.0
2021-01-05 09:31:44.190,0.3574,0.3607,10.0,0.3575,2.0,5480.0,109.0
2021-01-05 09:31:44.691,0.3574,0.3601,10.0,0.3575,2.0,5480.0,109.0
2021-01-05 09:31:45.170,0.3574,0.361,20.0,0.3578,10.0,5480.0,109.0
2021-01-05 09:31:45.700,0.3574,0.3609,10.0,0.3579,2.0,5480.0,109.0
2021-01-05 09:31:46.090,0.3574,0.3614,20.0,0.3579,2.0,5480.0,109.0
2021-01-05 09:31:46.701,0.3574,0.362,40.0,0.3579,2.0,5480.0,109.0
2021-01-05 09:31:47.191,0.3574,0.3615,10.0,0.3579,2.0,5480.0,109.0
2021-01-05 09:31:47.690,0.3574,0.362,30.0,0.3579,2.0,5480.0,109.0
2021-01-05 09:31:48.211,0.3574,0.3619,10.0,0.3579,2.0,5480.0,109.0
2021-01-05 09:31:49.711,0.3574,0.3619,10.0,0.3579,2.0,5480.0,109.0
2021-01-05 09:31:50.191,0.3574,0.362,20.0,0.3581,10.0,5480.0,109.0
2021-01-05 09:31:50.681,0.3574,0.3626,10.0,0.3593,10.0,5480.0,109.0
2021-01-05 09:31:51.210,0.3574,0.3622,10.0,0.3593,20.0,5480.0,109.0
2021-01-05 09:31:51.210,0.3574,0.3626,20.0,0.3591,10.0,5480.0,109.0
2021-01-05 09:31:52.220,0.3574,0.3626,20.0,0.3598,10.0,5480.0,109.0
2021-01-05 09:31:52.621,0.3574,0.363,20.0,0.3598,30.0,5480.0,109.0
2021-01-05 09:31:53.171,0.3574,0.3639,30.0,0.3598,30.0,5480.0,109.0
2021-01-05 09:31:53.630,0.3574,0.3638,10.0,0.3605,10.0,5480.0,109.0
2021-01-05 09:31:54.151,0.3574,0.3638,10.0,0.3605,30.0,5480.0,109.0
2021-01-05 09:31:54.641,0.3574,0.3638,10.0,0.3606,2.0,5480.0,109.0
2021-01-05 09:31:55.150,0.3574,0.3638,10.0,0.3606,2.0,5480.0,109.0
2021-01-05 09:31:55.670,0.3574,0.3639,20.0,0.3612,10.0,5480.0,109.0
2021-01-05 09:31:56.110,0.3574,0.3646,30.0,0.3612,30.0,5480.0,109.0
2021-01-05 09:31:56.591,0.3574,0.3645,10.0,0.3612,30.0,5480.0,109.0
2021-01-05 09:31:57.171,0.3574,0.3645,10.0,0.3612,30.0,5480.0,109.0
2021-01-05 09:31:58.171,0.3574,0.3643,10.0,0.3612,30.0,5480.0,109.0
2021-01-05 09:31:59.180,0.3574,0.3645,10.0,0.3612,30.0,5480.0,109.0
2021-01-05 09:31:59.660,0.3574,0.3645,10.0,0.3612,30.0,5480.0,109.0
2021-01-05 09:32:00.150,0.3574,0.3644,10.0,0.3612,20.0,5480.0,109.0
2021-01-05 09:32:00.650,0.3574,0.3646,20.0,0.3613,2.0,5480.0,109.0
2021-01-05 09:32:01.170,0.3574,0.3645,10.0,0.3613,20.0,5480.0,109.0
2021-01-05 09:32:01.670,0.3574,0.3643,10.0,0.3614,2.0,5480.0,109.0
2021-01-05 09:32:02.171,0.3574,0.3641,10.0,0.3614,2.0,5480.0,109.0
2021-01-05 09:32:02.671,0.3574,0.3636,10.0,0.3606,2.0,5480.0,109.0
2021-01-05 09:32:03.180,0.3574,0.3635,2.0,0.3605,20.0,5480.0,109.0
2021-01-05 09:32:03.641,0.3574,0.3634,10.0,0.3604,2.0,5480.0,109.0
2021-01-05 09:32:04.150,0.3574,0.3634,20.0,0.3604,2.0,5480.0,109.0
2021-01-05 09:32:04.661,0.3574,0.3634,10.0,0.3604,2.0,5480.0,109.0
2021-01-05 09:32:05.141,0.3574,0.3634,10.0,0.3604,22.0,5480.0,109.0
2021-01-05 09:32:05.660,0.3574,0.3634,10.0,0.3604,22.0,5480.0,109.0
2021-01-05 09:32:06.161,0.3574,0.3636,20.0,0.3605,2.0,5480.0,109.0
2021-01-05 09:32:06.680,0.3574,0.3647,30.0,0.3606,2.0,5480.0,109.0
2021-01-05 09:32:07.070,0.3604,0.3641,10.0,0.3606,2.0,5477.0,112.0
2021-01-05 09:32:07.570,0.3604,0.3641,30.0,0.3604,1.0,5477.0,112.0
2021-01-05 09:32:08.171,0.3604,0.364,10.0,0.3604,1.0,5477.0,112.0
2021-01-05 09:32:08.651,0.3604,0.364,10.0,0.3604,1.0,5477.0,112.0
2021-01-05 09:32:09.141,0.3604,0.364,10.0,0.3634,10.0,5477.0,112.0
2021-01-05 09:32:09.681,0.3634,0.3641,20.0,0.3606,10.0,5487.0,122.0
2021-01-05 09:32:10.071,0.3634,0.3645,10.0,0.3607,2.0,5487.0,122.0
2021-01-05 09:32:10.630,0.3634,0.3644,10.0,0.3607,2.0,5487.0,122.0
2021-01-05 09:32:11.170,0.3634,0.3644,10.0,0.3607,2.0,5487.0,122.0
2021-01-05 09:32:11.650,0.3634,0.3643,2.0,0.3604,21.0,5487.0,122.0
2021-01-05 09:32:12.161,0.3634,0.3641,10.0,0.3604,20.0,5487.0,122.0
2021-01-05 09:32:12.670,0.3634,0.364,20.0,0.3602,10.0,5487.0,122.0
2021-01-05 09:32:13.171,0.3634,0.3639,2.0,0.3602,10.0,5487.0,122.0
2021-01-05 09:32:13.671,0.3634,0.3639,2.0,0.36,20.0,5487.0,122.0
2021-01-05 09:32:14.180,0.3634,0.3638,10.0,0.3598,2.0,5487.0,122.0
2021-01-05 09:32:14.560,0.3634,0.3638,10.0,0.3598,22.0,5487.0,122.0
2021-01-05 09:32:15.171,0.3634,0.3638,10.0,0.3599,10.0,5487.0,122.0
2021-01-05 09:32:15.671,0.3634,0.3639,20.0,0.3599,10.0,5487.0,122.0
2021-01-05 09:32:16.151,0.3634,0.3639,10.0,0.36,2.0,5487.0,122.0
2021-01-05 09:32:16.551,0.3634,0.3639,20.0,0.36,2.0,5487.0,122.0
2021-01-05 09:32:17.161,0.3634,0.3638,10.0,0.36,2.0,5487.0,122.0
2021-01-05 09:32:17.651,0.3634,0.3638,20.0,0.36,2.0,5487.0,122.0
2021-01-05 09:32:18.130,0.3634,0.3637,13.0,0.36,2.0,5487.0,122.0
2021-01-05 09:32:18.670,0.3634,0.3637,20.0,0.3606,10.0,5487.0,122.0
2021-01-05 09:32:19.131,0.3634,0.3636,13.0,0.3607,2.0,5487.0,122.0
2021-01-05 09:32:19.640,0.3634,0.3636,20.0,0.3613,10.0,5487.0,122.0
2021-01-05 09:32:20.151,0.3634,0.3635,13.0,0.3613,30.0,5487.0,122.0
2021-01-05 09:32:20.600,0.3634,0.3642,13.0,0.3613,20.0,5487.0,122.0
2021-01-05 09:32:21.130,0.3634,0.364,10.0,0.3607,2.0,5487.0,122.0
2021-01-05 09:32:21.680,0.3634,0.3639,23.0,0.3607,2.0,5487.0,122.0
2021-01-05 09:32:22.181,0.3634,0.3638,25.0,0.3635,2.0,5487.0,122.0
2021-01-05 09:32:22.650,0.3635,0.3635,2.0,0.3607,2.0,5487.0,124.0
2021-01-05 09:32:23.140,0.3635,0.363,10.0,0.3607,2.0,5487.0,124.0
2021-01-05 09:32:23.670,0.3635,0.3629,13.0,0.3607,2.0,5487.0,124.0
2021-01-05 09:32:24.091,0.3635,0.3629,13.0,0.3607,2.0,5487.0,124.0
2021-01-05 09:32:24.640,0.3629,0.3629,3.0,0.3607,2.0,5497.0,134.0
2021-01-05 09:32:24.640,0.3629,0.3629,13.0,0.3608,2.0,5497.0,134.0
2021-01-05 09:32:25.670,0.3629,0.3629,13.0,0.3609,2.0,5497.0,134.0
2021-01-05 09:32:26.171,0.3629,0.363,20.0,0.361,13.0,5497.0,134.0
2021-01-05 09:32:26.650,0.3629,0.3634,13.0,0.3611,2.0,5497.0,134.0
2021-01-05 09:32:27.151,0.3629,0.3634,13.0,0.3611,2.0,5497.0,134.0
2021-01-05 09:32:27.311,0.3629,0.3635,2.0,0.3612,13.0,5497.0,134.0
2021-01-05 09:32:28.171,0.3629,0.364,30.0,0.3612,13.0,5497.0,134.0
2021-01-05 09:32:28.630,0.3629,0.364,30.0,0.3612,13.0,5497.0,134.0
2021-01-05 09:32:29.180,0.3629,0.364,10.0,0.3612,13.0,5497.0,134.0
2021-01-05 09:32:29.650,0.364,0.364,9.0,0.3612,13.0,5497.0,135.0
2021-01-05 09:32:30.171,0.364,0.364,9.0,0.3611,13.0,5497.0,135.0
2021-01-05 09:32:30.671,0.364,0.3639,10.0,0.3612,2.0,5497.0,135.0
2021-01-05 09:32:31.151,0.364,0.3639,10.0,0.3613,13.0,5497.0,135.0
2021-01-05 09:32:31.631,0.364,0.3644,30.0,0.3614,2.0,5497.0,135.0
2021-01-05 09:32:32.121,0.364,0.3639,10.0,0.3614,22.0,5497.0,135.0
2021-01-05 09:32:32.570,0.364,0.3638,13.0,0.3614,22.0,5497.0,135.0
2021-01-05 09:32:33.141,0.364,0.3639,13.0,0.3615,13.0,5497.0,135.0
2021-01-05 09:32:33.671,0.364,0.3643,13.0,0.3616,2.0,5497.0,135.0
2021-01-05 09:32:34.171,0.364,0.3643,13.0,0.3616,2.0,5497.0,135.0
2021-01-05 09:32:34.691,0.364,0.3643,13.0,0.3616,2.0,5497.0,135.0
2021-01-05 09:32:35.170,0.364,0.3643,13.0,0.3616,2.0,5497.0,135.0
2021-01-05 09:32:35.671,0.364,0.3643,23.0,0.3616,2.0,5497.0,135.0
2021-01-05 09:32:36.190,0.364,0.3642,13.0,0.3616,2.0,5497.0,135.0
2021-01-05 09:32:36.691,0.364,0.3643,13.0,0.3616,22.0,5497.0,135.0
2021-01-05 09:32:37.150,0.364,0.3643,13.0,0.3617,10.0,5497.0,135.0
2021-01-05 09:32:37.640,0.364,0.3643,13.0,0.3618,2.0,5497.0,135.0
2021-01-05 09:32:38.190,0.364,0.3643,13.0,0.3618,2.0,5497.0,135.0
2021-01-05 09:32:39.200,0.364,0.3632,20.0,0.3619,20.0,5497.0,135.0
2021-01-05 09:32:39.630,0.364,0.3634,13.0,0.3622,20.0,5497.0,135.0
2021-01-05 09:32:40.151,0.364,0.3634,13.0,0.3622,20.0,5497.0,135.0
2021-01-05 09:32:40.641,0.364,0.3635,20.0,0.3622,20.0,5497.0,135.0
2021-01-05 09:32:41.690,0.364,0.3639,13.0,0.3626,20.0,5497.0,135.0
2021-01-05 09:32:42.161,0.364,0.3634,20.0,0.3623,2.0,5497.0,135.0
2021-01-05 09:32:42.700,0.364,0.3639,13.0,0.3626,20.0,5497.0,135.0
2021-01-05 09:32:43.121,0.364,0.3638,20.0,0.3626,20.0,5497.0,135.0
2021-01-05 09:32:43.321,0.364,0.3637,13.0,0.3626,20.0,5497.0,135.0
2021-01-05 09:32:44.151,0.364,0.3635,20.0,0.3623,2.0,5497.0,135.0
2021-01-05 09:32:44.700,0.364,0.363,20.0,0.362,20.0,5497.0,135.0
2021-01-05 09:32:45.580,0.364,0.3634,13.0,0.3625,20.0,5497.0,135.0
2021-01-05 09:32:46.160,0.364,0.3634,13.0,0.3625,20.0,5497.0,135.0
2021-01-05 09:32:46.541,0.364,0.3635,20.0,0.3625,22.0,5497.0,135.0
2021-01-05 09:32:47.201,0.364,0.3635,20.0,0.3625,22.0,5497.0,135.0
2021-01-05 09:32:47.701,0.3635,0.3641,33.0,0.3626,2.0,5497.0,145.0
2021-01-05 09:32:48.170,0.3635,0.3641,20.0,0.3628,20.0,5497.0,145.0
2021-01-05 09:32:48.550,0.3641,0.3646,20.0,0.363,20.0,5507.0,155.0
2021-01-05 09:32:48.690,0.3641,0.3646,20.0,0.3633,20.0,5507.0,155.0
2021-01-05 09:32:49.670,0.3646,0.366,20.0,0.364,20.0,5507.0,156.0
2021-01-05 09:32:50.171,0.3646,0.367,13.0,0.3652,20.0,5507.0,156.0
2021-01-05 09:32:50.700,0.3653,0.3653,18.0,0.3638,20.0,5509.0,158.0
2021-01-05 09:32:51.170,0.3653,0.3663,20.0,0.3643,20.0,5509.0,158.0
2021-01-05 09:32:51.701,0.3663,0.3671,13.0,0.3651,20.0,5510.0,159.0
2021-01-05 09:32:52.191,0.3663,0.366,20.0,0.3647,20.0,5510.0,159.0
2021-01-05 09:32:52.671,0.3663,0.3659,2.0,0.3646,13.0,5510.0,159.0
2021-01-05 09:32:53.161,0.3663,0.3654,20.0,0.3643,33.0,5510.0,159.0
2021-01-05 09:32:53.641,0.3663,0.3652,20.0,0.3638,53.0,5510.0,159.0
2021-01-05 09:32:54.181,0.3663,0.3646,20.0,0.3635,13.0,5510.0,159.0
2021-01-05 09:32:54.671,0.3663,0.3644,20.0,0.3632,33.0,5510.0,159.0
2021-01-05 09:32:55.170,0.3663,0.3648,20.0,0.3634,20.0,5510.0,159.0
2021-01-05 09:32:55.650,0.3663,0.3653,33.0,0.3639,20.0,5510.0,159.0
2021-01-05 09:32:56.150,0.3663,0.3659,20.0,0.3645,20.0,5510.0,159.0
2021-01-05 09:32:56.611,0.3663,0.3663,13.0,0.3649,20.0,5510.0,159.0
2021-01-05 09:32:57.151,0.3663,0.3657,20.0,0.3643,20.0,5510.0,159.0
2021-01-05 09:32:57.600,0.3663,0.3652,20.0,0.3639,20.0,5510.0,159.0
2021-01-05 09:32:58.171,0.3663,0.3656,13.0,0.3644,20.0,5510.0,159.0
2021-01-05 09:32:58.651,0.3663,0.3658,20.0,0.3644,33.0,5510.0,159.0
2021-01-05 09:32:59.170,0.3663,0.3658,20.0,0.3644,33.0,5510.0,159.0
2021-01-05 09:32:59.621,0.3663,0.3663,20.0,0.3648,20.0,5510.0,159.0
2021-01-05 09:33:00.180,0.3663,0.3663,20.0,0.3648,20.0,5510.0,159.0
2021-01-05 09:33:00.651,0.3663,0.3659,20.0,0.3648,20.0,5510.0,159.0
2021-01-05 09:33:01.081,0.3663,0.3655,20.0,0.3642,33.0,5510.0,159.0
2021-01-05 09:33:01.661,0.3663,0.3649,20.0,0.3637,13.0,5510.0,159.0
2021-01-05 09:33:02.130,0.3663,0.3648,2.0,0.3635,13.0,5510.0,159.0
2021-01-05 09:33:02.651,0.3663,0.3648,4.0,0.3634,20.0,5510.0,159.0
2021-01-05 09:33:03.121,0.3663,0.3635,11.0,0.3624,20.0,5510.0,159.0
2021-01-05 09:33:03.681,0.3663,0.3634,4.0,0.3624,20.0,5510.0,159.0
2021-01-05 09:33:04.140,0.3663,0.3633,2.0,0.3617,30.0,5510.0,159.0
2021-01-05 09:33:04.651,0.3663,0.3632,13.0,0.3617,30.0,5510.0,159.0
2021-01-05 09:33:05.181,0.3663,0.3631,2.0,0.3617,10.0,5510.0,159.0
2021-01-05 09:33:05.690,0.3663,0.363,13.0,0.3617,10.0,5510.0,159.0
2021-01-05 09:33:06.170,0.3663,0.3626,20.0,0.3617,10.0,5510.0,159.0
2021-01-05 09:33:06.681,0.3617,0.3625,17.0,0.3608,20.0,5520.0,169.0
2021-01-05 09:33:07.171,0.3617,0.3624,13.0,0.3605,13.0,5520.0,169.0
2021-01-05 09:33:07.601,0.3617,0.3625,13.0,0.3612,20.0,5520.0,169.0
2021-01-05 09:33:08.191,0.3617,0.3628,13.0,0.3615,20.0,5520.0,169.0
2021-01-05 09:33:08.681,0.3617,0.363,13.0,0.3619,20.0,5520.0,169.0
2021-01-05 09:33:09.181,0.3621,0.3634,20.0,0.3621,10.0,5520.0,179.0
2021-01-05 09:33:09.611,0.3621,0.3633,13.0,0.3624,20.0,5520.0,179.0
2021-01-05 09:33:10.180,0.3621,0.3624,10.0,0.3619,20.0,5520.0,179.0
2021-01-05 09:33:10.681,0.3621,0.3624,10.0,0.3612,20.0,5520.0,179.0
2021-01-05 09:33:11.180,0.3621,0.3624,10.0,0.3612,20.0,5520.0,179.0
2021-01-05 09:33:11.670,0.3621,0.3623,2.0,0.3612,20.0,5520.0,179.0
2021-01-05 09:33:12.181,0.3621,0.3624,10.0,0.3615,20.0,5520.0,179.0
2021-01-05 09:33:12.650,0.3621,0.3624,10.0,0.3621,20.0,5520.0,179.0
2021-01-05 09:33:13.100,0.3624,0.3633,20.0,0.3624,10.0,5530.0,189.0
2021-01-05 09:33:13.691,0.3624,0.3632,20.0,0.362,20.0,5530.0,189.0
2021-01-05 09:33:14.070,0.3624,0.3632,33.0,0.362,20.0,5530.0,189.0
2021-01-05 09:33:14.600,0.3624,0.363,20.0,0.3616,20.0,5530.0,189.0
2021-01-05 09:33:15.140,0.3624,0.3629,13.0,0.3616,20.0,5530.0,189.0
2021-01-05 09:33:15.651,0.3624,0.3626,20.0,0.3611,20.0,5530.0,189.0
2021-01-05 09:33:16.181,0.3624,0.3625,15.0,0.3611,20.0,5530.0,189.0
2021-01-05 09:33:16.671,0.3624,0.3621,20.0,0.3604,20.0,5530.0,189.0
2021-01-05 09:33:17.190,0.3624,0.3619,20.0,0.3604,20.0,5530.0,189.0
2021-01-05 09:33:17.691,0.3624,0.3618,13.0,0.3604,20.0,5530.0,189.0
2021-01-05 09:33:18.160,0.3624,0.3618,13.0,0.3599,20.0,5530.0,189.0
2021-01-05 09:33:18.680,0.3624,0.3619,20.0,0.3603,20.0,5530.0,189.0
2021-01-05 09:33:19.191,0.3624,0.3617,20.0,0.3603,20.0,5530.0,189.0
2021-01-05 09:33:19.660,0.3624,0.3613,20.0,0.3596,20.0,5530.0,189.0
2021-01-05 09:33:20.171,0.3624,0.3613,20.0,0.3597,13.0,5530.0,189.0
2021-01-05 09:33:20.680,0.3624,0.3614,13.0,0.3601,20.0,5530.0,189.0
2021-01-05 09:33:21.160,0.3624,0.3613,40.0,0.3597,20.0,5530.0,189.0
2021-01-05 09:33:21.681,0.3624,0.3613,42.0,0.36,20.0,5530.0,189.0
2021-01-05 09:33:22.150,0.3624,0.3613,42.0,0.36,20.0,5530.0,189.0
2021-01-05 09:33:22.670,0.3624,0.361,20.0,0.3594,20.0,5530.0,189.0
2021-01-05 09:33:23.051,0.3624,0.3609,2.0,0.3594,20.0,5530.0,189.0
2021-01-05 09:33:23.641,0.3624,0.3609,13.0,0.3594,20.0,5530.0,189.0
2021-01-05 09:33:24.171,0.3624,0.361,20.0,0.3598,20.0,5530.0,189.0
2021-01-05 09:33:24.651,0.3624,0.3613,20.0,0.3603,20.0,5530.0,189.0
2021-01-05 09:33:25.541,0.3624,0.3616,20.0,0.3605,20.0,5530.0,189.0
2021-01-05 09:33:26.161,0.3624,0.3616,20.0,0.361,1.0,5530.0,189.0
2021-01-05 09:33:26.620,0.3624,0.362,20.0,0.361,1.0,5530.0,189.0
2021-01-05 09:33:27.171,0.3624,0.3612,20.0,0.361,1.0,5530.0,189.0
2021-01-05 09:33:27.571,0.3624,0.3616,13.0,0.361,1.0,5530.0,189.0
2021-01-05 09:33:28.180,0.3624,0.3615,2.0,0.361,1.0,5530.0,189.0
2021-01-05 09:33:28.630,0.3624,0.3612,20.0,0.361,1.0,5530.0,189.0
2021-01-05 09:33:29.171,0.3624,0.3611,2.0,0.361,1.0,5530.0,189.0
2021-01-05 09:33:30.170,0.3624,0.3616,20.0,0.361,1.0,5530.0,189.0
2021-01-05 09:33:31.181,0.3624,0.3616,20.0,0.361,1.0,5530.0,189.0
2021-01-05 09:33:31.680,0.3624,0.3616,33.0,0.361,1.0,5530.0,189.0
2021-01-05 09:33:32.170,0.3624,0.3616,21.0,0.361,1.0,5530.0,189.0
2021-01-05 09:33:32.620,0.3624,0.3616,21.0,0.361,1.0,5530.0,189.0
2021-01-05 09:33:33.680,0.3624,0.3616,21.0,0.361,1.0,5530.0,189.0
2021-01-05 09:33:34.070,0.3624,0.3616,21.0,0.361,1.0,5530.0,189.0
2021-01-05 09:33:34.671,0.3624,0.3616,21.0,0.361,1.0,5530.0,189.0
2021-01-05 09:33:35.690,0.3624,0.3616,21.0,0.361,1.0,5530.0,189.0
2021-01-05 09:33:36.101,0.3624,0.3616,1.0,0.361,1.0,5530.0,189.0
2021-01-05 09:33:36.681,0.3624,0.3615,35.0,0.361,1.0,5530.0,189.0
2021-01-05 09:33:37.190,0.3624,0.3612,20.0,0.361,1.0,5530.0,189.0
2021-01-05 09:33:37.640,0.361,0.3611,15.0,0.36,10.0,5531.0,190.0
2021-01-05 09:33:38.120,0.361,0.361,13.0,0.36,10.0,5531.0,190.0
2021-01-05 09:33:38.621,0.361,0.361,13.0,0.36,10.0,5531.0,190.0
2021-01-05 09:33:39.201,0.361,0.361,13.0,0.36,10.0,5531.0,190.0
2021-01-05 09:33:39.641,0.361,0.3612,13.0,0.3603,20.0,5531.0,190.0
2021-01-05 09:33:40.160,0.361,0.3614,13.0,0.3606,20.0,5531.0,190.0
2021-01-05 09:33:40.690,0.361,0.3615,20.0,0.3606,20.0,5531.0,190.0
2021-01-05 09:33:41.161,0.361,0.3615,33.0,0.3606,20.0,5531.0,190.0
2021-01-05 09:33:41.691,0.361,0.3615,33.0,0.3606,20.0,5531.0,190.0
2021-01-05 09:33:42.160,0.361,0.3616,1.0,0.3611,20.0,5531.0,190.0
2021-01-05 09:33:42.640,0.3616,0.3624,20.0,0.3611,20.0,5530.0,191.0
2021-01-05 09:33:43.180,0.3616,0.3628,33.0,0.3615,20.0,5530.0,191.0
2021-01-05 09:33:43.681,0.3616,0.3628,20.0,0.3615,20.0,5530.0,191.0
2021-01-05 09:33:44.110,0.3616,0.3627,13.0,0.3615,20.0,5530.0,191.0
2021-01-05 09:33:44.671,0.3616,0.3625,20.0,0.3611,20.0,5530.0,191.0
2021-01-05 09:33:45.180,0.3616,0.3625,20.0,0.3611,20.0,5530.0,191.0
2021-01-05 09:33:45.660,0.3616,0.3625,20.0,0.3611,20.0,5530.0,191.0
2021-01-05 09:33:46.100,0.3616,0.3628,20.0,0.3617,20.0,5530.0,191.0
2021-01-05 09:33:46.680,0.3616,0.3628,20.0,0.362,20.0,5530.0,191.0
2021-01-05 09:33:47.191,0.3628,0.3637,33.0,0.3623,20.0,5530.0,210.0
2021-01-05 09:33:47.681,0.3628,0.3637,13.0,0.3623,20.0,5530.0,210.0
2021-01-05 09:33:48.171,0.3628,0.3637,13.0,0.3623,20.0,5530.0,210.0
2021-01-05 09:33:49.120,0.3628,0.3638,20.0,0.3623,20.0,5530.0,210.0
2021-01-05 09:33:49.681,0.3628,0.3638,20.0,0.3623,33.0,5530.0,210.0
2021-01-05 09:33:50.130,0.3628,0.3642,20.0,0.3626,20.0,5530.0,210.0
2021-01-05 09:33:50.670,0.3628,0.364,20.0,0.3626,20.0,5530.0,210.0
2021-01-05 09:33:51.141,0.3628,0.3639,13.0,0.3626,20.0,5530.0,210.0
2021-01-05 09:33:51.571,0.3628,0.3636,20.0,0.3624,20.0,5530.0,210.0
2021-01-05 09:33:52.190,0.3628,0.3635,15.0,0.3622,20.0,5530.0,210.0
2021-01-05 09:33:52.661,0.3628,0.3636,20.0,0.3625,20.0,5530.0,210.0
2021-01-05 09:33:53.171,0.3628,0.3639,33.0,0.3625,20.0,5530.0,210.0
2021-01-05 09:33:53.650,0.3628,0.3633,20.0,0.3621,20.0,5530.0,210.0
2021-01-05 09:33:54.180,0.3628,0.3633,20.0,0.3621,20.0,5530.0,210.0
2021-01-05 09:33:54.610,0.3628,0.3633,20.0,0.3622,13.0,5530.0,210.0
2021-01-05 09:33:55.181,0.3628,0.3637,20.0,0.3624,20.0,5530.0,210.0
2021-01-05 09:33:55.650,0.3628,0.3641,20.0,0.3627,20.0,5530.0,210.0
2021-01-05 09:33:56.120,0.3628,0.3639,20.0,0.3627,20.0,5530.0,210.0
2021-01-05 09:33:56.651,0.3628,0.3639,20.0,0.3627,20.0,5530.0,210.0
2021-01-05 09:33:57.171,0.3628,0.3643,33.0,0.3627,20.0,5530.0,210.0
2021-01-05 09:33:57.671,0.3628,0.3639,1.0,0.3632,20.0,5530.0,210.0
2021-01-05 09:33:58.170,0.3628,0.3639,1.0,0.3634,20.0,5530.0,210.0
2021-01-05 09:33:58.670,0.3639,0.365,20.0,0.3634,20.0,5529.0,211.0
2021-01-05 09:33:59.140,0.3639,0.3655,13.0,0.364,20.0,5529.0,211.0
2021-01-05 09:33:59.690,0.3639,0.3658,20.0,0.3641,13.0,5529.0,211.0
2021-01-05 09:34:00.191,0.3639,0.3657,10.0,0.3641,13.0,5529.0,211.0
2021-01-05 09:34:00.671,0.3639,0.366,20.0,0.3645,20.0,5529.0,211.0
2021-01-05 09:34:01.081,0.3639,0.3663,20.0,0.3646,13.0,5529.0,211.0
2021-01-05 09:34:01.661,0.3639,0.3654,20.0,0.3645,20.0,5529.0,211.0
2021-01-05 09:34:02.170,0.3639,0.3649,20.0,0.3639,53.0,5529.0,211.0
2021-01-05 09:34:02.671,0.3639,0.3654,20.0,0.3639,53.0,5529.0,211.0
2021-01-05 09:34:03.171,0.3639,0.3658,20.0,0.3643,20.0,5529.0,211.0
2021-01-05 09:34:03.670,0.3639,0.3657,10.0,0.3643,20.0,5529.0,211.0
2021-01-05 09:34:04.120,0.3639,0.3657,10.0,0.3643,20.0,5529.0,211.0
2021-01-05 09:34:04.671,0.3639,0.3657,10.0,0.3643,20.0,5529.0,211.0
2021-01-05 09:34:05.121,0.3639,0.3658,20.0,0.3647,20.0,5529.0,211.0
2021-01-05 09:34:05.630,0.3639,0.3664,33.0,0.3647,20.0,5529.0,211.0
2021-01-05 09:34:06.191,0.3639,0.3663,10.0,0.3647,20.0,5529.0,211.0
2021-01-05 09:34:06.671,0.3639,0.3664,20.0,0.365,20.0,5529.0,211.0
2021-01-05 09:34:07.130,0.3639,0.3664,20.0,0.365,20.0,5529.0,211.0
2021-01-05 09:34:07.601,0.3639,0.3666,20.0,0.365,20.0,5529.0,211.0
2021-01-05 09:34:08.171,0.3639,0.367,20.0,0.3657,20.0,5529.0,211.0
2021-01-05 09:34:08.690,0.367,0.3675,13.0,0.3657,53.0,5548.0,230.0
2021-01-05 09:34:09.170,0.367,0.3669,20.0,0.3657,20.0,5548.0,230.0
2021-01-05 09:34:09.670,0.367,0.3664,20.0,0.3653,20.0,5548.0,230.0
2021-01-05 09:34:10.140,0.367,0.3663,2.0,0.3653,20.0,5548.0,230.0
2021-01-05 09:34:10.690,0.3647,0.366,20.0,0.3647,29.0,5548.0,234.0
2021-01-05 09:34:11.151,0.3647,0.3657,15.0,0.3647,16.0,5548.0,234.0
2021-01-05 09:34:11.681,0.3647,0.3647,6.0,0.3641,13.0,5558.0,244.0
2021-01-05 09:34:12.121,0.3647,0.3652,20.0,0.3639,40.0,5558.0,244.0
2021-01-05 09:34:12.640,0.3647,0.3657,15.0,0.3648,20.0,5558.0,244.0
2021-01-05 09:34:13.191,0.3647,0.3648,10.0,0.3645,20.0,5558.0,244.0
2021-01-05 09:34:13.521,0.3647,0.3647,2.0,0.3639,20.0,5558.0,244.0
2021-01-05 09:34:14.181,0.3647,0.3647,2.0,0.3633,33.0,5558.0,244.0
2021-01-05 09:34:14.691,0.3633,0.3647,35.0,0.3632,20.0,5578.0,264.0
2021-01-05 09:34:15.181,0.3633,0.3642,20.0,0.3624,33.0,5578.0,264.0
2021-01-05 09:34:15.181,0.3633,0.3645,13.0,0.363,20.0,5578.0,264.0
2021-01-05 09:34:16.190,0.3633,0.3646,13.0,0.3636,20.0,5578.0,264.0
2021-01-05 09:34:16.630,0.3633,0.3652,20.0,0.3643,20.0,5578.0,264.0
2021-01-05 09:34:17.070,0.3633,0.3656,33.0,0.3643,20.0,5578.0,264.0
2021-01-05 09:34:17.690,0.3633,0.3657,15.0,0.3647,20.0,5578.0,264.0
2021-01-05 09:34:18.201,0.3633,0.3657,15.0,0.365,20.0,5578.0,264.0
2021-01-05 09:34:18.620,0.3633,0.3657,15.0,0.365,13.0,5578.0,264.0
2021-01-05 09:34:19.041,0.3633,0.3657,15.0,0.3652,20.0,5578.0,264.0
2021-01-05 09:34:19.700,0.3633,0.3655,20.0,0.3652,20.0,5578.0,264.0
2021-01-05 09:34:20.180,0.3655,0.3657,15.0,0.3652,20.0,5578.0,267.0
2021-01-05 09:34:20.651,0.3655,0.3657,15.0,0.3652,20.0,5578.0,267.0
2021-01-05 09:34:21.200,0.3657,0.3657,8.0,0.3652,20.0,5571.0,274.0
2021-01-05 09:34:21.690,0.3657,0.3663,20.0,0.3653,20.0,5563.0,282.0
2021-01-05 09:34:22.151,0.3657,0.3668,20.0,0.3653,20.0,5563.0,282.0
2021-01-05 09:34:22.191,0.3657,0.3664,20.0,0.3653,20.0,5563.0,282.0
2021-01-05 09:34:23.181,0.3657,0.3664,20.0,0.3653,20.0,5563.0,282.0
2021-01-05 09:34:23.640,0.3664,0.3664,19.0,0.3653,20.0,5563.0,283.0
2021-01-05 09:34:24.170,0.3664,0.3664,7.0,0.3653,20.0,5563.0,295.0
2021-01-05 09:34:24.600,0.3664,0.3664,7.0,0.3653,20.0,5563.0,295.0
2021-01-05 09:34:25.150,0.3664,0.367,53.0,0.3656,20.0,5563.0,295.0
2021-01-05 09:34:25.671,0.3664,0.3669,10.0,0.3656,20.0,5563.0,295.0
2021-01-05 09:34:26.020,0.3664,0.3669,10.0,0.3656,20.0,5563.0,295.0
2021-01-05 09:34:26.641,0.3664,0.3669,10.0,0.3656,20.0,5563.0,295.0
2021-01-05 09:34:27.150,0.3664,0.3667,20.0,0.3656,20.0,5563.0,295.0
2021-01-05 09:34:27.690,0.3664,0.3666,2.0,0.3656,20.0,5563.0,295.0
2021-01-05 09:34:28.120,0.3664,0.3666,2.0,0.3656,20.0,5563.0,295.0
2021-01-05 09:34:28.621,0.3664,0.3667,20.0,0.3656,20.0,5563.0,295.0
2021-01-05 09:34:29.171,0.3664,0.3667,20.0,0.3656,20.0,5563.0,295.0
2021-01-05 09:34:29.601,0.3664,0.3667,20.0,0.3656,20.0,5563.0,295.0
2021-01-05 09:34:30.170,0.3664,0.3667,20.0,0.3656,20.0,5563.0,295.0
2021-01-05 09:34:30.671,0.3664,0.3664,20.0,0.3653,1.0,5563.0,295.0
2021-01-05 09:34:31.190,0.3664,0.3668,20.0,0.3655,20.0,5563.0,295.0
2021-01-05 09:34:31.280,0.3664,0.367,20.0,0.3659,20.0,5563.0,295.0
2021-01-05 09:34:32.150,0.3664,0.367,20.0,0.3659,20.0,5563.0,295.0
2021-01-05 09:34:32.690,0.3664,0.3668,20.0,0.3655,20.0,5563.0,295.0
2021-01-05 09:34:33.090,0.3664,0.367,20.0,0.3658,20.0,5563.0,295.0
2021-01-05 09:34:33.691,0.3664,0.3678,40.0,0.3663,20.0,5563.0,295.0
2021-01-05 09:34:34.171,0.3664,0.3677,10.0,0.3663,20.0,5563.0,295.0
2021-01-05 09:34:34.630,0.3664,0.3676,20.0,0.3663,20.0,5563.0,295.0
2021-01-05 09:34:35.130,0.3664,0.3678,20.0,0.3664,13.0,5563.0,295.0
2021-01-05 09:34:35.691,0.3664,0.3678,20.0,0.3667,20.0,5563.0,295.0
2021-01-05 09:34:36.171,0.3664,0.3678,20.0,0.3667,20.0,5563.0,295.0
2021-01-05 09:34:36.680,0.3664,0.3678,20.0,0.3668,13.0,5563.0,295.0
2021-01-05 09:34:37.161,0.3664,0.368,20.0,0.3668,13.0,5563.0,295.0
2021-01-05 09:34:37.700,0.3664,0.3682,20.0,0.3671,20.0,5563.0,295.0
2021-01-05 09:34:38.171,0.3664,0.3688,40.0,0.3672,13.0,5563.0,295.0
2021-01-05 09:34:38.690,0.3664,0.3688,20.0,0.3674,20.0,5563.0,295.0
2021-01-05 09:34:39.091,0.3664,0.3688,20.0,0.3674,33.0,5563.0,295.0
2021-01-05 09:34:39.470,0.3664,0.369,20.0,0.3675,13.0,5563.0,295.0
2021-01-05 09:34:40.171,0.3664,0.3692,20.0,0.3679,20.0,5563.0,295.0
2021-01-05 09:34:40.601,0.3664,0.3688,20.0,0.3676,13.0,5563.0,295.0
2021-01-05 09:34:41.201,0.3679,0.3693,20.0,0.3679,12.0,5555.0,303.0
2021-01-05 09:34:41.700,0.3679,0.3693,20.0,0.3679,12.0,5555.0,303.0
2021-01-05 09:34:42.171,0.3679,0.3693,40.0,0.3679,12.0,5555.0,303.0
2021-01-05 09:34:42.680,0.3679,0.3693,40.0,0.3679,25.0,5555.0,303.0
2021-01-05 09:34:43.671,0.3679,0.3693,40.0,0.3679,12.0,5555.0,303.0
2021-01-05 09:34:44.151,0.3679,0.369,20.0,0.3679,12.0,5555.0,303.0
2021-01-05 09:34:44.701,0.3679,0.369,20.0,0.3679,12.0,5555.0,303.0
2021-01-05 09:34:45.200,0.3679,0.3693,20.0,0.368,13.0,5555.0,303.0
2021-01-05 09:34:45.721,0.3679,0.3692,20.0,0.3679,25.0,5555.0,303.0
2021-01-05 09:34:46.140,0.3679,0.3693,20.0,0.3683,20.0,5555.0,303.0
2021-01-05 09:34:46.660,0.3679,0.3692,2.0,0.3683,20.0,5555.0,303.0
2021-01-05 09:34:47.181,0.3679,0.3694,20.0,0.3683,20.0,5555.0,303.0
2021-01-05 09:34:47.701,0.3679,0.3697,20.0,0.3683,20.0,5555.0,303.0
2021-01-05 09:34:48.141,0.3679,0.3697,20.0,0.3683,33.0,5555.0,303.0
2021-01-05 09:34:48.700,0.3679,0.3697,20.0,0.3683,20.0,5555.0,303.0
2021-01-05 09:34:49.701,0.3679,0.3693,20.0,0.3683,20.0,5555.0,303.0
2021-01-05 09:34:50.161,0.3679,0.369,20.0,0.3678,13.0,5555.0,303.0
2021-01-05 09:34:50.700,0.3679,0.3689,2.0,0.3677,13.0,5555.0,303.0
2021-01-05 09:34:51.200,0.3679,0.3689,2.0,0.368,20.0,5555.0,303.0
2021-01-05 09:34:51.701,0.3679,0.3689,2.0,0.3676,13.0,5555.0,303.0
2021-01-05 09:34:52.220,0.3679,0.3691,20.0,0.3681,20.0,5555.0,303.0
2021-01-05 09:34:52.650,0.3679,0.3689,20.0,0.3678,13.0,5555.0,303.0
2021-01-05 09:34:53.180,0.3679,0.3691,20.0,0.3689,1.0,5555.0,303.0
2021-01-05 09:34:53.651,0.3679,0.3697,20.0,0.3689,1.0,5555.0,303.0
2021-01-05 09:34:54.170,0.3679,0.3697,20.0,0.3689,1.0,5555.0,303.0
2021-01-05 09:34:54.631,0.3679,0.3707,20.0,0.3692,20.0,5555.0,303.0
2021-01-05 09:34:55.161,0.3679,0.3707,20.0,0.3698,20.0,5555.0,303.0
2021-01-05 09:34:55.680,0.3679,0.3717,13.0,0.3699,13.0,5555.0,303.0
2021-01-05 09:34:56.131,0.3679,0.3718,20.0,0.3699,13.0,5555.0,303.0
2021-01-05 09:34:56.681,0.3679,0.3726,20.0,0.3705,20.0,5555.0,303.0
2021-01-05 09:34:57.130,0.3679,0.3723,20.0,0.3706,13.0,5555.0,303.0
2021-01-05 09:34:57.651,0.3679,0.3723,20.0,0.3706,13.0,5555.0,303.0
2021-01-05 09:34:58.160,0.3679,0.3723,20.0,0.3706,13.0,5555.0,303.0
2021-01-05 09:34:58.640,0.3679,0.372,20.0,0.3706,13.0,5555.0,303.0
2021-01-05 09:34:59.170,0.3679,0.3725,20.0,0.3706,13.0,5555.0,303.0
2021-01-05 09:34:59.660,0.3723,0.3721,19.0,0.3706,13.0,5556.0,304.0
2021-01-05 09:35:00.160,0.3723,0.3725,20.0,0.3708,20.0,5556.0,304.0
2021-01-05 09:35:00.640,0.3723,0.3725,20.0,0.3709,13.0,5556.0,304.0
2021-01-05 09:35:01.610,0.3723,0.3718,20.0,0.3709,13.0,5556.0,304.0
2021-01-05 09:35:02.160,0.3723,0.3717,2.0,0.3705,13.0,5556.0,304.0
2021-01-05 09:35:02.680,0.3723,0.3714,20.0,0.3704,20.0,5556.0,304.0
2021-01-05 09:35:03.180,0.3713,0.3714,20.0,0.3704,20.0,5558.0,306.0
2021-01-05 09:35:03.660,0.3713,0.3708,20.0,0.3695,13.0,5558.0,306.0
2021-01-05 09:35:04.061,0.3713,0.3716,40.0,0.3703,20.0,5558.0,306.0
2021-01-05 09:35:05.131,0.3713,0.3716,13.0,0.3703,20.0,5558.0,306.0
2021-01-05 09:35:05.671,0.3713,0.3716,13.0,0.3703,20.0,5558.0,306.0
2021-01-05 09:35:06.180,0.3713,0.3717,40.0,0.3706,20.0,5558.0,306.0
2021-01-05 09:35:06.680,0.3713,0.3722,20.0,0.3709,20.0,5558.0,306.0
2021-01-05 09:35:07.131,0.3713,0.3722,20.0,0.371,2.0,5558.0,306.0
2021-01-05 09:35:07.650,0.3713,0.3728,20.0,0.3714,20.0,5558.0,306.0
2021-01-05 09:35:08.171,0.3713,0.3734,20.0,0.3719,20.0,5558.0,306.0
2021-01-05 09:35:09.191,0.3713,0.3742,20.0,0.3726,20.0,5558.0,306.0
2021-01-05 09:35:09.700,0.3713,0.3741,10.0,0.3726,20.0,5558.0,306.0
2021-01-05 09:35:10.180,0.3713,0.3741,10.0,0.3727,2.0,5558.0,306.0
2021-01-05 09:35:10.691,0.3713,0.3741,30.0,0.3727,2.0,5558.0,306.0
2021-01-05 09:35:11.160,0.3713,0.3741,10.0,0.3728,13.0,5558.0,306.0
2021-01-05 09:35:11.680,0.3713,0.3741,10.0,0.3732,20.0,5558.0,306.0
2021-01-05 09:35:12.101,0.3713,0.374,1.0,0.3732,20.0,5558.0,306.0
2021-01-05 09:35:12.691,0.3713,0.374,1.0,0.3731,13.0,5558.0,306.0
2021-01-05 09:35:13.181,0.3731,0.3735,20.0,0.3727,13.0,5571.0,319.0
2021-01-05 09:35:13.640,0.3727,0.3727,27.0,0.3713,20.0,5584.0,332.0
2021-01-05 09:35:14.191,0.3727,0.3723,20.0,0.3706,20.0,5584.0,332.0
2021-01-05 09:35:14.700,0.3717,0.3717,19.0,0.3697,40.0,5585.0,333.0
2021-01-05 09:35:15.200,0.3717,0.3716,23.0,0.37,20.0,5585.0,333.0
2021-01-05 09:35:15.690,0.3717,0.3715,13.0,0.371,20.0,5585.0,333.0
2021-01-05 09:35:16.201,0.3715,0.3728,20.0,0.3703,10.0,5605.0,353.0
2021-01-05 09:35:16.681,0.3715,0.3722,20.0,0.3708,20.0,5605.0,353.0
2021-01-05 09:35:17.190,0.3715,0.3722,20.0,0.3708,33.0,5605.0,353.0
2021-01-05 09:35:17.680,0.3715,0.3721,10.0,0.3708,33.0,5605.0,353.0
2021-01-05 09:35:18.170,0.3715,0.3719,20.0,0.3708,20.0,5605.0,353.0
2021-01-05 09:35:18.681,0.3715,0.3714,20.0,0.3703,13.0,5605.0,353.0
2021-01-05 09:35:19.180,0.3715,0.3714,20.0,0.3698,13.0,5605.0,353.0
2021-01-05 09:35:19.271,0.3715,0.3713,10.0,0.3698,13.0,5605.0,353.0
2021-01-05 09:35:20.681,0.3715,0.3717,10.0,0.3705,20.0,5605.0,353.0
2021-01-05 09:35:21.140,0.3719,0.3719,10.0,0.3713,7.0,5615.0,363.0
2021-01-05 09:35:21.340,0.3718,0.3727,13.0,0.3719,6.0,5615.0,373.0
2021-01-05 09:35:22.171,0.3718,0.3731,30.0,0.3719,6.0,5615.0,373.0
2021-01-05 09:35:22.521,0.3718,0.373,10.0,0.3719,6.0,5615.0,373.0
2021-01-05 09:35:23.680,0.3718,0.373,10.0,0.3719,6.0,5615.0,373.0
2021-01-05 09:35:24.171,0.3719,0.3723,20.0,0.3716,13.0,5615.0,379.0
2021-01-05 09:35:24.671,0.3719,0.3729,20.0,0.3715,20.0,5615.0,379.0
2021-01-05 09:35:25.061,0.3719,0.3728,10.0,0.3718,20.0,5615.0,379.0
2021-01-05 09:35:25.660,0.3719,0.3733,20.0,0.372,20.0,5615.0,379.0
2021-01-05 09:35:26.160,0.3719,0.3732,10.0,0.3721,13.0,5615.0,379.0
2021-01-05 09:35:26.651,0.3732,0.3732,9.0,0.3722,20.0,5616.0,380.0
2021-01-05 09:35:27.641,0.3732,0.3729,20.0,0.3716,20.0,5616.0,380.0
2021-01-05 09:35:28.131,0.3732,0.3729,20.0,0.3718,20.0,5616.0,380.0
2021-01-05 09:35:28.680,0.3732,0.3729,20.0,0.3718,20.0,5616.0,380.0
2021-01-05 09:35:30.121,0.3732,0.3736,20.0,0.3722,20.0,5616.0,380.0
2021-01-05 09:35:30.690,0.3732,0.3735,10.0,0.3722,20.0,5616.0,380.0
2021-01-05 09:35:31.170,0.3732,0.3735,10.0,0.3722,20.0,5616.0,380.0
2021-01-05 09:35:31.700,0.3732,0.3732,20.0,0.3722,20.0,5616.0,380.0
2021-01-05 09:35:31.961,0.3732,0.3735,20.0,0.3722,20.0,5616.0,380.0
2021-01-05 09:35:32.630,0.3732,0.3734,10.0,0.3722,20.0,5616.0,380.0
2021-01-05 09:35:33.160,0.3732,0.3735,20.0,0.3725,20.0,5616.0,380.0
2021-01-05 09:35:33.640,0.3732,0.3735,20.0,0.3727,20.0,5616.0,380.0
2021-01-05 09:35:34.180,0.3732,0.374,1.0,0.3735,7.0,5616.0,380.0
2021-01-05 09:35:34.691,0.3732,0.374,1.0,0.3735,7.0,5616.0,380.0
2021-01-05 09:35:35.200,0.3732,0.374,1.0,0.3735,7.0,5616.0,380.0
2021-01-05 09:35:35.590,0.374,0.3748,20.0,0.3735,7.0,5615.0,381.0
2021-01-05 09:35:36.161,0.374,0.3747,10.0,0.3735,7.0,5615.0,381.0
2021-01-05 09:35:36.601,0.374,0.3747,10.0,0.3736,13.0,5615.0,381.0
2021-01-05 09:35:37.171,0.374,0.375,20.0,0.3736,13.0,5615.0,381.0
2021-01-05 09:35:37.640,0.374,0.3748,20.0,0.3735,13.0,5615.0,381.0
2021-01-05 09:35:38.190,0.374,0.3748,20.0,0.3734,20.0,5615.0,381.0
2021-01-05 09:35:38.651,0.374,0.3742,20.0,0.3734,10.0,5615.0,381.0
2021-01-05 09:35:39.140,0.374,0.3742,20.0,0.3729,53.0,5615.0,381.0
2021-01-05 09:35:39.690,0.374,0.3742,20.0,0.373,10.0,5615.0,381.0
2021-01-05 09:35:40.191,0.374,0.3738,20.0,0.3724,40.0,5615.0,381.0
2021-01-05 09:35:40.691,0.374,0.3738,20.0,0.3725,10.0,5615.0,381.0
2021-01-05 09:35:41.190,0.374,0.3738,50.0,0.3725,10.0,5615.0,381.0
2021-01-05 09:35:41.680,0.374,0.3738,40.0,0.3724,20.0,5615.0,381.0
2021-01-05 09:35:42.160,0.374,0.3738,40.0,0.3727,20.0,5615.0,381.0
2021-01-05 09:35:42.621,0.374,0.3738,20.0,0.373,20.0,5615.0,381.0
2021-01-05 09:35:43.190,0.374,0.3744,20.0,0.3735,20.0,5615.0,381.0
2021-01-05 09:35:43.661,0.374,0.3739,20.0,0.3726,53.0,5615.0,381.0
2021-01-05 09:35:44.101,0.374,0.3744,20.0,0.3733,20.0,5615.0,381.0
2021-01-05 09:35:45.071,0.3744,0.3754,40.0,0.3744,19.0,5615.0,383.0
2021-01-05 09:35:45.670,0.3744,0.3753,10.0,0.3744,7.0,5615.0,383.0
2021-01-05 09:35:45.891,0.3744,0.3758,40.0,0.3745,2.0,5615.0,383.0
2021-01-05 09:35:46.700,0.3744,0.3757,10.0,0.3745,2.0,5615.0,383.0
2021-01-05 09:35:47.201,0.3744,0.3757,10.0,0.3745,2.0,5615.0,383.0
2021-01-05 09:35:48.181,0.3744,0.3765,20.0,0.3749,20.0,5615.0,383.0
2021-01-05 09:35:48.700,0.3744,0.3759,20.0,0.3749,13.0,5615.0,383.0
2021-01-05 09:35:49.180,0.3744,0.3762,20.0,0.3747,20.0,5615.0,383.0
2021-01-05 09:35:49.701,0.3744,0.3763,20.0,0.3748,23.0,5615.0,383.0
2021-01-05 09:35:50.150,0.3744,0.3763,10.0,0.375,20.0,5615.0,383.0
2021-01-05 09:35:50.680,0.3744,0.3763,20.0,0.375,33.0,5615.0,383.0
2021-01-05 09:35:51.180,0.3744,0.3762,10.0,0.375,20.0,5615.0,383.0
2021-01-05 09:35:51.710,0.3744,0.3757,20.0,0.3744,33.0,5615.0,383.0
2021-01-05 09:35:52.190,0.3744,0.3757,20.0,0.3745,23.0,5615.0,383.0
2021-01-05 09:35:52.661,0.3744,0.3757,20.0,0.3746,13.0,5615.0,383.0
2021-01-05 09:35:53.111,0.3744,0.3761,20.0,0.3747,20.0,5615.0,383.0
2021-01-05 09:35:53.570,0.3744,0.376,10.0,0.3747,20.0,5615.0,383.0
2021-01-05 09:35:54.161,0.3744,0.3756,20.0,0.3743,33.0,5615.0,383.0
2021-01-05 09:35:54.640,0.3744,0.3753,20.0,0.3741,13.0,5615.0,383.0
2021-01-05 09:35:55.151,0.3744,0.3747,20.0,0.3734,13.0,5615.0,383.0
2021-01-05 09:35:55.581,0.3744,0.3746,13.0,0.373,20.0,5615.0,383.0
2021-01-05 09:35:56.121,0.3744,0.3746,13.0,0.3731,10.0,5615.0,383.0
2021-01-05 09:35:56.690,0.3744,0.3747,20.0,0.3737,20.0,5615.0,383.0
2021-01-05 09:35:57.141,0.3744,0.3746,10.0,0.3737,20.0,5615.0,383.0
2021-01-05 09:35:58.150,0.3744,0.3747,20.0,0.3737,20.0,5615.0,383.0
2021-01-05 09:35:58.701,0.3744,0.3751,20.0,0.3737,20.0,5615.0,383.0
2021-01-05 09:35:59.160,0.3744,0.375,10.0,0.3737,20.0,5615.0,383.0
2021-01-05 09:36:00.190,0.3753,0.3753,15.0,0.3747,20.0,5615.0,388.0
2021-01-05 09:36:00.680,0.3753,0.376,20.0,0.3748,2.0,5627.0,402.0
2021-01-05 09:36:01.181,0.3753,0.3759,10.0,0.3748,2.0,5627.0,402.0
2021-01-05 09:36:01.671,0.3753,0.3759,23.0,0.3747,20.0,5627.0,402.0
2021-01-05 09:36:02.170,0.3753,0.3754,20.0,0.374,20.0,5627.0,402.0
2021-01-05 09:36:02.701,0.3753,0.375,20.0,0.3735,33.0,5627.0,402.0
2021-01-05 09:36:03.150,0.3753,0.3746,20.0,0.3732,10.0,5627.0,402.0
2021-01-05 09:36:03.700,0.3753,0.3745,15.0,0.373,20.0,5627.0,402.0
2021-01-05 09:36:04.201,0.3753,0.3744,33.0,0.373,20.0,5627.0,402.0
2021-01-05 09:36:04.670,0.3753,0.3744,20.0,0.373,20.0,5627.0,402.0
2021-01-05 09:36:05.150,0.3753,0.3748,20.0,0.3734,20.0,5627.0,402.0
2021-01-05 09:36:05.690,0.3753,0.3747,10.0,0.3737,20.0,5627.0,402.0
2021-01-05 09:36:06.180,0.3753,0.3747,10.0,0.3737,20.0,5627.0,402.0
2021-01-05 09:36:06.700,0.3753,0.3747,20.0,0.3737,20.0,5627.0,402.0
2021-01-05 09:36:07.181,0.3753,0.3747,20.0,0.3737,20.0,5627.0,402.0
2021-01-05 09:36:07.640,0.3753,0.3747,33.0,0.3737,20.0,5627.0,402.0
2021-01-05 09:36:08.700,0.3753,0.3746,13.0,0.3737,20.0,5627.0,402.0
2021-01-05 09:36:09.161,0.3737,0.3745,1.0,0.3733,20.0,5627.0,416.0
2021-01-05 09:36:09.691,0.3737,0.3744,13.0,0.3733,20.0,5627.0,416.0
2021-01-05 09:36:10.101,0.3733,0.3741,20.0,0.3728,20.0,5633.0,422.0
2021-01-05 09:36:10.671,0.3733,0.3738,30.0,0.3724,20.0,5633.0,422.0
2021-01-05 09:36:11.180,0.3733,0.3738,30.0,0.3725,10.0,5633.0,422.0
2021-01-05 09:36:11.651,0.3733,0.3741,20.0,0.3729,20.0,5633.0,422.0
2021-01-05 09:36:12.181,0.3733,0.374,10.0,0.3729,20.0,5633.0,422.0
2021-01-05 09:36:12.281,0.3733,0.3742,10.0,0.3732,20.0,5633.0,422.0
2021-01-05 09:36:13.190,0.3733,0.3742,10.0,0.3732,20.0,5633.0,422.0
2021-01-05 09:36:13.680,0.3732,0.3742,10.0,0.3726,13.0,5653.0,442.0
2021-01-05 09:36:14.150,0.3732,0.3741,2.0,0.373,20.0,5653.0,442.0
2021-01-05 09:36:14.611,0.3732,0.3741,2.0,0.373,20.0,5653.0,442.0
2021-01-05 09:36:15.170,0.3732,0.374,20.0,0.3726,20.0,5653.0,442.0
2021-01-05 09:36:15.660,0.3732,0.374,33.0,0.3726,30.0,5653.0,442.0
2021-01-05 09:36:16.150,0.3732,0.3739,10.0,0.3726,20.0,5653.0,442.0
2021-01-05 09:36:16.250,0.3732,0.3739,10.0,0.3726,30.0,5653.0,442.0
2021-01-05 09:36:17.180,0.3732,0.3739,10.0,0.3726,20.0,5653.0,442.0
2021-01-05 09:36:17.670,0.3732,0.3739,10.0,0.3726,30.0,5653.0,442.0
2021-01-05 09:36:18.181,0.3732,0.3738,2.0,0.3726,20.0,5653.0,442.0
2021-01-05 09:36:18.640,0.3732,0.3736,20.0,0.3722,20.0,5653.0,442.0
2021-01-05 09:36:18.761,0.3732,0.3738,2.0,0.3727,20.0,5653.0,442.0
2021-01-05 09:36:19.691,0.3732,0.3737,10.0,0.3727,20.0,5653.0,442.0
2021-01-05 09:36:20.161,0.3732,0.3737,10.0,0.3723,20.0,5653.0,442.0
2021-01-05 09:36:20.680,0.3732,0.3736,2.0,0.3723,30.0,5653.0,442.0
2021-01-05 09:36:21.120,0.3732,0.3734,20.0,0.372,20.0,5653.0,442.0
2021-01-05 09:36:21.691,0.3732,0.3733,10.0,0.3721,10.0,5653.0,442.0
2021-01-05 09:36:22.171,0.3732,0.3733,10.0,0.3721,10.0,5653.0,442.0
2021-01-05 09:36:22.680,0.3732,0.3733,10.0,0.3721,10.0,5653.0,442.0
2021-01-05 09:36:23.191,0.3732,0.3734,30.0,0.3722,20.0,5653.0,442.0
2021-01-05 09:36:23.681,0.3732,0.3738,13.0,0.3726,20.0,5653.0,442.0
2021-01-05 09:36:24.171,0.3732,0.3741,13.0,0.3731,20.0,5653.0,442.0
2021-01-05 09:36:24.701,0.3732,0.3744,13.0,0.3731,20.0,5653.0,442.0
2021-01-05 09:36:25.191,0.3732,0.3743,10.0,0.3731,20.0,5653.0,442.0
2021-01-05 09:36:25.650,0.3732,0.374,20.0,0.3727,20.0,5653.0,442.0
2021-01-05 09:36:26.171,0.3732,0.374,20.0,0.3728,10.0,5653.0,442.0
2021-01-05 09:36:26.651,0.3732,0.3748,20.0,0.3733,20.0,5653.0,442.0
2021-01-05 09:36:27.070,0.3732,0.3747,10.0,0.3733,33.0,5653.0,442.0
2021-01-05 09:36:27.690,0.3732,0.375,10.0,0.3736,20.0,5653.0,442.0
2021-01-05 09:36:28.040,0.3732,0.3755,33.0,0.3738,20.0,5653.0,442.0
2021-01-05 09:36:28.681,0.3732,0.3754,10.0,0.3741,20.0,5653.0,442.0
2021-01-05 09:36:29.171,0.3732,0.3763,23.0,0.3754,10.0,5653.0,442.0
2021-01-05 09:36:29.661,0.3732,0.3762,13.0,0.3745,20.0,5653.0,442.0
2021-01-05 09:36:30.161,0.3732,0.3761,10.0,0.3746,13.0,5653.0,442.0
2021-01-05 09:36:30.651,0.3732,0.3755,20.0,0.3743,13.0,5653.0,442.0
2021-01-05 09:36:31.181,0.3732,0.376,20.0,0.3744,30.0,5653.0,442.0
2021-01-05 09:36:31.690,0.3732,0.3755,20.0,0.3744,30.0,5653.0,442.0
2021-01-05 09:36:32.130,0.3732,0.3755,20.0,0.3744,30.0,5653.0,442.0
2021-01-05 09:36:32.660,0.3732,0.3759,53.0,0.3744,30.0,5653.0,442.0
2021-01-05 09:36:33.200,0.3732,0.3752,20.0,0.3739,33.0,5653.0,442.0
2021-01-05 09:36:33.670,0.3732,0.3752,20.0,0.3739,33.0,5653.0,442.0
2021-01-05 09:36:34.091,0.3732,0.3758,35.0,0.3744,20.0,5653.0,442.0
2021-01-05 09:36:34.671,0.3732,0.3758,33.0,0.3744,20.0,5653.0,442.0
2021-01-05 09:36:34.971,0.3732,0.3751,20.0,0.3738,40.0,5653.0,442.0
2021-01-05 09:36:35.701,0.3732,0.3751,20.0,0.374,20.0,5653.0,442.0
2021-01-05 09:36:36.041,0.3732,0.3756,20.0,0.3743,20.0,5653.0,442.0
2021-01-05 09:36:36.700,0.3732,0.3762,20.0,0.3751,20.0,5653.0,442.0
2021-01-05 09:36:37.190,0.3732,0.3761,10.0,0.3751,20.0,5653.0,442.0
2021-01-05 09:36:37.970,0.3732,0.3759,20.0,0.3751,20.0,5653.0,442.0
2021-01-05 09:36:38.640,0.3732,0.3759,20.0,0.3751,20.0,5653.0,442.0
2021-01-05 09:36:39.090,0.3758,0.3758,9.0,0.3751,20.0,5654.0,443.0
2021-01-05 09:36:39.680,0.3758,0.3758,9.0,0.3751,20.0,5654.0,443.0
2021-01-05 09:36:40.191,0.3751,0.3753,20.0,0.3738,40.0,5654.0,463.0
2021-01-05 09:36:40.700,0.3751,0.3757,2.0,0.3746,20.0,5654.0,463.0
2021-01-05 09:36:41.201,0.3751,0.3756,10.0,0.3746,20.0,5654.0,463.0
2021-01-05 09:36:41.641,0.3751,0.3753,20.0,0.3739,20.0,5654.0,463.0
2021-01-05 09:36:42.021,0.3751,0.3746,17.0,0.3743,20.0,5654.0,463.0
2021-01-05 09:36:42.531,0.3746,0.3752,1.0,0.3739,20.0,5654.0,480.0
2021-01-05 09:36:43.180,0.3746,0.3752,1.0,0.3746,10.0,5654.0,480.0
2021-01-05 09:36:43.700,0.3746,0.3752,1.0,0.3746,20.0,5654.0,480.0
2021-01-05 09:36:44.200,0.3746,0.3756,20.0,0.3746,20.0,5654.0,480.0
2021-01-05 09:36:44.680,0.3746,0.3755,10.0,0.3746,20.0,5654.0,480.0
2021-01-05 09:36:45.191,0.3746,0.3757,1.0,0.3748,20.0,5654.0,480.0
2021-01-05 09:36:45.631,0.3746,0.3757,1.0,0.3749,2.0,5654.0,480.0
2021-01-05 09:36:46.190,0.3757,0.3767,20.0,0.3752,20.0,5653.0,481.0
2021-01-05 09:36:46.501,0.3757,0.3767,10.0,0.3757,1.0,5653.0,481.0
2021-01-05 09:36:47.130,0.3757,0.377,21.0,0.3758,2.0,5653.0,481.0
2021-01-05 09:36:47.660,0.3757,0.377,11.0,0.3758,2.0,5653.0,481.0
2021-01-05 09:36:48.130,0.3757,0.377,11.0,0.3758,35.0,5653.0,481.0
2021-01-05 09:36:48.630,0.3757,0.3768,20.0,0.3758,15.0,5653.0,481.0
2021-01-05 09:36:49.181,0.3757,0.377,1.0,0.3759,43.0,5653.0,481.0
2021-01-05 09:36:49.700,0.3757,0.377,1.0,0.3759,20.0,5653.0,481.0
2021-01-05 09:36:50.201,0.3757,0.377,1.0,0.3759,30.0,5653.0,481.0
2021-01-05 09:36:50.670,0.3757,0.3769,2.0,0.3759,20.0,5653.0,481.0
2021-01-05 09:36:51.171,0.3757,0.3769,2.0,0.3759,20.0,5653.0,481.0
2021-01-05 09:36:51.671,0.3757,0.3769,2.0,0.3759,20.0,5653.0,481.0
2021-01-05 09:36:52.180,0.3757,0.3769,2.0,0.3759,20.0,5653.0,481.0
2021-01-05 09:36:52.670,0.3757,0.377,1.0,0.3759,30.0,5653.0,481.0
2021-01-05 09:36:53.191,0.3757,0.377,1.0,0.3761,20.0,5653.0,481.0
2021-01-05 09:36:53.671,0.3757,0.377,1.0,0.3761,20.0,5653.0,481.0
2021-01-05 09:36:54.180,0.3757,0.377,21.0,0.3757,20.0,5653.0,481.0
2021-01-05 09:36:54.631,0.3757,0.3765,20.0,0.3752,30.0,5653.0,481.0
2021-01-05 09:36:55.141,0.3757,0.3764,2.0,0.3755,20.0,5653.0,481.0
2021-01-05 09:36:55.651,0.3757,0.3764,2.0,0.3755,20.0,5653.0,481.0
2021-01-05 09:36:56.141,0.3757,0.3764,12.0,0.3755,20.0,5653.0,481.0
2021-01-05 09:36:56.691,0.3757,0.3764,2.0,0.3755,20.0,5653.0,481.0
2021-01-05 09:36:57.171,0.3757,0.3765,20.0,0.3755,20.0,5653.0,481.0
2021-01-05 09:36:58.160,0.3757,0.3765,20.0,0.3755,20.0,5653.0,481.0
2021-01-05 09:36:58.610,0.3757,0.3764,10.0,0.3751,33.0,5653.0,481.0
2021-01-05 09:36:59.181,0.3757,0.3769,40.0,0.3756,20.0,5653.0,481.0
2021-01-05 09:36:59.690,0.3757,0.3769,10.0,0.3761,20.0,5653.0,481.0
2021-01-05 09:37:00.151,0.3757,0.377,1.0,0.3761,20.0,5653.0,481.0
2021-01-05 09:37:00.700,0.3757,0.377,1.0,0.3761,20.0,5653.0,481.0
2021-01-05 09:37:01.081,0.3757,0.377,1.0,0.3761,20.0,5653.0,481.0
2021-01-05 09:37:01.630,0.3757,0.3768,20.0,0.3756,20.0,5653.0,481.0
2021-01-05 09:37:02.191,0.3757,0.3765,20.0,0.3754,13.0,5653.0,481.0
2021-01-05 09:37:02.610,0.3757,0.3763,20.0,0.3752,33.0,5653.0,481.0
2021-01-05 09:37:03.151,0.3757,0.3766,20.0,0.3752,20.0,5653.0,481.0
2021-01-05 09:37:03.630,0.3757,0.3763,20.0,0.3752,30.0,5653.0,481.0
2021-01-05 09:37:03.630,0.3757,0.3756,20.0,0.374,10.0,5653.0,481.0
2021-01-05 09:37:04.681,0.3757,0.3756,20.0,0.3741,2.0,5653.0,481.0
2021-01-05 09:37:05.140,0.3757,0.3756,20.0,0.3744,20.0,5653.0,481.0
2021-01-05 09:37:05.701,0.3757,0.3755,23.0,0.374,10.0,5653.0,481.0
2021-01-05 09:37:06.171,0.3757,0.3755,25.0,0.3738,22.0,5653.0,481.0
2021-01-05 09:37:06.700,0.3757,0.3754,13.0,0.3739,10.0,5653.0,481.0
2021-01-05 09:37:07.180,0.3757,0.3754,13.0,0.374,20.0,5653.0,481.0
2021-01-05 09:37:07.681,0.3757,0.3754,13.0,0.3743,20.0,5653.0,481.0
2021-01-05 09:37:08.190,0.3757,0.3758,13.0,0.3748,20.0,5653.0,481.0
2021-01-05 09:37:08.630,0.3757,0.3761,20.0,0.3751,20.0,5653.0,481.0
2021-01-05 09:37:09.170,0.3757,0.3767,20.0,0.3752,13.0,5653.0,481.0
2021-01-05 09:37:09.660,0.3757,0.3766,10.0,0.3754,20.0,5653.0,481.0
2021-01-05 09:37:10.121,0.3757,0.3757,20.0,0.3744,20.0,5653.0,481.0
2021-01-05 09:37:10.701,0.3757,0.3753,20.0,0.3742,13.0,5653.0,481.0
2021-01-05 09:37:11.201,0.3757,0.3753,20.0,0.3743,10.0,5653.0,481.0
2021-01-05 09:37:11.700,0.3757,0.3753,20.0,0.3741,20.0,5653.0,481.0
2021-01-05 09:37:12.131,0.3757,0.3753,20.0,0.3741,20.0,5653.0,481.0
2021-01-05 09:37:12.131,0.3757,0.3752,10.0,0.3741,30.0,5653.0,481.0
2021-01-05 09:37:13.181,0.3757,0.3752,11.0,0.3737,20.0,5653.0,481.0
2021-01-05 09:37:13.681,0.3757,0.3756,13.0,0.3748,1.0,5653.0,481.0
2021-01-05 09:37:14.130,0.3757,0.376,33.0,0.3748,1.0,5653.0,481.0
2021-01-05 09:37:14.651,0.3757,0.3759,10.0,0.3748,1.0,5653.0,481.0
2021-01-05 09:37:15.160,0.3757,0.3766,20.0,0.3751,20.0,5653.0,481.0
2021-01-05 09:37:15.671,0.3757,0.3761,20.0,0.3751,20.0,5653.0,481.0
2021-01-05 09:37:16.190,0.3757,0.3761,20.0,0.3751,20.0,5653.0,481.0
2021-01-05 09:37:16.461,0.3757,0.3755,20.0,0.3748,1.0,5653.0,481.0
2021-01-05 09:37:17.200,0.3757,0.3754,2.0,0.3748,1.0,5653.0,481.0
2021-01-05 09:37:17.671,0.3757,0.3754,2.0,0.3748,1.0,5653.0,481.0
2021-01-05 09:37:18.061,0.3757,0.3754,2.0,0.3748,1.0,5653.0,481.0
2021-01-05 09:37:18.641,0.3757,0.3759,20.0,0.3748,1.0,5653.0,481.0
2021-01-05 09:37:18.891,0.3757,0.3759,30.0,0.3748,24.0,5653.0,481.0
2021-01-05 09:37:19.711,0.3757,0.3759,20.0,0.3748,1.0,5653.0,481.0
2021-01-05 09:37:20.211,0.3757,0.3759,20.0,0.3749,23.0,5653.0,481.0
2021-01-05 09:37:20.691,0.3757,0.3759,20.0,0.3749,10.0,5653.0,481.0
2021-01-05 09:37:21.200,0.3757,0.3755,20.0,0.3748,1.0,5653.0,481.0
2021-01-05 09:37:21.701,0.3748,0.3753,20.0,0.3742,20.0,5654.0,482.0
2021-01-05 09:37:22.030,0.3748,0.3748,1.0,0.3742,20.0,5654.0,482.0
2021-01-05 09:37:22.620,0.3748,0.3748,1.0,0.3742,20.0,5654.0,482.0
2021-01-05 09:37:23.150,0.3748,0.3748,1.0,0.3739,20.0,5654.0,482.0
2021-01-05 09:37:23.701,0.3748,0.3748,1.0,0.374,10.0,5654.0,482.0
2021-01-05 09:37:24.080,0.3748,0.3748,1.0,0.374,20.0,5654.0,482.0
2021-01-05 09:37:24.631,0.3748,0.3751,20.0,0.374,20.0,5654.0,482.0
2021-01-05 09:37:25.200,0.3748,0.3756,40.0,0.3744,20.0,5654.0,482.0
2021-01-05 09:37:25.670,0.3748,0.3754,20.0,0.3744,20.0,5654.0,482.0
2021-01-05 09:37:26.170,0.3748,0.3754,20.0,0.3744,20.0,5654.0,482.0
2021-01-05 09:37:26.650,0.3748,0.3751,20.0,0.3737,20.0,5654.0,482.0
2021-01-05 09:37:27.130,0.3748,0.3751,20.0,0.3741,20.0,5654.0,482.0
2021-01-05 09:37:27.130,0.3748,0.3751,20.0,0.3741,20.0,5654.0,482.0
2021-01-05 09:37:28.151,0.3748,0.3751,20.0,0.3741,20.0,5654.0,482.0
2021-01-05 09:37:28.560,0.3748,0.3751,30.0,0.3737,20.0,5654.0,482.0
2021-01-05 09:37:29.130,0.3742,0.3755,20.0,0.3742,19.0,5654.0,483.0
2021-01-05 09:37:29.691,0.3742,0.3754,12.0,0.3742,19.0,5654.0,483.0
2021-01-05 09:37:30.191,0.3742,0.3746,20.0,0.3735,43.0,5654.0,483.0
2021-01-05 09:37:30.590,0.3742,0.3753,20.0,0.3742,1.0,5654.0,483.0
2021-01-05 09:37:31.190,0.3742,0.3752,10.0,0.3742,1.0,5654.0,483.0
2021-01-05 09:37:31.691,0.3742,0.3753,20.0,0.3742,1.0,5654.0,483.0
2021-01-05 09:37:32.181,0.3742,0.3753,30.0,0.3742,11.0,5654.0,483.0
2021-01-05 09:37:32.571,0.3753,0.3753,13.0,0.3742,34.0,5654.0,490.0
2021-01-05 09:37:33.180,0.3753,0.3764,20.0,0.3749,20.0,5654.0,496.0
2021-01-05 09:37:33.681,0.3753,0.3761,20.0,0.375,10.0,5654.0,496.0
2021-01-05 09:37:34.200,0.3753,0.3761,20.0,0.3747,13.0,5654.0,496.0
2021-01-05 09:37:34.500,0.3753,0.376,10.0,0.3748,10.0,5654.0,496.0
2021-01-05 09:37:35.170,0.3753,0.3756,20.0,0.3745,40.0,5654.0,496.0
2021-01-05 09:37:35.650,0.3753,0.3753,20.0,0.3746,10.0,5654.0,496.0
2021-01-05 09:37:36.140,0.3746,0.3757,20.0,0.3744,20.0,5664.0,506.0
2021-01-05 09:37:36.671,0.3746,0.3753,20.0,0.3745,10.0,5664.0,506.0
2021-01-05 09:37:37.180,0.3745,0.3753,20.0,0.3742,1.0,5664.0,516.0
2021-01-05 09:37:37.691,0.3745,0.3752,2.0,0.3742,1.0,5664.0,516.0
2021-01-05 09:37:38.161,0.3742,0.375,20.0,0.3737,33.0,5665.0,517.0
2021-01-05 09:37:38.651,0.3742,0.3747,20.0,0.3738,10.0,5665.0,517.0
2021-01-05 09:37:39.170,0.3742,0.3744,20.0,0.373,23.0,5665.0,517.0
2021-01-05 09:37:39.700,0.3742,0.3744,20.0,0.3735,1.0,5665.0,517.0
2021-01-05 09:37:40.161,0.3742,0.3744,20.0,0.3735,11.0,5665.0,517.0
2021-01-05 09:37:40.161,0.3742,0.3744,30.0,0.3735,1.0,5665.0,517.0
2021-01-05 09:37:41.051,0.3742,0.3744,20.0,0.3735,1.0,5665.0,517.0
2021-01-05 09:37:41.660,0.3742,0.3743,2.0,0.3735,1.0,5665.0,517.0
2021-01-05 09:37:42.130,0.3742,0.3743,2.0,0.3735,1.0,5665.0,517.0
2021-01-05 09:37:42.620,0.3735,0.3735,1.0,0.373,10.0,5666.0,518.0
2021-01-05 09:37:43.181,0.3735,0.3735,1.0,0.3729,20.0,5666.0,518.0
2021-01-05 09:37:43.671,0.3735,0.3735,1.0,0.3729,20.0,5666.0,518.0
2021-01-05 09:37:44.140,0.3735,0.3735,1.0,0.3724,40.0,5666.0,518.0
2021-01-05 09:37:44.651,0.3735,0.3735,11.0,0.3725,10.0,5666.0,518.0
2021-01-05 09:37:45.171,0.3735,0.3735,1.0,0.3722,10.0,5666.0,518.0
2021-01-05 09:37:45.650,0.3735,0.3734,10.0,0.3722,10.0,5666.0,518.0
2021-01-05 09:37:46.161,0.3735,0.3733,13.0,0.372,20.0,5666.0,518.0
2021-01-05 09:37:46.520,0.3735,0.3736,20.0,0.3723,20.0,5666.0,518.0
2021-01-05 09:37:46.950,0.3735,0.3735,10.0,0.3724,10.0,5666.0,518.0
2021-01-05 09:37:47.661,0.3735,0.3739,20.0,0.3728,20.0,5666.0,518.0
2021-01-05 09:37:48.080,0.3735,0.374,20.0,0.3728,20.0,5666.0,518.0
2021-01-05 09:37:48.700,0.3735,0.3738,20.0,0.3729,10.0,5666.0,518.0
2021-01-05 09:37:49.190,0.3735,0.3738,20.0,0.3729,10.0,5666.0,518.0
2021-01-05 09:37:49.670,0.3735,0.3738,30.0,0.3725,2.0,5666.0,518.0
2021-01-05 09:37:50.220,0.3735,0.3738,33.0,0.3727,20.0,5666.0,518.0
2021-01-05 09:37:51.691,0.3735,0.3746,33.0,0.3732,20.0,5666.0,518.0
2021-01-05 09:37:52.191,0.3735,0.3741,20.0,0.3728,30.0,5666.0,518.0
2021-01-05 09:37:52.631,0.3735,0.3741,20.0,0.3728,30.0,5666.0,518.0
2021-01-05 09:37:53.161,0.3735,0.3741,20.0,0.3728,43.0,5666.0,518.0
2021-01-05 09:37:53.680,0.3735,0.3745,20.0,0.3731,20.0,5666.0,518.0
2021-01-05 09:37:54.170,0.3732,0.3739,20.0,0.3732,9.0,5666.0,519.0
2021-01-05 09:37:54.170,0.3732,0.3739,20.0,0.3728,30.0,5666.0,519.0
2021-01-05 09:37:56.121,0.3732,0.3737,20.0,0.3728,10.0,5666.0,519.0
2021-01-05 09:37:56.611,0.3728,0.3735,20.0,0.3724,20.0,5670.0,523.0
2021-01-05 09:37:57.170,0.3728,0.3732,20.0,0.372,33.0,5670.0,523.0
2021-01-05 09:37:57.601,0.3728,0.3728,20.0,0.3718,10.0,5670.0,523.0
2021-01-05 09:37:58.091,0.3728,0.3728,20.0,0.3716,20.0,5670.0,523.0
2021-01-05 09:37:58.640,0.3728,0.3732,20.0,0.3719,20.0,5670.0,523.0
2021-01-05 09:37:59.161,0.3728,0.3731,10.0,0.3722,20.0,5670.0,523.0
2021-01-05 09:37:59.651,0.3731,0.3738,33.0,0.3725,20.0,5670.0,533.0
2021-01-05 09:38:00.100,0.3731,0.3737,10.0,0.3725,20.0,5670.0,533.0
2021-01-05 09:38:00.290,0.3731,0.3736,20.0,0.3726,10.0,5670.0,533.0
2021-01-05 09:38:01.180,0.3731,0.3735,1.0,0.3725,20.0,5670.0,533.0
2021-01-05 09:38:01.681,0.3731,0.3735,11.0,0.3725,30.0,5670.0,533.0
2021-01-05 09:38:02.190,0.3731,0.3735,11.0,0.3725,30.0,5670.0,533.0
2021-01-05 09:38:02.680,0.3731,0.3736,20.0,0.3725,20.0,5670.0,533.0
2021-01-05 09:38:02.841,0.3731,0.3736,20.0,0.3725,20.0,5670.0,533.0
2021-01-05 09:38:03.691,0.3731,0.3736,20.0,0.3726,12.0,5670.0,533.0
2021-01-05 09:38:04.040,0.3731,0.3742,20.0,0.3728,20.0,5670.0,533.0
2021-01-05 09:38:04.680,0.3731,0.3741,10.0,0.3728,40.0,5670.0,533.0
2021-01-05 09:38:05.181,0.3731,0.3741,10.0,0.3729,10.0,5670.0,533.0
2021-01-05 09:38:05.671,0.3731,0.3739,20.0,0.3728,40.0,5670.0,533.0
2021-01-05 09:38:06.151,0.3731,0.3739,20.0,0.3728,40.0,5670.0,533.0
2021-01-05 09:38:06.691,0.3739,0.3739,17.0,0.3728,53.0,5670.0,536.0
2021-01-05 09:38:07.200,0.3739,0.3748,20.0,0.3739,7.0,5670.0,546.0
2021-01-05 09:38:07.590,0.3739,0.375,10.0,0.3739,7.0,5670.0,546.0
2021-01-05 09:38:08.021,0.3739,0.375,30.0,0.374,1.0,5670.0,546.0
2021-01-05 09:38:09.160,0.3739,0.3755,20.0,0.374,21.0,5670.0,546.0
2021-01-05 09:38:09.611,0.3739,0.3754,10.0,0.3741,14.0,5670.0,546.0
2021-01-05 09:38:10.180,0.3739,0.3757,10.0,0.3742,23.0,5670.0,546.0
2021-01-05 09:38:10.670,0.3739,0.3757,10.0,0.3743,14.0,5670.0,546.0
2021-01-05 09:38:11.141,0.3739,0.3756,2.0,0.3744,1.0,5670.0,546.0
2021-01-05 09:38:11.701,0.3739,0.3754,20.0,0.3741,20.0,5670.0,546.0
2021-01-05 09:38:12.191,0.3739,0.3743,20.0,0.3736,13.0,5670.0,546.0
2021-01-05 09:38:12.531,0.3743,0.3751,20.0,0.3737,20.0,5670.0,556.0
2021-01-05 09:38:13.110,0.3743,0.3755,1.0,0.3742,20.0,5670.0,556.0
2021-01-05 09:38:13.690,0.3743,0.3754,10.0,0.3743,2.0,5670.0,556.0
2021-01-05 09:38:14.141,0.3743,0.3757,10.0,0.3745,20.0,5670.0,556.0
2021-01-05 09:38:14.691,0.3743,0.3761,20.0,0.3746,14.0,5670.0,556.0
2021-01-05 09:38:15.150,0.3743,0.3767,30.0,0.375,20.0,5670.0,556.0
2021-01-05 09:38:15.290,0.3743,0.3767,30.0,0.375,33.0,5670.0,556.0
2021-01-05 09:38:16.210,0.3743,0.3762,20.0,0.3751,10.0,5670.0,556.0
2021-01-05 09:38:16.731,0.3743,0.3762,30.0,0.3751,10.0,5670.0,556.0
2021-01-05 09:38:17.190,0.3743,0.3762,10.0,0.3751,10.0,5670.0,556.0
2021-01-05 09:38:17.701,0.3743,0.3762,10.0,0.3751,10.0,5670.0,556.0
2021-01-05 09:38:18.231,0.3743,0.3765,20.0,0.375,20.0,5670.0,556.0
2021-01-05 09:38:18.660,0.3743,0.3764,10.0,0.3751,10.0,5670.0,556.0
2021-01-05 09:38:19.190,0.3743,0.3764,10.0,0.3753,20.0,5670.0,556.0
2021-01-05 09:38:19.670,0.3743,0.3764,10.0,0.3753,20.0,5670.0,556.0
2021-01-05 09:38:20.231,0.3743,0.3764,10.0,0.3753,30.0,5670.0,556.0
2021-01-05 09:38:20.671,0.3743,0.3767,10.0,0.3753,20.0,5670.0,556.0
2021-01-05 09:38:21.180,0.3743,0.3769,20.0,0.3754,23.0,5670.0,556.0
2021-01-05 09:38:21.670,0.3743,0.377,1.0,0.3757,20.0,5670.0,556.0
2021-01-05 09:38:22.210,0.3743,0.377,1.0,0.376,20.0,5670.0,556.0
2021-01-05 09:38:22.661,0.3743,0.377,1.0,0.3761,13.0,5670.0,556.0
2021-01-05 09:38:23.201,0.3743,0.377,1.0,0.3762,20.0,5670.0,556.0
2021-01-05 09:38:23.681,0.3743,0.377,1.0,0.3763,24.0,5670.0,556.0
2021-01-05 09:38:23.871,0.3743,0.377,1.0,0.3764,13.0,5670.0,556.0
2021-01-05 09:38:24.671,0.377,0.3778,1.0,0.3766,20.0,5669.0,557.0
2021-01-05 09:38:25.101,0.377,0.3775,20.0,0.3767,13.0,5669.0,557.0
2021-01-05 09:38:25.700,0.377,0.3774,1.0,0.3764,13.0,5669.0,557.0
2021-01-05 09:38:26.100,0.377,0.3773,2.0,0.3767,20.0,5669.0,557.0
2021-01-05 09:38:26.701,0.377,0.3772,1.0,0.3767,20.0,5669.0,557.0
2021-01-05 09:38:27.151,0.377,0.3772,1.0,0.3762,33.0,5669.0,557.0
2021-01-05 09:38:27.691,0.377,0.3772,1.0,0.3763,23.0,5669.0,557.0
2021-01-05 09:38:28.171,0.377,0.3778,1.0,0.3768,20.0,5669.0,557.0
2021-01-05 09:38:28.680,0.377,0.3778,1.0,0.3768,20.0,5669.0,557.0
2021-01-05 09:38:29.191,0.377,0.3778,11.0,0.3765,20.0,5669.0,557.0
2021-01-05 09:38:29.621,0.377,0.3778,1.0,0.3768,20.0,5669.0,557.0
2021-01-05 09:38:30.190,0.377,0.3778,1.0,0.3769,14.0,5669.0,557.0
2021-01-05 09:38:30.670,0.377,0.3778,1.0,0.3769,1.0,5669.0,557.0
2021-01-05 09:38:31.181,0.377,0.3778,1.0,0.3768,20.0,5669.0,557.0
2021-01-05 09:38:31.700,0.377,0.3778,1.0,0.3769,23.0,5669.0,557.0
2021-01-05 09:38:32.171,0.377,0.3778,1.0,0.3773,20.0,5669.0,557.0
2021-01-05 09:38:32.701,0.377,0.3778,1.0,0.3774,1.0,5669.0,557.0
2021-01-05 09:38:33.191,0.3778,0.3793,33.0,0.3776,20.0,5668.0,558.0
2021-01-05 09:38:33.700,0.3778,0.3795,10.0,0.378,20.0,5668.0,558.0
2021-01-05 09:38:34.201,0.3778,0.3801,10.0,0.3783,20.0,5668.0,558.0
2021-01-05 09:38:35.200,0.3778,0.3799,1.0,0.3786,53.0,5668.0,558.0
2021-01-05 09:38:35.700,0.3778,0.3799,1.0,0.3787,23.0,5668.0,558.0
2021-01-05 09:38:36.130,0.3778,0.3799,1.0,0.3788,13.0,5668.0,558.0
2021-01-05 09:38:36.691,0.3778,0.3801,10.0,0.3788,13.0,5668.0,558.0
2021-01-05 09:38:37.160,0.3778,0.3801,10.0,0.3789,10.0,5668.0,558.0
2021-01-05 09:38:37.680,0.3778,0.3801,10.0,0.3792,20.0,5668.0,558.0
2021-01-05 09:38:38.161,0.3778,0.3806,20.0,0.3793,13.0,5668.0,558.0
2021-01-05 09:38:38.660,0.3778,0.3806,20.0,0.3794,11.0,5668.0,558.0
2021-01-05 09:38:39.161,0.3778,0.3815,20.0,0.3796,20.0,5668.0,558.0
2021-01-05 09:38:39.661,0.3778,0.3814,10.0,0.3797,23.0,5668.0,558.0
2021-01-05 09:38:39.901,0.3778,0.3826,20.0,0.3805,20.0,5668.0,558.0
2021-01-05 09:38:40.591,0.3778,0.3823,20.0,0.3806,23.0,5668.0,558.0
2021-01-05 09:38:41.190,0.3778,0.3817,20.0,0.3807,13.0,5668.0,558.0
2021-01-05 09:38:41.670,0.3778,0.3824,20.0,0.3808,10.0,5668.0,558.0
2021-01-05 09:38:42.191,0.3778,0.3819,20.0,0.3809,13.0,5668.0,558.0
2021-01-05 09:38:42.700,0.3809,0.3823,20.0,0.381,13.0,5667.0,559.0
2021-01-05 09:38:43.150,0.3809,0.382,20.0,0.3811,10.0,5667.0,559.0
2021-01-05 09:38:43.701,0.3809,0.3822,4.0,0.3811,10.0,5667.0,559.0
2021-01-05 09:38:44.200,0.3809,0.3822,4.0,0.3809,20.0,5667.0,559.0
2021-01-05 09:38:44.690,0.3809,0.3814,20.0,0.3804,20.0,5667.0,559.0
2021-01-05 09:38:45.201,0.3809,0.3814,20.0,0.3804,13.0,5667.0,559.0
2021-01-05 09:38:45.480,0.3809,0.3814,20.0,0.3799,30.0,5667.0,559.0
2021-01-05 09:38:46.200,0.3809,0.3814,20.0,0.3803,20.0,5667.0,559.0
2021-01-05 09:38:46.631,0.3809,0.3813,12.0,0.3803,20.0,5667.0,559.0
2021-01-05 09:38:47.140,0.3809,0.3811,20.0,0.38,1.0,5667.0,559.0
2021-01-05 09:38:47.691,0.3809,0.3811,20.0,0.38,1.0,5667.0,559.0
2021-01-05 09:38:48.200,0.3809,0.3804,20.0,0.38,1.0,5667.0,559.0
2021-01-05 09:38:48.650,0.38,0.3803,2.0,0.3787,43.0,5668.0,560.0
2021-01-05 09:38:49.130,0.38,0.3802,14.0,0.3787,30.0,5668.0,560.0
2021-01-05 09:38:49.670,0.38,0.38,20.0,0.3784,13.0,5668.0,560.0
2021-01-05 09:38:50.091,0.38,0.3802,4.0,0.379,20.0,5668.0,560.0
2021-01-05 09:38:50.651,0.38,0.3801,10.0,0.379,20.0,5668.0,560.0
2021-01-05 09:38:51.170,0.38,0.3805,20.0,0.3791,2.0,5668.0,560.0
2021-01-05 09:38:51.691,0.38,0.3813,33.0,0.38,20.0,5668.0,560.0
2021-01-05 09:38:52.140,0.38,0.3813,20.0,0.38,20.0,5668.0,560.0
2021-01-05 09:38:52.630,0.38,0.3819,20.0,0.3804,20.0,5668.0,560.0
2021-01-05 09:38:53.191,0.38,0.3818,10.0,0.3805,2.0,5668.0,560.0
2021-01-05 09:38:54.190,0.38,0.3818,10.0,0.3806,30.0,5668.0,560.0
2021-01-05 09:38:54.690,0.38,0.3822,10.0,0.3806,43.0,5668.0,560.0
2021-01-05 09:38:55.191,0.38,0.3819,20.0,0.3806,43.0,5668.0,560.0
2021-01-05 09:38:55.700,0.38,0.3825,20.0,0.3809,20.0,5668.0,560.0
2021-01-05 09:38:56.190,0.38,0.3828,33.0,0.3811,20.0,5668.0,560.0
2021-01-05 09:38:56.661,0.38,0.3827,10.0,0.3812,13.0,5668.0,560.0
2021-01-05 09:38:57.200,0.38,0.3815,20.0,0.3806,10.0,5668.0,560.0
2021-01-05 09:38:57.640,0.3815,0.3822,20.0,0.3808,20.0,5669.0,561.0
2021-01-05 09:38:58.190,0.3815,0.3815,20.0,0.3803,40.0,5669.0,561.0
2021-01-05 09:38:58.670,0.3815,0.3812,20.0,0.3801,13.0,5669.0,561.0
2021-01-05 09:38:59.060,0.3815,0.3808,20.0,0.3797,10.0,5669.0,561.0
2021-01-05 09:38:59.700,0.3815,0.3807,2.0,0.3797,12.0,5669.0,561.0
2021-01-05 09:39:00.660,0.3815,0.3807,2.0,0.3797,10.0,5669.0,561.0
2021-01-05 09:39:01.160,0.3815,0.3807,2.0,0.3802,20.0,5669.0,561.0
2021-01-05 09:39:01.700,0.3815,0.3814,33.0,0.3803,1.0,5669.0,561.0
2021-01-05 09:39:02.170,0.3815,0.381,20.0,0.3803,10.0,5669.0,561.0
2021-01-05 09:39:02.660,0.3815,0.3809,1.0,0.3804,20.0,5669.0,561.0
2021-01-05 09:39:03.150,0.3815,0.3809,1.0,0.3798,20.0,5669.0,561.0
2021-01-05 09:39:03.671,0.3815,0.3806,1.0,0.3799,10.0,5669.0,561.0
2021-01-05 09:39:04.161,0.3815,0.3806,1.0,0.3797,10.0,5669.0,561.0
2021-01-05 09:39:04.161,0.3815,0.3805,3.0,0.3796,20.0,5669.0,561.0
2021-01-05 09:39:05.211,0.3815,0.3804,1.0,0.3797,10.0,5669.0,561.0
2021-01-05 09:39:05.701,0.3815,0.3804,1.0,0.3797,10.0,5669.0,561.0
2021-01-05 09:39:06.191,0.3815,0.3804,1.0,0.3797,10.0,5669.0,561.0
2021-01-05 09:39:06.650,0.3815,0.3804,1.0,0.3797,10.0,5669.0,561.0
2021-01-05 09:39:07.050,0.3815,0.3803,2.0,0.3797,10.0,5669.0,561.0
2021-01-05 09:39:07.680,0.3815,0.3803,2.0,0.3797,10.0,5669.0,561.0
2021-01-05 09:39:08.131,0.3815,0.3803,2.0,0.38,5.0,5669.0,561.0
2021-01-05 09:39:08.690,0.3815,0.3803,2.0,0.38,5.0,5669.0,561.0
2021-01-05 09:39:09.161,0.3815,0.3806,1.0,0.3801,20.0,5669.0,561.0
2021-01-05 09:39:09.601,0.3815,0.3806,1.0,0.3802,1.0,5669.0,561.0
2021-01-05 09:39:10.191,0.3806,0.381,20.0,0.3803,1.0,5668.0,562.0
2021-01-05 09:39:10.660,0.3806,0.3815,20.0,0.3804,2.0,5668.0,562.0
2021-01-05 09:39:11.201,0.3806,0.3822,13.0,0.3809,20.0,5668.0,562.0
2021-01-05 09:39:11.670,0.3806,0.3821,33.0,0.3809,20.0,5668.0,562.0
2021-01-05 09:39:12.150,0.3806,0.3817,20.0,0.3804,40.0,5668.0,562.0
2021-01-05 09:39:12.690,0.3806,0.382,20.0,0.3806,20.0,5668.0,562.0
2021-01-05 09:39:13.170,0.3806,0.3819,10.0,0.3806,20.0,5668.0,562.0
2021-01-05 09:39:13.720,0.3806,0.3813,20.0,0.3804,20.0,5668.0,562.0
2021-01-05 09:39:14.160,0.3806,0.3812,1.0,0.3808,20.0,5668.0,562.0
2021-01-05 09:39:15.220,0.3806,0.3825,30.0,0.3811,20.0,5668.0,562.0
2021-01-05 09:39:15.720,0.3806,0.3822,20.0,0.3811,20.0,5668.0,562.0
2021-01-05 09:39:16.121,0.3806,0.3821,1.0,0.3812,10.0,5668.0,562.0
2021-01-05 09:39:16.711,0.3806,0.3821,1.0,0.3812,10.0,5668.0,562.0
2021-01-05 09:39:17.191,0.3806,0.3821,1.0,0.3812,10.0,5668.0,562.0
2021-01-05 09:39:17.650,0.3806,0.382,22.0,0.3808,20.0,5668.0,562.0
2021-01-05 09:39:18.221,0.3806,0.3818,20.0,0.3807,20.0,5668.0,562.0
2021-01-05 09:39:19.710,0.3806,0.3818,20.0,0.3807,33.0,5668.0,562.0
2021-01-05 09:39:20.180,0.3806,0.3824,30.0,0.3811,20.0,5668.0,562.0
2021-01-05 09:39:20.741,0.3806,0.3828,20.0,0.3814,20.0,5668.0,562.0
2021-01-05 09:39:21.231,0.3806,0.3822,20.0,0.381,13.0,5668.0,562.0
2021-01-05 09:39:21.231,0.3806,0.3827,20.0,0.3813,20.0,5668.0,562.0
2021-01-05 09:39:22.140,0.3806,0.3826,11.0,0.3813,20.0,5668.0,562.0
2021-01-05 09:39:22.651,0.3806,0.3826,11.0,0.3816,20.0,5668.0,562.0
2021-01-05 09:39:23.200,0.3806,0.3822,20.0,0.3812,13.0,5668.0,562.0
2021-01-05 09:39:23.700,0.3806,0.3819,20.0,0.3809,13.0,5668.0,562.0
2021-01-05 09:39:24.151,0.3806,0.3825,3.0,0.3812,20.0,5668.0,562.0
2021-01-05 09:39:25.210,0.3806,0.3825,12.0,0.3813,10.0,5668.0,562.0
2021-01-05 09:39:25.690,0.3806,0.3824,1.0,0.3814,20.0,5668.0,562.0
2021-01-05 09:39:26.130,0.3806,0.3824,1.0,0.3814,20.0,5668.0,562.0
2021-01-05 09:39:26.681,0.3806,0.3824,1.0,0.3815,10.0,5668.0,562.0
2021-01-05 09:39:27.711,0.3806,0.3823,1.0,0.3815,10.0,5668.0,562.0
2021-01-05 09:39:28.220,0.3806,0.3822,2.0,0.3814,20.0,5668.0,562.0
2021-01-05 09:39:28.710,0.3806,0.3821,1.0,0.3814,30.0,5668.0,562.0
2021-01-05 09:39:29.231,0.3806,0.3821,1.0,0.3814,20.0,5668.0,562.0
2021-01-05 09:39:29.721,0.3814,0.3821,21.0,0.381,20.0,5668.0,582.0
2021-01-05 09:39:30.220,0.3814,0.3814,17.0,0.3804,20.0,5668.0,582.0
2021-01-05 09:39:30.520,0.3814,0.3814,17.0,0.3809,20.0,5668.0,582.0
2021-01-05 09:39:31.121,0.3814,0.3814,17.0,0.3804,20.0,5668.0,582.0
2021-01-05 09:39:31.690,0.3814,0.3814,17.0,0.3804,10.0,5668.0,582.0
2021-01-05 09:39:32.141,0.3814,0.3813,1.0,0.3806,20.0,5668.0,582.0
2021-01-05 09:39:32.700,0.3814,0.3813,1.0,0.3809,20.0,5668.0,582.0
2021-01-05 09:39:33.180,0.3814,0.3822,20.0,0.3809,20.0,5686.0,600.0
2021-01-05 09:39:33.530,0.3814,0.3822,20.0,0.3809,20.0,5686.0,600.0
2021-01-05 09:39:34.210,0.3814,0.382,20.0,0.3809,20.0,5686.0,600.0
2021-01-05 09:39:34.681,0.3814,0.3817,20.0,0.3805,13.0,5686.0,600.0
2021-01-05 09:39:35.171,0.3814,0.3817,30.0,0.3806,10.0,5686.0,600.0
2021-01-05 09:39:35.651,0.3814,0.3817,20.0,0.3804,40.0,5686.0,600.0
2021-01-05 09:39:36.231,0.3814,0.3816,10.0,0.3807,20.0,5686.0,600.0
2021-01-05 09:39:36.660,0.3814,0.3816,10.0,0.3805,13.0,5686.0,600.0
2021-01-05 09:39:37.221,0.3814,0.3816,10.0,0.3805,10.0,5686.0,600.0
2021-01-05 09:39:39.241,0.3814,0.3821,20.0,0.3808,20.0,5686.0,600.0
2021-01-05 09:39:39.751,0.3814,0.382,10.0,0.3808,20.0,5686.0,600.0
2021-01-05 09:39:40.200,0.3814,0.382,10.0,0.3808,30.0,5686.0,600.0
2021-01-05 09:39:40.721,0.3814,0.382,10.0,0.3808,30.0,5686.0,600.0
2021-01-05 09:39:41.220,0.3814,0.3813,20.0,0.3805,20.0,5686.0,600.0
2021-01-05 09:39:41.750,0.3813,0.3819,3.0,0.381,20.0,5686.0,601.0
2021-01-05 09:39:42.210,0.3813,0.3814,20.0,0.3804,13.0,5686.0,601.0
2021-01-05 09:39:42.740,0.3813,0.3814,20.0,0.3801,13.0,5686.0,601.0
2021-01-05 09:39:43.011,0.3813,0.3811,20.0,0.3801,10.0,5686.0,601.0
2021-01-05 09:39:43.570,0.3813,0.3811,20.0,0.38,5.0,5686.0,601.0
2021-01-05 09:39:44.121,0.3813,0.381,10.0,0.38,5.0,5686.0,601.0
2021-01-05 09:39:44.680,0.3813,0.3811,20.0,0.3801,33.0,5686.0,601.0
2021-01-05 09:39:45.251,0.3813,0.3815,30.0,0.3802,15.0,5686.0,601.0
2021-01-05 09:39:45.750,0.3813,0.3815,20.0,0.3803,35.0,5686.0,601.0
2021-01-05 09:39:46.040,0.3815,0.382,10.0,0.3808,20.0,5686.0,613.0
2021-01-05 09:39:46.691,0.3815,0.3827,20.0,0.3812,20.0,5686.0,613.0
2021-01-05 09:39:47.250,0.3815,0.3826,10.0,0.3813,13.0,5686.0,613.0
2021-01-05 09:39:47.710,0.3815,0.3822,20.0,0.3812,33.0,5686.0,613.0
2021-01-05 09:39:48.221,0.3815,0.3821,1.0,0.381,13.0,5686.0,613.0
2021-01-05 09:39:48.720,0.3815,0.3821,1.0,0.3811,30.0,5686.0,613.0
2021-01-05 09:39:49.241,0.3815,0.3821,1.0,0.3813,20.0,5686.0,613.0
2021-01-05 09:39:49.711,0.3815,0.3828,30.0,0.3814,14.0,5686.0,613.0
2021-01-05 09:39:50.121,0.3815,0.3828,30.0,0.3815,13.0,5686.0,613.0
2021-01-05 09:39:50.710,0.3828,0.3833,20.0,0.3817,20.0,5686.0,618.0
2021-01-05 09:39:51.241,0.3828,0.3839,10.0,0.3822,20.0,5686.0,618.0
2021-01-05 09:39:51.730,0.3828,0.384,20.0,0.3824,20.0,5686.0,618.0
2021-01-05 09:39:52.251,0.3828,0.3837,20.0,0.3825,13.0,5686.0,618.0
2021-01-05 09:39:52.601,0.3828,0.3833,20.0,0.3825,13.0,5686.0,618.0
2021-01-05 09:39:53.181,0.3828,0.3825,12.0,0.3819,33.0,5686.0,618.0
2021-01-05 09:39:53.630,0.3828,0.3822,20.0,0.3815,10.0,5686.0,618.0
2021-01-05 09:39:54.091,0.3828,0.3825,13.0,0.3815,30.0,5686.0,618.0
2021-01-05 09:39:54.691,0.3828,0.3827,20.0,0.3815,30.0,5686.0,618.0
2021-01-05 09:39:55.181,0.3828,0.3834,13.0,0.3821,20.0,5686.0,618.0
2021-01-05 09:39:55.640,0.3828,0.3831,20.0,0.3822,10.0,5686.0,618.0
2021-01-05 09:39:56.120,0.3828,0.384,20.0,0.3828,20.0,5686.0,618.0
2021-01-05 09:39:56.691,0.3828,0.3835,20.0,0.3823,13.0,5686.0,618.0
2021-01-05 09:39:57.181,0.3828,0.3835,20.0,0.3827,1.0,5686.0,618.0
2021-01-05 09:39:57.580,0.3827,0.3831,20.0,0.3821,20.0,5686.0,619.0
2021-01-05 09:39:58.170,0.3827,0.3828,20.0,0.3816,1.0,5686.0,619.0
2021-01-05 09:39:58.600,0.3827,0.3828,30.0,0.3817,10.0,5686.0,619.0
2021-01-05 09:39:59.061,0.3827,0.3828,20.0,0.3818,13.0,5686.0,619.0
2021-01-05 09:39:59.670,0.3827,0.3828,30.0,0.3817,20.0,5686.0,619.0
2021-01-05 09:40:00.610,0.3827,0.3827,10.0,0.382,20.0,5686.0,619.0
2021-01-05 09:40:01.201,0.3827,0.3827,10.0,0.3818,1.0,5686.0,619.0
2021-01-05 09:40:01.570,0.3827,0.3825,20.0,0.3814,13.0,5686.0,619.0
2021-01-05 09:40:02.141,0.3815,0.3825,20.0,0.3812,15.0,5696.0,629.0
2021-01-05 09:40:02.671,0.3815,0.3819,20.0,0.3803,22.0,5696.0,629.0
2021-01-05 09:40:03.171,0.3815,0.3819,20.0,0.3807,20.0,5696.0,629.0
2021-01-05 09:40:03.691,0.3815,0.3821,15.0,0.3809,20.0,5696.0,629.0
2021-01-05 09:40:04.160,0.3815,0.3823,30.0,0.3812,20.0,5696.0,629.0
2021-01-05 09:40:04.700,0.3815,0.3822,2.0,0.3808,20.0,5696.0,629.0
2021-01-05 09:40:05.170,0.3815,0.382,20.0,0.3809,10.0,5696.0,629.0
2021-01-05 09:40:05.701,0.3815,0.382,20.0,0.3809,10.0,5696.0,629.0
2021-01-05 09:40:06.200,0.3815,0.382,20.0,0.3808,20.0,5696.0,629.0
2021-01-05 09:40:06.600,0.3815,0.3819,10.0,0.3808,20.0,5696.0,629.0
2021-01-05 09:40:07.191,0.3815,0.3818,2.0,0.3808,20.0,5696.0,629.0
2021-01-05 09:40:07.700,0.3815,0.3818,3.0,0.3808,20.0,5696.0,629.0
2021-01-05 09:40:08.200,0.3815,0.3814,20.0,0.3804,21.0,5696.0,629.0
2021-01-05 09:40:08.690,0.3815,0.3814,20.0,0.38,15.0,5696.0,629.0
2021-01-05 09:40:09.191,0.3815,0.381,20.0,0.38,5.0,5696.0,629.0
2021-01-05 09:40:09.691,0.3815,0.3809,3.0,0.38,5.0,5696.0,629.0
2021-01-05 09:40:09.900,0.3815,0.3809,3.0,0.3802,20.0,5696.0,629.0
2021-01-05 09:40:10.680,0.3815,0.3813,10.0,0.3803,1.0,5696.0,629.0
2021-01-05 09:40:11.170,0.3815,0.3813,10.0,0.3804,1.0,5696.0,629.0
2021-01-05 09:40:11.671,0.3815,0.3812,20.0,0.3804,1.0,5696.0,629.0
2021-01-05 09:40:12.190,0.3815,0.3811,10.0,0.3804,1.0,5696.0,629.0
2021-01-05 09:40:12.661,0.3815,0.3804,1.0,0.3803,1.0,5696.0,629.0
2021-01-05 09:40:13.170,0.3803,0.3803,2.0,0.38,5.0,5696.0,630.0
2021-01-05 09:40:13.400,0.38,0.3801,20.0,0.3792,20.0,5701.0,635.0
2021-01-05 09:40:13.980,0.38,0.3801,20.0,0.3787,50.0,5701.0,635.0
2021-01-05 09:40:14.701,0.38,0.3801,35.0,0.3788,10.0,5701.0,635.0
2021-01-05 09:40:15.120,0.38,0.38,10.0,0.3788,10.0,5701.0,635.0
2021-01-05 09:40:15.690,0.38,0.38,10.0,0.3788,10.0,5701.0,635.0
2021-01-05 09:40:16.610,0.38,0.38,10.0,0.3791,20.0,5701.0,635.0
2021-01-05 09:40:17.191,0.38,0.38,30.0,0.3787,20.0,5701.0,635.0
2021-01-05 09:40:17.661,0.38,0.38,30.0,0.3787,20.0,5701.0,635.0
2021-01-05 09:40:18.120,0.38,0.3799,2.0,0.3787,20.0,5701.0,635.0
2021-01-05 09:40:18.641,0.38,0.38,20.0,0.3787,52.0,5701.0,635.0
2021-01-05 09:40:19.190,0.38,0.38,20.0,0.3788,2.0,5701.0,635.0
2021-01-05 09:40:19.711,0.38,0.3803,10.0,0.3791,20.0,5701.0,635.0
2021-01-05 09:40:20.191,0.38,0.3809,10.0,0.38,16.0,5701.0,635.0
2021-01-05 09:40:20.691,0.38,0.3812,20.0,0.3801,2.0,5701.0,635.0
2021-01-05 09:40:21.200,0.38,0.3811,10.0,0.3802,20.0,5701.0,635.0
2021-01-05 09:40:22.210,0.38,0.3811,10.0,0.3802,20.0,5701.0,635.0
2021-01-05 09:40:22.591,0.38,0.3816,10.0,0.3802,20.0,5701.0,635.0
2021-01-05 09:40:23.200,0.38,0.3817,20.0,0.3803,25.0,5701.0,635.0
2021-01-05 09:40:23.701,0.38,0.3816,10.0,0.3804,17.0,5701.0,635.0
2021-01-05 09:40:23.880,0.38,0.3817,20.0,0.3805,15.0,5701.0,635.0
2021-01-05 09:40:24.681,0.38,0.3816,10.0,0.3806,10.0,5701.0,635.0
2021-01-05 09:40:25.121,0.38,0.3813,20.0,0.3802,20.0,5701.0,635.0
2021-01-05 09:40:25.551,0.38,0.3818,20.0,0.3803,25.0,5701.0,635.0
2021-01-05 09:40:26.181,0.38,0.3815,20.0,0.3803,12.0,5701.0,635.0
2021-01-05 09:40:26.650,0.38,0.3815,20.0,0.3804,20.0,5701.0,635.0
2021-01-05 09:40:27.140,0.38,0.382,20.0,0.3815,6.0,5701.0,635.0
2021-01-05 09:40:27.251,0.38,0.3825,20.0,0.381,20.0,5701.0,635.0
2021-01-05 09:40:28.110,0.38,0.3819,1.0,0.3816,1.0,5701.0,635.0
2021-01-05 09:40:28.690,0.38,0.3818,1.0,0.3816,1.0,5701.0,635.0
2021-01-05 09:40:29.170,0.38,0.3818,23.0,0.3816,1.0,5701.0,635.0
2021-01-05 09:40:29.681,0.3816,0.3818,23.0,0.3806,20.0,5701.0,636.0
2021-01-05 09:40:30.150,0.3816,0.3818,2.0,0.3808,20.0,5701.0,636.0
2021-01-05 09:40:30.680,0.3808,0.3822,35.0,0.3808,19.0,5700.0,637.0
2021-01-05 09:40:31.101,0.3808,0.3821,10.0,0.3809,10.0,5700.0,637.0
2021-01-05 09:40:31.631,0.3808,0.3821,12.0,0.3809,10.0,5700.0,637.0
2021-01-05 09:40:32.140,0.3808,0.382,1.0,0.3809,10.0,5700.0,637.0
2021-01-05 09:40:32.611,0.3808,0.3817,20.0,0.3808,19.0,5700.0,637.0
2021-01-05 09:40:33.161,0.3808,0.3812,20.0,0.38,20.0,5700.0,637.0
2021-01-05 09:40:33.551,0.3808,0.3809,20.0,0.38,10.0,5700.0,637.0
2021-01-05 09:40:34.171,0.3808,0.3809,20.0,0.3796,10.0,5700.0,637.0
2021-01-05 09:40:34.561,0.3808,0.3808,1.0,0.3798,20.0,5700.0,637.0
2021-01-05 09:40:35.201,0.3808,0.3808,1.0,0.3802,20.0,5700.0,637.0
2021-01-05 09:40:35.681,0.3808,0.3814,20.0,0.3803,1.0,5700.0,638.0
2021-01-05 09:40:36.161,0.3808,0.3814,20.0,0.3804,10.0,5700.0,638.0
2021-01-05 09:40:36.620,0.3808,0.3814,20.0,0.3804,20.0,5700.0,638.0
2021-01-05 09:40:37.700,0.3808,0.3815,1.0,0.3807,10.0,5700.0,638.0
2021-01-05 09:40:38.130,0.3808,0.3814,20.0,0.3804,20.0,5700.0,638.0
2021-01-05 09:40:38.651,0.3808,0.3813,1.0,0.3805,10.0,5700.0,638.0
2021-01-05 09:40:39.041,0.3808,0.3812,1.0,0.3805,10.0,5700.0,638.0
2021-01-05 09:40:39.681,0.3808,0.3812,2.0,0.3805,10.0,5700.0,638.0
2021-01-05 09:40:40.061,0.3808,0.381,20.0,0.3803,1.0,5700.0,638.0
2021-01-05 09:40:40.670,0.3808,0.3809,1.0,0.38,10.0,5700.0,638.0
2021-01-05 09:40:41.191,0.3808,0.3809,11.0,0.3797,10.0,5700.0,638.0
2021-01-05 09:40:41.640,0.3808,0.3806,20.0,0.3797,10.0,5700.0,638.0
2021-01-05 09:40:42.180,0.3806,0.3806,14.0,0.3796,10.0,5700.0,644.0
2021-01-05 09:40:42.601,0.3806,0.3805,2.0,0.3797,10.0,5700.0,644.0
2021-01-05 09:40:43.990,0.3806,0.3805,2.0,0.3797,10.0,5700.0,644.0
2021-01-05 09:40:44.610,0.3806,0.3806,14.0,0.3797,10.0,5700.0,644.0
2021-01-05 09:40:45.621,0.3797,0.3806,14.0,0.3797,8.0,5700.0,646.0
2021-01-05 09:40:47.211,0.3797,0.3806,14.0,0.3797,8.0,5700.0,646.0
2021-01-05 09:40:47.611,0.3797,0.3805,3.0,0.3797,8.0,5700.0,646.0
2021-01-05 09:40:48.160,0.3797,0.3805,3.0,0.3795,30.0,5700.0,646.0
2021-01-05 09:40:48.700,0.3797,0.3802,20.0,0.379,10.0,5700.0,646.0
2021-01-05 09:40:49.111,0.3797,0.3805,2.0,0.3795,30.0,5700.0,646.0
2021-01-05 09:40:49.111,0.3797,0.3807,20.0,0.3795,30.0,5700.0,646.0
2021-01-05 09:40:50.181,0.3797,0.3806,10.0,0.3796,10.0,5700.0,646.0
2021-01-05 09:40:50.671,0.3797,0.3805,3.0,0.3796,10.0,5700.0,646.0
2021-01-05 09:40:51.021,0.3797,0.3805,3.0,0.3796,10.0,5700.0,646.0
2021-01-05 09:40:51.601,0.3797,0.3804,10.0,0.3792,20.0,5700.0,646.0
2021-01-05 09:40:52.081,0.3797,0.3804,10.0,0.3792,20.0,5700.0,646.0
2021-01-05 09:40:52.650,0.3797,0.3805,22.0,0.3793,10.0,5700.0,646.0
2021-01-05 09:40:53.140,0.3797,0.3805,30.0,0.3794,15.0,5700.0,646.0
2021-01-05 09:40:53.651,0.3797,0.3805,30.0,0.3792,20.0,5700.0,646.0
2021-01-05 09:40:54.141,0.3797,0.3805,30.0,0.3794,20.0,5700.0,646.0
2021-01-05 09:40:54.521,0.3797,0.3801,20.0,0.3791,1.0,5700.0,646.0
2021-01-05 09:40:55.111,0.3797,0.3807,20.0,0.3794,20.0,5700.0,646.0
2021-01-05 09:40:55.251,0.3797,0.3807,30.0,0.3794,20.0,5700.0,646.0
2021-01-05 09:40:56.121,0.3797,0.3805,20.0,0.3795,25.0,5700.0,646.0
2021-01-05 09:40:56.711,0.3797,0.3814,25.0,0.38,20.0,5700.0,646.0
2021-01-05 09:40:57.180,0.3797,0.3814,10.0,0.38,20.0,5700.0,646.0
2021-01-05 09:40:57.560,0.3797,0.3809,20.0,0.38,10.0,5700.0,646.0
2021-01-05 09:40:58.200,0.3797,0.3809,30.0,0.38,1.0,5700.0,646.0
2021-01-05 09:40:58.721,0.3797,0.3809,30.0,0.38,1.0,5700.0,646.0
2021-01-05 09:40:58.980,0.3797,0.3809,30.0,0.38,1.0,5700.0,646.0
2021-01-05 09:40:59.650,0.3797,0.3807,20.0,0.38,1.0,5700.0,646.0
2021-01-05 09:40:59.921,0.38,0.38,1.0,0.3796,40.0,5701.0,647.0
2021-01-05 09:41:00.571,0.38,0.3806,2.0,0.3797,10.0,5701.0,647.0
2021-01-05 09:41:00.611,0.38,0.3813,20.0,0.3799,20.0,5701.0,647.0
2021-01-05 09:41:01.650,0.38,0.3806,20.0,0.3795,1.0,5701.0,647.0
2021-01-05 09:41:02.190,0.3806,0.381,15.0,0.3796,10.0,5701.0,667.0
2021-01-05 09:41:02.661,0.3806,0.3809,10.0,0.3797,20.0,5701.0,667.0
2021-01-05 09:41:03.110,0.3806,0.3809,10.0,0.38,20.0,5701.0,667.0
2021-01-05 09:41:03.721,0.3806,0.3809,10.0,0.38,20.0,5701.0,667.0
2021-01-05 09:41:04.180,0.3806,0.3814,10.0,0.3802,20.0,5701.0,667.0
2021-01-05 09:41:04.680,0.3806,0.3814,10.0,0.3802,20.0,5701.0,667.0
2021-01-05 09:41:05.170,0.3806,0.3809,20.0,0.3797,20.0,5701.0,667.0
2021-01-05 09:41:05.660,0.3806,0.3809,20.0,0.3798,11.0,5701.0,667.0
2021-01-05 09:41:06.221,0.3806,0.3809,20.0,0.3798,29.0,5701.0,667.0
2021-01-05 09:41:06.620,0.3809,0.3815,1.0,0.3802,20.0,5701.0,677.0
2021-01-05 09:41:07.100,0.3809,0.3814,10.0,0.3805,20.0,5701.0,677.0
2021-01-05 09:41:07.611,0.3809,0.3815,1.0,0.3805,20.0,5701.0,677.0
2021-01-05 09:41:08.201,0.3809,0.3815,1.0,0.3806,11.0,5701.0,677.0
2021-01-05 09:41:08.701,0.3809,0.3815,1.0,0.3806,11.0,5701.0,677.0
2021-01-05 09:41:09.210,0.3809,0.3815,1.0,0.3806,11.0,5701.0,677.0
2021-01-05 09:41:09.650,0.3809,0.3815,1.0,0.3808,20.0,5701.0,677.0
2021-01-05 09:41:10.220,0.3809,0.3815,1.0,0.3808,20.0,5701.0,677.0
2021-01-05 09:41:10.710,0.3809,0.3815,1.0,0.3809,12.0,5701.0,677.0
2021-01-05 09:41:11.140,0.3809,0.3815,1.0,0.3811,20.0,5701.0,677.0
2021-01-05 09:41:11.690,0.3809,0.3815,1.0,0.381,1.0,5701.0,677.0
2021-01-05 09:41:12.151,0.3809,0.3815,1.0,0.3811,10.0,5701.0,677.0
2021-01-05 09:41:12.710,0.3809,0.3815,1.0,0.3811,10.0,5701.0,677.0
2021-01-05 09:41:13.161,0.3811,0.3811,10.0,0.3806,1.0,5701.0,687.0
2021-01-05 09:41:13.701,0.3811,0.3814,23.0,0.3804,30.0,5701.0,687.0
2021-01-05 09:41:14.160,0.3811,0.3814,3.0,0.3812,20.0,5701.0,687.0
2021-01-05 09:41:14.671,0.3811,0.3812,6.0,0.3804,30.0,5701.0,687.0
2021-01-05 09:41:15.050,0.3811,0.3814,1.0,0.3804,20.0,5701.0,687.0
2021-01-05 09:41:15.601,0.3811,0.3812,20.0,0.3804,10.0,5701.0,687.0
2021-01-05 09:41:16.210,0.3811,0.3812,20.0,0.38,10.0,5701.0,687.0
2021-01-05 09:41:16.500,0.3811,0.3814,1.0,0.3804,20.0,5701.0,687.0
2021-01-05 09:41:17.180,0.3811,0.3814,1.0,0.3805,10.0,5701.0,687.0
2021-01-05 09:41:18.141,0.3811,0.3814,21.0,0.3805,10.0,5701.0,687.0
2021-01-05 09:41:18.600,0.3811,0.3814,1.0,0.3805,10.0,5701.0,687.0
2021-01-05 09:41:19.161,0.3811,0.3814,1.0,0.3808,20.0,5701.0,687.0
2021-01-05 09:41:19.570,0.3811,0.3814,1.0,0.3808,20.0,5701.0,687.0
2021-01-05 09:41:19.960,0.3811,0.3814,1.0,0.3805,15.0,5701.0,687.0
2021-01-05 09:41:20.721,0.3811,0.3814,1.0,0.3811,1.0,5701.0,687.0
2021-01-05 09:41:21.190,0.3811,0.3814,1.0,0.3811,1.0,5701.0,687.0
2021-01-05 09:41:21.551,0.3811,0.3814,1.0,0.3811,1.0,5701.0,687.0
2021-01-05 09:41:22.190,0.3814,0.3815,1.0,0.3814,1.0,5700.0,688.0
2021-01-05 09:41:22.700,0.3814,0.3815,1.0,0.3812,1.0,5700.0,688.0
2021-01-05 09:41:23.061,0.3814,0.3815,1.0,0.3812,1.0,5700.0,688.0
2021-01-05 09:41:24.150,0.3814,0.3815,1.0,0.3811,1.0,5700.0,688.0
2021-01-05 09:41:24.651,0.3814,0.3814,2.0,0.3812,15.0,5700.0,688.0
2021-01-05 09:41:25.120,0.3814,0.3815,1.0,0.3811,1.0,5700.0,690.0
2021-01-05 09:41:25.641,0.3815,0.3824,20.0,0.3812,4.0,5700.0,691.0
2021-01-05 09:41:26.190,0.3815,0.3824,30.0,0.3813,32.0,5700.0,691.0
2021-01-05 09:41:26.670,0.3815,0.3824,30.0,0.3813,30.0,5700.0,691.0
2021-01-05 09:41:27.131,0.3815,0.3824,20.0,0.3814,2.0,5700.0,691.0
2021-01-05 09:41:27.710,0.3815,0.383,25.0,0.3817,20.0,5700.0,691.0
2021-01-05 09:41:28.171,0.3815,0.3827,20.0,0.3817,20.0,5700.0,691.0
2021-01-05 09:41:28.540,0.3815,0.3826,11.0,0.3814,2.0,5700.0,691.0
2021-01-05 09:41:29.010,0.3815,0.3826,11.0,0.3814,10.0,5700.0,691.0
2021-01-05 09:41:30.180,0.3815,0.3826,11.0,0.3813,40.0,5700.0,691.0
2021-01-05 09:41:30.711,0.3815,0.3827,20.0,0.3814,10.0,5700.0,691.0
2021-01-05 09:41:31.181,0.3815,0.3824,20.0,0.3814,10.0,5700.0,691.0
2021-01-05 09:41:31.700,0.3815,0.3824,20.0,0.3815,2.0,5700.0,691.0
2021-01-05 09:41:32.220,0.3815,0.3824,20.0,0.3815,2.0,5700.0,691.0
2021-01-05 09:41:32.670,0.3815,0.3823,25.0,0.3815,2.0,5700.0,691.0
2021-01-05 09:41:32.751,0.3815,0.3829,20.0,0.3815,20.0,5700.0,691.0
2021-01-05 09:41:33.621,0.3815,0.3824,20.0,0.3813,20.0,5700.0,691.0
2021-01-05 09:41:34.120,0.3815,0.3821,20.0,0.3813,20.0,5700.0,691.0
2021-01-05 09:41:34.720,0.3815,0.3821,30.0,0.3813,20.0,5700.0,691.0
2021-01-05 09:41:35.221,0.3815,0.3826,15.0,0.3814,20.0,5700.0,691.0
2021-01-05 09:41:35.721,0.3815,0.383,10.0,0.3821,3.0,5700.0,691.0
2021-01-05 09:41:36.070,0.3815,0.3831,20.0,0.3821,3.0,5700.0,691.0
2021-01-05 09:41:36.620,0.3815,0.3836,10.0,0.3823,20.0,5700.0,691.0
2021-01-05 09:41:37.210,0.3815,0.3831,20.0,0.3817,40.0,5700.0,691.0
2021-01-05 09:41:37.711,0.3815,0.384,20.0,0.3823,20.0,5700.0,691.0
2021-01-05 09:41:38.220,0.3815,0.3839,10.0,0.3824,20.0,5700.0,691.0
2021-01-05 09:41:38.650,0.3815,0.3834,20.0,0.3824,10.0,5700.0,691.0
2021-01-05 09:41:39.221,0.3815,0.3834,20.0,0.3824,10.0,5700.0,691.0
2021-01-05 09:41:39.521,0.3815,0.3833,10.0,0.3823,40.0,5700.0,691.0
2021-01-05 09:41:40.231,0.3815,0.383,20.0,0.3823,20.0,5700.0,691.0
2021-01-05 09:41:40.721,0.3815,0.383,20.0,0.3823,20.0,5700.0,691.0
2021-01-05 09:41:41.130,0.3815,0.383,30.0,0.3818,1.0,5700.0,691.0
2021-01-05 09:41:41.730,0.3815,0.3827,20.0,0.3818,10.0,5700.0,691.0
2021-01-05 09:41:42.101,0.3815,0.3827,20.0,0.3818,10.0,5700.0,691.0
2021-01-05 09:41:42.690,0.3815,0.3825,20.0,0.3815,7.0,5700.0,691.0
2021-01-05 09:41:43.080,0.3815,0.3824,15.0,0.3815,7.0,5700.0,691.0
2021-01-05 09:41:43.720,0.3815,0.3824,25.0,0.3815,7.0,5700.0,691.0
2021-01-05 09:41:44.671,0.3815,0.3824,15.0,0.3815,7.0,5700.0,691.0
2021-01-05 09:41:45.171,0.3815,0.3828,15.0,0.3817,20.0,5700.0,691.0
2021-01-05 09:41:45.701,0.3815,0.3826,20.0,0.3815,6.0,5700.0,691.0
2021-01-05 09:41:46.241,0.3815,0.3826,20.0,0.3816,30.0,5700.0,691.0
2021-01-05 09:41:46.661,0.3815,0.3825,25.0,0.3815,6.0,5700.0,691.0
2021-01-05 09:41:47.201,0.3815,0.3829,15.0,0.382,20.0,5700.0,691.0
2021-01-05 09:41:47.710,0.3815,0.3833,45.0,0.382,20.0,5700.0,691.0
2021-01-05 09:41:48.181,0.3815,0.3837,10.0,0.3824,20.0,5700.0,691.0
2021-01-05 09:41:48.600,0.3815,0.3837,10.0,0.3824,20.0,5700.0,691.0
2021-01-05 09:41:49.191,0.3815,0.3829,20.0,0.3821,2.0,5700.0,691.0
2021-01-05 09:41:49.451,0.3815,0.3837,10.0,0.3829,6.0,5700.0,691.0
2021-01-05 09:41:50.231,0.3815,0.3844,25.0,0.383,2.0,5700.0,691.0
2021-01-05 09:41:50.661,0.3815,0.3844,10.0,0.3829,30.0,5700.0,691.0
2021-01-05 09:41:51.251,0.3815,0.3835,20.0,0.3824,20.0,5700.0,691.0
2021-01-05 09:41:51.760,0.3815,0.3835,20.0,0.3825,13.0,5700.0,691.0
2021-01-05 09:41:52.261,0.3815,0.3843,20.0,0.3828,30.0,5700.0,691.0
2021-01-05 09:41:52.561,0.3815,0.3843,10.0,0.3832,20.0,5700.0,691.0
2021-01-05 09:41:53.151,0.3815,0.3847,15.0,0.3835,20.0,5700.0,691.0
2021-01-05 09:41:53.681,0.3815,0.3846,10.0,0.3835,20.0,5700.0,691.0
2021-01-05 09:41:54.670,0.3815,0.3846,10.0,0.3835,20.0,5700.0,691.0
2021-01-05 09:41:55.160,0.3815,0.3853,45.0,0.3838,20.0,5700.0,691.0
2021-01-05 09:41:55.671,0.3815,0.3849,20.0,0.3837,20.0,5700.0,691.0
2021-01-05 09:41:56.151,0.3815,0.3848,10.0,0.3838,13.0,5700.0,691.0
2021-01-05 09:41:56.670,0.3815,0.3844,20.0,0.3838,2.0,5700.0,691.0
2021-01-05 09:41:57.110,0.3815,0.3853,25.0,0.384,20.0,5700.0,691.0
2021-01-05 09:41:57.640,0.3815,0.3849,20.0,0.3836,20.0,5700.0,691.0
2021-01-05 09:41:58.140,0.3815,0.3848,10.0,0.3837,10.0,5700.0,691.0
2021-01-05 09:41:58.660,0.3815,0.3848,10.0,0.3836,30.0,5700.0,691.0
2021-01-05 09:41:59.131,0.3815,0.3847,1.0,0.3838,10.0,5700.0,691.0
2021-01-05 09:41:59.700,0.3815,0.3847,1.0,0.3839,10.0,5700.0,691.0
2021-01-05 09:42:00.151,0.3815,0.3846,20.0,0.3836,30.0,5700.0,691.0
2021-01-05 09:42:00.701,0.3815,0.3852,35.0,0.3836,30.0,5700.0,691.0
2021-01-05 09:42:01.181,0.3815,0.3851,10.0,0.3839,20.0,5700.0,691.0
2021-01-05 09:42:01.651,0.3815,0.3851,10.0,0.384,2.0,5700.0,691.0
2021-01-05 09:42:02.201,0.3815,0.3851,10.0,0.384,10.0,5700.0,691.0
2021-01-05 09:42:02.641,0.3815,0.3851,10.0,0.3841,10.0,5700.0,691.0
2021-01-05 09:42:03.161,0.3815,0.385,1.0,0.3841,10.0,5700.0,691.0
2021-01-05 09:42:03.690,0.3815,0.385,1.0,0.3841,10.0,5700.0,691.0
2021-01-05 09:42:04.110,0.3815,0.385,1.0,0.3839,30.0,5700.0,691.0
2021-01-05 09:42:04.500,0.3815,0.3848,20.0,0.3837,10.0,5700.0,691.0
2021-01-05 09:42:05.150,0.3815,0.3851,20.0,0.3839,30.0,5700.0,691.0
2021-01-05 09:42:05.711,0.3815,0.385,10.0,0.3839,30.0,5700.0,691.0
2021-01-05 09:42:06.181,0.3815,0.3851,20.0,0.384,10.0,5700.0,691.0
2021-01-05 09:42:06.690,0.3815,0.3849,20.0,0.3839,20.0,5700.0,691.0
2021-01-05 09:42:07.230,0.3815,0.3853,30.0,0.384,10.0,5700.0,691.0
2021-01-05 09:42:07.691,0.3815,0.3853,30.0,0.3841,10.0,5700.0,691.0
2021-01-05 09:42:08.220,0.3815,0.3853,30.0,0.384,10.0,5700.0,691.0
2021-01-05 09:42:09.230,0.3815,0.3855,40.0,0.3842,20.0,5700.0,691.0
2021-01-05 09:42:09.570,0.3815,0.3854,10.0,0.3842,20.0,5700.0,691.0
2021-01-05 09:42:10.220,0.3815,0.3854,10.0,0.3843,10.0,5700.0,691.0
2021-01-05 09:42:10.681,0.3815,0.3854,10.0,0.3844,2.0,5700.0,691.0
2021-01-05 09:42:11.211,0.3815,0.3855,20.0,0.3854,2.0,5700.0,691.0
2021-01-05 09:42:11.651,0.3855,0.3857,1.0,0.3855,1.0,5700.0,696.0
2021-01-05 09:42:12.200,0.3857,0.3865,20.0,0.3857,1.0,5699.0,697.0
2021-01-05 09:42:12.711,0.3857,0.3864,11.0,0.3854,2.0,5699.0,697.0
2021-01-05 09:42:13.211,0.3857,0.386,20.0,0.3849,20.0,5699.0,697.0
2021-01-05 09:42:13.731,0.3857,0.3855,20.0,0.3847,10.0,5699.0,697.0
2021-01-05 09:42:14.150,0.3857,0.3855,20.0,0.3847,20.0,5699.0,697.0
2021-01-05 09:42:14.671,0.3857,0.3855,20.0,0.3847,20.0,5699.0,697.0
2021-01-05 09:42:15.111,0.3857,0.3855,20.0,0.3845,30.0,5699.0,697.0
2021-01-05 09:42:15.650,0.3857,0.3855,20.0,0.3846,10.0,5699.0,697.0
2021-01-05 09:42:16.181,0.3857,0.3855,20.0,0.3848,10.0,5699.0,697.0
2021-01-05 09:42:16.651,0.3857,0.3861,40.0,0.385,10.0,5699.0,697.0
2021-01-05 09:42:17.241,0.3857,0.3858,20.0,0.3849,1.0,5699.0,697.0
2021-01-05 09:42:17.650,0.3857,0.3858,20.0,0.385,10.0,5699.0,697.0
2021-01-05 09:42:18.100,0.3857,0.3857,2.0,0.3848,10.0,5699.0,697.0
2021-01-05 09:42:18.701,0.3857,0.3856,45.0,0.3845,10.0,5699.0,697.0
2021-01-05 09:42:19.210,0.3857,0.3856,47.0,0.3845,10.0,5699.0,697.0
2021-01-05 09:42:19.721,0.3857,0.3855,15.0,0.3845,10.0,5699.0,697.0
2021-01-05 09:42:20.150,0.3857,0.3855,15.0,0.3844,10.0,5699.0,697.0
2021-01-05 09:42:20.720,0.3857,0.3855,10.0,0.3846,10.0,5699.0,697.0
2021-01-05 09:42:21.210,0.3857,0.3856,20.0,0.3847,1.0,5699.0,697.0
2021-01-05 09:42:21.621,0.3857,0.3854,20.0,0.3843,10.0,5699.0,697.0
2021-01-05 09:42:22.221,0.3857,0.386,15.0,0.3848,20.0,5699.0,697.0
2021-01-05 09:42:22.570,0.3857,0.386,10.0,0.3848,20.0,5699.0,697.0
2021-01-05 09:42:23.170,0.3857,0.386,10.0,0.3849,11.0,5699.0,697.0
2021-01-05 09:42:23.631,0.3857,0.386,25.0,0.385,20.0,5699.0,697.0
2021-01-05 09:42:24.151,0.3857,0.3861,20.0,0.385,20.0,5699.0,697.0
2021-01-05 09:42:24.670,0.3857,0.386,15.0,0.3851,10.0,5699.0,697.0
2021-01-05 09:42:25.200,0.3857,0.3861,20.0,0.3851,10.0,5699.0,697.0
2021-01-05 09:42:25.471,0.3857,0.3866,20.0,0.3853,20.0,5699.0,697.0
2021-01-05 09:42:26.130,0.3857,0.3865,10.0,0.3854,1.0,5699.0,697.0
2021-01-05 09:42:26.641,0.3857,0.3865,10.0,0.3853,20.0,5699.0,697.0
2021-01-05 09:42:27.171,0.3857,0.3863,20.0,0.3853,20.0,5699.0,697.0
2021-01-05 09:42:27.651,0.3857,0.3863,20.0,0.3853,30.0,5699.0,697.0
2021-01-05 09:42:28.130,0.3857,0.3863,20.0,0.3853,40.0,5699.0,697.0
2021-01-05 09:42:28.641,0.3857,0.3863,20.0,0.3853,20.0,5699.0,697.0
2021-01-05 09:42:29.100,0.3857,0.3862,10.0,0.3853,30.0,5699.0,697.0
2021-01-05 09:42:30.110,0.3857,0.3866,25.0,0.3853,40.0,5699.0,697.0
2021-01-05 09:42:30.710,0.3857,0.3863,20.0,0.3853,20.0,5699.0,697.0
2021-01-05 09:42:31.200,0.3857,0.3867,20.0,0.3856,20.0,5699.0,697.0
2021-01-05 09:42:31.720,0.3857,0.3866,10.0,0.3856,20.0,5699.0,697.0
2021-01-05 09:42:32.721,0.3857,0.3869,25.0,0.3857,10.0,5699.0,697.0
2021-01-05 09:42:32.971,0.3857,0.3869,25.0,0.3856,20.0,5699.0,697.0
2021-01-05 09:42:33.720,0.3857,0.3869,25.0,0.3858,1.0,5699.0,697.0
2021-01-05 09:42:34.210,0.3857,0.3865,20.0,0.3858,1.0,5699.0,697.0
2021-01-05 09:42:34.731,0.3858,0.3865,20.0,0.3856,20.0,5700.0,698.0
2021-01-05 09:42:35.151,0.3858,0.3865,20.0,0.3856,20.0,5700.0,698.0
2021-01-05 09:42:35.701,0.3858,0.3865,20.0,0.3856,20.0,5700.0,698.0
2021-01-05 09:42:36.141,0.3858,0.3865,30.0,0.3856,20.0,5700.0,698.0
2021-01-05 09:42:36.650,0.3858,0.3865,30.0,0.3856,20.0,5700.0,698.0
2021-01-05 09:42:37.251,0.3858,0.3869,10.0,0.3856,40.0,5700.0,698.0
2021-01-05 09:42:38.141,0.3858,0.3868,1.0,0.3856,30.0,5700.0,698.0
2021-01-05 09:42:38.661,0.3858,0.3867,11.0,0.3856,40.0,5700.0,698.0
2021-01-05 09:42:39.530,0.3858,0.3867,11.0,0.3856,40.0,5700.0,698.0
2021-01-05 09:42:40.221,0.3858,0.3867,1.0,0.3859,20.0,5700.0,698.0
2021-01-05 09:42:40.721,0.3858,0.3867,1.0,0.386,1.0,5700.0,698.0
2021-01-05 09:42:40.990,0.3858,0.387,20.0,0.3861,2.0,5700.0,698.0
2021-01-05 09:42:41.731,0.3858,0.3873,10.0,0.3862,20.0,5700.0,698.0
2021-01-05 09:42:42.250,0.3858,0.3876,20.0,0.3862,20.0,5700.0,698.0
2021-01-05 09:42:42.711,0.3858,0.387,20.0,0.3862,10.0,5700.0,698.0
2021-01-05 09:42:43.251,0.3858,0.3875,35.0,0.3861,31.0,5700.0,698.0
2021-01-05 09:42:43.741,0.386,0.3866,20.0,0.3857,10.0,5699.0,699.0
2021-01-05 09:42:44.211,0.386,0.3865,2.0,0.3858,30.0,5699.0,699.0
2021-01-05 09:42:44.751,0.386,0.3877,20.0,0.3864,20.0,5699.0,699.0
2021-01-05 09:42:45.191,0.386,0.387,20.0,0.3859,1.0,5699.0,699.0
2021-01-05 09:42:45.650,0.386,0.387,20.0,0.386,10.0,5699.0,699.0
2021-01-05 09:42:46.240,0.386,0.3874,20.0,0.3861,1.0,5699.0,699.0
2021-01-05 09:42:46.741,0.386,0.3874,10.0,0.3863,20.0,5699.0,699.0
2021-01-05 09:42:47.160,0.386,0.3877,20.0,0.387,10.0,5699.0,699.0
2021-01-05 09:42:47.690,0.386,0.3876,11.0,0.387,10.0,5699.0,699.0
2021-01-05 09:42:48.680,0.387,0.3873,20.0,0.3863,20.0,5709.0,709.0
2021-01-05 09:42:49.110,0.387,0.3873,20.0,0.3863,30.0,5709.0,709.0
2021-01-05 09:42:50.261,0.387,0.3874,11.0,0.3863,20.0,5709.0,709.0
2021-01-05 09:42:50.720,0.387,0.3874,1.0,0.3864,10.0,5709.0,709.0
2021-01-05 09:42:51.060,0.387,0.3874,1.0,0.3864,10.0,5709.0,709.0
2021-01-05 09:42:51.060,0.387,0.3874,1.0,0.3864,10.0,5709.0,709.0
2021-01-05 09:42:52.251,0.387,0.3873,10.0,0.3865,1.0,5709.0,709.0
2021-01-05 09:42:52.601,0.387,0.3874,20.0,0.3865,1.0,5709.0,709.0
2021-01-05 09:42:53.190,0.387,0.3874,20.0,0.3865,1.0,5709.0,709.0
2021-01-05 09:42:54.191,0.387,0.3878,10.0,0.3866,20.0,5709.0,709.0
2021-01-05 09:42:55.190,0.387,0.3875,20.0,0.3863,10.0,5709.0,709.0
2021-01-05 09:42:55.701,0.387,0.3878,30.0,0.3865,20.0,5709.0,709.0
2021-01-05 09:42:56.191,0.387,0.3881,40.0,0.3868,20.0,5709.0,709.0
2021-01-05 09:42:56.631,0.387,0.388,10.0,0.3869,1.0,5709.0,709.0
2021-01-05 09:42:57.140,0.387,0.388,10.0,0.3868,20.0,5709.0,709.0
2021-01-05 09:42:57.591,0.387,0.3881,40.0,0.3868,20.0,5709.0,709.0
2021-01-05 09:42:58.220,0.387,0.3881,40.0,0.3869,20.0,5709.0,709.0
2021-01-05 09:42:58.731,0.387,0.388,2.0,0.3868,20.0,5709.0,709.0
2021-01-05 09:42:59.230,0.387,0.3876,20.0,0.3863,50.0,5709.0,709.0
2021-01-05 09:42:59.730,0.387,0.3879,1.0,0.387,20.0,5709.0,709.0
2021-01-05 09:43:00.131,0.387,0.3879,1.0,0.387,20.0,5709.0,709.0
2021-01-05 09:43:00.721,0.387,0.388,20.0,0.3871,2.0,5709.0,709.0
2021-01-05 09:43:01.201,0.387,0.3877,20.0,0.3865,10.0,5709.0,709.0
2021-01-05 09:43:01.701,0.387,0.3879,1.0,0.3868,20.0,5709.0,709.0
2021-01-05 09:43:02.150,0.387,0.3879,1.0,0.3868,20.0,5709.0,709.0
2021-01-05 09:43:02.681,0.387,0.3886,45.0,0.3874,20.0,5709.0,709.0
2021-01-05 09:43:03.241,0.387,0.3885,20.0,0.3874,20.0,5709.0,709.0
2021-01-05 09:43:03.341,0.387,0.3884,10.0,0.3874,20.0,5709.0,709.0
2021-01-05 09:43:04.240,0.387,0.3883,2.0,0.3879,1.0,5709.0,709.0
2021-01-05 09:43:04.740,0.3879,0.3879,1.0,0.3869,1.0,5709.0,710.0
2021-01-05 09:43:04.970,0.3879,0.3869,1.0,0.3865,20.0,5709.0,710.0
2021-01-05 09:43:05.681,0.3879,0.3869,1.0,0.3863,20.0,5709.0,710.0
2021-01-05 09:43:06.171,0.3879,0.3869,1.0,0.3863,10.0,5709.0,710.0
2021-01-05 09:43:06.680,0.3879,0.3873,20.0,0.3863,10.0,5709.0,710.0
2021-01-05 09:43:07.231,0.3879,0.3873,30.0,0.3861,10.0,5709.0,710.0
2021-01-05 09:43:07.710,0.3879,0.3873,30.0,0.3862,30.0,5709.0,710.0
2021-01-05 09:43:08.181,0.3879,0.3872,3.0,0.3859,10.0,5709.0,710.0
2021-01-05 09:43:08.701,0.3879,0.3872,11.0,0.3859,10.0,5709.0,710.0
2021-01-05 09:43:09.231,0.3879,0.3872,11.0,0.386,30.0,5709.0,710.0
2021-01-05 09:43:09.740,0.3879,0.3871,20.0,0.386,10.0,5709.0,710.0
2021-01-05 09:43:10.150,0.3879,0.3877,15.0,0.3867,20.0,5709.0,710.0
2021-01-05 09:43:10.761,0.3879,0.3876,10.0,0.3867,20.0,5709.0,710.0
