,last,ask1,asize1,bid1,bsize1,oi,volume
2021-01-05 09:25:00.080,,0.3186,1.0,0.3073,1.0,8728.0,
2021-01-05 09:30:00.451,0.3067,0.3066,1.0,0.2858,1.0,8728.0,3.0
2021-01-05 09:30:00.991,0.3056,0.3056,3.0,0.3001,1.0,8730.0,5.0
2021-01-05 09:30:01.481,0.3056,0.3056,3.0,0.3001,1.0,8730.0,5.0
2021-01-05 09:30:01.990,0.3056,0.3056,3.0,0.3038,20.0,8730.0,5.0
2021-01-05 09:30:02.440,0.3056,0.31,20.0,0.3045,20.0,8730.0,8.0
2021-01-05 09:30:03.010,0.3056,0.3106,25.0,0.3045,20.0,8730.0,8.0
2021-01-05 09:30:03.471,0.3056,0.3106,25.0,0.3038,20.0,8730.0,8.0
2021-01-05 09:30:03.980,0.3056,0.3106,25.0,0.3028,20.0,8730.0,8.0
2021-01-05 09:30:04.430,0.3056,0.3106,25.0,0.3034,20.0,8730.0,8.0
2021-01-05 09:30:05.010,0.3056,0.3106,25.0,0.3045,20.0,8730.0,8.0
2021-01-05 09:30:05.990,0.3056,0.3106,5.0,0.3053,20.0,8730.0,8.0
2021-01-05 09:30:06.480,0.3056,0.3106,5.0,0.3056,20.0,8730.0,8.0
2021-01-05 09:30:06.971,0.3056,0.3106,5.0,0.307,20.0,8730.0,8.0
2021-01-05 09:30:15.040,0.3056,0.3106,5.0,0.3001,1.0,8730.0,8.0
2021-01-05 09:30:15.520,0.3056,0.3106,5.0,0.3062,20.0,8730.0,8.0
2021-01-05 09:30:15.991,0.3056,0.3106,5.0,0.3062,20.0,8730.0,8.0
2021-01-05 09:30:17.021,0.3056,0.3106,5.0,0.3056,20.0,8730.0,8.0
2021-01-05 09:30:18.231,0.3056,0.3106,5.0,0.3001,1.0,8730.0,8.0
2021-01-05 09:30:18.750,0.3056,0.3106,25.0,0.3046,20.0,8730.0,8.0
2021-01-05 09:30:19.251,0.3056,0.3106,25.0,0.3043,20.0,8730.0,8.0
2021-01-05 09:30:20.740,0.3056,0.3106,25.0,0.3048,20.0,8730.0,8.0
2021-01-05 09:30:22.240,0.3056,0.3106,5.0,0.3055,20.0,8730.0,8.0
2021-01-05 09:30:22.671,0.3056,0.3106,5.0,0.3051,20.0,8730.0,8.0
2021-01-05 09:30:23.170,0.3056,0.3106,10.0,0.3051,20.0,8730.0,8.0
2021-01-05 09:30:23.670,0.3056,0.3106,5.0,0.3057,20.0,8730.0,8.0
2021-01-05 09:30:24.161,0.3056,0.3106,5.0,0.3061,20.0,8730.0,8.0
2021-01-05 09:30:24.661,0.3056,0.3106,5.0,0.3061,20.0,8730.0,8.0
2021-01-05 09:30:25.160,0.3056,0.3106,5.0,0.3065,20.0,8730.0,8.0
2021-01-05 09:30:25.671,0.3056,0.3106,5.0,0.3068,20.0,8730.0,8.0
2021-01-05 09:30:26.670,0.3056,0.3106,5.0,0.3065,20.0,8730.0,8.0
2021-01-05 09:30:28.670,0.3056,0.3106,5.0,0.3065,20.0,8730.0,8.0
2021-01-05 09:30:30.171,0.3056,0.3106,5.0,0.3062,20.0,8730.0,8.0
2021-01-05 09:30:30.620,0.3056,0.3106,5.0,0.3058,20.0,8730.0,8.0
2021-01-05 09:30:31.661,0.3056,0.3106,5.0,0.3055,20.0,8730.0,8.0
2021-01-05 09:30:32.140,0.3056,0.3106,25.0,0.3055,20.0,8730.0,8.0
2021-01-05 09:30:32.631,0.3056,0.3106,30.0,0.305,20.0,8730.0,8.0
2021-01-05 09:30:33.171,0.3056,0.3106,25.0,0.305,20.0,8730.0,8.0
2021-01-05 09:30:34.670,0.3056,0.3106,25.0,0.3064,10.0,8730.0,8.0
2021-01-05 09:30:35.121,0.3056,0.3106,25.0,0.3064,30.0,8730.0,8.0
2021-01-05 09:30:35.680,0.3056,0.3106,25.0,0.3064,30.0,8730.0,8.0
2021-01-05 09:30:43.180,0.3056,0.3106,25.0,0.3064,30.0,8730.0,8.0
2021-01-05 09:30:44.181,0.3056,0.3106,25.0,0.3064,30.0,8730.0,8.0
2021-01-05 09:30:44.650,0.3056,0.3106,25.0,0.3064,30.0,8730.0,8.0
2021-01-05 09:30:48.711,0.3056,0.3106,25.0,0.3064,30.0,8730.0,8.0
2021-01-05 09:30:49.210,0.3056,0.3106,25.0,0.3064,30.0,8730.0,8.0
2021-01-05 09:30:52.651,0.3056,0.3106,25.0,0.3064,30.0,8730.0,8.0
2021-01-05 09:30:55.081,0.3056,0.3106,25.0,0.3064,10.0,8730.0,8.0
2021-01-05 09:30:56.660,0.3056,0.3106,25.0,0.3064,10.0,8730.0,8.0
2021-01-05 09:30:58.140,0.3056,0.3106,25.0,0.3064,10.0,8730.0,8.0
2021-01-05 09:30:59.171,0.3056,0.3106,25.0,0.3064,10.0,8730.0,8.0
2021-01-05 09:30:59.640,0.3056,0.3106,25.0,0.3064,10.0,8730.0,8.0
2021-01-05 09:31:01.680,0.3056,0.3106,5.0,0.3064,10.0,8730.0,8.0
2021-01-05 09:31:02.170,0.3056,0.3106,5.0,0.3064,10.0,8730.0,8.0
2021-01-05 09:31:02.681,0.3056,0.3106,25.0,0.3064,10.0,8730.0,8.0
2021-01-05 09:31:04.181,0.3056,0.3106,25.0,0.3064,10.0,8730.0,8.0
2021-01-05 09:31:05.190,0.3056,0.3106,5.0,0.3064,10.0,8730.0,8.0
2021-01-05 09:31:05.670,0.3056,0.3106,5.0,0.3064,10.0,8730.0,8.0
2021-01-05 09:31:06.160,0.3056,0.3106,5.0,0.3064,10.0,8730.0,8.0
2021-01-05 09:31:06.681,0.3056,0.3106,25.0,0.3064,10.0,8730.0,8.0
2021-01-05 09:31:07.190,0.3056,0.3106,25.0,0.3064,10.0,8730.0,8.0
2021-01-05 09:31:08.650,0.3056,0.3106,25.0,0.3064,10.0,8730.0,8.0
2021-01-05 09:31:10.690,0.3056,0.3106,30.0,0.3064,10.0,8730.0,8.0
2021-01-05 09:31:11.170,0.3056,0.3106,25.0,0.3064,10.0,8730.0,8.0
2021-01-05 09:31:12.190,0.3056,0.3106,25.0,0.3064,10.0,8730.0,8.0
2021-01-05 09:31:12.711,0.3056,0.3106,30.0,0.3064,40.0,8730.0,8.0
2021-01-05 09:31:13.170,0.3056,0.3106,25.0,0.3064,20.0,8730.0,8.0
2021-01-05 09:31:13.710,0.3056,0.3106,25.0,0.3064,20.0,8730.0,8.0
2021-01-05 09:31:14.200,0.3056,0.3106,25.0,0.3064,20.0,8730.0,8.0
2021-01-05 09:31:15.710,0.3056,0.3106,25.0,0.3064,10.0,8730.0,8.0
2021-01-05 09:31:16.711,0.3056,0.3106,30.0,0.3064,10.0,8730.0,8.0
2021-01-05 09:31:17.201,0.3056,0.3106,25.0,0.3064,20.0,8730.0,8.0
2021-01-05 09:31:17.710,0.3056,0.3106,25.0,0.3064,20.0,8730.0,8.0
2021-01-05 09:31:18.201,0.3056,0.3106,25.0,0.3064,10.0,8730.0,8.0
2021-01-05 09:31:19.150,0.3056,0.3106,25.0,0.3051,10.0,8730.0,8.0
2021-01-05 09:31:19.721,0.3056,0.3106,25.0,0.3051,20.0,8730.0,8.0
2021-01-05 09:31:20.171,0.3056,0.3106,25.0,0.3042,10.0,8730.0,8.0
2021-01-05 09:31:20.701,0.3056,0.31,20.0,0.3042,10.0,8730.0,8.0
2021-01-05 09:31:21.221,0.3056,0.3106,25.0,0.3042,10.0,8730.0,8.0
2021-01-05 09:31:23.171,0.3056,0.3106,25.0,0.3073,10.0,8730.0,8.0
2021-01-05 09:31:23.640,0.3056,0.3106,25.0,0.3073,10.0,8730.0,8.0
2021-01-05 09:31:24.660,0.3056,0.3106,25.0,0.3073,10.0,8730.0,8.0
2021-01-05 09:31:25.150,0.3056,0.31,10.0,0.3059,10.0,8730.0,8.0
2021-01-05 09:31:25.640,0.3056,0.31,30.0,0.306,14.0,8730.0,8.0
2021-01-05 09:31:26.101,0.3056,0.31,30.0,0.306,14.0,8730.0,8.0
2021-01-05 09:31:27.171,0.3056,0.31,30.0,0.306,14.0,8730.0,8.0
2021-01-05 09:31:27.601,0.3056,0.31,30.0,0.306,14.0,8730.0,8.0
2021-01-05 09:31:28.610,0.3056,0.31,30.0,0.306,14.0,8730.0,8.0
2021-01-05 09:31:29.171,0.3056,0.31,30.0,0.306,14.0,8730.0,8.0
2021-01-05 09:31:30.170,0.3056,0.31,30.0,0.306,14.0,8730.0,8.0
2021-01-05 09:31:30.671,0.3056,0.31,30.0,0.306,14.0,8730.0,8.0
2021-01-05 09:31:31.150,0.3056,0.31,30.0,0.306,14.0,8730.0,8.0
2021-01-05 09:31:31.661,0.3056,0.31,30.0,0.306,14.0,8730.0,8.0
2021-01-05 09:31:32.191,0.3056,0.31,30.0,0.306,14.0,8730.0,8.0
2021-01-05 09:31:32.671,0.3056,0.31,30.0,0.306,14.0,8730.0,8.0
2021-01-05 09:31:33.190,0.3056,0.31,30.0,0.306,14.0,8730.0,8.0
2021-01-05 09:31:34.681,0.3056,0.31,30.0,0.306,14.0,8730.0,8.0
2021-01-05 09:31:35.190,0.3056,0.31,30.0,0.306,14.0,8730.0,8.0
2021-01-05 09:31:35.670,0.3056,0.31,30.0,0.306,14.0,8730.0,8.0
2021-01-05 09:31:36.181,0.3056,0.31,30.0,0.3061,3.0,8730.0,8.0
2021-01-05 09:31:36.690,0.3056,0.31,30.0,0.3061,3.0,8730.0,8.0
2021-01-05 09:31:37.191,0.3056,0.31,30.0,0.3062,14.0,8730.0,8.0
2021-01-05 09:31:37.620,0.3056,0.31,30.0,0.3063,3.0,8730.0,8.0
2021-01-05 09:31:38.190,0.3056,0.31,30.0,0.3059,10.0,8730.0,8.0
2021-01-05 09:31:39.210,0.3056,0.31,30.0,0.3059,10.0,8730.0,8.0
2021-01-05 09:31:39.710,0.3056,0.31,30.0,0.3059,10.0,8730.0,8.0
2021-01-05 09:31:40.200,0.3056,0.31,30.0,0.3059,10.0,8730.0,8.0
2021-01-05 09:31:40.711,0.3056,0.3085,10.0,0.3047,10.0,8730.0,8.0
2021-01-05 09:31:41.191,0.3056,0.3059,1.0,0.3048,14.0,8730.0,8.0
2021-01-05 09:31:41.691,0.3056,0.3059,1.0,0.3047,10.0,8730.0,8.0
2021-01-05 09:31:42.211,0.3056,0.3059,1.0,0.3044,20.0,8730.0,8.0
2021-01-05 09:31:42.711,0.3056,0.3059,1.0,0.3045,14.0,8730.0,8.0
2021-01-05 09:31:43.191,0.3056,0.3059,1.0,0.3046,10.0,8730.0,8.0
2021-01-05 09:31:43.621,0.3046,0.3059,1.0,0.3047,9.0,8731.0,9.0
2021-01-05 09:31:44.190,0.3046,0.3059,1.0,0.3048,14.0,8731.0,9.0
2021-01-05 09:31:44.691,0.3046,0.3059,1.0,0.3051,10.0,8731.0,9.0
2021-01-05 09:31:45.170,0.3046,0.3059,1.0,0.3047,20.0,8731.0,9.0
2021-01-05 09:31:45.700,0.3046,0.3059,1.0,0.3048,14.0,8731.0,9.0
2021-01-05 09:31:46.171,0.3046,0.3059,1.0,0.3048,14.0,8731.0,9.0
2021-01-05 09:31:47.191,0.3046,0.3059,1.0,0.3048,14.0,8731.0,9.0
2021-01-05 09:31:47.711,0.3046,0.3059,1.0,0.3048,14.0,8731.0,9.0
2021-01-05 09:31:48.691,0.3046,0.3059,1.0,0.3044,10.0,8731.0,9.0
2021-01-05 09:31:49.221,0.3046,0.3059,1.0,0.3045,14.0,8731.0,9.0
2021-01-05 09:31:49.711,0.3046,0.3059,1.0,0.3045,20.0,8731.0,9.0
2021-01-05 09:31:50.191,0.3046,0.3059,1.0,0.3039,20.0,8731.0,9.0
2021-01-05 09:31:50.710,0.3046,0.3059,21.0,0.3043,1.0,8731.0,9.0
2021-01-05 09:31:51.210,0.3046,0.3058,1.0,0.3043,1.0,8731.0,9.0
2021-01-05 09:31:52.621,0.3046,0.3058,1.0,0.3043,1.0,8731.0,9.0
2021-01-05 09:31:53.640,0.3046,0.3058,1.0,0.3043,1.0,8731.0,9.0
2021-01-05 09:31:54.151,0.3046,0.3058,1.0,0.3043,1.0,8731.0,9.0
2021-01-05 09:31:54.641,0.3046,0.3058,1.0,0.3043,1.0,8731.0,9.0
2021-01-05 09:31:55.150,0.3046,0.3058,1.0,0.3043,1.0,8731.0,9.0
2021-01-05 09:31:55.670,0.3046,0.3058,1.0,0.3043,1.0,8731.0,9.0
2021-01-05 09:31:56.110,0.3043,0.3058,1.0,0.3028,20.0,8731.0,10.0
2021-01-05 09:31:56.681,0.3043,0.3058,1.0,0.3025,30.0,8731.0,10.0
2021-01-05 09:31:57.171,0.3043,0.3058,1.0,0.3029,1.0,8731.0,10.0
2021-01-05 09:31:57.651,0.3043,0.3058,1.0,0.3029,1.0,8731.0,10.0
2021-01-05 09:31:58.150,0.3043,0.3058,1.0,0.3029,1.0,8731.0,10.0
2021-01-05 09:31:58.640,0.3043,0.3058,1.0,0.3029,21.0,8731.0,10.0
2021-01-05 09:31:59.660,0.3043,0.3058,1.0,0.3029,21.0,8731.0,10.0
2021-01-05 09:32:00.150,0.3043,0.3058,1.0,0.3029,21.0,8731.0,10.0
2021-01-05 09:32:00.650,0.3043,0.3058,1.0,0.3029,21.0,8731.0,10.0
2021-01-05 09:32:01.170,0.3043,0.3058,1.0,0.3029,21.0,8731.0,10.0
2021-01-05 09:32:01.670,0.3043,0.3058,1.0,0.3029,21.0,8731.0,10.0
2021-01-05 09:32:02.171,0.3043,0.3058,1.0,0.303,24.0,8731.0,10.0
2021-01-05 09:32:02.671,0.3043,0.3058,1.0,0.3035,10.0,8731.0,10.0
2021-01-05 09:32:03.180,0.3043,0.3058,1.0,0.3035,30.0,8731.0,10.0
2021-01-05 09:32:03.641,0.3043,0.3058,1.0,0.3035,30.0,8731.0,10.0
2021-01-05 09:32:04.150,0.3043,0.3058,1.0,0.3036,15.0,8731.0,10.0
2021-01-05 09:32:04.661,0.3043,0.3058,1.0,0.3036,1.0,8731.0,10.0
2021-01-05 09:32:05.141,0.3043,0.3058,1.0,0.3036,1.0,8731.0,10.0
2021-01-05 09:32:05.660,0.3043,0.3058,1.0,0.3036,1.0,8731.0,10.0
2021-01-05 09:32:06.161,0.3043,0.3058,1.0,0.3036,1.0,8731.0,10.0
2021-01-05 09:32:06.680,0.3043,0.3058,1.0,0.3036,1.0,8731.0,10.0
2021-01-05 09:32:07.070,0.3043,0.3058,1.0,0.3036,1.0,8731.0,10.0
2021-01-05 09:32:07.671,0.3043,0.3058,1.0,0.3036,1.0,8731.0,10.0
2021-01-05 09:32:08.670,0.3043,0.3058,1.0,0.3036,1.0,8731.0,10.0
2021-01-05 09:32:09.141,0.3043,0.3058,1.0,0.3036,1.0,8731.0,10.0
2021-01-05 09:32:10.161,0.3043,0.3058,1.0,0.3036,1.0,8731.0,10.0
2021-01-05 09:32:10.551,0.3043,0.3058,21.0,0.3036,1.0,8731.0,10.0
2021-01-05 09:32:11.170,0.3043,0.3058,21.0,0.3036,1.0,8731.0,10.0
2021-01-05 09:32:11.650,0.3043,0.3058,1.0,0.3036,1.0,8731.0,10.0
2021-01-05 09:32:12.161,0.3043,0.3058,1.0,0.3036,1.0,8731.0,10.0
2021-01-05 09:32:12.670,0.3043,0.3058,1.0,0.3036,1.0,8731.0,10.0
2021-01-05 09:32:13.171,0.3043,0.3058,1.0,0.3036,1.0,8731.0,10.0
2021-01-05 09:32:14.180,0.3043,0.3058,1.0,0.3036,1.0,8731.0,10.0
2021-01-05 09:32:14.660,0.3043,0.3058,1.0,0.3036,1.0,8731.0,10.0
2021-01-05 09:32:15.171,0.3043,0.3058,1.0,0.3036,1.0,8731.0,10.0
2021-01-05 09:32:15.671,0.3043,0.3058,1.0,0.3036,1.0,8731.0,10.0
2021-01-05 09:32:16.551,0.3043,0.3058,21.0,0.3036,1.0,8731.0,10.0
2021-01-05 09:32:17.161,0.3043,0.3058,21.0,0.3036,1.0,8731.0,10.0
2021-01-05 09:32:17.651,0.3043,0.3058,21.0,0.3036,1.0,8731.0,10.0
2021-01-05 09:32:18.670,0.3043,0.3058,21.0,0.3036,1.0,8731.0,10.0
2021-01-05 09:32:19.670,0.3043,0.3058,21.0,0.3036,1.0,8731.0,10.0
2021-01-05 09:32:20.671,0.3043,0.3058,21.0,0.3036,1.0,8731.0,10.0
2021-01-05 09:32:21.171,0.3043,0.3058,21.0,0.3036,1.0,8731.0,10.0
2021-01-05 09:32:21.680,0.3043,0.3058,21.0,0.3036,1.0,8731.0,10.0
2021-01-05 09:32:22.181,0.3043,0.3058,1.0,0.3036,1.0,8731.0,10.0
2021-01-05 09:32:22.660,0.3043,0.3058,1.0,0.3038,10.0,8731.0,10.0
2021-01-05 09:32:23.180,0.3043,0.3058,1.0,0.3038,30.0,8731.0,10.0
2021-01-05 09:32:24.160,0.3043,0.3058,1.0,0.3038,30.0,8731.0,10.0
2021-01-05 09:32:24.640,0.3043,0.3058,1.0,0.3038,30.0,8731.0,10.0
2021-01-05 09:32:25.170,0.3043,0.3058,1.0,0.3038,30.0,8731.0,10.0
2021-01-05 09:32:25.670,0.3043,0.3058,1.0,0.3038,10.0,8731.0,10.0
2021-01-05 09:32:26.171,0.3043,0.3058,1.0,0.3038,20.0,8731.0,10.0
2021-01-05 09:32:26.650,0.3043,0.3058,1.0,0.3036,1.0,8731.0,10.0
2021-01-05 09:32:28.630,0.3043,0.3058,1.0,0.3036,1.0,8731.0,10.0
2021-01-05 09:32:29.180,0.3043,0.3058,1.0,0.3036,1.0,8731.0,10.0
2021-01-05 09:32:30.171,0.3043,0.3058,1.0,0.3036,1.0,8731.0,10.0
2021-01-05 09:32:31.151,0.3043,0.3058,1.0,0.3036,1.0,8731.0,10.0
2021-01-05 09:32:31.691,0.3043,0.3058,1.0,0.3036,1.0,8731.0,10.0
2021-01-05 09:32:32.121,0.3043,0.3058,1.0,0.3036,1.0,8731.0,10.0
2021-01-05 09:32:33.141,0.3043,0.3058,1.0,0.3036,1.0,8731.0,10.0
2021-01-05 09:32:33.671,0.3043,0.3058,1.0,0.3036,1.0,8731.0,10.0
2021-01-05 09:32:34.171,0.3043,0.3058,1.0,0.3036,1.0,8731.0,10.0
2021-01-05 09:32:34.691,0.3043,0.3058,1.0,0.3036,1.0,8731.0,10.0
2021-01-05 09:32:35.170,0.3043,0.3058,1.0,0.3036,1.0,8731.0,10.0
2021-01-05 09:32:35.671,0.3043,0.3058,1.0,0.3036,1.0,8731.0,10.0
2021-01-05 09:32:36.190,0.3043,0.3058,21.0,0.3036,1.0,8731.0,10.0
2021-01-05 09:32:38.190,0.3043,0.3058,21.0,0.3036,1.0,8731.0,10.0
2021-01-05 09:32:38.670,0.3043,0.3058,21.0,0.3036,1.0,8731.0,10.0
2021-01-05 09:32:39.630,0.3043,0.3058,21.0,0.3036,1.0,8731.0,10.0
2021-01-05 09:32:40.151,0.3043,0.3058,21.0,0.3036,1.0,8731.0,10.0
2021-01-05 09:32:41.690,0.3043,0.3052,10.0,0.3036,1.0,8731.0,10.0
2021-01-05 09:32:42.201,0.3043,0.3052,10.0,0.3036,1.0,8731.0,10.0
2021-01-05 09:32:42.700,0.3043,0.3052,30.0,0.3036,1.0,8731.0,10.0
2021-01-05 09:32:43.121,0.3043,0.3052,30.0,0.3036,1.0,8731.0,10.0
2021-01-05 09:32:43.580,0.3043,0.3052,30.0,0.3036,1.0,8731.0,10.0
2021-01-05 09:32:44.151,0.3043,0.3052,30.0,0.3036,1.0,8731.0,10.0
2021-01-05 09:32:44.700,0.3043,0.3052,10.0,0.3036,21.0,8731.0,10.0
2021-01-05 09:32:45.580,0.3043,0.3052,10.0,0.3036,21.0,8731.0,10.0
2021-01-05 09:32:46.160,0.3043,0.3052,10.0,0.3036,1.0,8731.0,10.0
2021-01-05 09:32:47.701,0.3043,0.3052,30.0,0.3036,1.0,8731.0,10.0
2021-01-05 09:32:48.181,0.3043,0.3052,30.0,0.3036,1.0,8731.0,10.0
2021-01-05 09:32:48.690,0.3043,0.3052,30.0,0.3036,1.0,8731.0,10.0
2021-01-05 09:32:49.190,0.3036,0.3052,30.0,0.3027,20.0,8732.0,11.0
2021-01-05 09:32:49.670,0.3036,0.3036,1.0,0.3013,10.0,8732.0,11.0
2021-01-05 09:32:50.171,0.3036,0.3036,21.0,0.3005,10.0,8732.0,11.0
2021-01-05 09:32:50.700,0.3036,0.3036,1.0,0.3009,10.0,8732.0,11.0
2021-01-05 09:32:51.170,0.3046,0.3045,20.0,0.3006,3.0,8724.0,20.0
2021-01-05 09:32:51.641,0.3046,0.3043,10.0,0.3005,10.0,8724.0,20.0
2021-01-05 09:32:52.191,0.3046,0.3045,20.0,0.3005,20.0,8724.0,20.0
2021-01-05 09:32:52.671,0.3046,0.3045,20.0,0.3005,20.0,8724.0,20.0
2021-01-05 09:32:53.161,0.3046,0.3045,20.0,0.301,10.0,8724.0,20.0
2021-01-05 09:32:53.641,0.3046,0.3053,20.0,0.301,10.0,8724.0,20.0
2021-01-05 09:32:54.181,0.3046,0.3053,20.0,0.3011,13.0,8724.0,20.0
2021-01-05 09:32:54.651,0.3046,0.3055,1.0,0.3012,10.0,8724.0,20.0
2021-01-05 09:32:55.170,0.3046,0.3055,1.0,0.3013,14.0,8724.0,20.0
2021-01-05 09:32:55.650,0.3046,0.3055,1.0,0.3013,20.0,8724.0,20.0
2021-01-05 09:32:56.150,0.3046,0.3055,1.0,0.301,30.0,8724.0,20.0
2021-01-05 09:32:56.611,0.3046,0.3055,1.0,0.301,10.0,8724.0,20.0
2021-01-05 09:32:57.151,0.3046,0.3054,14.0,0.301,10.0,8724.0,20.0
2021-01-05 09:32:57.600,0.3046,0.3055,1.0,0.301,10.0,8724.0,20.0
2021-01-05 09:32:58.171,0.3046,0.3055,1.0,0.301,10.0,8724.0,20.0
2021-01-05 09:32:58.651,0.3046,0.3055,1.0,0.301,10.0,8724.0,20.0
2021-01-05 09:32:59.621,0.3046,0.3055,1.0,0.301,10.0,8724.0,20.0
2021-01-05 09:33:00.111,0.3046,0.3054,14.0,0.301,10.0,8724.0,20.0
2021-01-05 09:33:01.141,0.3046,0.3055,11.0,0.301,10.0,8724.0,20.0
2021-01-05 09:33:01.661,0.3046,0.3055,11.0,0.301,20.0,8724.0,20.0
2021-01-05 09:33:02.130,0.3046,0.3055,1.0,0.3011,14.0,8724.0,20.0
2021-01-05 09:33:02.651,0.3046,0.3056,20.0,0.3012,10.0,8724.0,20.0
2021-01-05 09:33:03.171,0.3046,0.3057,10.0,0.3028,10.0,8724.0,20.0
2021-01-05 09:33:03.681,0.3046,0.3057,10.0,0.3028,30.0,8724.0,20.0
2021-01-05 09:33:04.140,0.3046,0.3059,21.0,0.3028,20.0,8724.0,20.0
2021-01-05 09:33:04.651,0.3046,0.3059,1.0,0.3028,20.0,8724.0,20.0
2021-01-05 09:33:05.181,0.3046,0.3059,1.0,0.3028,20.0,8724.0,20.0
2021-01-05 09:33:05.690,0.3046,0.3059,1.0,0.3028,20.0,8724.0,20.0
2021-01-05 09:33:06.170,0.3046,0.3059,1.0,0.3029,17.0,8724.0,20.0
2021-01-05 09:33:06.651,0.3046,0.3058,1.0,0.3029,17.0,8724.0,20.0
2021-01-05 09:33:07.171,0.3046,0.3058,1.0,0.3029,17.0,8724.0,20.0
2021-01-05 09:33:07.601,0.3046,0.3058,1.0,0.3029,17.0,8724.0,20.0
2021-01-05 09:33:08.191,0.3046,0.3058,1.0,0.3028,20.0,8724.0,20.0
2021-01-05 09:33:09.181,0.3046,0.3058,1.0,0.3028,20.0,8724.0,20.0
2021-01-05 09:33:09.651,0.3046,0.3058,1.0,0.3028,20.0,8724.0,20.0
2021-01-05 09:33:10.180,0.3046,0.3058,1.0,0.3028,20.0,8724.0,20.0
2021-01-05 09:33:10.681,0.3046,0.3058,1.0,0.3028,20.0,8724.0,20.0
2021-01-05 09:33:11.670,0.3046,0.3058,1.0,0.304,10.0,8724.0,20.0
2021-01-05 09:33:12.181,0.3046,0.3058,1.0,0.304,10.0,8724.0,20.0
2021-01-05 09:33:12.650,0.3046,0.3058,1.0,0.304,30.0,8724.0,20.0
2021-01-05 09:33:13.100,0.3046,0.3058,1.0,0.304,30.0,8724.0,20.0
2021-01-05 09:33:14.070,0.3046,0.3058,1.0,0.304,30.0,8724.0,20.0
2021-01-05 09:33:14.650,0.3046,0.3058,1.0,0.304,30.0,8724.0,20.0
2021-01-05 09:33:15.140,0.3046,0.3058,1.0,0.304,30.0,8724.0,20.0
2021-01-05 09:33:15.651,0.3046,0.3058,1.0,0.304,30.0,8724.0,20.0
2021-01-05 09:33:15.881,0.3046,0.3058,1.0,0.3049,10.0,8724.0,20.0
2021-01-05 09:33:16.671,0.3046,0.3058,1.0,0.3049,30.0,8724.0,20.0
2021-01-05 09:33:17.190,0.3046,0.3058,1.0,0.3049,30.0,8724.0,20.0
2021-01-05 09:33:17.691,0.3046,0.3058,1.0,0.3049,30.0,8724.0,20.0
2021-01-05 09:33:18.160,0.307,0.307,20.0,0.3049,30.0,8734.0,30.0
2021-01-05 09:33:18.680,0.307,0.307,15.0,0.3049,30.0,8734.0,35.0
2021-01-05 09:33:19.191,0.307,0.3069,1.0,0.3049,30.0,8734.0,35.0
2021-01-05 09:33:19.591,0.307,0.3057,9.0,0.3049,30.0,8734.0,35.0
2021-01-05 09:33:20.171,0.3057,0.3069,1.0,0.3049,30.0,8727.0,44.0
2021-01-05 09:33:20.680,0.3057,0.3071,1.0,0.3049,33.0,8727.0,44.0
2021-01-05 09:33:21.160,0.3057,0.3068,1.0,0.3049,33.0,8727.0,44.0
2021-01-05 09:33:21.681,0.3057,0.3068,1.0,0.3049,33.0,8727.0,44.0
2021-01-05 09:33:22.150,0.3057,0.3068,1.0,0.3049,33.0,8727.0,44.0
2021-01-05 09:33:22.670,0.3057,0.3068,1.0,0.3058,10.0,8727.0,44.0
2021-01-05 09:33:23.051,0.3057,0.3068,1.0,0.3058,30.0,8727.0,44.0
2021-01-05 09:33:23.641,0.3057,0.3071,1.0,0.3058,30.0,8727.0,44.0
2021-01-05 09:33:24.171,0.3057,0.3071,1.0,0.3058,30.0,8727.0,44.0
2021-01-05 09:33:24.661,0.3057,0.3071,1.0,0.3058,30.0,8727.0,44.0
2021-01-05 09:33:25.671,0.3057,0.3071,1.0,0.3058,10.0,8727.0,44.0
2021-01-05 09:33:26.161,0.3057,0.3071,1.0,0.3054,20.0,8727.0,44.0
2021-01-05 09:33:26.651,0.3057,0.3071,1.0,0.3054,20.0,8727.0,44.0
2021-01-05 09:33:27.171,0.3057,0.3071,1.0,0.3049,30.0,8727.0,44.0
2021-01-05 09:33:27.681,0.3057,0.3071,1.0,0.305,14.0,8727.0,44.0
2021-01-05 09:33:28.180,0.3057,0.307,1.0,0.305,15.0,8727.0,44.0
2021-01-05 09:33:28.670,0.3057,0.307,1.0,0.305,15.0,8727.0,44.0
2021-01-05 09:33:29.171,0.3057,0.307,1.0,0.305,35.0,8727.0,44.0
2021-01-05 09:33:30.180,0.3057,0.307,1.0,0.305,35.0,8727.0,44.0
2021-01-05 09:33:31.131,0.3057,0.307,1.0,0.305,15.0,8727.0,44.0
2021-01-05 09:33:31.680,0.3057,0.307,1.0,0.305,15.0,8727.0,44.0
2021-01-05 09:33:32.170,0.3057,0.307,1.0,0.305,15.0,8727.0,44.0
2021-01-05 09:33:32.620,0.3057,0.307,1.0,0.305,15.0,8727.0,44.0
2021-01-05 09:33:35.181,0.3057,0.3054,1.0,0.305,15.0,8727.0,44.0
2021-01-05 09:33:35.680,0.3054,0.307,1.0,0.3054,1.0,8726.0,45.0
2021-01-05 09:33:36.101,0.3054,0.3071,1.0,0.3054,1.0,8726.0,45.0
2021-01-05 09:33:36.681,0.3054,0.3071,1.0,0.3055,1.0,8726.0,45.0
2021-01-05 09:33:37.190,0.3054,0.3071,1.0,0.3055,1.0,8726.0,45.0
2021-01-05 09:33:37.640,0.3054,0.3071,1.0,0.3056,10.0,8726.0,45.0
2021-01-05 09:33:38.120,0.3054,0.3071,1.0,0.3056,10.0,8726.0,45.0
2021-01-05 09:33:38.621,0.3054,0.3071,1.0,0.3056,10.0,8726.0,45.0
2021-01-05 09:33:39.641,0.3054,0.3071,1.0,0.3056,10.0,8726.0,45.0
2021-01-05 09:33:40.160,0.3054,0.3071,1.0,0.3056,10.0,8726.0,45.0
2021-01-05 09:33:40.690,0.3054,0.3071,1.0,0.3055,21.0,8726.0,45.0
2021-01-05 09:33:41.171,0.3054,0.3071,1.0,0.3055,21.0,8726.0,45.0
2021-01-05 09:33:41.691,0.3054,0.3071,1.0,0.3055,21.0,8726.0,45.0
2021-01-05 09:33:42.160,0.3054,0.3071,21.0,0.3055,1.0,8726.0,45.0
2021-01-05 09:33:42.640,0.3054,0.3071,1.0,0.3055,1.0,8726.0,45.0
2021-01-05 09:33:43.180,0.3054,0.3071,21.0,0.3055,1.0,8726.0,45.0
2021-01-05 09:33:43.681,0.3055,0.307,14.0,0.3047,10.0,8726.0,46.0
2021-01-05 09:33:44.110,0.3055,0.307,14.0,0.3056,1.0,8726.0,46.0
2021-01-05 09:33:44.671,0.3055,0.3069,1.0,0.3047,10.0,8726.0,46.0
2021-01-05 09:33:45.180,0.3055,0.3071,21.0,0.3047,10.0,8726.0,46.0
2021-01-05 09:33:45.660,0.3055,0.3068,1.0,0.3048,1.0,8726.0,46.0
2021-01-05 09:33:46.161,0.3055,0.3068,21.0,0.3048,1.0,8726.0,46.0
2021-01-05 09:33:46.680,0.3055,0.3067,14.0,0.3048,1.0,8726.0,46.0
2021-01-05 09:33:47.191,0.3055,0.3067,14.0,0.3048,1.0,8726.0,46.0
2021-01-05 09:33:47.681,0.3055,0.3066,10.0,0.3048,1.0,8726.0,46.0
2021-01-05 09:33:48.171,0.3055,0.3066,10.0,0.3048,1.0,8726.0,46.0
2021-01-05 09:33:48.680,0.3055,0.3065,14.0,0.3048,1.0,8726.0,46.0
2021-01-05 09:33:49.051,0.3055,0.3065,34.0,0.3048,1.0,8726.0,46.0
2021-01-05 09:33:49.681,0.3055,0.3065,34.0,0.3048,1.0,8726.0,46.0
2021-01-05 09:33:50.130,0.3055,0.3064,1.0,0.3048,1.0,8726.0,46.0
2021-01-05 09:33:50.670,0.3048,0.3065,20.0,0.3034,20.0,8726.0,47.0
2021-01-05 09:33:51.141,0.3048,0.3064,14.0,0.3034,14.0,8726.0,47.0
2021-01-05 09:33:51.571,0.3048,0.3064,15.0,0.3035,1.0,8726.0,47.0
2021-01-05 09:33:52.190,0.3048,0.3064,15.0,0.3036,17.0,8726.0,47.0
2021-01-05 09:33:52.661,0.3048,0.3064,15.0,0.3035,1.0,8726.0,47.0
2021-01-05 09:33:52.960,0.3048,0.3064,15.0,0.3035,1.0,8726.0,47.0
2021-01-05 09:33:53.650,0.3048,0.3064,15.0,0.3036,10.0,8726.0,47.0
2021-01-05 09:33:54.180,0.3048,0.3064,15.0,0.3036,24.0,8726.0,47.0
2021-01-05 09:33:54.610,0.3048,0.3064,15.0,0.3036,10.0,8726.0,47.0
2021-01-05 09:33:55.650,0.3048,0.3064,15.0,0.3036,10.0,8726.0,47.0
2021-01-05 09:33:56.120,0.3048,0.306,10.0,0.3035,1.0,8726.0,47.0
2021-01-05 09:33:56.681,0.3048,0.306,10.0,0.3037,3.0,8726.0,47.0
2021-01-05 09:33:57.171,0.306,0.306,20.0,0.3037,3.0,8726.0,57.0
2021-01-05 09:33:57.671,0.306,0.3059,15.0,0.3035,1.0,8726.0,57.0
2021-01-05 09:33:58.170,0.306,0.3059,35.0,0.3035,1.0,8726.0,57.0
2021-01-05 09:33:58.670,0.306,0.3059,35.0,0.3035,1.0,8726.0,57.0
2021-01-05 09:33:59.140,0.3035,0.3059,35.0,0.3018,10.0,8726.0,58.0
2021-01-05 09:33:59.590,0.3036,0.3059,35.0,0.3019,17.0,8726.0,59.0
2021-01-05 09:34:00.191,0.3036,0.3059,35.0,0.3019,18.0,8726.0,59.0
2021-01-05 09:34:00.671,0.3036,0.3059,35.0,0.3019,15.0,8726.0,59.0
2021-01-05 09:34:01.140,0.3036,0.3059,35.0,0.3019,15.0,8726.0,59.0
2021-01-05 09:34:01.661,0.3036,0.3059,35.0,0.3019,15.0,8726.0,59.0
2021-01-05 09:34:02.170,0.3036,0.3059,35.0,0.3019,15.0,8726.0,59.0
2021-01-05 09:34:02.671,0.3036,0.3059,35.0,0.3019,15.0,8726.0,59.0
2021-01-05 09:34:03.171,0.3036,0.3059,35.0,0.3019,15.0,8726.0,59.0
2021-01-05 09:34:03.670,0.3036,0.3059,35.0,0.3019,15.0,8726.0,59.0
2021-01-05 09:34:04.120,0.3036,0.3059,35.0,0.3019,15.0,8726.0,59.0
2021-01-05 09:34:05.121,0.3036,0.3047,10.0,0.3019,15.0,8726.0,59.0
2021-01-05 09:34:05.630,0.3036,0.3047,10.0,0.3019,15.0,8726.0,59.0
2021-01-05 09:34:06.191,0.3036,0.3046,14.0,0.3019,15.0,8726.0,59.0
2021-01-05 09:34:06.671,0.3036,0.3046,15.0,0.3019,1.0,8726.0,59.0
2021-01-05 09:34:07.130,0.3036,0.3046,15.0,0.3019,1.0,8726.0,59.0
2021-01-05 09:34:08.171,0.3036,0.3033,10.0,0.3019,1.0,8726.0,59.0
2021-01-05 09:34:08.690,0.301,0.3033,30.0,0.3003,20.0,8736.0,70.0
2021-01-05 09:34:09.170,0.301,0.3033,20.0,0.3004,14.0,8736.0,70.0
2021-01-05 09:34:09.670,0.301,0.3032,1.0,0.3007,10.0,8736.0,70.0
2021-01-05 09:34:10.140,0.301,0.3032,1.0,0.3007,20.0,8736.0,70.0
2021-01-05 09:34:10.690,0.301,0.3032,1.0,0.3009,10.0,8736.0,70.0
2021-01-05 09:34:11.151,0.301,0.3032,1.0,0.3009,10.0,8736.0,70.0
2021-01-05 09:34:11.681,0.301,0.3032,1.0,0.301,27.0,8736.0,70.0
2021-01-05 09:34:12.121,0.301,0.3032,1.0,0.301,18.0,8736.0,70.0
2021-01-05 09:34:12.621,0.301,0.3032,1.0,0.3015,10.0,8736.0,70.0
2021-01-05 09:34:13.191,0.301,0.3032,1.0,0.3015,10.0,8736.0,70.0
2021-01-05 09:34:13.521,0.301,0.3032,1.0,0.3016,14.0,8736.0,70.0
2021-01-05 09:34:14.181,0.301,0.3032,1.0,0.3023,10.0,8736.0,70.0
2021-01-05 09:34:14.691,0.3032,0.3046,10.0,0.3024,14.0,8737.0,71.0
2021-01-05 09:34:15.181,0.3032,0.3047,20.0,0.3032,10.0,8737.0,71.0
2021-01-05 09:34:15.681,0.3032,0.3047,20.0,0.3032,10.0,8737.0,71.0
2021-01-05 09:34:16.190,0.3032,0.3048,10.0,0.3033,1.0,8737.0,71.0
2021-01-05 09:34:16.630,0.3032,0.3048,30.0,0.3033,1.0,8737.0,71.0
2021-01-05 09:34:16.970,0.3032,0.3047,14.0,0.3033,1.0,8737.0,71.0
2021-01-05 09:34:17.690,0.3033,0.3047,14.0,0.3025,10.0,8737.0,72.0
2021-01-05 09:34:18.201,0.3033,0.3041,10.0,0.3034,1.0,8737.0,72.0
2021-01-05 09:34:18.620,0.3034,0.3034,1.0,0.3017,10.0,8737.0,73.0
2021-01-05 09:34:19.041,0.3034,0.3034,1.0,0.3017,10.0,8737.0,73.0
2021-01-05 09:34:19.350,0.3034,0.3034,1.0,0.3018,1.0,8737.0,73.0
2021-01-05 09:34:20.180,0.3034,0.3033,1.0,0.3018,1.0,8737.0,73.0
2021-01-05 09:34:20.651,0.3034,0.3033,1.0,0.3018,1.0,8737.0,73.0
2021-01-05 09:34:21.200,0.3034,0.3033,1.0,0.3018,1.0,8737.0,73.0
2021-01-05 09:34:21.690,0.3034,0.3033,1.0,0.3018,1.0,8737.0,73.0
2021-01-05 09:34:22.151,0.3034,0.3033,1.0,0.3018,1.0,8737.0,73.0
2021-01-05 09:34:22.641,0.3034,0.3034,1.0,0.3018,1.0,8737.0,73.0
2021-01-05 09:34:24.600,0.3034,0.3034,1.0,0.3018,1.0,8737.0,73.0
2021-01-05 09:34:25.171,0.3034,0.3034,1.0,0.3018,1.0,8737.0,73.0
2021-01-05 09:34:25.671,0.3034,0.3034,1.0,0.3018,1.0,8737.0,73.0
2021-01-05 09:34:26.641,0.3034,0.3034,1.0,0.3018,1.0,8737.0,73.0
2021-01-05 09:34:29.601,0.3034,0.3034,1.0,0.3018,1.0,8737.0,73.0
2021-01-05 09:34:30.141,0.3034,0.3033,14.0,0.3018,1.0,8737.0,73.0
2021-01-05 09:34:30.590,0.3034,0.3035,30.0,0.3018,1.0,8737.0,73.0
2021-01-05 09:34:31.190,0.3034,0.3034,14.0,0.3018,1.0,8737.0,73.0
2021-01-05 09:34:31.280,0.3034,0.3034,14.0,0.3018,1.0,8737.0,73.0
2021-01-05 09:34:33.090,0.3034,0.3034,14.0,0.3018,1.0,8737.0,73.0
2021-01-05 09:34:33.691,0.3034,0.3027,10.0,0.3018,1.0,8737.0,73.0
2021-01-05 09:34:34.171,0.3018,0.3027,30.0,0.3004,10.0,8737.0,74.0
2021-01-05 09:34:34.640,0.3018,0.3027,30.0,0.3004,10.0,8737.0,74.0
2021-01-05 09:34:35.130,0.3018,0.3026,1.0,0.3005,1.0,8737.0,74.0
2021-01-05 09:34:35.670,0.3018,0.3026,1.0,0.3005,1.0,8737.0,74.0
2021-01-05 09:34:36.171,0.3018,0.3026,1.0,0.3005,1.0,8737.0,74.0
2021-01-05 09:34:36.680,0.3018,0.3025,14.0,0.3005,1.0,8737.0,74.0
2021-01-05 09:34:37.161,0.3018,0.3025,14.0,0.3005,1.0,8737.0,74.0
2021-01-05 09:34:37.700,0.3018,0.302,10.0,0.3005,1.0,8737.0,74.0
2021-01-05 09:34:38.171,0.3018,0.302,30.0,0.3005,1.0,8737.0,74.0
2021-01-05 09:34:38.611,0.3018,0.302,30.0,0.3005,1.0,8737.0,74.0
2021-01-05 09:34:39.091,0.3018,0.302,20.0,0.3005,1.0,8737.0,74.0
2021-01-05 09:34:39.470,0.3018,0.302,34.0,0.3005,1.0,8737.0,74.0
2021-01-05 09:34:40.171,0.3018,0.302,20.0,0.3005,1.0,8737.0,74.0
2021-01-05 09:34:40.601,0.3018,0.302,20.0,0.3005,1.0,8737.0,74.0
2021-01-05 09:34:41.201,0.3018,0.3019,1.0,0.2995,10.0,8737.0,74.0
2021-01-05 09:34:41.700,0.3018,0.3018,14.0,0.2995,10.0,8737.0,74.0
2021-01-05 09:34:42.171,0.3018,0.3018,14.0,0.2996,1.0,8737.0,74.0
2021-01-05 09:34:42.680,0.3018,0.3018,20.0,0.2996,1.0,8737.0,74.0
2021-01-05 09:34:43.671,0.3018,0.3018,6.0,0.2996,1.0,8737.0,74.0
2021-01-05 09:34:44.151,0.3018,0.3019,21.0,0.2996,1.0,8737.0,74.0
2021-01-05 09:34:44.701,0.3018,0.3019,21.0,0.2997,14.0,8737.0,74.0
2021-01-05 09:34:45.200,0.3018,0.3018,10.0,0.2996,1.0,8737.0,74.0
2021-01-05 09:34:45.721,0.3018,0.3018,10.0,0.2996,1.0,8737.0,74.0
2021-01-05 09:34:46.140,0.3018,0.3018,10.0,0.2996,1.0,8737.0,74.0
2021-01-05 09:34:46.660,0.3018,0.3018,10.0,0.2996,1.0,8737.0,74.0
2021-01-05 09:34:47.181,0.3018,0.3018,10.0,0.2996,1.0,8737.0,74.0
2021-01-05 09:34:47.701,0.3018,0.3018,10.0,0.2996,1.0,8737.0,74.0
2021-01-05 09:34:48.700,0.3018,0.3018,16.0,0.2996,1.0,8737.0,74.0
2021-01-05 09:34:49.210,0.3018,0.3017,14.0,0.2996,1.0,8737.0,74.0
2021-01-05 09:34:49.701,0.3018,0.3018,10.0,0.2996,1.0,8737.0,74.0
2021-01-05 09:34:50.220,0.3018,0.3018,10.0,0.2996,1.0,8737.0,74.0
2021-01-05 09:34:50.700,0.3018,0.3018,10.0,0.2996,15.0,8737.0,74.0
2021-01-05 09:34:51.200,0.3018,0.3018,10.0,0.2996,1.0,8737.0,74.0
2021-01-05 09:34:51.630,0.3018,0.3018,10.0,0.2997,14.0,8737.0,74.0
2021-01-05 09:34:52.151,0.3018,0.3016,10.0,0.2997,14.0,8737.0,74.0
2021-01-05 09:34:52.650,0.3018,0.3016,30.0,0.2997,14.0,8737.0,74.0
2021-01-05 09:34:53.180,0.3018,0.3016,30.0,0.2996,1.0,8737.0,74.0
2021-01-05 09:34:53.651,0.3018,0.3015,1.0,0.2996,1.0,8737.0,74.0
2021-01-05 09:34:54.170,0.3018,0.3015,1.0,0.2996,1.0,8737.0,74.0
2021-01-05 09:34:54.631,0.3018,0.3004,10.0,0.2996,1.0,8737.0,74.0
2021-01-05 09:34:55.161,0.2996,0.3004,30.0,0.2982,20.0,8737.0,75.0
2021-01-05 09:34:55.680,0.2996,0.3004,10.0,0.2971,10.0,8737.0,75.0
2021-01-05 09:34:56.131,0.2996,0.2996,1.0,0.2972,14.0,8737.0,75.0
2021-01-05 09:34:56.600,0.2996,0.2993,10.0,0.2972,1.0,8737.0,75.0
2021-01-05 09:34:57.130,0.2996,0.2993,10.0,0.2972,1.0,8737.0,75.0
2021-01-05 09:34:57.651,0.2996,0.2992,1.0,0.2972,1.0,8737.0,75.0
2021-01-05 09:34:58.131,0.2996,0.2992,1.0,0.2972,1.0,8737.0,75.0
2021-01-05 09:34:58.640,0.2996,0.2992,1.0,0.2972,1.0,8737.0,75.0
2021-01-05 09:34:59.151,0.2996,0.2992,1.0,0.2972,1.0,8737.0,75.0
2021-01-05 09:35:00.160,0.2996,0.2992,1.0,0.2972,1.0,8737.0,75.0
2021-01-05 09:35:00.640,0.2996,0.2992,1.0,0.2972,1.0,8737.0,75.0
2021-01-05 09:35:01.070,0.2996,0.2991,14.0,0.2972,1.0,8737.0,75.0
2021-01-05 09:35:02.181,0.2996,0.2991,14.0,0.2972,1.0,8737.0,75.0
2021-01-05 09:35:02.680,0.2996,0.2992,1.0,0.2973,14.0,8737.0,75.0
2021-01-05 09:35:03.180,0.2996,0.2992,1.0,0.2973,14.0,8737.0,75.0
2021-01-05 09:35:03.660,0.2996,0.2992,1.0,0.298,10.0,8737.0,75.0
2021-01-05 09:35:04.061,0.2996,0.2992,1.0,0.2977,20.0,8737.0,75.0
2021-01-05 09:35:05.180,0.2996,0.2991,1.0,0.2975,20.0,8737.0,75.0
2021-01-05 09:35:05.671,0.2996,0.3003,10.0,0.2979,1.0,8737.0,75.0
2021-01-05 09:35:06.180,0.2996,0.3002,14.0,0.2972,20.0,8737.0,75.0
2021-01-05 09:35:06.421,0.2996,0.3002,35.0,0.298,1.0,8737.0,75.0
2021-01-05 09:35:06.820,0.2996,0.3002,21.0,0.2969,30.0,8737.0,75.0
2021-01-05 09:35:07.650,0.2996,0.2996,16.0,0.2981,1.0,8737.0,75.0
2021-01-05 09:35:08.171,0.2996,0.2996,36.0,0.2969,30.0,8737.0,75.0
2021-01-05 09:35:09.191,0.2996,0.2987,26.0,0.297,1.0,8737.0,75.0
2021-01-05 09:35:09.700,0.2996,0.2987,26.0,0.297,1.0,8737.0,75.0
2021-01-05 09:35:10.180,0.2996,0.2987,52.0,0.297,1.0,8737.0,75.0
2021-01-05 09:35:10.691,0.2996,0.2986,1.0,0.297,1.0,8737.0,75.0
2021-01-05 09:35:11.160,0.2996,0.2985,14.0,0.297,1.0,8737.0,75.0
2021-01-05 09:35:11.680,0.2996,0.2985,14.0,0.297,1.0,8737.0,75.0
2021-01-05 09:35:12.101,0.297,0.2985,20.0,0.296,20.0,8737.0,76.0
2021-01-05 09:35:12.691,0.297,0.2985,14.0,0.2961,14.0,8737.0,76.0
2021-01-05 09:35:13.160,0.297,0.2985,14.0,0.2964,10.0,8737.0,76.0
2021-01-05 09:35:13.640,0.297,0.2986,1.0,0.297,10.0,8737.0,76.0
2021-01-05 09:35:14.191,0.297,0.2986,1.0,0.2971,14.0,8737.0,76.0
2021-01-05 09:35:14.691,0.297,0.2986,1.0,0.2975,10.0,8737.0,76.0
2021-01-05 09:35:15.171,0.297,0.2986,1.0,0.2976,16.0,8737.0,76.0
2021-01-05 09:35:15.690,0.297,0.2986,1.0,0.2976,36.0,8737.0,76.0
2021-01-05 09:35:16.151,0.297,0.2986,1.0,0.2975,10.0,8737.0,76.0
2021-01-05 09:35:16.681,0.297,0.2986,1.0,0.2976,14.0,8737.0,76.0
2021-01-05 09:35:17.680,0.297,0.2999,16.0,0.2976,14.0,8737.0,76.0
2021-01-05 09:35:18.631,0.297,0.2998,1.0,0.2977,1.0,8737.0,76.0
2021-01-05 09:35:19.180,0.297,0.2998,1.0,0.2977,21.0,8737.0,76.0
2021-01-05 09:35:19.641,0.297,0.2998,1.0,0.2978,14.0,8737.0,76.0
2021-01-05 09:35:20.690,0.297,0.2998,1.0,0.2978,14.0,8737.0,76.0
2021-01-05 09:35:21.620,0.297,0.2995,10.0,0.2977,1.0,8737.0,76.0
2021-01-05 09:35:22.171,0.297,0.2994,14.0,0.2977,1.0,8737.0,76.0
2021-01-05 09:35:22.640,0.297,0.2994,14.0,0.2977,1.0,8737.0,76.0
2021-01-05 09:35:23.130,0.297,0.2993,1.0,0.2977,1.0,8737.0,76.0
2021-01-05 09:35:23.680,0.297,0.2993,1.0,0.2977,1.0,8737.0,76.0
2021-01-05 09:35:24.171,0.297,0.2992,14.0,0.2977,1.0,8737.0,76.0
2021-01-05 09:35:24.671,0.297,0.2992,14.0,0.2972,13.0,8737.0,76.0
2021-01-05 09:35:25.170,0.297,0.2992,14.0,0.2973,14.0,8737.0,76.0
2021-01-05 09:35:25.620,0.297,0.2992,14.0,0.2973,14.0,8737.0,76.0
2021-01-05 09:35:26.160,0.297,0.2992,14.0,0.2972,10.0,8737.0,76.0
2021-01-05 09:35:26.651,0.297,0.2992,14.0,0.2972,10.0,8737.0,76.0
2021-01-05 09:35:27.101,0.297,0.2992,16.0,0.2976,1.0,8737.0,76.0
2021-01-05 09:35:27.641,0.297,0.2992,16.0,0.2976,1.0,8737.0,76.0
2021-01-05 09:35:28.171,0.297,0.2992,16.0,0.2976,1.0,8737.0,76.0
2021-01-05 09:35:30.121,0.297,0.2992,16.0,0.2976,1.0,8737.0,76.0
2021-01-05 09:35:30.690,0.297,0.2992,22.0,0.2976,1.0,8737.0,76.0
2021-01-05 09:35:31.170,0.297,0.2992,16.0,0.2976,1.0,8737.0,76.0
2021-01-05 09:35:31.700,0.2972,0.2992,16.0,0.2972,1.0,8747.0,87.0
2021-01-05 09:35:32.150,0.2972,0.2992,16.0,0.2972,21.0,8747.0,87.0
2021-01-05 09:35:32.630,0.2972,0.2992,16.0,0.2973,1.0,8747.0,87.0
2021-01-05 09:35:33.191,0.2972,0.2992,16.0,0.2973,1.0,8747.0,87.0
2021-01-05 09:35:33.650,0.2972,0.2987,10.0,0.2973,1.0,8747.0,87.0
2021-01-05 09:35:34.190,0.2972,0.2986,14.0,0.2966,1.0,8747.0,87.0
2021-01-05 09:35:34.611,0.2972,0.2986,14.0,0.2966,15.0,8747.0,87.0
2021-01-05 09:35:35.200,0.2972,0.2985,1.0,0.2966,1.0,8747.0,87.0
2021-01-05 09:35:35.600,0.2972,0.298,10.0,0.2966,1.0,8747.0,87.0
2021-01-05 09:35:36.180,0.2972,0.2979,14.0,0.2966,1.0,8747.0,87.0
2021-01-05 09:35:36.601,0.2972,0.2979,14.0,0.2966,1.0,8747.0,87.0
2021-01-05 09:35:37.171,0.2972,0.2979,14.0,0.2966,1.0,8747.0,87.0
2021-01-05 09:35:38.190,0.2972,0.2978,1.0,0.2966,1.0,8747.0,87.0
2021-01-05 09:35:38.651,0.2972,0.2978,1.0,0.2976,1.0,8747.0,87.0
2021-01-05 09:35:39.140,0.2976,0.2976,2.0,0.2966,1.0,8748.0,88.0
2021-01-05 09:35:39.690,0.2976,0.2976,2.0,0.2966,21.0,8748.0,88.0
2021-01-05 09:35:40.191,0.2976,0.2976,1.0,0.2966,21.0,8748.0,88.0
2021-01-05 09:35:40.691,0.2976,0.2976,1.0,0.2967,14.0,8748.0,88.0
2021-01-05 09:35:41.190,0.2976,0.2987,10.0,0.2967,14.0,8748.0,88.0
2021-01-05 09:35:41.680,0.2976,0.2986,14.0,0.2967,14.0,8748.0,88.0
2021-01-05 09:35:42.410,0.2976,0.2985,1.0,0.2967,14.0,8748.0,88.0
2021-01-05 09:35:43.190,0.2976,0.2985,27.0,0.2968,1.0,8748.0,88.0
2021-01-05 09:35:43.661,0.2976,0.2984,14.0,0.2968,1.0,8748.0,88.0
2021-01-05 09:35:44.101,0.2976,0.2984,14.0,0.2968,21.0,8748.0,88.0
2021-01-05 09:35:44.681,0.2976,0.2979,10.0,0.2968,1.0,8748.0,88.0
2021-01-05 09:35:45.071,0.2976,0.2978,14.0,0.2968,1.0,8748.0,88.0
2021-01-05 09:35:45.670,0.2976,0.2968,1.0,0.2966,1.0,8748.0,88.0
2021-01-05 09:35:46.170,0.2966,0.2966,1.0,0.2957,20.0,8749.0,89.0
2021-01-05 09:35:46.700,0.2966,0.2966,1.0,0.2957,20.0,8749.0,89.0
2021-01-05 09:35:47.201,0.2966,0.2966,1.0,0.2957,34.0,8749.0,89.0
2021-01-05 09:35:48.181,0.2966,0.2966,1.0,0.2956,10.0,8749.0,89.0
2021-01-05 09:35:48.700,0.2966,0.2966,1.0,0.2956,10.0,8749.0,89.0
2021-01-05 09:35:49.701,0.2966,0.2966,1.0,0.2956,10.0,8749.0,89.0
2021-01-05 09:35:50.150,0.2966,0.2966,1.0,0.2956,10.0,8749.0,89.0
2021-01-05 09:35:50.680,0.2966,0.2966,1.0,0.2956,10.0,8749.0,89.0
2021-01-05 09:35:51.710,0.2966,0.2966,1.0,0.2956,10.0,8749.0,89.0
2021-01-05 09:35:52.190,0.2966,0.2966,1.0,0.2957,14.0,8749.0,89.0
2021-01-05 09:35:53.111,0.2966,0.2966,1.0,0.2957,14.0,8749.0,89.0
2021-01-05 09:35:54.161,0.2966,0.2968,1.0,0.2957,14.0,8749.0,89.0
2021-01-05 09:35:55.141,0.2966,0.298,14.0,0.2964,10.0,8749.0,89.0
2021-01-05 09:35:55.691,0.2966,0.298,1.0,0.2964,30.0,8749.0,89.0
2021-01-05 09:35:56.121,0.2966,0.298,1.0,0.2965,14.0,8749.0,89.0
2021-01-05 09:35:56.690,0.2966,0.298,1.0,0.2965,14.0,8749.0,89.0
2021-01-05 09:35:59.640,0.2966,0.298,11.0,0.2964,20.0,8749.0,89.0
2021-01-05 09:36:00.201,0.2966,0.2979,14.0,0.2958,21.0,8749.0,89.0
2021-01-05 09:36:00.611,0.2966,0.2979,14.0,0.2959,14.0,8749.0,89.0
2021-01-05 09:36:01.671,0.2966,0.2979,20.0,0.2959,14.0,8749.0,89.0
2021-01-05 09:36:02.170,0.2966,0.2979,14.0,0.296,1.0,8749.0,89.0
2021-01-05 09:36:02.701,0.2966,0.2979,14.0,0.296,1.0,8749.0,89.0
2021-01-05 09:36:03.150,0.2966,0.298,1.0,0.2961,14.0,8749.0,89.0
2021-01-05 09:36:03.700,0.2966,0.298,1.0,0.2962,1.0,8749.0,89.0
2021-01-05 09:36:04.201,0.2966,0.298,1.0,0.2963,3.0,8749.0,89.0
2021-01-05 09:36:04.670,0.2966,0.298,1.0,0.2964,14.0,8749.0,89.0
2021-01-05 09:36:05.150,0.2966,0.298,1.0,0.2964,14.0,8749.0,89.0
2021-01-05 09:36:05.690,0.2966,0.298,1.0,0.2964,14.0,8749.0,89.0
2021-01-05 09:36:06.180,0.2966,0.298,15.0,0.2964,14.0,8749.0,89.0
2021-01-05 09:36:06.700,0.2966,0.298,15.0,0.2964,14.0,8749.0,89.0
2021-01-05 09:36:09.161,0.2966,0.298,1.0,0.2964,14.0,8749.0,89.0
2021-01-05 09:36:10.101,0.2966,0.298,1.0,0.2965,4.0,8749.0,89.0
2021-01-05 09:36:10.671,0.2966,0.299,26.0,0.2967,10.0,8749.0,89.0
2021-01-05 09:36:11.180,0.2966,0.299,26.0,0.2968,14.0,8749.0,89.0
2021-01-05 09:36:11.651,0.2966,0.2989,1.0,0.2968,34.0,8749.0,89.0
2021-01-05 09:36:12.181,0.2966,0.2988,14.0,0.2968,34.0,8749.0,89.0
2021-01-05 09:36:12.690,0.2966,0.2988,14.0,0.2969,1.0,8749.0,89.0
2021-01-05 09:36:13.190,0.2966,0.2988,14.0,0.2969,1.0,8749.0,89.0
2021-01-05 09:36:13.680,0.2966,0.2988,14.0,0.2969,15.0,8749.0,89.0
2021-01-05 09:36:14.150,0.2966,0.2988,14.0,0.2969,1.0,8749.0,89.0
2021-01-05 09:36:14.690,0.2966,0.2988,14.0,0.297,14.0,8749.0,89.0
2021-01-05 09:36:15.170,0.2966,0.2988,14.0,0.297,14.0,8749.0,89.0
2021-01-05 09:36:18.680,0.2966,0.2988,14.0,0.297,14.0,8749.0,89.0
2021-01-05 09:36:19.151,0.2966,0.2988,14.0,0.297,14.0,8749.0,89.0
2021-01-05 09:36:21.691,0.2966,0.2988,14.0,0.2971,1.0,8749.0,89.0
2021-01-05 09:36:22.171,0.2966,0.2988,14.0,0.2971,1.0,8749.0,89.0
2021-01-05 09:36:22.680,0.2966,0.2988,14.0,0.2972,14.0,8749.0,89.0
2021-01-05 09:36:23.191,0.2966,0.2988,14.0,0.2972,14.0,8749.0,89.0
2021-01-05 09:36:23.681,0.2966,0.2988,14.0,0.2972,34.0,8749.0,89.0
2021-01-05 09:36:24.171,0.2966,0.2986,10.0,0.2972,20.0,8749.0,89.0
2021-01-05 09:36:24.701,0.2966,0.2986,10.0,0.2972,20.0,8749.0,89.0
2021-01-05 09:36:25.191,0.2966,0.2985,14.0,0.2968,20.0,8749.0,89.0
2021-01-05 09:36:25.650,0.2966,0.2985,14.0,0.2969,14.0,8749.0,89.0
2021-01-05 09:36:26.651,0.2966,0.2985,14.0,0.297,1.0,8749.0,89.0
2021-01-05 09:36:27.070,0.2966,0.2985,14.0,0.297,1.0,8749.0,89.0
2021-01-05 09:36:28.190,0.2966,0.2985,34.0,0.297,1.0,8749.0,89.0
2021-01-05 09:36:28.681,0.2966,0.2982,10.0,0.297,1.0,8749.0,89.0
2021-01-05 09:36:29.100,0.297,0.2982,10.0,0.2964,1.0,8749.0,90.0
2021-01-05 09:36:29.661,0.297,0.2981,14.0,0.296,20.0,8749.0,90.0
2021-01-05 09:36:30.161,0.297,0.297,1.0,0.2961,14.0,8749.0,90.0
2021-01-05 09:36:30.700,0.297,0.297,1.0,0.2961,14.0,8749.0,90.0
2021-01-05 09:36:31.181,0.297,0.297,1.0,0.2961,35.0,8749.0,90.0
2021-01-05 09:36:31.690,0.297,0.297,1.0,0.2961,14.0,8749.0,90.0
2021-01-05 09:36:32.130,0.297,0.297,1.0,0.2961,34.0,8749.0,90.0
2021-01-05 09:36:32.660,0.297,0.2982,10.0,0.2961,14.0,8749.0,90.0
2021-01-05 09:36:33.200,0.297,0.2981,14.0,0.2961,34.0,8749.0,90.0
2021-01-05 09:36:33.670,0.297,0.2981,15.0,0.2961,14.0,8749.0,90.0
2021-01-05 09:36:34.091,0.297,0.2981,15.0,0.2962,1.0,8749.0,90.0
2021-01-05 09:36:35.150,0.297,0.2981,15.0,0.2963,14.0,8749.0,90.0
2021-01-05 09:36:36.700,0.297,0.2981,21.0,0.2962,1.0,8749.0,90.0
2021-01-05 09:36:37.190,0.297,0.2981,21.0,0.2962,15.0,8749.0,90.0
2021-01-05 09:36:39.770,0.297,0.2981,21.0,0.2962,1.0,8749.0,90.0
2021-01-05 09:36:40.700,0.297,0.2981,21.0,0.2962,15.0,8749.0,90.0
2021-01-05 09:36:41.201,0.297,0.2981,15.0,0.2962,1.0,8749.0,90.0
2021-01-05 09:36:41.641,0.297,0.2981,15.0,0.2963,14.0,8749.0,90.0
2021-01-05 09:36:43.700,0.297,0.2981,15.0,0.2963,14.0,8749.0,90.0
2021-01-05 09:36:44.680,0.297,0.2981,15.0,0.2963,14.0,8749.0,90.0
2021-01-05 09:36:45.191,0.297,0.2967,10.0,0.2962,1.0,8749.0,90.0
2021-01-05 09:36:45.631,0.297,0.2967,10.0,0.2962,1.0,8749.0,90.0
2021-01-05 09:36:46.190,0.297,0.2967,10.0,0.2957,20.0,8749.0,90.0
2021-01-05 09:36:46.651,0.297,0.2967,24.0,0.2953,20.0,8749.0,90.0
2021-01-05 09:36:47.130,0.297,0.2967,10.0,0.2953,34.0,8749.0,90.0
2021-01-05 09:36:47.660,0.297,0.2959,10.0,0.2946,37.0,8749.0,90.0
2021-01-05 09:36:48.130,0.297,0.2959,10.0,0.2952,20.0,8749.0,90.0
2021-01-05 09:36:48.630,0.2962,0.2973,20.0,0.2971,8.0,8751.0,102.0
2021-01-05 09:36:49.170,0.2971,0.2968,2.0,0.2946,37.0,8751.0,110.0
2021-01-05 09:36:49.700,0.2971,0.2968,2.0,0.2946,37.0,8751.0,110.0
2021-01-05 09:36:50.190,0.2971,0.2967,15.0,0.2947,1.0,8751.0,110.0
2021-01-05 09:36:50.670,0.2971,0.2967,15.0,0.2948,14.0,8751.0,110.0
2021-01-05 09:36:51.171,0.2971,0.2967,15.0,0.2948,14.0,8751.0,110.0
2021-01-05 09:36:51.671,0.2971,0.2967,15.0,0.2948,14.0,8751.0,110.0
2021-01-05 09:36:53.191,0.2971,0.2967,15.0,0.2948,14.0,8751.0,110.0
2021-01-05 09:36:53.680,0.2967,0.2967,5.0,0.2948,14.0,8761.0,120.0
2021-01-05 09:36:54.180,0.2967,0.2967,5.0,0.2948,14.0,8761.0,120.0
2021-01-05 09:36:54.631,0.2967,0.2967,5.0,0.2948,24.0,8761.0,120.0
2021-01-05 09:36:55.171,0.2971,0.2971,5.0,0.2948,24.0,8766.0,130.0
2021-01-05 09:36:55.651,0.297,0.297,4.0,0.2948,24.0,8776.0,140.0
2021-01-05 09:36:56.141,0.297,0.297,4.0,0.2949,10.0,8776.0,140.0
2021-01-05 09:36:56.691,0.297,0.297,4.0,0.2949,10.0,8776.0,140.0
2021-01-05 09:36:57.171,0.297,0.2969,1.0,0.295,14.0,8776.0,140.0
2021-01-05 09:36:57.630,0.297,0.2969,1.0,0.295,14.0,8776.0,140.0
2021-01-05 09:36:58.160,0.297,0.2969,15.0,0.295,14.0,8776.0,140.0
2021-01-05 09:36:59.181,0.297,0.2969,1.0,0.2951,1.0,8776.0,140.0
2021-01-05 09:36:59.690,0.297,0.2968,14.0,0.2951,1.0,8776.0,140.0
2021-01-05 09:37:00.151,0.297,0.2968,14.0,0.2952,14.0,8776.0,140.0
2021-01-05 09:37:00.700,0.297,0.2968,14.0,0.2952,20.0,8776.0,140.0
2021-01-05 09:37:01.640,0.297,0.2968,14.0,0.2952,20.0,8776.0,140.0
2021-01-05 09:37:02.191,0.297,0.2968,14.0,0.2953,14.0,8776.0,140.0
2021-01-05 09:37:02.640,0.297,0.2969,1.0,0.2953,14.0,8776.0,140.0
2021-01-05 09:37:03.151,0.297,0.2968,14.0,0.2953,14.0,8776.0,140.0
2021-01-05 09:37:03.630,0.297,0.2969,1.0,0.2953,14.0,8776.0,140.0
2021-01-05 09:37:04.200,0.2976,0.2978,10.0,0.2953,14.0,8786.0,150.0
2021-01-05 09:37:04.690,0.2976,0.2977,14.0,0.2953,14.0,8786.0,150.0
2021-01-05 09:37:05.701,0.2976,0.2977,14.0,0.2954,13.0,8786.0,150.0
2021-01-05 09:37:06.171,0.2976,0.2977,14.0,0.2954,13.0,8786.0,150.0
2021-01-05 09:37:06.700,0.2976,0.2977,14.0,0.2955,14.0,8786.0,150.0
2021-01-05 09:37:07.180,0.2976,0.2977,14.0,0.2955,15.0,8786.0,150.0
2021-01-05 09:37:07.681,0.2976,0.2977,14.0,0.2955,35.0,8786.0,150.0
2021-01-05 09:37:08.200,0.2976,0.2977,14.0,0.2955,35.0,8786.0,150.0
2021-01-05 09:37:08.630,0.2976,0.2977,14.0,0.2955,35.0,8786.0,150.0
2021-01-05 09:37:09.170,0.2976,0.2973,10.0,0.2955,15.0,8786.0,150.0
2021-01-05 09:37:09.660,0.2976,0.2973,16.0,0.2955,1.0,8786.0,150.0
2021-01-05 09:37:10.140,0.2976,0.2972,14.0,0.2956,14.0,8786.0,150.0
2021-01-05 09:37:10.701,0.2976,0.2981,10.0,0.2958,10.0,8786.0,150.0
2021-01-05 09:37:11.201,0.2976,0.298,14.0,0.2958,10.0,8786.0,150.0
2021-01-05 09:37:11.641,0.2976,0.298,14.0,0.2959,14.0,8786.0,150.0
2021-01-05 09:37:12.131,0.2976,0.2979,16.0,0.2959,1.0,8786.0,150.0
2021-01-05 09:37:12.620,0.2976,0.2979,16.0,0.296,14.0,8786.0,150.0
2021-01-05 09:37:13.181,0.2976,0.2979,16.0,0.296,14.0,8786.0,150.0
2021-01-05 09:37:13.681,0.2976,0.2979,16.0,0.296,14.0,8786.0,150.0
2021-01-05 09:37:14.171,0.2976,0.2979,16.0,0.296,34.0,8786.0,150.0
2021-01-05 09:37:15.160,0.2976,0.2973,16.0,0.296,20.0,8786.0,150.0
2021-01-05 09:37:15.700,0.296,0.2973,16.0,0.296,19.0,8786.0,151.0
2021-01-05 09:37:16.190,0.296,0.2973,16.0,0.296,20.0,8786.0,151.0
2021-01-05 09:37:16.461,0.296,0.2977,16.0,0.2961,14.0,8786.0,151.0
2021-01-05 09:37:17.200,0.296,0.2977,16.0,0.2961,14.0,8786.0,151.0
2021-01-05 09:37:18.710,0.296,0.2977,16.0,0.2961,14.0,8786.0,151.0
2021-01-05 09:37:18.891,0.296,0.2977,16.0,0.296,20.0,8786.0,151.0
2021-01-05 09:37:19.711,0.296,0.2977,22.0,0.2961,14.0,8786.0,151.0
2021-01-05 09:37:20.211,0.296,0.2977,16.0,0.296,20.0,8786.0,151.0
2021-01-05 09:37:20.691,0.296,0.2977,16.0,0.296,34.0,8786.0,151.0
2021-01-05 09:37:21.200,0.296,0.2977,16.0,0.296,20.0,8786.0,151.0
2021-01-05 09:37:21.701,0.296,0.2977,16.0,0.2961,14.0,8786.0,151.0
2021-01-05 09:37:23.150,0.296,0.2977,16.0,0.2961,14.0,8786.0,151.0
2021-01-05 09:37:24.080,0.296,0.2982,16.0,0.2961,14.0,8786.0,151.0
2021-01-05 09:37:24.631,0.296,0.2982,16.0,0.2961,14.0,8786.0,151.0
2021-01-05 09:37:25.200,0.296,0.2982,16.0,0.2961,14.0,8786.0,151.0
2021-01-05 09:37:26.650,0.296,0.2982,16.0,0.2961,14.0,8786.0,151.0
2021-01-05 09:37:27.130,0.296,0.2982,22.0,0.2961,14.0,8786.0,151.0
2021-01-05 09:37:27.551,0.296,0.2982,16.0,0.2961,14.0,8786.0,151.0
2021-01-05 09:37:28.560,0.296,0.2982,22.0,0.2961,14.0,8786.0,151.0
2021-01-05 09:37:29.130,0.296,0.2982,16.0,0.2961,14.0,8786.0,151.0
2021-01-05 09:37:30.191,0.296,0.2981,1.0,0.2961,14.0,8786.0,151.0
2021-01-05 09:37:30.650,0.296,0.298,14.0,0.2961,14.0,8786.0,151.0
2021-01-05 09:37:31.190,0.296,0.298,14.0,0.2961,14.0,8786.0,151.0
2021-01-05 09:37:32.181,0.296,0.298,20.0,0.2961,14.0,8786.0,151.0
2021-01-05 09:37:32.651,0.296,0.2977,16.0,0.2961,14.0,8786.0,151.0
2021-01-05 09:37:33.180,0.296,0.2975,10.0,0.2959,1.0,8786.0,151.0
2021-01-05 09:37:33.701,0.296,0.2974,14.0,0.2959,1.0,8786.0,151.0
2021-01-05 09:37:34.200,0.296,0.2974,14.0,0.2959,15.0,8786.0,151.0
2021-01-05 09:37:35.170,0.296,0.2975,10.0,0.2959,1.0,8786.0,151.0
2021-01-05 09:37:35.650,0.296,0.2974,14.0,0.296,14.0,8786.0,151.0
2021-01-05 09:37:36.200,0.296,0.2974,14.0,0.296,14.0,8786.0,151.0
2021-01-05 09:37:36.671,0.296,0.2974,14.0,0.296,34.0,8786.0,151.0
2021-01-05 09:37:37.691,0.296,0.2974,14.0,0.296,34.0,8786.0,151.0
2021-01-05 09:37:38.651,0.296,0.2979,16.0,0.296,34.0,8786.0,151.0
2021-01-05 09:37:39.120,0.296,0.2982,10.0,0.2963,16.0,8786.0,151.0
2021-01-05 09:37:39.641,0.296,0.2981,14.0,0.2963,36.0,8786.0,151.0
2021-01-05 09:37:40.161,0.296,0.2981,14.0,0.2963,36.0,8786.0,151.0
2021-01-05 09:37:40.701,0.296,0.2981,14.0,0.2964,1.0,8786.0,151.0
2021-01-05 09:37:41.131,0.296,0.2981,14.0,0.2965,14.0,8786.0,151.0
2021-01-05 09:37:42.130,0.296,0.2981,14.0,0.2965,14.0,8786.0,151.0
2021-01-05 09:37:43.671,0.296,0.2981,14.0,0.2967,16.0,8786.0,151.0
2021-01-05 09:37:44.190,0.296,0.2986,16.0,0.2967,16.0,8786.0,151.0
2021-01-05 09:37:44.641,0.296,0.2986,16.0,0.2967,36.0,8786.0,151.0
2021-01-05 09:37:45.191,0.296,0.2986,16.0,0.2968,4.0,8786.0,151.0
2021-01-05 09:37:45.650,0.296,0.2986,16.0,0.2969,14.0,8786.0,151.0
2021-01-05 09:37:46.601,0.296,0.2986,16.0,0.2969,14.0,8786.0,151.0
2021-01-05 09:37:47.661,0.296,0.2986,22.0,0.2969,14.0,8786.0,151.0
2021-01-05 09:37:48.201,0.296,0.2986,22.0,0.2969,14.0,8786.0,151.0
2021-01-05 09:37:48.700,0.296,0.2986,16.0,0.2969,14.0,8786.0,151.0
2021-01-05 09:37:49.190,0.296,0.2986,22.0,0.2969,14.0,8786.0,151.0
2021-01-05 09:37:49.670,0.296,0.2986,16.0,0.2969,14.0,8786.0,151.0
2021-01-05 09:37:51.691,0.296,0.2981,26.0,0.2968,1.0,8786.0,151.0
2021-01-05 09:37:52.191,0.296,0.2981,26.0,0.2968,1.0,8786.0,151.0
2021-01-05 09:37:52.660,0.296,0.2981,26.0,0.2969,14.0,8786.0,151.0
2021-01-05 09:37:53.161,0.296,0.2981,26.0,0.2968,1.0,8786.0,151.0
2021-01-05 09:37:53.680,0.296,0.2981,32.0,0.2968,1.0,8786.0,151.0
2021-01-05 09:37:54.170,0.296,0.2981,32.0,0.2968,1.0,8786.0,151.0
2021-01-05 09:37:54.640,0.296,0.2981,26.0,0.2968,1.0,8786.0,151.0
2021-01-05 09:37:56.121,0.296,0.2981,26.0,0.2968,1.0,8786.0,151.0
2021-01-05 09:37:56.611,0.296,0.2984,16.0,0.2969,14.0,8786.0,151.0
2021-01-05 09:37:57.170,0.296,0.2984,16.0,0.2969,14.0,8786.0,151.0
2021-01-05 09:37:57.601,0.296,0.2988,10.0,0.2972,16.0,8786.0,151.0
2021-01-05 09:37:58.141,0.296,0.2987,14.0,0.2972,36.0,8786.0,151.0
2021-01-05 09:37:58.640,0.296,0.2987,14.0,0.2972,36.0,8786.0,151.0
2021-01-05 09:37:59.130,0.296,0.2987,14.0,0.2973,1.0,8786.0,151.0
2021-01-05 09:38:00.100,0.296,0.2986,16.0,0.2973,15.0,8786.0,151.0
2021-01-05 09:38:00.680,0.296,0.2981,10.0,0.2973,15.0,8786.0,151.0
2021-01-05 09:38:01.180,0.2981,0.2981,9.0,0.2973,15.0,8785.0,152.0
2021-01-05 09:38:01.681,0.2981,0.2981,23.0,0.2973,15.0,8785.0,152.0
2021-01-05 09:38:02.181,0.2981,0.2981,9.0,0.2973,1.0,8785.0,152.0
2021-01-05 09:38:02.680,0.2981,0.298,14.0,0.2973,1.0,8785.0,152.0
2021-01-05 09:38:03.681,0.2981,0.298,14.0,0.2968,16.0,8785.0,152.0
2021-01-05 09:38:04.190,0.2981,0.298,14.0,0.2967,20.0,8785.0,152.0
2021-01-05 09:38:04.680,0.2981,0.298,14.0,0.2968,14.0,8785.0,152.0
2021-01-05 09:38:06.691,0.2981,0.298,14.0,0.2964,16.0,8785.0,152.0
2021-01-05 09:38:07.200,0.2981,0.2974,10.0,0.2963,20.0,8785.0,152.0
2021-01-05 09:38:07.590,0.2981,0.2972,10.0,0.2959,16.0,8785.0,152.0
2021-01-05 09:38:08.021,0.2981,0.2972,10.0,0.2959,16.0,8785.0,152.0
2021-01-05 09:38:09.160,0.2981,0.297,1.0,0.2955,36.0,8785.0,152.0
2021-01-05 09:38:09.611,0.2981,0.2969,1.0,0.2955,36.0,8785.0,152.0
2021-01-05 09:38:10.180,0.2981,0.2968,14.0,0.2955,16.0,8785.0,152.0
2021-01-05 09:38:10.670,0.2981,0.2968,14.0,0.2952,20.0,8785.0,152.0
2021-01-05 09:38:11.141,0.2981,0.2968,14.0,0.2953,14.0,8785.0,152.0
2021-01-05 09:38:11.701,0.2981,0.2968,14.0,0.2953,15.0,8785.0,152.0
2021-01-05 09:38:12.191,0.2981,0.2975,16.0,0.2958,16.0,8785.0,152.0
2021-01-05 09:38:12.691,0.2981,0.2975,16.0,0.2958,16.0,8785.0,152.0
2021-01-05 09:38:12.981,0.2981,0.2975,6.0,0.2952,20.0,8785.0,152.0
2021-01-05 09:38:13.690,0.2981,0.2972,16.0,0.2954,16.0,8785.0,152.0
2021-01-05 09:38:14.141,0.2981,0.2971,2.0,0.2954,16.0,8785.0,152.0
2021-01-05 09:38:14.691,0.2981,0.2968,16.0,0.2953,1.0,8785.0,152.0
2021-01-05 09:38:15.150,0.2981,0.2968,16.0,0.2953,1.0,8785.0,152.0
2021-01-05 09:38:15.730,0.2981,0.2963,16.0,0.2953,1.0,8785.0,152.0
2021-01-05 09:38:16.210,0.2981,0.2963,16.0,0.2953,1.0,8785.0,152.0
2021-01-05 09:38:16.731,0.2981,0.2963,16.0,0.2946,17.0,8785.0,152.0
2021-01-05 09:38:17.190,0.2981,0.2963,16.0,0.2946,17.0,8785.0,152.0
2021-01-05 09:38:17.701,0.2981,0.2963,16.0,0.2947,1.0,8785.0,152.0
2021-01-05 09:38:18.231,0.2981,0.2963,16.0,0.2948,14.0,8785.0,152.0
2021-01-05 09:38:18.660,0.2981,0.2963,16.0,0.2948,14.0,8785.0,152.0
2021-01-05 09:38:19.230,0.2981,0.2963,16.0,0.2948,14.0,8785.0,152.0
2021-01-05 09:38:19.670,0.2981,0.2963,22.0,0.2948,14.0,8785.0,152.0
2021-01-05 09:38:20.231,0.2981,0.2963,16.0,0.2948,14.0,8785.0,152.0
2021-01-05 09:38:20.671,0.2981,0.2963,22.0,0.2948,14.0,8785.0,152.0
2021-01-05 09:38:21.240,0.2981,0.2963,16.0,0.2948,14.0,8785.0,152.0
2021-01-05 09:38:21.670,0.2981,0.2959,16.0,0.2947,1.0,8785.0,152.0
2021-01-05 09:38:22.210,0.2947,0.2947,1.0,0.2946,1.0,8785.0,153.0
2021-01-05 09:38:22.661,0.2946,0.2947,1.0,0.2942,16.0,8786.0,154.0
2021-01-05 09:38:23.201,0.2946,0.2946,1.0,0.2942,16.0,8786.0,154.0
2021-01-05 09:38:24.000,0.2946,0.2946,1.0,0.2937,36.0,8786.0,154.0
2021-01-05 09:38:24.690,0.2946,0.2947,1.0,0.2937,36.0,8786.0,154.0
2021-01-05 09:38:25.101,0.2946,0.2947,1.0,0.2937,36.0,8786.0,154.0
2021-01-05 09:38:25.700,0.2946,0.2947,1.0,0.2937,36.0,8786.0,154.0
2021-01-05 09:38:26.100,0.2946,0.2956,16.0,0.2937,16.0,8786.0,154.0
2021-01-05 09:38:26.701,0.2946,0.2956,36.0,0.2938,2.0,8786.0,154.0
2021-01-05 09:38:27.151,0.2946,0.2956,36.0,0.2939,14.0,8786.0,154.0
2021-01-05 09:38:27.691,0.2946,0.2956,42.0,0.2939,14.0,8786.0,154.0
2021-01-05 09:38:28.171,0.2946,0.2955,1.0,0.2939,14.0,8786.0,154.0
2021-01-05 09:38:28.680,0.2946,0.2954,14.0,0.2939,14.0,8786.0,154.0
2021-01-05 09:38:29.170,0.2946,0.2954,15.0,0.2939,14.0,8786.0,154.0
2021-01-05 09:38:30.061,0.2946,0.2954,14.0,0.2939,14.0,8786.0,154.0
2021-01-05 09:38:31.181,0.2946,0.2956,36.0,0.2938,1.0,8786.0,154.0
2021-01-05 09:38:31.700,0.2946,0.2956,36.0,0.2939,14.0,8786.0,154.0
2021-01-05 09:38:32.171,0.2946,0.2956,36.0,0.2939,14.0,8786.0,154.0
2021-01-05 09:38:32.701,0.2946,0.2956,36.0,0.2939,14.0,8786.0,154.0
2021-01-05 09:38:33.191,0.2946,0.295,16.0,0.2938,1.0,8786.0,154.0
2021-01-05 09:38:33.700,0.2938,0.2938,1.0,0.293,16.0,8786.0,155.0
2021-01-05 09:38:34.201,0.2938,0.2938,1.0,0.2925,16.0,8786.0,155.0
2021-01-05 09:38:35.200,0.2938,0.2941,20.0,0.292,20.0,8786.0,155.0
2021-01-05 09:38:35.700,0.2938,0.294,14.0,0.2921,16.0,8786.0,155.0
2021-01-05 09:38:36.180,0.2938,0.294,21.0,0.2921,16.0,8786.0,155.0
2021-01-05 09:38:36.691,0.2938,0.294,41.0,0.2921,16.0,8786.0,155.0
2021-01-05 09:38:37.160,0.2938,0.2939,2.0,0.2921,16.0,8786.0,155.0
2021-01-05 09:38:37.680,0.2938,0.2937,16.0,0.2917,16.0,8786.0,155.0
2021-01-05 09:38:38.161,0.2938,0.2937,36.0,0.2917,16.0,8786.0,155.0
2021-01-05 09:38:38.660,0.2938,0.2937,36.0,0.2917,16.0,8786.0,155.0
2021-01-05 09:38:39.161,0.2938,0.2932,10.0,0.2913,16.0,8786.0,155.0
2021-01-05 09:38:39.661,0.2938,0.2931,14.0,0.2913,16.0,8786.0,155.0
2021-01-05 09:38:40.141,0.2938,0.2927,16.0,0.2907,16.0,8786.0,155.0
2021-01-05 09:38:40.591,0.2938,0.2927,16.0,0.2907,16.0,8786.0,155.0
2021-01-05 09:38:41.140,0.2938,0.2927,16.0,0.2907,16.0,8786.0,155.0
2021-01-05 09:38:41.640,0.2938,0.2926,1.0,0.2907,16.0,8786.0,155.0
2021-01-05 09:38:42.191,0.2938,0.2925,14.0,0.2907,16.0,8786.0,155.0
2021-01-05 09:38:42.700,0.2938,0.2925,14.0,0.2907,16.0,8786.0,155.0
2021-01-05 09:38:43.190,0.2938,0.2925,14.0,0.2907,16.0,8786.0,155.0
2021-01-05 09:38:43.701,0.2938,0.2925,14.0,0.2907,16.0,8786.0,155.0
2021-01-05 09:38:44.191,0.2938,0.2925,20.0,0.2907,16.0,8786.0,155.0
2021-01-05 09:38:44.621,0.2938,0.2926,1.0,0.2911,16.0,8786.0,155.0
2021-01-05 09:38:45.201,0.2938,0.2926,1.0,0.2912,2.0,8786.0,155.0
2021-01-05 09:38:45.580,0.2938,0.2926,1.0,0.2913,14.0,8786.0,155.0
2021-01-05 09:38:46.200,0.2938,0.2926,1.0,0.2913,14.0,8786.0,155.0
2021-01-05 09:38:46.631,0.2938,0.2926,1.0,0.2913,14.0,8786.0,155.0
2021-01-05 09:38:47.140,0.2938,0.2926,1.0,0.2915,16.0,8786.0,155.0
2021-01-05 09:38:47.691,0.2938,0.2926,1.0,0.2916,2.0,8786.0,155.0
2021-01-05 09:38:48.200,0.2938,0.2932,10.0,0.2919,16.0,8786.0,155.0
2021-01-05 09:38:48.531,0.2938,0.2932,10.0,0.2919,16.0,8786.0,155.0
2021-01-05 09:38:49.130,0.2938,0.2932,10.0,0.2923,16.0,8786.0,155.0
2021-01-05 09:38:49.691,0.2938,0.2942,16.0,0.2923,16.0,8786.0,155.0
2021-01-05 09:38:50.091,0.2938,0.2942,16.0,0.2923,36.0,8786.0,155.0
2021-01-05 09:38:50.651,0.2938,0.2942,16.0,0.2924,1.0,8786.0,155.0
2021-01-05 09:38:51.170,0.2938,0.2938,16.0,0.2924,1.0,8786.0,155.0
2021-01-05 09:38:51.691,0.2938,0.2934,16.0,0.2924,1.0,8786.0,155.0
2021-01-05 09:38:52.140,0.2938,0.2924,1.0,0.2915,16.0,8786.0,155.0
2021-01-05 09:38:52.630,0.2938,0.2924,1.0,0.2912,16.0,8786.0,155.0
2021-01-05 09:38:53.191,0.2938,0.2924,15.0,0.2912,16.0,8786.0,155.0
2021-01-05 09:38:54.200,0.2938,0.2924,14.0,0.2912,16.0,8786.0,155.0
2021-01-05 09:38:54.690,0.2938,0.2922,10.0,0.2912,16.0,8786.0,155.0
2021-01-05 09:38:55.191,0.2938,0.2922,10.0,0.2912,16.0,8786.0,155.0
2021-01-05 09:38:55.700,0.2938,0.2925,16.0,0.2907,16.0,8786.0,155.0
2021-01-05 09:38:56.190,0.2938,0.2925,16.0,0.2907,16.0,8786.0,155.0
2021-01-05 09:38:57.181,0.2938,0.2925,22.0,0.2908,1.0,8786.0,155.0
2021-01-05 09:38:57.640,0.2938,0.2924,1.0,0.2909,14.0,8786.0,155.0
2021-01-05 09:38:58.161,0.2923,0.2923,4.0,0.291,2.0,8796.0,165.0
2021-01-05 09:38:58.670,0.2923,0.2924,1.0,0.2911,16.0,8796.0,165.0
2021-01-05 09:38:59.060,0.2923,0.2924,1.0,0.2916,16.0,8796.0,165.0
2021-01-05 09:39:00.140,0.2923,0.2927,10.0,0.2916,16.0,8796.0,165.0
2021-01-05 09:39:00.660,0.2923,0.2927,24.0,0.2916,16.0,8796.0,165.0
2021-01-05 09:39:01.160,0.2923,0.2926,2.0,0.2912,16.0,8796.0,165.0
2021-01-05 09:39:01.700,0.2923,0.2925,14.0,0.2912,16.0,8796.0,165.0
2021-01-05 09:39:02.170,0.2923,0.2925,14.0,0.2912,16.0,8796.0,165.0
2021-01-05 09:39:02.660,0.2923,0.2925,14.0,0.2912,16.0,8796.0,165.0
2021-01-05 09:39:03.150,0.2923,0.2927,10.0,0.2912,16.0,8796.0,165.0
2021-01-05 09:39:03.671,0.2923,0.2926,14.0,0.2912,16.0,8796.0,165.0
2021-01-05 09:39:04.161,0.2923,0.293,16.0,0.2912,16.0,8796.0,165.0
2021-01-05 09:39:04.610,0.2923,0.293,16.0,0.2913,2.0,8796.0,165.0
2021-01-05 09:39:05.211,0.2923,0.293,16.0,0.2914,14.0,8796.0,165.0
2021-01-05 09:39:05.701,0.2923,0.293,16.0,0.2914,15.0,8796.0,165.0
2021-01-05 09:39:06.191,0.2923,0.293,16.0,0.2914,15.0,8796.0,165.0
2021-01-05 09:39:06.650,0.2923,0.293,16.0,0.2914,15.0,8796.0,165.0
2021-01-05 09:39:07.200,0.2923,0.293,16.0,0.2914,15.0,8796.0,165.0
2021-01-05 09:39:07.680,0.2923,0.293,16.0,0.2914,35.0,8796.0,165.0
2021-01-05 09:39:08.690,0.2923,0.293,16.0,0.2914,35.0,8796.0,165.0
2021-01-05 09:39:09.161,0.2923,0.2927,10.0,0.2914,35.0,8796.0,165.0
2021-01-05 09:39:09.601,0.2923,0.2926,14.0,0.2914,35.0,8796.0,165.0
2021-01-05 09:39:10.191,0.2923,0.2926,14.0,0.2914,34.0,8796.0,165.0
2021-01-05 09:39:10.721,0.2923,0.2926,14.0,0.2914,34.0,8796.0,165.0
2021-01-05 09:39:11.201,0.2923,0.2925,16.0,0.2911,20.0,8796.0,165.0
2021-01-05 09:39:11.701,0.2923,0.2925,16.0,0.2912,14.0,8796.0,165.0
2021-01-05 09:39:12.150,0.2923,0.2925,16.0,0.2912,34.0,8796.0,165.0
2021-01-05 09:39:12.690,0.2923,0.2925,16.0,0.2912,34.0,8796.0,165.0
2021-01-05 09:39:13.720,0.2923,0.2926,10.0,0.2912,34.0,8796.0,165.0
2021-01-05 09:39:14.160,0.2923,0.2925,14.0,0.2912,34.0,8796.0,165.0
2021-01-05 09:39:15.220,0.2923,0.2924,16.0,0.2907,20.0,8796.0,165.0
2021-01-05 09:39:15.720,0.2923,0.2924,16.0,0.291,20.0,8796.0,165.0
2021-01-05 09:39:16.121,0.2923,0.2924,16.0,0.2907,20.0,8796.0,165.0
2021-01-05 09:39:16.711,0.2923,0.2924,16.0,0.2908,14.0,8796.0,165.0
2021-01-05 09:39:17.151,0.2923,0.2924,16.0,0.2908,15.0,8796.0,165.0
2021-01-05 09:39:17.650,0.2923,0.2924,16.0,0.2909,2.0,8796.0,165.0
2021-01-05 09:39:18.221,0.2923,0.2935,20.0,0.2909,2.0,8796.0,165.0
2021-01-05 09:39:18.671,0.2923,0.2927,16.0,0.291,16.0,8796.0,165.0
2021-01-05 09:39:19.710,0.2923,0.2927,16.0,0.291,36.0,8796.0,165.0
2021-01-05 09:39:20.180,0.2923,0.2926,1.0,0.291,36.0,8796.0,165.0
2021-01-05 09:39:20.741,0.2923,0.2925,14.0,0.291,36.0,8796.0,165.0
2021-01-05 09:39:21.231,0.2923,0.2925,14.0,0.291,36.0,8796.0,165.0
2021-01-05 09:39:21.671,0.2923,0.2923,16.0,0.2908,1.0,8796.0,165.0
2021-01-05 09:39:22.211,0.2923,0.2923,16.0,0.2909,14.0,8796.0,165.0
2021-01-05 09:39:22.651,0.2923,0.2923,22.0,0.2909,14.0,8796.0,165.0
2021-01-05 09:39:23.200,0.2923,0.2923,16.0,0.2909,14.0,8796.0,165.0
2021-01-05 09:39:23.700,0.2923,0.2923,16.0,0.291,2.0,8796.0,165.0
2021-01-05 09:39:24.151,0.2923,0.2922,10.0,0.291,2.0,8796.0,165.0
2021-01-05 09:39:24.551,0.2923,0.2921,14.0,0.2911,14.0,8796.0,165.0
2021-01-05 09:39:25.690,0.2923,0.2921,14.0,0.2911,14.0,8796.0,165.0
2021-01-05 09:39:26.130,0.2923,0.2921,20.0,0.2907,20.0,8796.0,165.0
2021-01-05 09:39:26.681,0.2923,0.2921,14.0,0.2908,14.0,8796.0,165.0
2021-01-05 09:39:27.210,0.2923,0.2921,14.0,0.2908,14.0,8796.0,165.0
2021-01-05 09:39:29.231,0.2923,0.2921,14.0,0.2908,14.0,8796.0,165.0
2021-01-05 09:39:29.721,0.2922,0.2922,4.0,0.2909,2.0,8810.0,185.0
2021-01-05 09:39:30.220,0.2922,0.2929,16.0,0.2911,16.0,8810.0,185.0
2021-01-05 09:39:30.650,0.2922,0.2929,16.0,0.2911,36.0,8810.0,185.0
2021-01-05 09:39:31.121,0.2922,0.2929,16.0,0.2912,1.0,8810.0,185.0
2021-01-05 09:39:31.690,0.2922,0.2928,1.0,0.2913,14.0,8810.0,185.0
2021-01-05 09:39:32.141,0.2922,0.2927,14.0,0.2913,14.0,8810.0,185.0
2021-01-05 09:39:32.700,0.2922,0.2927,14.0,0.2913,14.0,8810.0,185.0
2021-01-05 09:39:33.530,0.2922,0.2927,20.0,0.2913,14.0,8810.0,185.0
2021-01-05 09:39:34.210,0.2922,0.2927,14.0,0.2913,14.0,8810.0,185.0
2021-01-05 09:39:34.681,0.2922,0.2927,14.0,0.2913,14.0,8810.0,185.0
2021-01-05 09:39:35.701,0.2922,0.2927,14.0,0.2916,10.0,8810.0,185.0
2021-01-05 09:39:36.231,0.2922,0.2928,1.0,0.2916,10.0,8810.0,185.0
2021-01-05 09:39:36.660,0.2922,0.2928,14.0,0.2917,14.0,8810.0,185.0
2021-01-05 09:39:37.221,0.2922,0.2928,14.0,0.2917,14.0,8810.0,185.0
2021-01-05 09:39:37.730,0.2922,0.2928,14.0,0.2918,2.0,8810.0,185.0
2021-01-05 09:39:38.221,0.2922,0.2928,14.0,0.2918,2.0,8810.0,185.0
2021-01-05 09:39:39.241,0.2922,0.2933,16.0,0.2918,2.0,8810.0,185.0
2021-01-05 09:39:39.751,0.2922,0.2933,16.0,0.2915,36.0,8810.0,185.0
2021-01-05 09:39:40.721,0.2922,0.2932,1.0,0.2915,36.0,8810.0,185.0
2021-01-05 09:39:41.220,0.2922,0.2931,14.0,0.2916,1.0,8810.0,185.0
2021-01-05 09:39:41.750,0.2922,0.2931,14.0,0.2917,14.0,8810.0,185.0
2021-01-05 09:39:42.210,0.2922,0.2931,14.0,0.2917,14.0,8810.0,185.0
2021-01-05 09:39:42.740,0.2922,0.2931,14.0,0.2919,16.0,8810.0,185.0
2021-01-05 09:39:43.170,0.2922,0.2932,1.0,0.2919,16.0,8810.0,185.0
2021-01-05 09:39:43.570,0.2922,0.2932,1.0,0.2919,16.0,8810.0,185.0
2021-01-05 09:39:44.231,0.2922,0.2932,1.0,0.2919,16.0,8810.0,185.0
2021-01-05 09:39:44.680,0.2936,0.2945,20.0,0.2917,20.0,8820.0,195.0
2021-01-05 09:39:45.251,0.2936,0.2937,16.0,0.2919,16.0,8820.0,195.0
2021-01-05 09:39:45.750,0.2936,0.2937,16.0,0.2919,16.0,8820.0,195.0
2021-01-05 09:39:46.130,0.2936,0.2933,16.0,0.2915,16.0,8820.0,195.0
2021-01-05 09:39:46.630,0.2936,0.2933,16.0,0.292,1.0,8820.0,195.0
2021-01-05 09:39:47.250,0.2936,0.292,3.0,0.2912,16.0,8820.0,195.0
2021-01-05 09:39:47.731,0.2936,0.292,3.0,0.2912,16.0,8820.0,195.0
2021-01-05 09:39:48.221,0.292,0.2929,16.0,0.2912,16.0,8820.0,198.0
2021-01-05 09:39:48.720,0.292,0.2929,16.0,0.2912,16.0,8820.0,198.0
2021-01-05 09:39:49.241,0.292,0.2929,16.0,0.2913,1.0,8820.0,198.0
2021-01-05 09:39:49.241,0.292,0.2929,16.0,0.2914,14.0,8820.0,198.0
2021-01-05 09:39:50.180,0.292,0.2929,22.0,0.2914,14.0,8820.0,198.0
2021-01-05 09:39:50.710,0.292,0.2928,2.0,0.2914,14.0,8820.0,198.0
2021-01-05 09:39:51.241,0.292,0.2924,16.0,0.2913,1.0,8820.0,198.0
2021-01-05 09:39:51.730,0.2913,0.2913,1.0,0.2906,16.0,8820.0,199.0
2021-01-05 09:39:52.251,0.2913,0.2913,1.0,0.2906,16.0,8820.0,199.0
2021-01-05 09:39:52.670,0.2913,0.2924,16.0,0.2906,36.0,8820.0,200.0
2021-01-05 09:39:53.181,0.2913,0.2924,16.0,0.2907,2.0,8820.0,200.0
2021-01-05 09:39:53.630,0.2913,0.293,16.0,0.2912,16.0,8820.0,200.0
2021-01-05 09:39:54.191,0.2913,0.293,16.0,0.2912,36.0,8820.0,200.0
2021-01-05 09:39:54.691,0.2913,0.2929,1.0,0.2912,16.0,8820.0,200.0
2021-01-05 09:39:55.181,0.2913,0.2925,16.0,0.2907,16.0,8820.0,200.0
2021-01-05 09:39:55.640,0.2913,0.2925,16.0,0.2907,16.0,8820.0,200.0
2021-01-05 09:39:56.120,0.2913,0.2925,16.0,0.2907,16.0,8820.0,200.0
2021-01-05 09:39:56.691,0.2913,0.2925,16.0,0.2908,1.0,8820.0,200.0
2021-01-05 09:39:57.181,0.2913,0.2925,22.0,0.2909,14.0,8820.0,200.0
2021-01-05 09:39:57.580,0.2913,0.2925,16.0,0.291,2.0,8820.0,200.0
2021-01-05 09:39:58.170,0.2913,0.2929,16.0,0.2911,16.0,8820.0,200.0
2021-01-05 09:39:59.050,0.2913,0.2928,1.0,0.2911,16.0,8820.0,200.0
2021-01-05 09:39:59.670,0.2913,0.2927,14.0,0.2912,1.0,8820.0,200.0
2021-01-05 09:40:00.610,0.2913,0.2927,20.0,0.2913,14.0,8820.0,200.0
2021-01-05 09:40:01.570,0.2913,0.2927,14.0,0.2915,10.0,8820.0,200.0
2021-01-05 09:40:02.200,0.2913,0.2928,1.0,0.2916,16.0,8820.0,200.0
2021-01-05 09:40:02.671,0.2913,0.2934,16.0,0.2917,2.0,8820.0,200.0
2021-01-05 09:40:03.171,0.2913,0.2934,16.0,0.2918,14.0,8820.0,200.0
2021-01-05 09:40:03.691,0.2913,0.2934,16.0,0.2918,15.0,8820.0,200.0
2021-01-05 09:40:04.160,0.2913,0.2934,22.0,0.2918,15.0,8820.0,200.0
2021-01-05 09:40:04.700,0.2913,0.2934,16.0,0.2918,15.0,8820.0,200.0
2021-01-05 09:40:05.170,0.2913,0.2934,16.0,0.2919,2.0,8820.0,200.0
2021-01-05 09:40:05.701,0.2913,0.2934,16.0,0.2919,2.0,8820.0,200.0
2021-01-05 09:40:06.200,0.2913,0.2934,16.0,0.292,14.0,8820.0,200.0
2021-01-05 09:40:06.701,0.2913,0.2934,16.0,0.292,14.0,8820.0,200.0
2021-01-05 09:40:07.191,0.2913,0.2934,16.0,0.292,14.0,8820.0,200.0
2021-01-05 09:40:07.700,0.2913,0.2934,6.0,0.2921,2.0,8820.0,200.0
2021-01-05 09:40:08.200,0.2913,0.2938,16.0,0.2922,14.0,8820.0,200.0
2021-01-05 09:40:08.690,0.2913,0.2941,16.0,0.2924,16.0,8820.0,200.0
2021-01-05 09:40:09.191,0.2913,0.2941,16.0,0.2924,16.0,8820.0,200.0
2021-01-05 09:40:09.691,0.2913,0.2941,16.0,0.2924,36.0,8820.0,200.0
2021-01-05 09:40:10.150,0.2913,0.2941,22.0,0.2925,2.0,8820.0,200.0
2021-01-05 09:40:10.670,0.2913,0.2941,21.0,0.2926,14.0,8820.0,200.0
2021-01-05 09:40:11.170,0.2913,0.2941,27.0,0.2926,14.0,8820.0,200.0
2021-01-05 09:40:11.671,0.2913,0.2941,21.0,0.2926,14.0,8820.0,200.0
2021-01-05 09:40:12.190,0.2913,0.2941,21.0,0.2926,14.0,8820.0,200.0
2021-01-05 09:40:12.680,0.2913,0.2941,5.0,0.2928,16.0,8820.0,200.0
2021-01-05 09:40:13.170,0.2913,0.294,14.0,0.2928,16.0,8820.0,200.0
2021-01-05 09:40:13.431,0.2913,0.2941,5.0,0.2928,16.0,8820.0,200.0
2021-01-05 09:40:14.150,0.2913,0.2945,16.0,0.2928,36.0,8820.0,200.0
2021-01-05 09:40:14.701,0.2913,0.295,19.0,0.2932,16.0,8820.0,200.0
2021-01-05 09:40:15.120,0.2913,0.295,24.0,0.2932,16.0,8820.0,200.0
2021-01-05 09:40:15.191,0.2913,0.295,24.0,0.2932,16.0,8820.0,200.0
2021-01-05 09:40:16.011,0.2913,0.295,24.0,0.2932,16.0,8820.0,200.0
2021-01-05 09:40:16.520,0.2913,0.295,24.0,0.2933,1.0,8820.0,200.0
2021-01-05 09:40:17.191,0.2913,0.295,24.0,0.2934,14.0,8820.0,200.0
2021-01-05 09:40:17.661,0.2913,0.295,24.0,0.2934,14.0,8820.0,200.0
2021-01-05 09:40:18.161,0.2913,0.295,24.0,0.2934,14.0,8820.0,200.0
2021-01-05 09:40:18.701,0.2913,0.295,30.0,0.2934,14.0,8820.0,200.0
2021-01-05 09:40:19.711,0.2913,0.295,24.0,0.2934,14.0,8820.0,200.0
2021-01-05 09:40:20.191,0.2913,0.2946,16.0,0.2933,1.0,8820.0,200.0
2021-01-05 09:40:20.691,0.2933,0.2945,10.0,0.2929,16.0,8820.0,201.0
2021-01-05 09:40:21.200,0.2933,0.2933,3.0,0.2929,16.0,8820.0,201.0
2021-01-05 09:40:21.701,0.2933,0.2933,3.0,0.293,1.0,8820.0,201.0
2021-01-05 09:40:22.210,0.2933,0.2933,3.0,0.293,14.0,8820.0,201.0
2021-01-05 09:40:22.591,0.2933,0.2933,2.0,0.2925,16.0,8820.0,201.0
2021-01-05 09:40:23.701,0.2933,0.2933,1.0,0.2925,16.0,8820.0,201.0
2021-01-05 09:40:24.160,0.2933,0.2939,16.0,0.2922,16.0,8820.0,201.0
2021-01-05 09:40:24.681,0.2933,0.2939,27.0,0.2922,16.0,8820.0,201.0
2021-01-05 09:40:25.121,0.2933,0.2939,27.0,0.2922,16.0,8820.0,201.0
2021-01-05 09:40:25.551,0.2933,0.2939,21.0,0.2923,1.0,8820.0,201.0
2021-01-05 09:40:26.181,0.2933,0.2938,2.0,0.2924,14.0,8820.0,201.0
2021-01-05 09:40:26.621,0.2933,0.2937,14.0,0.2924,14.0,8820.0,201.0
2021-01-05 09:40:27.140,0.2933,0.2937,14.0,0.2924,14.0,8820.0,201.0
2021-01-05 09:40:27.701,0.2933,0.2931,10.0,0.2924,14.0,8820.0,201.0
2021-01-05 09:40:28.110,0.2933,0.2931,10.0,0.2924,14.0,8820.0,201.0
2021-01-05 09:40:28.690,0.2933,0.2931,10.0,0.2924,14.0,8820.0,201.0
2021-01-05 09:40:32.611,0.2933,0.2931,10.0,0.2925,2.0,8820.0,201.0
2021-01-05 09:40:33.191,0.2933,0.2938,5.0,0.2931,1.0,8820.0,201.0
2021-01-05 09:40:33.551,0.2938,0.2938,9.0,0.2931,1.0,8830.0,211.0
2021-01-05 09:40:34.171,0.2938,0.294,10.0,0.2931,15.0,8830.0,211.0
2021-01-05 09:40:34.601,0.2938,0.2939,14.0,0.2931,1.0,8830.0,211.0
2021-01-05 09:40:35.201,0.2938,0.2939,14.0,0.2925,16.0,8830.0,211.0
2021-01-05 09:40:35.681,0.2938,0.2939,14.0,0.2925,16.0,8830.0,211.0
2021-01-05 09:40:36.161,0.2938,0.2938,2.0,0.2925,16.0,8830.0,211.0
2021-01-05 09:40:36.620,0.2938,0.2938,2.0,0.2925,16.0,8830.0,211.0
2021-01-05 09:40:37.201,0.2938,0.2937,14.0,0.2925,16.0,8830.0,211.0
2021-01-05 09:40:37.700,0.2938,0.2937,14.0,0.2921,16.0,8830.0,211.0
2021-01-05 09:40:38.130,0.2938,0.2937,14.0,0.2921,16.0,8830.0,211.0
2021-01-05 09:40:38.651,0.2938,0.2937,14.0,0.2921,36.0,8830.0,211.0
2021-01-05 09:40:39.041,0.2938,0.2937,14.0,0.2922,1.0,8830.0,211.0
2021-01-05 09:40:39.681,0.2938,0.2937,14.0,0.2923,14.0,8830.0,211.0
2021-01-05 09:40:40.151,0.2938,0.294,10.0,0.2925,16.0,8830.0,211.0
2021-01-05 09:40:40.670,0.2938,0.2939,14.0,0.2925,16.0,8830.0,211.0
2021-01-05 09:40:41.191,0.2938,0.294,10.0,0.2925,16.0,8830.0,211.0
2021-01-05 09:40:41.640,0.2938,0.2946,16.0,0.2929,16.0,8830.0,211.0
2021-01-05 09:40:42.201,0.2938,0.2946,16.0,0.2929,16.0,8830.0,211.0
2021-01-05 09:40:43.191,0.2938,0.2946,22.0,0.293,1.0,8830.0,211.0
2021-01-05 09:40:43.621,0.2938,0.2946,22.0,0.2931,14.0,8830.0,211.0
2021-01-05 09:40:45.131,0.2938,0.2946,16.0,0.2931,14.0,8830.0,211.0
2021-01-05 09:40:46.161,0.2938,0.2946,22.0,0.2931,14.0,8830.0,211.0
2021-01-05 09:40:49.111,0.2938,0.2946,16.0,0.2931,14.0,8830.0,211.0
2021-01-05 09:40:51.601,0.2938,0.2946,22.0,0.2931,14.0,8830.0,211.0
2021-01-05 09:40:52.181,0.2938,0.2946,16.0,0.2931,14.0,8830.0,211.0
2021-01-05 09:40:52.650,0.2938,0.2946,22.0,0.2931,14.0,8830.0,211.0
2021-01-05 09:40:53.180,0.2938,0.2946,16.0,0.2931,14.0,8830.0,211.0
2021-01-05 09:40:54.141,0.2938,0.2946,22.0,0.2931,14.0,8830.0,211.0
2021-01-05 09:40:54.661,0.2938,0.2946,16.0,0.2931,14.0,8830.0,211.0
2021-01-05 09:40:55.111,0.2938,0.2946,42.0,0.2931,14.0,8830.0,211.0
2021-01-05 09:40:55.681,0.2938,0.2946,42.0,0.2931,14.0,8830.0,211.0
2021-01-05 09:40:56.121,0.2938,0.2946,42.0,0.2931,14.0,8830.0,211.0
2021-01-05 09:40:56.600,0.2938,0.2943,16.0,0.293,1.0,8830.0,211.0
2021-01-05 09:40:57.180,0.2938,0.2942,2.0,0.293,15.0,8830.0,211.0
2021-01-05 09:40:57.701,0.2938,0.2941,14.0,0.293,1.0,8830.0,211.0
2021-01-05 09:40:58.200,0.2938,0.2941,14.0,0.2931,14.0,8830.0,211.0
2021-01-05 09:40:59.070,0.2938,0.2941,14.0,0.2931,14.0,8830.0,211.0
2021-01-05 09:40:59.650,0.2938,0.2941,14.0,0.2931,14.0,8830.0,211.0
2021-01-05 09:41:01.041,0.2938,0.294,1.0,0.2931,14.0,8830.0,211.0
2021-01-05 09:41:01.650,0.2938,0.294,1.0,0.2931,14.0,8830.0,211.0
2021-01-05 09:41:02.190,0.2938,0.294,15.0,0.2931,14.0,8830.0,211.0
2021-01-05 09:41:02.661,0.2938,0.294,15.0,0.2931,14.0,8830.0,211.0
2021-01-05 09:41:03.110,0.2938,0.2939,2.0,0.2931,14.0,8830.0,211.0
2021-01-05 09:41:03.721,0.2938,0.2939,16.0,0.2931,14.0,8830.0,211.0
2021-01-05 09:41:05.220,0.2938,0.2939,14.0,0.2931,14.0,8830.0,211.0
2021-01-05 09:41:05.660,0.2938,0.2938,2.0,0.2931,14.0,8830.0,211.0
2021-01-05 09:41:06.221,0.2938,0.2938,2.0,0.2931,14.0,8830.0,211.0
2021-01-05 09:41:06.620,0.2938,0.2937,14.0,0.2925,16.0,8830.0,211.0
2021-01-05 09:41:07.100,0.2938,0.2937,14.0,0.2925,16.0,8830.0,211.0
2021-01-05 09:41:07.611,0.2938,0.2936,2.0,0.2925,16.0,8830.0,211.0
2021-01-05 09:41:08.201,0.2938,0.2936,2.0,0.2922,10.0,8830.0,211.0
2021-01-05 09:41:08.701,0.2938,0.2935,14.0,0.2923,14.0,8830.0,211.0
2021-01-05 09:41:09.661,0.2938,0.2935,14.0,0.2923,14.0,8830.0,211.0
2021-01-05 09:41:10.220,0.2938,0.2935,14.0,0.2923,14.0,8830.0,211.0
2021-01-05 09:41:10.710,0.2938,0.2934,2.0,0.2923,14.0,8830.0,211.0
2021-01-05 09:41:11.210,0.2938,0.2934,2.0,0.2923,14.0,8830.0,211.0
2021-01-05 09:41:11.711,0.2938,0.2933,14.0,0.2923,14.0,8830.0,211.0
2021-01-05 09:41:12.151,0.2938,0.2933,20.0,0.2917,16.0,8830.0,211.0
2021-01-05 09:41:12.710,0.2938,0.2933,20.0,0.2917,16.0,8830.0,211.0
2021-01-05 09:41:13.161,0.2938,0.2933,14.0,0.2918,2.0,8830.0,211.0
2021-01-05 09:41:13.701,0.2938,0.2939,20.0,0.2922,16.0,8830.0,211.0
2021-01-05 09:41:14.160,0.2938,0.2938,14.0,0.2922,16.0,8830.0,211.0
2021-01-05 09:41:14.671,0.2938,0.2938,14.0,0.2922,16.0,8830.0,211.0
2021-01-05 09:41:15.180,0.2938,0.2937,1.0,0.2922,16.0,8830.0,211.0
2021-01-05 09:41:15.651,0.2938,0.2937,1.0,0.2922,16.0,8830.0,211.0
2021-01-05 09:41:16.210,0.2938,0.2937,15.0,0.2922,16.0,8830.0,211.0
2021-01-05 09:41:16.500,0.2938,0.294,16.0,0.2923,1.0,8830.0,211.0
2021-01-05 09:41:17.211,0.2938,0.294,16.0,0.2924,14.0,8830.0,211.0
2021-01-05 09:41:17.670,0.2938,0.294,16.0,0.2924,14.0,8830.0,211.0
2021-01-05 09:41:18.600,0.2938,0.294,22.0,0.2924,14.0,8830.0,211.0
2021-01-05 09:41:19.161,0.2938,0.294,36.0,0.2924,14.0,8830.0,211.0
2021-01-05 09:41:19.601,0.2938,0.294,47.0,0.2924,14.0,8830.0,211.0
2021-01-05 09:41:20.070,0.2924,0.294,27.0,0.2924,12.0,8828.0,213.0
2021-01-05 09:41:20.721,0.2924,0.294,16.0,0.2924,12.0,8828.0,213.0
2021-01-05 09:41:21.190,0.2924,0.294,22.0,0.2924,12.0,8828.0,213.0
2021-01-05 09:41:21.551,0.2924,0.294,16.0,0.2924,12.0,8828.0,213.0
2021-01-05 09:41:22.190,0.2924,0.2939,2.0,0.2924,12.0,8828.0,213.0
2021-01-05 09:41:22.700,0.2924,0.2938,14.0,0.2924,12.0,8828.0,213.0
2021-01-05 09:41:23.061,0.2924,0.2938,14.0,0.2924,12.0,8828.0,213.0
2021-01-05 09:41:24.171,0.2924,0.2938,24.0,0.2924,12.0,8828.0,213.0
2021-01-05 09:41:24.651,0.2924,0.2938,44.0,0.2924,12.0,8828.0,213.0
2021-01-05 09:41:25.120,0.2924,0.2938,50.0,0.2924,12.0,8828.0,213.0
2021-01-05 09:41:25.641,0.2924,0.2937,2.0,0.2924,12.0,8828.0,213.0
2021-01-05 09:41:26.190,0.2924,0.2936,16.0,0.2923,1.0,8828.0,213.0
2021-01-05 09:41:26.670,0.2923,0.2936,16.0,0.2923,14.0,8828.0,214.0
2021-01-05 09:41:27.131,0.2923,0.2936,16.0,0.2918,16.0,8828.0,214.0
2021-01-05 09:41:27.710,0.2923,0.2923,1.0,0.2918,16.0,8828.0,214.0
2021-01-05 09:41:28.011,0.2923,0.2923,1.0,0.2919,1.0,8828.0,215.0
2021-01-05 09:41:28.540,0.2923,0.2936,16.0,0.292,14.0,8828.0,216.0
2021-01-05 09:41:29.690,0.2923,0.2936,16.0,0.292,14.0,8828.0,216.0
2021-01-05 09:41:30.711,0.2923,0.2936,21.0,0.292,14.0,8828.0,216.0
2021-01-05 09:41:31.181,0.2923,0.2935,2.0,0.292,14.0,8828.0,216.0
2021-01-05 09:41:31.700,0.2923,0.2934,14.0,0.292,14.0,8828.0,216.0
2021-01-05 09:41:32.220,0.2923,0.2934,14.0,0.292,14.0,8828.0,216.0
2021-01-05 09:41:32.670,0.2923,0.2934,14.0,0.292,14.0,8828.0,216.0
2021-01-05 09:41:33.000,0.2923,0.2934,14.0,0.292,14.0,8828.0,216.0
2021-01-05 09:41:33.680,0.2923,0.2934,14.0,0.292,14.0,8828.0,216.0
2021-01-05 09:41:34.120,0.2923,0.2934,14.0,0.292,14.0,8828.0,216.0
2021-01-05 09:41:35.221,0.2923,0.2934,14.0,0.292,14.0,8828.0,216.0
2021-01-05 09:41:35.721,0.2923,0.2932,16.0,0.292,14.0,8828.0,216.0
2021-01-05 09:41:36.070,0.2923,0.2932,22.0,0.2915,16.0,8828.0,216.0
2021-01-05 09:41:36.720,0.2923,0.2929,16.0,0.2911,16.0,8828.0,216.0
2021-01-05 09:41:37.210,0.2923,0.2929,16.0,0.2911,16.0,8828.0,216.0
2021-01-05 09:41:37.711,0.2923,0.2927,10.0,0.2912,1.0,8828.0,216.0
2021-01-05 09:41:38.220,0.2923,0.2926,14.0,0.2913,14.0,8828.0,216.0
2021-01-05 09:41:38.650,0.2923,0.2926,16.0,0.2913,14.0,8828.0,216.0
2021-01-05 09:41:39.221,0.2923,0.2926,16.0,0.2913,14.0,8828.0,216.0
2021-01-05 09:41:40.231,0.2923,0.2926,14.0,0.2913,14.0,8828.0,216.0
2021-01-05 09:41:41.130,0.2923,0.2926,14.0,0.2914,2.0,8828.0,216.0
2021-01-05 09:41:41.730,0.2923,0.2929,16.0,0.2914,2.0,8828.0,216.0
2021-01-05 09:41:42.201,0.2923,0.2932,36.0,0.2915,16.0,8828.0,216.0
2021-01-05 09:41:42.700,0.2923,0.2932,16.0,0.2915,36.0,8828.0,216.0
2021-01-05 09:41:43.080,0.2923,0.2932,16.0,0.2915,36.0,8828.0,216.0
2021-01-05 09:41:45.190,0.2923,0.2932,16.0,0.2915,16.0,8828.0,216.0
2021-01-05 09:41:45.701,0.2923,0.2932,16.0,0.2915,16.0,8828.0,216.0
2021-01-05 09:41:46.241,0.2923,0.2932,16.0,0.2915,16.0,8828.0,216.0
2021-01-05 09:41:46.661,0.2923,0.2931,1.0,0.2915,16.0,8828.0,216.0
2021-01-05 09:41:47.201,0.2923,0.293,14.0,0.2916,1.0,8828.0,216.0
2021-01-05 09:41:47.741,0.2923,0.293,14.0,0.2917,14.0,8828.0,216.0
2021-01-05 09:41:48.181,0.2923,0.293,14.0,0.2917,14.0,8828.0,216.0
2021-01-05 09:41:48.740,0.2923,0.293,14.0,0.2915,16.0,8828.0,216.0
2021-01-05 09:41:49.191,0.2923,0.293,14.0,0.2915,16.0,8828.0,216.0
2021-01-05 09:41:49.750,0.2923,0.2929,2.0,0.2915,16.0,8828.0,216.0
2021-01-05 09:41:50.231,0.2923,0.2927,16.0,0.2909,16.0,8828.0,216.0
2021-01-05 09:41:50.751,0.2923,0.2927,16.0,0.2909,16.0,8828.0,216.0
2021-01-05 09:41:51.251,0.2923,0.2927,16.0,0.2909,16.0,8828.0,216.0
2021-01-05 09:41:51.760,0.2923,0.2926,1.0,0.2909,16.0,8828.0,216.0
2021-01-05 09:41:52.261,0.2923,0.2925,14.0,0.2909,16.0,8828.0,216.0
2021-01-05 09:41:52.690,0.2923,0.2924,2.0,0.2909,16.0,8828.0,216.0
2021-01-05 09:41:53.201,0.2923,0.2923,16.0,0.2906,16.0,8828.0,216.0
2021-01-05 09:41:54.161,0.2923,0.2923,16.0,0.2906,16.0,8828.0,216.0
2021-01-05 09:41:54.670,0.2923,0.2923,16.0,0.2906,16.0,8828.0,216.0
2021-01-05 09:41:55.160,0.2923,0.2922,2.0,0.2906,16.0,8828.0,216.0
2021-01-05 09:41:55.671,0.2923,0.2921,14.0,0.2907,1.0,8828.0,216.0
2021-01-05 09:41:56.151,0.2923,0.2921,14.0,0.2908,14.0,8828.0,216.0
2021-01-05 09:41:56.680,0.2923,0.2921,14.0,0.2908,14.0,8828.0,216.0
2021-01-05 09:41:57.110,0.2923,0.2919,10.0,0.2908,14.0,8828.0,216.0
2021-01-05 09:41:57.640,0.2923,0.2919,10.0,0.2908,14.0,8828.0,216.0
2021-01-05 09:41:58.140,0.2923,0.2918,14.0,0.2908,14.0,8828.0,216.0
2021-01-05 09:41:58.660,0.2923,0.2919,10.0,0.2908,14.0,8828.0,216.0
2021-01-05 09:41:59.131,0.2923,0.2919,24.0,0.2908,14.0,8828.0,216.0
2021-01-05 09:41:59.661,0.2923,0.2919,10.0,0.2908,14.0,8828.0,216.0
2021-01-05 09:42:00.151,0.2923,0.2918,14.0,0.2908,14.0,8828.0,216.0
2021-01-05 09:42:01.651,0.2923,0.2917,2.0,0.2906,16.0,8828.0,216.0
2021-01-05 09:42:02.201,0.2923,0.2917,2.0,0.2906,16.0,8828.0,216.0
2021-01-05 09:42:02.641,0.2923,0.2916,14.0,0.2902,16.0,8828.0,216.0
2021-01-05 09:42:03.161,0.2923,0.2916,14.0,0.2902,16.0,8828.0,216.0
2021-01-05 09:42:03.690,0.2923,0.2916,14.0,0.2902,16.0,8828.0,216.0
2021-01-05 09:42:04.110,0.2923,0.2916,14.0,0.2902,16.0,8828.0,216.0
2021-01-05 09:42:04.641,0.2923,0.2919,26.0,0.2902,16.0,8828.0,216.0
2021-01-05 09:42:05.211,0.2923,0.2919,26.0,0.2902,16.0,8828.0,216.0
2021-01-05 09:42:05.711,0.2923,0.2918,1.0,0.2902,16.0,8828.0,216.0
2021-01-05 09:42:06.181,0.2923,0.2917,14.0,0.2902,16.0,8828.0,216.0
2021-01-05 09:42:06.690,0.2923,0.2916,1.0,0.2902,16.0,8828.0,216.0
2021-01-05 09:42:07.230,0.2923,0.2916,2.0,0.2902,16.0,8828.0,216.0
2021-01-05 09:42:07.691,0.2923,0.2915,14.0,0.2902,16.0,8828.0,216.0
2021-01-05 09:42:08.721,0.2923,0.2915,14.0,0.2902,16.0,8828.0,216.0
2021-01-05 09:42:10.681,0.2923,0.2914,2.0,0.2902,16.0,8828.0,216.0
2021-01-05 09:42:11.211,0.2923,0.2914,2.0,0.2897,26.0,8828.0,216.0
2021-01-05 09:42:11.720,0.2923,0.2913,14.0,0.2897,26.0,8828.0,216.0
2021-01-05 09:42:12.210,0.2923,0.2911,16.0,0.2897,10.0,8828.0,216.0
2021-01-05 09:42:12.711,0.2923,0.2911,16.0,0.2898,14.0,8828.0,216.0
2021-01-05 09:42:13.211,0.2923,0.2911,16.0,0.2898,14.0,8828.0,216.0
2021-01-05 09:42:13.731,0.2923,0.2916,36.0,0.2899,2.0,8828.0,216.0
2021-01-05 09:42:14.150,0.2923,0.2916,36.0,0.29,14.0,8828.0,216.0
2021-01-05 09:42:14.671,0.2923,0.2916,36.0,0.29,15.0,8828.0,216.0
2021-01-05 09:42:15.151,0.2923,0.2916,16.0,0.29,15.0,8828.0,216.0
2021-01-05 09:42:15.650,0.2923,0.2916,16.0,0.29,15.0,8828.0,216.0
2021-01-05 09:42:16.181,0.2923,0.2915,1.0,0.29,15.0,8828.0,216.0
2021-01-05 09:42:16.701,0.2923,0.2914,14.0,0.29,15.0,8828.0,216.0
2021-01-05 09:42:17.681,0.2923,0.2914,14.0,0.29,14.0,8828.0,216.0
2021-01-05 09:42:18.701,0.2923,0.2914,14.0,0.2901,2.0,8828.0,216.0
2021-01-05 09:42:19.210,0.2923,0.2915,1.0,0.2902,16.0,8828.0,216.0
2021-01-05 09:42:19.721,0.2923,0.2915,15.0,0.2902,16.0,8828.0,216.0
2021-01-05 09:42:20.150,0.2923,0.2915,14.0,0.2902,16.0,8828.0,216.0
2021-01-05 09:42:20.720,0.2923,0.2919,36.0,0.2902,16.0,8828.0,216.0
2021-01-05 09:42:21.621,0.2923,0.2918,1.0,0.2902,16.0,8828.0,216.0
2021-01-05 09:42:22.221,0.2923,0.2917,14.0,0.2902,16.0,8828.0,216.0
2021-01-05 09:42:22.570,0.2923,0.2915,16.0,0.2898,16.0,8828.0,216.0
2021-01-05 09:42:23.631,0.2923,0.2915,16.0,0.2898,16.0,8828.0,216.0
2021-01-05 09:42:24.151,0.2923,0.2915,16.0,0.2898,16.0,8828.0,216.0
2021-01-05 09:42:24.670,0.2923,0.2915,16.0,0.2898,16.0,8828.0,216.0
2021-01-05 09:42:25.200,0.2923,0.2915,16.0,0.2898,16.0,8828.0,216.0
2021-01-05 09:42:25.511,0.2914,0.2915,16.0,0.2898,16.0,8828.0,217.0
2021-01-05 09:42:26.130,0.2914,0.2915,16.0,0.2898,16.0,8828.0,217.0
2021-01-05 09:42:26.701,0.2914,0.2914,1.0,0.2899,1.0,8828.0,217.0
2021-01-05 09:42:27.171,0.2914,0.2913,14.0,0.29,14.0,8828.0,217.0
2021-01-05 09:42:28.130,0.2914,0.2913,14.0,0.29,14.0,8828.0,217.0
2021-01-05 09:42:28.641,0.2914,0.2913,14.0,0.29,14.0,8828.0,217.0
2021-01-05 09:42:29.211,0.2914,0.2913,14.0,0.29,14.0,8828.0,217.0
2021-01-05 09:42:29.720,0.2914,0.2913,14.0,0.29,14.0,8828.0,217.0
2021-01-05 09:42:30.710,0.2914,0.2913,14.0,0.2901,10.0,8828.0,217.0
2021-01-05 09:42:31.200,0.2914,0.2913,14.0,0.2901,10.0,8828.0,217.0
2021-01-05 09:42:31.720,0.2914,0.2913,14.0,0.2902,14.0,8828.0,217.0
2021-01-05 09:42:32.721,0.2914,0.2913,14.0,0.2901,10.0,8828.0,217.0
2021-01-05 09:42:32.971,0.2914,0.2913,14.0,0.2898,16.0,8828.0,217.0
2021-01-05 09:42:34.210,0.2914,0.2913,14.0,0.2898,16.0,8828.0,217.0
2021-01-05 09:42:35.701,0.2914,0.2913,14.0,0.2898,16.0,8828.0,217.0
2021-01-05 09:42:36.650,0.2914,0.2913,14.0,0.2898,16.0,8828.0,217.0
2021-01-05 09:42:37.251,0.2914,0.2913,14.0,0.2898,16.0,8828.0,217.0
2021-01-05 09:42:38.200,0.2914,0.2913,16.0,0.2898,16.0,8828.0,217.0
2021-01-05 09:42:41.201,0.2914,0.2912,2.0,0.2898,16.0,8828.0,217.0
2021-01-05 09:42:41.731,0.2914,0.2912,2.0,0.2898,16.0,8828.0,217.0
2021-01-05 09:42:42.250,0.2914,0.2911,14.0,0.2898,16.0,8828.0,217.0
2021-01-05 09:42:42.711,0.2914,0.2911,14.0,0.2898,16.0,8828.0,217.0
2021-01-05 09:42:43.251,0.2914,0.2911,14.0,0.2898,16.0,8828.0,217.0
2021-01-05 09:42:43.741,0.2914,0.2911,14.0,0.2898,16.0,8828.0,217.0
2021-01-05 09:42:44.211,0.2914,0.2911,14.0,0.2898,16.0,8828.0,217.0
2021-01-05 09:42:44.751,0.2914,0.2911,34.0,0.2899,1.0,8828.0,217.0
2021-01-05 09:42:45.191,0.2914,0.2911,14.0,0.29,14.0,8828.0,217.0
2021-01-05 09:42:45.650,0.2914,0.2911,14.0,0.29,14.0,8828.0,217.0
2021-01-05 09:42:48.720,0.2914,0.2911,14.0,0.29,14.0,8828.0,217.0
2021-01-05 09:42:51.050,0.2914,0.2911,24.0,0.29,14.0,8828.0,217.0
2021-01-05 09:42:53.190,0.2914,0.291,1.0,0.29,14.0,8828.0,217.0
2021-01-05 09:42:54.191,0.2914,0.2909,14.0,0.29,14.0,8828.0,217.0
2021-01-05 09:42:54.710,0.2914,0.2909,14.0,0.29,14.0,8828.0,217.0
2021-01-05 09:42:55.190,0.2914,0.2908,1.0,0.29,14.0,8828.0,217.0
2021-01-05 09:42:55.701,0.2914,0.2908,1.0,0.29,14.0,8828.0,217.0
2021-01-05 09:42:56.191,0.2914,0.2908,15.0,0.29,14.0,8828.0,217.0
2021-01-05 09:42:56.631,0.2914,0.2907,1.0,0.29,14.0,8828.0,217.0
2021-01-05 09:42:57.140,0.2914,0.2907,1.0,0.29,14.0,8828.0,217.0
2021-01-05 09:42:57.661,0.2914,0.2907,1.0,0.2894,16.0,8828.0,217.0
2021-01-05 09:42:58.220,0.2914,0.2907,1.0,0.2894,16.0,8828.0,217.0
2021-01-05 09:42:58.731,0.2914,0.291,20.0,0.2895,1.0,8828.0,217.0
2021-01-05 09:42:59.230,0.2914,0.2911,26.0,0.2896,14.0,8828.0,217.0
2021-01-05 09:42:59.651,0.2914,0.2911,32.0,0.2897,1.0,8828.0,217.0
2021-01-05 09:43:00.131,0.2914,0.2911,26.0,0.2897,1.0,8828.0,217.0
2021-01-05 09:43:00.721,0.2914,0.291,2.0,0.2898,14.0,8828.0,217.0
2021-01-05 09:43:01.211,0.2914,0.2909,14.0,0.2898,14.0,8828.0,217.0
2021-01-05 09:43:02.681,0.2914,0.2909,34.0,0.2894,16.0,8828.0,217.0
2021-01-05 09:43:03.241,0.2914,0.2908,2.0,0.2894,16.0,8828.0,217.0
2021-01-05 09:43:03.701,0.2914,0.2908,2.0,0.2894,16.0,8828.0,217.0
2021-01-05 09:43:04.240,0.2914,0.2907,14.0,0.2894,16.0,8828.0,217.0
2021-01-05 09:43:04.740,0.2914,0.2907,14.0,0.2894,16.0,8828.0,217.0
2021-01-05 09:43:05.251,0.2914,0.2911,26.0,0.2894,16.0,8828.0,217.0
2021-01-05 09:43:05.681,0.2914,0.2911,10.0,0.2898,16.0,8828.0,217.0
2021-01-05 09:43:06.171,0.2914,0.2911,24.0,0.2898,36.0,8828.0,217.0
2021-01-05 09:43:06.680,0.2914,0.2911,10.0,0.2898,36.0,8828.0,217.0
2021-01-05 09:43:07.710,0.2914,0.2911,10.0,0.2898,36.0,8828.0,217.0
2021-01-05 09:43:08.181,0.2914,0.2913,2.0,0.2898,36.0,8828.0,217.0
2021-01-05 09:43:08.701,0.2914,0.2913,16.0,0.2898,36.0,8828.0,217.0
2021-01-05 09:43:09.231,0.2914,0.2913,2.0,0.2898,36.0,8828.0,217.0
2021-01-05 09:43:09.740,0.2914,0.2913,16.0,0.2898,36.0,8828.0,217.0
2021-01-05 09:43:10.031,0.2914,0.2912,1.0,0.2898,16.0,8828.0,217.0
2021-01-05 09:43:10.150,0.2914,0.2911,14.0,0.2898,16.0,8828.0,217.0
2021-01-05 09:43:11.750,0.2914,0.291,2.0,0.2898,16.0,8828.0,217.0
2021-01-05 09:43:12.171,0.2914,0.291,2.0,0.2898,16.0,8828.0,217.0
2021-01-05 09:43:12.570,0.291,0.291,4.0,0.2898,16.0,8828.0,227.0
2021-01-05 09:43:13.210,0.291,0.2912,1.0,0.2899,2.0,8828.0,227.0
2021-01-05 09:43:13.740,0.291,0.2912,1.0,0.29,14.0,8828.0,227.0
2021-01-05 09:43:15.241,0.291,0.2912,1.0,0.2903,16.0,8828.0,227.0
2021-01-05 09:43:15.711,0.291,0.2912,1.0,0.2903,16.0,8828.0,227.0
2021-01-05 09:43:16.270,0.291,0.2913,2.0,0.2903,16.0,8828.0,227.0
2021-01-05 09:43:16.720,0.291,0.2913,2.0,0.2903,16.0,8828.0,227.0
2021-01-05 09:43:17.271,0.291,0.2913,2.0,0.2912,1.0,8828.0,227.0
2021-01-05 09:43:17.771,0.2912,0.2912,2.0,0.2903,16.0,8828.0,228.0
2021-01-05 09:43:18.270,0.2912,0.2912,2.0,0.2903,16.0,8828.0,228.0
2021-01-05 09:43:19.761,0.2912,0.2912,1.0,0.2903,16.0,8828.0,228.0
2021-01-05 09:43:20.281,0.2912,0.2913,2.0,0.2903,16.0,8828.0,228.0
2021-01-05 09:43:20.731,0.2912,0.2913,2.0,0.2903,16.0,8828.0,228.0
2021-01-05 09:43:21.271,0.2912,0.2912,14.0,0.2903,16.0,8828.0,228.0
2021-01-05 09:43:21.701,0.2912,0.2911,2.0,0.2899,16.0,8828.0,228.0
2021-01-05 09:43:22.281,0.2911,0.2911,1.0,0.2899,16.0,8828.0,229.0
2021-01-05 09:43:22.671,0.2911,0.2911,15.0,0.2899,36.0,8828.0,229.0
2021-01-05 09:43:23.190,0.2911,0.2911,1.0,0.2899,36.0,8828.0,229.0
2021-01-05 09:43:24.120,0.2911,0.2912,14.0,0.2899,36.0,8828.0,229.0
2021-01-05 09:43:24.661,0.2911,0.2912,14.0,0.2911,1.0,8828.0,229.0
2021-01-05 09:43:24.890,0.2911,0.2911,5.0,0.2899,16.0,8828.0,230.0
2021-01-05 09:43:25.651,0.2911,0.2911,5.0,0.2899,16.0,8828.0,230.0
2021-01-05 09:43:26.181,0.2911,0.291,14.0,0.2895,16.0,8828.0,230.0
2021-01-05 09:43:26.621,0.2911,0.291,14.0,0.2895,16.0,8828.0,230.0
2021-01-05 09:43:27.190,0.2911,0.291,14.0,0.2895,16.0,8828.0,230.0
2021-01-05 09:43:27.591,0.2911,0.291,14.0,0.2895,16.0,8828.0,230.0
2021-01-05 09:43:29.701,0.291,0.291,4.0,0.2895,16.0,8828.0,240.0
2021-01-05 09:43:30.701,0.291,0.291,4.0,0.2896,1.0,8828.0,240.0
2021-01-05 09:43:31.111,0.291,0.291,4.0,0.2897,14.0,8828.0,240.0
2021-01-05 09:43:32.711,0.291,0.291,3.0,0.2897,14.0,8828.0,241.0
2021-01-05 09:43:33.141,0.291,0.291,3.0,0.2898,1.0,8828.0,241.0
2021-01-05 09:43:33.670,0.291,0.291,3.0,0.2898,1.0,8828.0,241.0
2021-01-05 09:43:34.221,0.291,0.291,3.0,0.2899,14.0,8828.0,241.0
2021-01-05 09:43:34.691,0.291,0.291,3.0,0.2899,14.0,8828.0,241.0
2021-01-05 09:43:35.681,0.291,0.291,2.0,0.2899,14.0,8828.0,242.0
2021-01-05 09:43:36.661,0.291,0.291,2.0,0.2899,14.0,8828.0,242.0
2021-01-05 09:43:37.181,0.291,0.2912,16.0,0.2899,14.0,8828.0,242.0
2021-01-05 09:43:39.241,0.2912,0.2912,15.0,0.2899,14.0,8828.0,243.0
2021-01-05 09:43:41.730,0.2899,0.2912,15.0,0.2899,4.0,8828.0,253.0
2021-01-05 09:43:43.231,0.2899,0.2913,2.0,0.2912,1.0,8828.0,253.0
2021-01-05 09:43:43.711,0.2912,0.2912,9.0,0.29,16.0,8828.0,254.0
2021-01-05 09:43:44.251,0.2912,0.2912,10.0,0.2901,1.0,8828.0,254.0
2021-01-05 09:43:44.670,0.2912,0.2912,24.0,0.2902,14.0,8828.0,254.0
2021-01-05 09:43:45.720,0.2912,0.2912,5.0,0.2902,14.0,8828.0,254.0
2021-01-05 09:43:46.051,0.2912,0.2911,14.0,0.2902,14.0,8828.0,254.0
2021-01-05 09:43:46.710,0.2911,0.2911,13.0,0.2902,14.0,8828.0,255.0
2021-01-05 09:43:47.250,0.2911,0.2911,13.0,0.2902,14.0,8828.0,255.0
2021-01-05 09:43:47.661,0.2911,0.2911,13.0,0.2902,14.0,8828.0,255.0
2021-01-05 09:43:48.220,0.2911,0.2911,13.0,0.2902,14.0,8828.0,255.0
2021-01-05 09:43:48.721,0.2911,0.2913,2.0,0.2902,34.0,8828.0,255.0
2021-01-05 09:43:49.221,0.2911,0.2913,2.0,0.2902,34.0,8828.0,255.0
2021-01-05 09:43:50.721,0.2911,0.2913,2.0,0.2904,16.0,8828.0,255.0
2021-01-05 09:43:50.881,0.2913,0.2913,1.0,0.2904,16.0,8828.0,256.0
2021-01-05 09:43:53.201,0.2913,0.2913,1.0,0.2905,1.0,8828.0,256.0
2021-01-05 09:43:53.610,0.2913,0.2913,1.0,0.2906,14.0,8828.0,256.0
2021-01-05 09:43:54.191,0.2913,0.2913,1.0,0.2906,14.0,8828.0,256.0
2021-01-05 09:43:54.680,0.2913,0.2918,10.0,0.2906,14.0,8828.0,257.0
2021-01-05 09:43:54.980,0.2913,0.2918,14.0,0.2907,1.0,8828.0,257.0
2021-01-05 09:43:55.660,0.2913,0.2918,14.0,0.2907,1.0,8828.0,257.0
2021-01-05 09:43:56.200,0.2913,0.2922,16.0,0.2908,14.0,8828.0,257.0
2021-01-05 09:43:56.721,0.2913,0.2922,16.0,0.2908,34.0,8828.0,257.0
2021-01-05 09:43:57.230,0.2913,0.2922,16.0,0.2908,14.0,8828.0,257.0
2021-01-05 09:43:57.650,0.2913,0.2922,22.0,0.2908,14.0,8828.0,257.0
2021-01-05 09:43:58.190,0.2922,0.2922,21.0,0.2908,14.0,8828.0,258.0
2021-01-05 09:43:58.711,0.2922,0.2922,15.0,0.2908,14.0,8828.0,258.0
2021-01-05 09:43:59.170,0.2922,0.2922,15.0,0.2908,14.0,8828.0,258.0
2021-01-05 09:43:59.691,0.2922,0.2922,21.0,0.2908,14.0,8828.0,258.0
2021-01-05 09:44:00.131,0.2922,0.2922,15.0,0.2908,14.0,8828.0,258.0
2021-01-05 09:44:01.160,0.2908,0.2922,15.0,0.2908,24.0,8828.0,268.0
2021-01-05 09:44:03.241,0.2908,0.2922,15.0,0.2908,24.0,8828.0,268.0
2021-01-05 09:44:03.731,0.2908,0.2923,4.0,0.2908,36.0,8828.0,268.0
2021-01-05 09:44:04.230,0.2908,0.2923,4.0,0.291,10.0,8828.0,268.0
2021-01-05 09:44:04.751,0.2908,0.2923,4.0,0.2912,16.0,8828.0,268.0
2021-01-05 09:44:05.260,0.2908,0.2923,4.0,0.2912,36.0,8828.0,268.0
2021-01-05 09:44:05.761,0.2923,0.2923,3.0,0.2912,36.0,8828.0,269.0
2021-01-05 09:44:06.261,0.2923,0.2923,3.0,0.2912,36.0,8828.0,269.0
2021-01-05 09:44:06.770,0.2923,0.2923,3.0,0.2912,36.0,8828.0,269.0
2021-01-05 09:44:07.750,0.2923,0.2923,3.0,0.2913,2.0,8828.0,269.0
2021-01-05 09:44:08.230,0.2923,0.2923,3.0,0.2914,14.0,8828.0,269.0
2021-01-05 09:44:09.150,0.2923,0.2923,3.0,0.2915,1.0,8828.0,269.0
2021-01-05 09:44:09.780,0.2923,0.2923,3.0,0.2915,21.0,8828.0,269.0
2021-01-05 09:44:09.901,0.2923,0.2922,10.0,0.2916,14.0,8828.0,270.0
2021-01-05 09:44:11.271,0.2923,0.2922,10.0,0.2916,14.0,8828.0,270.0
2021-01-05 09:44:11.780,0.2923,0.2922,10.0,0.2916,14.0,8828.0,270.0
2021-01-05 09:44:12.270,0.2923,0.2922,10.0,0.2916,14.0,8828.0,270.0
2021-01-05 09:44:12.781,0.2923,0.2923,2.0,0.2916,14.0,8828.0,270.0
2021-01-05 09:44:13.230,0.2923,0.2923,2.0,0.2916,14.0,8828.0,270.0
2021-01-05 09:44:13.770,0.2923,0.2923,2.0,0.2922,1.0,8828.0,270.0
2021-01-05 09:44:14.260,0.2922,0.2923,2.0,0.2915,1.0,8828.0,271.0
2021-01-05 09:44:14.781,0.2922,0.2923,2.0,0.2916,14.0,8828.0,271.0
2021-01-05 09:44:17.280,0.2922,0.2923,2.0,0.2915,1.0,8828.0,271.0
2021-01-05 09:44:17.770,0.2922,0.2921,10.0,0.2909,20.0,8828.0,271.0
2021-01-05 09:44:18.231,0.2922,0.2915,1.0,0.2909,16.0,8828.0,271.0
2021-01-05 09:44:18.780,0.2922,0.2915,2.0,0.2909,16.0,8828.0,271.0
2021-01-05 09:44:19.261,0.2915,0.2921,10.0,0.2909,16.0,8828.0,273.0
2021-01-05 09:44:19.801,0.2915,0.292,14.0,0.2909,16.0,8828.0,273.0
2021-01-05 09:44:20.300,0.2915,0.292,14.0,0.2909,16.0,8828.0,273.0
2021-01-05 09:44:21.760,0.2915,0.292,14.0,0.2909,16.0,8828.0,273.0
2021-01-05 09:44:22.131,0.2915,0.292,14.0,0.291,2.0,8828.0,273.0
2021-01-05 09:44:22.651,0.2915,0.292,14.0,0.2911,14.0,8828.0,273.0
2021-01-05 09:44:23.130,0.2915,0.2923,2.0,0.2911,14.0,8828.0,273.0
2021-01-05 09:44:24.221,0.2915,0.2922,14.0,0.2911,34.0,8828.0,273.0
2021-01-05 09:44:26.701,0.2915,0.2923,2.0,0.2913,10.0,8828.0,273.0
2021-01-05 09:44:27.201,0.2915,0.2922,14.0,0.2913,10.0,8828.0,273.0
2021-01-05 09:44:28.221,0.2915,0.2923,2.0,0.2913,10.0,8828.0,273.0
2021-01-05 09:44:28.680,0.2915,0.2923,2.0,0.2914,14.0,8828.0,273.0
2021-01-05 09:44:29.640,0.2915,0.2923,2.0,0.2914,34.0,8828.0,273.0
2021-01-05 09:44:30.201,0.2915,0.2923,2.0,0.2914,34.0,8828.0,273.0
2021-01-05 09:44:32.220,0.2915,0.2923,2.0,0.2914,34.0,8828.0,273.0
2021-01-05 09:44:32.691,0.2915,0.2923,2.0,0.2915,1.0,8828.0,273.0
2021-01-05 09:44:33.240,0.2915,0.2923,2.0,0.2915,1.0,8828.0,273.0
2021-01-05 09:44:33.730,0.2915,0.2923,2.0,0.2917,16.0,8828.0,273.0
2021-01-05 09:44:34.141,0.2923,0.293,10.0,0.2917,16.0,8828.0,275.0
2021-01-05 09:44:34.510,0.2923,0.293,14.0,0.2918,1.0,8828.0,275.0
2021-01-05 09:44:35.190,0.2923,0.2935,16.0,0.2919,14.0,8828.0,275.0
2021-01-05 09:44:35.740,0.2923,0.2935,22.0,0.2919,14.0,8828.0,275.0
2021-01-05 09:44:36.220,0.2923,0.2935,22.0,0.2919,14.0,8828.0,275.0
2021-01-05 09:44:37.240,0.2923,0.2935,22.0,0.292,1.0,8828.0,275.0
2021-01-05 09:44:37.751,0.2923,0.2935,22.0,0.292,2.0,8828.0,275.0
2021-01-05 09:44:38.201,0.2923,0.2935,22.0,0.2921,14.0,8828.0,275.0
2021-01-05 09:44:39.221,0.2923,0.2935,16.0,0.2921,14.0,8828.0,275.0
2021-01-05 09:44:39.661,0.2923,0.2935,16.0,0.2922,1.0,8828.0,275.0
2021-01-05 09:44:40.250,0.2923,0.2935,16.0,0.2922,1.0,8828.0,275.0
2021-01-05 09:44:40.740,0.2923,0.2935,16.0,0.2923,14.0,8828.0,275.0
2021-01-05 09:44:41.251,0.2923,0.2935,16.0,0.2923,14.0,8828.0,275.0
2021-01-05 09:44:41.730,0.2923,0.2935,16.0,0.2923,14.0,8828.0,275.0
2021-01-05 09:44:43.760,0.2923,0.2935,16.0,0.2923,14.0,8828.0,275.0
2021-01-05 09:44:44.260,0.2923,0.2935,16.0,0.2922,1.0,8828.0,275.0
2021-01-05 09:44:44.761,0.2923,0.2935,16.0,0.2923,34.0,8828.0,275.0
2021-01-05 09:44:45.261,0.2923,0.2935,6.0,0.2918,20.0,8828.0,275.0
2021-01-05 09:44:45.760,0.2923,0.2922,1.0,0.2918,14.0,8828.0,275.0
2021-01-05 09:44:46.271,0.2922,0.2931,16.0,0.2913,26.0,8828.0,276.0
2021-01-05 09:44:46.771,0.2922,0.2931,16.0,0.2914,20.0,8828.0,276.0
2021-01-05 09:44:47.251,0.2922,0.2931,16.0,0.2915,14.0,8828.0,276.0
2021-01-05 09:44:47.770,0.2922,0.293,1.0,0.2915,14.0,8828.0,276.0
2021-01-05 09:44:48.271,0.2922,0.2929,14.0,0.2915,14.0,8828.0,276.0
2021-01-05 09:44:49.270,0.2922,0.2929,14.0,0.2915,14.0,8828.0,276.0
2021-01-05 09:44:49.800,0.2922,0.2929,14.0,0.2916,2.0,8828.0,276.0
2021-01-05 09:44:50.300,0.2922,0.2929,20.0,0.2916,2.0,8828.0,276.0
2021-01-05 09:44:50.811,0.2922,0.2929,20.0,0.2917,14.0,8828.0,276.0
2021-01-05 09:44:51.650,0.2922,0.2929,20.0,0.2917,14.0,8828.0,276.0
2021-01-05 09:44:56.720,0.2922,0.2929,14.0,0.2917,14.0,8828.0,276.0
2021-01-05 09:44:57.160,0.2922,0.2929,14.0,0.2918,1.0,8828.0,276.0
2021-01-05 09:44:57.431,0.2922,0.2929,14.0,0.2918,1.0,8828.0,276.0
2021-01-05 09:44:58.120,0.2922,0.2935,16.0,0.2919,14.0,8828.0,276.0
2021-01-05 09:44:58.720,0.2922,0.2935,16.0,0.292,10.0,8828.0,276.0
2021-01-05 09:44:59.190,0.2922,0.2935,16.0,0.292,11.0,8828.0,276.0
2021-01-05 09:44:59.711,0.2922,0.2939,16.0,0.2921,17.0,8828.0,276.0
2021-01-05 09:45:00.061,0.2922,0.2939,16.0,0.2921,16.0,8828.0,276.0
2021-01-05 09:45:00.061,0.2922,0.2939,22.0,0.2921,16.0,8828.0,276.0
2021-01-05 09:45:01.221,0.2922,0.2939,16.0,0.2922,1.0,8828.0,276.0
2021-01-05 09:45:01.680,0.2922,0.2939,16.0,0.2929,10.0,8828.0,276.0
2021-01-05 09:45:02.061,0.2922,0.294,5.0,0.2929,10.0,8828.0,276.0
2021-01-05 09:45:02.710,0.2922,0.2939,14.0,0.293,14.0,8828.0,276.0
2021-01-05 09:45:03.190,0.2922,0.2939,14.0,0.293,14.0,8828.0,276.0
2021-01-05 09:45:04.191,0.2922,0.294,5.0,0.2931,2.0,8828.0,276.0
2021-01-05 09:45:04.700,0.2922,0.294,19.0,0.2931,2.0,8828.0,276.0
2021-01-05 09:45:05.221,0.2922,0.294,5.0,0.2932,14.0,8828.0,276.0
2021-01-05 09:45:05.720,0.294,0.294,4.0,0.2932,14.0,8828.0,277.0
2021-01-05 09:45:06.220,0.294,0.294,4.0,0.2933,16.0,8828.0,277.0
2021-01-05 09:45:06.721,0.294,0.294,4.0,0.2933,16.0,8828.0,277.0
2021-01-05 09:45:07.130,0.294,0.294,4.0,0.2933,36.0,8828.0,277.0
2021-01-05 09:45:07.720,0.294,0.294,4.0,0.2933,16.0,8828.0,277.0
2021-01-05 09:45:08.181,0.294,0.294,4.0,0.2931,2.0,8828.0,277.0
2021-01-05 09:45:09.190,0.294,0.294,4.0,0.2932,14.0,8828.0,277.0
2021-01-05 09:45:09.710,0.294,0.294,4.0,0.2932,16.0,8828.0,277.0
2021-01-05 09:45:10.700,0.294,0.294,4.0,0.2932,16.0,8828.0,277.0
2021-01-05 09:45:12.150,0.294,0.294,4.0,0.2932,16.0,8828.0,277.0
2021-01-05 09:45:12.701,0.294,0.294,4.0,0.2932,16.0,8828.0,277.0
2021-01-05 09:45:13.220,0.294,0.294,4.0,0.2932,16.0,8828.0,277.0
2021-01-05 09:45:13.681,0.294,0.294,2.0,0.2936,16.0,8828.0,279.0
2021-01-05 09:45:14.181,0.294,0.294,2.0,0.2936,16.0,8828.0,279.0
2021-01-05 09:45:14.701,0.294,0.295,3.0,0.2937,1.0,8828.0,281.0
2021-01-05 09:45:15.230,0.294,0.2949,14.0,0.2938,14.0,8828.0,281.0
2021-01-05 09:45:15.721,0.294,0.295,1.0,0.2938,24.0,8828.0,281.0
2021-01-05 09:45:16.230,0.294,0.295,1.0,0.2939,1.0,8828.0,281.0
2021-01-05 09:45:16.630,0.294,0.295,1.0,0.2941,16.0,8828.0,281.0
2021-01-05 09:45:17.220,0.294,0.295,1.0,0.2941,16.0,8828.0,281.0
2021-01-05 09:45:17.731,0.294,0.295,1.0,0.2941,16.0,8828.0,281.0
2021-01-05 09:45:18.230,0.294,0.295,1.0,0.2941,16.0,8828.0,281.0
2021-01-05 09:45:18.691,0.294,0.295,1.0,0.2941,36.0,8828.0,281.0
2021-01-05 09:45:19.191,0.294,0.295,1.0,0.2941,16.0,8828.0,281.0
2021-01-05 09:45:20.741,0.294,0.295,1.0,0.294,1.0,8828.0,281.0
2021-01-05 09:45:21.191,0.294,0.295,1.0,0.2941,14.0,8828.0,281.0
2021-01-05 09:45:22.240,0.294,0.295,1.0,0.2941,14.0,8828.0,281.0
2021-01-05 09:45:22.710,0.294,0.295,1.0,0.2941,14.0,8828.0,281.0
2021-01-05 09:45:23.671,0.294,0.295,1.0,0.2941,14.0,8828.0,281.0
2021-01-05 09:45:24.701,0.294,0.295,1.0,0.2941,14.0,8828.0,281.0
2021-01-05 09:45:25.690,0.294,0.295,1.0,0.2941,14.0,8828.0,281.0
2021-01-05 09:45:26.220,0.294,0.295,1.0,0.2941,14.0,8828.0,281.0
2021-01-05 09:45:26.681,0.294,0.295,1.0,0.2941,14.0,8828.0,281.0
2021-01-05 09:45:27.211,0.294,0.2949,14.0,0.294,1.0,8828.0,281.0
2021-01-05 09:45:27.671,0.294,0.2949,14.0,0.294,14.0,8828.0,281.0
2021-01-05 09:45:28.210,0.294,0.2949,14.0,0.294,14.0,8828.0,281.0
2021-01-05 09:45:29.140,0.294,0.2949,14.0,0.2937,16.0,8828.0,281.0
2021-01-05 09:45:30.210,0.294,0.2949,34.0,0.2933,16.0,8828.0,281.0
2021-01-05 09:45:30.710,0.294,0.2948,1.0,0.2933,16.0,8828.0,281.0
2021-01-05 09:45:31.211,0.294,0.2948,1.0,0.2933,16.0,8828.0,281.0
2021-01-05 09:45:31.701,0.294,0.2947,14.0,0.2933,16.0,8828.0,281.0
2021-01-05 09:45:32.160,0.294,0.2947,14.0,0.2933,16.0,8828.0,281.0
2021-01-05 09:45:33.180,0.294,0.2947,20.0,0.2933,16.0,8828.0,281.0
2021-01-05 09:45:33.670,0.294,0.2947,14.0,0.2933,16.0,8828.0,281.0
2021-01-05 09:45:34.220,0.294,0.2947,14.0,0.2933,16.0,8828.0,281.0
2021-01-05 09:45:35.190,0.294,0.2947,14.0,0.2933,16.0,8828.0,281.0
2021-01-05 09:45:35.701,0.294,0.2947,16.0,0.2929,26.0,8828.0,281.0
2021-01-05 09:45:36.240,0.294,0.2947,22.0,0.2929,26.0,8828.0,281.0
2021-01-05 09:45:36.730,0.294,0.2947,16.0,0.293,1.0,8828.0,281.0
2021-01-05 09:45:37.241,0.294,0.2947,27.0,0.2931,14.0,8828.0,281.0
2021-01-05 09:45:38.240,0.294,0.2947,16.0,0.2931,14.0,8828.0,281.0
2021-01-05 09:45:39.210,0.294,0.2947,16.0,0.2931,14.0,8828.0,281.0
2021-01-05 09:45:39.710,0.294,0.2947,27.0,0.2931,14.0,8828.0,281.0
2021-01-05 09:45:40.240,0.294,0.2947,16.0,0.2931,14.0,8828.0,281.0
2021-01-05 09:45:42.711,0.294,0.2947,16.0,0.2931,14.0,8828.0,281.0
2021-01-05 09:45:43.220,0.294,0.2947,22.0,0.2931,14.0,8828.0,281.0
2021-01-05 09:45:43.731,0.294,0.2947,16.0,0.2931,14.0,8828.0,281.0
2021-01-05 09:45:44.201,0.294,0.2947,16.0,0.2931,14.0,8828.0,281.0
2021-01-05 09:45:44.691,0.294,0.2947,16.0,0.2931,14.0,8828.0,281.0
2021-01-05 09:45:45.220,0.294,0.2947,22.0,0.2931,14.0,8828.0,281.0
2021-01-05 09:45:45.681,0.294,0.2947,22.0,0.2931,14.0,8828.0,281.0
2021-01-05 09:45:46.240,0.294,0.2947,16.0,0.2931,14.0,8828.0,281.0
2021-01-05 09:45:47.241,0.294,0.2947,22.0,0.2931,14.0,8828.0,281.0
2021-01-05 09:45:47.731,0.294,0.2947,16.0,0.2931,14.0,8828.0,281.0
2021-01-05 09:45:48.201,0.294,0.2947,22.0,0.2931,14.0,8828.0,281.0
2021-01-05 09:45:48.741,0.294,0.2947,16.0,0.2931,14.0,8828.0,281.0
2021-01-05 09:45:49.221,0.294,0.2947,22.0,0.2931,14.0,8828.0,281.0
2021-01-05 09:45:49.751,0.294,0.2947,16.0,0.2931,14.0,8828.0,281.0
2021-01-05 09:45:50.750,0.294,0.2947,16.0,0.2931,14.0,8828.0,281.0
2021-01-05 09:45:51.721,0.294,0.2947,22.0,0.2931,14.0,8828.0,281.0
2021-01-05 09:45:52.251,0.294,0.2947,16.0,0.2931,14.0,8828.0,281.0
2021-01-05 09:45:52.641,0.294,0.2947,22.0,0.2931,14.0,8828.0,281.0
2021-01-05 09:45:53.211,0.294,0.2947,16.0,0.2931,14.0,8828.0,281.0
2021-01-05 09:45:54.191,0.294,0.2947,22.0,0.2931,14.0,8828.0,281.0
2021-01-05 09:45:55.711,0.294,0.2947,16.0,0.2931,14.0,8828.0,281.0
2021-01-05 09:45:56.120,0.294,0.2947,22.0,0.2931,14.0,8828.0,281.0
2021-01-05 09:45:57.651,0.294,0.2947,22.0,0.2931,14.0,8828.0,281.0
2021-01-05 09:45:58.711,0.294,0.2947,22.0,0.2931,14.0,8828.0,281.0
2021-01-05 09:46:00.210,0.294,0.2942,16.0,0.293,1.0,8828.0,281.0
2021-01-05 09:46:00.730,0.293,0.2938,16.0,0.2921,26.0,8828.0,282.0
2021-01-05 09:46:01.180,0.293,0.293,1.0,0.2921,26.0,8828.0,282.0
2021-01-05 09:46:02.221,0.293,0.293,1.0,0.2921,26.0,8828.0,282.0
