,last,ask1,asize1,bid1,bsize1,oi,volume
2021-01-05 09:23:55.651,0.6345,0.6345,10.0,0.6345,10.0,3753.0,
2021-01-05 09:25:00.080,0.6345,0.6404,1.0,0.6345,5.0,3753.0,10.0
2021-01-05 09:30:00.451,0.6262,0.6279,20.0,0.6262,5.0,3753.0,25.0
2021-01-05 09:30:00.991,0.6262,0.6318,3.0,0.6234,10.0,3753.0,30.0
2021-01-05 09:30:01.481,0.6234,0.6231,10.0,0.619,10.0,3753.0,40.0
2021-01-05 09:30:01.990,0.6234,0.6246,10.0,0.6196,10.0,3753.0,40.0
2021-01-05 09:30:02.501,0.6234,0.6228,10.0,0.6189,10.0,3753.0,40.0
2021-01-05 09:30:02.611,0.6234,0.6228,20.0,0.6196,10.0,3753.0,40.0
2021-01-05 09:30:03.471,0.6234,0.6228,20.0,0.6186,20.0,3753.0,40.0
2021-01-05 09:30:03.980,0.6234,0.6228,30.0,0.6196,20.0,3753.0,40.0
2021-01-05 09:30:04.430,0.6234,0.6212,10.0,0.6186,20.0,3753.0,40.0
2021-01-05 09:30:05.010,0.6234,0.6208,10.0,0.6171,10.0,3753.0,40.0
2021-01-05 09:30:05.481,0.6234,0.6205,10.0,0.617,20.0,3753.0,40.0
2021-01-05 09:30:05.990,0.6234,0.6208,10.0,0.6161,10.0,3753.0,40.0
2021-01-05 09:30:06.480,0.6161,0.67,50.0,0.6123,10.0,3753.0,50.0
2021-01-05 09:30:06.971,0.6161,0.6183,10.0,0.6127,10.0,3753.0,50.0
2021-01-05 09:30:07.471,0.6161,0.618,10.0,0.6133,10.0,3753.0,50.0
2021-01-05 09:30:08.001,0.6161,0.6174,10.0,0.6123,20.0,3753.0,50.0
2021-01-05 09:30:08.520,0.6161,0.6171,10.0,0.6134,10.0,3753.0,50.0
2021-01-05 09:30:08.960,0.6161,0.6173,10.0,0.6129,20.0,3753.0,50.0
2021-01-05 09:30:09.490,0.6161,0.6165,10.0,0.6129,20.0,3753.0,50.0
2021-01-05 09:30:10.501,0.6161,0.6159,10.0,0.6123,30.0,3753.0,50.0
2021-01-05 09:30:11.000,0.6161,0.6158,10.0,0.6123,10.0,3753.0,50.0
2021-01-05 09:30:11.521,0.6161,0.6152,10.0,0.6123,10.0,3753.0,50.0
2021-01-05 09:30:11.980,0.6161,0.6146,10.0,0.6123,10.0,3753.0,50.0
2021-01-05 09:30:12.521,0.6161,0.6146,20.0,0.6123,10.0,3753.0,50.0
2021-01-05 09:30:12.900,0.6161,0.6163,10.0,0.6126,10.0,3753.0,50.0
2021-01-05 09:30:13.501,0.6161,0.6163,20.0,0.6131,10.0,3753.0,50.0
2021-01-05 09:30:13.941,0.6161,0.6162,10.0,0.6131,20.0,3753.0,50.0
2021-01-05 09:30:14.521,0.6161,0.6162,20.0,0.6126,20.0,3753.0,50.0
2021-01-05 09:30:15.040,0.6126,0.6162,20.0,0.6126,19.0,3752.0,51.0
2021-01-05 09:30:15.520,0.6126,0.6162,20.0,0.6126,30.0,3752.0,51.0
2021-01-05 09:30:15.991,0.6126,0.616,10.0,0.6126,20.0,3752.0,51.0
2021-01-05 09:30:16.531,0.6126,0.6161,20.0,0.6132,10.0,3752.0,51.0
2021-01-05 09:30:17.021,0.6126,0.617,20.0,0.6134,10.0,3752.0,51.0
2021-01-05 09:30:17.641,0.6126,0.6196,10.0,0.6138,10.0,3752.0,51.0
2021-01-05 09:30:18.231,0.6126,0.6187,20.0,0.6142,10.0,3752.0,51.0
2021-01-05 09:30:18.750,0.6126,0.6193,10.0,0.6138,20.0,3752.0,51.0
2021-01-05 09:30:19.241,0.6126,0.6195,10.0,0.6149,10.0,3752.0,51.0
2021-01-05 09:30:19.741,0.6126,0.6196,20.0,0.6152,10.0,3752.0,51.0
2021-01-05 09:30:20.240,0.6126,0.6193,10.0,0.6152,10.0,3752.0,51.0
2021-01-05 09:30:20.740,0.6126,0.6196,20.0,0.6149,20.0,3752.0,51.0
2021-01-05 09:30:21.241,0.6126,0.6183,10.0,0.6149,20.0,3752.0,51.0
2021-01-05 09:30:21.731,0.6126,0.6199,10.0,0.6145,10.0,3752.0,51.0
2021-01-05 09:30:22.240,0.6126,0.6183,10.0,0.6144,20.0,3752.0,51.0
2021-01-05 09:30:22.671,0.6126,0.6183,20.0,0.6146,10.0,3752.0,51.0
2021-01-05 09:30:23.170,0.6126,0.6187,10.0,0.6144,20.0,3752.0,51.0
2021-01-05 09:30:23.670,0.6126,0.6176,10.0,0.6138,20.0,3752.0,51.0
2021-01-05 09:30:24.140,0.6126,0.6172,10.0,0.6138,20.0,3752.0,51.0
2021-01-05 09:30:24.661,0.6126,0.6165,10.0,0.6131,20.0,3752.0,51.0
2021-01-05 09:30:25.160,0.6126,0.6161,10.0,0.6131,20.0,3752.0,51.0
2021-01-05 09:30:25.671,0.6126,0.6165,20.0,0.6131,10.0,3752.0,51.0
2021-01-05 09:30:26.171,0.6126,0.6166,10.0,0.613,10.0,3752.0,51.0
2021-01-05 09:30:26.670,0.6126,0.6166,10.0,0.6125,10.0,3752.0,51.0
2021-01-05 09:30:27.170,0.6126,0.6163,10.0,0.6126,10.0,3752.0,51.0
2021-01-05 09:30:27.671,0.6126,0.6166,20.0,0.6123,10.0,3752.0,51.0
2021-01-05 09:30:28.161,0.6126,0.6168,10.0,0.6123,10.0,3752.0,51.0
2021-01-05 09:30:28.670,0.6126,0.6165,10.0,0.6123,10.0,3752.0,51.0
2021-01-05 09:30:29.150,0.6126,0.6168,20.0,0.6123,10.0,3752.0,51.0
2021-01-05 09:30:29.650,0.6126,0.616,10.0,0.6123,10.0,3752.0,51.0
2021-01-05 09:30:30.171,0.6126,0.6166,10.0,0.6126,10.0,3752.0,51.0
2021-01-05 09:30:30.620,0.6126,0.6166,20.0,0.6129,10.0,3752.0,51.0
2021-01-05 09:30:31.121,0.6126,0.6172,30.0,0.6135,10.0,3752.0,51.0
2021-01-05 09:30:31.661,0.6126,0.6172,20.0,0.6136,10.0,3752.0,51.0
2021-01-05 09:30:32.140,0.6126,0.6172,30.0,0.6136,10.0,3752.0,51.0
2021-01-05 09:30:32.631,0.6126,0.6172,20.0,0.6135,20.0,3752.0,51.0
2021-01-05 09:30:33.171,0.6126,0.6172,20.0,0.6135,20.0,3752.0,51.0
2021-01-05 09:30:33.671,0.6126,0.6185,10.0,0.6137,10.0,3752.0,51.0
2021-01-05 09:30:34.191,0.6126,0.6186,20.0,0.6135,20.0,3752.0,51.0
2021-01-05 09:30:34.670,0.6126,0.6186,10.0,0.6137,10.0,3752.0,51.0
2021-01-05 09:30:35.031,0.6126,0.6186,30.0,0.6137,30.0,3752.0,51.0
2021-01-05 09:30:35.680,0.6126,0.6182,10.0,0.6137,20.0,3752.0,51.0
2021-01-05 09:30:36.170,0.6126,0.6172,10.0,0.6137,20.0,3752.0,51.0
2021-01-05 09:30:36.691,0.6126,0.6181,10.0,0.6138,10.0,3752.0,51.0
2021-01-05 09:30:37.171,0.6126,0.6179,10.0,0.614,10.0,3752.0,51.0
2021-01-05 09:30:37.670,0.6126,0.6176,10.0,0.6137,20.0,3752.0,51.0
2021-01-05 09:30:38.141,0.6126,0.6174,10.0,0.6137,20.0,3752.0,51.0
2021-01-05 09:30:38.700,0.6126,0.6176,20.0,0.6142,10.0,3752.0,51.0
2021-01-05 09:30:39.201,0.6126,0.6176,20.0,0.6137,20.0,3752.0,51.0
2021-01-05 09:30:39.661,0.6126,0.6175,10.0,0.6138,10.0,3752.0,51.0
2021-01-05 09:30:40.170,0.6126,0.6175,20.0,0.6137,30.0,3752.0,51.0
2021-01-05 09:30:40.690,0.6126,0.6181,20.0,0.614,10.0,3752.0,51.0
2021-01-05 09:30:41.701,0.6126,0.618,10.0,0.6137,30.0,3752.0,51.0
2021-01-05 09:30:42.181,0.6126,0.6181,30.0,0.6142,10.0,3752.0,51.0
2021-01-05 09:30:42.671,0.6126,0.6181,20.0,0.6147,10.0,3752.0,51.0
2021-01-05 09:30:43.180,0.6126,0.619,30.0,0.6147,30.0,3752.0,51.0
2021-01-05 09:30:43.681,0.6126,0.6188,10.0,0.6147,30.0,3752.0,51.0
2021-01-05 09:30:44.181,0.6126,0.619,20.0,0.6154,10.0,3752.0,51.0
2021-01-05 09:30:44.650,0.6126,0.619,20.0,0.6154,30.0,3752.0,51.0
2021-01-05 09:30:45.161,0.6126,0.619,20.0,0.6154,30.0,3752.0,51.0
2021-01-05 09:30:45.710,0.6126,0.619,20.0,0.6155,10.0,3752.0,51.0
2021-01-05 09:30:46.200,0.6126,0.619,20.0,0.6157,10.0,3752.0,51.0
2021-01-05 09:30:47.191,0.6126,0.6198,10.0,0.6159,10.0,3752.0,51.0
2021-01-05 09:30:47.691,0.6126,0.6198,20.0,0.6171,10.0,3752.0,51.0
2021-01-05 09:30:48.200,0.6126,0.6207,10.0,0.6171,20.0,3752.0,51.0
2021-01-05 09:30:49.210,0.6126,0.6204,10.0,0.6171,20.0,3752.0,51.0
2021-01-05 09:30:49.700,0.6126,0.6205,20.0,0.6165,20.0,3752.0,51.0
2021-01-05 09:30:50.171,0.6126,0.621,20.0,0.6146,20.0,3752.0,51.0
2021-01-05 09:30:50.720,0.6126,0.6204,10.0,0.6167,10.0,3752.0,51.0
2021-01-05 09:30:51.181,0.6126,0.6204,30.0,0.6167,30.0,3752.0,51.0
2021-01-05 09:30:51.721,0.6126,0.6204,20.0,0.6167,20.0,3752.0,51.0
2021-01-05 09:30:52.221,0.6126,0.6204,20.0,0.6167,30.0,3752.0,51.0
2021-01-05 09:30:52.651,0.6126,0.621,20.0,0.6172,10.0,3752.0,51.0
2021-01-05 09:30:53.120,0.6126,0.621,20.0,0.6174,10.0,3752.0,51.0
2021-01-05 09:30:53.660,0.6126,0.621,20.0,0.6172,20.0,3752.0,51.0
2021-01-05 09:30:54.130,0.6126,0.621,20.0,0.6174,10.0,3752.0,51.0
2021-01-05 09:30:54.670,0.6126,0.621,20.0,0.6174,10.0,3752.0,51.0
2021-01-05 09:30:55.081,0.6126,0.621,20.0,0.618,10.0,3752.0,51.0
2021-01-05 09:30:55.671,0.6126,0.6223,30.0,0.618,30.0,3752.0,51.0
2021-01-05 09:30:56.170,0.6126,0.6217,10.0,0.618,30.0,3752.0,51.0
2021-01-05 09:30:56.660,0.6126,0.6221,10.0,0.6182,10.0,3752.0,51.0
2021-01-05 09:30:57.171,0.6126,0.6217,20.0,0.618,30.0,3752.0,51.0
2021-01-05 09:30:57.600,0.6126,0.6217,30.0,0.618,20.0,3752.0,51.0
2021-01-05 09:30:58.091,0.6126,0.6214,10.0,0.618,20.0,3752.0,51.0
2021-01-05 09:30:59.171,0.6126,0.6207,10.0,0.6172,20.0,3752.0,51.0
2021-01-05 09:31:00.161,0.6126,0.62,20.0,0.6171,10.0,3752.0,51.0
2021-01-05 09:31:00.660,0.6126,0.6202,10.0,0.617,20.0,3752.0,51.0
2021-01-05 09:31:01.140,0.6126,0.62,10.0,0.6163,10.0,3752.0,51.0
2021-01-05 09:31:02.170,0.6126,0.6183,20.0,0.6151,10.0,3752.0,51.0
2021-01-05 09:31:02.681,0.6126,0.6195,10.0,0.615,14.0,3752.0,51.0
2021-01-05 09:31:03.131,0.6126,0.6195,20.0,0.6151,10.0,3752.0,51.0
2021-01-05 09:31:03.680,0.6126,0.619,10.0,0.6149,10.0,3752.0,51.0
2021-01-05 09:31:04.181,0.6126,0.619,30.0,0.6149,10.0,3752.0,51.0
2021-01-05 09:31:04.671,0.6126,0.6188,10.0,0.6152,10.0,3752.0,51.0
2021-01-05 09:31:05.190,0.6126,0.6187,10.0,0.615,10.0,3752.0,51.0
2021-01-05 09:31:05.670,0.6126,0.6189,10.0,0.6152,10.0,3752.0,51.0
2021-01-05 09:31:06.160,0.6126,0.619,20.0,0.6157,10.0,3752.0,51.0
2021-01-05 09:31:06.681,0.6126,0.6195,20.0,0.6158,10.0,3752.0,51.0
2021-01-05 09:31:07.190,0.6126,0.6206,40.0,0.6159,10.0,3752.0,51.0
2021-01-05 09:31:07.670,0.6126,0.6203,10.0,0.6163,10.0,3752.0,51.0
2021-01-05 09:31:08.200,0.6126,0.6203,10.0,0.6167,10.0,3752.0,51.0
2021-01-05 09:31:08.600,0.6126,0.6206,20.0,0.6179,10.0,3752.0,51.0
2021-01-05 09:31:09.101,0.6126,0.6206,20.0,0.6163,10.0,3752.0,51.0
2021-01-05 09:31:09.261,0.6126,0.6206,20.0,0.6163,10.0,3752.0,51.0
2021-01-05 09:31:10.200,0.6126,0.6206,20.0,0.6167,10.0,3752.0,51.0
2021-01-05 09:31:10.690,0.6126,0.6206,20.0,0.617,10.0,3752.0,51.0
2021-01-05 09:31:11.170,0.6126,0.6211,10.0,0.6172,10.0,3752.0,51.0
2021-01-05 09:31:11.701,0.6126,0.6205,10.0,0.6168,10.0,3752.0,51.0
2021-01-05 09:31:12.171,0.6126,0.6205,20.0,0.6168,30.0,3752.0,51.0
2021-01-05 09:31:12.621,0.6126,0.6201,10.0,0.6168,20.0,3752.0,51.0
2021-01-05 09:31:13.170,0.6126,0.6201,20.0,0.6173,10.0,3752.0,51.0
2021-01-05 09:31:13.710,0.6126,0.6212,20.0,0.6168,20.0,3752.0,51.0
2021-01-05 09:31:14.200,0.6126,0.6212,20.0,0.6168,20.0,3752.0,51.0
2021-01-05 09:31:15.110,0.6126,0.6204,10.0,0.6163,20.0,3752.0,51.0
2021-01-05 09:31:15.710,0.6126,0.6204,30.0,0.6163,20.0,3752.0,51.0
2021-01-05 09:31:16.711,0.6126,0.6204,20.0,0.6164,10.0,3752.0,51.0
2021-01-05 09:31:17.201,0.6126,0.6211,10.0,0.617,10.0,3752.0,51.0
2021-01-05 09:31:17.710,0.6126,0.6212,20.0,0.6171,10.0,3752.0,51.0
2021-01-05 09:31:18.201,0.6126,0.6212,20.0,0.6171,10.0,3752.0,51.0
2021-01-05 09:31:18.720,0.6126,0.6212,20.0,0.6179,10.0,3752.0,51.0
2021-01-05 09:31:19.150,0.6126,0.6212,20.0,0.6185,10.0,3752.0,51.0
2021-01-05 09:31:19.711,0.6126,0.6214,10.0,0.6179,20.0,3752.0,51.0
2021-01-05 09:31:20.171,0.6126,0.6214,20.0,0.6181,10.0,3752.0,51.0
2021-01-05 09:31:20.630,0.6126,0.6222,30.0,0.618,10.0,3752.0,51.0
2021-01-05 09:31:21.221,0.6126,0.6215,10.0,0.6172,10.0,3752.0,51.0
2021-01-05 09:31:21.671,0.6126,0.6211,10.0,0.617,30.0,3752.0,51.0
2021-01-05 09:31:22.211,0.6126,0.6205,10.0,0.6165,4.0,3752.0,51.0
2021-01-05 09:31:22.620,0.6126,0.6206,10.0,0.6165,14.0,3752.0,51.0
2021-01-05 09:31:23.171,0.6126,0.62,10.0,0.6164,20.0,3752.0,51.0
2021-01-05 09:31:23.640,0.6126,0.62,20.0,0.6164,20.0,3752.0,51.0
2021-01-05 09:31:24.161,0.6126,0.6203,10.0,0.6166,10.0,3752.0,51.0
2021-01-05 09:31:24.660,0.6126,0.6205,10.0,0.6166,10.0,3752.0,51.0
2021-01-05 09:31:25.150,0.6126,0.6206,20.0,0.6164,20.0,3752.0,51.0
2021-01-05 09:31:25.630,0.6126,0.6214,30.0,0.6171,10.0,3752.0,51.0
2021-01-05 09:31:26.101,0.6126,0.6212,10.0,0.6171,20.0,3752.0,51.0
2021-01-05 09:31:26.520,0.6126,0.6211,10.0,0.6172,10.0,3752.0,51.0
2021-01-05 09:31:27.171,0.6126,0.6211,10.0,0.6188,5.0,3752.0,51.0
2021-01-05 09:31:27.601,0.6188,0.6211,10.0,0.6169,20.0,3752.0,56.0
2021-01-05 09:31:28.091,0.6188,0.6209,10.0,0.6171,10.0,3752.0,56.0
2021-01-05 09:31:28.610,0.6188,0.6209,20.0,0.6165,4.0,3752.0,56.0
2021-01-05 09:31:29.171,0.6188,0.6209,20.0,0.6165,4.0,3752.0,56.0
2021-01-05 09:31:30.170,0.6188,0.6206,10.0,0.6169,10.0,3752.0,56.0
2021-01-05 09:31:30.671,0.6188,0.6206,20.0,0.6167,10.0,3752.0,56.0
2021-01-05 09:31:31.101,0.6188,0.6211,10.0,0.617,10.0,3752.0,56.0
2021-01-05 09:31:31.630,0.6188,0.6211,10.0,0.6172,10.0,3752.0,56.0
2021-01-05 09:31:32.191,0.6188,0.6206,10.0,0.617,20.0,3752.0,56.0
2021-01-05 09:31:32.671,0.6188,0.6206,20.0,0.617,20.0,3752.0,56.0
2021-01-05 09:31:33.190,0.6188,0.6206,20.0,0.6171,10.0,3752.0,56.0
2021-01-05 09:31:33.610,0.6188,0.6206,20.0,0.617,20.0,3752.0,56.0
2021-01-05 09:31:34.181,0.6188,0.6206,20.0,0.6174,10.0,3752.0,56.0
2021-01-05 09:31:34.681,0.6188,0.6206,10.0,0.6167,10.0,3752.0,56.0
2021-01-05 09:31:35.190,0.6188,0.6206,30.0,0.6169,10.0,3752.0,56.0
2021-01-05 09:31:35.651,0.6188,0.6206,20.0,0.6171,10.0,3752.0,56.0
2021-01-05 09:31:36.181,0.6188,0.6206,20.0,0.6169,20.0,3752.0,56.0
2021-01-05 09:31:36.690,0.6188,0.6202,10.0,0.6165,10.0,3752.0,56.0
2021-01-05 09:31:37.191,0.6188,0.6202,20.0,0.6172,10.0,3752.0,56.0
2021-01-05 09:31:37.620,0.6188,0.6209,20.0,0.6172,30.0,3752.0,56.0
2021-01-05 09:31:38.190,0.6188,0.6209,20.0,0.6174,10.0,3752.0,56.0
2021-01-05 09:31:39.210,0.6188,0.6222,30.0,0.6179,10.0,3752.0,56.0
2021-01-05 09:31:39.710,0.6188,0.6222,30.0,0.6179,10.0,3752.0,56.0
2021-01-05 09:31:40.200,0.6188,0.6222,30.0,0.6183,10.0,3752.0,56.0
2021-01-05 09:31:40.711,0.6188,0.6222,30.0,0.619,10.0,3752.0,56.0
2021-01-05 09:31:41.191,0.6188,0.6222,20.0,0.6189,10.0,3752.0,56.0
2021-01-05 09:31:41.691,0.6188,0.6222,20.0,0.6194,10.0,3752.0,56.0
2021-01-05 09:31:42.211,0.6188,0.6222,20.0,0.6191,14.0,3752.0,56.0
2021-01-05 09:31:43.191,0.6188,0.6222,20.0,0.6192,10.0,3752.0,56.0
2021-01-05 09:31:43.710,0.6188,0.6222,20.0,0.6187,20.0,3752.0,56.0
2021-01-05 09:31:44.190,0.6188,0.6222,20.0,0.6187,10.0,3752.0,56.0
2021-01-05 09:31:44.691,0.6188,0.6219,10.0,0.6178,10.0,3752.0,56.0
2021-01-05 09:31:45.170,0.6188,0.6222,20.0,0.6192,10.0,3752.0,56.0
2021-01-05 09:31:45.621,0.6188,0.6222,10.0,0.6179,4.0,3752.0,56.0
2021-01-05 09:31:46.071,0.6188,0.6222,30.0,0.619,10.0,3752.0,56.0
2021-01-05 09:31:46.701,0.6188,0.6222,20.0,0.6194,10.0,3752.0,56.0
2021-01-05 09:31:47.191,0.6188,0.6222,20.0,0.619,20.0,3752.0,56.0
2021-01-05 09:31:47.690,0.6188,0.6222,20.0,0.6194,10.0,3752.0,56.0
2021-01-05 09:31:48.691,0.6188,0.6222,20.0,0.6194,10.0,3752.0,56.0
2021-01-05 09:31:49.711,0.6188,0.6222,20.0,0.62,10.0,3752.0,56.0
2021-01-05 09:31:50.191,0.6188,0.6222,20.0,0.6208,10.0,3752.0,56.0
2021-01-05 09:31:50.710,0.6188,0.624,30.0,0.6205,30.0,3752.0,56.0
2021-01-05 09:31:51.210,0.6188,0.624,40.0,0.6205,20.0,3752.0,56.0
2021-01-05 09:31:51.701,0.6188,0.624,20.0,0.6205,10.0,3752.0,56.0
2021-01-05 09:31:52.220,0.6188,0.6245,20.0,0.6212,10.0,3752.0,56.0
2021-01-05 09:31:52.621,0.6188,0.625,20.0,0.6212,20.0,3752.0,56.0
2021-01-05 09:31:53.640,0.6188,0.625,20.0,0.6219,10.0,3752.0,56.0
2021-01-05 09:31:54.151,0.6188,0.6256,40.0,0.6222,10.0,3752.0,56.0
2021-01-05 09:31:54.520,0.6188,0.6256,30.0,0.6219,20.0,3752.0,56.0
2021-01-05 09:31:55.150,0.6188,0.6256,30.0,0.6217,10.0,3752.0,56.0
2021-01-05 09:31:55.670,0.6188,0.6256,30.0,0.6224,10.0,3752.0,56.0
2021-01-05 09:31:56.110,0.6188,0.6256,20.0,0.6224,30.0,3752.0,56.0
2021-01-05 09:31:56.631,0.6188,0.6256,20.0,0.6224,20.0,3752.0,56.0
2021-01-05 09:31:57.171,0.6188,0.6256,20.0,0.6224,20.0,3752.0,56.0
2021-01-05 09:31:57.651,0.6188,0.6256,20.0,0.6226,10.0,3752.0,56.0
2021-01-05 09:31:58.171,0.6188,0.6256,20.0,0.6224,20.0,3752.0,56.0
2021-01-05 09:31:59.180,0.6188,0.6256,20.0,0.6219,4.0,3752.0,56.0
2021-01-05 09:31:59.620,0.6188,0.6256,20.0,0.6219,10.0,3752.0,56.0
2021-01-05 09:32:00.150,0.6188,0.6255,10.0,0.6218,10.0,3752.0,56.0
2021-01-05 09:32:00.650,0.6188,0.6256,20.0,0.622,10.0,3752.0,56.0
2021-01-05 09:32:01.670,0.6188,0.6252,10.0,0.6217,20.0,3752.0,56.0
2021-01-05 09:32:02.171,0.6188,0.6252,10.0,0.6209,30.0,3752.0,56.0
2021-01-05 09:32:02.621,0.6188,0.6242,10.0,0.6209,20.0,3752.0,56.0
2021-01-05 09:32:03.180,0.6188,0.6242,30.0,0.6199,30.0,3752.0,56.0
2021-01-05 09:32:03.641,0.6188,0.6239,10.0,0.621,10.0,3752.0,56.0
2021-01-05 09:32:04.150,0.6188,0.6234,10.0,0.621,10.0,3752.0,56.0
2021-01-05 09:32:04.661,0.6188,0.6234,20.0,0.621,10.0,3752.0,56.0
2021-01-05 09:32:05.130,0.6188,0.6251,20.0,0.621,10.0,3752.0,56.0
2021-01-05 09:32:05.660,0.6188,0.6245,10.0,0.621,10.0,3752.0,56.0
2021-01-05 09:32:06.161,0.6188,0.6245,20.0,0.621,10.0,3752.0,56.0
2021-01-05 09:32:06.680,0.6188,0.6248,10.0,0.621,10.0,3752.0,56.0
2021-01-05 09:32:07.070,0.6188,0.6245,10.0,0.621,10.0,3752.0,56.0
2021-01-05 09:32:07.570,0.6188,0.6242,10.0,0.621,10.0,3752.0,56.0
2021-01-05 09:32:08.100,0.6188,0.6242,20.0,0.621,10.0,3752.0,56.0
2021-01-05 09:32:08.670,0.6188,0.6242,20.0,0.6212,10.0,3752.0,56.0
2021-01-05 09:32:09.141,0.6188,0.6248,20.0,0.6218,10.0,3752.0,56.0
2021-01-05 09:32:09.681,0.6188,0.6248,20.0,0.6216,14.0,3752.0,56.0
2021-01-05 09:32:10.161,0.6188,0.6246,10.0,0.6212,20.0,3752.0,56.0
2021-01-05 09:32:10.630,0.6188,0.6248,20.0,0.6216,10.0,3752.0,56.0
2021-01-05 09:32:11.170,0.6188,0.6251,10.0,0.6215,4.0,3752.0,56.0
2021-01-05 09:32:11.650,0.6188,0.6245,10.0,0.6212,20.0,3752.0,56.0
2021-01-05 09:32:12.161,0.6188,0.6244,10.0,0.621,10.0,3752.0,56.0
2021-01-05 09:32:12.670,0.6188,0.624,10.0,0.621,10.0,3752.0,56.0
2021-01-05 09:32:13.171,0.6188,0.624,20.0,0.621,10.0,3752.0,56.0
2021-01-05 09:32:13.680,0.6188,0.624,20.0,0.621,10.0,3752.0,56.0
2021-01-05 09:32:14.180,0.6188,0.6245,30.0,0.621,10.0,3752.0,56.0
2021-01-05 09:32:14.660,0.6188,0.6245,20.0,0.621,10.0,3752.0,56.0
2021-01-05 09:32:15.171,0.6188,0.625,30.0,0.621,10.0,3752.0,56.0
2021-01-05 09:32:15.171,0.6188,0.625,20.0,0.621,20.0,3752.0,56.0
2021-01-05 09:32:16.551,0.6188,0.6248,10.0,0.621,20.0,3752.0,56.0
2021-01-05 09:32:17.161,0.6188,0.6243,10.0,0.621,10.0,3752.0,56.0
2021-01-05 09:32:17.651,0.6188,0.6243,20.0,0.6214,10.0,3752.0,56.0
2021-01-05 09:32:18.130,0.6188,0.625,20.0,0.6214,30.0,3752.0,56.0
2021-01-05 09:32:18.660,0.6188,0.625,20.0,0.6217,10.0,3752.0,56.0
2021-01-05 09:32:19.150,0.6188,0.6256,30.0,0.6215,4.0,3752.0,56.0
2021-01-05 09:32:19.640,0.6188,0.6256,30.0,0.6217,10.0,3752.0,56.0
2021-01-05 09:32:20.151,0.6188,0.6256,30.0,0.6217,10.0,3752.0,56.0
2021-01-05 09:32:20.671,0.6188,0.6249,10.0,0.6215,4.0,3752.0,56.0
2021-01-05 09:32:21.171,0.6188,0.6244,10.0,0.6214,20.0,3752.0,56.0
2021-01-05 09:32:21.680,0.6188,0.6224,5.0,0.6214,20.0,3752.0,56.0
2021-01-05 09:32:22.181,0.6188,0.6227,20.0,0.621,10.0,3752.0,56.0
2021-01-05 09:32:22.481,0.6188,0.6241,10.0,0.621,10.0,3752.0,56.0
2021-01-05 09:32:23.180,0.6188,0.622,5.0,0.621,10.0,3752.0,56.0
2021-01-05 09:32:23.580,0.6188,0.6224,20.0,0.621,10.0,3752.0,56.0
2021-01-05 09:32:24.160,0.6188,0.6244,20.0,0.621,10.0,3752.0,56.0
2021-01-05 09:32:24.640,0.6188,0.6243,10.0,0.621,10.0,3752.0,56.0
2021-01-05 09:32:25.170,0.6188,0.6244,20.0,0.621,10.0,3752.0,56.0
2021-01-05 09:32:25.670,0.6188,0.6244,10.0,0.621,10.0,3752.0,56.0
2021-01-05 09:32:26.171,0.6188,0.6244,20.0,0.6217,14.0,3752.0,56.0
2021-01-05 09:32:26.650,0.6188,0.6254,10.0,0.6217,14.0,3752.0,56.0
2021-01-05 09:32:27.151,0.6188,0.6256,50.0,0.6217,4.0,3752.0,56.0
2021-01-05 09:32:27.641,0.6188,0.6256,40.0,0.622,10.0,3752.0,56.0
2021-01-05 09:32:28.171,0.6188,0.6256,30.0,0.6226,4.0,3752.0,56.0
2021-01-05 09:32:28.630,0.6188,0.6256,30.0,0.6226,4.0,3752.0,56.0
2021-01-05 09:32:29.180,0.6188,0.6256,30.0,0.6226,4.0,3752.0,56.0
2021-01-05 09:32:30.171,0.6188,0.6256,30.0,0.6222,20.0,3752.0,56.0
2021-01-05 09:32:30.671,0.6188,0.6256,30.0,0.6216,30.0,3752.0,56.0
2021-01-05 09:32:30.920,0.6188,0.6256,30.0,0.6219,4.0,3752.0,56.0
2021-01-05 09:32:31.631,0.6188,0.6256,30.0,0.6224,10.0,3752.0,56.0
2021-01-05 09:32:32.121,0.6188,0.6256,40.0,0.6222,20.0,3752.0,56.0
2021-01-05 09:32:32.570,0.6188,0.6256,40.0,0.6222,20.0,3752.0,56.0
2021-01-05 09:32:33.141,0.6188,0.6256,40.0,0.6222,20.0,3752.0,56.0
2021-01-05 09:32:33.671,0.6188,0.6256,30.0,0.6222,30.0,3752.0,56.0
2021-01-05 09:32:34.171,0.6188,0.6256,40.0,0.6222,20.0,3752.0,56.0
2021-01-05 09:32:34.691,0.6188,0.6253,10.0,0.6216,20.0,3752.0,56.0
2021-01-05 09:32:35.170,0.6188,0.6256,30.0,0.6216,20.0,3752.0,56.0
2021-01-05 09:32:35.671,0.6188,0.6256,30.0,0.6217,4.0,3752.0,56.0
2021-01-05 09:32:36.190,0.6188,0.6256,30.0,0.6217,4.0,3752.0,56.0
2021-01-05 09:32:37.150,0.6188,0.6256,30.0,0.6219,10.0,3752.0,56.0
2021-01-05 09:32:38.190,0.6188,0.6253,10.0,0.6217,14.0,3752.0,56.0
2021-01-05 09:32:39.200,0.6188,0.6256,40.0,0.6218,10.0,3752.0,56.0
2021-01-05 09:32:39.630,0.6188,0.6256,30.0,0.6222,10.0,3752.0,56.0
2021-01-05 09:32:40.151,0.6188,0.6256,30.0,0.6218,10.0,3752.0,56.0
2021-01-05 09:32:41.200,0.6188,0.6256,40.0,0.622,10.0,3752.0,56.0
2021-01-05 09:32:41.690,0.6188,0.6256,20.0,0.6227,10.0,3752.0,56.0
2021-01-05 09:32:42.201,0.6188,0.6256,20.0,0.6222,10.0,3752.0,56.0
2021-01-05 09:32:42.700,0.6188,0.6264,30.0,0.6227,20.0,3752.0,56.0
2021-01-05 09:32:43.131,0.6188,0.6263,10.0,0.6227,20.0,3752.0,56.0
2021-01-05 09:32:43.190,0.6188,0.6261,10.0,0.6227,20.0,3752.0,56.0
2021-01-05 09:32:44.151,0.6188,0.6259,10.0,0.6227,20.0,3752.0,56.0
2021-01-05 09:32:44.700,0.6188,0.6254,10.0,0.6216,20.0,3752.0,56.0
2021-01-05 09:32:45.471,0.6188,0.6254,20.0,0.622,10.0,3752.0,56.0
2021-01-05 09:32:46.110,0.6188,0.6256,10.0,0.622,20.0,3752.0,56.0
2021-01-05 09:32:46.310,0.6188,0.6258,10.0,0.622,20.0,3752.0,56.0
2021-01-05 09:32:47.701,0.6188,0.6259,20.0,0.6223,10.0,3752.0,56.0
2021-01-05 09:32:48.690,0.6188,0.6264,20.0,0.623,10.0,3752.0,56.0
2021-01-05 09:32:49.190,0.6188,0.6264,20.0,0.6235,4.0,3752.0,56.0
2021-01-05 09:32:49.670,0.6188,0.6275,20.0,0.6239,10.0,3752.0,56.0
2021-01-05 09:32:50.171,0.6188,0.6277,10.0,0.6251,4.0,3752.0,56.0
2021-01-05 09:32:50.700,0.6188,0.6277,20.0,0.6242,10.0,3752.0,56.0
2021-01-05 09:32:51.170,0.6188,0.629,30.0,0.6247,30.0,3752.0,56.0
2021-01-05 09:32:51.701,0.6188,0.629,20.0,0.6261,10.0,3752.0,56.0
2021-01-05 09:32:52.191,0.6188,0.6289,10.0,0.6256,20.0,3752.0,56.0
2021-01-05 09:32:52.671,0.6188,0.6289,30.0,0.6244,10.0,3752.0,56.0
2021-01-05 09:32:53.161,0.6188,0.6281,10.0,0.6242,20.0,3752.0,56.0
2021-01-05 09:32:53.641,0.6188,0.6278,10.0,0.6242,20.0,3752.0,56.0
2021-01-05 09:32:54.181,0.6188,0.627,10.0,0.6237,10.0,3752.0,56.0
2021-01-05 09:32:54.671,0.6188,0.6268,10.0,0.6237,10.0,3752.0,56.0
2021-01-05 09:32:55.161,0.6188,0.627,20.0,0.6237,10.0,3752.0,56.0
2021-01-05 09:32:55.650,0.6188,0.627,20.0,0.6237,20.0,3752.0,56.0
2021-01-05 09:32:56.150,0.6188,0.627,20.0,0.6241,10.0,3752.0,56.0
2021-01-05 09:32:56.611,0.6188,0.6282,20.0,0.6246,10.0,3752.0,56.0
2021-01-05 09:32:57.151,0.6188,0.6282,10.0,0.6246,20.0,3752.0,56.0
2021-01-05 09:32:57.600,0.6188,0.6276,10.0,0.6241,20.0,3752.0,56.0
2021-01-05 09:32:58.171,0.6188,0.6276,20.0,0.6241,10.0,3752.0,56.0
2021-01-05 09:32:58.651,0.6188,0.6276,20.0,0.6244,10.0,3752.0,56.0
2021-01-05 09:32:59.131,0.6188,0.6278,10.0,0.6244,20.0,3752.0,56.0
2021-01-05 09:32:59.621,0.6188,0.6282,20.0,0.6243,10.0,3752.0,56.0
2021-01-05 09:33:00.180,0.6188,0.6282,30.0,0.6245,10.0,3752.0,56.0
2021-01-05 09:33:00.651,0.6188,0.6282,20.0,0.624,10.0,3752.0,56.0
2021-01-05 09:33:01.141,0.6188,0.628,10.0,0.6239,20.0,3752.0,56.0
2021-01-05 09:33:01.661,0.6188,0.627,10.0,0.6239,20.0,3752.0,56.0
2021-01-05 09:33:02.130,0.6188,0.6268,10.0,0.6231,30.0,3752.0,56.0
2021-01-05 09:33:02.570,0.6188,0.6266,10.0,0.6231,20.0,3752.0,56.0
2021-01-05 09:33:03.171,0.6188,0.626,10.0,0.6225,20.0,3752.0,56.0
2021-01-05 09:33:03.681,0.6188,0.626,20.0,0.622,20.0,3752.0,56.0
2021-01-05 09:33:04.140,0.6188,0.6251,10.0,0.622,20.0,3752.0,56.0
2021-01-05 09:33:04.651,0.6188,0.6248,10.0,0.6219,10.0,3752.0,56.0
2021-01-05 09:33:05.181,0.6188,0.6244,10.0,0.6219,10.0,3752.0,56.0
2021-01-05 09:33:05.690,0.6188,0.6242,10.0,0.621,10.0,3752.0,56.0
2021-01-05 09:33:06.170,0.6188,0.6241,10.0,0.621,10.0,3752.0,56.0
2021-01-05 09:33:06.651,0.6188,0.6238,10.0,0.621,10.0,3752.0,56.0
2021-01-05 09:33:07.171,0.6188,0.6235,10.0,0.621,10.0,3752.0,56.0
2021-01-05 09:33:07.601,0.6188,0.6238,20.0,0.621,10.0,3752.0,56.0
2021-01-05 09:33:08.191,0.6188,0.6243,10.0,0.621,10.0,3752.0,56.0
2021-01-05 09:33:08.671,0.6188,0.6244,20.0,0.621,10.0,3752.0,56.0
2021-01-05 09:33:09.630,0.6188,0.6244,20.0,0.6211,10.0,3752.0,56.0
2021-01-05 09:33:10.180,0.6188,0.6247,10.0,0.621,10.0,3752.0,56.0
2021-01-05 09:33:10.681,0.6188,0.6238,10.0,0.621,10.0,3752.0,56.0
2021-01-05 09:33:11.180,0.6188,0.6238,30.0,0.621,10.0,3752.0,56.0
2021-01-05 09:33:11.580,0.6188,0.6236,10.0,0.621,10.0,3752.0,56.0
2021-01-05 09:33:12.181,0.6188,0.6238,20.0,0.621,10.0,3752.0,56.0
2021-01-05 09:33:12.650,0.6188,0.6238,20.0,0.621,10.0,3752.0,56.0
2021-01-05 09:33:13.100,0.6188,0.6238,20.0,0.6212,10.0,3752.0,56.0
2021-01-05 09:33:13.691,0.621,0.6249,30.0,0.6206,30.0,3752.0,66.0
2021-01-05 09:33:14.110,0.621,0.6245,10.0,0.6211,20.0,3752.0,66.0
2021-01-05 09:33:14.600,0.621,0.6243,10.0,0.6206,30.0,3752.0,66.0
2021-01-05 09:33:15.140,0.621,0.6247,10.0,0.6206,20.0,3752.0,66.0
2021-01-05 09:33:15.651,0.621,0.6236,10.0,0.6206,20.0,3752.0,66.0
2021-01-05 09:33:16.181,0.621,0.6234,10.0,0.6201,20.0,3752.0,66.0
2021-01-05 09:33:16.671,0.621,0.623,10.0,0.6201,20.0,3752.0,66.0
2021-01-05 09:33:17.190,0.621,0.6229,10.0,0.6194,20.0,3752.0,66.0
2021-01-05 09:33:17.691,0.621,0.6227,10.0,0.6194,20.0,3752.0,66.0
2021-01-05 09:33:18.160,0.621,0.6225,10.0,0.6194,20.0,3752.0,66.0
2021-01-05 09:33:18.680,0.621,0.6228,10.0,0.6194,20.0,3752.0,66.0
2021-01-05 09:33:19.191,0.621,0.6225,30.0,0.6189,20.0,3752.0,66.0
2021-01-05 09:33:19.660,0.621,0.6224,10.0,0.6189,20.0,3752.0,66.0
2021-01-05 09:33:20.171,0.621,0.6222,10.0,0.6189,20.0,3752.0,66.0
2021-01-05 09:33:20.680,0.621,0.6225,30.0,0.6186,10.0,3752.0,66.0
2021-01-05 09:33:21.160,0.621,0.6221,10.0,0.6182,10.0,3752.0,66.0
2021-01-05 09:33:21.681,0.621,0.6225,30.0,0.6186,20.0,3752.0,66.0
2021-01-05 09:33:22.150,0.621,0.6223,10.0,0.6186,20.0,3752.0,66.0
2021-01-05 09:33:22.670,0.621,0.6217,10.0,0.618,10.0,3752.0,66.0
2021-01-05 09:33:23.051,0.621,0.6215,10.0,0.6178,10.0,3752.0,66.0
2021-01-05 09:33:23.641,0.621,0.6217,30.0,0.618,10.0,3752.0,66.0
2021-01-05 09:33:24.171,0.621,0.6217,20.0,0.6181,14.0,3752.0,66.0
2021-01-05 09:33:24.651,0.621,0.6224,10.0,0.6187,10.0,3752.0,66.0
2021-01-05 09:33:24.661,0.621,0.6224,10.0,0.6187,30.0,3752.0,66.0
2021-01-05 09:33:25.541,0.621,0.6225,20.0,0.6189,10.0,3752.0,66.0
2021-01-05 09:33:26.161,0.621,0.6225,20.0,0.6191,10.0,3752.0,66.0
2021-01-05 09:33:26.620,0.621,0.6225,20.0,0.6193,10.0,3752.0,66.0
2021-01-05 09:33:27.171,0.621,0.6222,10.0,0.6187,20.0,3752.0,66.0
2021-01-05 09:33:27.371,0.621,0.6225,20.0,0.6196,10.0,3752.0,66.0
2021-01-05 09:33:28.180,0.621,0.6225,20.0,0.6193,20.0,3752.0,66.0
2021-01-05 09:33:28.670,0.621,0.6222,10.0,0.6193,20.0,3752.0,66.0
2021-01-05 09:33:29.171,0.621,0.6222,10.0,0.6187,20.0,3752.0,66.0
2021-01-05 09:33:30.180,0.621,0.6225,20.0,0.6187,20.0,3752.0,66.0
2021-01-05 09:33:30.670,0.621,0.6225,20.0,0.6188,10.0,3752.0,66.0
2021-01-05 09:33:31.131,0.621,0.6225,20.0,0.619,10.0,3752.0,66.0
2021-01-05 09:33:31.680,0.621,0.6225,20.0,0.6187,20.0,3752.0,66.0
2021-01-05 09:33:32.620,0.621,0.6225,20.0,0.6189,10.0,3752.0,66.0
2021-01-05 09:33:33.680,0.621,0.6225,20.0,0.6187,20.0,3752.0,66.0
2021-01-05 09:33:34.070,0.621,0.6225,20.0,0.6187,20.0,3752.0,66.0
2021-01-05 09:33:34.671,0.621,0.6225,20.0,0.6189,10.0,3752.0,66.0
2021-01-05 09:33:36.681,0.621,0.6224,10.0,0.6187,20.0,3752.0,66.0
2021-01-05 09:33:37.190,0.621,0.6221,10.0,0.6187,20.0,3752.0,66.0
2021-01-05 09:33:37.640,0.621,0.6217,10.0,0.6182,20.0,3752.0,66.0
2021-01-05 09:33:38.621,0.621,0.6217,30.0,0.6182,20.0,3752.0,66.0
2021-01-05 09:33:39.201,0.621,0.6217,20.0,0.6182,20.0,3752.0,66.0
2021-01-05 09:33:39.641,0.621,0.6217,20.0,0.6182,30.0,3752.0,66.0
2021-01-05 09:33:40.160,0.621,0.6217,20.0,0.6187,10.0,3752.0,66.0
2021-01-05 09:33:40.690,0.621,0.6225,20.0,0.6182,20.0,3752.0,66.0
2021-01-05 09:33:41.161,0.621,0.6225,20.0,0.6188,10.0,3752.0,66.0
2021-01-05 09:33:41.691,0.621,0.6225,20.0,0.6183,4.0,3752.0,66.0
2021-01-05 09:33:42.160,0.621,0.6225,20.0,0.6194,10.0,3752.0,66.0
2021-01-05 09:33:42.640,0.621,0.6225,20.0,0.6196,10.0,3752.0,66.0
2021-01-05 09:33:43.180,0.621,0.6225,20.0,0.6196,30.0,3752.0,66.0
2021-01-05 09:33:43.180,0.621,0.6225,20.0,0.6201,10.0,3752.0,66.0
2021-01-05 09:33:43.921,0.621,0.6238,20.0,0.6201,20.0,3752.0,66.0
2021-01-05 09:33:44.671,0.621,0.6238,20.0,0.6198,4.0,3752.0,66.0
2021-01-05 09:33:45.660,0.621,0.6236,10.0,0.6198,4.0,3752.0,66.0
2021-01-05 09:33:46.100,0.621,0.6238,30.0,0.6201,10.0,3752.0,66.0
2021-01-05 09:33:46.680,0.621,0.6238,20.0,0.6204,14.0,3752.0,66.0
2021-01-05 09:33:47.191,0.621,0.6238,20.0,0.6207,10.0,3752.0,66.0
2021-01-05 09:33:47.681,0.621,0.6238,20.0,0.6209,10.0,3752.0,66.0
2021-01-05 09:33:48.171,0.621,0.6238,20.0,0.6209,30.0,3752.0,66.0
2021-01-05 09:33:48.680,0.621,0.6238,20.0,0.6209,20.0,3752.0,66.0
2021-01-05 09:33:49.051,0.621,0.6238,20.0,0.6211,10.0,3752.0,66.0
2021-01-05 09:33:49.681,0.621,0.6238,20.0,0.6211,10.0,3752.0,66.0
2021-01-05 09:33:50.040,0.621,0.6247,20.0,0.6213,10.0,3752.0,66.0
2021-01-05 09:33:50.570,0.621,0.6247,20.0,0.6213,10.0,3752.0,66.0
2021-01-05 09:33:51.141,0.621,0.6247,20.0,0.6212,4.0,3752.0,66.0
2021-01-05 09:33:51.571,0.621,0.6247,30.0,0.621,10.0,3752.0,66.0
2021-01-05 09:33:52.190,0.621,0.6247,20.0,0.6212,10.0,3752.0,66.0
2021-01-05 09:33:52.591,0.621,0.6247,20.0,0.621,10.0,3752.0,66.0
2021-01-05 09:33:53.171,0.621,0.6247,20.0,0.6214,10.0,3752.0,66.0
2021-01-05 09:33:53.650,0.621,0.6246,10.0,0.6209,20.0,3752.0,66.0
2021-01-05 09:33:54.180,0.621,0.6247,20.0,0.6214,20.0,3752.0,66.0
2021-01-05 09:33:54.610,0.621,0.6247,20.0,0.6209,20.0,3752.0,66.0
2021-01-05 09:33:55.181,0.621,0.6247,20.0,0.6209,20.0,3752.0,66.0
2021-01-05 09:33:55.650,0.621,0.6247,20.0,0.6216,10.0,3752.0,66.0
2021-01-05 09:33:56.120,0.621,0.6247,20.0,0.6212,10.0,3752.0,66.0
2021-01-05 09:33:56.651,0.621,0.6247,20.0,0.6215,20.0,3752.0,66.0
2021-01-05 09:33:57.171,0.621,0.6247,20.0,0.6215,20.0,3752.0,66.0
2021-01-05 09:33:57.671,0.621,0.6247,20.0,0.622,10.0,3752.0,66.0
2021-01-05 09:33:58.170,0.621,0.6247,20.0,0.6223,10.0,3752.0,66.0
2021-01-05 09:33:58.670,0.621,0.6247,20.0,0.6224,10.0,3752.0,66.0
2021-01-05 09:33:59.140,0.621,0.6258,20.0,0.6229,10.0,3752.0,66.0
2021-01-05 09:33:59.690,0.621,0.6266,30.0,0.6229,30.0,3752.0,66.0
2021-01-05 09:34:00.191,0.621,0.6266,30.0,0.6233,10.0,3752.0,66.0
2021-01-05 09:34:00.671,0.621,0.6266,30.0,0.6239,10.0,3752.0,66.0
2021-01-05 09:34:01.081,0.621,0.6266,30.0,0.6239,30.0,3752.0,66.0
2021-01-05 09:34:01.661,0.621,0.6266,30.0,0.6239,20.0,3752.0,66.0
2021-01-05 09:34:02.170,0.621,0.6264,10.0,0.6239,20.0,3752.0,66.0
2021-01-05 09:34:02.671,0.621,0.6266,30.0,0.6229,30.0,3752.0,66.0
2021-01-05 09:34:03.171,0.621,0.6266,30.0,0.6231,10.0,3752.0,66.0
2021-01-05 09:34:04.120,0.621,0.6266,30.0,0.6235,10.0,3752.0,66.0
2021-01-05 09:34:04.671,0.621,0.6266,30.0,0.6233,10.0,3752.0,66.0
2021-01-05 09:34:05.121,0.621,0.6266,30.0,0.6238,10.0,3752.0,66.0
2021-01-05 09:34:05.630,0.621,0.6266,30.0,0.6238,10.0,3752.0,66.0
2021-01-05 09:34:06.191,0.621,0.6266,20.0,0.6238,20.0,3752.0,66.0
2021-01-05 09:34:06.661,0.621,0.6277,30.0,0.6243,10.0,3752.0,66.0
2021-01-05 09:34:07.130,0.621,0.6277,30.0,0.6243,20.0,3752.0,66.0
2021-01-05 09:34:07.311,0.621,0.6277,30.0,0.6243,20.0,3752.0,66.0
2021-01-05 09:34:08.171,0.621,0.6277,20.0,0.6251,10.0,3752.0,66.0
2021-01-05 09:34:08.690,0.621,0.6283,20.0,0.6251,30.0,3752.0,66.0
2021-01-05 09:34:09.170,0.621,0.6286,10.0,0.6251,20.0,3752.0,66.0
2021-01-05 09:34:09.670,0.621,0.6285,10.0,0.6251,20.0,3752.0,66.0
2021-01-05 09:34:10.140,0.621,0.6283,10.0,0.6246,10.0,3752.0,66.0
2021-01-05 09:34:10.690,0.621,0.6278,10.0,0.6243,20.0,3752.0,66.0
2021-01-05 09:34:11.151,0.621,0.6274,10.0,0.6238,10.0,3752.0,66.0
2021-01-05 09:34:11.681,0.621,0.6268,10.0,0.6235,20.0,3752.0,66.0
2021-01-05 09:34:12.121,0.621,0.6268,10.0,0.6235,20.0,3752.0,66.0
2021-01-05 09:34:12.621,0.621,0.6268,20.0,0.6239,10.0,3752.0,66.0
2021-01-05 09:34:13.191,0.621,0.6274,10.0,0.6239,20.0,3752.0,66.0
2021-01-05 09:34:13.500,0.621,0.6268,10.0,0.6239,20.0,3752.0,66.0
2021-01-05 09:34:14.181,0.621,0.6265,10.0,0.6229,20.0,3752.0,66.0
2021-01-05 09:34:14.691,0.621,0.6238,10.0,0.6224,20.0,3752.0,66.0
2021-01-05 09:34:15.181,0.621,0.6238,10.0,0.6219,20.0,3752.0,66.0
2021-01-05 09:34:15.681,0.621,0.6244,20.0,0.622,10.0,3752.0,66.0
2021-01-05 09:34:16.190,0.621,0.6244,20.0,0.6226,10.0,3752.0,66.0
2021-01-05 09:34:16.630,0.621,0.6257,20.0,0.6244,1.0,3752.0,66.0
2021-01-05 09:34:17.070,0.6244,0.6265,10.0,0.6237,20.0,3753.0,67.0
2021-01-05 09:34:17.690,0.6244,0.6266,10.0,0.6237,20.0,3753.0,67.0
2021-01-05 09:34:18.201,0.6244,0.6268,20.0,0.6241,10.0,3753.0,67.0
2021-01-05 09:34:18.620,0.6244,0.6276,10.0,0.6237,20.0,3753.0,67.0
2021-01-05 09:34:19.041,0.6244,0.6277,40.0,0.6241,10.0,3753.0,67.0
2021-01-05 09:34:19.700,0.6244,0.627,10.0,0.6237,20.0,3753.0,67.0
2021-01-05 09:34:20.180,0.6244,0.627,20.0,0.6241,10.0,3753.0,67.0
2021-01-05 09:34:20.651,0.6244,0.627,20.0,0.6238,10.0,3753.0,67.0
2021-01-05 09:34:21.200,0.6244,0.6277,40.0,0.6241,10.0,3753.0,67.0
2021-01-05 09:34:21.690,0.6244,0.6277,40.0,0.6245,10.0,3753.0,67.0
2021-01-05 09:34:22.151,0.6244,0.6277,40.0,0.6245,30.0,3753.0,67.0
2021-01-05 09:34:22.651,0.6244,0.6277,40.0,0.6245,20.0,3753.0,67.0
2021-01-05 09:34:23.181,0.6244,0.6277,40.0,0.6245,20.0,3753.0,67.0
2021-01-05 09:34:23.661,0.6244,0.6277,40.0,0.6245,20.0,3753.0,67.0
2021-01-05 09:34:24.170,0.6244,0.6277,40.0,0.6245,20.0,3753.0,67.0
2021-01-05 09:34:25.150,0.6244,0.6277,30.0,0.6246,10.0,3753.0,67.0
2021-01-05 09:34:25.671,0.6244,0.6277,30.0,0.6245,20.0,3753.0,67.0
2021-01-05 09:34:26.641,0.6244,0.6277,30.0,0.6246,10.0,3753.0,67.0
2021-01-05 09:34:27.150,0.6244,0.6277,30.0,0.6245,20.0,3753.0,67.0
2021-01-05 09:34:28.120,0.6244,0.6277,30.0,0.6245,20.0,3753.0,67.0
2021-01-05 09:34:28.621,0.6244,0.6277,30.0,0.6246,10.0,3753.0,67.0
2021-01-05 09:34:29.101,0.6244,0.6277,30.0,0.6245,20.0,3753.0,67.0
2021-01-05 09:34:30.621,0.6244,0.6277,40.0,0.6245,20.0,3753.0,67.0
2021-01-05 09:34:31.190,0.6244,0.6277,30.0,0.6242,10.0,3753.0,67.0
2021-01-05 09:34:31.520,0.6244,0.6277,30.0,0.6245,4.0,3753.0,67.0
2021-01-05 09:34:33.691,0.6244,0.6277,20.0,0.6245,4.0,3753.0,67.0
2021-01-05 09:34:34.171,0.6244,0.6287,30.0,0.6245,4.0,3753.0,67.0
2021-01-05 09:34:34.640,0.6244,0.6287,30.0,0.6245,4.0,3753.0,67.0
2021-01-05 09:34:35.691,0.6244,0.6287,20.0,0.6247,10.0,3753.0,67.0
2021-01-05 09:34:36.171,0.6244,0.6287,20.0,0.6262,4.0,3753.0,67.0
2021-01-05 09:34:36.680,0.6244,0.6293,30.0,0.6262,4.0,3753.0,67.0
2021-01-05 09:34:37.700,0.6244,0.6293,20.0,0.6262,4.0,3753.0,67.0
2021-01-05 09:34:38.171,0.6244,0.6298,30.0,0.6262,4.0,3753.0,67.0
2021-01-05 09:34:38.690,0.6244,0.6298,20.0,0.6262,4.0,3753.0,67.0
2021-01-05 09:34:39.091,0.6244,0.6298,20.0,0.6262,4.0,3753.0,67.0
2021-01-05 09:34:40.171,0.6244,0.6298,20.0,0.6262,4.0,3753.0,67.0
2021-01-05 09:34:41.201,0.6244,0.6304,30.0,0.6262,4.0,3753.0,67.0
2021-01-05 09:34:42.680,0.6244,0.6304,20.0,0.6279,10.0,3753.0,67.0
2021-01-05 09:34:43.191,0.6244,0.6313,20.0,0.6276,20.0,3753.0,67.0
2021-01-05 09:34:43.660,0.6244,0.631,10.0,0.6275,10.0,3753.0,67.0
2021-01-05 09:34:44.151,0.6244,0.631,10.0,0.6275,10.0,3753.0,67.0
2021-01-05 09:34:44.701,0.6244,0.6308,10.0,0.6274,20.0,3753.0,67.0
2021-01-05 09:34:45.200,0.6244,0.6312,10.0,0.6277,10.0,3753.0,67.0
2021-01-05 09:34:45.200,0.6244,0.6308,20.0,0.6277,10.0,3753.0,67.0
2021-01-05 09:34:46.140,0.6244,0.6313,20.0,0.628,10.0,3753.0,67.0
2021-01-05 09:34:46.660,0.6244,0.6312,10.0,0.6279,20.0,3753.0,67.0
2021-01-05 09:34:47.181,0.6244,0.6312,10.0,0.6277,10.0,3753.0,67.0
2021-01-05 09:34:47.701,0.6244,0.6313,20.0,0.6281,10.0,3753.0,67.0
2021-01-05 09:34:48.141,0.6244,0.6313,20.0,0.628,30.0,3753.0,67.0
2021-01-05 09:34:49.210,0.6244,0.6313,30.0,0.628,20.0,3753.0,67.0
2021-01-05 09:34:49.701,0.6244,0.6308,10.0,0.6274,30.0,3753.0,67.0
2021-01-05 09:34:50.161,0.6244,0.6303,10.0,0.6274,20.0,3753.0,67.0
2021-01-05 09:34:50.700,0.6244,0.6303,30.0,0.6269,30.0,3753.0,67.0
2021-01-05 09:34:51.200,0.6244,0.6303,20.0,0.6274,10.0,3753.0,67.0
2021-01-05 09:34:51.651,0.6244,0.6301,10.0,0.6271,4.0,3753.0,67.0
2021-01-05 09:34:52.101,0.6244,0.6301,20.0,0.6271,14.0,3753.0,67.0
2021-01-05 09:34:52.650,0.6244,0.6301,10.0,0.6271,4.0,3753.0,67.0
2021-01-05 09:34:53.180,0.6244,0.6301,20.0,0.6273,10.0,3753.0,67.0
2021-01-05 09:34:53.651,0.6244,0.6308,20.0,0.6281,10.0,3753.0,67.0
2021-01-05 09:34:54.170,0.6244,0.6308,20.0,0.6281,20.0,3753.0,67.0
2021-01-05 09:34:54.631,0.6244,0.6308,20.0,0.6287,10.0,3753.0,67.0
2021-01-05 09:34:55.161,0.6244,0.6314,20.0,0.6297,10.0,3753.0,67.0
2021-01-05 09:34:55.591,0.6244,0.6329,30.0,0.6297,10.0,3753.0,67.0
2021-01-05 09:34:56.141,0.6244,0.6329,30.0,0.6299,10.0,3753.0,67.0
2021-01-05 09:34:56.681,0.6244,0.6334,20.0,0.6305,10.0,3753.0,67.0
2021-01-05 09:34:58.160,0.6244,0.6339,30.0,0.6305,10.0,3753.0,67.0
2021-01-05 09:34:58.640,0.6244,0.6336,10.0,0.6303,20.0,3753.0,67.0
2021-01-05 09:34:59.170,0.6244,0.6339,20.0,0.6306,10.0,3753.0,67.0
2021-01-05 09:35:00.160,0.6244,0.6339,20.0,0.6307,10.0,3753.0,67.0
2021-01-05 09:35:00.630,0.6244,0.6339,20.0,0.631,10.0,3753.0,67.0
2021-01-05 09:35:01.080,0.6244,0.6339,20.0,0.6308,30.0,3753.0,67.0
2021-01-05 09:35:01.620,0.6244,0.6336,10.0,0.6303,20.0,3753.0,67.0
2021-01-05 09:35:02.680,0.6244,0.6333,10.0,0.6299,10.0,3753.0,67.0
2021-01-05 09:35:03.180,0.6244,0.6326,10.0,0.6294,20.0,3753.0,67.0
2021-01-05 09:35:03.660,0.6244,0.6319,10.0,0.6288,20.0,3753.0,67.0
2021-01-05 09:35:04.061,0.6244,0.6319,20.0,0.6298,10.0,3753.0,67.0
2021-01-05 09:35:05.180,0.6244,0.6327,20.0,0.6295,10.0,3753.0,67.0
2021-01-05 09:35:05.671,0.6244,0.6327,20.0,0.6295,30.0,3753.0,67.0
2021-01-05 09:35:06.680,0.6244,0.6327,20.0,0.6304,10.0,3753.0,67.0
2021-01-05 09:35:07.131,0.6244,0.6339,30.0,0.6304,30.0,3753.0,67.0
2021-01-05 09:35:07.650,0.6244,0.6336,10.0,0.6309,10.0,3753.0,67.0
2021-01-05 09:35:08.171,0.6244,0.6336,10.0,0.6315,10.0,3753.0,67.0
2021-01-05 09:35:09.191,0.6244,0.6345,10.0,0.6323,10.0,3753.0,67.0
2021-01-05 09:35:09.700,0.6244,0.6348,20.0,0.6323,30.0,3753.0,67.0
2021-01-05 09:35:10.180,0.6244,0.6354,30.0,0.6323,30.0,3753.0,67.0
2021-01-05 09:35:10.691,0.6244,0.6354,40.0,0.6323,20.0,3753.0,67.0
2021-01-05 09:35:11.120,0.6244,0.6354,30.0,0.6323,30.0,3753.0,67.0
2021-01-05 09:35:11.671,0.6244,0.6354,30.0,0.6331,10.0,3753.0,67.0
2021-01-05 09:35:12.101,0.6244,0.6354,30.0,0.6327,10.0,3753.0,67.0
2021-01-05 09:35:12.691,0.6244,0.6354,30.0,0.633,20.0,3753.0,67.0
2021-01-05 09:35:13.160,0.6244,0.635,10.0,0.6323,20.0,3753.0,67.0
2021-01-05 09:35:13.371,0.6244,0.634,10.0,0.6307,20.0,3753.0,67.0
2021-01-05 09:35:14.191,0.6244,0.6335,20.0,0.6307,20.0,3753.0,67.0
2021-01-05 09:35:14.691,0.6244,0.6335,30.0,0.6298,20.0,3753.0,67.0
2021-01-05 09:35:15.171,0.6244,0.6327,10.0,0.6295,10.0,3753.0,67.0
2021-01-05 09:35:15.451,0.6244,0.6327,30.0,0.6305,10.0,3753.0,67.0
2021-01-05 09:35:16.141,0.6244,0.6327,20.0,0.6307,10.0,3753.0,67.0
2021-01-05 09:35:16.201,0.6244,0.6333,10.0,0.6301,20.0,3753.0,67.0
2021-01-05 09:35:17.680,0.6244,0.6333,10.0,0.6301,20.0,3753.0,67.0
2021-01-05 09:35:18.170,0.6244,0.6333,10.0,0.6299,10.0,3753.0,67.0
2021-01-05 09:35:18.641,0.6244,0.6324,10.0,0.6293,20.0,3753.0,67.0
2021-01-05 09:35:19.180,0.6244,0.6324,30.0,0.6293,20.0,3753.0,67.0
2021-01-05 09:35:19.271,0.6244,0.6324,30.0,0.6293,20.0,3753.0,67.0
2021-01-05 09:35:20.690,0.6244,0.6321,5.0,0.6294,10.0,3753.0,67.0
2021-01-05 09:35:21.180,0.6244,0.6321,5.0,0.6298,10.0,3753.0,67.0
2021-01-05 09:35:21.620,0.6244,0.6321,5.0,0.631,10.0,3753.0,67.0
2021-01-05 09:35:22.171,0.6244,0.6321,5.0,0.631,20.0,3753.0,67.0
2021-01-05 09:35:22.171,0.6244,0.6321,5.0,0.631,20.0,3753.0,67.0
2021-01-05 09:35:23.130,0.6244,0.6321,5.0,0.6307,10.0,3753.0,67.0
2021-01-05 09:35:23.680,0.6244,0.6321,5.0,0.6309,10.0,3753.0,67.0
2021-01-05 09:35:24.171,0.6244,0.6321,5.0,0.6307,20.0,3753.0,67.0
2021-01-05 09:35:24.671,0.6244,0.6321,5.0,0.6307,10.0,3753.0,67.0
2021-01-05 09:35:24.671,0.6244,0.6321,5.0,0.6309,10.0,3753.0,67.0
2021-01-05 09:35:25.660,0.6244,0.6321,5.0,0.6311,10.0,3753.0,67.0
2021-01-05 09:35:26.171,0.6244,0.6321,5.0,0.6311,10.0,3753.0,67.0
2021-01-05 09:35:26.651,0.6321,0.6323,25.0,0.6311,10.0,3753.0,72.0
2021-01-05 09:35:27.120,0.6321,0.6323,25.0,0.6321,5.0,3753.0,72.0
2021-01-05 09:35:27.631,0.6321,0.6323,25.0,0.6321,3.0,3753.0,74.0
2021-01-05 09:35:28.131,0.6321,0.6323,25.0,0.6321,3.0,3753.0,74.0
2021-01-05 09:35:28.680,0.6321,0.6323,25.0,0.6321,1.0,3753.0,76.0
2021-01-05 09:35:29.160,0.6321,0.6323,25.0,0.6307,20.0,3753.0,77.0
2021-01-05 09:35:29.641,0.6321,0.6323,25.0,0.6307,20.0,3753.0,77.0
2021-01-05 09:35:30.121,0.6321,0.6323,25.0,0.6313,10.0,3753.0,77.0
2021-01-05 09:35:30.690,0.6321,0.6323,25.0,0.6313,10.0,3753.0,77.0
2021-01-05 09:35:31.170,0.6321,0.6323,25.0,0.6312,30.0,3753.0,77.0
2021-01-05 09:35:31.700,0.6321,0.6323,25.0,0.6312,20.0,3753.0,77.0
2021-01-05 09:35:32.150,0.6321,0.6323,25.0,0.6313,10.0,3753.0,77.0
2021-01-05 09:35:32.630,0.6321,0.6323,25.0,0.6313,20.0,3753.0,77.0
2021-01-05 09:35:33.191,0.6323,0.6344,30.0,0.6323,1.0,3728.0,102.0
2021-01-05 09:35:33.650,0.6323,0.6344,30.0,0.6318,20.0,3728.0,102.0
2021-01-05 09:35:34.180,0.6323,0.6344,30.0,0.6319,10.0,3728.0,102.0
2021-01-05 09:35:34.691,0.6323,0.6344,30.0,0.632,10.0,3728.0,102.0
2021-01-05 09:35:35.200,0.6323,0.6344,30.0,0.6322,10.0,3728.0,102.0
2021-01-05 09:35:35.600,0.6323,0.635,20.0,0.6326,10.0,3728.0,102.0
2021-01-05 09:35:36.180,0.6323,0.6345,5.0,0.6326,10.0,3728.0,102.0
2021-01-05 09:35:36.581,0.6323,0.6345,5.0,0.6326,30.0,3728.0,102.0
2021-01-05 09:35:37.171,0.6323,0.6345,5.0,0.6326,30.0,3728.0,102.0
2021-01-05 09:35:37.640,0.6323,0.6345,5.0,0.6326,30.0,3728.0,102.0
2021-01-05 09:35:38.190,0.6323,0.6345,5.0,0.6326,30.0,3728.0,102.0
2021-01-05 09:35:38.651,0.6323,0.6345,5.0,0.6326,20.0,3728.0,102.0
2021-01-05 09:35:39.140,0.6323,0.6345,25.0,0.6326,20.0,3728.0,102.0
2021-01-05 09:35:39.690,0.6323,0.6345,5.0,0.6319,30.0,3728.0,102.0
2021-01-05 09:35:40.191,0.6323,0.6345,25.0,0.6319,20.0,3728.0,102.0
2021-01-05 09:35:40.950,0.6323,0.6345,25.0,0.6319,20.0,3728.0,102.0
2021-01-05 09:35:41.680,0.6323,0.6345,25.0,0.6319,20.0,3728.0,102.0
2021-01-05 09:35:42.160,0.6323,0.6345,25.0,0.6319,20.0,3728.0,102.0
2021-01-05 09:35:42.670,0.6323,0.6345,25.0,0.6322,10.0,3728.0,102.0
2021-01-05 09:35:43.190,0.6323,0.6345,25.0,0.6325,10.0,3728.0,102.0
2021-01-05 09:35:43.661,0.6323,0.6345,25.0,0.6325,20.0,3728.0,102.0
2021-01-05 09:35:44.101,0.6323,0.6345,25.0,0.6326,10.0,3728.0,102.0
2021-01-05 09:35:45.071,0.6323,0.6345,5.0,0.633,10.0,3728.0,102.0
2021-01-05 09:35:45.340,0.6345,0.6355,20.0,0.6334,10.0,3728.0,107.0
2021-01-05 09:35:46.141,0.6345,0.636,20.0,0.6334,30.0,3728.0,107.0
2021-01-05 09:35:46.170,0.6345,0.6363,5.0,0.634,10.0,3728.0,107.0
2021-01-05 09:35:47.201,0.6345,0.6363,5.0,0.634,20.0,3728.0,107.0
2021-01-05 09:35:48.181,0.6345,0.6363,5.0,0.6345,10.0,3728.0,107.0
2021-01-05 09:35:48.700,0.6345,0.6363,5.0,0.634,20.0,3728.0,107.0
2021-01-05 09:35:49.190,0.6345,0.6363,5.0,0.6342,10.0,3728.0,107.0
2021-01-05 09:35:50.150,0.6345,0.6363,5.0,0.6344,10.0,3728.0,107.0
2021-01-05 09:35:50.680,0.6345,0.6363,5.0,0.6341,10.0,3728.0,107.0
2021-01-05 09:35:51.710,0.6345,0.6363,5.0,0.634,20.0,3728.0,107.0
2021-01-05 09:35:52.661,0.634,0.6363,5.0,0.634,20.0,3728.0,112.0
2021-01-05 09:35:54.161,0.634,0.6363,5.0,0.634,20.0,3728.0,112.0
2021-01-05 09:35:54.640,0.634,0.6362,10.0,0.6334,20.0,3728.0,112.0
2021-01-05 09:35:55.151,0.634,0.6353,10.0,0.6319,10.0,3728.0,112.0
2021-01-05 09:35:55.691,0.634,0.6353,30.0,0.6321,4.0,3728.0,112.0
2021-01-05 09:35:56.690,0.634,0.6353,20.0,0.6322,10.0,3728.0,112.0
2021-01-05 09:35:57.060,0.634,0.6353,20.0,0.6325,4.0,3728.0,112.0
2021-01-05 09:35:57.681,0.634,0.6353,20.0,0.6325,24.0,3728.0,112.0
2021-01-05 09:35:58.150,0.634,0.6353,20.0,0.6325,24.0,3728.0,112.0
2021-01-05 09:35:59.160,0.634,0.6353,20.0,0.6328,10.0,3728.0,112.0
2021-01-05 09:36:00.201,0.634,0.6353,20.0,0.6338,10.0,3728.0,112.0
2021-01-05 09:36:00.680,0.634,0.6362,20.0,0.6338,20.0,3728.0,112.0
2021-01-05 09:36:01.671,0.634,0.6362,20.0,0.6338,20.0,3728.0,112.0
2021-01-05 09:36:02.170,0.634,0.6362,20.0,0.6338,20.0,3728.0,112.0
2021-01-05 09:36:02.701,0.634,0.6359,10.0,0.6331,20.0,3728.0,112.0
2021-01-05 09:36:03.150,0.634,0.6354,10.0,0.6326,20.0,3728.0,112.0
2021-01-05 09:36:03.240,0.634,0.6354,30.0,0.632,30.0,3728.0,112.0
2021-01-05 09:36:04.201,0.634,0.6352,10.0,0.632,20.0,3728.0,112.0
2021-01-05 09:36:04.670,0.634,0.6354,20.0,0.6323,4.0,3728.0,112.0
2021-01-05 09:36:05.150,0.634,0.6354,20.0,0.6324,10.0,3728.0,112.0
2021-01-05 09:36:05.690,0.634,0.6354,20.0,0.6328,10.0,3728.0,112.0
2021-01-05 09:36:06.691,0.634,0.6354,20.0,0.6327,20.0,3728.0,112.0
2021-01-05 09:36:09.691,0.634,0.6353,10.0,0.632,20.0,3728.0,112.0
2021-01-05 09:36:10.151,0.634,0.6349,10.0,0.632,20.0,3728.0,112.0
2021-01-05 09:36:10.510,0.634,0.6345,10.0,0.632,20.0,3728.0,112.0
2021-01-05 09:36:11.180,0.634,0.6345,30.0,0.6315,20.0,3728.0,112.0
2021-01-05 09:36:11.651,0.634,0.6345,30.0,0.6318,10.0,3728.0,112.0
2021-01-05 09:36:12.181,0.634,0.6345,30.0,0.6321,4.0,3728.0,112.0
2021-01-05 09:36:13.190,0.634,0.6345,30.0,0.6322,5.0,3728.0,112.0
2021-01-05 09:36:13.680,0.634,0.6344,4.0,0.6321,24.0,3728.0,112.0
2021-01-05 09:36:15.170,0.634,0.6343,5.0,0.6321,24.0,3728.0,112.0
2021-01-05 09:36:15.591,0.634,0.6343,5.0,0.6321,20.0,3728.0,112.0
2021-01-05 09:36:16.150,0.634,0.6342,5.0,0.6321,20.0,3728.0,112.0
2021-01-05 09:36:17.180,0.634,0.6342,5.0,0.6321,20.0,3728.0,112.0
2021-01-05 09:36:18.181,0.634,0.6341,5.0,0.6321,20.0,3728.0,112.0
2021-01-05 09:36:18.651,0.634,0.6341,10.0,0.6315,20.0,3728.0,112.0
2021-01-05 09:36:18.761,0.634,0.6341,10.0,0.6317,14.0,3728.0,112.0
2021-01-05 09:36:20.161,0.634,0.6341,10.0,0.6317,4.0,3728.0,112.0
2021-01-05 09:36:20.680,0.634,0.6345,30.0,0.6317,4.0,3728.0,112.0
2021-01-05 09:36:21.091,0.634,0.634,8.0,0.6315,20.0,3728.0,112.0
2021-01-05 09:36:22.150,0.634,0.634,28.0,0.631,30.0,3728.0,112.0
2021-01-05 09:36:22.680,0.634,0.634,28.0,0.6312,10.0,3728.0,112.0
2021-01-05 09:36:23.191,0.634,0.634,20.0,0.6312,10.0,3728.0,112.0
2021-01-05 09:36:23.681,0.634,0.634,20.0,0.6317,10.0,3728.0,112.0
2021-01-05 09:36:24.150,0.634,0.6345,30.0,0.6316,4.0,3728.0,112.0
2021-01-05 09:36:24.651,0.634,0.6345,30.0,0.632,10.0,3728.0,112.0
2021-01-05 09:36:25.191,0.634,0.6345,30.0,0.6324,10.0,3728.0,112.0
2021-01-05 09:36:25.650,0.634,0.6345,30.0,0.6321,4.0,3728.0,112.0
2021-01-05 09:36:26.171,0.634,0.6344,10.0,0.6323,20.0,3728.0,112.0
2021-01-05 09:36:26.651,0.634,0.6345,30.0,0.6327,10.0,3728.0,112.0
2021-01-05 09:36:27.070,0.634,0.635,20.0,0.6325,4.0,3728.0,112.0
2021-01-05 09:36:27.160,0.634,0.635,20.0,0.6327,10.0,3728.0,112.0
2021-01-05 09:36:28.040,0.634,0.6356,30.0,0.6332,10.0,3728.0,112.0
2021-01-05 09:36:28.681,0.634,0.6362,20.0,0.6336,10.0,3728.0,112.0
2021-01-05 09:36:29.171,0.634,0.6362,20.0,0.6341,10.0,3728.0,112.0
2021-01-05 09:36:29.590,0.634,0.6362,20.0,0.6337,4.0,3728.0,112.0
2021-01-05 09:36:30.161,0.634,0.6361,10.0,0.6342,10.0,3728.0,112.0
2021-01-05 09:36:30.700,0.634,0.6361,10.0,0.6343,10.0,3728.0,112.0
2021-01-05 09:36:32.130,0.634,0.6361,10.0,0.6341,30.0,3728.0,112.0
2021-01-05 09:36:32.660,0.634,0.6362,20.0,0.6341,30.0,3728.0,112.0
2021-01-05 09:36:33.200,0.634,0.636,10.0,0.6337,4.0,3728.0,112.0
2021-01-05 09:36:33.670,0.634,0.636,10.0,0.6337,14.0,3728.0,112.0
2021-01-05 09:36:34.091,0.634,0.636,10.0,0.6337,34.0,3728.0,112.0
2021-01-05 09:36:34.971,0.634,0.6362,20.0,0.6335,10.0,3728.0,112.0
2021-01-05 09:36:35.701,0.634,0.6359,10.0,0.6335,10.0,3728.0,112.0
2021-01-05 09:36:36.191,0.634,0.6359,10.0,0.634,10.0,3728.0,112.0
2021-01-05 09:36:36.191,0.634,0.6362,20.0,0.6346,10.0,3728.0,112.0
2021-01-05 09:36:38.041,0.634,0.6362,20.0,0.6346,10.0,3728.0,112.0
2021-01-05 09:36:38.640,0.634,0.6361,10.0,0.6346,10.0,3728.0,112.0
2021-01-05 09:36:39.680,0.634,0.6361,10.0,0.634,20.0,3728.0,112.0
2021-01-05 09:36:40.700,0.634,0.6362,20.0,0.6346,10.0,3728.0,112.0
2021-01-05 09:36:41.201,0.634,0.636,10.0,0.6343,10.0,3728.0,112.0
2021-01-05 09:36:41.641,0.634,0.636,10.0,0.6337,10.0,3728.0,112.0
2021-01-05 09:36:42.200,0.634,0.636,10.0,0.6338,20.0,3728.0,112.0
2021-01-05 09:36:42.690,0.634,0.636,10.0,0.6338,20.0,3728.0,112.0
2021-01-05 09:36:43.111,0.634,0.6362,20.0,0.634,10.0,3728.0,112.0
2021-01-05 09:36:43.700,0.634,0.6362,20.0,0.6343,10.0,3728.0,112.0
2021-01-05 09:36:45.191,0.634,0.6362,20.0,0.6346,10.0,3728.0,112.0
2021-01-05 09:36:45.631,0.634,0.6363,5.0,0.6347,20.0,3728.0,112.0
2021-01-05 09:36:46.190,0.634,0.6363,5.0,0.635,10.0,3728.0,112.0
2021-01-05 09:36:46.190,0.634,0.6363,5.0,0.6353,10.0,3728.0,112.0
2021-01-05 09:36:47.130,0.6363,0.6363,4.0,0.6355,10.0,3729.0,113.0
2021-01-05 09:36:47.660,0.6363,0.6363,4.0,0.6358,10.0,3729.0,113.0
2021-01-05 09:36:48.130,0.6363,0.6378,20.0,0.6358,10.0,3729.0,117.0
2021-01-05 09:36:48.630,0.6363,0.6378,20.0,0.6363,2.0,3729.0,117.0
2021-01-05 09:36:49.031,0.6363,0.6377,10.0,0.6363,2.0,3729.0,117.0
2021-01-05 09:36:49.700,0.6363,0.6377,10.0,0.6356,10.0,3729.0,117.0
2021-01-05 09:36:50.670,0.6363,0.6377,10.0,0.6356,10.0,3729.0,117.0
2021-01-05 09:36:51.171,0.6363,0.6376,10.0,0.6357,10.0,3729.0,117.0
2021-01-05 09:36:52.180,0.6363,0.6378,20.0,0.6359,10.0,3729.0,117.0
2021-01-05 09:36:52.670,0.6363,0.6378,20.0,0.6362,10.0,3729.0,117.0
2021-01-05 09:36:53.191,0.6363,0.639,40.0,0.6362,10.0,3729.0,117.0
2021-01-05 09:36:53.631,0.6363,0.639,40.0,0.6366,10.0,3729.0,117.0
2021-01-05 09:36:54.180,0.6363,0.639,50.0,0.6356,10.0,3729.0,117.0
2021-01-05 09:36:54.631,0.6363,0.6389,10.0,0.6355,20.0,3729.0,117.0
2021-01-05 09:36:55.171,0.6363,0.6389,10.0,0.6359,10.0,3729.0,117.0
2021-01-05 09:36:55.651,0.6363,0.6384,10.0,0.635,10.0,3729.0,117.0
2021-01-05 09:36:56.141,0.6363,0.6381,10.0,0.6351,10.0,3729.0,117.0
2021-01-05 09:36:56.601,0.6363,0.6381,10.0,0.6353,10.0,3729.0,117.0
2021-01-05 09:36:57.171,0.6363,0.6381,10.0,0.6353,30.0,3729.0,117.0
2021-01-05 09:36:57.630,0.6363,0.6381,10.0,0.6353,30.0,3729.0,117.0
2021-01-05 09:36:58.610,0.6363,0.6381,10.0,0.6353,20.0,3729.0,117.0
2021-01-05 09:36:59.081,0.6363,0.6381,10.0,0.6355,10.0,3729.0,117.0
2021-01-05 09:36:59.690,0.6363,0.6381,10.0,0.636,10.0,3729.0,117.0
2021-01-05 09:37:00.160,0.6363,0.6381,10.0,0.636,30.0,3729.0,117.0
2021-01-05 09:37:00.251,0.6363,0.6384,20.0,0.636,30.0,3729.0,117.0
2021-01-05 09:37:01.061,0.6363,0.638,10.0,0.636,30.0,3729.0,117.0
2021-01-05 09:37:01.401,0.6363,0.638,10.0,0.6356,10.0,3729.0,117.0
2021-01-05 09:37:02.191,0.6363,0.638,30.0,0.6355,20.0,3729.0,117.0
2021-01-05 09:37:02.610,0.6363,0.638,30.0,0.6355,20.0,3729.0,117.0
2021-01-05 09:37:03.151,0.6363,0.638,20.0,0.6355,20.0,3729.0,117.0
2021-01-05 09:37:03.630,0.6363,0.6379,10.0,0.6349,20.0,3729.0,117.0
2021-01-05 09:37:04.200,0.6363,0.6375,10.0,0.6341,10.0,3729.0,117.0
2021-01-05 09:37:04.350,0.6363,0.6377,10.0,0.6342,10.0,3729.0,117.0
2021-01-05 09:37:05.140,0.6363,0.6376,10.0,0.6342,10.0,3729.0,117.0
2021-01-05 09:37:05.701,0.6363,0.637,10.0,0.6336,30.0,3729.0,117.0
2021-01-05 09:37:06.000,0.6363,0.637,30.0,0.6336,30.0,3729.0,117.0
2021-01-05 09:37:06.700,0.6363,0.637,30.0,0.6336,30.0,3729.0,117.0
2021-01-05 09:37:07.681,0.6363,0.637,30.0,0.6338,10.0,3729.0,117.0
2021-01-05 09:37:08.200,0.6363,0.637,30.0,0.6336,20.0,3729.0,117.0
2021-01-05 09:37:08.630,0.6363,0.637,10.0,0.6345,10.0,3729.0,117.0
2021-01-05 09:37:09.170,0.6363,0.6379,20.0,0.6348,10.0,3729.0,117.0
2021-01-05 09:37:09.660,0.6363,0.6379,20.0,0.6348,30.0,3729.0,117.0
2021-01-05 09:37:10.121,0.6363,0.6373,10.0,0.6348,20.0,3729.0,117.0
2021-01-05 09:37:10.701,0.6363,0.6369,10.0,0.6335,10.0,3729.0,117.0
2021-01-05 09:37:11.201,0.6363,0.6369,30.0,0.6335,30.0,3729.0,117.0
2021-01-05 09:37:12.620,0.6363,0.6367,10.0,0.6335,20.0,3729.0,117.0
2021-01-05 09:37:13.181,0.6363,0.6365,10.0,0.6335,20.0,3729.0,117.0
2021-01-05 09:37:13.681,0.6363,0.6369,20.0,0.6343,10.0,3729.0,117.0
2021-01-05 09:37:14.651,0.6363,0.6369,20.0,0.6343,30.0,3729.0,117.0
2021-01-05 09:37:15.160,0.6363,0.6369,20.0,0.6351,10.0,3729.0,117.0
2021-01-05 09:37:15.671,0.6363,0.6368,10.0,0.6351,20.0,3729.0,117.0
2021-01-05 09:37:16.190,0.6363,0.6368,10.0,0.6351,20.0,3729.0,117.0
2021-01-05 09:37:16.461,0.6363,0.6368,10.0,0.6343,20.0,3729.0,117.0
2021-01-05 09:37:17.671,0.6363,0.6369,20.0,0.6343,1.0,3729.0,117.0
2021-01-05 09:37:18.710,0.6363,0.6369,20.0,0.6343,21.0,3729.0,117.0
2021-01-05 09:37:18.891,0.6363,0.6369,20.0,0.6344,10.0,3729.0,117.0
2021-01-05 09:37:19.331,0.6363,0.6369,20.0,0.6343,21.0,3729.0,117.0
2021-01-05 09:37:20.211,0.6363,0.6369,20.0,0.6344,10.0,3729.0,117.0
2021-01-05 09:37:21.200,0.6363,0.6369,20.0,0.6343,21.0,3729.0,117.0
2021-01-05 09:37:21.690,0.6363,0.6368,10.0,0.6343,21.0,3729.0,117.0
2021-01-05 09:37:22.030,0.6363,0.6368,10.0,0.6343,1.0,3729.0,117.0
2021-01-05 09:37:23.150,0.6363,0.6368,20.0,0.6343,1.0,3729.0,117.0
2021-01-05 09:37:23.701,0.6363,0.6367,10.0,0.6343,1.0,3729.0,117.0
2021-01-05 09:37:24.080,0.6363,0.6368,10.0,0.6343,1.0,3729.0,117.0
2021-01-05 09:37:24.631,0.6363,0.6368,10.0,0.6343,1.0,3729.0,117.0
2021-01-05 09:37:25.200,0.6363,0.6368,10.0,0.6343,21.0,3729.0,117.0
2021-01-05 09:37:25.670,0.6363,0.6368,10.0,0.6343,21.0,3729.0,117.0
2021-01-05 09:37:26.170,0.6363,0.6368,10.0,0.6343,21.0,3729.0,117.0
2021-01-05 09:37:26.650,0.6363,0.636,3.0,0.6343,1.0,3729.0,117.0
2021-01-05 09:37:27.130,0.6363,0.6368,10.0,0.6343,1.0,3729.0,117.0
2021-01-05 09:37:27.130,0.6363,0.6362,20.0,0.6343,1.0,3729.0,117.0
2021-01-05 09:37:27.951,0.6363,0.6361,2.0,0.6343,1.0,3729.0,117.0
2021-01-05 09:37:28.550,0.6363,0.6361,22.0,0.6343,1.0,3729.0,117.0
2021-01-05 09:37:29.130,0.6363,0.6361,22.0,0.6343,1.0,3729.0,117.0
2021-01-05 09:37:30.590,0.6363,0.636,2.0,0.6343,1.0,3729.0,117.0
2021-01-05 09:37:31.190,0.6363,0.636,2.0,0.6343,1.0,3729.0,117.0
2021-01-05 09:37:32.181,0.6363,0.636,2.0,0.6343,1.0,3729.0,117.0
2021-01-05 09:37:32.571,0.6363,0.6369,20.0,0.6343,31.0,3729.0,117.0
2021-01-05 09:37:33.180,0.6363,0.6372,10.0,0.6349,10.0,3729.0,117.0
2021-01-05 09:37:33.180,0.6363,0.6372,10.0,0.6349,30.0,3729.0,117.0
2021-01-05 09:37:34.200,0.6363,0.6372,10.0,0.6349,20.0,3729.0,117.0
2021-01-05 09:37:34.500,0.6363,0.6371,10.0,0.6349,20.0,3729.0,117.0
2021-01-05 09:37:35.170,0.6363,0.6371,10.0,0.6349,20.0,3729.0,117.0
2021-01-05 09:37:35.650,0.6363,0.6371,10.0,0.6343,21.0,3729.0,117.0
2021-01-05 09:37:36.200,0.6363,0.6371,10.0,0.6343,21.0,3729.0,117.0
2021-01-05 09:37:36.671,0.6363,0.6371,10.0,0.6343,21.0,3729.0,117.0
2021-01-05 09:37:37.180,0.6363,0.6372,10.0,0.6343,21.0,3729.0,117.0
2021-01-05 09:37:37.691,0.6363,0.6371,10.0,0.6343,1.0,3729.0,117.0
2021-01-05 09:37:38.161,0.6363,0.6367,10.0,0.6343,1.0,3729.0,117.0
2021-01-05 09:37:38.651,0.6363,0.6353,1.0,0.6343,1.0,3729.0,117.0
2021-01-05 09:37:39.170,0.6363,0.6347,1.0,0.6343,1.0,3729.0,117.0
2021-01-05 09:37:39.641,0.6363,0.6351,20.0,0.6343,1.0,3729.0,117.0
2021-01-05 09:37:40.021,0.6363,0.635,1.0,0.6343,1.0,3729.0,117.0
2021-01-05 09:37:40.701,0.6363,0.6352,20.0,0.6343,1.0,3729.0,117.0
2021-01-05 09:37:40.970,0.6363,0.6351,2.0,0.6343,1.0,3729.0,117.0
2021-01-05 09:37:41.660,0.6363,0.6348,1.0,0.6343,1.0,3729.0,117.0
2021-01-05 09:37:41.890,0.6343,0.6343,1.0,0.6331,20.0,3730.0,118.0
2021-01-05 09:37:43.181,0.6343,0.6343,1.0,0.6331,20.0,3730.0,118.0
2021-01-05 09:37:43.640,0.6343,0.6343,1.0,0.6326,20.0,3730.0,118.0
2021-01-05 09:37:43.961,0.6343,0.6343,1.0,0.6326,20.0,3730.0,118.0
2021-01-05 09:37:44.651,0.6343,0.6343,1.0,0.6318,30.0,3730.0,118.0
2021-01-05 09:37:45.191,0.6343,0.6343,1.0,0.6318,20.0,3730.0,118.0
2021-01-05 09:37:45.191,0.6343,0.6343,1.0,0.6318,20.0,3730.0,118.0
2021-01-05 09:37:46.601,0.6343,0.6343,1.0,0.6319,2.0,3730.0,118.0
2021-01-05 09:37:47.210,0.6343,0.6343,1.0,0.6319,2.0,3730.0,118.0
2021-01-05 09:37:47.661,0.6343,0.6343,1.0,0.6323,10.0,3730.0,118.0
2021-01-05 09:37:48.201,0.6343,0.6343,1.0,0.6323,10.0,3730.0,118.0
2021-01-05 09:37:48.700,0.6343,0.6343,1.0,0.6323,10.0,3730.0,118.0
2021-01-05 09:37:49.190,0.6343,0.6343,1.0,0.6324,2.0,3730.0,118.0
2021-01-05 09:37:49.670,0.6343,0.6343,1.0,0.6323,20.0,3730.0,118.0
2021-01-05 09:37:50.220,0.6343,0.6343,1.0,0.6324,10.0,3730.0,118.0
2021-01-05 09:37:50.721,0.6343,0.6343,1.0,0.6323,10.0,3730.0,118.0
2021-01-05 09:37:51.161,0.6343,0.6343,1.0,0.6325,2.0,3730.0,118.0
2021-01-05 09:37:51.630,0.6343,0.6343,1.0,0.6331,10.0,3730.0,118.0
2021-01-05 09:37:52.631,0.6343,0.6343,1.0,0.633,20.0,3730.0,118.0
2021-01-05 09:37:53.161,0.6343,0.6343,1.0,0.633,20.0,3730.0,118.0
2021-01-05 09:37:53.620,0.6343,0.6343,1.0,0.6331,12.0,3730.0,118.0
2021-01-05 09:37:54.170,0.6343,0.6343,1.0,0.6331,2.0,3730.0,118.0
2021-01-05 09:37:55.680,0.6343,0.6343,1.0,0.633,20.0,3730.0,118.0
2021-01-05 09:37:56.121,0.6343,0.6343,1.0,0.633,20.0,3730.0,118.0
2021-01-05 09:37:56.611,0.6343,0.6343,1.0,0.633,20.0,3730.0,118.0
2021-01-05 09:37:57.170,0.6343,0.6342,10.0,0.6324,20.0,3730.0,118.0
2021-01-05 09:37:57.601,0.6343,0.6334,10.0,0.6316,20.0,3730.0,118.0
2021-01-05 09:37:58.091,0.6343,0.6336,20.0,0.6316,20.0,3730.0,118.0
2021-01-05 09:37:58.640,0.6343,0.6342,20.0,0.6321,10.0,3730.0,118.0
2021-01-05 09:37:59.130,0.6343,0.6352,30.0,0.6322,24.0,3730.0,118.0
2021-01-05 09:38:00.131,0.6343,0.6352,30.0,0.6326,30.0,3730.0,118.0
2021-01-05 09:38:00.680,0.6343,0.6352,30.0,0.6326,20.0,3730.0,118.0
2021-01-05 09:38:01.180,0.6343,0.6352,30.0,0.6326,20.0,3730.0,118.0
2021-01-05 09:38:01.681,0.6343,0.6352,30.0,0.6322,14.0,3730.0,118.0
2021-01-05 09:38:02.181,0.6343,0.6352,30.0,0.6323,10.0,3730.0,118.0
2021-01-05 09:38:02.680,0.6343,0.6352,30.0,0.6323,10.0,3730.0,118.0
2021-01-05 09:38:03.191,0.6343,0.6352,30.0,0.6325,10.0,3730.0,118.0
2021-01-05 09:38:03.981,0.6343,0.6352,30.0,0.6329,4.0,3730.0,118.0
2021-01-05 09:38:04.680,0.6343,0.6352,20.0,0.633,10.0,3730.0,118.0
2021-01-05 09:38:04.970,0.6343,0.636,30.0,0.6332,10.0,3730.0,118.0
2021-01-05 09:38:05.621,0.6343,0.636,30.0,0.6329,24.0,3730.0,118.0
2021-01-05 09:38:06.691,0.6343,0.636,30.0,0.6331,10.0,3730.0,118.0
2021-01-05 09:38:07.200,0.6343,0.636,30.0,0.6338,10.0,3730.0,118.0
2021-01-05 09:38:07.690,0.6343,0.636,20.0,0.6341,10.0,3730.0,118.0
2021-01-05 09:38:08.151,0.6343,0.637,30.0,0.634,4.0,3730.0,118.0
2021-01-05 09:38:09.160,0.6343,0.637,30.0,0.6346,4.0,3730.0,118.0
2021-01-05 09:38:09.611,0.6343,0.637,30.0,0.6347,5.0,3730.0,118.0
2021-01-05 09:38:10.180,0.6343,0.637,20.0,0.6348,14.0,3730.0,118.0
2021-01-05 09:38:10.670,0.6343,0.6378,30.0,0.635,10.0,3730.0,118.0
2021-01-05 09:38:11.141,0.6343,0.6378,30.0,0.6347,30.0,3730.0,118.0
2021-01-05 09:38:12.191,0.6343,0.6355,10.0,0.6338,20.0,3730.0,118.0
2021-01-05 09:38:12.261,0.6343,0.6354,10.0,0.6342,10.0,3730.0,118.0
2021-01-05 09:38:13.110,0.6354,0.6369,10.0,0.6348,10.0,3731.0,124.0
2021-01-05 09:38:13.690,0.6354,0.6369,10.0,0.6349,6.0,3731.0,124.0
2021-01-05 09:38:14.101,0.6354,0.6373,20.0,0.6357,10.0,3731.0,124.0
2021-01-05 09:38:14.691,0.6354,0.6378,20.0,0.6358,10.0,3731.0,124.0
2021-01-05 09:38:15.150,0.6354,0.6385,20.0,0.6363,10.0,3731.0,124.0
2021-01-05 09:38:15.290,0.6354,0.6385,20.0,0.6365,10.0,3731.0,124.0
2021-01-05 09:38:16.210,0.6354,0.6384,5.0,0.6358,6.0,3731.0,124.0
2021-01-05 09:38:16.731,0.6354,0.6384,5.0,0.6349,20.0,3731.0,124.0
2021-01-05 09:38:16.950,0.6354,0.6384,5.0,0.6364,10.0,3731.0,124.0
2021-01-05 09:38:17.701,0.6354,0.6383,4.0,0.6362,10.0,3731.0,124.0
2021-01-05 09:38:18.231,0.6354,0.6383,4.0,0.6362,10.0,3731.0,124.0
2021-01-05 09:38:18.660,0.6354,0.6383,4.0,0.6362,10.0,3731.0,124.0
2021-01-05 09:38:19.230,0.6354,0.6383,4.0,0.6365,10.0,3731.0,124.0
2021-01-05 09:38:19.670,0.6354,0.6385,20.0,0.6365,10.0,3731.0,124.0
2021-01-05 09:38:20.231,0.6354,0.6382,4.0,0.6365,10.0,3731.0,124.0
2021-01-05 09:38:20.650,0.6354,0.6382,4.0,0.6366,10.0,3731.0,124.0
2021-01-05 09:38:21.180,0.6354,0.6385,20.0,0.6367,6.0,3731.0,124.0
2021-01-05 09:38:21.670,0.6354,0.6388,5.0,0.637,10.0,3731.0,124.0
2021-01-05 09:38:22.210,0.6354,0.6388,5.0,0.6374,10.0,3731.0,124.0
2021-01-05 09:38:22.531,0.6354,0.6388,5.0,0.6374,10.0,3731.0,124.0
2021-01-05 09:38:23.201,0.6354,0.6388,5.0,0.6379,10.0,3731.0,124.0
2021-01-05 09:38:23.660,0.6354,0.6388,5.0,0.638,6.0,3731.0,124.0
2021-01-05 09:38:23.800,0.6354,0.6388,5.0,0.6381,5.0,3731.0,124.0
2021-01-05 09:38:24.671,0.6388,0.6388,3.0,0.6385,10.0,3733.0,126.0
2021-01-05 09:38:25.101,0.6388,0.6398,20.0,0.6381,5.0,3734.0,129.0
2021-01-05 09:38:25.101,0.6388,0.6406,30.0,0.6381,5.0,3734.0,129.0
2021-01-05 09:38:26.100,0.6388,0.6405,5.0,0.6385,10.0,3734.0,129.0
2021-01-05 09:38:26.701,0.6388,0.6404,5.0,0.6381,20.0,3734.0,129.0
2021-01-05 09:38:27.151,0.6388,0.6404,5.0,0.6376,20.0,3734.0,129.0
2021-01-05 09:38:27.691,0.6388,0.6404,5.0,0.6376,20.0,3734.0,129.0
2021-01-05 09:38:28.171,0.6388,0.6406,30.0,0.6382,10.0,3734.0,129.0
2021-01-05 09:38:29.191,0.6388,0.6406,30.0,0.6378,10.0,3734.0,129.0
2021-01-05 09:38:29.641,0.6388,0.6406,30.0,0.6382,20.0,3734.0,129.0
2021-01-05 09:38:30.061,0.6388,0.6406,30.0,0.6385,10.0,3734.0,129.0
2021-01-05 09:38:30.670,0.6388,0.6405,5.0,0.6385,10.0,3734.0,129.0
2021-01-05 09:38:31.181,0.6388,0.6405,5.0,0.6383,30.0,3734.0,129.0
2021-01-05 09:38:31.700,0.6388,0.6404,5.0,0.6383,30.0,3734.0,129.0
2021-01-05 09:38:32.171,0.6388,0.6404,5.0,0.6389,10.0,3734.0,129.0
2021-01-05 09:38:32.701,0.6388,0.6404,5.0,0.6386,10.0,3734.0,129.0
2021-01-05 09:38:33.191,0.6388,0.6406,20.0,0.6393,10.0,3734.0,129.0
2021-01-05 09:38:33.700,0.6388,0.6422,20.0,0.6401,10.0,3734.0,129.0
2021-01-05 09:38:34.201,0.6388,0.6427,30.0,0.6403,10.0,3734.0,129.0
2021-01-05 09:38:35.200,0.6388,0.6435,30.0,0.6406,30.0,3734.0,129.0
2021-01-05 09:38:35.700,0.6388,0.6435,30.0,0.641,10.0,3734.0,129.0
2021-01-05 09:38:36.130,0.6388,0.6434,5.0,0.6407,10.0,3734.0,129.0
2021-01-05 09:38:37.160,0.6388,0.6435,30.0,0.6413,10.0,3734.0,129.0
2021-01-05 09:38:37.680,0.6388,0.6435,20.0,0.6417,10.0,3734.0,129.0
2021-01-05 09:38:37.970,0.6388,0.6443,30.0,0.6417,20.0,3734.0,129.0
2021-01-05 09:38:38.660,0.6388,0.6443,30.0,0.6413,10.0,3734.0,129.0
2021-01-05 09:38:39.161,0.6388,0.6443,20.0,0.6422,10.0,3734.0,129.0
2021-01-05 09:38:39.661,0.6388,0.6432,5.0,0.6422,30.0,3734.0,129.0
2021-01-05 09:38:40.201,0.6432,0.6451,20.0,0.6423,15.0,3738.0,134.0
2021-01-05 09:38:40.591,0.6432,0.6451,20.0,0.6432,10.0,3738.0,134.0
2021-01-05 09:38:41.190,0.6432,0.6459,10.0,0.6428,20.0,3738.0,134.0
2021-01-05 09:38:41.640,0.6432,0.6453,4.0,0.6432,10.0,3738.0,134.0
2021-01-05 09:38:42.191,0.6432,0.6453,4.0,0.6428,10.0,3738.0,134.0
2021-01-05 09:38:42.700,0.6432,0.6453,4.0,0.6432,10.0,3738.0,134.0
2021-01-05 09:38:43.190,0.6432,0.6453,4.0,0.6428,20.0,3738.0,134.0
2021-01-05 09:38:43.701,0.6432,0.6452,5.0,0.6432,10.0,3738.0,134.0
2021-01-05 09:38:44.200,0.6432,0.6452,5.0,0.6429,4.0,3738.0,134.0
2021-01-05 09:38:44.621,0.6432,0.6437,4.0,0.6424,1.0,3738.0,134.0
2021-01-05 09:38:45.201,0.6432,0.645,4.0,0.6424,1.0,3738.0,134.0
2021-01-05 09:38:45.480,0.6432,0.645,4.0,0.6424,1.0,3738.0,134.0
2021-01-05 09:38:46.200,0.6432,0.645,4.0,0.6424,1.0,3738.0,134.0
2021-01-05 09:38:46.631,0.6432,0.6449,1.0,0.6424,1.0,3738.0,134.0
2021-01-05 09:38:47.140,0.6432,0.6447,4.0,0.6424,1.0,3738.0,134.0
2021-01-05 09:38:47.691,0.6432,0.6434,1.0,0.6424,1.0,3738.0,134.0
2021-01-05 09:38:48.200,0.6424,0.6423,1.0,0.6409,10.0,3739.0,135.0
2021-01-05 09:38:48.200,0.6424,0.6434,20.0,0.6409,10.0,3739.0,135.0
2021-01-05 09:38:49.130,0.6424,0.6431,3.0,0.6407,10.0,3739.0,135.0
2021-01-05 09:38:49.670,0.6424,0.6431,23.0,0.6408,3.0,3739.0,135.0
2021-01-05 09:38:50.091,0.6424,0.6431,23.0,0.6408,3.0,3739.0,135.0
2021-01-05 09:38:50.651,0.6424,0.6431,23.0,0.6408,3.0,3739.0,135.0
2021-01-05 09:38:51.170,0.6424,0.6431,23.0,0.6411,10.0,3739.0,135.0
2021-01-05 09:38:51.520,0.6424,0.6441,30.0,0.6418,10.0,3739.0,135.0
2021-01-05 09:38:51.821,0.6424,0.6438,3.0,0.642,10.0,3739.0,135.0
2021-01-05 09:38:52.450,0.6424,0.6447,20.0,0.6423,10.0,3739.0,135.0
2021-01-05 09:38:53.191,0.6424,0.6445,3.0,0.6423,10.0,3739.0,135.0
2021-01-05 09:38:54.200,0.6424,0.6445,3.0,0.6422,20.0,3739.0,135.0
2021-01-05 09:38:54.640,0.6424,0.6445,3.0,0.6428,10.0,3739.0,135.0
2021-01-05 09:38:55.191,0.6424,0.6445,3.0,0.6428,10.0,3739.0,135.0
2021-01-05 09:38:55.650,0.6424,0.6457,20.0,0.6428,20.0,3739.0,135.0
2021-01-05 09:38:55.981,0.6424,0.6451,3.0,0.643,10.0,3739.0,135.0
2021-01-05 09:38:56.661,0.6424,0.6451,3.0,0.6431,3.0,3739.0,135.0
2021-01-05 09:38:57.200,0.6424,0.6451,23.0,0.6431,3.0,3739.0,135.0
2021-01-05 09:38:57.640,0.6424,0.645,6.0,0.643,10.0,3739.0,135.0
2021-01-05 09:38:58.161,0.6424,0.6442,3.0,0.6428,20.0,3739.0,135.0
2021-01-05 09:38:58.670,0.6424,0.6434,10.0,0.6417,10.0,3739.0,135.0
2021-01-05 09:38:59.060,0.6424,0.6441,5.0,0.6416,20.0,3739.0,135.0
2021-01-05 09:39:00.111,0.6424,0.6435,3.0,0.6417,5.0,3739.0,135.0
2021-01-05 09:39:00.601,0.6424,0.6435,3.0,0.6418,11.0,3739.0,135.0
2021-01-05 09:39:01.120,0.6424,0.6435,3.0,0.6423,10.0,3739.0,135.0
2021-01-05 09:39:01.700,0.6424,0.645,30.0,0.6423,10.0,3739.0,135.0
2021-01-05 09:39:01.990,0.6424,0.6442,3.0,0.6418,10.0,3739.0,135.0
2021-01-05 09:39:02.620,0.6424,0.6442,3.0,0.6426,10.0,3739.0,135.0
2021-01-05 09:39:03.150,0.6424,0.6442,3.0,0.6418,10.0,3739.0,135.0
2021-01-05 09:39:04.161,0.6424,0.6441,5.0,0.6414,10.0,3739.0,135.0
2021-01-05 09:39:04.161,0.6424,0.6434,3.0,0.6414,10.0,3739.0,135.0
2021-01-05 09:39:05.211,0.6424,0.6434,3.0,0.6416,10.0,3739.0,135.0
2021-01-05 09:39:05.651,0.6424,0.6434,3.0,0.6413,10.0,3739.0,135.0
2021-01-05 09:39:06.191,0.6424,0.6434,3.0,0.6414,8.0,3739.0,135.0
2021-01-05 09:39:06.650,0.6424,0.6434,3.0,0.6415,18.0,3739.0,135.0
2021-01-05 09:39:06.650,0.6424,0.6434,3.0,0.6416,8.0,3739.0,135.0
2021-01-05 09:39:07.680,0.6424,0.6434,23.0,0.6416,13.0,3739.0,135.0
2021-01-05 09:39:08.131,0.6424,0.6434,23.0,0.6416,20.0,3739.0,135.0
2021-01-05 09:39:08.690,0.6424,0.6433,10.0,0.6412,10.0,3739.0,135.0
2021-01-05 09:39:09.161,0.6424,0.6433,10.0,0.6419,10.0,3739.0,135.0
2021-01-05 09:39:09.601,0.6424,0.6432,5.0,0.6421,10.0,3739.0,135.0
2021-01-05 09:39:10.191,0.6424,0.6432,5.0,0.6421,20.0,3739.0,135.0
2021-01-05 09:39:10.660,0.6424,0.6444,20.0,0.6426,10.0,3739.0,135.0
2021-01-05 09:39:11.201,0.6424,0.645,10.0,0.6429,10.0,3739.0,135.0
2021-01-05 09:39:11.701,0.6424,0.6449,5.0,0.6429,10.0,3739.0,135.0
2021-01-05 09:39:12.150,0.6424,0.6447,3.0,0.6426,20.0,3739.0,135.0
2021-01-05 09:39:12.661,0.6424,0.6447,3.0,0.643,1.0,3739.0,135.0
2021-01-05 09:39:13.170,0.6424,0.6446,2.0,0.643,1.0,3739.0,135.0
2021-01-05 09:39:13.720,0.6424,0.6445,3.0,0.643,1.0,3739.0,135.0
2021-01-05 09:39:14.160,0.6424,0.6444,1.0,0.643,1.0,3739.0,135.0
2021-01-05 09:39:15.220,0.6424,0.6455,20.0,0.6431,11.0,3739.0,135.0
2021-01-05 09:39:15.641,0.6424,0.6454,3.0,0.6431,30.0,3739.0,135.0
2021-01-05 09:39:16.121,0.6424,0.6454,3.0,0.6431,30.0,3739.0,135.0
2021-01-05 09:39:16.711,0.6424,0.6453,10.0,0.6431,30.0,3739.0,135.0
2021-01-05 09:39:17.191,0.6424,0.6453,10.0,0.6431,20.0,3739.0,135.0
2021-01-05 09:39:17.641,0.6424,0.6451,3.0,0.6431,20.0,3739.0,135.0
2021-01-05 09:39:18.221,0.6424,0.6451,3.0,0.643,1.0,3739.0,135.0
2021-01-05 09:39:18.671,0.6424,0.645,1.0,0.643,1.0,3739.0,135.0
2021-01-05 09:39:19.710,0.6424,0.6445,1.0,0.643,1.0,3739.0,135.0
2021-01-05 09:39:20.180,0.6424,0.645,20.0,0.6431,7.0,3739.0,135.0
2021-01-05 09:39:20.741,0.6424,0.6455,20.0,0.6433,10.0,3739.0,135.0
2021-01-05 09:39:21.231,0.6424,0.6451,3.0,0.6431,20.0,3739.0,135.0
2021-01-05 09:39:21.660,0.6424,0.6455,20.0,0.6432,10.0,3739.0,135.0
2021-01-05 09:39:22.140,0.6424,0.6453,3.0,0.6432,10.0,3739.0,135.0
2021-01-05 09:39:22.651,0.6424,0.6452,5.0,0.6436,10.0,3739.0,135.0
2021-01-05 09:39:23.200,0.6424,0.6451,5.0,0.6436,20.0,3739.0,135.0
2021-01-05 09:39:24.151,0.6424,0.645,3.0,0.6431,20.0,3739.0,135.0
2021-01-05 09:39:25.210,0.6424,0.6455,20.0,0.6431,20.0,3739.0,135.0
2021-01-05 09:39:25.700,0.6424,0.6455,20.0,0.6433,10.0,3739.0,135.0
2021-01-05 09:39:26.681,0.6424,0.6454,10.0,0.6433,10.0,3739.0,135.0
2021-01-05 09:39:27.210,0.6424,0.6454,10.0,0.6432,10.0,3739.0,135.0
2021-01-05 09:39:27.711,0.6424,0.6454,10.0,0.6431,20.0,3739.0,135.0
2021-01-05 09:39:28.220,0.6424,0.6454,10.0,0.6431,30.0,3739.0,135.0
2021-01-05 09:39:28.710,0.6424,0.6453,5.0,0.6431,30.0,3739.0,135.0
2021-01-05 09:39:29.231,0.6424,0.6452,5.0,0.6435,10.0,3739.0,135.0
2021-01-05 09:39:29.721,0.6424,0.6451,5.0,0.6431,20.0,3739.0,135.0
2021-01-05 09:39:30.220,0.6424,0.6446,3.0,0.643,1.0,3739.0,135.0
2021-01-05 09:39:30.721,0.6424,0.6446,23.0,0.643,1.0,3739.0,135.0
2021-01-05 09:39:31.121,0.6424,0.6445,1.0,0.643,1.0,3739.0,135.0
2021-01-05 09:39:31.690,0.6424,0.6444,2.0,0.643,1.0,3739.0,135.0
2021-01-05 09:39:32.141,0.6424,0.6444,2.0,0.643,1.0,3739.0,135.0
2021-01-05 09:39:32.700,0.6424,0.6444,2.0,0.643,21.0,3739.0,135.0
2021-01-05 09:39:33.180,0.6424,0.6444,1.0,0.643,1.0,3739.0,135.0
2021-01-05 09:39:33.530,0.6424,0.6455,20.0,0.643,21.0,3739.0,135.0
2021-01-05 09:39:33.820,0.6424,0.6453,3.0,0.643,21.0,3739.0,135.0
2021-01-05 09:39:34.681,0.6424,0.6452,5.0,0.643,21.0,3739.0,135.0
2021-01-05 09:39:35.161,0.6424,0.6449,3.0,0.643,1.0,3739.0,135.0
2021-01-05 09:39:35.701,0.6424,0.6448,1.0,0.643,1.0,3739.0,135.0
2021-01-05 09:39:36.231,0.6424,0.6445,3.0,0.643,1.0,3739.0,135.0
2021-01-05 09:39:36.660,0.6424,0.6444,1.0,0.643,1.0,3739.0,135.0
2021-01-05 09:39:37.221,0.6424,0.6444,1.0,0.643,1.0,3739.0,135.0
2021-01-05 09:39:37.730,0.6424,0.6443,2.0,0.643,1.0,3739.0,135.0
2021-01-05 09:39:38.650,0.6424,0.6442,1.0,0.643,1.0,3739.0,135.0
2021-01-05 09:39:39.201,0.6424,0.6442,1.0,0.643,1.0,3739.0,135.0
2021-01-05 09:39:39.751,0.6424,0.6442,1.0,0.643,21.0,3739.0,135.0
2021-01-05 09:39:40.200,0.6424,0.6449,20.0,0.643,21.0,3739.0,135.0
2021-01-05 09:39:40.721,0.6424,0.6448,15.0,0.643,21.0,3739.0,135.0
2021-01-05 09:39:41.220,0.6424,0.6437,10.0,0.643,21.0,3739.0,135.0
2021-01-05 09:39:41.750,0.643,0.6448,15.0,0.6427,10.0,3740.0,141.0
2021-01-05 09:39:42.210,0.643,0.6434,10.0,0.6414,10.0,3740.0,141.0
2021-01-05 09:39:42.640,0.643,0.6443,3.0,0.6416,10.0,3740.0,141.0
2021-01-05 09:39:43.191,0.643,0.6442,5.0,0.6412,10.0,3740.0,141.0
2021-01-05 09:39:43.550,0.643,0.6441,3.0,0.6411,10.0,3740.0,141.0
2021-01-05 09:39:44.121,0.643,0.6441,23.0,0.641,20.0,3740.0,141.0
2021-01-05 09:39:44.680,0.643,0.6441,23.0,0.6414,10.0,3740.0,141.0
2021-01-05 09:39:45.251,0.643,0.6441,3.0,0.6419,10.0,3740.0,141.0
2021-01-05 09:39:45.750,0.643,0.6447,20.0,0.6423,10.0,3740.0,141.0
2021-01-05 09:39:45.750,0.643,0.6447,20.0,0.6428,10.0,3740.0,141.0
2021-01-05 09:39:46.630,0.643,0.6453,20.0,0.6437,10.0,3740.0,141.0
2021-01-05 09:39:47.250,0.643,0.6452,15.0,0.6433,10.0,3740.0,141.0
2021-01-05 09:39:48.140,0.643,0.6452,15.0,0.6429,5.0,3740.0,141.0
2021-01-05 09:39:48.720,0.643,0.6452,15.0,0.6432,10.0,3740.0,141.0
2021-01-05 09:39:49.241,0.643,0.6456,5.0,0.6435,10.0,3740.0,141.0
2021-01-05 09:39:49.711,0.643,0.6456,5.0,0.6436,10.0,3740.0,141.0
2021-01-05 09:39:50.180,0.643,0.6456,5.0,0.6434,10.0,3740.0,141.0
2021-01-05 09:39:50.701,0.643,0.6456,5.0,0.6439,10.0,3740.0,141.0
2021-01-05 09:39:51.241,0.643,0.6456,5.0,0.6443,10.0,3740.0,141.0
2021-01-05 09:39:51.730,0.6456,0.6456,1.0,0.644,5.0,3740.0,145.0
2021-01-05 09:39:52.251,0.6456,0.6456,1.0,0.644,15.0,3740.0,145.0
2021-01-05 09:39:52.601,0.6456,0.6456,1.0,0.644,15.0,3740.0,145.0
2021-01-05 09:39:53.181,0.6456,0.6455,18.0,0.6436,20.0,3740.0,145.0
2021-01-05 09:39:53.630,0.6456,0.6455,18.0,0.6429,10.0,3740.0,145.0
2021-01-05 09:39:54.191,0.6456,0.6455,18.0,0.6435,10.0,3740.0,145.0
2021-01-05 09:39:54.191,0.6456,0.6455,3.0,0.6436,5.0,3740.0,145.0
2021-01-05 09:39:55.181,0.6456,0.6455,3.0,0.6445,10.0,3740.0,145.0
2021-01-05 09:39:55.640,0.6456,0.6455,3.0,0.6445,20.0,3740.0,145.0
2021-01-05 09:39:56.120,0.6456,0.6456,1.0,0.6446,3.0,3740.0,145.0
2021-01-05 09:39:56.691,0.6456,0.6456,1.0,0.6438,10.0,3740.0,145.0
2021-01-05 09:39:57.181,0.6456,0.6456,1.0,0.6438,10.0,3740.0,145.0
2021-01-05 09:39:57.580,0.6456,0.6454,3.0,0.6438,10.0,3740.0,145.0
2021-01-05 09:39:58.170,0.6456,0.6453,10.0,0.6435,20.0,3740.0,145.0
2021-01-05 09:39:58.600,0.6456,0.6452,8.0,0.6435,20.0,3740.0,145.0
2021-01-05 09:39:59.061,0.6456,0.6452,3.0,0.6435,30.0,3740.0,145.0
2021-01-05 09:40:00.181,0.6456,0.6452,3.0,0.6437,8.0,3740.0,145.0
2021-01-05 09:40:00.610,0.6456,0.6452,3.0,0.6438,8.0,3740.0,145.0
2021-01-05 09:40:01.201,0.6456,0.6452,3.0,0.6439,3.0,3740.0,145.0
2021-01-05 09:40:01.551,0.6456,0.6452,3.0,0.6435,20.0,3740.0,145.0
2021-01-05 09:40:02.200,0.6456,0.6451,15.0,0.6427,20.0,3740.0,145.0
2021-01-05 09:40:02.671,0.6456,0.6445,3.0,0.6427,20.0,3740.0,145.0
2021-01-05 09:40:03.171,0.6456,0.6451,35.0,0.6425,10.0,3740.0,145.0
2021-01-05 09:40:03.691,0.6456,0.6447,3.0,0.6425,10.0,3740.0,145.0
2021-01-05 09:40:04.160,0.6456,0.6451,20.0,0.6429,10.0,3740.0,145.0
2021-01-05 09:40:04.700,0.6456,0.6447,3.0,0.6429,20.0,3740.0,145.0
2021-01-05 09:40:05.701,0.6456,0.6447,3.0,0.6429,20.0,3740.0,145.0
2021-01-05 09:40:06.200,0.6456,0.6447,3.0,0.6426,5.0,3740.0,145.0
2021-01-05 09:40:06.701,0.6456,0.6447,3.0,0.6426,25.0,3740.0,145.0
2021-01-05 09:40:07.191,0.6456,0.6446,10.0,0.6426,20.0,3740.0,145.0
2021-01-05 09:40:07.700,0.6456,0.6444,3.0,0.6426,20.0,3740.0,145.0
2021-01-05 09:40:08.200,0.6456,0.6443,5.0,0.6421,20.0,3740.0,145.0
2021-01-05 09:40:08.690,0.6456,0.6442,3.0,0.6415,30.0,3740.0,145.0
2021-01-05 09:40:09.191,0.6456,0.6441,5.0,0.6415,30.0,3740.0,145.0
2021-01-05 09:40:09.441,0.6456,0.6434,3.0,0.6415,20.0,3740.0,145.0
2021-01-05 09:40:10.150,0.6456,0.6435,20.0,0.6418,10.0,3740.0,145.0
2021-01-05 09:40:10.680,0.6456,0.6443,30.0,0.642,10.0,3740.0,145.0
2021-01-05 09:40:11.120,0.6456,0.6442,3.0,0.6421,10.0,3740.0,145.0
2021-01-05 09:40:11.610,0.6456,0.6442,3.0,0.6422,5.0,3740.0,145.0
2021-01-05 09:40:12.190,0.6456,0.6441,10.0,0.6418,20.0,3740.0,145.0
2021-01-05 09:40:12.380,0.6456,0.6436,3.0,0.6409,20.0,3740.0,145.0
2021-01-05 09:40:13.170,0.6456,0.6436,23.0,0.6411,10.0,3740.0,145.0
2021-01-05 09:40:13.170,0.6456,0.6434,10.0,0.6409,20.0,3740.0,145.0
2021-01-05 09:40:14.150,0.6456,0.6428,3.0,0.641,1.0,3740.0,145.0
2021-01-05 09:40:14.701,0.6456,0.6427,2.0,0.641,1.0,3740.0,145.0
2021-01-05 09:40:15.120,0.6456,0.6423,3.0,0.641,1.0,3740.0,145.0
2021-01-05 09:40:15.690,0.6456,0.6423,3.0,0.641,1.0,3740.0,145.0
2021-01-05 09:40:16.140,0.6456,0.6423,3.0,0.641,1.0,3740.0,145.0
2021-01-05 09:40:16.520,0.6456,0.643,20.0,0.641,1.0,3740.0,145.0
2021-01-05 09:40:17.191,0.6456,0.6423,3.0,0.641,1.0,3740.0,145.0
2021-01-05 09:40:17.621,0.6456,0.6422,2.0,0.641,1.0,3740.0,145.0
2021-01-05 09:40:18.161,0.6456,0.6422,2.0,0.6411,5.0,3740.0,145.0
2021-01-05 09:40:19.190,0.6456,0.6423,3.0,0.6411,5.0,3740.0,145.0
2021-01-05 09:40:19.711,0.6456,0.6426,20.0,0.6423,2.0,3740.0,145.0
2021-01-05 09:40:19.951,0.6456,0.6435,10.0,0.6418,20.0,3740.0,145.0
2021-01-05 09:40:20.691,0.6456,0.6435,10.0,0.6418,20.0,3740.0,145.0
2021-01-05 09:40:21.200,0.6456,0.6443,20.0,0.6418,20.0,3740.0,145.0
2021-01-05 09:40:21.701,0.6456,0.6442,5.0,0.6418,20.0,3740.0,145.0
2021-01-05 09:40:22.210,0.6456,0.6442,10.0,0.6419,10.0,3740.0,145.0
2021-01-05 09:40:22.591,0.6456,0.6442,10.0,0.6419,10.0,3740.0,145.0
2021-01-05 09:40:23.200,0.6456,0.6442,5.0,0.6422,10.0,3740.0,145.0
2021-01-05 09:40:23.701,0.6456,0.6443,20.0,0.6422,10.0,3740.0,145.0
2021-01-05 09:40:24.160,0.6456,0.6448,20.0,0.6423,5.0,3740.0,145.0
2021-01-05 09:40:24.160,0.6456,0.6447,3.0,0.6422,10.0,3740.0,145.0
2021-01-05 09:40:25.121,0.6456,0.6447,3.0,0.6422,10.0,3740.0,145.0
2021-01-05 09:40:25.551,0.6456,0.6446,5.0,0.6422,10.0,3740.0,145.0
2021-01-05 09:40:26.181,0.6456,0.6445,3.0,0.6422,10.0,3740.0,145.0
2021-01-05 09:40:26.650,0.6456,0.6445,3.0,0.6422,10.0,3740.0,145.0
2021-01-05 09:40:27.101,0.6456,0.6446,20.0,0.6424,10.0,3740.0,145.0
2021-01-05 09:40:27.701,0.6456,0.6453,30.0,0.6429,10.0,3740.0,145.0
2021-01-05 09:40:28.110,0.6456,0.6452,3.0,0.6424,30.0,3740.0,145.0
2021-01-05 09:40:28.690,0.6456,0.6452,3.0,0.6429,20.0,3740.0,145.0
2021-01-05 09:40:29.170,0.6456,0.6451,5.0,0.6424,30.0,3740.0,145.0
2021-01-05 09:40:30.150,0.6456,0.645,3.0,0.6427,10.0,3740.0,145.0
2021-01-05 09:40:30.700,0.6456,0.645,3.0,0.6427,10.0,3740.0,145.0
2021-01-05 09:40:31.101,0.6456,0.645,3.0,0.6428,5.0,3740.0,145.0
2021-01-05 09:40:31.631,0.6456,0.645,3.0,0.6427,10.0,3740.0,145.0
2021-01-05 09:40:32.611,0.6456,0.6449,10.0,0.6424,20.0,3740.0,145.0
2021-01-05 09:40:33.191,0.6456,0.6443,3.0,0.6424,20.0,3740.0,145.0
2021-01-05 09:40:33.551,0.6456,0.6442,5.0,0.6417,20.0,3740.0,145.0
2021-01-05 09:40:34.171,0.6456,0.6438,3.0,0.6417,20.0,3740.0,145.0
2021-01-05 09:40:34.561,0.6456,0.6438,3.0,0.6417,20.0,3740.0,145.0
2021-01-05 09:40:34.930,0.6456,0.6443,20.0,0.6419,10.0,3740.0,145.0
2021-01-05 09:40:35.681,0.6456,0.6453,40.0,0.642,5.0,3740.0,145.0
2021-01-05 09:40:36.161,0.6456,0.6446,3.0,0.6443,5.0,3740.0,145.0
2021-01-05 09:40:36.601,0.6443,0.6442,3.0,0.6419,10.0,3745.0,150.0
2021-01-05 09:40:37.091,0.6443,0.6442,3.0,0.642,6.0,3745.0,150.0
2021-01-05 09:40:37.420,0.6443,0.6443,6.0,0.6424,10.0,3745.0,150.0
2021-01-05 09:40:38.130,0.6443,0.6442,10.0,0.6419,10.0,3745.0,150.0
2021-01-05 09:40:38.651,0.6443,0.6442,15.0,0.6423,20.0,3745.0,150.0
2021-01-05 09:40:39.041,0.6443,0.6442,15.0,0.6419,10.0,3745.0,150.0
2021-01-05 09:40:39.940,0.6443,0.6439,3.0,0.6417,20.0,3745.0,150.0
2021-01-05 09:40:40.670,0.6443,0.6439,23.0,0.6417,20.0,3745.0,150.0
2021-01-05 09:40:41.191,0.6443,0.6439,23.0,0.6417,20.0,3745.0,150.0
2021-01-05 09:40:41.640,0.6443,0.6439,23.0,0.6412,30.0,3745.0,150.0
2021-01-05 09:40:42.180,0.6443,0.6439,23.0,0.6413,10.0,3745.0,150.0
2021-01-05 09:40:43.621,0.6443,0.6439,23.0,0.6412,20.0,3745.0,150.0
2021-01-05 09:40:47.611,0.6443,0.6439,23.0,0.6412,20.0,3745.0,150.0
2021-01-05 09:40:48.160,0.6443,0.6439,23.0,0.6412,20.0,3745.0,150.0
2021-01-05 09:40:48.700,0.6443,0.6438,5.0,0.6412,20.0,3745.0,150.0
2021-01-05 09:40:49.111,0.6443,0.6435,3.0,0.6412,20.0,3745.0,150.0
2021-01-05 09:40:49.640,0.6443,0.6435,3.0,0.6413,8.0,3745.0,150.0
2021-01-05 09:40:50.671,0.6443,0.6435,3.0,0.6412,20.0,3745.0,150.0
2021-01-05 09:40:53.651,0.6443,0.6435,3.0,0.6412,20.0,3745.0,150.0
2021-01-05 09:40:54.661,0.6443,0.6435,3.0,0.6412,20.0,3745.0,150.0
2021-01-05 09:40:55.111,0.6443,0.6435,3.0,0.6414,10.0,3745.0,150.0
2021-01-05 09:40:56.121,0.6443,0.6435,3.0,0.6412,30.0,3745.0,150.0
2021-01-05 09:40:56.600,0.6443,0.6439,20.0,0.642,10.0,3745.0,150.0
2021-01-05 09:40:57.710,0.6443,0.6443,11.0,0.6417,20.0,3745.0,150.0
2021-01-05 09:40:58.110,0.6443,0.6438,10.0,0.6417,20.0,3745.0,150.0
2021-01-05 09:40:58.721,0.6443,0.6438,10.0,0.6412,30.0,3745.0,150.0
2021-01-05 09:40:58.980,0.6443,0.6438,30.0,0.6414,10.0,3745.0,150.0
2021-01-05 09:40:59.650,0.6443,0.6438,30.0,0.6412,20.0,3745.0,150.0
2021-01-05 09:40:59.891,0.6443,0.6438,20.0,0.6412,20.0,3745.0,150.0
2021-01-05 09:41:01.041,0.6443,0.6438,20.0,0.6416,10.0,3745.0,150.0
2021-01-05 09:41:01.441,0.6443,0.6436,3.0,0.6412,20.0,3745.0,150.0
2021-01-05 09:41:02.190,0.6443,0.6436,3.0,0.6412,20.0,3745.0,150.0
2021-01-05 09:41:02.661,0.6443,0.6436,3.0,0.6412,20.0,3745.0,150.0
2021-01-05 09:41:03.110,0.6443,0.6438,20.0,0.6419,10.0,3745.0,150.0
2021-01-05 09:41:04.180,0.6443,0.6443,11.0,0.642,5.0,3745.0,150.0
2021-01-05 09:41:04.680,0.6443,0.6442,3.0,0.642,5.0,3745.0,150.0
2021-01-05 09:41:05.220,0.6443,0.6442,3.0,0.642,5.0,3745.0,150.0
2021-01-05 09:41:05.660,0.6443,0.6442,3.0,0.642,5.0,3745.0,150.0
2021-01-05 09:41:06.221,0.6443,0.6442,3.0,0.6421,3.0,3745.0,150.0
2021-01-05 09:41:06.620,0.6443,0.6442,3.0,0.6421,8.0,3745.0,150.0
2021-01-05 09:41:07.100,0.6443,0.6442,3.0,0.6422,10.0,3745.0,150.0
2021-01-05 09:41:07.611,0.6443,0.6442,3.0,0.6423,5.0,3745.0,150.0
2021-01-05 09:41:08.130,0.6443,0.6443,1.0,0.6424,21.0,3745.0,150.0
2021-01-05 09:41:08.701,0.6443,0.6443,1.0,0.6424,16.0,3745.0,150.0
2021-01-05 09:41:09.210,0.6443,0.6443,1.0,0.6424,6.0,3745.0,150.0
2021-01-05 09:41:09.650,0.6443,0.6443,1.0,0.6427,10.0,3745.0,150.0
2021-01-05 09:41:10.220,0.6443,0.6443,1.0,0.6427,10.0,3745.0,150.0
2021-01-05 09:41:10.710,0.6443,0.6443,1.0,0.6428,4.0,3745.0,150.0
2021-01-05 09:41:11.210,0.6443,0.6452,10.0,0.6429,10.0,3745.0,150.0
2021-01-05 09:41:11.711,0.6443,0.6452,10.0,0.6428,21.0,3745.0,150.0
2021-01-05 09:41:12.120,0.6443,0.6451,5.0,0.6428,20.0,3745.0,150.0
2021-01-05 09:41:12.710,0.6443,0.6448,3.0,0.6428,30.0,3745.0,150.0
2021-01-05 09:41:13.161,0.6443,0.6448,3.0,0.6428,20.0,3745.0,150.0
2021-01-05 09:41:13.670,0.6443,0.6437,10.0,0.6421,20.0,3745.0,150.0
2021-01-05 09:41:13.980,0.6443,0.6448,3.0,0.6429,10.0,3745.0,150.0
2021-01-05 09:41:14.671,0.6443,0.6448,3.0,0.6422,10.0,3745.0,150.0
2021-01-05 09:41:15.180,0.6443,0.6448,23.0,0.6422,5.0,3745.0,150.0
2021-01-05 09:41:16.210,0.6443,0.6448,23.0,0.6416,20.0,3745.0,150.0
2021-01-05 09:41:17.211,0.6443,0.6448,23.0,0.6422,10.0,3745.0,150.0
2021-01-05 09:41:17.670,0.6443,0.6448,23.0,0.6422,10.0,3745.0,150.0
2021-01-05 09:41:18.141,0.6443,0.6448,23.0,0.6417,1.0,3745.0,150.0
2021-01-05 09:41:18.600,0.6443,0.6448,23.0,0.6422,20.0,3745.0,150.0
2021-01-05 09:41:19.161,0.6443,0.6448,3.0,0.6425,10.0,3745.0,150.0
2021-01-05 09:41:19.601,0.6443,0.6448,3.0,0.6423,10.0,3745.0,150.0
2021-01-05 09:41:19.960,0.6443,0.6447,10.0,0.6423,10.0,3745.0,150.0
2021-01-05 09:41:20.721,0.6443,0.6447,10.0,0.6422,10.0,3745.0,150.0
2021-01-05 09:41:21.190,0.6443,0.6447,5.0,0.6422,10.0,3745.0,150.0
2021-01-05 09:41:21.460,0.6443,0.6448,3.0,0.6423,5.0,3745.0,150.0
2021-01-05 09:41:22.190,0.6443,0.6448,3.0,0.6423,5.0,3745.0,150.0
2021-01-05 09:41:22.190,0.6443,0.6453,10.0,0.6428,10.0,3745.0,150.0
2021-01-05 09:41:23.061,0.6443,0.6452,5.0,0.6428,30.0,3745.0,150.0
2021-01-05 09:41:23.750,0.6443,0.6451,8.0,0.6424,1.0,3745.0,150.0
2021-01-05 09:41:24.550,0.6443,0.6451,8.0,0.6422,10.0,3745.0,150.0
2021-01-05 09:41:25.120,0.6443,0.6451,3.0,0.6429,10.0,3745.0,150.0
2021-01-05 09:41:25.520,0.6443,0.6452,20.0,0.6429,30.0,3745.0,150.0
2021-01-05 09:41:26.190,0.6443,0.6452,20.0,0.643,10.0,3745.0,150.0
2021-01-05 09:41:26.670,0.6443,0.6452,20.0,0.6432,10.0,3745.0,150.0
2021-01-05 09:41:27.131,0.6443,0.6456,1.0,0.6432,10.0,3745.0,150.0
2021-01-05 09:41:27.710,0.6443,0.6456,1.0,0.6437,10.0,3745.0,150.0
2021-01-05 09:41:28.171,0.6443,0.6455,15.0,0.6437,20.0,3745.0,150.0
2021-01-05 09:41:28.540,0.6443,0.6455,15.0,0.6437,20.0,3745.0,150.0
2021-01-05 09:41:29.001,0.6443,0.6455,15.0,0.6437,20.0,3745.0,150.0
2021-01-05 09:41:30.180,0.6443,0.6456,1.0,0.6437,20.0,3745.0,150.0
2021-01-05 09:41:30.670,0.6443,0.6456,1.0,0.6437,20.0,3745.0,150.0
2021-01-05 09:41:31.700,0.6443,0.6456,1.0,0.6438,1.0,3745.0,150.0
2021-01-05 09:41:32.670,0.6443,0.6456,1.0,0.6438,1.0,3745.0,150.0
2021-01-05 09:41:33.171,0.6443,0.6455,1.0,0.6437,20.0,3745.0,150.0
2021-01-05 09:41:33.621,0.6443,0.6454,3.0,0.6437,20.0,3745.0,150.0
2021-01-05 09:41:34.120,0.6443,0.6454,3.0,0.643,10.0,3745.0,150.0
2021-01-05 09:41:34.720,0.6443,0.6454,3.0,0.643,10.0,3745.0,150.0
2021-01-05 09:41:35.221,0.6443,0.6454,3.0,0.6433,10.0,3745.0,150.0
2021-01-05 09:41:35.721,0.6443,0.6456,1.0,0.6436,10.0,3745.0,150.0
2021-01-05 09:41:36.070,0.6443,0.6456,1.0,0.644,10.0,3745.0,150.0
2021-01-05 09:41:36.501,0.6443,0.6456,1.0,0.6446,10.0,3745.0,150.0
2021-01-05 09:41:37.210,0.6443,0.6456,1.0,0.6447,5.0,3745.0,150.0
2021-01-05 09:41:37.281,0.6443,0.6456,1.0,0.6448,5.0,3745.0,150.0
2021-01-05 09:41:38.220,0.6456,0.6464,5.0,0.6449,6.0,3745.0,151.0
2021-01-05 09:41:38.650,0.6456,0.6464,5.0,0.6449,1.0,3745.0,151.0
2021-01-05 09:41:39.221,0.6456,0.6464,5.0,0.6446,20.0,3745.0,151.0
2021-01-05 09:41:39.521,0.6456,0.6464,5.0,0.6448,10.0,3745.0,151.0
2021-01-05 09:41:40.231,0.6456,0.6463,15.0,0.6446,20.0,3745.0,151.0
2021-01-05 09:41:40.721,0.6456,0.6463,15.0,0.6446,20.0,3745.0,151.0
2021-01-05 09:41:41.130,0.6456,0.6463,35.0,0.6442,10.0,3745.0,151.0
2021-01-05 09:41:41.630,0.6456,0.6463,35.0,0.6437,10.0,3745.0,151.0
2021-01-05 09:41:42.201,0.6456,0.6463,20.0,0.6437,10.0,3745.0,151.0
2021-01-05 09:41:42.610,0.6456,0.6459,3.0,0.6436,30.0,3745.0,151.0
2021-01-05 09:41:44.181,0.6456,0.6459,3.0,0.6437,3.0,3745.0,151.0
2021-01-05 09:41:44.671,0.6456,0.6459,3.0,0.6438,10.0,3745.0,151.0
2021-01-05 09:41:44.761,0.6456,0.6463,20.0,0.644,10.0,3745.0,151.0
2021-01-05 09:41:45.701,0.6456,0.646,3.0,0.6436,20.0,3745.0,151.0
2021-01-05 09:41:46.191,0.6456,0.646,3.0,0.6437,10.0,3745.0,151.0
2021-01-05 09:41:46.661,0.6456,0.646,3.0,0.6436,20.0,3745.0,151.0
2021-01-05 09:41:47.201,0.6456,0.646,3.0,0.6444,10.0,3745.0,151.0
2021-01-05 09:41:47.741,0.6456,0.6459,10.0,0.6444,10.0,3745.0,151.0
2021-01-05 09:41:48.181,0.6456,0.6459,10.0,0.6447,10.0,3745.0,151.0
2021-01-05 09:41:48.740,0.6456,0.6464,5.0,0.6447,10.0,3745.0,151.0
2021-01-05 09:41:49.191,0.6456,0.6461,20.0,0.6441,20.0,3745.0,151.0
2021-01-05 09:41:49.620,0.6456,0.6463,15.0,0.6451,10.0,3745.0,151.0
2021-01-05 09:41:50.231,0.6456,0.6464,5.0,0.6454,10.0,3745.0,151.0
2021-01-05 09:41:50.661,0.6456,0.6464,5.0,0.6454,10.0,3745.0,151.0
2021-01-05 09:41:51.251,0.6456,0.6464,5.0,0.6446,30.0,3745.0,151.0
2021-01-05 09:41:51.760,0.6456,0.6464,5.0,0.6448,10.0,3745.0,151.0
2021-01-05 09:41:52.261,0.6456,0.6464,5.0,0.6455,10.0,3745.0,151.0
2021-01-05 09:41:52.690,0.6456,0.6464,5.0,0.6458,10.0,3745.0,151.0
2021-01-05 09:41:53.151,0.6464,0.6475,20.0,0.646,10.0,3750.0,156.0
2021-01-05 09:41:53.681,0.6464,0.6475,20.0,0.646,10.0,3750.0,156.0
2021-01-05 09:41:54.161,0.6464,0.6482,20.0,0.646,10.0,3750.0,156.0
2021-01-05 09:41:54.670,0.6464,0.649,30.0,0.646,10.0,3750.0,156.0
2021-01-05 09:41:54.880,0.6464,0.6483,3.0,0.6466,10.0,3750.0,156.0
2021-01-05 09:41:55.671,0.6464,0.6483,3.0,0.6465,20.0,3750.0,156.0
2021-01-05 09:41:56.151,0.6464,0.6483,23.0,0.6466,6.0,3750.0,156.0
2021-01-05 09:41:56.680,0.6464,0.6483,23.0,0.6457,20.0,3750.0,156.0
2021-01-05 09:41:57.110,0.6464,0.6482,5.0,0.6466,10.0,3750.0,156.0
2021-01-05 09:41:57.640,0.6464,0.6481,10.0,0.6457,20.0,3750.0,156.0
2021-01-05 09:41:57.640,0.6464,0.6481,10.0,0.6458,10.0,3750.0,156.0
2021-01-05 09:41:58.660,0.6464,0.6481,10.0,0.646,10.0,3750.0,156.0
2021-01-05 09:41:59.131,0.6464,0.6481,10.0,0.646,10.0,3750.0,156.0
2021-01-05 09:41:59.671,0.6464,0.6483,3.0,0.646,10.0,3750.0,156.0
2021-01-05 09:42:00.151,0.6464,0.6483,3.0,0.6457,30.0,3750.0,156.0
2021-01-05 09:42:00.701,0.6464,0.6483,3.0,0.6462,10.0,3750.0,156.0
2021-01-05 09:42:01.190,0.6464,0.6483,3.0,0.6463,8.0,3750.0,156.0
2021-01-05 09:42:01.651,0.6464,0.6483,3.0,0.6465,10.0,3750.0,156.0
2021-01-05 09:42:02.201,0.6464,0.6483,3.0,0.6464,3.0,3750.0,156.0
2021-01-05 09:42:02.641,0.6464,0.649,30.0,0.6465,15.0,3750.0,156.0
2021-01-05 09:42:02.710,0.6464,0.6489,8.0,0.6463,10.0,3750.0,156.0
2021-01-05 09:42:04.110,0.6464,0.6489,8.0,0.646,10.0,3750.0,156.0
2021-01-05 09:42:04.641,0.6464,0.6489,8.0,0.6457,30.0,3750.0,156.0
2021-01-05 09:42:05.211,0.6464,0.6489,3.0,0.646,10.0,3750.0,156.0
2021-01-05 09:42:06.181,0.6464,0.6489,3.0,0.646,10.0,3750.0,156.0
2021-01-05 09:42:06.690,0.6464,0.6489,3.0,0.6458,10.0,3750.0,156.0
2021-01-05 09:42:07.230,0.6464,0.6489,3.0,0.6461,10.0,3750.0,156.0
2021-01-05 09:42:08.220,0.6464,0.6489,3.0,0.6459,10.0,3750.0,156.0
2021-01-05 09:42:09.230,0.6464,0.6489,3.0,0.6462,10.0,3750.0,156.0
2021-01-05 09:42:09.551,0.6464,0.6489,3.0,0.6462,30.0,3750.0,156.0
2021-01-05 09:42:10.200,0.6464,0.6489,3.0,0.6464,10.0,3750.0,156.0
2021-01-05 09:42:10.681,0.6464,0.6489,3.0,0.6467,10.0,3750.0,156.0
2021-01-05 09:42:10.971,0.6464,0.6488,5.0,0.6471,10.0,3750.0,156.0
2021-01-05 09:42:11.651,0.6464,0.6488,5.0,0.6474,10.0,3750.0,156.0
2021-01-05 09:42:12.200,0.6464,0.6488,5.0,0.6475,5.0,3750.0,156.0
2021-01-05 09:42:12.721,0.6464,0.6488,5.0,0.6478,10.0,3750.0,156.0
2021-01-05 09:42:13.211,0.6464,0.6487,15.0,0.6475,20.0,3750.0,156.0
2021-01-05 09:42:13.731,0.6464,0.6487,15.0,0.6471,10.0,3750.0,156.0
2021-01-05 09:42:14.671,0.6464,0.6487,15.0,0.6467,20.0,3750.0,156.0
2021-01-05 09:42:15.111,0.6464,0.6486,3.0,0.6467,20.0,3750.0,156.0
2021-01-05 09:42:15.650,0.6464,0.6486,3.0,0.6468,3.0,3750.0,156.0
2021-01-05 09:42:16.181,0.6464,0.6486,3.0,0.647,10.0,3750.0,156.0
2021-01-05 09:42:16.651,0.6464,0.6486,3.0,0.6472,10.0,3750.0,156.0
2021-01-05 09:42:17.241,0.6464,0.6486,3.0,0.6469,10.0,3750.0,156.0
2021-01-05 09:42:17.681,0.6464,0.6486,3.0,0.6472,10.0,3750.0,156.0
2021-01-05 09:42:18.100,0.6464,0.6485,10.0,0.6469,10.0,3750.0,156.0
2021-01-05 09:42:18.570,0.6464,0.6479,3.0,0.6467,20.0,3750.0,156.0
2021-01-05 09:42:19.210,0.6464,0.6479,3.0,0.6467,20.0,3750.0,156.0
2021-01-05 09:42:19.210,0.6464,0.6479,3.0,0.6467,20.0,3750.0,156.0
2021-01-05 09:42:20.150,0.6464,0.6479,3.0,0.6467,20.0,3750.0,156.0
2021-01-05 09:42:20.680,0.6464,0.6488,5.0,0.6468,6.0,3750.0,156.0
2021-01-05 09:42:21.231,0.6464,0.6488,5.0,0.6468,11.0,3750.0,156.0
2021-01-05 09:42:21.621,0.6464,0.6487,3.0,0.6479,5.0,3750.0,156.0
2021-01-05 09:42:22.221,0.6479,0.6486,10.0,0.647,10.0,3755.0,161.0
2021-01-05 09:42:22.370,0.6479,0.6486,5.0,0.6473,20.0,3755.0,161.0
2021-01-05 09:42:22.981,0.6479,0.6486,5.0,0.6474,10.0,3755.0,161.0
2021-01-05 09:42:23.631,0.6479,0.6486,5.0,0.6474,11.0,3755.0,161.0
2021-01-05 09:42:24.151,0.6479,0.6486,5.0,0.6474,11.0,3755.0,161.0
2021-01-05 09:42:24.670,0.6479,0.6488,5.0,0.6474,11.0,3755.0,161.0
2021-01-05 09:42:25.200,0.6479,0.6488,5.0,0.6474,1.0,3755.0,161.0
2021-01-05 09:42:25.511,0.6479,0.6488,5.0,0.6475,20.0,3755.0,161.0
2021-01-05 09:42:26.130,0.6479,0.6488,5.0,0.6475,20.0,3755.0,161.0
2021-01-05 09:42:27.651,0.6479,0.6488,5.0,0.6474,11.0,3755.0,161.0
2021-01-05 09:42:28.130,0.6479,0.6488,5.0,0.6475,5.0,3755.0,161.0
2021-01-05 09:42:29.680,0.6479,0.6488,5.0,0.6478,10.0,3755.0,161.0
2021-01-05 09:42:30.110,0.6479,0.6488,5.0,0.6476,15.0,3755.0,161.0
2021-01-05 09:42:30.710,0.6479,0.6488,5.0,0.6476,5.0,3755.0,161.0
2021-01-05 09:42:31.200,0.6479,0.6488,5.0,0.6479,10.0,3755.0,161.0
2021-01-05 09:42:31.720,0.6479,0.6488,5.0,0.6478,20.0,3755.0,161.0
2021-01-05 09:42:31.970,0.6479,0.6488,5.0,0.6479,20.0,3755.0,161.0
2021-01-05 09:42:32.721,0.6479,0.6488,5.0,0.648,5.0,3755.0,161.0
2021-01-05 09:42:32.781,0.6479,0.6488,5.0,0.6479,15.0,3755.0,161.0
2021-01-05 09:42:33.720,0.6479,0.6488,5.0,0.6479,25.0,3755.0,161.0
2021-01-05 09:42:34.210,0.6479,0.6488,5.0,0.6478,20.0,3755.0,161.0
2021-01-05 09:42:34.731,0.6479,0.6488,5.0,0.6475,10.0,3755.0,161.0
2021-01-05 09:42:35.151,0.6479,0.6488,5.0,0.6476,15.0,3755.0,161.0
2021-01-05 09:42:35.701,0.6479,0.6488,5.0,0.6477,10.0,3755.0,161.0
2021-01-05 09:42:36.200,0.6479,0.6488,5.0,0.6477,15.0,3755.0,161.0
2021-01-05 09:42:36.650,0.6479,0.6488,5.0,0.6477,5.0,3755.0,161.0
2021-01-05 09:42:37.251,0.6479,0.6488,5.0,0.6478,10.0,3755.0,161.0
2021-01-05 09:42:37.751,0.6479,0.6488,5.0,0.6479,15.0,3755.0,161.0
2021-01-05 09:42:38.200,0.6479,0.6488,5.0,0.6479,15.0,3755.0,161.0
2021-01-05 09:42:38.661,0.6479,0.6488,5.0,0.6479,15.0,3755.0,161.0
2021-01-05 09:42:39.530,0.6479,0.6488,5.0,0.648,5.0,3755.0,161.0
2021-01-05 09:42:40.221,0.6479,0.6488,5.0,0.6481,20.0,3755.0,161.0
2021-01-05 09:42:40.721,0.6479,0.6488,5.0,0.6481,15.0,3755.0,161.0
2021-01-05 09:42:41.161,0.6479,0.6488,5.0,0.6482,5.0,3755.0,161.0
2021-01-05 09:42:41.731,0.6488,0.6506,20.0,0.6482,5.0,3755.0,166.0
2021-01-05 09:42:42.250,0.6488,0.6506,20.0,0.6482,5.0,3755.0,166.0
2021-01-05 09:42:42.640,0.6488,0.6505,13.0,0.6479,20.0,3755.0,166.0
2021-01-05 09:42:43.251,0.6488,0.6505,13.0,0.6477,10.0,3755.0,166.0
2021-01-05 09:42:43.741,0.6488,0.6504,10.0,0.6474,1.0,3755.0,166.0
2021-01-05 09:42:44.081,0.6488,0.6503,3.0,0.6474,1.0,3755.0,166.0
2021-01-05 09:42:44.670,0.6488,0.6503,3.0,0.6484,10.0,3755.0,166.0
2021-01-05 09:42:45.191,0.6488,0.6494,10.0,0.6476,1.0,3755.0,166.0
2021-01-05 09:42:45.650,0.6488,0.6503,3.0,0.6484,20.0,3755.0,166.0
2021-01-05 09:42:46.240,0.6488,0.6503,3.0,0.6478,10.0,3755.0,166.0
2021-01-05 09:42:46.680,0.6488,0.6506,20.0,0.6478,30.0,3755.0,166.0
2021-01-05 09:42:47.160,0.6488,0.6506,20.0,0.6479,1.0,3755.0,166.0
2021-01-05 09:42:47.690,0.6488,0.6506,20.0,0.6481,10.0,3755.0,166.0
2021-01-05 09:42:48.171,0.6488,0.6506,20.0,0.6481,10.0,3755.0,166.0
2021-01-05 09:42:48.630,0.6488,0.6505,5.0,0.6479,1.0,3755.0,166.0
2021-01-05 09:42:49.750,0.6488,0.6505,5.0,0.6479,1.0,3755.0,166.0
2021-01-05 09:42:50.261,0.6488,0.6505,5.0,0.6479,1.0,3755.0,166.0
2021-01-05 09:42:50.720,0.6506,0.6506,19.0,0.6481,10.0,3755.0,167.0
2021-01-05 09:42:51.060,0.6506,0.6506,20.0,0.6481,10.0,3755.0,167.0
2021-01-05 09:42:52.251,0.6506,0.6506,19.0,0.6481,10.0,3755.0,168.0
2021-01-05 09:42:52.601,0.6506,0.6506,20.0,0.6482,5.0,3755.0,168.0
2021-01-05 09:42:53.181,0.6506,0.6506,19.0,0.6483,5.0,3755.0,169.0
2021-01-05 09:42:54.191,0.6506,0.6506,20.0,0.6483,30.0,3755.0,169.0
2021-01-05 09:42:54.710,0.6506,0.6506,20.0,0.6483,30.0,3755.0,169.0
2021-01-05 09:42:55.190,0.6506,0.6506,20.0,0.6483,20.0,3755.0,169.0
2021-01-05 09:42:55.701,0.6506,0.6505,5.0,0.6482,10.0,3755.0,169.0
2021-01-05 09:42:56.191,0.6506,0.6506,20.0,0.6483,10.0,3755.0,169.0
2021-01-05 09:42:56.631,0.6506,0.6506,20.0,0.6484,5.0,3755.0,169.0
2021-01-05 09:42:57.140,0.6506,0.6506,19.0,0.6483,25.0,3755.0,170.0
2021-01-05 09:42:57.530,0.6506,0.6506,20.0,0.6484,16.0,3755.0,170.0
2021-01-05 09:42:58.220,0.6506,0.6516,30.0,0.6488,10.0,3755.0,170.0
2021-01-05 09:42:58.731,0.6506,0.6514,3.0,0.6488,20.0,3755.0,170.0
2021-01-05 09:42:59.230,0.6506,0.6498,10.0,0.6484,5.0,3755.0,170.0
2021-01-05 09:42:59.651,0.6506,0.6503,20.0,0.6486,10.0,3755.0,170.0
2021-01-05 09:43:00.131,0.6506,0.6509,20.0,0.6485,15.0,3755.0,170.0
2021-01-05 09:43:00.721,0.6506,0.6514,3.0,0.6486,20.0,3755.0,170.0
2021-01-05 09:43:01.201,0.6506,0.6514,3.0,0.6483,20.0,3755.0,170.0
2021-01-05 09:43:01.701,0.6506,0.6514,3.0,0.6498,1.0,3755.0,170.0
2021-01-05 09:43:02.091,0.6506,0.6505,1.0,0.6498,1.0,3755.0,170.0
2021-01-05 09:43:02.681,0.6506,0.651,20.0,0.6499,7.0,3755.0,170.0
2021-01-05 09:43:03.241,0.6506,0.651,20.0,0.6499,7.0,3755.0,170.0
2021-01-05 09:43:03.701,0.6506,0.6514,3.0,0.6499,2.0,3755.0,170.0
2021-01-05 09:43:04.240,0.6506,0.6513,6.0,0.6498,1.0,3755.0,170.0
2021-01-05 09:43:04.740,0.6506,0.6504,1.0,0.6498,1.0,3755.0,170.0
2021-01-05 09:43:05.251,0.6498,0.6497,1.0,0.6488,20.0,3755.0,171.0
2021-01-05 09:43:05.681,0.6498,0.6496,10.0,0.6478,30.0,3755.0,171.0
2021-01-05 09:43:05.871,0.6498,0.6498,19.0,0.6478,20.0,3755.0,172.0
2021-01-05 09:43:06.680,0.6498,0.6508,30.0,0.6478,20.0,3755.0,172.0
2021-01-05 09:43:07.231,0.6498,0.6504,3.0,0.6478,30.0,3755.0,172.0
2021-01-05 09:43:08.181,0.6498,0.6503,5.0,0.6478,20.0,3755.0,172.0
2021-01-05 09:43:08.661,0.6498,0.6501,3.0,0.6478,20.0,3755.0,172.0
2021-01-05 09:43:09.231,0.6498,0.6501,3.0,0.6478,20.0,3755.0,172.0
2021-01-05 09:43:09.740,0.6498,0.6501,3.0,0.6475,10.0,3755.0,172.0
2021-01-05 09:43:10.150,0.6503,0.6508,30.0,0.6484,10.0,3755.0,173.0
2021-01-05 09:43:10.670,0.6508,0.6508,20.0,0.6484,10.0,3764.0,182.0
2021-01-05 09:43:10.991,0.6508,0.6512,10.0,0.6484,10.0,3764.0,182.0
2021-01-05 09:43:11.750,0.6508,0.6512,10.0,0.6484,10.0,3764.0,182.0
2021-01-05 09:43:13.210,0.6508,0.6511,10.0,0.6481,20.0,3764.0,182.0
2021-01-05 09:43:13.740,0.6508,0.6511,10.0,0.6475,10.0,3764.0,182.0
2021-01-05 09:43:14.270,0.6508,0.6504,10.0,0.6474,1.0,3764.0,182.0
2021-01-05 09:43:14.770,0.6504,0.6504,10.0,0.6474,1.0,3764.0,183.0
2021-01-05 09:43:15.241,0.6504,0.6503,10.0,0.6474,1.0,3764.0,183.0
2021-01-05 09:43:15.771,0.6504,0.6503,20.0,0.6474,1.0,3764.0,183.0
2021-01-05 09:43:16.270,0.6504,0.6503,40.0,0.6477,2.0,3764.0,183.0
2021-01-05 09:43:16.720,0.6504,0.6503,10.0,0.6474,1.0,3764.0,183.0
2021-01-05 09:43:17.271,0.6504,0.6503,30.0,0.6474,1.0,3764.0,183.0
2021-01-05 09:43:17.771,0.6504,0.6503,10.0,0.6474,1.0,3764.0,183.0
2021-01-05 09:43:18.270,0.6504,0.6503,30.0,0.6474,1.0,3764.0,183.0
2021-01-05 09:43:18.741,0.6503,0.6505,10.0,0.6474,1.0,3764.0,184.0
2021-01-05 09:43:19.261,0.6503,0.6502,10.0,0.6474,1.0,3764.0,184.0
2021-01-05 09:43:21.271,0.6503,0.6502,10.0,0.6475,10.0,3764.0,184.0
2021-01-05 09:43:21.701,0.6503,0.6502,10.0,0.6477,10.0,3764.0,184.0
2021-01-05 09:43:22.281,0.6502,0.6503,20.0,0.6477,10.0,3764.0,185.0
2021-01-05 09:43:22.641,0.6502,0.6503,20.0,0.6477,20.0,3764.0,185.0
2021-01-05 09:43:23.190,0.6502,0.6507,10.0,0.6478,10.0,3764.0,185.0
2021-01-05 09:43:24.120,0.6502,0.6507,10.0,0.6479,10.0,3764.0,185.0
2021-01-05 09:43:25.201,0.6502,0.6507,10.0,0.648,15.0,3764.0,185.0
2021-01-05 09:43:25.701,0.6502,0.6507,10.0,0.6482,10.0,3764.0,185.0
2021-01-05 09:43:26.181,0.6502,0.6507,10.0,0.6484,10.0,3764.0,185.0
2021-01-05 09:43:26.621,0.6502,0.6507,10.0,0.6482,20.0,3764.0,185.0
2021-01-05 09:43:27.190,0.6502,0.6508,20.0,0.6485,10.0,3764.0,185.0
2021-01-05 09:43:27.591,0.6502,0.6514,10.0,0.6482,20.0,3764.0,185.0
2021-01-05 09:43:28.000,0.6502,0.6514,10.0,0.6479,10.0,3764.0,185.0
2021-01-05 09:43:29.660,0.6502,0.6515,40.0,0.6481,10.0,3764.0,185.0
2021-01-05 09:43:30.701,0.6502,0.6513,10.0,0.6478,10.0,3764.0,185.0
2021-01-05 09:43:31.111,0.6502,0.6515,40.0,0.6482,10.0,3764.0,185.0
2021-01-05 09:43:31.720,0.6502,0.6515,40.0,0.6484,10.0,3764.0,185.0
2021-01-05 09:43:33.141,0.6502,0.6513,10.0,0.6482,20.0,3764.0,185.0
2021-01-05 09:43:33.600,0.6502,0.6513,10.0,0.6478,10.0,3764.0,185.0
2021-01-05 09:43:34.221,0.6502,0.6515,40.0,0.6482,10.0,3764.0,185.0
2021-01-05 09:43:34.661,0.6502,0.6515,40.0,0.6482,30.0,3764.0,185.0
2021-01-05 09:43:35.160,0.6502,0.6514,10.0,0.6482,20.0,3764.0,185.0
2021-01-05 09:43:35.610,0.6502,0.6514,10.0,0.6479,10.0,3764.0,185.0
2021-01-05 09:43:36.661,0.6502,0.6514,10.0,0.6479,10.0,3764.0,185.0
2021-01-05 09:43:39.241,0.6502,0.6515,30.0,0.6482,10.0,3764.0,185.0
2021-01-05 09:43:39.711,0.6502,0.6515,30.0,0.6482,30.0,3764.0,185.0
2021-01-05 09:43:40.731,0.6502,0.6515,30.0,0.6482,30.0,3764.0,185.0
2021-01-05 09:43:41.231,0.6502,0.6498,5.0,0.6482,30.0,3764.0,185.0
2021-01-05 09:43:41.671,0.6502,0.6498,5.0,0.6483,20.0,3764.0,185.0
2021-01-05 09:43:43.231,0.6502,0.6498,5.0,0.6483,20.0,3764.0,185.0
2021-01-05 09:43:43.651,0.6502,0.6497,10.0,0.6477,20.0,3764.0,185.0
2021-01-05 09:43:44.251,0.6502,0.6496,5.0,0.6477,20.0,3764.0,185.0
2021-01-05 09:43:44.670,0.6502,0.6496,5.0,0.6477,20.0,3764.0,185.0
2021-01-05 09:43:45.221,0.6502,0.6496,5.0,0.6477,20.0,3764.0,185.0
2021-01-05 09:43:45.630,0.6502,0.6498,5.0,0.6478,15.0,3764.0,185.0
2021-01-05 09:43:46.151,0.6502,0.6498,5.0,0.6479,10.0,3764.0,185.0
2021-01-05 09:43:46.750,0.6502,0.6498,5.0,0.6478,15.0,3764.0,185.0
2021-01-05 09:43:47.250,0.6502,0.6498,5.0,0.6482,10.0,3764.0,185.0
2021-01-05 09:43:47.661,0.6502,0.6498,5.0,0.6482,30.0,3764.0,185.0
2021-01-05 09:43:48.220,0.6502,0.6498,5.0,0.6482,20.0,3764.0,185.0
2021-01-05 09:43:48.641,0.6502,0.6497,15.0,0.6477,20.0,3764.0,185.0
2021-01-05 09:43:49.061,0.6502,0.6497,15.0,0.6477,20.0,3764.0,185.0
2021-01-05 09:43:49.601,0.6502,0.6497,15.0,0.6477,20.0,3764.0,185.0
2021-01-05 09:43:50.170,0.6502,0.6497,15.0,0.6477,20.0,3764.0,185.0
2021-01-05 09:43:50.721,0.6502,0.6496,5.0,0.6474,1.0,3764.0,185.0
2021-01-05 09:43:50.881,0.6502,0.6496,10.0,0.6474,1.0,3764.0,185.0
2021-01-05 09:43:52.681,0.6502,0.6495,1.0,0.6474,1.0,3764.0,185.0
2021-01-05 09:43:53.201,0.6502,0.6495,21.0,0.6474,1.0,3764.0,185.0
2021-01-05 09:43:53.610,0.6502,0.6495,21.0,0.6474,1.0,3764.0,185.0
2021-01-05 09:43:54.191,0.6502,0.6494,1.0,0.6474,1.0,3764.0,185.0
2021-01-05 09:43:54.680,0.6502,0.6494,1.0,0.6474,1.0,3764.0,185.0
2021-01-05 09:43:54.980,0.6502,0.6493,1.0,0.6474,1.0,3764.0,185.0
2021-01-05 09:43:55.660,0.6502,0.6492,1.0,0.6474,1.0,3764.0,185.0
2021-01-05 09:43:56.200,0.6502,0.6492,1.0,0.6474,1.0,3764.0,185.0
2021-01-05 09:43:56.721,0.6502,0.6491,1.0,0.6474,1.0,3764.0,185.0
2021-01-05 09:43:57.230,0.6502,0.6494,10.0,0.6475,2.0,3764.0,185.0
