,last,ask1,asize1,bid1,bsize1,oi,volume
2021-01-05 09:25:00.080,,0.5544,1.0,0.5345,1.0,741.0,
2021-01-05 09:30:00.451,,0.5445,20.0,0.5362,20.0,741.0,
2021-01-05 09:30:00.991,,0.5418,20.0,0.5335,20.0,741.0,
2021-01-05 09:30:01.481,0.5418,0.5418,19.0,0.5212,1.0,742.0,1.0
2021-01-05 09:30:01.990,0.5418,0.5411,20.0,0.5328,20.0,742.0,1.0
2021-01-05 09:30:02.211,0.5418,0.54,20.0,0.5319,20.0,742.0,1.0
2021-01-05 09:30:03.010,0.5418,0.5411,20.0,0.5327,20.0,742.0,1.0
2021-01-05 09:30:03.980,0.5418,0.542,20.0,0.5337,20.0,742.0,1.0
2021-01-05 09:30:04.430,0.5418,0.541,20.0,0.5327,20.0,742.0,1.0
2021-01-05 09:30:05.010,0.5418,0.5394,20.0,0.5311,20.0,742.0,1.0
2021-01-05 09:30:05.990,0.5418,0.5384,20.0,0.5212,1.0,742.0,1.0
2021-01-05 09:30:06.480,0.5418,0.5394,20.0,0.5212,1.0,742.0,1.0
2021-01-05 09:30:08.960,0.5418,0.5394,20.0,0.5212,1.0,742.0,1.0
2021-01-05 09:30:09.490,0.5418,0.5353,20.0,0.527,20.0,742.0,1.0
2021-01-05 09:30:11.000,0.5418,0.5346,20.0,0.5263,20.0,742.0,1.0
2021-01-05 09:30:13.000,0.5418,0.5353,20.0,0.5273,20.0,742.0,1.0
2021-01-05 09:30:13.501,0.5418,0.5361,20.0,0.5279,20.0,742.0,1.0
2021-01-05 09:30:15.991,0.5418,0.5361,20.0,0.5279,20.0,742.0,1.0
2021-01-05 09:30:17.021,0.5418,0.537,20.0,0.5288,20.0,742.0,1.0
2021-01-05 09:30:18.231,0.5418,0.5384,20.0,0.5301,20.0,742.0,1.0
2021-01-05 09:30:19.251,0.5418,0.5384,20.0,0.5306,20.0,742.0,1.0
2021-01-05 09:30:19.741,0.5418,0.5391,20.0,0.5306,20.0,742.0,1.0
2021-01-05 09:30:20.740,0.5418,0.5384,20.0,0.5301,20.0,742.0,1.0
2021-01-05 09:30:21.241,0.5418,0.5384,20.0,0.5301,20.0,742.0,1.0
2021-01-05 09:30:21.741,0.5418,0.5384,20.0,0.5301,20.0,742.0,1.0
2021-01-05 09:30:22.240,0.5418,0.5374,20.0,0.5291,20.0,742.0,1.0
2021-01-05 09:30:22.671,0.5418,0.5379,20.0,0.5296,20.0,742.0,1.0
2021-01-05 09:30:23.670,0.5418,0.5369,20.0,0.5286,20.0,742.0,1.0
2021-01-05 09:30:24.161,0.5418,0.5369,20.0,0.5286,20.0,742.0,1.0
2021-01-05 09:30:24.661,0.5418,0.5363,20.0,0.528,20.0,742.0,1.0
2021-01-05 09:30:25.160,0.5418,0.5358,20.0,0.5275,20.0,742.0,1.0
2021-01-05 09:30:26.601,0.5418,0.5353,20.0,0.5275,20.0,742.0,1.0
2021-01-05 09:30:27.671,0.5418,0.5358,20.0,0.5275,20.0,742.0,1.0
2021-01-05 09:30:28.161,0.5418,0.5358,20.0,0.5275,20.0,742.0,1.0
2021-01-05 09:30:28.641,0.5418,0.5353,20.0,0.5275,20.0,742.0,1.0
2021-01-05 09:30:29.150,0.5418,0.5353,20.0,0.527,20.0,742.0,1.0
2021-01-05 09:30:29.661,0.5418,0.5353,20.0,0.527,20.0,742.0,1.0
2021-01-05 09:30:30.171,0.5418,0.5358,20.0,0.527,20.0,742.0,1.0
2021-01-05 09:30:30.620,0.5418,0.5358,20.0,0.528,20.0,742.0,1.0
2021-01-05 09:30:31.121,0.5418,0.5358,20.0,0.528,20.0,742.0,1.0
2021-01-05 09:30:31.661,0.5418,0.5365,20.0,0.528,20.0,742.0,1.0
2021-01-05 09:30:32.140,0.5418,0.5365,20.0,0.5285,20.0,742.0,1.0
2021-01-05 09:30:32.551,0.5418,0.5365,20.0,0.5292,20.0,742.0,1.0
2021-01-05 09:30:33.171,0.5418,0.5365,20.0,0.5292,20.0,742.0,1.0
2021-01-05 09:30:33.671,0.5418,0.5365,20.0,0.5292,20.0,742.0,1.0
2021-01-05 09:30:36.170,0.5418,0.5365,20.0,0.5285,20.0,742.0,1.0
2021-01-05 09:30:38.700,0.5418,0.5365,20.0,0.529,20.0,742.0,1.0
2021-01-05 09:30:39.201,0.5418,0.5365,20.0,0.5285,20.0,742.0,1.0
2021-01-05 09:30:43.180,0.5418,0.5365,20.0,0.5292,20.0,742.0,1.0
2021-01-05 09:30:43.681,0.5418,0.5365,20.0,0.5292,20.0,742.0,1.0
2021-01-05 09:30:46.200,0.5418,0.5365,20.0,0.5301,20.0,742.0,1.0
2021-01-05 09:30:46.701,0.5418,0.5365,20.0,0.5301,20.0,742.0,1.0
2021-01-05 09:30:47.191,0.5418,0.5365,20.0,0.5301,20.0,742.0,1.0
2021-01-05 09:30:47.691,0.5418,0.5365,20.0,0.531,20.0,742.0,1.0
2021-01-05 09:30:48.200,0.5418,0.5365,20.0,0.531,20.0,742.0,1.0
2021-01-05 09:30:48.240,0.5418,0.5365,20.0,0.531,20.0,742.0,1.0
2021-01-05 09:30:50.171,0.5418,0.5365,20.0,0.531,20.0,742.0,1.0
2021-01-05 09:30:50.720,0.5418,0.5365,20.0,0.5301,20.0,742.0,1.0
2021-01-05 09:30:51.181,0.5418,0.5388,20.0,0.5301,20.0,742.0,1.0
2021-01-05 09:30:52.221,0.5418,0.5388,20.0,0.5306,20.0,742.0,1.0
2021-01-05 09:30:52.651,0.5418,0.5393,20.0,0.5306,20.0,742.0,1.0
2021-01-05 09:30:53.120,0.5418,0.5393,20.0,0.5306,20.0,742.0,1.0
2021-01-05 09:30:55.081,0.5418,0.5393,20.0,0.5314,20.0,742.0,1.0
2021-01-05 09:30:55.671,0.5418,0.5393,20.0,0.5314,20.0,742.0,1.0
2021-01-05 09:30:56.170,0.5418,0.5393,20.0,0.5314,20.0,742.0,1.0
2021-01-05 09:30:58.091,0.5418,0.5393,20.0,0.5306,20.0,742.0,1.0
2021-01-05 09:30:59.171,0.5418,0.5387,20.0,0.5306,20.0,742.0,1.0
2021-01-05 09:31:00.681,0.5418,0.5377,20.0,0.5295,20.0,742.0,1.0
2021-01-05 09:31:01.150,0.5418,0.5377,20.0,0.5295,20.0,742.0,1.0
2021-01-05 09:31:02.170,0.5418,0.5361,20.0,0.5281,30.0,742.0,1.0
2021-01-05 09:31:02.681,0.5418,0.5371,20.0,0.5288,20.0,742.0,1.0
2021-01-05 09:31:03.680,0.5418,0.5363,20.0,0.5281,30.0,742.0,1.0
2021-01-05 09:31:04.181,0.5418,0.5363,20.0,0.5281,30.0,742.0,1.0
2021-01-05 09:31:04.671,0.5418,0.5363,20.0,0.5281,20.0,742.0,1.0
2021-01-05 09:31:05.670,0.5418,0.5358,20.0,0.5275,20.0,742.0,1.0
2021-01-05 09:31:06.160,0.5418,0.5368,20.0,0.5285,20.0,742.0,1.0
2021-01-05 09:31:06.681,0.5418,0.5368,20.0,0.5285,20.0,742.0,1.0
2021-01-05 09:31:07.190,0.5418,0.5376,20.0,0.5294,20.0,742.0,1.0
2021-01-05 09:31:07.670,0.5418,0.5376,20.0,0.5294,20.0,742.0,1.0
2021-01-05 09:31:08.200,0.5418,0.5376,20.0,0.5294,20.0,742.0,1.0
2021-01-05 09:31:08.650,0.5418,0.5376,20.0,0.5306,20.0,742.0,1.0
2021-01-05 09:31:09.101,0.5418,0.5376,20.0,0.5294,20.0,742.0,1.0
2021-01-05 09:31:09.701,0.5418,0.5376,20.0,0.5294,30.0,742.0,1.0
2021-01-05 09:31:10.200,0.5418,0.5376,20.0,0.5299,20.0,742.0,1.0
2021-01-05 09:31:10.690,0.5418,0.5376,20.0,0.5299,20.0,742.0,1.0
2021-01-05 09:31:11.170,0.5418,0.5376,20.0,0.5299,20.0,742.0,1.0
2021-01-05 09:31:12.711,0.5418,0.5376,20.0,0.5294,30.0,742.0,1.0
2021-01-05 09:31:13.170,0.5418,0.5376,20.0,0.53,20.0,742.0,1.0
2021-01-05 09:31:14.690,0.5418,0.5376,20.0,0.5294,30.0,742.0,1.0
2021-01-05 09:31:17.201,0.5418,0.5376,20.0,0.5299,20.0,742.0,1.0
2021-01-05 09:31:18.720,0.5418,0.5376,20.0,0.5305,20.0,742.0,1.0
2021-01-05 09:31:19.150,0.5418,0.5376,20.0,0.5313,20.0,742.0,1.0
2021-01-05 09:31:19.721,0.5418,0.5376,20.0,0.5305,20.0,742.0,1.0
2021-01-05 09:31:20.171,0.5418,0.5376,20.0,0.5305,20.0,742.0,1.0
2021-01-05 09:31:20.630,0.5418,0.5376,20.0,0.5314,20.0,742.0,1.0
2021-01-05 09:31:21.221,0.5418,0.5376,20.0,0.5305,20.0,742.0,1.0
2021-01-05 09:31:21.671,0.5418,0.5376,20.0,0.5294,10.0,742.0,1.0
2021-01-05 09:31:22.211,0.5418,0.5376,20.0,0.5299,20.0,742.0,1.0
2021-01-05 09:31:22.620,0.5418,0.5376,20.0,0.5299,20.0,742.0,1.0
2021-01-05 09:31:23.171,0.5418,0.5354,10.0,0.5299,20.0,742.0,1.0
2021-01-05 09:31:23.640,0.5418,0.5354,30.0,0.5299,10.0,742.0,1.0
2021-01-05 09:31:24.161,0.5418,0.5354,30.0,0.5299,30.0,742.0,1.0
2021-01-05 09:31:24.660,0.5418,0.5354,30.0,0.5303,10.0,742.0,1.0
2021-01-05 09:31:25.150,0.5418,0.5354,30.0,0.5306,10.0,742.0,1.0
2021-01-05 09:31:25.630,0.5418,0.5354,10.0,0.531,10.0,742.0,1.0
2021-01-05 09:31:26.141,0.5418,0.5354,10.0,0.5306,20.0,742.0,1.0
2021-01-05 09:31:26.681,0.5418,0.5354,10.0,0.5303,10.0,742.0,1.0
2021-01-05 09:31:27.171,0.5418,0.5354,10.0,0.5309,10.0,742.0,1.0
2021-01-05 09:31:27.590,0.5418,0.5354,10.0,0.5305,10.0,742.0,1.0
2021-01-05 09:31:28.091,0.5418,0.5354,10.0,0.5305,30.0,742.0,1.0
2021-01-05 09:31:28.610,0.5418,0.5354,10.0,0.5305,20.0,742.0,1.0
2021-01-05 09:31:29.171,0.5418,0.5354,10.0,0.5307,10.0,742.0,1.0
2021-01-05 09:31:30.170,0.5418,0.5354,10.0,0.5307,20.0,742.0,1.0
2021-01-05 09:31:30.671,0.5418,0.5354,10.0,0.5309,10.0,742.0,1.0
2021-01-05 09:31:31.150,0.5418,0.5354,10.0,0.5307,20.0,742.0,1.0
2021-01-05 09:31:31.630,0.5418,0.5354,10.0,0.5307,20.0,742.0,1.0
2021-01-05 09:31:32.191,0.5418,0.5354,10.0,0.5307,20.0,742.0,1.0
2021-01-05 09:31:32.671,0.5418,0.5354,10.0,0.5304,10.0,742.0,1.0
2021-01-05 09:31:33.190,0.5418,0.5354,10.0,0.5305,10.0,742.0,1.0
2021-01-05 09:31:34.181,0.5418,0.5354,10.0,0.5307,10.0,742.0,1.0
2021-01-05 09:31:34.681,0.5418,0.5354,10.0,0.5304,20.0,742.0,1.0
2021-01-05 09:31:35.190,0.5418,0.5354,10.0,0.5302,10.0,742.0,1.0
2021-01-05 09:31:35.670,0.5418,0.5354,10.0,0.5304,10.0,742.0,1.0
2021-01-05 09:31:36.181,0.5418,0.5354,10.0,0.5301,10.0,742.0,1.0
2021-01-05 09:31:36.690,0.5418,0.5354,10.0,0.5299,20.0,742.0,1.0
2021-01-05 09:31:37.191,0.5418,0.5354,10.0,0.5303,10.0,742.0,1.0
2021-01-05 09:31:37.191,0.5418,0.5354,10.0,0.5303,10.0,742.0,1.0
2021-01-05 09:31:38.190,0.5418,0.5355,20.0,0.531,10.0,742.0,1.0
2021-01-05 09:31:39.210,0.5418,0.5372,30.0,0.5312,10.0,742.0,1.0
2021-01-05 09:31:39.710,0.5418,0.5372,30.0,0.5311,10.0,742.0,1.0
2021-01-05 09:31:40.200,0.5418,0.5372,30.0,0.5313,10.0,742.0,1.0
2021-01-05 09:31:40.711,0.5418,0.5372,30.0,0.532,10.0,742.0,1.0
2021-01-05 09:31:41.191,0.5418,0.5372,30.0,0.532,30.0,742.0,1.0
2021-01-05 09:31:41.700,0.5418,0.5372,10.0,0.5324,10.0,742.0,1.0
2021-01-05 09:31:42.211,0.5418,0.5372,10.0,0.532,30.0,742.0,1.0
2021-01-05 09:31:43.191,0.5418,0.5372,30.0,0.532,20.0,742.0,1.0
2021-01-05 09:31:43.710,0.5418,0.5372,30.0,0.532,20.0,742.0,1.0
2021-01-05 09:31:44.190,0.5418,0.5372,30.0,0.5314,10.0,742.0,1.0
2021-01-05 09:31:44.691,0.5418,0.5372,30.0,0.531,20.0,742.0,1.0
2021-01-05 09:31:45.170,0.5418,0.5372,30.0,0.5318,10.0,742.0,1.0
2021-01-05 09:31:45.621,0.5418,0.5372,30.0,0.5318,20.0,742.0,1.0
2021-01-05 09:31:46.071,0.5418,0.5372,30.0,0.532,10.0,742.0,1.0
2021-01-05 09:31:46.701,0.5418,0.5372,30.0,0.532,30.0,742.0,1.0
2021-01-05 09:31:47.191,0.5418,0.5372,30.0,0.532,20.0,742.0,1.0
2021-01-05 09:31:47.690,0.5418,0.5372,30.0,0.5321,10.0,742.0,1.0
2021-01-05 09:31:48.211,0.5418,0.5372,30.0,0.5321,30.0,742.0,1.0
2021-01-05 09:31:49.711,0.5418,0.5372,30.0,0.5327,10.0,742.0,1.0
2021-01-05 09:31:50.191,0.5418,0.5372,20.0,0.5333,10.0,742.0,1.0
2021-01-05 09:31:50.710,0.5418,0.5389,30.0,0.5333,20.0,742.0,1.0
2021-01-05 09:31:51.210,0.5418,0.5389,20.0,0.5333,20.0,742.0,1.0
2021-01-05 09:31:51.701,0.5418,0.5389,20.0,0.5329,10.0,742.0,1.0
2021-01-05 09:31:52.621,0.5418,0.5389,20.0,0.5349,10.0,742.0,1.0
2021-01-05 09:31:53.171,0.5418,0.5389,20.0,0.5349,30.0,742.0,1.0
2021-01-05 09:31:53.630,0.5418,0.5389,20.0,0.5349,30.0,742.0,1.0
2021-01-05 09:31:54.151,0.5418,0.5389,20.0,0.5349,30.0,742.0,1.0
2021-01-05 09:31:54.641,0.5418,0.5389,20.0,0.5349,30.0,742.0,1.0
2021-01-05 09:31:55.150,0.5418,0.5401,30.0,0.5349,30.0,742.0,1.0
2021-01-05 09:31:55.670,0.5418,0.5401,30.0,0.5349,30.0,742.0,1.0
2021-01-05 09:31:56.110,0.5418,0.5401,20.0,0.5364,10.0,742.0,1.0
2021-01-05 09:31:56.681,0.5418,0.5416,30.0,0.5364,30.0,742.0,1.0
2021-01-05 09:31:57.171,0.5418,0.5416,20.0,0.5364,30.0,742.0,1.0
2021-01-05 09:31:58.171,0.5418,0.5414,10.0,0.5364,30.0,742.0,1.0
2021-01-05 09:31:59.180,0.5418,0.5416,30.0,0.5364,30.0,742.0,1.0
2021-01-05 09:31:59.660,0.5418,0.5416,30.0,0.5364,30.0,742.0,1.0
2021-01-05 09:32:00.150,0.5418,0.5414,10.0,0.5364,30.0,742.0,1.0
2021-01-05 09:32:00.650,0.5418,0.5416,30.0,0.5364,30.0,742.0,1.0
2021-01-05 09:32:01.170,0.5418,0.5416,30.0,0.5364,30.0,742.0,1.0
2021-01-05 09:32:01.670,0.5418,0.5414,10.0,0.5364,30.0,742.0,1.0
2021-01-05 09:32:02.171,0.5418,0.5412,10.0,0.5364,30.0,742.0,1.0
2021-01-05 09:32:02.671,0.5418,0.5397,10.0,0.5364,20.0,742.0,1.0
2021-01-05 09:32:03.180,0.5418,0.5397,30.0,0.5344,30.0,742.0,1.0
2021-01-05 09:32:04.150,0.5418,0.5397,30.0,0.5344,30.0,742.0,1.0
2021-01-05 09:32:04.661,0.5418,0.5397,30.0,0.5344,40.0,742.0,1.0
2021-01-05 09:32:05.130,0.5418,0.5397,20.0,0.5347,10.0,742.0,1.0
2021-01-05 09:32:05.660,0.5418,0.541,30.0,0.5344,20.0,742.0,1.0
2021-01-05 09:32:06.161,0.5418,0.541,20.0,0.5354,10.0,742.0,1.0
2021-01-05 09:32:06.680,0.5418,0.5415,10.0,0.5354,20.0,742.0,1.0
2021-01-05 09:32:07.070,0.5418,0.5408,20.0,0.5349,20.0,742.0,1.0
2021-01-05 09:32:07.671,0.5418,0.5408,20.0,0.5344,30.0,742.0,1.0
2021-01-05 09:32:08.171,0.5418,0.5408,20.0,0.5346,10.0,742.0,1.0
2021-01-05 09:32:08.670,0.5418,0.5415,10.0,0.5351,10.0,742.0,1.0
2021-01-05 09:32:09.141,0.5418,0.5415,10.0,0.5356,10.0,742.0,1.0
2021-01-05 09:32:09.681,0.5418,0.5415,10.0,0.5356,20.0,742.0,1.0
2021-01-05 09:32:10.161,0.5418,0.5415,10.0,0.5356,20.0,742.0,1.0
2021-01-05 09:32:10.630,0.5418,0.5415,10.0,0.5356,20.0,742.0,1.0
2021-01-05 09:32:11.170,0.5418,0.5415,10.0,0.5356,20.0,742.0,1.0
2021-01-05 09:32:11.650,0.5418,0.5415,10.0,0.5356,20.0,742.0,1.0
2021-01-05 09:32:12.161,0.5418,0.5408,20.0,0.5351,20.0,742.0,1.0
2021-01-05 09:32:12.670,0.5418,0.5408,20.0,0.5344,30.0,742.0,1.0
2021-01-05 09:32:13.171,0.5418,0.5408,20.0,0.5344,30.0,742.0,1.0
2021-01-05 09:32:14.660,0.5418,0.5414,10.0,0.5346,10.0,742.0,1.0
2021-01-05 09:32:15.171,0.5418,0.5415,10.0,0.5349,10.0,742.0,1.0
2021-01-05 09:32:15.671,0.5418,0.5415,10.0,0.5351,10.0,742.0,1.0
2021-01-05 09:32:16.151,0.5418,0.5415,10.0,0.5351,20.0,742.0,1.0
2021-01-05 09:32:17.161,0.5418,0.5413,10.0,0.5351,20.0,742.0,1.0
2021-01-05 09:32:17.651,0.5418,0.5415,10.0,0.535,10.0,742.0,1.0
2021-01-05 09:32:18.130,0.5418,0.5415,10.0,0.535,30.0,742.0,1.0
2021-01-05 09:32:18.670,0.5418,0.5415,10.0,0.5354,10.0,742.0,1.0
2021-01-05 09:32:19.670,0.5418,0.5415,10.0,0.5352,10.0,742.0,1.0
2021-01-05 09:32:20.151,0.5418,0.5416,20.0,0.5364,10.0,742.0,1.0
2021-01-05 09:32:20.671,0.5418,0.5416,20.0,0.5364,30.0,742.0,1.0
2021-01-05 09:32:21.171,0.5418,0.5407,10.0,0.5364,20.0,742.0,1.0
2021-01-05 09:32:21.680,0.5418,0.5407,30.0,0.5344,30.0,742.0,1.0
2021-01-05 09:32:22.181,0.5418,0.5407,30.0,0.5344,40.0,742.0,1.0
2021-01-05 09:32:22.650,0.5418,0.5407,30.0,0.5344,40.0,742.0,1.0
2021-01-05 09:32:23.180,0.5418,0.5388,10.0,0.5344,30.0,742.0,1.0
2021-01-05 09:32:23.670,0.5418,0.5388,30.0,0.5344,30.0,742.0,1.0
2021-01-05 09:32:24.160,0.5418,0.5388,30.0,0.5346,10.0,742.0,1.0
2021-01-05 09:32:25.170,0.5418,0.5388,30.0,0.5352,10.0,742.0,1.0
2021-01-05 09:32:25.670,0.5418,0.5388,30.0,0.5352,20.0,742.0,1.0
2021-01-05 09:32:26.171,0.5418,0.5388,20.0,0.5356,10.0,742.0,1.0
2021-01-05 09:32:26.650,0.5418,0.5405,10.0,0.5356,10.0,742.0,1.0
2021-01-05 09:32:27.151,0.5418,0.5405,10.0,0.5356,10.0,742.0,1.0
2021-01-05 09:32:28.630,0.5418,0.5405,10.0,0.5358,10.0,742.0,1.0
2021-01-05 09:32:29.180,0.5418,0.5405,10.0,0.5358,30.0,742.0,1.0
2021-01-05 09:32:30.171,0.5418,0.5405,10.0,0.5358,20.0,742.0,1.0
2021-01-05 09:32:30.671,0.5418,0.5405,10.0,0.5354,10.0,742.0,1.0
2021-01-05 09:32:31.691,0.5418,0.5405,10.0,0.5357,10.0,742.0,1.0
2021-01-05 09:32:32.121,0.5418,0.5405,10.0,0.5357,20.0,742.0,1.0
2021-01-05 09:32:32.690,0.5418,0.5405,10.0,0.5352,20.0,742.0,1.0
2021-01-05 09:32:33.671,0.5418,0.5405,10.0,0.5353,10.0,742.0,1.0
2021-01-05 09:32:34.171,0.5418,0.5405,10.0,0.5352,20.0,742.0,1.0
2021-01-05 09:32:34.691,0.5418,0.5405,10.0,0.5352,20.0,742.0,1.0
2021-01-05 09:32:35.671,0.5418,0.5405,10.0,0.5352,30.0,742.0,1.0
2021-01-05 09:32:37.150,0.5418,0.5405,10.0,0.5353,10.0,742.0,1.0
2021-01-05 09:32:38.190,0.5418,0.5405,10.0,0.5352,20.0,742.0,1.0
2021-01-05 09:32:39.200,0.5418,0.5405,10.0,0.5353,10.0,742.0,1.0
2021-01-05 09:32:39.630,0.5418,0.5405,10.0,0.5356,10.0,742.0,1.0
2021-01-05 09:32:40.151,0.5418,0.5405,10.0,0.5355,10.0,742.0,1.0
2021-01-05 09:32:41.690,0.5418,0.5405,10.0,0.5359,10.0,742.0,1.0
2021-01-05 09:32:42.201,0.5418,0.5405,10.0,0.5354,10.0,742.0,1.0
2021-01-05 09:32:42.201,0.5418,0.5405,10.0,0.5359,30.0,742.0,1.0
2021-01-05 09:32:43.190,0.5418,0.5405,10.0,0.5359,30.0,742.0,1.0
2021-01-05 09:32:43.580,0.5418,0.5405,10.0,0.5359,30.0,742.0,1.0
2021-01-05 09:32:44.700,0.5418,0.5405,10.0,0.5359,20.0,742.0,1.0
2021-01-05 09:32:45.190,0.5418,0.5405,10.0,0.5353,10.0,742.0,1.0
2021-01-05 09:32:45.580,0.5418,0.5405,10.0,0.5358,10.0,742.0,1.0
2021-01-05 09:32:46.160,0.5418,0.5405,10.0,0.5358,20.0,742.0,1.0
2021-01-05 09:32:46.610,0.5418,0.5405,10.0,0.5358,30.0,742.0,1.0
2021-01-05 09:32:47.701,0.5418,0.5405,10.0,0.5362,10.0,742.0,1.0
2021-01-05 09:32:48.181,0.5418,0.5405,10.0,0.5364,10.0,742.0,1.0
2021-01-05 09:32:48.690,0.5418,0.5407,20.0,0.5369,10.0,742.0,1.0
2021-01-05 09:32:49.190,0.5418,0.5425,30.0,0.5369,40.0,742.0,1.0
2021-01-05 09:32:49.670,0.5418,0.5425,20.0,0.5375,10.0,742.0,1.0
2021-01-05 09:32:50.171,0.5418,0.5444,20.0,0.5389,10.0,742.0,1.0
2021-01-05 09:32:50.700,0.5418,0.5441,10.0,0.5382,20.0,742.0,1.0
2021-01-05 09:32:51.170,0.5418,0.5444,20.0,0.5389,20.0,742.0,1.0
2021-01-05 09:32:51.701,0.5418,0.5444,20.0,0.5395,10.0,742.0,1.0
2021-01-05 09:32:52.191,0.5418,0.5444,20.0,0.5395,20.0,742.0,1.0
2021-01-05 09:32:52.671,0.5418,0.5444,20.0,0.5385,30.0,742.0,1.0
2021-01-05 09:32:53.161,0.5418,0.5444,20.0,0.5385,20.0,742.0,1.0
2021-01-05 09:32:53.641,0.5418,0.5444,20.0,0.538,30.0,742.0,1.0
2021-01-05 09:32:54.181,0.5418,0.5442,10.0,0.538,20.0,742.0,1.0
2021-01-05 09:32:54.671,0.5418,0.544,10.0,0.5375,20.0,742.0,1.0
2021-01-05 09:32:55.170,0.5418,0.5439,20.0,0.5375,20.0,742.0,1.0
2021-01-05 09:32:55.650,0.5418,0.5444,20.0,0.5376,10.0,742.0,1.0
2021-01-05 09:32:56.150,0.5418,0.5444,20.0,0.538,10.0,742.0,1.0
2021-01-05 09:32:56.611,0.5418,0.5444,20.0,0.5384,10.0,742.0,1.0
2021-01-05 09:32:57.151,0.5418,0.5444,20.0,0.538,20.0,742.0,1.0
2021-01-05 09:32:57.600,0.5418,0.5444,20.0,0.538,20.0,742.0,1.0
2021-01-05 09:32:58.171,0.5418,0.5444,20.0,0.5383,10.0,742.0,1.0
2021-01-05 09:32:58.651,0.5418,0.5444,20.0,0.5385,10.0,742.0,1.0
2021-01-05 09:32:59.170,0.5418,0.5444,20.0,0.5385,20.0,742.0,1.0
2021-01-05 09:32:59.621,0.5418,0.5444,20.0,0.5386,10.0,742.0,1.0
2021-01-05 09:33:00.180,0.5418,0.5444,20.0,0.5386,30.0,742.0,1.0
2021-01-05 09:33:00.651,0.5418,0.5444,20.0,0.5386,20.0,742.0,1.0
2021-01-05 09:33:01.141,0.5418,0.5444,20.0,0.5386,20.0,742.0,1.0
2021-01-05 09:33:01.661,0.5418,0.5444,20.0,0.538,20.0,742.0,1.0
2021-01-05 09:33:02.130,0.5418,0.5444,20.0,0.538,20.0,742.0,1.0
2021-01-05 09:33:02.651,0.5418,0.5437,20.0,0.538,20.0,742.0,1.0
2021-01-05 09:33:03.171,0.5418,0.5419,10.0,0.5375,20.0,742.0,1.0
2021-01-05 09:33:03.681,0.5418,0.5419,10.0,0.5375,20.0,742.0,1.0
2021-01-05 09:33:04.140,0.5418,0.5419,20.0,0.5367,20.0,742.0,1.0
2021-01-05 09:33:04.651,0.5418,0.5419,20.0,0.5367,20.0,742.0,1.0
2021-01-05 09:33:05.181,0.5418,0.5419,20.0,0.5362,20.0,742.0,1.0
2021-01-05 09:33:05.690,0.5418,0.5414,20.0,0.5357,30.0,742.0,1.0
2021-01-05 09:33:06.170,0.5418,0.5408,20.0,0.5357,20.0,742.0,1.0
2021-01-05 09:33:07.171,0.5418,0.5408,20.0,0.5349,30.0,742.0,1.0
2021-01-05 09:33:07.601,0.5418,0.5408,20.0,0.5351,10.0,742.0,1.0
2021-01-05 09:33:08.191,0.5418,0.5414,20.0,0.5354,10.0,742.0,1.0
2021-01-05 09:33:08.681,0.5418,0.5414,20.0,0.5354,30.0,742.0,1.0
2021-01-05 09:33:09.181,0.5418,0.5414,20.0,0.5356,10.0,742.0,1.0
2021-01-05 09:33:09.651,0.5418,0.5414,20.0,0.5359,10.0,742.0,1.0
2021-01-05 09:33:10.180,0.5418,0.5414,20.0,0.5359,20.0,742.0,1.0
2021-01-05 09:33:10.681,0.5418,0.5394,10.0,0.5359,20.0,742.0,1.0
2021-01-05 09:33:11.180,0.5418,0.5394,30.0,0.5354,20.0,742.0,1.0
2021-01-05 09:33:11.670,0.5418,0.5394,30.0,0.5354,20.0,742.0,1.0
2021-01-05 09:33:12.181,0.5418,0.5394,30.0,0.5354,30.0,742.0,1.0
2021-01-05 09:33:12.650,0.5418,0.5394,30.0,0.5355,10.0,742.0,1.0
2021-01-05 09:33:13.100,0.5418,0.5394,30.0,0.5359,10.0,742.0,1.0
2021-01-05 09:33:13.691,0.5418,0.5394,30.0,0.5357,10.0,742.0,1.0
2021-01-05 09:33:14.160,0.5418,0.5394,30.0,0.5359,20.0,742.0,1.0
2021-01-05 09:33:15.140,0.5418,0.5394,30.0,0.5354,30.0,742.0,1.0
2021-01-05 09:33:15.651,0.5418,0.5394,30.0,0.5354,20.0,742.0,1.0
2021-01-05 09:33:16.181,0.5418,0.5394,30.0,0.5354,20.0,742.0,1.0
2021-01-05 09:33:16.671,0.5418,0.5394,30.0,0.5354,20.0,742.0,1.0
2021-01-05 09:33:17.190,0.5418,0.5394,30.0,0.535,10.0,742.0,1.0
2021-01-05 09:33:17.691,0.5418,0.5394,30.0,0.535,10.0,742.0,1.0
2021-01-05 09:33:18.160,0.5418,0.5394,30.0,0.535,10.0,742.0,1.0
2021-01-05 09:33:18.680,0.5418,0.5394,30.0,0.535,10.0,742.0,1.0
2021-01-05 09:33:19.191,0.5418,0.5394,30.0,0.535,10.0,742.0,1.0
2021-01-05 09:33:19.660,0.5418,0.5378,10.0,0.5342,20.0,742.0,1.0
2021-01-05 09:33:20.551,0.5418,0.5378,30.0,0.5339,10.0,742.0,1.0
2021-01-05 09:33:21.160,0.5418,0.5378,30.0,0.5335,30.0,742.0,1.0
2021-01-05 09:33:21.681,0.5418,0.5378,30.0,0.5339,10.0,742.0,1.0
2021-01-05 09:33:22.150,0.5418,0.5378,30.0,0.5335,30.0,742.0,1.0
2021-01-05 09:33:22.670,0.5418,0.5378,30.0,0.5335,30.0,742.0,1.0
2021-01-05 09:33:23.151,0.5418,0.5378,30.0,0.5335,20.0,742.0,1.0
2021-01-05 09:33:23.660,0.5418,0.5378,30.0,0.5335,20.0,742.0,1.0
2021-01-05 09:33:24.171,0.5418,0.5378,30.0,0.5336,10.0,742.0,1.0
2021-01-05 09:33:24.661,0.5418,0.5378,30.0,0.5338,10.0,742.0,1.0
2021-01-05 09:33:25.541,0.5418,0.5378,20.0,0.5341,10.0,742.0,1.0
2021-01-05 09:33:26.161,0.5418,0.5392,10.0,0.5343,10.0,742.0,1.0
2021-01-05 09:33:27.171,0.5418,0.5392,10.0,0.5341,20.0,742.0,1.0
2021-01-05 09:33:27.681,0.5418,0.5392,10.0,0.5344,10.0,742.0,1.0
2021-01-05 09:33:28.180,0.5418,0.5392,10.0,0.5341,30.0,742.0,1.0
2021-01-05 09:33:28.670,0.5418,0.5392,10.0,0.5341,20.0,742.0,1.0
2021-01-05 09:33:29.171,0.5418,0.5392,10.0,0.5341,20.0,742.0,1.0
2021-01-05 09:33:30.180,0.5418,0.5392,10.0,0.5341,20.0,742.0,1.0
2021-01-05 09:33:30.670,0.5418,0.5392,10.0,0.5341,20.0,742.0,1.0
2021-01-05 09:33:31.680,0.5418,0.5392,10.0,0.5341,20.0,742.0,1.0
2021-01-05 09:33:32.141,0.5418,0.5392,10.0,0.5341,20.0,742.0,1.0
2021-01-05 09:33:32.620,0.5418,0.5392,10.0,0.5341,20.0,742.0,1.0
2021-01-05 09:33:33.680,0.5418,0.5392,10.0,0.5341,20.0,742.0,1.0
2021-01-05 09:33:36.681,0.5418,0.5392,10.0,0.5341,20.0,742.0,1.0
2021-01-05 09:33:37.190,0.5418,0.5392,10.0,0.5341,20.0,742.0,1.0
2021-01-05 09:33:37.640,0.5418,0.5375,10.0,0.5341,20.0,742.0,1.0
2021-01-05 09:33:38.571,0.5418,0.5375,30.0,0.5341,20.0,742.0,1.0
2021-01-05 09:33:39.201,0.5418,0.5375,30.0,0.5341,20.0,742.0,1.0
2021-01-05 09:33:39.641,0.5418,0.5375,30.0,0.5341,20.0,742.0,1.0
2021-01-05 09:33:40.160,0.5418,0.5375,30.0,0.5341,20.0,742.0,1.0
2021-01-05 09:33:40.690,0.5418,0.5375,20.0,0.5341,20.0,742.0,1.0
2021-01-05 09:33:41.161,0.5418,0.5394,20.0,0.5341,30.0,742.0,1.0
2021-01-05 09:33:41.691,0.5418,0.5394,20.0,0.5341,20.0,742.0,1.0
2021-01-05 09:33:42.160,0.5418,0.5394,20.0,0.5343,10.0,742.0,1.0
2021-01-05 09:33:42.600,0.5418,0.5394,20.0,0.5344,10.0,742.0,1.0
2021-01-05 09:33:43.180,0.5418,0.5394,20.0,0.5347,10.0,742.0,1.0
2021-01-05 09:33:43.180,0.5418,0.5394,20.0,0.5348,10.0,742.0,1.0
2021-01-05 09:33:44.110,0.5418,0.5394,20.0,0.535,10.0,742.0,1.0
2021-01-05 09:33:44.671,0.5418,0.5394,20.0,0.535,10.0,742.0,1.0
2021-01-05 09:33:45.180,0.5418,0.5394,20.0,0.535,10.0,742.0,1.0
2021-01-05 09:33:45.660,0.5418,0.5394,20.0,0.535,10.0,742.0,1.0
2021-01-05 09:33:46.100,0.5418,0.5394,20.0,0.535,20.0,742.0,1.0
2021-01-05 09:33:46.680,0.5418,0.5394,20.0,0.5354,10.0,742.0,1.0
2021-01-05 09:33:47.191,0.5418,0.5414,30.0,0.5356,10.0,742.0,1.0
2021-01-05 09:33:48.171,0.5418,0.5414,30.0,0.5356,10.0,742.0,1.0
2021-01-05 09:33:48.680,0.5418,0.5414,30.0,0.5355,10.0,742.0,1.0
2021-01-05 09:33:49.120,0.5418,0.5414,30.0,0.5357,10.0,742.0,1.0
2021-01-05 09:33:50.180,0.5418,0.5414,30.0,0.5359,10.0,742.0,1.0
2021-01-05 09:33:50.670,0.5418,0.5414,30.0,0.5357,10.0,742.0,1.0
2021-01-05 09:33:51.141,0.5418,0.5414,30.0,0.5359,20.0,742.0,1.0
2021-01-05 09:33:51.571,0.5418,0.5414,30.0,0.5354,20.0,742.0,1.0
2021-01-05 09:33:52.190,0.5418,0.5414,30.0,0.5354,20.0,742.0,1.0
2021-01-05 09:33:52.661,0.5418,0.5414,30.0,0.5355,10.0,742.0,1.0
2021-01-05 09:33:53.650,0.5418,0.5414,30.0,0.5354,20.0,742.0,1.0
2021-01-05 09:33:54.180,0.5418,0.5414,30.0,0.5354,20.0,742.0,1.0
2021-01-05 09:33:54.610,0.5418,0.5414,30.0,0.5355,10.0,742.0,1.0
2021-01-05 09:33:55.181,0.5418,0.5414,30.0,0.5356,10.0,742.0,1.0
2021-01-05 09:33:55.650,0.5418,0.5414,30.0,0.5359,10.0,742.0,1.0
2021-01-05 09:33:56.120,0.5418,0.5414,30.0,0.5359,10.0,742.0,1.0
2021-01-05 09:33:56.651,0.5418,0.5414,30.0,0.5359,30.0,742.0,1.0
2021-01-05 09:33:57.171,0.5418,0.5414,30.0,0.5361,10.0,742.0,1.0
2021-01-05 09:33:57.671,0.5418,0.5414,20.0,0.5365,10.0,742.0,1.0
2021-01-05 09:33:58.170,0.5418,0.5414,20.0,0.5367,10.0,742.0,1.0
2021-01-05 09:33:58.670,0.5418,0.5414,20.0,0.5369,10.0,742.0,1.0
2021-01-05 09:33:59.140,0.5418,0.5414,20.0,0.5374,10.0,742.0,1.0
2021-01-05 09:33:59.590,0.5418,0.5426,20.0,0.5375,10.0,742.0,1.0
2021-01-05 09:34:00.191,0.5418,0.5437,30.0,0.5378,10.0,742.0,1.0
2021-01-05 09:34:00.671,0.5418,0.5437,30.0,0.5381,10.0,742.0,1.0
2021-01-05 09:34:01.081,0.5418,0.5437,30.0,0.5381,30.0,742.0,1.0
2021-01-05 09:34:01.661,0.5418,0.5437,30.0,0.5381,20.0,742.0,1.0
2021-01-05 09:34:02.170,0.5418,0.5437,30.0,0.5381,20.0,742.0,1.0
2021-01-05 09:34:02.671,0.5418,0.5437,30.0,0.5376,10.0,742.0,1.0
2021-01-05 09:34:03.171,0.5418,0.5437,30.0,0.5379,10.0,742.0,1.0
2021-01-05 09:34:03.670,0.5418,0.5436,1.0,0.5379,10.0,742.0,1.0
2021-01-05 09:34:04.120,0.5418,0.5436,1.0,0.5379,30.0,742.0,1.0
2021-01-05 09:34:05.121,0.5418,0.5436,1.0,0.5382,10.0,742.0,1.0
2021-01-05 09:34:05.630,0.5418,0.5437,30.0,0.5382,10.0,742.0,1.0
2021-01-05 09:34:06.671,0.5418,0.5436,10.0,0.5392,10.0,742.0,1.0
2021-01-05 09:34:07.130,0.5418,0.5436,10.0,0.5392,30.0,742.0,1.0
2021-01-05 09:34:07.311,0.5418,0.5436,10.0,0.5392,30.0,742.0,1.0
2021-01-05 09:34:08.171,0.5418,0.5436,10.0,0.5395,10.0,742.0,1.0
2021-01-05 09:34:08.690,0.5418,0.5436,10.0,0.5395,10.0,742.0,1.0
2021-01-05 09:34:09.170,0.5418,0.5436,10.0,0.5393,10.0,742.0,1.0
2021-01-05 09:34:09.670,0.5418,0.5436,10.0,0.5392,30.0,742.0,1.0
2021-01-05 09:34:10.140,0.5418,0.5436,10.0,0.5392,30.0,742.0,1.0
2021-01-05 09:34:10.690,0.5418,0.5436,10.0,0.5392,30.0,742.0,1.0
2021-01-05 09:34:11.151,0.5418,0.5436,10.0,0.5392,30.0,742.0,1.0
2021-01-05 09:34:11.681,0.5418,0.5426,10.0,0.5392,20.0,742.0,1.0
2021-01-05 09:34:12.121,0.5418,0.5426,10.0,0.5392,20.0,742.0,1.0
2021-01-05 09:34:12.640,0.5418,0.5426,30.0,0.5387,30.0,742.0,1.0
2021-01-05 09:34:13.191,0.5418,0.5426,30.0,0.5387,30.0,742.0,1.0
2021-01-05 09:34:13.671,0.5418,0.5426,30.0,0.5387,30.0,742.0,1.0
2021-01-05 09:34:14.181,0.5418,0.5426,30.0,0.5387,20.0,742.0,1.0
2021-01-05 09:34:14.691,0.5418,0.5426,30.0,0.5379,20.0,742.0,1.0
2021-01-05 09:34:15.181,0.5418,0.5409,10.0,0.5373,30.0,742.0,1.0
2021-01-05 09:34:15.181,0.5418,0.5409,30.0,0.5373,30.0,742.0,1.0
2021-01-05 09:34:16.190,0.5418,0.5409,30.0,0.5375,10.0,742.0,1.0
2021-01-05 09:34:16.630,0.5418,0.5409,20.0,0.538,10.0,742.0,1.0
2021-01-05 09:34:17.181,0.5418,0.5426,20.0,0.5381,10.0,742.0,1.0
2021-01-05 09:34:17.581,0.5418,0.5426,20.0,0.5383,10.0,742.0,1.0
2021-01-05 09:34:18.201,0.5418,0.5426,20.0,0.5387,10.0,742.0,1.0
2021-01-05 09:34:18.620,0.5418,0.5426,20.0,0.5384,10.0,742.0,1.0
2021-01-05 09:34:19.041,0.5418,0.5426,20.0,0.5387,10.0,742.0,1.0
2021-01-05 09:34:19.700,0.5418,0.5426,20.0,0.5387,20.0,742.0,1.0
2021-01-05 09:34:20.180,0.5418,0.5426,20.0,0.5388,10.0,742.0,1.0
2021-01-05 09:34:21.200,0.5418,0.5426,20.0,0.5389,10.0,742.0,1.0
2021-01-05 09:34:21.690,0.5418,0.5426,20.0,0.5395,10.0,742.0,1.0
2021-01-05 09:34:22.151,0.5418,0.5439,30.0,0.5395,30.0,742.0,1.0
2021-01-05 09:34:22.191,0.5418,0.5439,30.0,0.5395,30.0,742.0,1.0
2021-01-05 09:34:24.600,0.5418,0.5439,30.0,0.5395,30.0,742.0,1.0
2021-01-05 09:34:25.171,0.5418,0.5439,30.0,0.5395,30.0,742.0,1.0
2021-01-05 09:34:25.671,0.5418,0.5439,30.0,0.5395,30.0,742.0,1.0
2021-01-05 09:34:26.641,0.5418,0.5439,30.0,0.5395,30.0,742.0,1.0
2021-01-05 09:34:27.150,0.5418,0.5439,30.0,0.5395,30.0,742.0,1.0
2021-01-05 09:34:29.601,0.5418,0.5439,30.0,0.5395,30.0,742.0,1.0
2021-01-05 09:34:30.170,0.5418,0.5439,30.0,0.5395,30.0,742.0,1.0
2021-01-05 09:34:30.681,0.5418,0.5439,30.0,0.5395,30.0,742.0,1.0
2021-01-05 09:34:31.190,0.5418,0.5439,30.0,0.5395,30.0,742.0,1.0
2021-01-05 09:34:31.691,0.5418,0.5439,30.0,0.5395,40.0,742.0,1.0
2021-01-05 09:34:33.090,0.5418,0.5439,30.0,0.5396,10.0,742.0,1.0
2021-01-05 09:34:33.691,0.5418,0.5439,30.0,0.54,10.0,742.0,1.0
2021-01-05 09:34:34.171,0.5418,0.5439,30.0,0.54,30.0,742.0,1.0
2021-01-05 09:34:34.630,0.5418,0.5439,30.0,0.54,20.0,742.0,1.0
2021-01-05 09:34:35.130,0.5418,0.5439,30.0,0.5402,10.0,742.0,1.0
2021-01-05 09:34:35.691,0.5418,0.5439,30.0,0.5404,10.0,742.0,1.0
2021-01-05 09:34:36.680,0.5418,0.5439,30.0,0.5406,10.0,742.0,1.0
2021-01-05 09:34:37.161,0.5418,0.5439,30.0,0.5406,30.0,742.0,1.0
2021-01-05 09:34:37.700,0.5418,0.5439,20.0,0.5413,10.0,742.0,1.0
2021-01-05 09:34:38.171,0.5418,0.5456,30.0,0.5413,30.0,742.0,1.0
2021-01-05 09:34:38.690,0.5418,0.5456,30.0,0.5414,10.0,742.0,1.0
2021-01-05 09:34:39.091,0.5418,0.5456,20.0,0.5414,10.0,742.0,1.0
2021-01-05 09:34:39.470,0.5418,0.5473,30.0,0.5414,10.0,742.0,1.0
2021-01-05 09:34:40.171,0.5418,0.5473,30.0,0.5419,10.0,742.0,1.0
2021-01-05 09:34:40.651,0.5418,0.5473,30.0,0.5413,20.0,742.0,1.0
2021-01-05 09:34:41.201,0.5418,0.5472,1.0,0.542,10.0,742.0,1.0
2021-01-05 09:34:41.700,0.5418,0.5473,30.0,0.542,30.0,742.0,1.0
2021-01-05 09:34:42.171,0.5418,0.5473,30.0,0.542,20.0,742.0,1.0
2021-01-05 09:34:42.680,0.5418,0.5473,30.0,0.5421,10.0,742.0,1.0
2021-01-05 09:34:43.671,0.5418,0.5473,30.0,0.542,20.0,742.0,1.0
2021-01-05 09:34:44.151,0.5418,0.5473,30.0,0.542,20.0,742.0,1.0
2021-01-05 09:34:44.701,0.5418,0.5473,30.0,0.542,20.0,742.0,1.0
2021-01-05 09:34:45.200,0.5418,0.5473,30.0,0.5421,10.0,742.0,1.0
2021-01-05 09:34:45.721,0.5418,0.5473,30.0,0.542,30.0,742.0,1.0
2021-01-05 09:34:46.140,0.5418,0.5472,10.0,0.5429,10.0,742.0,1.0
2021-01-05 09:34:46.660,0.5418,0.5472,10.0,0.5429,30.0,742.0,1.0
2021-01-05 09:34:47.701,0.5418,0.5472,10.0,0.5429,30.0,742.0,1.0
2021-01-05 09:34:48.141,0.5418,0.5472,10.0,0.5429,30.0,742.0,1.0
2021-01-05 09:34:49.701,0.5418,0.5472,10.0,0.5429,30.0,742.0,1.0
2021-01-05 09:34:50.220,0.5418,0.5472,10.0,0.5429,30.0,742.0,1.0
2021-01-05 09:34:51.200,0.5418,0.5472,10.0,0.5429,30.0,742.0,1.0
2021-01-05 09:34:51.701,0.5418,0.5472,10.0,0.5429,10.0,742.0,1.0
2021-01-05 09:34:52.220,0.5418,0.5472,10.0,0.5429,10.0,742.0,1.0
2021-01-05 09:34:52.650,0.5418,0.5472,10.0,0.5429,10.0,742.0,1.0
2021-01-05 09:34:53.180,0.5418,0.5472,10.0,0.5429,10.0,742.0,1.0
2021-01-05 09:34:53.651,0.5418,0.5472,10.0,0.5429,10.0,742.0,1.0
2021-01-05 09:34:54.170,0.5418,0.5472,10.0,0.543,10.0,742.0,1.0
2021-01-05 09:34:54.631,0.5418,0.5472,10.0,0.5435,10.0,742.0,1.0
2021-01-05 09:34:55.161,0.5418,0.5473,20.0,0.5446,10.0,742.0,1.0
2021-01-05 09:34:55.680,0.5418,0.5474,1.0,0.5447,1.0,742.0,1.0
2021-01-05 09:34:56.051,0.5418,0.548,20.0,0.5447,21.0,742.0,1.0
2021-01-05 09:34:56.681,0.5418,0.549,30.0,0.5448,10.0,742.0,1.0
2021-01-05 09:34:57.130,0.5418,0.549,30.0,0.5448,20.0,742.0,1.0
2021-01-05 09:34:57.670,0.5418,0.549,30.0,0.5448,20.0,742.0,1.0
2021-01-05 09:34:58.160,0.5418,0.549,30.0,0.5452,10.0,742.0,1.0
2021-01-05 09:34:58.640,0.5418,0.549,30.0,0.5449,11.0,742.0,1.0
2021-01-05 09:34:59.151,0.5418,0.549,30.0,0.5454,10.0,742.0,1.0
2021-01-05 09:35:00.160,0.5418,0.549,30.0,0.5454,30.0,742.0,1.0
2021-01-05 09:35:00.640,0.5418,0.549,30.0,0.5456,10.0,742.0,1.0
2021-01-05 09:35:01.170,0.5418,0.549,30.0,0.5454,30.0,742.0,1.0
2021-01-05 09:35:02.160,0.5418,0.549,30.0,0.545,10.0,742.0,1.0
2021-01-05 09:35:02.680,0.5418,0.549,30.0,0.5448,10.0,742.0,1.0
2021-01-05 09:35:03.180,0.5418,0.549,30.0,0.5448,20.0,742.0,1.0
2021-01-05 09:35:03.660,0.5418,0.549,30.0,0.5446,10.0,742.0,1.0
2021-01-05 09:35:04.181,0.5418,0.549,20.0,0.5451,10.0,742.0,1.0
2021-01-05 09:35:05.180,0.5418,0.5499,40.0,0.5448,10.0,742.0,1.0
2021-01-05 09:35:05.671,0.5418,0.5499,40.0,0.5451,10.0,742.0,1.0
2021-01-05 09:35:06.180,0.5418,0.5499,40.0,0.5451,10.0,742.0,1.0
2021-01-05 09:35:06.680,0.5418,0.5499,30.0,0.5454,10.0,742.0,1.0
2021-01-05 09:35:07.131,0.5418,0.5499,30.0,0.5456,10.0,742.0,1.0
2021-01-05 09:35:07.650,0.5418,0.5499,30.0,0.546,10.0,742.0,1.0
2021-01-05 09:35:08.171,0.5418,0.5499,30.0,0.5466,10.0,742.0,1.0
2021-01-05 09:35:09.191,0.5418,0.5499,20.0,0.5473,10.0,742.0,1.0
2021-01-05 09:35:09.700,0.5418,0.5514,20.0,0.5478,10.0,742.0,1.0
2021-01-05 09:35:10.180,0.5418,0.5514,20.0,0.5478,30.0,742.0,1.0
2021-01-05 09:35:10.960,0.5418,0.5514,20.0,0.5478,30.0,742.0,1.0
2021-01-05 09:35:11.680,0.5418,0.5514,20.0,0.5479,10.0,742.0,1.0
2021-01-05 09:35:12.101,0.5418,0.5514,20.0,0.5478,30.0,742.0,1.0
2021-01-05 09:35:12.691,0.5418,0.5514,20.0,0.5478,30.0,742.0,1.0
2021-01-05 09:35:13.181,0.5418,0.5514,20.0,0.5478,30.0,742.0,1.0
2021-01-05 09:35:13.371,0.5418,0.5502,10.0,0.5474,1.0,742.0,1.0
2021-01-05 09:35:14.191,0.5418,0.5502,30.0,0.5466,20.0,742.0,1.0
2021-01-05 09:35:14.691,0.5418,0.5498,10.0,0.546,10.0,742.0,1.0
2021-01-05 09:35:15.200,0.5418,0.5498,10.0,0.546,10.0,742.0,1.0
2021-01-05 09:35:15.690,0.5418,0.5498,10.0,0.546,10.0,742.0,1.0
2021-01-05 09:35:16.201,0.5418,0.5498,10.0,0.546,20.0,742.0,1.0
2021-01-05 09:35:16.681,0.5418,0.5498,10.0,0.546,10.0,742.0,1.0
2021-01-05 09:35:18.170,0.5418,0.5498,10.0,0.546,10.0,742.0,1.0
2021-01-05 09:35:18.681,0.5418,0.5498,10.0,0.546,10.0,742.0,1.0
2021-01-05 09:35:19.180,0.5418,0.5495,10.0,0.545,10.0,742.0,1.0
2021-01-05 09:35:19.641,0.5418,0.5495,30.0,0.545,10.0,742.0,1.0
2021-01-05 09:35:20.170,0.5418,0.5495,30.0,0.545,10.0,742.0,1.0
2021-01-05 09:35:20.690,0.5418,0.5495,30.0,0.5451,10.0,742.0,1.0
2021-01-05 09:35:21.180,0.5418,0.5495,30.0,0.5453,10.0,742.0,1.0
2021-01-05 09:35:21.601,0.5418,0.5495,20.0,0.5463,10.0,742.0,1.0
2021-01-05 09:35:22.171,0.5418,0.55,10.0,0.5463,30.0,742.0,1.0
2021-01-05 09:35:23.130,0.5418,0.55,10.0,0.5463,30.0,742.0,1.0
2021-01-05 09:35:24.171,0.5418,0.55,10.0,0.5463,30.0,742.0,1.0
2021-01-05 09:35:24.671,0.5418,0.55,10.0,0.5463,30.0,742.0,1.0
2021-01-05 09:35:25.170,0.5418,0.55,10.0,0.5463,30.0,742.0,1.0
2021-01-05 09:35:26.171,0.5418,0.55,10.0,0.5464,1.0,742.0,1.0
2021-01-05 09:35:26.651,0.5418,0.5502,20.0,0.5464,11.0,742.0,1.0
2021-01-05 09:35:27.130,0.5418,0.5508,30.0,0.5464,11.0,742.0,1.0
2021-01-05 09:35:27.631,0.5418,0.5508,30.0,0.5463,30.0,742.0,1.0
2021-01-05 09:35:29.641,0.5418,0.5508,30.0,0.5463,30.0,742.0,1.0
2021-01-05 09:35:30.121,0.5418,0.5508,30.0,0.5465,10.0,742.0,1.0
2021-01-05 09:35:30.690,0.5418,0.5508,30.0,0.5467,10.0,742.0,1.0
2021-01-05 09:35:31.170,0.5418,0.5508,30.0,0.5464,10.0,742.0,1.0
2021-01-05 09:35:31.700,0.5418,0.5508,30.0,0.5463,30.0,742.0,1.0
2021-01-05 09:35:32.161,0.5418,0.5508,20.0,0.5472,10.0,742.0,1.0
2021-01-05 09:35:32.630,0.5418,0.5515,30.0,0.5472,30.0,742.0,1.0
2021-01-05 09:35:33.191,0.5418,0.5515,30.0,0.5472,30.0,742.0,1.0
2021-01-05 09:35:33.610,0.5418,0.5515,30.0,0.5472,30.0,742.0,1.0
2021-01-05 09:35:34.190,0.5418,0.5515,30.0,0.5473,10.0,742.0,1.0
2021-01-05 09:35:34.691,0.5418,0.5515,30.0,0.5475,10.0,742.0,1.0
2021-01-05 09:35:35.200,0.5418,0.5515,30.0,0.5481,10.0,742.0,1.0
2021-01-05 09:35:35.600,0.5418,0.5515,20.0,0.5481,10.0,742.0,1.0
2021-01-05 09:35:36.180,0.5418,0.5522,30.0,0.5481,30.0,742.0,1.0
2021-01-05 09:35:36.620,0.5418,0.5522,30.0,0.5482,10.0,742.0,1.0
2021-01-05 09:35:37.640,0.5418,0.5522,30.0,0.5481,30.0,742.0,1.0
2021-01-05 09:35:38.651,0.5418,0.5522,30.0,0.5481,30.0,742.0,1.0
2021-01-05 09:35:40.191,0.5418,0.5522,30.0,0.5481,30.0,742.0,1.0
2021-01-05 09:35:40.691,0.5418,0.5522,30.0,0.5481,10.0,742.0,1.0
2021-01-05 09:35:41.190,0.5418,0.5522,30.0,0.5481,10.0,742.0,1.0
2021-01-05 09:35:41.680,0.5418,0.5521,1.0,0.5481,10.0,742.0,1.0
2021-01-05 09:35:42.160,0.5418,0.5521,1.0,0.5481,10.0,742.0,1.0
2021-01-05 09:35:42.670,0.5418,0.5521,1.0,0.5481,10.0,742.0,1.0
2021-01-05 09:35:43.190,0.5418,0.5521,1.0,0.5481,10.0,742.0,1.0
2021-01-05 09:35:43.661,0.5418,0.5521,1.0,0.5481,10.0,742.0,1.0
2021-01-05 09:35:44.101,0.5418,0.5521,1.0,0.5481,10.0,742.0,1.0
2021-01-05 09:35:45.071,0.5418,0.5522,30.0,0.5485,30.0,742.0,1.0
2021-01-05 09:35:45.670,0.5418,0.5522,30.0,0.5492,10.0,742.0,1.0
2021-01-05 09:35:46.170,0.5418,0.5522,30.0,0.5492,40.0,742.0,1.0
2021-01-05 09:35:46.700,0.5418,0.5522,30.0,0.5494,10.0,742.0,1.0
2021-01-05 09:35:47.691,0.5418,0.5527,20.0,0.5501,10.0,742.0,1.0
2021-01-05 09:35:48.181,0.5418,0.5527,20.0,0.5501,10.0,742.0,1.0
2021-01-05 09:35:48.650,0.5418,0.5537,30.0,0.5501,30.0,742.0,1.0
2021-01-05 09:35:49.190,0.5418,0.5537,30.0,0.5501,30.0,742.0,1.0
2021-01-05 09:35:50.150,0.5418,0.5537,30.0,0.5501,40.0,742.0,1.0
2021-01-05 09:35:50.680,0.5418,0.5537,30.0,0.5501,40.0,742.0,1.0
2021-01-05 09:35:51.710,0.5418,0.5537,30.0,0.5501,30.0,742.0,1.0
2021-01-05 09:35:53.111,0.5418,0.5537,30.0,0.5501,30.0,742.0,1.0
2021-01-05 09:35:53.631,0.5418,0.5537,31.0,0.5501,30.0,742.0,1.0
2021-01-05 09:35:54.161,0.5418,0.5537,31.0,0.5501,30.0,742.0,1.0
2021-01-05 09:35:54.640,0.5418,0.5537,41.0,0.5495,1.0,742.0,1.0
2021-01-05 09:35:55.181,0.5418,0.5531,10.0,0.5492,30.0,742.0,1.0
2021-01-05 09:35:55.581,0.5418,0.5531,30.0,0.5492,10.0,742.0,1.0
2021-01-05 09:35:56.121,0.5418,0.5528,10.0,0.5485,10.0,742.0,1.0
2021-01-05 09:35:56.690,0.5418,0.5528,10.0,0.5488,10.0,742.0,1.0
2021-01-05 09:35:57.681,0.5418,0.5528,10.0,0.5488,10.0,742.0,1.0
2021-01-05 09:35:58.150,0.5418,0.5527,1.0,0.5488,10.0,742.0,1.0
2021-01-05 09:35:59.160,0.5418,0.5527,1.0,0.5489,10.0,742.0,1.0
2021-01-05 09:36:00.201,0.5418,0.5531,30.0,0.5497,10.0,742.0,1.0
2021-01-05 09:36:00.680,0.5418,0.5531,30.0,0.5497,30.0,742.0,1.0
2021-01-05 09:36:02.170,0.5418,0.5531,30.0,0.5497,20.0,742.0,1.0
2021-01-05 09:36:02.701,0.5418,0.5531,30.0,0.5497,20.0,742.0,1.0
2021-01-05 09:36:03.200,0.5418,0.5527,10.0,0.5493,10.0,742.0,1.0
2021-01-05 09:36:03.700,0.5418,0.5527,10.0,0.5489,20.0,742.0,1.0
2021-01-05 09:36:04.201,0.5418,0.5527,10.0,0.5484,30.0,742.0,1.0
2021-01-05 09:36:04.620,0.5418,0.5527,10.0,0.5484,30.0,742.0,1.0
2021-01-05 09:36:05.690,0.5418,0.5527,10.0,0.5485,10.0,742.0,1.0
2021-01-05 09:36:06.180,0.5418,0.5527,10.0,0.5484,40.0,742.0,1.0
2021-01-05 09:36:09.161,0.5418,0.5527,10.0,0.5484,30.0,742.0,1.0
2021-01-05 09:36:10.160,0.5418,0.5527,10.0,0.5484,30.0,742.0,1.0
2021-01-05 09:36:10.671,0.5418,0.5527,10.0,0.5484,10.0,742.0,1.0
2021-01-05 09:36:11.651,0.5418,0.5527,10.0,0.5484,10.0,742.0,1.0
2021-01-05 09:36:12.690,0.5418,0.5527,10.0,0.5484,10.0,742.0,1.0
2021-01-05 09:36:14.150,0.5418,0.5527,10.0,0.5484,10.0,742.0,1.0
2021-01-05 09:36:15.170,0.5418,0.5527,10.0,0.5484,10.0,742.0,1.0
2021-01-05 09:36:16.150,0.5418,0.5527,10.0,0.5484,10.0,742.0,1.0
2021-01-05 09:36:17.180,0.5418,0.5527,10.0,0.5484,10.0,742.0,1.0
2021-01-05 09:36:18.181,0.5418,0.5527,10.0,0.5484,10.0,742.0,1.0
2021-01-05 09:36:18.640,0.5418,0.5506,10.0,0.5478,20.0,742.0,1.0
2021-01-05 09:36:19.151,0.5418,0.5506,10.0,0.5478,20.0,742.0,1.0
2021-01-05 09:36:19.331,0.5418,0.5506,30.0,0.5478,20.0,742.0,1.0
2021-01-05 09:36:20.161,0.5418,0.5506,10.0,0.5478,20.0,742.0,1.0
2021-01-05 09:36:20.690,0.5418,0.5506,30.0,0.5478,20.0,742.0,1.0
2021-01-05 09:36:21.120,0.5418,0.5506,10.0,0.5478,20.0,742.0,1.0
2021-01-05 09:36:21.691,0.5418,0.5506,30.0,0.5478,20.0,742.0,1.0
2021-01-05 09:36:22.150,0.5418,0.5506,10.0,0.5478,20.0,742.0,1.0
2021-01-05 09:36:22.680,0.5418,0.5506,30.0,0.5478,20.0,742.0,1.0
2021-01-05 09:36:23.191,0.5418,0.5506,10.0,0.5478,20.0,742.0,1.0
2021-01-05 09:36:23.681,0.5418,0.5506,30.0,0.5478,20.0,742.0,1.0
2021-01-05 09:36:24.171,0.5418,0.552,30.0,0.5478,20.0,742.0,1.0
2021-01-05 09:36:24.701,0.5418,0.5509,20.0,0.5478,20.0,742.0,1.0
2021-01-05 09:36:25.191,0.5418,0.552,30.0,0.5478,20.0,742.0,1.0
2021-01-05 09:36:25.690,0.5418,0.552,30.0,0.5478,20.0,742.0,1.0
2021-01-05 09:36:26.171,0.5418,0.552,30.0,0.5478,20.0,742.0,1.0
2021-01-05 09:36:26.651,0.5418,0.552,30.0,0.5478,20.0,742.0,1.0
2021-01-05 09:36:27.070,0.5418,0.552,20.0,0.5486,10.0,742.0,1.0
2021-01-05 09:36:28.190,0.5418,0.5531,30.0,0.5486,30.0,742.0,1.0
2021-01-05 09:36:28.681,0.5418,0.5531,30.0,0.5487,10.0,742.0,1.0
2021-01-05 09:36:29.171,0.5418,0.5531,20.0,0.5497,10.0,742.0,1.0
2021-01-05 09:36:29.661,0.5418,0.5531,20.0,0.5497,10.0,742.0,1.0
2021-01-05 09:36:30.161,0.5418,0.5539,20.0,0.5497,30.0,742.0,1.0
2021-01-05 09:36:30.700,0.5418,0.5531,20.0,0.5497,10.0,742.0,1.0
2021-01-05 09:36:31.181,0.5418,0.5539,20.0,0.5497,30.0,742.0,1.0
2021-01-05 09:36:31.690,0.5418,0.5539,20.0,0.5497,10.0,742.0,1.0
2021-01-05 09:36:32.130,0.5418,0.5539,20.0,0.5497,30.0,742.0,1.0
2021-01-05 09:36:32.660,0.5418,0.5539,20.0,0.5497,10.0,742.0,1.0
2021-01-05 09:36:33.200,0.5418,0.5539,30.0,0.5497,30.0,742.0,1.0
2021-01-05 09:36:33.670,0.5418,0.5539,30.0,0.5497,10.0,742.0,1.0
2021-01-05 09:36:34.091,0.5418,0.5539,30.0,0.5497,30.0,742.0,1.0
2021-01-05 09:36:35.150,0.5418,0.5539,30.0,0.5497,30.0,742.0,1.0
2021-01-05 09:36:35.701,0.5418,0.5539,30.0,0.5497,30.0,742.0,1.0
2021-01-05 09:36:36.191,0.5418,0.5539,30.0,0.5497,30.0,742.0,1.0
2021-01-05 09:36:36.700,0.5418,0.5539,30.0,0.5497,30.0,742.0,1.0
2021-01-05 09:36:37.691,0.5418,0.5539,30.0,0.5497,30.0,742.0,1.0
2021-01-05 09:36:38.041,0.5418,0.5539,30.0,0.5497,30.0,742.0,1.0
2021-01-05 09:36:38.640,0.5418,0.5539,30.0,0.5497,30.0,742.0,1.0
2021-01-05 09:36:40.191,0.5418,0.5539,30.0,0.5497,30.0,742.0,1.0
2021-01-05 09:36:40.700,0.5418,0.5539,30.0,0.5497,30.0,742.0,1.0
2021-01-05 09:36:41.201,0.5418,0.5539,30.0,0.5497,30.0,742.0,1.0
2021-01-05 09:36:41.641,0.5418,0.5539,30.0,0.5497,30.0,742.0,1.0
2021-01-05 09:36:42.200,0.5418,0.5539,30.0,0.5497,30.0,742.0,1.0
2021-01-05 09:36:42.690,0.5418,0.5539,30.0,0.5497,30.0,742.0,1.0
2021-01-05 09:36:43.180,0.5418,0.5539,30.0,0.5497,30.0,742.0,1.0
2021-01-05 09:36:43.700,0.5418,0.5539,30.0,0.5497,30.0,742.0,1.0
2021-01-05 09:36:44.200,0.5418,0.5539,30.0,0.5497,30.0,742.0,1.0
2021-01-05 09:36:45.191,0.5418,0.5539,20.0,0.55,10.0,742.0,1.0
2021-01-05 09:36:45.631,0.5418,0.5539,20.0,0.55,10.0,742.0,1.0
2021-01-05 09:36:46.190,0.5418,0.5539,20.0,0.5506,10.0,742.0,1.0
2021-01-05 09:36:46.651,0.5418,0.5539,20.0,0.5506,10.0,742.0,1.0
2021-01-05 09:36:47.130,0.5418,0.5551,30.0,0.5506,30.0,742.0,1.0
2021-01-05 09:36:47.660,0.5418,0.5551,30.0,0.5506,40.0,742.0,1.0
2021-01-05 09:36:48.130,0.5418,0.5551,30.0,0.5507,10.0,742.0,1.0
2021-01-05 09:36:48.630,0.5418,0.5551,30.0,0.5506,30.0,742.0,1.0
2021-01-05 09:36:49.170,0.5418,0.5551,20.0,0.5515,10.0,742.0,1.0
2021-01-05 09:36:50.201,0.5418,0.5551,20.0,0.5515,30.0,742.0,1.0
2021-01-05 09:36:50.670,0.5418,0.5551,20.0,0.5515,10.0,742.0,1.0
2021-01-05 09:36:51.171,0.5418,0.5551,20.0,0.5515,10.0,742.0,1.0
2021-01-05 09:36:51.671,0.5418,0.5551,20.0,0.5515,10.0,742.0,1.0
2021-01-05 09:36:53.191,0.5418,0.5551,20.0,0.5515,10.0,742.0,1.0
2021-01-05 09:36:53.671,0.5418,0.5551,20.0,0.5517,10.0,742.0,1.0
2021-01-05 09:36:54.180,0.5418,0.5551,20.0,0.5517,10.0,742.0,1.0
2021-01-05 09:36:54.631,0.5418,0.5549,10.0,0.5515,10.0,742.0,1.0
2021-01-05 09:36:55.171,0.5418,0.5549,30.0,0.5515,10.0,742.0,1.0
2021-01-05 09:36:55.651,0.5418,0.5549,30.0,0.5515,10.0,742.0,1.0
2021-01-05 09:36:56.141,0.5418,0.5549,30.0,0.5514,20.0,742.0,1.0
2021-01-05 09:36:56.691,0.5418,0.5549,30.0,0.5514,20.0,742.0,1.0
2021-01-05 09:36:57.171,0.5418,0.5549,30.0,0.5506,30.0,742.0,1.0
2021-01-05 09:36:57.630,0.5418,0.5549,30.0,0.5506,30.0,742.0,1.0
2021-01-05 09:36:59.181,0.5418,0.5549,30.0,0.5506,30.0,742.0,1.0
2021-01-05 09:36:59.690,0.5418,0.5549,30.0,0.5506,30.0,742.0,1.0
2021-01-05 09:37:01.640,0.5418,0.5549,30.0,0.5506,30.0,742.0,1.0
2021-01-05 09:37:02.191,0.5418,0.5549,30.0,0.5506,30.0,742.0,1.0
2021-01-05 09:37:02.640,0.5418,0.5549,30.0,0.5506,30.0,742.0,1.0
2021-01-05 09:37:03.151,0.5418,0.5549,30.0,0.5506,30.0,742.0,1.0
2021-01-05 09:37:03.630,0.5418,0.5549,30.0,0.5506,30.0,742.0,1.0
2021-01-05 09:37:04.200,0.5418,0.5549,30.0,0.5506,10.0,742.0,1.0
2021-01-05 09:37:04.690,0.5418,0.5549,30.0,0.5506,10.0,742.0,1.0
2021-01-05 09:37:05.140,0.5418,0.5549,30.0,0.5506,10.0,742.0,1.0
2021-01-05 09:37:05.701,0.5418,0.5541,20.0,0.5496,10.0,742.0,1.0
2021-01-05 09:37:06.171,0.5418,0.5541,40.0,0.5496,10.0,742.0,1.0
2021-01-05 09:37:06.700,0.5418,0.5541,40.0,0.5496,10.0,742.0,1.0
2021-01-05 09:37:07.180,0.5418,0.5541,40.0,0.5496,10.0,742.0,1.0
2021-01-05 09:37:07.681,0.5418,0.5541,40.0,0.5496,10.0,742.0,1.0
2021-01-05 09:37:08.200,0.5418,0.5541,40.0,0.5496,10.0,742.0,1.0
2021-01-05 09:37:08.630,0.5418,0.5541,40.0,0.5496,10.0,742.0,1.0
2021-01-05 09:37:09.170,0.5418,0.5541,20.0,0.5506,10.0,742.0,1.0
2021-01-05 09:37:09.660,0.5418,0.5541,20.0,0.5506,30.0,742.0,1.0
2021-01-05 09:37:10.140,0.5418,0.5541,20.0,0.5506,30.0,742.0,1.0
2021-01-05 09:37:10.701,0.5418,0.5541,20.0,0.5506,10.0,742.0,1.0
2021-01-05 09:37:11.201,0.5418,0.5541,20.0,0.55,10.0,742.0,1.0
2021-01-05 09:37:12.131,0.5418,0.5541,20.0,0.55,10.0,742.0,1.0
2021-01-05 09:37:12.620,0.5418,0.5541,20.0,0.55,10.0,742.0,1.0
2021-01-05 09:37:13.181,0.5418,0.5529,10.0,0.5496,10.0,742.0,1.0
2021-01-05 09:37:13.681,0.5418,0.5529,10.0,0.5496,10.0,742.0,1.0
2021-01-05 09:37:14.171,0.5418,0.5529,30.0,0.5496,10.0,742.0,1.0
2021-01-05 09:37:14.651,0.5418,0.5529,10.0,0.5496,10.0,742.0,1.0
2021-01-05 09:37:15.160,0.5418,0.5529,10.0,0.5505,10.0,742.0,1.0
2021-01-05 09:37:15.700,0.5418,0.5529,10.0,0.5505,30.0,742.0,1.0
2021-01-05 09:37:16.501,0.5418,0.5529,10.0,0.5505,10.0,742.0,1.0
2021-01-05 09:37:17.200,0.5418,0.5529,10.0,0.5505,10.0,742.0,1.0
2021-01-05 09:37:17.671,0.5418,0.5532,20.0,0.5505,10.0,742.0,1.0
2021-01-05 09:37:18.710,0.5418,0.5541,20.0,0.5505,10.0,742.0,1.0
2021-01-05 09:37:19.021,0.5418,0.5541,20.0,0.5505,10.0,742.0,1.0
2021-01-05 09:37:19.711,0.5418,0.5541,20.0,0.5505,10.0,742.0,1.0
2021-01-05 09:37:20.211,0.5418,0.5541,20.0,0.5505,30.0,742.0,1.0
2021-01-05 09:37:21.200,0.5418,0.5541,20.0,0.5505,30.0,742.0,1.0
2021-01-05 09:37:21.701,0.5418,0.554,10.0,0.5499,20.0,742.0,1.0
2021-01-05 09:37:22.030,0.5418,0.554,10.0,0.5499,20.0,742.0,1.0
2021-01-05 09:37:23.150,0.5418,0.554,10.0,0.5499,20.0,742.0,1.0
2021-01-05 09:37:23.701,0.5418,0.554,10.0,0.5499,20.0,742.0,1.0
2021-01-05 09:37:24.080,0.5418,0.554,10.0,0.5499,20.0,742.0,1.0
2021-01-05 09:37:24.631,0.5418,0.554,10.0,0.5499,20.0,742.0,1.0
2021-01-05 09:37:25.200,0.5418,0.554,10.0,0.5499,20.0,742.0,1.0
2021-01-05 09:37:25.670,0.5418,0.554,10.0,0.5499,20.0,742.0,1.0
2021-01-05 09:37:26.650,0.5418,0.554,10.0,0.5499,20.0,742.0,1.0
2021-01-05 09:37:27.130,0.5418,0.554,10.0,0.5499,20.0,742.0,1.0
2021-01-05 09:37:29.130,0.5418,0.554,10.0,0.5499,21.0,742.0,1.0
2021-01-05 09:37:30.191,0.5418,0.5524,10.0,0.5499,21.0,742.0,1.0
2021-01-05 09:37:30.650,0.5418,0.5524,30.0,0.5499,21.0,742.0,1.0
2021-01-05 09:37:31.190,0.5418,0.5524,30.0,0.5499,21.0,742.0,1.0
2021-01-05 09:37:32.181,0.5418,0.5524,30.0,0.5499,21.0,742.0,1.0
2021-01-05 09:37:32.651,0.5418,0.5524,30.0,0.5499,21.0,742.0,1.0
2021-01-05 09:37:33.180,0.5418,0.5541,20.0,0.5505,10.0,742.0,1.0
2021-01-05 09:37:33.701,0.5418,0.5541,20.0,0.5505,30.0,742.0,1.0
2021-01-05 09:37:34.200,0.5418,0.5541,20.0,0.5505,30.0,742.0,1.0
2021-01-05 09:37:34.500,0.5418,0.5541,20.0,0.5505,30.0,742.0,1.0
2021-01-05 09:37:35.170,0.5418,0.5541,20.0,0.5505,30.0,742.0,1.0
2021-01-05 09:37:35.650,0.5418,0.5541,20.0,0.5505,10.0,742.0,1.0
2021-01-05 09:37:36.200,0.5418,0.5541,20.0,0.5505,10.0,742.0,1.0
2021-01-05 09:37:36.671,0.5418,0.5541,20.0,0.5505,10.0,742.0,1.0
2021-01-05 09:37:37.180,0.5418,0.554,10.0,0.5504,20.0,742.0,1.0
2021-01-05 09:37:37.691,0.5418,0.554,10.0,0.5499,31.0,742.0,1.0
2021-01-05 09:37:38.651,0.5418,0.554,10.0,0.5499,11.0,742.0,1.0
2021-01-05 09:37:39.170,0.5418,0.5528,10.0,0.5499,1.0,742.0,1.0
2021-01-05 09:37:39.700,0.5418,0.5528,30.0,0.5499,1.0,742.0,1.0
2021-01-05 09:37:40.701,0.5418,0.5528,30.0,0.5499,1.0,742.0,1.0
2021-01-05 09:37:41.131,0.5418,0.5528,30.0,0.5499,1.0,742.0,1.0
2021-01-05 09:37:42.130,0.5418,0.5528,30.0,0.5499,1.0,742.0,1.0
2021-01-05 09:37:43.671,0.5418,0.5528,30.0,0.5499,1.0,742.0,1.0
2021-01-05 09:37:44.190,0.5418,0.5522,10.0,0.5499,1.0,742.0,1.0
2021-01-05 09:37:44.651,0.5499,0.5522,30.0,0.5484,30.0,743.0,2.0
2021-01-05 09:37:45.191,0.5499,0.5518,10.0,0.5481,10.0,743.0,2.0
2021-01-05 09:37:45.191,0.5499,0.5518,10.0,0.5481,10.0,743.0,2.0
2021-01-05 09:37:47.210,0.5499,0.5518,10.0,0.5481,10.0,743.0,2.0
2021-01-05 09:37:47.661,0.5499,0.5518,10.0,0.5481,10.0,743.0,2.0
2021-01-05 09:37:48.201,0.5499,0.5518,10.0,0.5481,10.0,743.0,2.0
2021-01-05 09:37:48.700,0.5499,0.5518,10.0,0.5481,10.0,743.0,2.0
2021-01-05 09:37:49.190,0.5499,0.5518,10.0,0.5481,10.0,743.0,2.0
2021-01-05 09:37:49.670,0.5499,0.5518,10.0,0.5481,10.0,743.0,2.0
2021-01-05 09:37:50.220,0.5499,0.5518,10.0,0.5481,10.0,743.0,2.0
2021-01-05 09:37:51.691,0.5499,0.5522,20.0,0.5489,10.0,743.0,2.0
2021-01-05 09:37:52.191,0.5499,0.5522,20.0,0.5489,10.0,743.0,2.0
2021-01-05 09:37:52.660,0.5499,0.5526,10.0,0.5489,30.0,743.0,2.0
2021-01-05 09:37:53.620,0.5499,0.5526,10.0,0.5489,30.0,743.0,2.0
2021-01-05 09:37:54.170,0.5499,0.5526,10.0,0.5489,30.0,743.0,2.0
2021-01-05 09:37:56.121,0.5499,0.5526,10.0,0.5489,30.0,743.0,2.0
2021-01-05 09:37:56.611,0.5499,0.5526,10.0,0.5489,30.0,743.0,2.0
2021-01-05 09:37:57.170,0.5499,0.5521,10.0,0.5482,10.0,743.0,2.0
2021-01-05 09:37:57.601,0.5499,0.5509,10.0,0.548,10.0,743.0,2.0
2021-01-05 09:37:58.091,0.5499,0.5509,30.0,0.548,10.0,743.0,2.0
2021-01-05 09:37:59.161,0.5499,0.5509,30.0,0.548,10.0,743.0,2.0
2021-01-05 09:37:59.670,0.5499,0.5509,30.0,0.548,10.0,743.0,2.0
2021-01-05 09:38:02.181,0.5499,0.5509,30.0,0.548,10.0,743.0,2.0
2021-01-05 09:38:04.040,0.5499,0.5515,20.0,0.548,10.0,743.0,2.0
2021-01-05 09:38:04.680,0.5499,0.5521,30.0,0.548,10.0,743.0,2.0
2021-01-05 09:38:05.181,0.5499,0.5521,30.0,0.548,10.0,743.0,2.0
2021-01-05 09:38:05.681,0.5499,0.5521,30.0,0.548,10.0,743.0,2.0
2021-01-05 09:38:06.691,0.5499,0.5521,20.0,0.5488,10.0,743.0,2.0
2021-01-05 09:38:07.200,0.5499,0.5521,20.0,0.5488,30.0,743.0,2.0
2021-01-05 09:38:07.590,0.5499,0.5521,20.0,0.5496,10.0,743.0,2.0
2021-01-05 09:38:08.021,0.5499,0.5523,10.0,0.5497,2.0,743.0,2.0
2021-01-05 09:38:09.160,0.5499,0.5523,10.0,0.5497,2.0,743.0,2.0
2021-01-05 09:38:09.681,0.5499,0.5523,10.0,0.5497,2.0,743.0,2.0
2021-01-05 09:38:10.180,0.5499,0.5532,20.0,0.5498,2.0,743.0,2.0
2021-01-05 09:38:10.670,0.5499,0.5537,20.0,0.5504,10.0,743.0,2.0
2021-01-05 09:38:11.141,0.5499,0.5537,20.0,0.5504,30.0,743.0,2.0
2021-01-05 09:38:11.701,0.5499,0.5537,20.0,0.5504,30.0,743.0,2.0
2021-01-05 09:38:12.191,0.5499,0.5535,10.0,0.5501,3.0,743.0,2.0
2021-01-05 09:38:12.691,0.5499,0.5535,10.0,0.5496,21.0,743.0,2.0
2021-01-05 09:38:13.110,0.5499,0.5535,10.0,0.5496,20.0,743.0,2.0
2021-01-05 09:38:13.690,0.5499,0.5535,10.0,0.5496,20.0,743.0,2.0
2021-01-05 09:38:14.141,0.5499,0.5536,10.0,0.5503,10.0,743.0,2.0
2021-01-05 09:38:14.691,0.5499,0.5536,10.0,0.5503,10.0,743.0,2.0
2021-01-05 09:38:15.150,0.5499,0.5544,20.0,0.5511,10.0,743.0,2.0
2021-01-05 09:38:15.730,0.5499,0.5544,20.0,0.5511,10.0,743.0,2.0
2021-01-05 09:38:16.210,0.5499,0.5552,30.0,0.5511,10.0,743.0,2.0
2021-01-05 09:38:16.731,0.5499,0.5552,10.0,0.5511,10.0,743.0,2.0
2021-01-05 09:38:17.190,0.5499,0.5552,30.0,0.5511,10.0,743.0,2.0
2021-01-05 09:38:17.701,0.5499,0.5552,10.0,0.5511,10.0,743.0,2.0
2021-01-05 09:38:18.231,0.5499,0.5552,30.0,0.5511,10.0,743.0,2.0
2021-01-05 09:38:18.660,0.5499,0.5552,10.0,0.5511,10.0,743.0,2.0
2021-01-05 09:38:19.230,0.5499,0.5552,30.0,0.5511,10.0,743.0,2.0
2021-01-05 09:38:19.670,0.5499,0.5552,10.0,0.5511,10.0,743.0,2.0
2021-01-05 09:38:20.231,0.5499,0.5552,30.0,0.5511,10.0,743.0,2.0
2021-01-05 09:38:20.690,0.5499,0.5552,10.0,0.5511,10.0,743.0,2.0
2021-01-05 09:38:21.670,0.5499,0.5557,20.0,0.5518,10.0,743.0,2.0
2021-01-05 09:38:22.210,0.5499,0.5557,20.0,0.5518,10.0,743.0,2.0
2021-01-05 09:38:22.661,0.5499,0.5557,20.0,0.5518,30.0,743.0,2.0
2021-01-05 09:38:23.201,0.5499,0.5557,20.0,0.5518,30.0,743.0,2.0
2021-01-05 09:38:24.141,0.5499,0.5557,20.0,0.5518,30.0,743.0,2.0
2021-01-05 09:38:24.690,0.5499,0.5557,20.0,0.5528,10.0,743.0,2.0
2021-01-05 09:38:25.101,0.5499,0.5557,20.0,0.5528,30.0,743.0,2.0
2021-01-05 09:38:25.700,0.5499,0.5557,20.0,0.5528,30.0,743.0,2.0
2021-01-05 09:38:26.100,0.5499,0.5557,20.0,0.5528,30.0,743.0,2.0
2021-01-05 09:38:26.701,0.5499,0.5557,20.0,0.5528,30.0,743.0,2.0
2021-01-05 09:38:28.171,0.5499,0.5557,20.0,0.5528,30.0,743.0,2.0
2021-01-05 09:38:28.680,0.5499,0.5557,20.0,0.5528,30.0,743.0,2.0
2021-01-05 09:38:29.191,0.5499,0.5571,30.0,0.5528,30.0,743.0,2.0
2021-01-05 09:38:29.641,0.5499,0.5571,30.0,0.5528,30.0,743.0,2.0
2021-01-05 09:38:30.670,0.5499,0.5571,30.0,0.5528,30.0,743.0,2.0
2021-01-05 09:38:31.181,0.5499,0.5571,30.0,0.5528,30.0,743.0,2.0
2021-01-05 09:38:31.700,0.5499,0.5571,30.0,0.5528,30.0,743.0,2.0
2021-01-05 09:38:32.171,0.5499,0.5571,30.0,0.5528,30.0,743.0,2.0
2021-01-05 09:38:32.701,0.5499,0.5571,30.0,0.5528,30.0,743.0,2.0
2021-01-05 09:38:33.191,0.5499,0.5571,20.0,0.5538,10.0,743.0,2.0
2021-01-05 09:38:33.700,0.5499,0.5581,40.0,0.5538,30.0,743.0,2.0
2021-01-05 09:38:34.201,0.5499,0.5581,30.0,0.5547,10.0,743.0,2.0
2021-01-05 09:38:35.200,0.5499,0.559,30.0,0.5547,30.0,743.0,2.0
2021-01-05 09:38:35.700,0.5499,0.559,20.0,0.5555,10.0,743.0,2.0
2021-01-05 09:38:36.180,0.5499,0.559,20.0,0.5555,10.0,743.0,2.0
2021-01-05 09:38:36.691,0.5499,0.5598,30.0,0.5555,30.0,743.0,2.0
2021-01-05 09:38:37.160,0.5499,0.5598,30.0,0.5555,30.0,743.0,2.0
2021-01-05 09:38:37.680,0.5499,0.5598,30.0,0.5555,30.0,743.0,2.0
2021-01-05 09:38:38.161,0.5499,0.5598,30.0,0.5555,30.0,743.0,2.0
2021-01-05 09:38:38.660,0.5499,0.5598,30.0,0.5555,30.0,743.0,2.0
2021-01-05 09:38:39.161,0.5499,0.5598,20.0,0.5564,10.0,743.0,2.0
2021-01-05 09:38:39.661,0.5499,0.5598,20.0,0.5564,30.0,743.0,2.0
2021-01-05 09:38:40.201,0.5499,0.5611,20.0,0.5573,10.0,743.0,2.0
2021-01-05 09:38:40.670,0.5499,0.5611,20.0,0.5573,10.0,743.0,2.0
2021-01-05 09:38:41.190,0.5499,0.5611,20.0,0.5573,30.0,743.0,2.0
2021-01-05 09:38:41.670,0.5499,0.5611,20.0,0.5573,30.0,743.0,2.0
2021-01-05 09:38:42.191,0.5499,0.5611,20.0,0.5573,30.0,743.0,2.0
2021-01-05 09:38:42.700,0.5499,0.5616,30.0,0.5573,30.0,743.0,2.0
2021-01-05 09:38:43.190,0.5499,0.5616,30.0,0.5573,30.0,743.0,2.0
2021-01-05 09:38:43.701,0.5499,0.5616,30.0,0.5573,30.0,743.0,2.0
2021-01-05 09:38:44.200,0.5499,0.5616,30.0,0.5573,30.0,743.0,2.0
2021-01-05 09:38:44.690,0.5499,0.5616,30.0,0.5573,30.0,743.0,2.0
2021-01-05 09:38:45.201,0.5499,0.5616,30.0,0.5574,1.0,743.0,2.0
2021-01-05 09:38:45.580,0.5499,0.5616,30.0,0.5574,1.0,743.0,2.0
2021-01-05 09:38:46.200,0.5499,0.5608,10.0,0.5574,1.0,743.0,2.0
2021-01-05 09:38:46.631,0.5499,0.5608,30.0,0.5574,1.0,743.0,2.0
2021-01-05 09:38:47.140,0.5499,0.5608,30.0,0.5574,1.0,743.0,2.0
2021-01-05 09:38:47.691,0.5499,0.5608,30.0,0.5574,1.0,743.0,2.0
2021-01-05 09:38:48.200,0.5499,0.5598,10.0,0.5574,1.0,743.0,2.0
2021-01-05 09:38:48.650,0.5499,0.5597,1.0,0.5574,1.0,743.0,2.0
2021-01-05 09:38:49.130,0.5499,0.5597,1.0,0.5574,1.0,743.0,2.0
2021-01-05 09:38:49.670,0.5574,0.559,10.0,0.5555,20.0,744.0,3.0
2021-01-05 09:38:50.091,0.5574,0.559,30.0,0.5555,1.0,744.0,3.0
2021-01-05 09:38:50.651,0.5574,0.559,30.0,0.5555,21.0,744.0,3.0
2021-01-05 09:38:51.170,0.5574,0.559,20.0,0.5555,31.0,744.0,3.0
2021-01-05 09:38:51.691,0.5574,0.5598,30.0,0.5559,10.0,744.0,3.0
2021-01-05 09:38:51.821,0.5574,0.5598,20.0,0.5565,10.0,744.0,3.0
2021-01-05 09:38:52.630,0.5574,0.5598,20.0,0.5565,30.0,744.0,3.0
2021-01-05 09:38:53.191,0.5574,0.56,10.0,0.5565,30.0,744.0,3.0
2021-01-05 09:38:54.200,0.5574,0.56,10.0,0.5566,10.0,744.0,3.0
2021-01-05 09:38:54.200,0.5574,0.5604,20.0,0.5568,10.0,744.0,3.0
2021-01-05 09:38:55.191,0.5574,0.5604,20.0,0.5569,1.0,744.0,3.0
2021-01-05 09:38:55.650,0.5574,0.5609,20.0,0.5575,10.0,744.0,3.0
2021-01-05 09:38:56.190,0.5574,0.5618,30.0,0.5575,30.0,744.0,3.0
2021-01-05 09:38:57.200,0.5574,0.5618,30.0,0.5575,10.0,744.0,3.0
2021-01-05 09:38:57.640,0.5574,0.5618,30.0,0.5575,30.0,744.0,3.0
2021-01-05 09:38:58.190,0.5574,0.5618,30.0,0.5575,30.0,744.0,3.0
2021-01-05 09:38:58.670,0.5574,0.5608,10.0,0.5569,1.0,744.0,3.0
2021-01-05 09:38:59.060,0.5574,0.5608,30.0,0.5565,30.0,744.0,3.0
2021-01-05 09:38:59.700,0.5574,0.5608,30.0,0.5566,1.0,744.0,3.0
2021-01-05 09:39:00.660,0.5574,0.5608,30.0,0.5566,1.0,744.0,3.0
2021-01-05 09:39:01.160,0.5574,0.5608,30.0,0.5566,1.0,744.0,3.0
2021-01-05 09:39:02.201,0.5574,0.5608,30.0,0.5566,1.0,744.0,3.0
2021-01-05 09:39:02.660,0.5574,0.5608,30.0,0.5566,1.0,744.0,3.0
2021-01-05 09:39:03.150,0.5574,0.5608,30.0,0.5566,1.0,744.0,3.0
2021-01-05 09:39:04.161,0.5574,0.5608,30.0,0.5565,10.0,744.0,3.0
2021-01-05 09:39:04.610,0.5574,0.5608,30.0,0.5565,10.0,744.0,3.0
2021-01-05 09:39:07.200,0.5574,0.56,10.0,0.5565,10.0,744.0,3.0
2021-01-05 09:39:07.680,0.5574,0.56,30.0,0.5565,10.0,744.0,3.0
2021-01-05 09:39:08.131,0.5574,0.56,30.0,0.5565,30.0,744.0,3.0
2021-01-05 09:39:08.690,0.5574,0.56,30.0,0.5565,30.0,744.0,3.0
2021-01-05 09:39:09.161,0.5574,0.56,30.0,0.5566,1.0,744.0,3.0
2021-01-05 09:39:10.191,0.5574,0.56,30.0,0.5565,30.0,744.0,3.0
2021-01-05 09:39:10.721,0.5574,0.56,30.0,0.5565,31.0,744.0,3.0
2021-01-05 09:39:11.201,0.5574,0.56,20.0,0.5565,31.0,744.0,3.0
2021-01-05 09:39:11.701,0.5574,0.56,20.0,0.5565,31.0,744.0,3.0
2021-01-05 09:39:12.220,0.5574,0.56,20.0,0.5565,31.0,744.0,3.0
2021-01-05 09:39:12.690,0.5574,0.56,20.0,0.5565,31.0,744.0,3.0
2021-01-05 09:39:13.170,0.5574,0.5608,30.0,0.5565,31.0,744.0,3.0
2021-01-05 09:39:13.720,0.5574,0.5608,30.0,0.5565,31.0,744.0,3.0
2021-01-05 09:39:14.160,0.5574,0.5608,30.0,0.5565,41.0,744.0,3.0
2021-01-05 09:39:15.220,0.5574,0.5608,20.0,0.5574,1.0,744.0,3.0
2021-01-05 09:39:15.720,0.5574,0.5616,30.0,0.5574,1.0,744.0,3.0
2021-01-05 09:39:16.121,0.5574,0.5616,10.0,0.5574,1.0,744.0,3.0
2021-01-05 09:39:16.711,0.5574,0.5616,30.0,0.5574,1.0,744.0,3.0
2021-01-05 09:39:17.191,0.5574,0.5616,30.0,0.5575,5.0,744.0,3.0
2021-01-05 09:39:17.650,0.5574,0.5616,30.0,0.5575,5.0,744.0,3.0
2021-01-05 09:39:18.221,0.5574,0.5616,30.0,0.5575,6.0,744.0,3.0
2021-01-05 09:39:18.671,0.5574,0.5616,30.0,0.5575,1.0,744.0,3.0
2021-01-05 09:39:19.710,0.5574,0.5616,30.0,0.5575,1.0,744.0,3.0
2021-01-05 09:39:20.221,0.5574,0.5616,30.0,0.5575,1.0,744.0,3.0
2021-01-05 09:39:20.741,0.5574,0.5616,30.0,0.5575,1.0,744.0,3.0
2021-01-05 09:39:21.231,0.5574,0.5616,30.0,0.5576,5.0,744.0,3.0
2021-01-05 09:39:21.671,0.5574,0.5616,30.0,0.5576,5.0,744.0,3.0
2021-01-05 09:39:22.651,0.5574,0.5616,30.0,0.5577,1.0,744.0,3.0
2021-01-05 09:39:23.200,0.5574,0.5616,30.0,0.5577,1.0,744.0,3.0
2021-01-05 09:39:23.710,0.5574,0.5616,30.0,0.5577,1.0,744.0,3.0
2021-01-05 09:39:24.151,0.5574,0.5616,30.0,0.5577,1.0,744.0,3.0
2021-01-05 09:39:25.700,0.5574,0.5616,30.0,0.5577,1.0,744.0,3.0
2021-01-05 09:39:27.210,0.5574,0.5616,30.0,0.5577,1.0,744.0,3.0
2021-01-05 09:39:27.711,0.5574,0.5616,30.0,0.5577,1.0,744.0,3.0
2021-01-05 09:39:29.231,0.5574,0.5616,30.0,0.5577,1.0,744.0,3.0
2021-01-05 09:39:29.721,0.5574,0.5616,30.0,0.5577,1.0,744.0,3.0
2021-01-05 09:39:30.220,0.5574,0.5616,30.0,0.5576,5.0,744.0,3.0
2021-01-05 09:39:30.721,0.5574,0.5616,30.0,0.5576,1.0,744.0,3.0
2021-01-05 09:39:31.121,0.5574,0.5616,30.0,0.5574,1.0,744.0,3.0
2021-01-05 09:39:31.701,0.5574,0.5616,30.0,0.5575,1.0,744.0,3.0
2021-01-05 09:39:32.700,0.5574,0.5616,30.0,0.5575,1.0,744.0,3.0
2021-01-05 09:39:34.210,0.5574,0.5616,30.0,0.5575,1.0,744.0,3.0
2021-01-05 09:39:34.681,0.5574,0.5616,30.0,0.5575,1.0,744.0,3.0
2021-01-05 09:39:35.701,0.5574,0.5616,30.0,0.5574,1.0,744.0,3.0
2021-01-05 09:39:36.231,0.5574,0.5616,30.0,0.5576,1.0,744.0,3.0
2021-01-05 09:39:36.660,0.5574,0.5616,30.0,0.5575,1.0,744.0,3.0
2021-01-05 09:39:37.221,0.5574,0.5616,30.0,0.5575,1.0,744.0,3.0
2021-01-05 09:39:39.241,0.5574,0.5616,30.0,0.5575,1.0,744.0,3.0
2021-01-05 09:39:41.220,0.5574,0.5608,10.0,0.5573,30.0,744.0,3.0
2021-01-05 09:39:41.750,0.5574,0.5608,30.0,0.5573,30.0,744.0,3.0
2021-01-05 09:39:42.210,0.5574,0.5608,30.0,0.5573,10.0,744.0,3.0
2021-01-05 09:39:42.740,0.5574,0.5608,30.0,0.5573,10.0,744.0,3.0
2021-01-05 09:39:43.170,0.5574,0.5606,10.0,0.557,1.0,744.0,3.0
2021-01-05 09:39:43.660,0.5574,0.5606,10.0,0.557,1.0,744.0,3.0
2021-01-05 09:39:44.231,0.5574,0.5606,10.0,0.557,1.0,744.0,3.0
2021-01-05 09:39:44.680,0.5574,0.5606,10.0,0.557,1.0,744.0,3.0
2021-01-05 09:39:45.251,0.5574,0.5606,10.0,0.557,1.0,744.0,3.0
2021-01-05 09:39:46.190,0.5574,0.5606,10.0,0.557,21.0,744.0,3.0
2021-01-05 09:39:46.711,0.5574,0.5608,20.0,0.5576,10.0,744.0,3.0
2021-01-05 09:39:47.250,0.5574,0.5608,20.0,0.5577,1.0,744.0,3.0
2021-01-05 09:39:47.731,0.5574,0.5616,30.0,0.5577,1.0,744.0,3.0
2021-01-05 09:39:48.221,0.5574,0.5616,30.0,0.5577,1.0,744.0,3.0
2021-01-05 09:39:48.720,0.5574,0.5616,30.0,0.5577,1.0,744.0,3.0
2021-01-05 09:39:49.241,0.5574,0.5616,30.0,0.5577,1.0,744.0,3.0
2021-01-05 09:39:49.711,0.5574,0.5616,20.0,0.5577,1.0,744.0,3.0
2021-01-05 09:39:50.710,0.5574,0.5616,20.0,0.5577,1.0,744.0,3.0
2021-01-05 09:39:51.241,0.5574,0.5622,20.0,0.5587,10.0,744.0,3.0
2021-01-05 09:39:51.730,0.5574,0.563,30.0,0.5588,1.0,744.0,3.0
2021-01-05 09:39:52.251,0.5574,0.563,30.0,0.5589,3.0,744.0,3.0
2021-01-05 09:39:52.670,0.5574,0.563,30.0,0.5587,30.0,744.0,3.0
2021-01-05 09:39:53.181,0.5574,0.563,30.0,0.5588,1.0,744.0,3.0
2021-01-05 09:39:53.630,0.5574,0.563,30.0,0.5587,10.0,744.0,3.0
2021-01-05 09:39:54.191,0.5574,0.563,30.0,0.5587,10.0,744.0,3.0
2021-01-05 09:39:54.691,0.5574,0.563,30.0,0.5588,1.0,744.0,3.0
2021-01-05 09:39:55.181,0.5574,0.563,30.0,0.5588,1.0,744.0,3.0
2021-01-05 09:39:55.461,0.5574,0.563,30.0,0.5588,1.0,744.0,3.0
2021-01-05 09:39:56.120,0.5574,0.563,30.0,0.5588,1.0,744.0,3.0
2021-01-05 09:39:56.691,0.5574,0.563,10.0,0.5589,7.0,744.0,3.0
2021-01-05 09:39:57.181,0.5574,0.563,30.0,0.5589,7.0,744.0,3.0
2021-01-05 09:39:57.580,0.5574,0.563,30.0,0.5587,10.0,744.0,3.0
2021-01-05 09:39:58.201,0.5574,0.563,30.0,0.5587,10.0,744.0,3.0
2021-01-05 09:39:58.600,0.5574,0.563,30.0,0.5587,10.0,744.0,3.0
2021-01-05 09:39:59.061,0.5574,0.563,30.0,0.5587,10.0,744.0,3.0
2021-01-05 09:40:00.631,0.5574,0.563,30.0,0.5587,10.0,744.0,3.0
2021-01-05 09:40:01.201,0.5574,0.563,30.0,0.5587,10.0,744.0,3.0
2021-01-05 09:40:01.570,0.5574,0.5612,10.0,0.5584,1.0,744.0,3.0
2021-01-05 09:40:02.200,0.5574,0.5612,30.0,0.5584,1.0,744.0,3.0
2021-01-05 09:40:02.671,0.5574,0.5612,30.0,0.5577,1.0,744.0,3.0
2021-01-05 09:40:03.171,0.5574,0.5612,30.0,0.5583,1.0,744.0,3.0
2021-01-05 09:40:03.691,0.5574,0.5612,30.0,0.5581,1.0,744.0,3.0
2021-01-05 09:40:04.160,0.5574,0.56,1.0,0.5581,1.0,744.0,3.0
2021-01-05 09:40:04.700,0.5574,0.56,1.0,0.5582,2.0,744.0,3.0
2021-01-05 09:40:05.170,0.5574,0.56,1.0,0.5581,1.0,744.0,3.0
2021-01-05 09:40:05.701,0.5574,0.5599,2.0,0.5581,1.0,744.0,3.0
2021-01-05 09:40:06.701,0.5574,0.5599,22.0,0.558,1.0,744.0,3.0
2021-01-05 09:40:07.700,0.5574,0.5598,2.0,0.5577,1.0,744.0,3.0
2021-01-05 09:40:08.690,0.5574,0.5598,2.0,0.557,11.0,744.0,3.0
2021-01-05 09:40:09.191,0.5574,0.5598,2.0,0.557,1.0,744.0,3.0
2021-01-05 09:40:09.691,0.5574,0.5599,20.0,0.557,1.0,744.0,3.0
2021-01-05 09:40:10.150,0.5574,0.5599,20.0,0.5571,1.0,744.0,3.0
2021-01-05 09:40:12.190,0.5574,0.5599,20.0,0.557,1.0,744.0,3.0
2021-01-05 09:40:12.680,0.5574,0.5599,20.0,0.5565,1.0,744.0,3.0
2021-01-05 09:40:13.170,0.5574,0.5599,20.0,0.5566,1.0,744.0,3.0
2021-01-05 09:40:13.400,0.5574,0.5596,10.0,0.5563,20.0,744.0,3.0
2021-01-05 09:40:14.150,0.5574,0.5586,10.0,0.556,1.0,744.0,3.0
2021-01-05 09:40:14.701,0.5574,0.5585,1.0,0.556,1.0,744.0,3.0
2021-01-05 09:40:15.120,0.5574,0.5585,1.0,0.556,1.0,744.0,3.0
2021-01-05 09:40:16.610,0.5574,0.5584,1.0,0.556,21.0,744.0,3.0
2021-01-05 09:40:17.191,0.5574,0.5584,1.0,0.556,21.0,744.0,3.0
2021-01-05 09:40:17.661,0.5574,0.5584,1.0,0.556,1.0,744.0,3.0
2021-01-05 09:40:18.161,0.5574,0.5584,1.0,0.556,1.0,744.0,3.0
2021-01-05 09:40:18.701,0.5574,0.5586,30.0,0.556,1.0,744.0,3.0
2021-01-05 09:40:19.711,0.5574,0.5586,30.0,0.556,21.0,744.0,3.0
2021-01-05 09:40:20.191,0.5574,0.5586,20.0,0.5561,2.0,744.0,3.0
2021-01-05 09:40:20.691,0.5574,0.5591,20.0,0.5562,1.0,744.0,3.0
2021-01-05 09:40:21.200,0.5574,0.5599,20.0,0.5564,10.0,744.0,3.0
2021-01-05 09:40:21.701,0.5574,0.5599,20.0,0.5565,1.0,744.0,3.0
2021-01-05 09:40:22.210,0.5574,0.5599,20.0,0.5565,1.0,744.0,3.0
2021-01-05 09:40:22.591,0.5574,0.5599,20.0,0.5565,21.0,744.0,3.0
2021-01-05 09:40:23.701,0.5574,0.5599,20.0,0.5565,21.0,744.0,3.0
2021-01-05 09:40:24.141,0.5574,0.5599,20.0,0.5565,21.0,744.0,3.0
2021-01-05 09:40:24.681,0.5574,0.5599,20.0,0.5572,10.0,744.0,3.0
2021-01-05 09:40:25.121,0.5574,0.5599,20.0,0.5572,10.0,744.0,3.0
2021-01-05 09:40:25.570,0.5574,0.5598,2.0,0.5573,1.0,744.0,3.0
2021-01-05 09:40:26.181,0.5574,0.5598,2.0,0.5573,2.0,744.0,3.0
2021-01-05 09:40:26.650,0.5574,0.5599,20.0,0.5573,22.0,744.0,3.0
2021-01-05 09:40:27.140,0.5574,0.5599,20.0,0.5574,2.0,744.0,3.0
2021-01-05 09:40:28.690,0.5574,0.5599,20.0,0.5575,1.0,744.0,3.0
2021-01-05 09:40:29.170,0.5574,0.5599,20.0,0.5575,1.0,744.0,3.0
2021-01-05 09:40:30.160,0.5574,0.5599,20.0,0.5576,2.0,744.0,3.0
2021-01-05 09:40:32.140,0.5574,0.5599,20.0,0.5575,1.0,744.0,3.0
2021-01-05 09:40:32.611,0.5574,0.5598,1.0,0.5576,1.0,744.0,3.0
2021-01-05 09:40:33.191,0.5574,0.5598,1.0,0.5573,21.0,744.0,3.0
2021-01-05 09:40:33.551,0.5574,0.5598,1.0,0.5573,1.0,744.0,3.0
2021-01-05 09:40:34.561,0.5574,0.5599,20.0,0.5573,1.0,744.0,3.0
2021-01-05 09:40:35.201,0.5574,0.5599,20.0,0.5574,2.0,744.0,3.0
2021-01-05 09:40:37.201,0.5574,0.5599,20.0,0.5575,2.0,744.0,3.0
2021-01-05 09:40:38.130,0.5574,0.5598,2.0,0.5573,1.0,744.0,3.0
2021-01-05 09:40:40.151,0.5574,0.5599,20.0,0.5573,1.0,744.0,3.0
2021-01-05 09:40:40.670,0.5574,0.5598,1.0,0.5573,1.0,744.0,3.0
2021-01-05 09:40:41.191,0.5574,0.5598,1.0,0.5573,1.0,744.0,3.0
2021-01-05 09:40:41.640,0.5574,0.5595,10.0,0.5573,1.0,744.0,3.0
2021-01-05 09:40:42.601,0.5574,0.5594,1.0,0.5573,1.0,744.0,3.0
2021-01-05 09:40:43.621,0.5574,0.5594,21.0,0.5573,1.0,744.0,3.0
2021-01-05 09:40:44.161,0.5574,0.5594,21.0,0.5573,1.0,744.0,3.0
2021-01-05 09:40:44.610,0.5574,0.5594,20.0,0.5573,1.0,744.0,3.0
2021-01-05 09:40:45.131,0.5574,0.5593,1.0,0.5573,1.0,744.0,3.0
2021-01-05 09:40:47.211,0.5574,0.5592,1.0,0.5573,1.0,744.0,3.0
2021-01-05 09:40:47.611,0.5574,0.5591,1.0,0.5573,1.0,744.0,3.0
2021-01-05 09:40:48.700,0.5574,0.5591,1.0,0.5573,1.0,744.0,3.0
2021-01-05 09:40:49.111,0.5574,0.5591,1.0,0.5573,1.0,744.0,3.0
2021-01-05 09:40:49.640,0.5574,0.5594,20.0,0.5573,1.0,744.0,3.0
2021-01-05 09:40:50.181,0.5574,0.559,2.0,0.5573,1.0,744.0,3.0
2021-01-05 09:40:50.671,0.5574,0.559,2.0,0.5573,1.0,744.0,3.0
2021-01-05 09:40:52.081,0.5574,0.5589,2.0,0.5573,1.0,744.0,3.0
2021-01-05 09:40:53.171,0.5574,0.5589,22.0,0.5573,1.0,744.0,3.0
2021-01-05 09:40:53.651,0.5574,0.5589,22.0,0.5573,1.0,744.0,3.0
2021-01-05 09:40:54.141,0.5574,0.5588,2.0,0.5573,1.0,744.0,3.0
2021-01-05 09:40:54.661,0.5574,0.5588,2.0,0.5573,1.0,744.0,3.0
2021-01-05 09:40:55.111,0.5574,0.5588,2.0,0.5573,1.0,744.0,3.0
2021-01-05 09:40:56.121,0.5574,0.5588,1.0,0.5573,1.0,744.0,3.0
2021-01-05 09:40:56.711,0.5574,0.5594,20.0,0.5573,1.0,744.0,3.0
2021-01-05 09:40:57.180,0.5574,0.5594,20.0,0.5573,1.0,744.0,3.0
2021-01-05 09:40:57.710,0.5574,0.56,21.0,0.5574,2.0,744.0,3.0
2021-01-05 09:40:58.200,0.5574,0.5599,2.0,0.5573,1.0,744.0,3.0
2021-01-05 09:40:58.721,0.5574,0.5599,2.0,0.5573,1.0,744.0,3.0
2021-01-05 09:40:58.980,0.5574,0.5599,2.0,0.5573,1.0,744.0,3.0
2021-01-05 09:40:59.650,0.5574,0.5599,2.0,0.5573,1.0,744.0,3.0
2021-01-05 09:40:59.950,0.5574,0.5598,1.0,0.5573,1.0,744.0,3.0
2021-01-05 09:41:01.041,0.5574,0.5598,1.0,0.5573,1.0,744.0,3.0
2021-01-05 09:41:01.650,0.5574,0.5598,1.0,0.5573,1.0,744.0,3.0
2021-01-05 09:41:02.190,0.5574,0.56,21.0,0.5573,1.0,744.0,3.0
2021-01-05 09:41:02.661,0.5574,0.56,21.0,0.5573,1.0,744.0,3.0
2021-01-05 09:41:03.110,0.5574,0.56,21.0,0.5573,1.0,744.0,3.0
2021-01-05 09:41:03.721,0.5574,0.56,21.0,0.5573,1.0,744.0,3.0
2021-01-05 09:41:04.180,0.5574,0.56,21.0,0.5574,2.0,744.0,3.0
2021-01-05 09:41:05.220,0.5574,0.56,21.0,0.5574,2.0,744.0,3.0
2021-01-05 09:41:06.221,0.5574,0.56,21.0,0.5575,2.0,744.0,3.0
2021-01-05 09:41:06.620,0.5574,0.56,21.0,0.5575,2.0,744.0,3.0
2021-01-05 09:41:07.100,0.5574,0.56,21.0,0.5575,2.0,744.0,3.0
2021-01-05 09:41:07.611,0.5574,0.56,21.0,0.5575,2.0,744.0,3.0
2021-01-05 09:41:08.201,0.5574,0.56,21.0,0.5576,2.0,744.0,3.0
2021-01-05 09:41:08.701,0.5574,0.56,21.0,0.5576,2.0,744.0,3.0
2021-01-05 09:41:09.650,0.5574,0.56,21.0,0.5576,2.0,744.0,3.0
2021-01-05 09:41:10.220,0.5574,0.56,21.0,0.5573,2.0,744.0,3.0
2021-01-05 09:41:10.710,0.5574,0.56,21.0,0.5577,2.0,744.0,3.0
2021-01-05 09:41:11.161,0.5574,0.56,1.0,0.5577,2.0,744.0,3.0
2021-01-05 09:41:11.711,0.5574,0.56,1.0,0.5577,22.0,744.0,3.0
2021-01-05 09:41:12.151,0.5574,0.56,1.0,0.5578,10.0,744.0,3.0
2021-01-05 09:41:12.710,0.5574,0.56,1.0,0.5578,30.0,744.0,3.0
2021-01-05 09:41:13.161,0.5574,0.5599,2.0,0.5578,30.0,744.0,3.0
2021-01-05 09:41:13.701,0.5574,0.5599,22.0,0.5574,1.0,744.0,3.0
2021-01-05 09:41:14.160,0.5574,0.5599,2.0,0.5578,20.0,744.0,3.0
2021-01-05 09:41:14.671,0.5574,0.56,1.0,0.5573,1.0,744.0,3.0
2021-01-05 09:41:15.050,0.5574,0.56,1.0,0.5579,2.0,744.0,3.0
2021-01-05 09:41:15.651,0.5574,0.56,1.0,0.5573,1.0,744.0,3.0
2021-01-05 09:41:16.210,0.5574,0.56,1.0,0.5573,1.0,744.0,3.0
2021-01-05 09:41:16.500,0.5574,0.56,1.0,0.5574,1.0,744.0,3.0
2021-01-05 09:41:17.180,0.5574,0.56,1.0,0.5574,1.0,744.0,3.0
2021-01-05 09:41:18.141,0.5574,0.56,1.0,0.5574,1.0,744.0,3.0
2021-01-05 09:41:18.600,0.5574,0.56,1.0,0.5573,1.0,744.0,3.0
2021-01-05 09:41:19.161,0.5574,0.56,1.0,0.5575,1.0,744.0,3.0
2021-01-05 09:41:19.960,0.5574,0.56,1.0,0.5573,1.0,744.0,3.0
2021-01-05 09:41:20.721,0.5574,0.56,1.0,0.5573,1.0,744.0,3.0
2021-01-05 09:41:21.190,0.5574,0.56,1.0,0.5574,1.0,744.0,3.0
2021-01-05 09:41:21.551,0.5574,0.56,1.0,0.5574,1.0,744.0,3.0
2021-01-05 09:41:22.190,0.5574,0.56,1.0,0.5574,2.0,744.0,3.0
2021-01-05 09:41:22.700,0.5574,0.56,1.0,0.5574,2.0,744.0,3.0
2021-01-05 09:41:23.061,0.5574,0.56,1.0,0.5575,2.0,744.0,3.0
2021-01-05 09:41:24.171,0.5574,0.56,1.0,0.5575,1.0,744.0,3.0
2021-01-05 09:41:24.651,0.5574,0.56,1.0,0.5575,1.0,744.0,3.0
2021-01-05 09:41:25.120,0.5574,0.56,1.0,0.5573,1.0,744.0,3.0
2021-01-05 09:41:25.641,0.5574,0.56,1.0,0.5576,1.0,744.0,3.0
2021-01-05 09:41:26.190,0.5574,0.56,1.0,0.5578,10.0,744.0,3.0
2021-01-05 09:41:26.670,0.5574,0.56,1.0,0.5578,30.0,744.0,3.0
2021-01-05 09:41:27.710,0.5574,0.56,1.0,0.5579,1.0,744.0,3.0
2021-01-05 09:41:28.171,0.5574,0.56,1.0,0.5579,1.0,744.0,3.0
2021-01-05 09:41:29.070,0.5574,0.56,1.0,0.558,1.0,744.0,3.0
2021-01-05 09:41:30.180,0.5574,0.56,1.0,0.5582,1.0,744.0,3.0
2021-01-05 09:41:30.711,0.5574,0.56,1.0,0.5582,2.0,744.0,3.0
2021-01-05 09:41:31.181,0.5574,0.56,1.0,0.5582,1.0,744.0,3.0
2021-01-05 09:41:31.700,0.5574,0.56,1.0,0.5583,1.0,744.0,3.0
2021-01-05 09:41:32.220,0.5574,0.56,1.0,0.5584,1.0,744.0,3.0
2021-01-05 09:41:32.670,0.5574,0.56,1.0,0.5584,2.0,744.0,3.0
2021-01-05 09:41:33.171,0.5574,0.56,1.0,0.5584,2.0,744.0,3.0
2021-01-05 09:41:33.680,0.5574,0.56,1.0,0.5584,1.0,744.0,3.0
2021-01-05 09:41:34.120,0.5574,0.56,1.0,0.5583,20.0,744.0,3.0
2021-01-05 09:41:34.720,0.5574,0.56,1.0,0.5585,2.0,744.0,3.0
2021-01-05 09:41:35.221,0.5574,0.56,1.0,0.5585,2.0,744.0,3.0
2021-01-05 09:41:35.721,0.5574,0.56,1.0,0.5585,22.0,744.0,3.0
2021-01-05 09:41:36.070,0.5574,0.56,1.0,0.5586,1.0,744.0,3.0
2021-01-05 09:41:36.720,0.56,0.5615,20.0,0.5588,10.0,744.0,4.0
2021-01-05 09:41:37.210,0.56,0.5615,20.0,0.5588,10.0,744.0,4.0
2021-01-05 09:41:37.711,0.56,0.5628,20.0,0.5589,1.0,744.0,4.0
2021-01-05 09:41:38.650,0.56,0.5628,20.0,0.559,1.0,744.0,4.0
2021-01-05 09:41:39.221,0.56,0.5628,20.0,0.559,21.0,744.0,4.0
2021-01-05 09:41:39.521,0.56,0.5628,20.0,0.559,20.0,744.0,4.0
2021-01-05 09:41:41.130,0.56,0.5628,20.0,0.559,20.0,744.0,4.0
2021-01-05 09:41:41.730,0.56,0.5628,20.0,0.559,20.0,744.0,4.0
2021-01-05 09:41:42.201,0.56,0.5628,20.0,0.559,20.0,744.0,4.0
2021-01-05 09:41:42.690,0.56,0.5615,10.0,0.5586,1.0,744.0,4.0
2021-01-05 09:41:43.080,0.56,0.5615,30.0,0.5585,20.0,744.0,4.0
2021-01-05 09:41:43.720,0.56,0.5615,10.0,0.5585,20.0,744.0,4.0
2021-01-05 09:41:44.181,0.56,0.5615,30.0,0.5579,30.0,744.0,4.0
2021-01-05 09:41:44.671,0.56,0.5615,30.0,0.558,1.0,744.0,4.0
2021-01-05 09:41:45.190,0.56,0.5615,30.0,0.5581,8.0,744.0,4.0
2021-01-05 09:41:45.701,0.56,0.5615,30.0,0.5581,8.0,744.0,4.0
2021-01-05 09:41:46.241,0.56,0.5615,30.0,0.5581,8.0,744.0,4.0
2021-01-05 09:41:46.661,0.56,0.5615,30.0,0.5581,8.0,744.0,4.0
2021-01-05 09:41:47.201,0.56,0.5615,20.0,0.5581,8.0,744.0,4.0
2021-01-05 09:41:48.181,0.56,0.562,20.0,0.5587,10.0,744.0,4.0
2021-01-05 09:41:48.740,0.56,0.5628,30.0,0.5587,30.0,744.0,4.0
2021-01-05 09:41:49.191,0.56,0.5628,30.0,0.5587,30.0,744.0,4.0
2021-01-05 09:41:49.750,0.56,0.5628,30.0,0.5588,1.0,744.0,4.0
2021-01-05 09:41:50.231,0.56,0.5628,30.0,0.5588,1.0,744.0,4.0
2021-01-05 09:41:50.751,0.56,0.5628,20.0,0.5589,7.0,744.0,4.0
2021-01-05 09:41:51.251,0.56,0.5628,20.0,0.5595,10.0,744.0,4.0
2021-01-05 09:41:51.760,0.56,0.5628,20.0,0.5595,10.0,744.0,4.0
2021-01-05 09:41:52.261,0.56,0.5628,20.0,0.5595,31.0,744.0,4.0
2021-01-05 09:41:52.690,0.56,0.5628,20.0,0.5595,11.0,744.0,4.0
2021-01-05 09:41:53.201,0.56,0.5628,20.0,0.5595,31.0,744.0,4.0
2021-01-05 09:41:53.681,0.56,0.5628,20.0,0.5596,2.0,744.0,4.0
2021-01-05 09:41:55.160,0.56,0.5634,20.0,0.5604,10.0,744.0,4.0
2021-01-05 09:41:55.671,0.56,0.5645,30.0,0.5604,30.0,744.0,4.0
2021-01-05 09:41:56.151,0.56,0.5645,30.0,0.5604,30.0,744.0,4.0
2021-01-05 09:41:56.661,0.56,0.5633,10.0,0.5604,30.0,744.0,4.0
2021-01-05 09:41:57.110,0.56,0.5633,10.0,0.5605,1.0,744.0,4.0
2021-01-05 09:41:57.640,0.56,0.5633,10.0,0.5604,30.0,744.0,4.0
2021-01-05 09:41:58.140,0.56,0.5633,10.0,0.5604,30.0,744.0,4.0
2021-01-05 09:41:58.660,0.56,0.5633,10.0,0.5604,30.0,744.0,4.0
2021-01-05 09:41:59.131,0.56,0.5633,10.0,0.5605,1.0,744.0,4.0
2021-01-05 09:42:00.151,0.56,0.5633,10.0,0.5604,30.0,744.0,4.0
2021-01-05 09:42:00.701,0.56,0.5633,10.0,0.5605,1.0,744.0,4.0
2021-01-05 09:42:01.651,0.56,0.5633,10.0,0.5605,1.0,744.0,4.0
2021-01-05 09:42:02.201,0.56,0.5633,10.0,0.5605,1.0,744.0,4.0
2021-01-05 09:42:02.710,0.56,0.5633,10.0,0.5605,1.0,744.0,4.0
2021-01-05 09:42:04.110,0.56,0.5633,10.0,0.5605,1.0,744.0,4.0
2021-01-05 09:42:04.641,0.56,0.5633,10.0,0.5605,1.0,744.0,4.0
2021-01-05 09:42:06.181,0.56,0.5633,10.0,0.5605,1.0,744.0,4.0
2021-01-05 09:42:06.690,0.56,0.5633,10.0,0.5605,1.0,744.0,4.0
2021-01-05 09:42:07.230,0.56,0.5633,10.0,0.5605,1.0,744.0,4.0
2021-01-05 09:42:09.230,0.56,0.5635,20.0,0.5605,1.0,744.0,4.0
2021-01-05 09:42:09.551,0.56,0.5645,30.0,0.5606,2.0,744.0,4.0
2021-01-05 09:42:10.220,0.56,0.5645,30.0,0.5607,1.0,744.0,4.0
2021-01-05 09:42:10.220,0.56,0.5645,30.0,0.5607,1.0,744.0,4.0
2021-01-05 09:42:11.211,0.56,0.5645,20.0,0.5614,10.0,744.0,4.0
2021-01-05 09:42:11.651,0.56,0.5645,20.0,0.5614,30.0,744.0,4.0
2021-01-05 09:42:12.210,0.56,0.5645,20.0,0.5614,30.0,744.0,4.0
2021-01-05 09:42:13.211,0.56,0.5645,20.0,0.5614,30.0,744.0,4.0
2021-01-05 09:42:13.731,0.56,0.5645,20.0,0.5614,30.0,744.0,4.0
2021-01-05 09:42:15.151,0.56,0.5645,20.0,0.5614,30.0,744.0,4.0
2021-01-05 09:42:16.181,0.56,0.5645,20.0,0.5614,31.0,744.0,4.0
2021-01-05 09:42:16.651,0.56,0.5645,20.0,0.5614,31.0,744.0,4.0
2021-01-05 09:42:17.241,0.56,0.5645,20.0,0.5614,31.0,744.0,4.0
2021-01-05 09:42:17.681,0.56,0.5655,30.0,0.5614,31.0,744.0,4.0
2021-01-05 09:42:18.100,0.56,0.5655,10.0,0.5614,31.0,744.0,4.0
2021-01-05 09:42:18.701,0.56,0.5655,30.0,0.5614,30.0,744.0,4.0
2021-01-05 09:42:19.210,0.56,0.5655,10.0,0.5614,30.0,744.0,4.0
2021-01-05 09:42:19.721,0.56,0.5655,30.0,0.5614,30.0,744.0,4.0
2021-01-05 09:42:20.150,0.56,0.5655,10.0,0.5614,30.0,744.0,4.0
2021-01-05 09:42:20.751,0.56,0.5655,30.0,0.5614,30.0,744.0,4.0
2021-01-05 09:42:21.210,0.56,0.5655,10.0,0.5614,30.0,744.0,4.0
2021-01-05 09:42:21.621,0.56,0.5643,10.0,0.5614,30.0,744.0,4.0
2021-01-05 09:42:22.221,0.56,0.5643,10.0,0.5615,1.0,744.0,4.0
2021-01-05 09:42:22.570,0.56,0.5643,30.0,0.5615,1.0,744.0,4.0
2021-01-05 09:42:23.631,0.56,0.5643,30.0,0.5615,1.0,744.0,4.0
2021-01-05 09:42:24.151,0.56,0.5643,30.0,0.5615,1.0,744.0,4.0
2021-01-05 09:42:24.670,0.56,0.5643,20.0,0.5615,1.0,744.0,4.0
2021-01-05 09:42:25.200,0.56,0.5655,30.0,0.5615,1.0,744.0,4.0
2021-01-05 09:42:25.621,0.56,0.5655,30.0,0.5615,1.0,744.0,4.0
2021-01-05 09:42:26.130,0.56,0.5655,30.0,0.5616,7.0,744.0,4.0
2021-01-05 09:42:26.720,0.56,0.5655,30.0,0.5617,1.0,744.0,4.0
2021-01-05 09:42:27.171,0.56,0.5655,30.0,0.5617,1.0,744.0,4.0
2021-01-05 09:42:28.130,0.56,0.5655,30.0,0.5617,1.0,744.0,4.0
2021-01-05 09:42:29.211,0.56,0.5655,30.0,0.5617,1.0,744.0,4.0
2021-01-05 09:42:29.720,0.56,0.5655,30.0,0.5617,1.0,744.0,4.0
2021-01-05 09:42:30.710,0.56,0.5655,30.0,0.5617,1.0,744.0,4.0
2021-01-05 09:42:31.200,0.56,0.5655,30.0,0.5617,1.0,744.0,4.0
2021-01-05 09:42:32.131,0.56,0.5655,30.0,0.5618,1.0,744.0,4.0
2021-01-05 09:42:32.721,0.56,0.5655,20.0,0.5622,10.0,744.0,4.0
2021-01-05 09:42:33.720,0.56,0.5663,30.0,0.5622,30.0,744.0,4.0
2021-01-05 09:42:34.210,0.56,0.5663,30.0,0.5622,30.0,744.0,4.0
2021-01-05 09:42:35.151,0.56,0.5663,30.0,0.5623,1.0,744.0,4.0
2021-01-05 09:42:36.200,0.56,0.5663,30.0,0.5622,30.0,744.0,4.0
2021-01-05 09:42:36.650,0.56,0.5663,30.0,0.5622,30.0,744.0,4.0
2021-01-05 09:42:37.251,0.56,0.5663,30.0,0.5622,30.0,744.0,4.0
2021-01-05 09:42:37.751,0.56,0.5663,30.0,0.5623,1.0,744.0,4.0
2021-01-05 09:42:41.731,0.56,0.5663,30.0,0.5623,1.0,744.0,4.0
2021-01-05 09:42:42.250,0.56,0.5663,30.0,0.5623,1.0,744.0,4.0
2021-01-05 09:42:42.711,0.56,0.5663,30.0,0.5623,1.0,744.0,4.0
2021-01-05 09:42:43.251,0.56,0.5663,30.0,0.5623,1.0,744.0,4.0
2021-01-05 09:42:43.741,0.56,0.5663,30.0,0.5622,30.0,744.0,4.0
2021-01-05 09:42:44.211,0.56,0.5663,30.0,0.5624,1.0,744.0,4.0
2021-01-05 09:42:44.751,0.56,0.5663,30.0,0.5624,1.0,744.0,4.0
2021-01-05 09:42:45.191,0.56,0.5663,30.0,0.5625,7.0,744.0,4.0
2021-01-05 09:42:46.240,0.56,0.5663,20.0,0.563,10.0,744.0,4.0
2021-01-05 09:42:46.741,0.56,0.5663,20.0,0.563,10.0,744.0,4.0
2021-01-05 09:42:47.160,0.56,0.5671,10.0,0.563,11.0,744.0,4.0
2021-01-05 09:42:47.690,0.56,0.5671,30.0,0.563,31.0,744.0,4.0
2021-01-05 09:42:48.720,0.56,0.5671,30.0,0.563,30.0,744.0,4.0
2021-01-05 09:42:49.631,0.56,0.5671,30.0,0.563,31.0,744.0,4.0
2021-01-05 09:42:52.251,0.56,0.5671,30.0,0.563,30.0,744.0,4.0
2021-01-05 09:42:52.601,0.56,0.5671,30.0,0.5631,1.0,744.0,4.0
2021-01-05 09:42:53.190,0.56,0.5671,30.0,0.5631,1.0,744.0,4.0
2021-01-05 09:42:53.640,0.56,0.5671,30.0,0.5631,1.0,744.0,4.0
2021-01-05 09:42:55.190,0.56,0.5671,30.0,0.5631,1.0,744.0,4.0
2021-01-05 09:42:56.191,0.56,0.5671,30.0,0.5631,1.0,744.0,4.0
2021-01-05 09:42:56.631,0.56,0.5671,30.0,0.5631,1.0,744.0,4.0
2021-01-05 09:42:58.220,0.56,0.5671,30.0,0.5632,7.0,744.0,4.0
2021-01-05 09:42:58.731,0.56,0.5671,30.0,0.5633,1.0,744.0,4.0
2021-01-05 09:42:59.230,0.56,0.5671,30.0,0.5631,1.0,744.0,4.0
2021-01-05 09:42:59.651,0.56,0.5671,30.0,0.5631,1.0,744.0,4.0
2021-01-05 09:43:00.200,0.56,0.5671,30.0,0.5631,1.0,744.0,4.0
2021-01-05 09:43:00.721,0.56,0.5671,30.0,0.5631,1.0,744.0,4.0
2021-01-05 09:43:01.211,0.56,0.5671,30.0,0.5632,7.0,744.0,4.0
2021-01-05 09:43:01.701,0.56,0.5671,30.0,0.5632,8.0,744.0,4.0
2021-01-05 09:43:02.150,0.56,0.5671,30.0,0.5632,8.0,744.0,4.0
2021-01-05 09:43:02.681,0.56,0.5671,20.0,0.5638,10.0,744.0,4.0
2021-01-05 09:43:03.241,0.56,0.5678,30.0,0.5638,30.0,744.0,4.0
2021-01-05 09:43:04.740,0.56,0.5678,30.0,0.5638,30.0,744.0,4.0
2021-01-05 09:43:05.251,0.56,0.5678,30.0,0.5638,30.0,744.0,4.0
2021-01-05 09:43:05.681,0.56,0.5671,10.0,0.563,20.0,744.0,4.0
2021-01-05 09:43:06.171,0.56,0.5671,30.0,0.563,20.0,744.0,4.0
2021-01-05 09:43:06.680,0.56,0.5671,30.0,0.563,20.0,744.0,4.0
2021-01-05 09:43:07.231,0.56,0.5671,30.0,0.563,20.0,744.0,4.0
2021-01-05 09:43:07.710,0.56,0.5671,30.0,0.563,20.0,744.0,4.0
2021-01-05 09:43:08.181,0.56,0.5658,10.0,0.5629,10.0,744.0,4.0
2021-01-05 09:43:08.701,0.56,0.5658,30.0,0.5629,10.0,744.0,4.0
2021-01-05 09:43:09.231,0.56,0.5658,30.0,0.5629,10.0,744.0,4.0
2021-01-05 09:43:09.740,0.56,0.5658,30.0,0.5629,10.0,744.0,4.0
2021-01-05 09:43:10.150,0.56,0.5658,10.0,0.563,1.0,744.0,4.0
2021-01-05 09:43:10.761,0.56,0.5658,10.0,0.563,21.0,744.0,4.0
2021-01-05 09:43:11.750,0.56,0.5658,10.0,0.563,21.0,744.0,4.0
2021-01-05 09:43:13.210,0.56,0.5658,30.0,0.5629,10.0,744.0,4.0
2021-01-05 09:43:13.740,0.56,0.5658,10.0,0.5629,10.0,744.0,4.0
2021-01-05 09:43:14.270,0.56,0.5658,30.0,0.5629,10.0,744.0,4.0
2021-01-05 09:43:15.241,0.56,0.5658,30.0,0.5621,10.0,744.0,4.0
2021-01-05 09:43:15.711,0.56,0.5658,10.0,0.5621,10.0,744.0,4.0
2021-01-05 09:43:16.270,0.56,0.5658,30.0,0.5621,10.0,744.0,4.0
2021-01-05 09:43:16.720,0.56,0.5658,30.0,0.5621,10.0,744.0,4.0
2021-01-05 09:43:17.271,0.56,0.5658,30.0,0.5621,10.0,744.0,4.0
2021-01-05 09:43:17.771,0.56,0.5658,30.0,0.5621,10.0,744.0,4.0
2021-01-05 09:43:18.270,0.56,0.5658,30.0,0.5621,10.0,744.0,4.0
2021-01-05 09:43:19.761,0.56,0.5658,30.0,0.5622,1.0,744.0,4.0
2021-01-05 09:43:20.731,0.56,0.5658,30.0,0.5621,10.0,744.0,4.0
2021-01-05 09:43:21.271,0.56,0.5658,30.0,0.5623,1.0,744.0,4.0
2021-01-05 09:43:22.281,0.56,0.5658,30.0,0.5623,1.0,744.0,4.0
2021-01-05 09:43:22.671,0.56,0.5658,30.0,0.5624,7.0,744.0,4.0
2021-01-05 09:43:23.190,0.56,0.5658,30.0,0.5625,1.0,744.0,4.0
2021-01-05 09:43:23.651,0.56,0.5658,30.0,0.5625,20.0,744.0,4.0
2021-01-05 09:43:24.120,0.56,0.5658,30.0,0.5626,1.0,744.0,4.0
2021-01-05 09:43:25.201,0.56,0.5658,30.0,0.5629,10.0,744.0,4.0
2021-01-05 09:43:25.701,0.56,0.5658,30.0,0.5629,10.0,744.0,4.0
2021-01-05 09:43:26.621,0.56,0.5658,30.0,0.5629,10.0,744.0,4.0
2021-01-05 09:43:27.190,0.56,0.5658,30.0,0.563,1.0,744.0,4.0
2021-01-05 09:43:27.591,0.56,0.5658,30.0,0.5631,2.0,744.0,4.0
2021-01-05 09:43:28.091,0.56,0.5658,30.0,0.5632,2.0,744.0,4.0
2021-01-05 09:43:29.660,0.56,0.5658,30.0,0.5632,2.0,744.0,4.0
2021-01-05 09:43:30.050,0.56,0.5658,30.0,0.5631,2.0,744.0,4.0
2021-01-05 09:43:30.701,0.56,0.5658,30.0,0.5631,2.0,744.0,4.0
2021-01-05 09:43:31.080,0.56,0.5658,30.0,0.5631,2.0,744.0,4.0
2021-01-05 09:43:31.720,0.56,0.5658,30.0,0.5632,2.0,744.0,4.0
2021-01-05 09:43:32.701,0.56,0.5658,30.0,0.5632,2.0,744.0,4.0
2021-01-05 09:43:33.141,0.56,0.5657,2.0,0.5634,1.0,744.0,4.0
2021-01-05 09:43:33.670,0.56,0.5657,2.0,0.563,20.0,744.0,4.0
2021-01-05 09:43:34.221,0.56,0.5657,2.0,0.563,21.0,744.0,4.0
2021-01-05 09:43:34.691,0.56,0.5657,2.0,0.563,21.0,744.0,4.0
2021-01-05 09:43:35.160,0.56,0.5658,30.0,0.563,20.0,744.0,4.0
2021-01-05 09:43:35.681,0.56,0.5658,20.0,0.563,20.0,744.0,4.0
2021-01-05 09:43:36.661,0.56,0.567,10.0,0.563,20.0,744.0,4.0
2021-01-05 09:43:37.631,0.56,0.567,10.0,0.563,20.0,744.0,4.0
2021-01-05 09:43:38.221,0.56,0.567,10.0,0.563,20.0,744.0,4.0
2021-01-05 09:43:38.680,0.56,0.567,10.0,0.563,21.0,744.0,4.0
2021-01-05 09:43:39.241,0.56,0.567,10.0,0.563,21.0,744.0,4.0
2021-01-05 09:43:40.731,0.56,0.567,10.0,0.563,20.0,744.0,4.0
2021-01-05 09:43:41.730,0.56,0.567,10.0,0.5631,1.0,744.0,4.0
2021-01-05 09:43:42.191,0.56,0.567,10.0,0.5631,1.0,744.0,4.0
2021-01-05 09:43:43.231,0.56,0.567,10.0,0.563,20.0,744.0,4.0
2021-01-05 09:43:43.711,0.56,0.567,10.0,0.563,20.0,744.0,4.0
2021-01-05 09:43:44.251,0.56,0.567,10.0,0.563,20.0,744.0,4.0
2021-01-05 09:43:44.670,0.56,0.567,10.0,0.563,20.0,744.0,4.0
2021-01-05 09:43:45.221,0.56,0.567,10.0,0.563,20.0,744.0,4.0
2021-01-05 09:43:45.720,0.56,0.567,10.0,0.563,20.0,744.0,4.0
2021-01-05 09:43:46.151,0.56,0.567,10.0,0.563,20.0,744.0,4.0
2021-01-05 09:43:46.750,0.56,0.567,10.0,0.563,20.0,744.0,4.0
2021-01-05 09:43:47.250,0.56,0.567,10.0,0.563,20.0,744.0,4.0
2021-01-05 09:43:47.661,0.56,0.567,10.0,0.563,20.0,744.0,4.0
2021-01-05 09:43:48.220,0.56,0.567,10.0,0.563,20.0,744.0,4.0
2021-01-05 09:43:48.721,0.56,0.567,10.0,0.5629,10.0,744.0,4.0
2021-01-05 09:43:49.601,0.56,0.567,10.0,0.5629,10.0,744.0,4.0
2021-01-05 09:43:50.170,0.56,0.5661,10.0,0.5625,20.0,744.0,4.0
2021-01-05 09:43:50.721,0.56,0.5661,30.0,0.562,30.0,744.0,4.0
2021-01-05 09:43:51.221,0.56,0.5661,30.0,0.562,30.0,744.0,4.0
2021-01-05 09:43:51.660,0.56,0.5661,30.0,0.562,30.0,744.0,4.0
2021-01-05 09:43:52.200,0.56,0.5661,30.0,0.562,30.0,744.0,4.0
2021-01-05 09:43:52.681,0.56,0.5661,30.0,0.562,30.0,744.0,4.0
2021-01-05 09:43:53.201,0.56,0.5661,30.0,0.562,30.0,744.0,4.0
2021-01-05 09:43:53.610,0.56,0.5661,30.0,0.562,30.0,744.0,4.0
2021-01-05 09:43:54.191,0.56,0.565,10.0,0.562,30.0,744.0,4.0
2021-01-05 09:43:54.680,0.56,0.565,30.0,0.562,30.0,744.0,4.0
2021-01-05 09:43:55.660,0.56,0.565,30.0,0.562,30.0,744.0,4.0
2021-01-05 09:43:56.200,0.56,0.565,30.0,0.562,30.0,744.0,4.0
2021-01-05 09:43:56.721,0.56,0.565,30.0,0.562,30.0,744.0,4.0
2021-01-05 09:43:57.650,0.56,0.565,30.0,0.562,30.0,744.0,4.0
2021-01-05 09:43:57.850,0.56,0.565,30.0,0.562,30.0,744.0,4.0
2021-01-05 09:43:58.711,0.56,0.565,30.0,0.562,30.0,744.0,4.0
2021-01-05 09:43:59.170,0.56,0.565,30.0,0.562,30.0,744.0,4.0
2021-01-05 09:44:00.131,0.56,0.565,30.0,0.562,30.0,744.0,4.0
2021-01-05 09:44:00.701,0.56,0.565,30.0,0.562,30.0,744.0,4.0
2021-01-05 09:44:01.160,0.56,0.565,30.0,0.562,10.0,744.0,4.0
2021-01-05 09:44:01.621,0.56,0.565,30.0,0.562,10.0,744.0,4.0
2021-01-05 09:44:02.711,0.56,0.565,30.0,0.5618,1.0,744.0,4.0
2021-01-05 09:44:03.241,0.56,0.565,30.0,0.5618,1.0,744.0,4.0
2021-01-05 09:44:03.731,0.56,0.565,30.0,0.5618,1.0,744.0,4.0
2021-01-05 09:44:04.230,0.56,0.565,30.0,0.5618,1.0,744.0,4.0
2021-01-05 09:44:04.751,0.56,0.5645,10.0,0.5618,1.0,744.0,4.0
2021-01-05 09:44:05.260,0.56,0.5644,1.0,0.5618,1.0,744.0,4.0
2021-01-05 09:44:05.750,0.56,0.5633,10.0,0.5618,1.0,744.0,4.0
2021-01-05 09:44:06.261,0.56,0.5632,1.0,0.5618,1.0,744.0,4.0
2021-01-05 09:44:06.770,0.56,0.5632,1.0,0.5618,1.0,744.0,4.0
2021-01-05 09:44:07.281,0.56,0.5631,1.0,0.5618,1.0,744.0,4.0
2021-01-05 09:44:08.230,0.56,0.563,1.0,0.5618,1.0,744.0,4.0
2021-01-05 09:44:09.150,0.56,0.5629,1.0,0.5618,1.0,744.0,4.0
2021-01-05 09:44:09.780,0.56,0.5629,1.0,0.5618,1.0,744.0,4.0
2021-01-05 09:44:10.280,0.56,0.5628,1.0,0.5618,1.0,744.0,4.0
2021-01-05 09:44:10.781,0.56,0.5628,21.0,0.5618,1.0,744.0,4.0
2021-01-05 09:44:11.271,0.56,0.5628,21.0,0.5618,1.0,744.0,4.0
2021-01-05 09:44:11.770,0.56,0.5627,1.0,0.5618,1.0,744.0,4.0
2021-01-05 09:44:12.270,0.56,0.5626,1.0,0.5618,1.0,744.0,4.0
2021-01-05 09:44:12.781,0.56,0.5626,1.0,0.5618,1.0,744.0,4.0
2021-01-05 09:44:13.230,0.56,0.5626,1.0,0.5618,1.0,744.0,4.0
2021-01-05 09:44:13.770,0.56,0.5625,1.0,0.5618,1.0,744.0,4.0
2021-01-05 09:44:14.260,0.56,0.5625,1.0,0.5618,1.0,744.0,4.0
2021-01-05 09:44:14.781,0.56,0.5624,1.0,0.5618,1.0,744.0,4.0
2021-01-05 09:44:15.780,0.56,0.5624,1.0,0.5618,1.0,744.0,4.0
2021-01-05 09:44:16.281,0.56,0.5623,1.0,0.5618,1.0,744.0,4.0
2021-01-05 09:44:16.781,0.56,0.5623,1.0,0.5618,1.0,744.0,4.0
2021-01-05 09:44:17.270,0.56,0.5628,20.0,0.5618,1.0,744.0,4.0
2021-01-05 09:44:17.770,0.56,0.5645,30.0,0.5618,1.0,744.0,4.0
2021-01-05 09:44:18.231,0.56,0.5645,30.0,0.5618,1.0,744.0,4.0
2021-01-05 09:44:19.261,0.56,0.5644,1.0,0.5618,1.0,744.0,4.0
2021-01-05 09:44:19.801,0.56,0.5644,1.0,0.5618,1.0,744.0,4.0
2021-01-05 09:44:20.300,0.56,0.5644,1.0,0.5618,1.0,744.0,4.0
2021-01-05 09:44:20.780,0.56,0.5644,1.0,0.5618,1.0,744.0,4.0
2021-01-05 09:44:21.270,0.56,0.5645,30.0,0.5618,1.0,744.0,4.0
2021-01-05 09:44:21.791,0.56,0.5644,1.0,0.5618,1.0,744.0,4.0
2021-01-05 09:44:22.131,0.56,0.5644,1.0,0.5618,1.0,744.0,4.0
2021-01-05 09:44:22.661,0.56,0.5644,1.0,0.5618,1.0,744.0,4.0
2021-01-05 09:44:24.221,0.56,0.5645,30.0,0.5618,1.0,744.0,4.0
2021-01-05 09:44:25.120,0.56,0.5644,1.0,0.5618,1.0,744.0,4.0
2021-01-05 09:44:25.660,0.56,0.5644,1.0,0.5618,1.0,744.0,4.0
2021-01-05 09:44:26.201,0.56,0.5644,1.0,0.5618,1.0,744.0,4.0
2021-01-05 09:44:26.701,0.56,0.5643,1.0,0.5618,1.0,744.0,4.0
2021-01-05 09:44:27.201,0.56,0.5643,1.0,0.5618,1.0,744.0,4.0
2021-01-05 09:44:28.680,0.56,0.5645,30.0,0.5618,1.0,744.0,4.0
2021-01-05 09:44:29.200,0.56,0.5644,1.0,0.5618,1.0,744.0,4.0
2021-01-05 09:44:29.631,0.56,0.5637,10.0,0.5618,1.0,744.0,4.0
2021-01-05 09:44:30.201,0.56,0.5636,1.0,0.5618,1.0,744.0,4.0
2021-01-05 09:44:30.720,0.56,0.5636,1.0,0.5618,1.0,744.0,4.0
2021-01-05 09:44:31.231,0.56,0.5635,1.0,0.5618,1.0,744.0,4.0
2021-01-05 09:44:32.220,0.56,0.5634,1.0,0.5618,1.0,744.0,4.0
2021-01-05 09:44:32.680,0.5618,0.5634,1.0,0.5603,20.0,745.0,5.0
2021-01-05 09:44:33.240,0.5618,0.5634,1.0,0.5603,20.0,745.0,5.0
2021-01-05 09:44:33.730,0.5618,0.5634,1.0,0.5596,30.0,745.0,5.0
2021-01-05 09:44:34.141,0.5618,0.5637,30.0,0.5597,1.0,745.0,5.0
2021-01-05 09:44:34.520,0.5618,0.5637,30.0,0.5597,1.0,745.0,5.0
2021-01-05 09:44:35.221,0.5618,0.5629,10.0,0.5597,1.0,745.0,5.0
2021-01-05 09:44:35.740,0.5618,0.5629,30.0,0.5597,1.0,745.0,5.0
2021-01-05 09:44:36.220,0.5618,0.5629,30.0,0.5597,1.0,745.0,5.0
2021-01-05 09:44:36.631,0.5618,0.5629,30.0,0.5597,1.0,745.0,5.0
2021-01-05 09:44:37.240,0.5618,0.5629,30.0,0.5597,1.0,745.0,5.0
2021-01-05 09:44:37.751,0.5618,0.5629,30.0,0.5596,20.0,745.0,5.0
2021-01-05 09:44:38.201,0.5618,0.5629,30.0,0.5596,20.0,745.0,5.0
2021-01-05 09:44:39.661,0.5618,0.5629,30.0,0.5596,20.0,745.0,5.0
2021-01-05 09:44:40.750,0.5618,0.5629,30.0,0.5596,20.0,745.0,5.0
2021-01-05 09:44:41.251,0.5618,0.5629,30.0,0.5596,20.0,745.0,5.0
2021-01-05 09:44:41.730,0.5618,0.5629,30.0,0.5596,20.0,745.0,5.0
2021-01-05 09:44:43.251,0.5618,0.5629,30.0,0.5596,20.0,745.0,5.0
2021-01-05 09:44:44.260,0.5618,0.5629,30.0,0.5595,10.0,745.0,5.0
2021-01-05 09:44:44.761,0.5618,0.5629,30.0,0.5595,10.0,745.0,5.0
2021-01-05 09:44:45.261,0.5618,0.5629,20.0,0.5596,1.0,745.0,5.0
2021-01-05 09:44:45.760,0.5618,0.5629,20.0,0.5598,10.0,745.0,5.0
2021-01-05 09:44:46.271,0.5618,0.5629,20.0,0.5598,10.0,745.0,5.0
2021-01-05 09:44:46.771,0.5618,0.5629,20.0,0.5598,10.0,745.0,5.0
2021-01-05 09:44:47.251,0.5618,0.5637,20.0,0.5598,10.0,745.0,5.0
2021-01-05 09:44:47.770,0.5618,0.5637,20.0,0.5598,10.0,745.0,5.0
2021-01-05 09:44:48.271,0.5618,0.5637,20.0,0.5598,10.0,745.0,5.0
2021-01-05 09:44:49.270,0.5618,0.5637,20.0,0.5599,1.0,745.0,5.0
2021-01-05 09:44:50.300,0.5618,0.5637,20.0,0.5599,1.0,745.0,5.0
2021-01-05 09:44:50.811,0.5618,0.5637,20.0,0.5599,1.0,745.0,5.0
2021-01-05 09:44:51.270,0.5618,0.5637,20.0,0.5599,1.0,745.0,5.0
2021-01-05 09:44:51.810,0.5618,0.5637,20.0,0.5599,1.0,745.0,5.0
2021-01-05 09:44:53.710,0.5618,0.5637,20.0,0.5599,1.0,745.0,5.0
2021-01-05 09:44:54.960,0.5618,0.5637,20.0,0.5598,10.0,745.0,5.0
2021-01-05 09:44:55.700,0.5618,0.5637,20.0,0.5599,1.0,745.0,5.0
2021-01-05 09:44:56.220,0.5618,0.5637,20.0,0.5599,1.0,745.0,5.0
2021-01-05 09:44:56.720,0.5618,0.5637,20.0,0.5599,1.0,745.0,5.0
2021-01-05 09:44:57.680,0.5618,0.5637,20.0,0.5599,1.0,745.0,5.0
2021-01-05 09:44:58.120,0.5618,0.5637,20.0,0.5598,10.0,745.0,5.0
2021-01-05 09:44:58.720,0.5618,0.5629,10.0,0.5598,10.0,745.0,5.0
2021-01-05 09:44:59.190,0.5618,0.5629,10.0,0.5591,20.0,745.0,5.0
2021-01-05 09:44:59.711,0.5618,0.5629,30.0,0.5591,20.0,745.0,5.0
2021-01-05 09:45:00.591,0.5618,0.5629,30.0,0.5591,20.0,745.0,5.0
2021-01-05 09:45:01.221,0.5618,0.5629,30.0,0.5591,20.0,745.0,5.0
2021-01-05 09:45:01.680,0.5618,0.5629,30.0,0.5589,10.0,745.0,5.0
2021-01-05 09:45:02.061,0.5618,0.5621,10.0,0.5584,20.0,745.0,5.0
2021-01-05 09:45:02.621,0.5618,0.5611,10.0,0.5584,21.0,745.0,5.0
2021-01-05 09:45:03.190,0.5618,0.5611,30.0,0.5584,21.0,745.0,5.0
2021-01-05 09:45:03.680,0.5618,0.5611,30.0,0.5584,21.0,745.0,5.0
2021-01-05 09:45:04.191,0.5618,0.561,2.0,0.5584,20.0,745.0,5.0
2021-01-05 09:45:04.700,0.5618,0.561,2.0,0.5579,30.0,745.0,5.0
2021-01-05 09:45:05.221,0.5618,0.561,2.0,0.5579,30.0,745.0,5.0
2021-01-05 09:45:05.720,0.5618,0.561,2.0,0.5572,20.0,745.0,5.0
2021-01-05 09:45:06.220,0.5618,0.5611,40.0,0.5572,20.0,745.0,5.0
2021-01-05 09:45:06.721,0.5618,0.5611,40.0,0.5572,20.0,745.0,5.0
2021-01-05 09:45:07.130,0.5618,0.5611,40.0,0.5573,1.0,745.0,5.0
2021-01-05 09:45:07.720,0.5618,0.5611,40.0,0.5573,1.0,745.0,5.0
2021-01-05 09:45:08.181,0.5618,0.5611,40.0,0.5573,1.0,745.0,5.0
2021-01-05 09:45:09.190,0.5618,0.5611,40.0,0.5574,1.0,745.0,5.0
2021-01-05 09:45:09.720,0.5618,0.5611,40.0,0.5572,1.0,745.0,5.0
2021-01-05 09:45:10.200,0.5618,0.5611,40.0,0.5572,1.0,745.0,5.0
2021-01-05 09:45:10.700,0.5618,0.5611,40.0,0.5572,1.0,745.0,5.0
2021-01-05 09:45:11.091,0.5618,0.5611,40.0,0.5572,21.0,745.0,5.0
2021-01-05 09:45:11.720,0.5618,0.5611,40.0,0.5572,1.0,745.0,5.0
2021-01-05 09:45:12.150,0.5618,0.5611,40.0,0.557,10.0,745.0,5.0
2021-01-05 09:45:13.220,0.5618,0.5611,40.0,0.557,10.0,745.0,5.0
2021-01-05 09:45:13.681,0.5618,0.5603,10.0,0.5562,30.0,745.0,5.0
2021-01-05 09:45:14.181,0.5618,0.5603,30.0,0.5562,30.0,745.0,5.0
2021-01-05 09:45:15.230,0.5618,0.5603,30.0,0.5562,30.0,745.0,5.0
2021-01-05 09:45:15.721,0.5618,0.5603,30.0,0.5562,30.0,745.0,5.0
2021-01-05 09:45:16.230,0.5618,0.5589,10.0,0.5562,10.0,745.0,5.0
2021-01-05 09:45:16.630,0.5618,0.5588,2.0,0.5555,20.0,745.0,5.0
2021-01-05 09:45:17.170,0.5618,0.5588,22.0,0.5555,20.0,745.0,5.0
2021-01-05 09:45:17.731,0.5618,0.5588,22.0,0.5552,10.0,745.0,5.0
2021-01-05 09:45:18.691,0.5618,0.5588,20.0,0.5552,10.0,745.0,5.0
2021-01-05 09:45:19.191,0.5618,0.5588,20.0,0.5552,10.0,745.0,5.0
2021-01-05 09:45:19.731,0.5618,0.5588,20.0,0.5552,10.0,745.0,5.0
2021-01-05 09:45:21.191,0.5618,0.5588,20.0,0.5552,10.0,745.0,5.0
2021-01-05 09:45:21.731,0.5618,0.5593,30.0,0.5552,10.0,745.0,5.0
2021-01-05 09:45:22.240,0.5618,0.5593,30.0,0.5552,10.0,745.0,5.0
2021-01-05 09:45:22.710,0.5618,0.5593,30.0,0.5553,1.0,745.0,5.0
2021-01-05 09:45:23.160,0.5618,0.5593,30.0,0.5554,7.0,745.0,5.0
2021-01-05 09:45:23.671,0.5618,0.5593,30.0,0.5554,7.0,745.0,5.0
2021-01-05 09:45:24.201,0.5618,0.5593,30.0,0.5554,27.0,745.0,5.0
2021-01-05 09:45:24.701,0.5618,0.5593,30.0,0.5554,27.0,745.0,5.0
2021-01-05 09:45:25.131,0.5618,0.5593,30.0,0.5554,27.0,745.0,5.0
2021-01-05 09:45:25.690,0.5618,0.5593,30.0,0.5554,27.0,745.0,5.0
2021-01-05 09:45:26.220,0.5618,0.5593,30.0,0.5554,27.0,745.0,5.0
2021-01-05 09:45:26.681,0.5618,0.5593,30.0,0.5554,27.0,745.0,5.0
2021-01-05 09:45:27.211,0.5618,0.5593,20.0,0.556,10.0,745.0,5.0
2021-01-05 09:45:27.711,0.5618,0.5593,20.0,0.556,10.0,745.0,5.0
2021-01-05 09:45:28.220,0.5618,0.5601,10.0,0.556,30.0,745.0,5.0
2021-01-05 09:45:29.140,0.5618,0.5601,10.0,0.556,30.0,745.0,5.0
2021-01-05 09:45:29.701,0.5618,0.5601,10.0,0.556,30.0,745.0,5.0
2021-01-05 09:45:30.710,0.5618,0.5601,10.0,0.5561,1.0,745.0,5.0
2021-01-05 09:45:31.211,0.5618,0.5603,20.0,0.5568,10.0,745.0,5.0
2021-01-05 09:45:31.701,0.5618,0.5603,20.0,0.5568,30.0,745.0,5.0
2021-01-05 09:45:32.160,0.5618,0.5603,20.0,0.5568,30.0,745.0,5.0
2021-01-05 09:45:33.180,0.5618,0.5603,20.0,0.5568,30.0,745.0,5.0
2021-01-05 09:45:34.220,0.5618,0.5603,20.0,0.5568,30.0,745.0,5.0
2021-01-05 09:45:35.190,0.5618,0.5603,20.0,0.5568,30.0,745.0,5.0
2021-01-05 09:45:35.701,0.5618,0.5603,20.0,0.5569,2.0,745.0,5.0
2021-01-05 09:45:36.240,0.5618,0.5603,20.0,0.5569,1.0,745.0,5.0
2021-01-05 09:45:36.730,0.5618,0.5603,20.0,0.557,1.0,745.0,5.0
2021-01-05 09:45:37.241,0.5618,0.5603,20.0,0.5571,1.0,745.0,5.0
2021-01-05 09:45:37.731,0.5618,0.5603,20.0,0.557,1.0,745.0,5.0
2021-01-05 09:45:38.240,0.5618,0.5603,20.0,0.557,2.0,745.0,5.0
2021-01-05 09:45:38.721,0.5618,0.5603,20.0,0.5573,1.0,745.0,5.0
2021-01-05 09:45:39.210,0.5618,0.5603,20.0,0.557,1.0,745.0,5.0
2021-01-05 09:45:39.700,0.5618,0.5603,20.0,0.5574,1.0,745.0,5.0
2021-01-05 09:45:40.240,0.5618,0.5603,20.0,0.5568,30.0,745.0,5.0
2021-01-05 09:45:40.730,0.5618,0.5603,20.0,0.5574,20.0,745.0,5.0
2021-01-05 09:45:41.220,0.5618,0.5603,20.0,0.5569,1.0,745.0,5.0
2021-01-05 09:45:42.240,0.5618,0.5603,20.0,0.557,1.0,745.0,5.0
2021-01-05 09:45:42.711,0.5618,0.5603,20.0,0.5568,30.0,745.0,5.0
2021-01-05 09:45:43.220,0.5618,0.5603,20.0,0.5571,1.0,745.0,5.0
2021-01-05 09:45:43.710,0.5618,0.5603,20.0,0.5568,30.0,745.0,5.0
2021-01-05 09:45:44.201,0.5618,0.5603,20.0,0.5568,30.0,745.0,5.0
2021-01-05 09:45:44.691,0.5618,0.5609,30.0,0.5568,30.0,745.0,5.0
2021-01-05 09:45:45.220,0.5618,0.5609,10.0,0.5569,1.0,745.0,5.0
2021-01-05 09:45:45.681,0.5618,0.5609,30.0,0.5568,30.0,745.0,5.0
2021-01-05 09:45:46.230,0.5618,0.5609,10.0,0.5568,30.0,745.0,5.0
2021-01-05 09:45:46.680,0.5618,0.5609,30.0,0.5568,30.0,745.0,5.0
2021-01-05 09:45:47.241,0.5618,0.5609,10.0,0.5568,30.0,745.0,5.0
2021-01-05 09:45:48.201,0.5618,0.5609,10.0,0.5568,30.0,745.0,5.0
2021-01-05 09:45:48.741,0.5618,0.5609,30.0,0.5568,30.0,745.0,5.0
2021-01-05 09:45:49.221,0.5618,0.5609,10.0,0.5568,30.0,745.0,5.0
2021-01-05 09:45:50.251,0.5618,0.5609,10.0,0.5568,30.0,745.0,5.0
2021-01-05 09:45:50.750,0.5618,0.5609,30.0,0.5569,1.0,745.0,5.0
2021-01-05 09:45:51.250,0.5618,0.5609,10.0,0.557,8.0,745.0,5.0
2021-01-05 09:45:51.721,0.5618,0.5609,30.0,0.5568,30.0,745.0,5.0
2021-01-05 09:45:52.641,0.5618,0.5609,30.0,0.5568,30.0,745.0,5.0
2021-01-05 09:45:54.191,0.5618,0.5609,30.0,0.5569,1.0,745.0,5.0
2021-01-05 09:45:54.710,0.5618,0.5609,30.0,0.5569,1.0,745.0,5.0
2021-01-05 09:45:55.230,0.5618,0.5609,30.0,0.557,2.0,745.0,5.0
2021-01-05 09:45:55.711,0.5618,0.5609,30.0,0.557,2.0,745.0,5.0
2021-01-05 09:45:56.120,0.5618,0.5609,30.0,0.5569,1.0,745.0,5.0
2021-01-05 09:45:56.631,0.5618,0.5609,30.0,0.5568,30.0,745.0,5.0
2021-01-05 09:45:57.201,0.5618,0.5609,30.0,0.5568,30.0,745.0,5.0
2021-01-05 09:45:58.231,0.5618,0.5609,30.0,0.5568,30.0,745.0,5.0
2021-01-05 09:45:58.711,0.5618,0.5609,30.0,0.5569,1.0,745.0,5.0
2021-01-05 09:45:59.230,0.5618,0.5609,30.0,0.557,2.0,745.0,5.0
2021-01-05 09:45:59.710,0.5618,0.5609,30.0,0.557,2.0,745.0,5.0
2021-01-05 09:46:00.210,0.5618,0.5609,30.0,0.5571,1.0,745.0,5.0
2021-01-05 09:46:00.730,0.5618,0.5618,20.0,0.5579,10.0,745.0,5.0
2021-01-05 09:46:01.230,0.5618,0.5613,20.0,0.5579,10.0,745.0,5.0
2021-01-05 09:46:02.221,0.5618,0.5618,20.0,0.558,1.0,745.0,5.0
2021-01-05 09:46:03.731,0.5618,0.5618,20.0,0.5579,30.0,745.0,5.0
2021-01-05 09:46:04.171,0.5618,0.5618,20.0,0.5579,30.0,745.0,5.0
2021-01-05 09:46:05.691,0.5618,0.5618,20.0,0.5579,30.0,745.0,5.0
2021-01-05 09:46:06.221,0.5618,0.5618,20.0,0.558,2.0,745.0,5.0
2021-01-05 09:46:06.690,0.5618,0.5618,20.0,0.558,2.0,745.0,5.0
2021-01-05 09:46:07.231,0.5618,0.5618,20.0,0.558,2.0,745.0,5.0
2021-01-05 09:46:08.730,0.5618,0.5618,20.0,0.558,2.0,745.0,5.0
2021-01-05 09:46:09.600,0.5618,0.5618,20.0,0.5587,10.0,745.0,5.0
2021-01-05 09:46:10.221,0.5618,0.5621,10.0,0.5588,1.0,745.0,5.0
2021-01-05 09:46:10.720,0.5618,0.5621,10.0,0.5589,1.0,745.0,5.0
2021-01-05 09:46:11.181,0.5618,0.5621,10.0,0.5589,2.0,745.0,5.0
2021-01-05 09:46:11.721,0.5618,0.5621,10.0,0.5589,1.0,745.0,5.0
2021-01-05 09:46:12.190,0.5618,0.5621,10.0,0.559,1.0,745.0,5.0
2021-01-05 09:46:12.680,0.5618,0.5621,10.0,0.5595,10.0,745.0,5.0
2021-01-05 09:46:13.200,0.5618,0.5629,20.0,0.5595,30.0,745.0,5.0
2021-01-05 09:46:14.230,0.5618,0.5635,30.0,0.5595,30.0,745.0,5.0
2021-01-05 09:46:15.231,0.5618,0.5635,30.0,0.5596,1.0,745.0,5.0
2021-01-05 09:46:15.730,0.5618,0.5635,30.0,0.5596,1.0,745.0,5.0
2021-01-05 09:46:17.751,0.5618,0.5635,30.0,0.5596,1.0,745.0,5.0
2021-01-05 09:46:19.661,0.5618,0.5635,30.0,0.5597,7.0,745.0,5.0
2021-01-05 09:46:20.210,0.5618,0.5635,20.0,0.5598,1.0,745.0,5.0
2021-01-05 09:46:20.731,0.5618,0.5635,20.0,0.5598,1.0,745.0,5.0
2021-01-05 09:46:22.220,0.5618,0.5635,20.0,0.5598,1.0,745.0,5.0
2021-01-05 09:46:22.690,0.5618,0.5635,20.0,0.5598,1.0,745.0,5.0
2021-01-05 09:46:24.221,0.5618,0.5635,20.0,0.5599,1.0,745.0,5.0
2021-01-05 09:46:24.631,0.5618,0.5635,20.0,0.5599,1.0,745.0,5.0
2021-01-05 09:46:25.211,0.5618,0.5635,20.0,0.56,1.0,745.0,5.0
2021-01-05 09:46:25.570,0.5618,0.5635,20.0,0.56,22.0,745.0,5.0
2021-01-05 09:46:26.631,0.5618,0.5635,20.0,0.56,21.0,745.0,5.0
2021-01-05 09:46:27.201,0.5618,0.5635,20.0,0.5601,1.0,745.0,5.0
2021-01-05 09:46:27.720,0.5618,0.5635,20.0,0.5602,1.0,745.0,5.0
2021-01-05 09:46:28.200,0.5618,0.5635,20.0,0.5602,1.0,745.0,5.0
2021-01-05 09:46:29.151,0.5618,0.5635,20.0,0.5602,1.0,745.0,5.0
2021-01-05 09:46:29.710,0.5618,0.5635,20.0,0.5602,1.0,745.0,5.0
2021-01-05 09:46:30.721,0.5618,0.5635,20.0,0.5602,2.0,745.0,5.0
2021-01-05 09:46:32.100,0.5618,0.5635,20.0,0.5602,1.0,745.0,5.0
