,last,ask1,asize1,bid1,bsize1,oi,volume
2021-01-05 09:24:34.720,0.0072,0.0072,1.0,0.0072,1.0,8198.0,
2021-01-05 09:25:00.080,0.0072,0.0078,1.0,0.0067,1.0,8198.0,1.0
2021-01-05 09:30:00.451,0.0072,0.008,1.0,0.0071,1.0,8198.0,1.0
2021-01-05 09:30:00.991,0.0072,0.0082,21.0,0.0071,21.0,8198.0,1.0
2021-01-05 09:30:01.481,0.0072,0.0082,1.0,0.0071,1.0,8198.0,1.0
2021-01-05 09:30:01.990,0.0072,0.0082,21.0,0.0071,1.0,8198.0,1.0
2021-01-05 09:30:02.440,0.0072,0.0083,25.0,0.0071,21.0,8198.0,1.0
2021-01-05 09:30:05.990,0.0072,0.0083,5.0,0.0071,1.0,8198.0,1.0
2021-01-05 09:30:06.971,0.0072,0.0083,25.0,0.0072,20.0,8198.0,1.0
2021-01-05 09:30:07.471,0.0072,0.0083,5.0,0.0072,20.0,8198.0,1.0
2021-01-05 09:30:08.960,0.0072,0.0083,25.0,0.0072,20.0,8198.0,1.0
2021-01-05 09:30:09.490,0.0072,0.0083,5.0,0.0072,20.0,8198.0,1.0
2021-01-05 09:30:13.000,0.0072,0.0083,25.0,0.0072,20.0,8198.0,1.0
2021-01-05 09:30:13.501,0.0072,0.0083,25.0,0.0071,21.0,8198.0,1.0
2021-01-05 09:30:15.991,0.0072,0.0083,25.0,0.0071,21.0,8198.0,1.0
2021-01-05 09:30:43.681,0.0072,0.0083,35.0,0.0071,21.0,8198.0,1.0
2021-01-05 09:30:45.161,0.0072,0.0083,35.0,0.0071,21.0,8198.0,1.0
2021-01-05 09:30:47.691,0.0072,0.0083,35.0,0.0071,21.0,8198.0,1.0
2021-01-05 09:30:48.200,0.0072,0.0083,35.0,0.0071,21.0,8198.0,1.0
2021-01-05 09:30:49.700,0.0072,0.0082,20.0,0.0071,21.0,8198.0,1.0
2021-01-05 09:30:53.660,0.0072,0.0082,20.0,0.0071,21.0,8198.0,1.0
2021-01-05 09:30:54.670,0.0072,0.0081,20.0,0.0071,1.0,8198.0,1.0
2021-01-05 09:30:55.081,0.0072,0.0081,40.0,0.0071,11.0,8198.0,1.0
2021-01-05 09:30:58.660,0.0071,0.0081,30.0,0.0071,20.0,8199.0,3.0
2021-01-05 09:30:59.171,0.0071,0.0081,40.0,0.0071,10.0,8199.0,3.0
2021-01-05 09:31:00.161,0.0071,0.0081,40.0,0.0071,10.0,8199.0,3.0
2021-01-05 09:31:00.681,0.0071,0.0081,40.0,0.0071,10.0,8199.0,3.0
2021-01-05 09:31:01.150,0.0071,0.0081,40.0,0.0071,10.0,8199.0,3.0
2021-01-05 09:31:02.170,0.0071,0.0081,20.0,0.0071,10.0,8199.0,3.0
2021-01-05 09:31:02.681,0.0071,0.0081,20.0,0.0071,10.0,8199.0,3.0
2021-01-05 09:31:03.680,0.0071,0.0081,40.0,0.0071,10.0,8199.0,3.0
2021-01-05 09:31:05.670,0.0071,0.0081,40.0,0.0071,10.0,8199.0,3.0
2021-01-05 09:31:06.681,0.0071,0.0081,40.0,0.0071,10.0,8199.0,3.0
2021-01-05 09:31:08.200,0.0071,0.0081,40.0,0.0071,10.0,8199.0,3.0
2021-01-05 09:31:08.650,0.0071,0.0081,40.0,0.0071,10.0,8199.0,3.0
2021-01-05 09:31:10.200,0.0071,0.008,3.0,0.0071,10.0,8199.0,3.0
2021-01-05 09:31:10.690,0.0071,0.008,23.0,0.0071,10.0,8199.0,3.0
2021-01-05 09:31:11.701,0.0071,0.008,23.0,0.0071,10.0,8199.0,3.0
2021-01-05 09:31:19.150,0.0071,0.008,23.0,0.0071,10.0,8199.0,3.0
2021-01-05 09:31:19.721,0.0071,0.008,23.0,0.0071,10.0,8199.0,3.0
2021-01-05 09:31:20.701,0.0071,0.008,23.0,0.0071,10.0,8199.0,3.0
2021-01-05 09:31:21.221,0.0071,0.008,23.0,0.0071,10.0,8199.0,3.0
2021-01-05 09:31:23.640,0.0071,0.008,23.0,0.0071,10.0,8199.0,3.0
2021-01-05 09:31:26.141,0.0071,0.0077,20.0,0.0071,10.0,8199.0,3.0
2021-01-05 09:31:26.681,0.0071,0.0077,50.0,0.0071,10.0,8199.0,3.0
2021-01-05 09:31:27.171,0.0071,0.0076,3.0,0.0071,10.0,8199.0,3.0
2021-01-05 09:31:27.590,0.0071,0.0076,23.0,0.0071,10.0,8199.0,3.0
2021-01-05 09:31:28.091,0.0071,0.0076,23.0,0.0071,10.0,8199.0,3.0
2021-01-05 09:31:29.171,0.0071,0.0076,23.0,0.0071,10.0,8199.0,3.0
2021-01-05 09:31:29.641,0.0071,0.0076,23.0,0.0071,10.0,8199.0,3.0
2021-01-05 09:31:32.191,0.0071,0.0076,23.0,0.0071,10.0,8199.0,3.0
2021-01-05 09:31:33.190,0.0071,0.0076,23.0,0.0069,40.0,8199.0,3.0
2021-01-05 09:31:33.680,0.0071,0.0076,23.0,0.0069,40.0,8199.0,3.0
2021-01-05 09:31:34.181,0.0071,0.0076,23.0,0.0069,30.0,8199.0,3.0
2021-01-05 09:31:34.500,0.0071,0.0076,23.0,0.0069,30.0,8199.0,3.0
2021-01-05 09:31:35.670,0.0071,0.0075,3.0,0.0069,30.0,8199.0,3.0
2021-01-05 09:31:36.690,0.0071,0.0075,23.0,0.0069,30.0,8199.0,3.0
2021-01-05 09:31:37.191,0.0071,0.0074,3.0,0.0069,30.0,8199.0,3.0
2021-01-05 09:31:37.620,0.0071,0.0074,23.0,0.0069,30.0,8199.0,3.0
2021-01-05 09:31:38.690,0.0071,0.0074,3.0,0.0069,30.0,8199.0,3.0
2021-01-05 09:31:39.210,0.0071,0.0074,3.0,0.0069,10.0,8199.0,3.0
2021-01-05 09:31:39.710,0.0071,0.0074,3.0,0.0069,10.0,8199.0,3.0
2021-01-05 09:31:40.711,0.0071,0.0074,3.0,0.0069,10.0,8199.0,3.0
2021-01-05 09:31:41.191,0.0071,0.0074,3.0,0.0069,10.0,8199.0,3.0
2021-01-05 09:31:41.700,0.0071,0.0074,23.0,0.0069,10.0,8199.0,3.0
2021-01-05 09:31:42.211,0.0071,0.0074,23.0,0.0068,23.0,8199.0,3.0
2021-01-05 09:31:42.711,0.0071,0.0074,3.0,0.0069,10.0,8199.0,3.0
2021-01-05 09:31:43.191,0.0071,0.0074,3.0,0.0069,10.0,8199.0,3.0
2021-01-05 09:31:43.191,0.0071,0.0074,3.0,0.0069,10.0,8199.0,3.0
2021-01-05 09:31:44.190,0.0071,0.0074,3.0,0.0069,10.0,8199.0,3.0
2021-01-05 09:31:48.691,0.0071,0.0074,23.0,0.0069,10.0,8199.0,3.0
2021-01-05 09:31:52.621,0.0071,0.0074,23.0,0.0068,30.0,8199.0,3.0
2021-01-05 09:31:53.171,0.0071,0.0074,23.0,0.0068,40.0,8199.0,3.0
2021-01-05 09:31:53.640,0.0071,0.0074,23.0,0.0068,53.0,8199.0,3.0
2021-01-05 09:31:54.151,0.0071,0.0074,23.0,0.0068,40.0,8199.0,3.0
2021-01-05 09:31:57.171,0.0071,0.0074,23.0,0.0068,40.0,8199.0,3.0
2021-01-05 09:31:57.651,0.0071,0.0074,23.0,0.0068,40.0,8199.0,3.0
2021-01-05 09:31:58.640,0.0071,0.0074,36.0,0.0068,40.0,8199.0,3.0
2021-01-05 09:31:59.660,0.0071,0.0074,23.0,0.0068,40.0,8199.0,3.0
2021-01-05 09:32:00.150,0.0071,0.0074,23.0,0.0068,43.0,8199.0,3.0
2021-01-05 09:32:00.650,0.0071,0.0074,23.0,0.0068,53.0,8199.0,3.0
2021-01-05 09:32:01.170,0.0071,0.0074,23.0,0.0068,40.0,8199.0,3.0
2021-01-05 09:32:01.670,0.0071,0.0074,23.0,0.0068,40.0,8199.0,3.0
2021-01-05 09:32:02.171,0.0071,0.0074,23.0,0.0068,40.0,8199.0,3.0
2021-01-05 09:32:02.671,0.0071,0.0074,23.0,0.0068,53.0,8199.0,3.0
2021-01-05 09:32:03.180,0.0071,0.0074,23.0,0.0068,53.0,8199.0,3.0
2021-01-05 09:32:03.641,0.0071,0.0074,23.0,0.0068,53.0,8199.0,3.0
2021-01-05 09:32:05.141,0.0071,0.0074,23.0,0.0068,53.0,8199.0,3.0
2021-01-05 09:32:05.660,0.0071,0.0074,23.0,0.0068,40.0,8199.0,3.0
2021-01-05 09:32:06.680,0.0071,0.0074,3.0,0.0068,20.0,8199.0,3.0
2021-01-05 09:32:07.070,0.0071,0.0074,3.0,0.0068,30.0,8199.0,3.0
2021-01-05 09:32:09.141,0.0071,0.0074,23.0,0.0068,30.0,8199.0,3.0
2021-01-05 09:32:09.681,0.0071,0.0074,23.0,0.0068,10.0,8199.0,3.0
2021-01-05 09:32:10.161,0.0071,0.0074,23.0,0.0068,23.0,8199.0,3.0
2021-01-05 09:32:10.630,0.0071,0.0074,23.0,0.0068,10.0,8199.0,3.0
2021-01-05 09:32:11.650,0.0071,0.0074,23.0,0.0068,43.0,8199.0,3.0
2021-01-05 09:32:12.161,0.0071,0.0074,23.0,0.0068,30.0,8199.0,3.0
2021-01-05 09:32:12.670,0.0071,0.0074,3.0,0.0068,30.0,8199.0,3.0
2021-01-05 09:32:13.171,0.0071,0.0074,3.0,0.0068,30.0,8199.0,3.0
2021-01-05 09:32:14.660,0.0071,0.0074,23.0,0.0068,10.0,8199.0,3.0
2021-01-05 09:32:16.551,0.0071,0.0074,23.0,0.0068,30.0,8199.0,3.0
2021-01-05 09:32:18.180,0.0071,0.0073,13.0,0.0069,13.0,8199.0,3.0
2021-01-05 09:32:18.670,0.0071,0.0073,33.0,0.0068,43.0,8199.0,3.0
2021-01-05 09:32:19.150,0.0071,0.0072,3.0,0.0069,13.0,8199.0,3.0
2021-01-05 09:32:19.640,0.0071,0.0072,3.0,0.0069,13.0,8199.0,3.0
2021-01-05 09:32:20.151,0.0071,0.0071,3.0,0.0069,13.0,8199.0,3.0
2021-01-05 09:32:20.671,0.0071,0.0071,3.0,0.0069,13.0,8199.0,3.0
2021-01-05 09:32:21.130,0.0071,0.007,3.0,0.0069,13.0,8199.0,3.0
2021-01-05 09:32:21.680,0.0071,0.007,3.0,0.0069,13.0,8199.0,3.0
2021-01-05 09:32:22.181,0.007,0.0074,43.0,0.007,13.0,8193.0,9.0
2021-01-05 09:32:22.660,0.007,0.0074,43.0,0.007,13.0,8193.0,9.0
2021-01-05 09:32:23.180,0.007,0.0073,13.0,0.007,13.0,8193.0,9.0
2021-01-05 09:32:24.160,0.007,0.0073,33.0,0.007,13.0,8193.0,9.0
2021-01-05 09:32:24.640,0.007,0.0073,20.0,0.0069,13.0,8193.0,9.0
2021-01-05 09:32:25.170,0.007,0.0074,20.0,0.0069,13.0,8193.0,9.0
2021-01-05 09:32:25.670,0.007,0.0074,10.0,0.0069,13.0,8193.0,9.0
2021-01-05 09:32:26.171,0.007,0.0074,46.0,0.0069,13.0,8193.0,9.0
2021-01-05 09:32:26.650,0.007,0.0074,46.0,0.0069,13.0,8193.0,9.0
2021-01-05 09:32:27.151,0.007,0.0074,43.0,0.0068,13.0,8193.0,9.0
2021-01-05 09:32:28.171,0.007,0.0074,30.0,0.0068,13.0,8193.0,9.0
2021-01-05 09:32:28.630,0.007,0.0074,30.0,0.0068,13.0,8193.0,9.0
2021-01-05 09:32:29.180,0.007,0.0074,30.0,0.0068,13.0,8193.0,9.0
2021-01-05 09:32:30.671,0.007,0.0074,43.0,0.0068,13.0,8193.0,9.0
2021-01-05 09:32:31.631,0.007,0.0074,26.0,0.0068,33.0,8193.0,9.0
2021-01-05 09:32:32.121,0.007,0.0074,16.0,0.0069,13.0,8193.0,9.0
2021-01-05 09:32:33.141,0.007,0.0074,3.0,0.0069,13.0,8193.0,9.0
2021-01-05 09:32:34.691,0.007,0.0074,16.0,0.0069,13.0,8193.0,9.0
2021-01-05 09:32:36.190,0.007,0.0074,23.0,0.0069,33.0,8193.0,9.0
2021-01-05 09:32:36.691,0.007,0.0074,36.0,0.007,13.0,8193.0,9.0
2021-01-05 09:32:37.150,0.007,0.0074,36.0,0.007,13.0,8193.0,9.0
2021-01-05 09:32:38.670,0.007,0.0074,23.0,0.007,13.0,8193.0,9.0
2021-01-05 09:32:39.200,0.007,0.0073,13.0,0.0069,33.0,8193.0,9.0
2021-01-05 09:32:39.630,0.007,0.0073,33.0,0.0069,33.0,8193.0,9.0
2021-01-05 09:32:40.151,0.007,0.0072,16.0,0.0069,33.0,8193.0,9.0
2021-01-05 09:32:41.200,0.007,0.0072,3.0,0.0069,20.0,8193.0,9.0
2021-01-05 09:32:41.690,0.007,0.0072,16.0,0.0069,33.0,8193.0,9.0
2021-01-05 09:32:42.161,0.007,0.0072,3.0,0.007,13.0,8193.0,9.0
2021-01-05 09:32:42.700,0.007,0.0072,3.0,0.0069,20.0,8193.0,9.0
2021-01-05 09:32:43.131,0.007,0.0072,3.0,0.007,13.0,8193.0,9.0
2021-01-05 09:32:43.580,0.007,0.0072,3.0,0.0069,33.0,8193.0,9.0
2021-01-05 09:32:44.151,0.007,0.0072,3.0,0.007,13.0,8193.0,9.0
2021-01-05 09:32:44.971,0.007,0.0072,3.0,0.007,33.0,8193.0,9.0
2021-01-05 09:32:46.160,0.007,0.0072,3.0,0.007,33.0,8193.0,9.0
2021-01-05 09:32:46.610,0.007,0.0072,3.0,0.007,13.0,8193.0,9.0
2021-01-05 09:32:47.201,0.007,0.0072,3.0,0.007,13.0,8193.0,9.0
2021-01-05 09:32:48.181,0.007,0.0072,3.0,0.007,13.0,8193.0,9.0
2021-01-05 09:32:48.550,0.007,0.0072,3.0,0.007,13.0,8193.0,9.0
2021-01-05 09:32:49.190,0.007,0.0072,3.0,0.007,13.0,8193.0,9.0
2021-01-05 09:32:49.670,0.007,0.0072,3.0,0.007,13.0,8193.0,9.0
2021-01-05 09:32:50.171,0.007,0.0071,3.0,0.0069,13.0,8193.0,9.0
2021-01-05 09:32:50.700,0.007,0.0071,3.0,0.0069,13.0,8193.0,9.0
2021-01-05 09:32:51.170,0.007,0.007,3.0,0.0068,13.0,8193.0,9.0
2021-01-05 09:32:51.701,0.007,0.007,3.0,0.0068,13.0,8193.0,9.0
2021-01-05 09:32:52.191,0.007,0.0069,3.0,0.0068,13.0,8193.0,9.0
2021-01-05 09:32:52.671,0.0069,0.0073,30.0,0.0068,13.0,8190.0,12.0
2021-01-05 09:32:53.161,0.0069,0.0072,3.0,0.0068,13.0,8190.0,12.0
2021-01-05 09:32:53.641,0.0069,0.0072,3.0,0.0068,13.0,8190.0,12.0
2021-01-05 09:32:54.181,0.0069,0.0072,3.0,0.0068,33.0,8190.0,12.0
2021-01-05 09:32:54.671,0.0069,0.0072,3.0,0.0069,13.0,8190.0,12.0
2021-01-05 09:32:55.670,0.0069,0.0072,3.0,0.0069,13.0,8190.0,12.0
2021-01-05 09:32:56.611,0.0069,0.0072,3.0,0.0069,13.0,8190.0,12.0
2021-01-05 09:32:57.130,0.0069,0.0072,3.0,0.0068,13.0,8190.0,12.0
2021-01-05 09:32:57.600,0.0069,0.0072,3.0,0.0068,13.0,8190.0,12.0
2021-01-05 09:32:58.171,0.0069,0.0072,3.0,0.0068,33.0,8190.0,12.0
2021-01-05 09:32:58.651,0.0069,0.0072,3.0,0.0069,13.0,8190.0,12.0
2021-01-05 09:32:59.170,0.0069,0.0072,3.0,0.0068,13.0,8190.0,12.0
2021-01-05 09:32:59.621,0.0069,0.0072,3.0,0.0068,13.0,8190.0,12.0
2021-01-05 09:33:00.180,0.0069,0.0072,3.0,0.0068,13.0,8190.0,12.0
2021-01-05 09:33:00.651,0.0069,0.0072,3.0,0.0068,13.0,8190.0,12.0
2021-01-05 09:33:01.141,0.0069,0.0072,3.0,0.0068,33.0,8190.0,12.0
2021-01-05 09:33:01.661,0.0069,0.0072,3.0,0.0069,13.0,8190.0,12.0
2021-01-05 09:33:02.130,0.0069,0.0072,3.0,0.0069,33.0,8190.0,12.0
2021-01-05 09:33:02.651,0.0069,0.0072,3.0,0.007,13.0,8190.0,12.0
2021-01-05 09:33:03.121,0.0069,0.0072,3.0,0.007,33.0,8190.0,12.0
2021-01-05 09:33:03.681,0.0069,0.0072,3.0,0.007,33.0,8190.0,12.0
2021-01-05 09:33:05.181,0.0069,0.0072,3.0,0.0071,13.0,8190.0,12.0
2021-01-05 09:33:05.690,0.0069,0.0072,3.0,0.007,33.0,8190.0,12.0
2021-01-05 09:33:06.170,0.0069,0.0072,3.0,0.007,33.0,8190.0,12.0
2021-01-05 09:33:06.681,0.0069,0.0072,3.0,0.007,33.0,8190.0,12.0
2021-01-05 09:33:07.171,0.0069,0.0072,3.0,0.0071,13.0,8190.0,12.0
2021-01-05 09:33:07.601,0.0069,0.0072,3.0,0.0071,13.0,8190.0,12.0
2021-01-05 09:33:08.191,0.0069,0.0072,3.0,0.0071,13.0,8190.0,12.0
2021-01-05 09:33:08.681,0.0069,0.0072,3.0,0.0071,13.0,8190.0,12.0
2021-01-05 09:33:09.181,0.0069,0.0072,3.0,0.0071,13.0,8190.0,12.0
2021-01-05 09:33:09.651,0.0069,0.0072,3.0,0.0071,13.0,8190.0,12.0
2021-01-05 09:33:10.681,0.0069,0.0072,3.0,0.0071,13.0,8190.0,12.0
2021-01-05 09:33:11.670,0.0069,0.0072,3.0,0.0071,33.0,8190.0,12.0
2021-01-05 09:33:12.181,0.0069,0.0072,3.0,0.0071,13.0,8190.0,12.0
2021-01-05 09:33:12.650,0.0069,0.0072,3.0,0.0071,13.0,8190.0,12.0
2021-01-05 09:33:13.691,0.0069,0.0072,3.0,0.0071,13.0,8190.0,12.0
2021-01-05 09:33:14.160,0.0069,0.0072,3.0,0.007,13.0,8190.0,12.0
2021-01-05 09:33:14.650,0.0069,0.0072,3.0,0.007,13.0,8190.0,12.0
2021-01-05 09:33:15.651,0.0069,0.0072,3.0,0.007,13.0,8190.0,12.0
2021-01-05 09:33:16.181,0.0069,0.0072,3.0,0.007,33.0,8190.0,12.0
2021-01-05 09:33:16.671,0.0069,0.0072,3.0,0.0071,13.0,8190.0,12.0
2021-01-05 09:33:17.190,0.0069,0.0072,3.0,0.007,20.0,8190.0,12.0
2021-01-05 09:33:17.691,0.0069,0.0072,3.0,0.0071,13.0,8190.0,12.0
2021-01-05 09:33:18.160,0.0069,0.0072,3.0,0.0071,13.0,8190.0,12.0
2021-01-05 09:33:18.680,0.0069,0.0072,3.0,0.007,20.0,8190.0,12.0
2021-01-05 09:33:19.191,0.0069,0.0072,3.0,0.0071,13.0,8190.0,12.0
2021-01-05 09:33:19.660,0.0069,0.0072,3.0,0.0071,13.0,8190.0,12.0
2021-01-05 09:33:20.171,0.0069,0.0071,3.0,0.007,33.0,8190.0,12.0
2021-01-05 09:33:20.680,0.0071,0.0075,43.0,0.0071,13.0,8187.0,15.0
2021-01-05 09:33:21.160,0.0071,0.0074,3.0,0.0071,13.0,8187.0,15.0
2021-01-05 09:33:21.681,0.0071,0.0074,3.0,0.0071,13.0,8187.0,15.0
2021-01-05 09:33:22.150,0.0071,0.0074,3.0,0.0071,13.0,8187.0,15.0
2021-01-05 09:33:22.670,0.0071,0.0074,3.0,0.0071,13.0,8187.0,15.0
2021-01-05 09:33:23.151,0.0071,0.0074,3.0,0.0071,13.0,8187.0,15.0
2021-01-05 09:33:24.171,0.0071,0.0074,3.0,0.0071,13.0,8187.0,15.0
2021-01-05 09:33:24.251,0.0071,0.0074,3.0,0.0071,13.0,8187.0,15.0
2021-01-05 09:33:27.171,0.0071,0.0074,3.0,0.0071,13.0,8187.0,15.0
2021-01-05 09:33:27.681,0.0071,0.0074,13.0,0.007,13.0,8187.0,15.0
2021-01-05 09:33:28.180,0.0071,0.0074,13.0,0.007,13.0,8187.0,15.0
2021-01-05 09:33:28.670,0.0071,0.0074,13.0,0.007,13.0,8187.0,15.0
2021-01-05 09:33:29.171,0.0071,0.0074,13.0,0.007,13.0,8187.0,15.0
2021-01-05 09:33:30.180,0.0071,0.0074,3.0,0.007,23.0,8187.0,15.0
2021-01-05 09:33:30.670,0.0071,0.0074,3.0,0.0071,13.0,8187.0,15.0
2021-01-05 09:33:31.131,0.0071,0.0074,3.0,0.0071,13.0,8187.0,15.0
2021-01-05 09:33:32.170,0.0071,0.0074,3.0,0.0071,13.0,8187.0,15.0
2021-01-05 09:33:32.620,0.0071,0.0074,3.0,0.0071,13.0,8187.0,15.0
2021-01-05 09:33:33.171,0.0071,0.0074,3.0,0.0071,13.0,8187.0,15.0
2021-01-05 09:33:33.680,0.0071,0.0074,3.0,0.0071,13.0,8187.0,15.0
2021-01-05 09:33:34.070,0.0071,0.0074,3.0,0.0071,13.0,8187.0,15.0
2021-01-05 09:33:36.101,0.0071,0.0074,3.0,0.0071,13.0,8187.0,15.0
2021-01-05 09:33:36.681,0.0071,0.0074,3.0,0.0071,23.0,8187.0,15.0
2021-01-05 09:33:37.190,0.0071,0.0074,3.0,0.0072,13.0,8187.0,15.0
2021-01-05 09:33:37.640,0.0071,0.0074,3.0,0.0072,13.0,8187.0,15.0
2021-01-05 09:33:39.201,0.0071,0.0074,3.0,0.0072,13.0,8187.0,15.0
2021-01-05 09:33:39.641,0.0071,0.0074,3.0,0.0072,13.0,8187.0,15.0
2021-01-05 09:33:40.160,0.0071,0.0073,3.0,0.0072,13.0,8187.0,15.0
2021-01-05 09:33:40.690,0.0071,0.0073,3.0,0.0072,13.0,8187.0,15.0
2021-01-05 09:33:41.161,0.0072,0.0073,3.0,0.0072,13.0,8184.0,18.0
2021-01-05 09:33:41.691,0.0072,0.0073,3.0,0.0072,13.0,8184.0,18.0
2021-01-05 09:33:42.160,0.0072,0.0073,3.0,0.0072,13.0,8184.0,18.0
2021-01-05 09:33:43.180,0.0072,0.0073,3.0,0.0072,13.0,8184.0,18.0
2021-01-05 09:33:44.110,0.0072,0.0073,3.0,0.0072,13.0,8184.0,18.0
2021-01-05 09:33:45.180,0.0072,0.0073,3.0,0.0072,13.0,8184.0,18.0
2021-01-05 09:33:47.191,0.0072,0.0073,3.0,0.0072,13.0,8184.0,18.0
2021-01-05 09:33:47.681,0.0072,0.0073,3.0,0.0072,13.0,8184.0,18.0
2021-01-05 09:33:48.171,0.0072,0.0073,3.0,0.0072,13.0,8184.0,18.0
2021-01-05 09:33:48.680,0.0072,0.0073,3.0,0.0072,13.0,8184.0,18.0
2021-01-05 09:33:52.190,0.0072,0.0073,3.0,0.0072,13.0,8184.0,18.0
2021-01-05 09:33:52.661,0.0072,0.0073,3.0,0.0072,13.0,8184.0,18.0
2021-01-05 09:33:53.650,0.0072,0.0073,3.0,0.0072,13.0,8184.0,18.0
2021-01-05 09:33:54.180,0.0072,0.0073,3.0,0.0072,13.0,8184.0,18.0
2021-01-05 09:33:54.610,0.0072,0.0073,3.0,0.0072,13.0,8184.0,18.0
2021-01-05 09:33:55.650,0.0072,0.0073,3.0,0.0072,13.0,8184.0,18.0
2021-01-05 09:33:56.681,0.0072,0.0073,3.0,0.0072,13.0,8184.0,18.0
2021-01-05 09:33:57.171,0.0072,0.0073,3.0,0.0072,13.0,8184.0,18.0
2021-01-05 09:33:58.670,0.0072,0.0073,3.0,0.0071,23.0,8184.0,18.0
2021-01-05 09:33:59.140,0.0072,0.0073,3.0,0.0071,23.0,8184.0,18.0
2021-01-05 09:33:59.690,0.0072,0.0073,3.0,0.0071,23.0,8184.0,18.0
2021-01-05 09:34:00.191,0.0072,0.0072,3.0,0.0071,23.0,8184.0,18.0
2021-01-05 09:34:00.671,0.0072,0.0072,3.0,0.0071,23.0,8184.0,18.0
2021-01-05 09:34:01.081,0.0071,0.0072,3.0,0.0071,23.0,8184.0,21.0
2021-01-05 09:34:01.661,0.0071,0.0072,3.0,0.0071,23.0,8184.0,21.0
2021-01-05 09:34:02.170,0.0071,0.0072,3.0,0.0071,23.0,8184.0,21.0
2021-01-05 09:34:02.671,0.0071,0.0072,3.0,0.0071,10.0,8184.0,21.0
2021-01-05 09:34:03.670,0.0071,0.0072,3.0,0.0071,23.0,8184.0,21.0
2021-01-05 09:34:04.671,0.0071,0.0072,3.0,0.0071,23.0,8184.0,21.0
2021-01-05 09:34:05.630,0.0071,0.0072,3.0,0.0071,23.0,8184.0,21.0
2021-01-05 09:34:06.681,0.0071,0.0072,3.0,0.0071,23.0,8184.0,21.0
2021-01-05 09:34:08.690,0.0071,0.0072,3.0,0.0071,23.0,8184.0,21.0
2021-01-05 09:34:09.170,0.0071,0.0072,3.0,0.0071,10.0,8184.0,21.0
2021-01-05 09:34:09.670,0.0071,0.0072,3.0,0.0071,10.0,8184.0,21.0
2021-01-05 09:34:10.140,0.0071,0.0072,3.0,0.0071,10.0,8184.0,21.0
2021-01-05 09:34:10.690,0.0071,0.0072,3.0,0.0071,10.0,8184.0,21.0
2021-01-05 09:34:11.681,0.0071,0.0072,3.0,0.0071,23.0,8184.0,21.0
2021-01-05 09:34:12.121,0.0071,0.0072,3.0,0.0071,10.0,8184.0,21.0
2021-01-05 09:34:12.640,0.0073,0.0074,43.0,0.0073,7.0,8204.0,44.0
2021-01-05 09:34:13.191,0.0073,0.0074,30.0,0.0071,10.0,8211.0,51.0
2021-01-05 09:34:13.650,0.0073,0.0074,30.0,0.0071,10.0,8211.0,51.0
2021-01-05 09:34:14.181,0.0073,0.0073,13.0,0.0071,10.0,8211.0,51.0
2021-01-05 09:34:14.691,0.0073,0.0073,13.0,0.0071,10.0,8211.0,51.0
2021-01-05 09:34:15.181,0.0073,0.0073,13.0,0.0071,10.0,8211.0,51.0
2021-01-05 09:34:15.681,0.0073,0.0074,13.0,0.0071,10.0,8211.0,51.0
2021-01-05 09:34:16.190,0.0073,0.0074,23.0,0.0071,10.0,8211.0,51.0
2021-01-05 09:34:16.630,0.0073,0.0074,10.0,0.0071,10.0,8211.0,51.0
2021-01-05 09:34:17.181,0.0073,0.0074,43.0,0.0071,23.0,8211.0,51.0
2021-01-05 09:34:17.690,0.0073,0.0074,43.0,0.0071,23.0,8211.0,51.0
2021-01-05 09:34:20.180,0.0073,0.0073,16.0,0.0071,10.0,8211.0,51.0
2021-01-05 09:34:20.651,0.0073,0.0073,3.0,0.0071,10.0,8211.0,51.0
2021-01-05 09:34:21.200,0.0073,0.0073,3.0,0.0071,10.0,8211.0,51.0
2021-01-05 09:34:21.690,0.0073,0.0073,16.0,0.0071,10.0,8211.0,51.0
2021-01-05 09:34:22.151,0.0073,0.0073,3.0,0.0071,23.0,8211.0,51.0
2021-01-05 09:34:37.700,0.0073,0.0073,23.0,0.0071,23.0,8211.0,51.0
2021-01-05 09:34:38.171,0.0073,0.0073,23.0,0.0071,23.0,8211.0,51.0
2021-01-05 09:34:38.690,0.0073,0.0073,23.0,0.0071,23.0,8211.0,51.0
2021-01-05 09:34:39.091,0.0073,0.0073,23.0,0.0071,23.0,8211.0,51.0
2021-01-05 09:34:40.190,0.0073,0.0072,3.0,0.0071,23.0,8211.0,51.0
2021-01-05 09:34:40.651,0.0073,0.0072,3.0,0.0071,23.0,8211.0,51.0
2021-01-05 09:34:41.201,0.0071,0.0072,3.0,0.0071,13.0,8211.0,54.0
2021-01-05 09:34:41.700,0.0071,0.0072,3.0,0.007,13.0,8211.0,54.0
2021-01-05 09:34:42.171,0.0071,0.0072,3.0,0.007,13.0,8211.0,54.0
2021-01-05 09:34:43.671,0.0071,0.0072,3.0,0.007,13.0,8211.0,54.0
2021-01-05 09:34:44.071,0.0071,0.0072,3.0,0.007,13.0,8211.0,54.0
2021-01-05 09:34:44.701,0.0071,0.0072,3.0,0.007,13.0,8211.0,54.0
2021-01-05 09:34:45.200,0.0071,0.0072,3.0,0.007,13.0,8211.0,54.0
2021-01-05 09:34:45.721,0.0071,0.0072,3.0,0.007,13.0,8211.0,54.0
2021-01-05 09:34:46.140,0.0071,0.0072,3.0,0.007,13.0,8211.0,54.0
2021-01-05 09:34:46.660,0.0071,0.0072,3.0,0.007,13.0,8211.0,54.0
2021-01-05 09:34:47.181,0.0071,0.0072,3.0,0.007,13.0,8211.0,54.0
2021-01-05 09:34:47.701,0.0071,0.0072,3.0,0.007,13.0,8211.0,54.0
2021-01-05 09:34:48.141,0.0071,0.0072,3.0,0.0069,10.0,8211.0,54.0
2021-01-05 09:34:48.700,0.0071,0.0072,16.0,0.0069,53.0,8211.0,54.0
2021-01-05 09:34:49.210,0.0071,0.0072,3.0,0.007,13.0,8211.0,54.0
2021-01-05 09:34:49.701,0.0071,0.0072,3.0,0.007,13.0,8211.0,54.0
2021-01-05 09:34:52.220,0.0071,0.0072,3.0,0.007,13.0,8211.0,54.0
2021-01-05 09:34:54.170,0.0071,0.0072,3.0,0.007,13.0,8211.0,54.0
2021-01-05 09:34:54.631,0.0071,0.0072,3.0,0.007,13.0,8211.0,54.0
2021-01-05 09:34:55.161,0.0071,0.0072,3.0,0.007,13.0,8211.0,54.0
2021-01-05 09:34:55.680,0.0071,0.0072,3.0,0.007,13.0,8211.0,54.0
2021-01-05 09:34:57.670,0.0071,0.0072,3.0,0.007,13.0,8211.0,54.0
2021-01-05 09:35:00.640,0.0071,0.0072,3.0,0.007,13.0,8211.0,54.0
2021-01-05 09:35:01.070,0.0071,0.0072,3.0,0.007,23.0,8211.0,54.0
2021-01-05 09:35:01.620,0.0071,0.0072,3.0,0.007,13.0,8211.0,54.0
2021-01-05 09:35:02.181,0.0071,0.0072,3.0,0.007,13.0,8211.0,54.0
2021-01-05 09:35:03.180,0.0071,0.0072,3.0,0.007,13.0,8211.0,54.0
2021-01-05 09:35:03.660,0.0071,0.0072,3.0,0.007,23.0,8211.0,54.0
2021-01-05 09:35:04.181,0.0071,0.0072,3.0,0.007,23.0,8211.0,54.0
2021-01-05 09:35:05.180,0.0071,0.0072,3.0,0.007,13.0,8211.0,54.0
2021-01-05 09:35:05.671,0.0071,0.0072,3.0,0.007,13.0,8211.0,54.0
2021-01-05 09:35:06.180,0.0071,0.0072,3.0,0.007,23.0,8211.0,54.0
2021-01-05 09:35:06.680,0.0071,0.0072,3.0,0.0071,13.0,8211.0,54.0
2021-01-05 09:35:07.131,0.0071,0.0072,3.0,0.007,13.0,8211.0,54.0
2021-01-05 09:35:07.650,0.0071,0.0072,3.0,0.007,23.0,8211.0,54.0
2021-01-05 09:35:08.190,0.0071,0.0072,3.0,0.0071,13.0,8211.0,54.0
2021-01-05 09:35:09.191,0.0071,0.0072,23.0,0.007,13.0,8211.0,54.0
2021-01-05 09:35:09.700,0.0071,0.0072,23.0,0.007,13.0,8211.0,54.0
2021-01-05 09:35:10.691,0.0071,0.0072,3.0,0.007,13.0,8211.0,54.0
2021-01-05 09:35:13.160,0.0071,0.0072,3.0,0.007,13.0,8211.0,54.0
2021-01-05 09:35:13.640,0.0071,0.0072,3.0,0.007,23.0,8211.0,54.0
2021-01-05 09:35:14.191,0.0071,0.0072,3.0,0.007,23.0,8211.0,54.0
2021-01-05 09:35:14.700,0.0071,0.0072,3.0,0.007,10.0,8211.0,54.0
2021-01-05 09:35:15.171,0.0071,0.0072,3.0,0.007,10.0,8211.0,54.0
2021-01-05 09:35:15.701,0.0071,0.0072,3.0,0.007,23.0,8211.0,54.0
2021-01-05 09:35:16.151,0.0071,0.0072,3.0,0.007,13.0,8211.0,54.0
2021-01-05 09:35:16.660,0.0071,0.0072,3.0,0.007,23.0,8211.0,54.0
2021-01-05 09:35:17.190,0.0071,0.0072,3.0,0.0071,13.0,8211.0,54.0
2021-01-05 09:35:18.170,0.0071,0.0072,3.0,0.0071,13.0,8211.0,54.0
2021-01-05 09:35:18.681,0.0071,0.0072,3.0,0.0071,13.0,8211.0,54.0
2021-01-05 09:35:19.180,0.0071,0.0072,3.0,0.0071,13.0,8211.0,54.0
2021-01-05 09:35:19.641,0.0071,0.0072,3.0,0.0071,13.0,8211.0,54.0
2021-01-05 09:35:20.681,0.0071,0.0072,3.0,0.0071,13.0,8211.0,54.0
2021-01-05 09:35:21.180,0.0071,0.0072,3.0,0.0071,13.0,8211.0,54.0
2021-01-05 09:35:21.620,0.0071,0.0072,3.0,0.0071,13.0,8211.0,54.0
2021-01-05 09:35:26.651,0.0071,0.0072,3.0,0.0071,13.0,8211.0,54.0
2021-01-05 09:35:27.130,0.0071,0.0072,3.0,0.0071,13.0,8211.0,54.0
2021-01-05 09:35:31.700,0.0071,0.0072,3.0,0.0071,13.0,8211.0,54.0
2021-01-05 09:35:33.650,0.0071,0.0072,3.0,0.007,23.0,8211.0,54.0
2021-01-05 09:35:34.691,0.0071,0.0072,3.0,0.0071,13.0,8211.0,54.0
2021-01-05 09:35:35.200,0.0071,0.0072,3.0,0.0071,13.0,8211.0,54.0
2021-01-05 09:35:35.690,0.0071,0.0072,3.0,0.007,23.0,8211.0,54.0
2021-01-05 09:35:38.670,0.0071,0.0072,3.0,0.007,23.0,8211.0,54.0
2021-01-05 09:35:40.191,0.0071,0.0072,3.0,0.007,23.0,8211.0,54.0
2021-01-05 09:35:40.691,0.0071,0.0072,3.0,0.0071,13.0,8211.0,54.0
2021-01-05 09:35:41.190,0.0071,0.0072,3.0,0.007,23.0,8211.0,54.0
2021-01-05 09:35:41.680,0.0071,0.0072,3.0,0.0071,13.0,8211.0,54.0
2021-01-05 09:35:42.160,0.0071,0.0072,3.0,0.007,23.0,8211.0,54.0
2021-01-05 09:35:42.670,0.0071,0.0072,3.0,0.0071,13.0,8211.0,54.0
2021-01-05 09:35:43.190,0.0071,0.0072,3.0,0.007,23.0,8211.0,54.0
2021-01-05 09:35:43.661,0.0071,0.0072,3.0,0.0071,13.0,8211.0,54.0
2021-01-05 09:35:44.101,0.0071,0.0072,3.0,0.007,10.0,8211.0,54.0
2021-01-05 09:35:45.071,0.0071,0.0072,3.0,0.007,23.0,8211.0,54.0
2021-01-05 09:35:45.670,0.0071,0.0072,3.0,0.007,23.0,8211.0,54.0
2021-01-05 09:35:46.170,0.0071,0.0072,23.0,0.007,23.0,8211.0,54.0
2021-01-05 09:35:46.700,0.0071,0.0072,23.0,0.007,23.0,8211.0,54.0
2021-01-05 09:35:47.201,0.0071,0.0072,36.0,0.007,10.0,8211.0,54.0
2021-01-05 09:35:47.691,0.0071,0.0072,36.0,0.0069,23.0,8211.0,54.0
2021-01-05 09:35:48.181,0.0071,0.0072,36.0,0.0069,33.0,8211.0,54.0
2021-01-05 09:35:48.700,0.0071,0.0072,23.0,0.007,13.0,8211.0,54.0
2021-01-05 09:35:49.180,0.0071,0.0072,3.0,0.007,13.0,8211.0,54.0
2021-01-05 09:35:49.701,0.0071,0.0072,16.0,0.0069,23.0,8211.0,54.0
2021-01-05 09:35:50.121,0.0071,0.0072,16.0,0.0069,33.0,8211.0,54.0
2021-01-05 09:35:50.680,0.0071,0.0072,23.0,0.007,13.0,8211.0,54.0
2021-01-05 09:35:51.180,0.0071,0.0072,3.0,0.007,23.0,8211.0,54.0
2021-01-05 09:35:51.710,0.0071,0.0072,3.0,0.007,23.0,8211.0,54.0
2021-01-05 09:35:54.161,0.0071,0.0072,3.0,0.007,23.0,8211.0,54.0
2021-01-05 09:35:55.181,0.0071,0.0072,3.0,0.007,23.0,8211.0,54.0
2021-01-05 09:35:56.140,0.0071,0.0072,16.0,0.007,10.0,8211.0,54.0
2021-01-05 09:35:56.690,0.0071,0.0072,3.0,0.007,23.0,8211.0,54.0
2021-01-05 09:35:59.640,0.0071,0.0072,23.0,0.007,23.0,8211.0,54.0
2021-01-05 09:36:00.201,0.0071,0.0072,23.0,0.007,13.0,8211.0,54.0
2021-01-05 09:36:01.181,0.0071,0.0072,23.0,0.007,13.0,8211.0,54.0
2021-01-05 09:36:01.671,0.0071,0.0072,23.0,0.007,13.0,8211.0,54.0
2021-01-05 09:36:02.170,0.0071,0.0072,3.0,0.007,13.0,8211.0,54.0
2021-01-05 09:36:02.701,0.0071,0.0072,3.0,0.007,13.0,8211.0,54.0
2021-01-05 09:36:03.150,0.0071,0.0072,3.0,0.007,23.0,8211.0,54.0
2021-01-05 09:36:03.700,0.0071,0.0072,16.0,0.007,10.0,8211.0,54.0
2021-01-05 09:36:05.150,0.0071,0.0072,16.0,0.0069,23.0,8211.0,54.0
2021-01-05 09:36:05.590,0.0071,0.0072,3.0,0.007,13.0,8211.0,54.0
2021-01-05 09:36:07.181,0.0071,0.0072,16.0,0.0069,33.0,8211.0,54.0
2021-01-05 09:36:09.161,0.0071,0.0072,16.0,0.0069,33.0,8211.0,54.0
2021-01-05 09:36:09.691,0.0071,0.0072,3.0,0.007,13.0,8211.0,54.0
2021-01-05 09:36:10.101,0.0071,0.0072,16.0,0.007,10.0,8211.0,54.0
2021-01-05 09:36:10.671,0.0071,0.0072,3.0,0.007,23.0,8211.0,54.0
2021-01-05 09:36:11.180,0.0071,0.0072,3.0,0.007,23.0,8211.0,54.0
2021-01-05 09:36:12.181,0.0071,0.0071,10.0,0.007,13.0,8211.0,54.0
2021-01-05 09:36:12.690,0.0071,0.0071,10.0,0.007,13.0,8211.0,54.0
2021-01-05 09:36:13.190,0.007,0.0071,10.0,0.007,13.0,8208.0,57.0
2021-01-05 09:36:14.690,0.007,0.0071,10.0,0.0069,23.0,8208.0,57.0
2021-01-05 09:36:15.170,0.007,0.0071,10.0,0.007,13.0,8208.0,57.0
2021-01-05 09:36:16.680,0.007,0.0071,10.0,0.0069,33.0,8208.0,57.0
2021-01-05 09:36:19.691,0.007,0.0071,10.0,0.007,13.0,8208.0,57.0
2021-01-05 09:36:20.161,0.007,0.0071,10.0,0.0069,33.0,8208.0,57.0
2021-01-05 09:36:20.680,0.007,0.0071,10.0,0.007,13.0,8208.0,57.0
2021-01-05 09:36:21.191,0.007,0.0071,10.0,0.007,13.0,8208.0,57.0
2021-01-05 09:36:21.691,0.007,0.0071,10.0,0.0069,33.0,8208.0,57.0
2021-01-05 09:36:22.171,0.007,0.0071,10.0,0.0069,33.0,8208.0,57.0
2021-01-05 09:36:22.680,0.007,0.0071,10.0,0.0069,33.0,8208.0,57.0
2021-01-05 09:36:27.070,0.007,0.0071,10.0,0.0069,33.0,8208.0,57.0
2021-01-05 09:36:28.190,0.007,0.0071,10.0,0.0069,33.0,8208.0,57.0
2021-01-05 09:36:31.181,0.007,0.0071,23.0,0.0069,20.0,8208.0,57.0
2021-01-05 09:36:31.690,0.007,0.0071,10.0,0.0069,20.0,8208.0,57.0
2021-01-05 09:36:32.130,0.007,0.0071,10.0,0.0069,33.0,8208.0,57.0
2021-01-05 09:36:40.191,0.007,0.0071,10.0,0.0069,23.0,8208.0,57.0
2021-01-05 09:36:45.191,0.007,0.0071,10.0,0.0069,23.0,8208.0,57.0
2021-01-05 09:36:45.631,0.007,0.0071,10.0,0.0069,23.0,8208.0,57.0
2021-01-05 09:36:47.130,0.007,0.0071,30.0,0.0069,23.0,8208.0,57.0
2021-01-05 09:36:47.660,0.007,0.0071,30.0,0.0069,23.0,8208.0,57.0
2021-01-05 09:36:48.630,0.007,0.0071,10.0,0.0069,23.0,8208.0,57.0
2021-01-05 09:36:49.181,0.007,0.0071,30.0,0.0069,23.0,8208.0,57.0
2021-01-05 09:36:49.700,0.007,0.0071,10.0,0.0069,23.0,8208.0,57.0
2021-01-05 09:36:50.201,0.007,0.0071,30.0,0.0069,23.0,8208.0,57.0
2021-01-05 09:36:50.670,0.007,0.0071,10.0,0.0069,23.0,8208.0,57.0
2021-01-05 09:36:51.671,0.007,0.0071,23.0,0.0069,10.0,8208.0,57.0
2021-01-05 09:36:52.180,0.007,0.0071,30.0,0.0069,23.0,8208.0,57.0
2021-01-05 09:36:52.670,0.007,0.0071,30.0,0.0069,23.0,8208.0,57.0
2021-01-05 09:36:53.680,0.007,0.0071,43.0,0.0069,10.0,8208.0,57.0
2021-01-05 09:36:54.120,0.007,0.0071,30.0,0.0069,23.0,8208.0,57.0
2021-01-05 09:36:55.651,0.007,0.0071,10.0,0.007,13.0,8208.0,57.0
2021-01-05 09:36:56.141,0.007,0.0071,10.0,0.0069,23.0,8208.0,57.0
2021-01-05 09:36:56.691,0.007,0.0071,10.0,0.007,13.0,8208.0,57.0
2021-01-05 09:36:57.171,0.007,0.0071,10.0,0.007,13.0,8208.0,57.0
2021-01-05 09:36:59.181,0.007,0.0071,30.0,0.0069,10.0,8208.0,57.0
2021-01-05 09:36:59.690,0.007,0.0071,30.0,0.0069,23.0,8208.0,57.0
2021-01-05 09:37:00.160,0.007,0.0071,30.0,0.007,13.0,8208.0,57.0
2021-01-05 09:37:01.081,0.007,0.0071,30.0,0.0069,10.0,8208.0,57.0
2021-01-05 09:37:01.640,0.007,0.0071,10.0,0.007,13.0,8208.0,57.0
2021-01-05 09:37:02.191,0.007,0.0071,10.0,0.0069,23.0,8208.0,57.0
2021-01-05 09:37:02.640,0.007,0.0071,10.0,0.007,13.0,8208.0,57.0
2021-01-05 09:37:03.151,0.007,0.0071,10.0,0.0069,10.0,8208.0,57.0
2021-01-05 09:37:03.630,0.007,0.0071,10.0,0.007,13.0,8208.0,57.0
2021-01-05 09:37:04.200,0.007,0.0071,10.0,0.0069,33.0,8208.0,57.0
2021-01-05 09:37:04.690,0.007,0.0071,10.0,0.007,13.0,8208.0,57.0
2021-01-05 09:37:05.140,0.007,0.0071,10.0,0.0069,33.0,8208.0,57.0
2021-01-05 09:37:05.701,0.007,0.0071,10.0,0.007,13.0,8208.0,57.0
2021-01-05 09:37:06.700,0.007,0.0071,10.0,0.007,13.0,8208.0,57.0
2021-01-05 09:37:07.180,0.007,0.0071,10.0,0.0069,33.0,8208.0,57.0
2021-01-05 09:37:08.630,0.007,0.0071,10.0,0.007,13.0,8208.0,57.0
2021-01-05 09:37:09.170,0.007,0.0071,10.0,0.007,13.0,8208.0,57.0
2021-01-05 09:37:09.660,0.007,0.0071,10.0,0.007,13.0,8208.0,57.0
2021-01-05 09:37:10.140,0.007,0.0071,10.0,0.007,13.0,8208.0,57.0
2021-01-05 09:37:10.701,0.007,0.0071,10.0,0.0069,23.0,8208.0,57.0
2021-01-05 09:37:11.201,0.007,0.0071,10.0,0.0069,33.0,8208.0,57.0
2021-01-05 09:37:12.131,0.007,0.0071,10.0,0.0069,23.0,8208.0,57.0
2021-01-05 09:37:12.620,0.007,0.0071,10.0,0.0069,33.0,8208.0,57.0
2021-01-05 09:37:14.171,0.007,0.0071,10.0,0.0069,33.0,8208.0,57.0
2021-01-05 09:37:14.701,0.007,0.0071,10.0,0.007,13.0,8208.0,57.0
2021-01-05 09:37:15.671,0.007,0.0071,10.0,0.0069,33.0,8208.0,57.0
2021-01-05 09:37:18.061,0.007,0.0071,10.0,0.0069,20.0,8208.0,57.0
2021-01-05 09:37:18.710,0.007,0.0071,10.0,0.0069,33.0,8208.0,57.0
2021-01-05 09:37:27.551,0.007,0.0071,23.0,0.0069,20.0,8208.0,57.0
2021-01-05 09:37:28.151,0.007,0.0071,10.0,0.0069,20.0,8208.0,57.0
2021-01-05 09:37:28.560,0.007,0.0071,10.0,0.007,13.0,8208.0,57.0
2021-01-05 09:37:29.130,0.007,0.0071,10.0,0.0069,33.0,8208.0,57.0
2021-01-05 09:37:29.691,0.007,0.0071,10.0,0.0069,20.0,8208.0,57.0
2021-01-05 09:37:30.191,0.007,0.0071,10.0,0.0069,33.0,8208.0,57.0
2021-01-05 09:37:30.650,0.007,0.0071,10.0,0.0069,33.0,8208.0,57.0
2021-01-05 09:37:32.181,0.007,0.0071,10.0,0.007,13.0,8208.0,57.0
2021-01-05 09:37:32.651,0.007,0.0071,30.0,0.0069,23.0,8208.0,57.0
2021-01-05 09:37:33.180,0.007,0.0071,10.0,0.0069,33.0,8208.0,57.0
2021-01-05 09:37:33.701,0.007,0.0071,30.0,0.0069,33.0,8208.0,57.0
2021-01-05 09:37:34.200,0.007,0.0071,30.0,0.007,13.0,8208.0,57.0
2021-01-05 09:37:34.500,0.007,0.0071,30.0,0.0069,33.0,8208.0,57.0
2021-01-05 09:37:35.650,0.007,0.0071,10.0,0.0069,33.0,8208.0,57.0
2021-01-05 09:37:36.671,0.007,0.0071,10.0,0.0069,33.0,8208.0,57.0
2021-01-05 09:37:42.130,0.007,0.0071,10.0,0.007,13.0,8208.0,57.0
2021-01-05 09:37:42.691,0.007,0.0071,10.0,0.0069,33.0,8208.0,57.0
2021-01-05 09:37:43.181,0.007,0.0071,10.0,0.007,13.0,8208.0,57.0
2021-01-05 09:37:44.190,0.007,0.0071,10.0,0.007,13.0,8208.0,57.0
2021-01-05 09:37:44.651,0.007,0.0071,10.0,0.0069,33.0,8208.0,57.0
2021-01-05 09:37:46.601,0.007,0.0071,10.0,0.0069,23.0,8208.0,57.0
2021-01-05 09:37:48.201,0.007,0.0071,10.0,0.0069,10.0,8208.0,57.0
2021-01-05 09:37:48.700,0.007,0.0071,23.0,0.0069,10.0,8208.0,57.0
2021-01-05 09:37:49.670,0.007,0.0071,23.0,0.0069,10.0,8208.0,57.0
2021-01-05 09:37:54.170,0.007,0.0071,10.0,0.0069,23.0,8208.0,57.0
2021-01-05 09:37:54.640,0.007,0.0071,33.0,0.0069,10.0,8208.0,57.0
2021-01-05 09:37:56.611,0.007,0.0071,20.0,0.0069,23.0,8208.0,57.0
2021-01-05 09:37:57.170,0.007,0.0071,33.0,0.0069,10.0,8208.0,57.0
2021-01-05 09:37:58.640,0.007,0.0071,20.0,0.0069,23.0,8208.0,57.0
2021-01-05 09:37:59.651,0.007,0.0071,40.0,0.0069,23.0,8208.0,57.0
2021-01-05 09:38:01.681,0.007,0.0071,53.0,0.0069,10.0,8208.0,57.0
2021-01-05 09:38:05.181,0.007,0.0071,40.0,0.0069,23.0,8208.0,57.0
2021-01-05 09:38:05.681,0.007,0.0071,40.0,0.0069,23.0,8208.0,57.0
2021-01-05 09:38:06.151,0.007,0.0071,40.0,0.007,13.0,8208.0,57.0
2021-01-05 09:38:06.691,0.007,0.0071,40.0,0.0069,23.0,8208.0,57.0
2021-01-05 09:38:07.200,0.007,0.0071,53.0,0.0069,10.0,8208.0,57.0
2021-01-05 09:38:08.151,0.007,0.0071,20.0,0.0069,23.0,8208.0,57.0
2021-01-05 09:38:09.160,0.007,0.0071,43.0,0.0069,10.0,8208.0,57.0
2021-01-05 09:38:09.611,0.007,0.0071,53.0,0.0069,10.0,8208.0,57.0
2021-01-05 09:38:12.191,0.007,0.0071,33.0,0.0069,10.0,8208.0,57.0
2021-01-05 09:38:12.691,0.007,0.0071,53.0,0.0069,10.0,8208.0,57.0
2021-01-05 09:38:13.110,0.007,0.007,13.0,0.0069,10.0,8208.0,57.0
2021-01-05 09:38:13.690,0.007,0.007,13.0,0.0069,10.0,8208.0,57.0
2021-01-05 09:38:14.141,0.007,0.007,33.0,0.0069,10.0,8208.0,57.0
2021-01-05 09:38:14.691,0.007,0.0071,43.0,0.0069,10.0,8208.0,57.0
2021-01-05 09:38:15.150,0.0069,0.0071,53.0,0.0068,13.0,8218.0,67.0
2021-01-05 09:38:16.721,0.0069,0.007,13.0,0.0067,15.0,8218.0,67.0
2021-01-05 09:38:17.190,0.0069,0.007,13.0,0.0067,25.0,8218.0,67.0
2021-01-05 09:38:17.701,0.0069,0.007,33.0,0.0067,25.0,8218.0,67.0
2021-01-05 09:38:18.231,0.0069,0.007,10.0,0.0067,12.0,8218.0,67.0
2021-01-05 09:38:18.660,0.0069,0.007,43.0,0.0067,12.0,8218.0,67.0
2021-01-05 09:38:19.230,0.0069,0.0069,13.0,0.0067,12.0,8218.0,67.0
2021-01-05 09:38:19.670,0.0069,0.0069,13.0,0.0067,12.0,8218.0,67.0
2021-01-05 09:38:20.231,0.0069,0.0069,13.0,0.0067,12.0,8218.0,67.0
2021-01-05 09:38:20.671,0.0069,0.0069,13.0,0.0067,12.0,8218.0,67.0
2021-01-05 09:38:21.240,0.0069,0.0069,13.0,0.0067,12.0,8218.0,67.0
2021-01-05 09:38:22.661,0.0069,0.0069,33.0,0.0067,12.0,8218.0,67.0
2021-01-05 09:38:23.201,0.0069,0.0069,20.0,0.0067,25.0,8218.0,67.0
2021-01-05 09:38:24.141,0.0069,0.0069,13.0,0.0067,2.0,8218.0,67.0
2021-01-05 09:38:24.671,0.0069,0.0069,43.0,0.0067,2.0,8218.0,67.0
2021-01-05 09:38:25.101,0.0069,0.0069,30.0,0.0067,15.0,8218.0,67.0
2021-01-05 09:38:26.100,0.0069,0.0069,43.0,0.0067,2.0,8218.0,67.0
2021-01-05 09:38:26.701,0.0069,0.0069,30.0,0.0067,15.0,8218.0,67.0
2021-01-05 09:38:27.201,0.0069,0.0069,43.0,0.0067,2.0,8218.0,67.0
2021-01-05 09:38:28.171,0.0069,0.0069,43.0,0.0067,2.0,8218.0,67.0
2021-01-05 09:38:33.700,0.0067,0.0069,43.0,0.0066,14.0,8218.0,69.0
2021-01-05 09:38:34.201,0.0067,0.0069,43.0,0.0066,14.0,8218.0,69.0
2021-01-05 09:38:35.200,0.0067,0.0068,33.0,0.0066,1.0,8218.0,69.0
2021-01-05 09:38:36.691,0.0067,0.0068,33.0,0.0066,1.0,8218.0,69.0
2021-01-05 09:38:37.131,0.0067,0.0068,43.0,0.0066,1.0,8218.0,69.0
2021-01-05 09:38:37.680,0.0066,0.0066,9.0,0.0065,24.0,8218.0,70.0
2021-01-05 09:38:38.161,0.0066,0.0066,9.0,0.0065,24.0,8218.0,70.0
2021-01-05 09:38:38.601,0.0066,0.0066,9.0,0.0065,24.0,8218.0,70.0
2021-01-05 09:38:38.660,0.0066,0.0066,9.0,0.0065,24.0,8218.0,70.0
2021-01-05 09:38:40.201,0.0066,0.0066,9.0,0.0065,24.0,8218.0,70.0
2021-01-05 09:38:41.670,0.0066,0.0066,9.0,0.0065,24.0,8218.0,70.0
2021-01-05 09:38:42.191,0.0066,0.0066,9.0,0.0065,24.0,8218.0,70.0
2021-01-05 09:38:43.190,0.0066,0.0066,9.0,0.0065,24.0,8218.0,70.0
2021-01-05 09:38:43.701,0.0066,0.0066,9.0,0.0065,24.0,8218.0,70.0
2021-01-05 09:38:44.200,0.0066,0.0066,9.0,0.0065,24.0,8218.0,70.0
2021-01-05 09:38:44.690,0.0066,0.0066,9.0,0.0065,24.0,8218.0,70.0
2021-01-05 09:38:45.201,0.0066,0.0066,9.0,0.0065,24.0,8218.0,70.0
2021-01-05 09:38:48.650,0.0066,0.0066,9.0,0.0065,24.0,8218.0,70.0
2021-01-05 09:38:50.110,0.0066,0.0066,9.0,0.0065,24.0,8218.0,70.0
2021-01-05 09:38:51.691,0.0066,0.0068,20.0,0.0066,13.0,8218.0,79.0
2021-01-05 09:38:52.140,0.0066,0.0068,10.0,0.0065,11.0,8218.0,79.0
2021-01-05 09:38:52.630,0.0066,0.0068,23.0,0.0065,24.0,8218.0,79.0
2021-01-05 09:38:53.191,0.0066,0.0068,43.0,0.0065,24.0,8218.0,79.0
2021-01-05 09:38:54.200,0.0066,0.0068,43.0,0.0065,24.0,8218.0,79.0
2021-01-05 09:38:54.690,0.0066,0.0068,43.0,0.0065,24.0,8218.0,79.0
2021-01-05 09:38:55.191,0.0066,0.0067,13.0,0.0065,11.0,8218.0,79.0
2021-01-05 09:38:55.700,0.0066,0.0067,13.0,0.0065,11.0,8218.0,79.0
2021-01-05 09:38:56.661,0.0066,0.0068,33.0,0.0065,24.0,8218.0,79.0
2021-01-05 09:38:57.200,0.0066,0.0068,43.0,0.0065,24.0,8218.0,79.0
2021-01-05 09:38:57.640,0.0066,0.0068,30.0,0.0065,11.0,8218.0,79.0
2021-01-05 09:38:58.161,0.0066,0.0067,13.0,0.0065,11.0,8218.0,79.0
2021-01-05 09:38:58.670,0.0066,0.0068,33.0,0.0065,24.0,8218.0,79.0
2021-01-05 09:38:59.060,0.0066,0.0068,43.0,0.0065,24.0,8218.0,79.0
2021-01-05 09:39:00.140,0.0066,0.0067,13.0,0.0065,11.0,8218.0,79.0
2021-01-05 09:39:00.660,0.0066,0.0068,33.0,0.0065,24.0,8218.0,79.0
2021-01-05 09:39:01.160,0.0066,0.0067,13.0,0.0065,11.0,8218.0,79.0
2021-01-05 09:39:01.700,0.0066,0.0068,33.0,0.0065,24.0,8218.0,79.0
2021-01-05 09:39:02.170,0.0066,0.0068,43.0,0.0065,24.0,8218.0,79.0
2021-01-05 09:39:05.211,0.0066,0.0068,23.0,0.0065,24.0,8218.0,79.0
2021-01-05 09:39:06.191,0.0066,0.0068,43.0,0.0065,24.0,8218.0,79.0
2021-01-05 09:39:07.200,0.0066,0.0068,33.0,0.0065,24.0,8218.0,79.0
2021-01-05 09:39:07.680,0.0066,0.0068,43.0,0.0065,24.0,8218.0,79.0
2021-01-05 09:39:08.131,0.0068,0.0068,36.0,0.0065,24.0,8238.0,99.0
2021-01-05 09:39:08.690,0.0068,0.0068,30.0,0.0066,13.0,8238.0,99.0
2021-01-05 09:39:10.191,0.0068,0.0068,30.0,0.0066,13.0,8238.0,99.0
2021-01-05 09:39:10.721,0.0068,0.0068,30.0,0.0066,13.0,8238.0,99.0
2021-01-05 09:39:11.201,0.0068,0.0068,30.0,0.0066,13.0,8238.0,99.0
2021-01-05 09:39:11.701,0.0068,0.0068,43.0,0.0065,24.0,8238.0,99.0
2021-01-05 09:39:12.690,0.0068,0.0068,43.0,0.0065,24.0,8238.0,99.0
2021-01-05 09:39:14.160,0.0068,0.0068,30.0,0.0065,11.0,8238.0,99.0
2021-01-05 09:39:14.650,0.0068,0.0068,43.0,0.0065,24.0,8238.0,99.0
2021-01-05 09:39:16.721,0.0068,0.0067,13.0,0.0065,11.0,8238.0,99.0
2021-01-05 09:39:17.191,0.0068,0.0068,20.0,0.0065,11.0,8238.0,99.0
2021-01-05 09:39:17.650,0.0068,0.0068,23.0,0.0065,24.0,8238.0,99.0
2021-01-05 09:39:18.221,0.0068,0.0068,43.0,0.0065,24.0,8238.0,99.0
2021-01-05 09:39:19.710,0.0068,0.0068,43.0,0.0065,24.0,8238.0,99.0
2021-01-05 09:39:21.231,0.0068,0.0068,43.0,0.0065,24.0,8238.0,99.0
2021-01-05 09:39:21.671,0.0068,0.0068,43.0,0.0065,24.0,8238.0,99.0
2021-01-05 09:39:22.211,0.0068,0.0068,43.0,0.0065,24.0,8238.0,99.0
2021-01-05 09:39:24.151,0.0068,0.0068,43.0,0.0065,24.0,8238.0,99.0
2021-01-05 09:39:27.711,0.0068,0.0068,43.0,0.0065,24.0,8238.0,99.0
2021-01-05 09:39:30.721,0.0068,0.0067,13.0,0.0065,11.0,8238.0,99.0
2021-01-05 09:39:31.121,0.0068,0.0068,33.0,0.0065,24.0,8238.0,99.0
2021-01-05 09:39:31.701,0.0068,0.0068,43.0,0.0065,24.0,8238.0,99.0
2021-01-05 09:39:32.141,0.0068,0.0068,43.0,0.0065,24.0,8238.0,99.0
2021-01-05 09:39:32.700,0.0068,0.0068,33.0,0.0065,24.0,8238.0,99.0
2021-01-05 09:39:33.180,0.0068,0.0067,10.0,0.0065,24.0,8238.0,99.0
2021-01-05 09:39:34.210,0.0068,0.0068,33.0,0.0065,24.0,8238.0,99.0
2021-01-05 09:39:34.681,0.0068,0.0068,43.0,0.0065,44.0,8238.0,99.0
2021-01-05 09:39:35.701,0.0068,0.0068,43.0,0.0065,44.0,8238.0,99.0
2021-01-05 09:39:40.200,0.0068,0.0068,33.0,0.0065,44.0,8238.0,99.0
2021-01-05 09:39:40.721,0.0068,0.0068,43.0,0.0065,44.0,8238.0,99.0
2021-01-05 09:39:41.750,0.0068,0.0068,13.0,0.0065,44.0,8238.0,99.0
2021-01-05 09:39:42.210,0.0068,0.0068,23.0,0.0065,44.0,8238.0,99.0
2021-01-05 09:39:42.740,0.0068,0.0068,23.0,0.0065,44.0,8238.0,99.0
2021-01-05 09:39:43.660,0.0068,0.0068,23.0,0.0065,44.0,8238.0,99.0
2021-01-05 09:39:44.680,0.0068,0.0068,23.0,0.0065,24.0,8238.0,99.0
2021-01-05 09:39:46.711,0.0068,0.0068,43.0,0.0065,24.0,8238.0,99.0
2021-01-05 09:39:47.250,0.0068,0.0068,33.0,0.0065,24.0,8238.0,99.0
2021-01-05 09:39:47.731,0.0068,0.0068,23.0,0.0065,24.0,8238.0,99.0
2021-01-05 09:39:48.720,0.0068,0.0067,13.0,0.0065,11.0,8238.0,99.0
2021-01-05 09:39:49.241,0.0068,0.0068,13.0,0.0065,24.0,8238.0,99.0
2021-01-05 09:39:49.711,0.0068,0.0068,23.0,0.0065,24.0,8238.0,99.0
2021-01-05 09:39:50.180,0.0068,0.0068,43.0,0.0065,24.0,8238.0,99.0
2021-01-05 09:39:50.710,0.0068,0.0067,13.0,0.0065,11.0,8238.0,99.0
2021-01-05 09:39:51.241,0.0068,0.0067,13.0,0.0065,11.0,8238.0,99.0
2021-01-05 09:39:51.730,0.0068,0.0067,10.0,0.0065,11.0,8238.0,99.0
2021-01-05 09:39:52.251,0.0068,0.0067,30.0,0.0065,24.0,8238.0,99.0
2021-01-05 09:39:52.601,0.0068,0.0068,13.0,0.0065,24.0,8238.0,99.0
2021-01-05 09:39:53.181,0.0068,0.0068,43.0,0.0065,24.0,8238.0,99.0
2021-01-05 09:39:54.191,0.0068,0.0067,13.0,0.0065,11.0,8238.0,99.0
2021-01-05 09:39:54.691,0.0068,0.0067,33.0,0.0065,11.0,8238.0,99.0
2021-01-05 09:39:55.181,0.0068,0.0067,33.0,0.0065,11.0,8238.0,99.0
2021-01-05 09:39:55.640,0.0068,0.0067,20.0,0.0065,24.0,8238.0,99.0
2021-01-05 09:39:56.120,0.0068,0.0067,13.0,0.0065,11.0,8238.0,99.0
2021-01-05 09:39:56.691,0.0068,0.0067,13.0,0.0065,11.0,8238.0,99.0
2021-01-05 09:39:57.580,0.0068,0.0067,13.0,0.0065,11.0,8238.0,99.0
2021-01-05 09:39:59.670,0.0068,0.0068,33.0,0.0065,24.0,8238.0,99.0
2021-01-05 09:39:59.991,0.0068,0.0068,43.0,0.0065,24.0,8238.0,99.0
2021-01-05 09:40:00.631,0.0068,0.0067,13.0,0.0065,11.0,8238.0,99.0
2021-01-05 09:40:01.201,0.0068,0.0067,13.0,0.0065,11.0,8238.0,99.0
2021-01-05 09:40:01.570,0.0068,0.0067,13.0,0.0065,11.0,8238.0,99.0
2021-01-05 09:40:02.141,0.0068,0.0069,20.0,0.0065,11.0,8238.0,99.0
2021-01-05 09:40:02.671,0.0068,0.0068,25.0,0.0065,11.0,8238.0,99.0
2021-01-05 09:40:03.171,0.0068,0.0067,15.0,0.0065,11.0,8238.0,99.0
2021-01-05 09:40:03.691,0.0068,0.0067,15.0,0.0065,11.0,8238.0,99.0
2021-01-05 09:40:04.160,0.0068,0.0068,15.0,0.0065,11.0,8238.0,99.0
2021-01-05 09:40:04.700,0.0068,0.0068,25.0,0.0065,26.0,8238.0,99.0
2021-01-05 09:40:05.170,0.0068,0.0067,15.0,0.0065,11.0,8238.0,99.0
2021-01-05 09:40:05.701,0.0067,0.0067,15.0,0.0065,11.0,8238.0,104.0
2021-01-05 09:40:06.200,0.0067,0.0069,20.0,0.0065,11.0,8238.0,104.0
2021-01-05 09:40:06.701,0.0067,0.0068,45.0,0.0065,11.0,8238.0,104.0
2021-01-05 09:40:07.191,0.0067,0.0067,15.0,0.0065,11.0,8238.0,104.0
2021-01-05 09:40:07.700,0.0067,0.0068,35.0,0.0065,26.0,8238.0,104.0
2021-01-05 09:40:08.200,0.0067,0.0068,45.0,0.0065,26.0,8238.0,104.0
2021-01-05 09:40:09.170,0.0067,0.0067,15.0,0.0065,11.0,8238.0,104.0
2021-01-05 09:40:09.691,0.0067,0.0067,15.0,0.0065,11.0,8238.0,104.0
2021-01-05 09:40:10.150,0.0067,0.0067,15.0,0.0065,11.0,8238.0,104.0
2021-01-05 09:40:10.680,0.0067,0.0068,35.0,0.0065,26.0,8238.0,104.0
2021-01-05 09:40:11.170,0.0067,0.0068,45.0,0.0065,26.0,8238.0,104.0
2021-01-05 09:40:12.190,0.0067,0.0068,45.0,0.0065,26.0,8238.0,104.0
2021-01-05 09:40:13.170,0.0067,0.0068,45.0,0.0065,26.0,8238.0,104.0
2021-01-05 09:40:14.150,0.0067,0.0068,35.0,0.0065,26.0,8238.0,104.0
2021-01-05 09:40:14.701,0.0067,0.0068,45.0,0.0065,26.0,8238.0,104.0
2021-01-05 09:40:15.120,0.0067,0.0068,45.0,0.0065,26.0,8238.0,104.0
2021-01-05 09:40:16.140,0.0067,0.0068,30.0,0.0066,15.0,8238.0,104.0
2021-01-05 09:40:16.610,0.0067,0.0068,20.0,0.0066,15.0,8238.0,104.0
2021-01-05 09:40:17.191,0.0067,0.0067,10.0,0.0066,15.0,8238.0,104.0
2021-01-05 09:40:17.661,0.0067,0.0067,10.0,0.0066,15.0,8238.0,104.0
2021-01-05 09:40:18.161,0.0067,0.0067,10.0,0.0066,15.0,8238.0,104.0
2021-01-05 09:40:18.701,0.0067,0.0067,10.0,0.0066,15.0,8238.0,104.0
2021-01-05 09:40:19.190,0.0067,0.0067,10.0,0.0066,15.0,8238.0,104.0
2021-01-05 09:40:19.711,0.0067,0.0067,10.0,0.0066,15.0,8238.0,104.0
2021-01-05 09:40:20.691,0.0067,0.0068,20.0,0.0066,15.0,8238.0,104.0
2021-01-05 09:40:21.200,0.0067,0.0068,10.0,0.0066,15.0,8238.0,104.0
2021-01-05 09:40:21.701,0.0067,0.0068,30.0,0.0066,15.0,8238.0,104.0
2021-01-05 09:40:22.591,0.0067,0.0068,30.0,0.0066,15.0,8238.0,104.0
2021-01-05 09:40:24.681,0.0067,0.0068,30.0,0.0066,15.0,8238.0,104.0
2021-01-05 09:40:25.570,0.0067,0.0068,45.0,0.0065,26.0,8238.0,104.0
2021-01-05 09:40:26.181,0.0067,0.0068,30.0,0.0066,15.0,8238.0,104.0
2021-01-05 09:40:26.650,0.0067,0.0068,30.0,0.0066,15.0,8238.0,104.0
2021-01-05 09:40:27.140,0.0067,0.0068,45.0,0.0065,36.0,8238.0,104.0
2021-01-05 09:40:27.701,0.0067,0.0068,45.0,0.0065,36.0,8238.0,104.0
2021-01-05 09:40:28.110,0.0067,0.0068,45.0,0.0065,36.0,8238.0,104.0
2021-01-05 09:40:30.150,0.0067,0.0068,45.0,0.0065,36.0,8238.0,104.0
2021-01-05 09:40:30.700,0.0067,0.0068,45.0,0.0065,36.0,8238.0,104.0
2021-01-05 09:40:33.681,0.0067,0.0068,30.0,0.0066,15.0,8238.0,104.0
2021-01-05 09:40:34.171,0.0067,0.0068,30.0,0.0065,21.0,8238.0,104.0
2021-01-05 09:40:34.601,0.0067,0.0068,45.0,0.0065,36.0,8238.0,104.0
2021-01-05 09:40:35.201,0.0067,0.0068,30.0,0.0065,21.0,8238.0,104.0
2021-01-05 09:40:35.681,0.0067,0.0068,45.0,0.0065,36.0,8238.0,104.0
2021-01-05 09:40:38.130,0.0067,0.0068,30.0,0.0066,15.0,8238.0,104.0
2021-01-05 09:40:38.651,0.0067,0.0068,45.0,0.0065,36.0,8238.0,104.0
2021-01-05 09:40:41.191,0.0067,0.0068,30.0,0.0066,15.0,8238.0,104.0
2021-01-05 09:40:42.180,0.0067,0.0068,45.0,0.0065,36.0,8238.0,104.0
2021-01-05 09:40:42.601,0.0067,0.0068,30.0,0.0066,15.0,8238.0,104.0
2021-01-05 09:40:43.191,0.0067,0.0068,30.0,0.0066,15.0,8238.0,104.0
2021-01-05 09:40:43.621,0.0067,0.0068,45.0,0.0065,36.0,8238.0,104.0
2021-01-05 09:40:44.180,0.0067,0.0068,45.0,0.0065,36.0,8238.0,104.0
2021-01-05 09:40:47.611,0.0067,0.0068,30.0,0.0066,15.0,8238.0,104.0
2021-01-05 09:40:48.160,0.0067,0.0068,30.0,0.0066,15.0,8238.0,104.0
2021-01-05 09:40:49.111,0.0067,0.0068,30.0,0.0066,15.0,8238.0,104.0
2021-01-05 09:40:49.640,0.0067,0.0068,30.0,0.0066,15.0,8238.0,104.0
2021-01-05 09:40:50.181,0.0067,0.0068,30.0,0.0066,15.0,8238.0,104.0
2021-01-05 09:40:51.021,0.0067,0.0068,30.0,0.0066,15.0,8238.0,104.0
2021-01-05 09:40:52.181,0.0067,0.0068,30.0,0.0066,15.0,8238.0,104.0
2021-01-05 09:40:52.650,0.0067,0.0068,30.0,0.0066,15.0,8238.0,104.0
2021-01-05 09:40:53.140,0.0067,0.0068,30.0,0.0066,15.0,8238.0,104.0
2021-01-05 09:40:54.141,0.0067,0.0068,30.0,0.0066,15.0,8238.0,104.0
2021-01-05 09:40:55.111,0.0067,0.0068,45.0,0.0065,36.0,8238.0,104.0
2021-01-05 09:40:55.681,0.0067,0.0068,30.0,0.0066,15.0,8238.0,104.0
2021-01-05 09:40:56.121,0.0067,0.0068,30.0,0.0066,15.0,8238.0,104.0
2021-01-05 09:40:56.600,0.0067,0.0068,30.0,0.0066,15.0,8238.0,104.0
2021-01-05 09:40:57.180,0.0067,0.0068,30.0,0.0066,15.0,8238.0,104.0
2021-01-05 09:40:57.710,0.0067,0.0068,30.0,0.0066,15.0,8238.0,104.0
2021-01-05 09:40:58.721,0.0067,0.0068,30.0,0.0066,15.0,8238.0,104.0
2021-01-05 09:41:01.650,0.0067,0.0068,30.0,0.0066,15.0,8238.0,104.0
2021-01-05 09:41:02.190,0.0067,0.0068,30.0,0.0066,15.0,8238.0,104.0
2021-01-05 09:41:03.660,0.0067,0.0068,30.0,0.0066,15.0,8238.0,104.0
2021-01-05 09:41:04.680,0.0067,0.0068,30.0,0.0066,15.0,8238.0,104.0
2021-01-05 09:41:05.220,0.0067,0.0068,30.0,0.0066,15.0,8238.0,104.0
2021-01-05 09:41:05.660,0.0067,0.0068,30.0,0.0065,21.0,8238.0,104.0
2021-01-05 09:41:06.221,0.0067,0.0068,45.0,0.0065,36.0,8238.0,104.0
2021-01-05 09:41:06.710,0.0067,0.0068,30.0,0.0066,15.0,8238.0,104.0
2021-01-05 09:41:07.100,0.0067,0.0068,30.0,0.0066,15.0,8238.0,104.0
2021-01-05 09:41:07.631,0.0067,0.0068,30.0,0.0066,15.0,8238.0,104.0
2021-01-05 09:41:08.201,0.0067,0.0068,30.0,0.0066,15.0,8238.0,104.0
2021-01-05 09:41:09.661,0.0067,0.0068,45.0,0.0065,36.0,8238.0,104.0
2021-01-05 09:41:11.210,0.0067,0.0068,30.0,0.0066,15.0,8238.0,104.0
2021-01-05 09:41:11.711,0.0067,0.0068,30.0,0.0065,21.0,8238.0,104.0
2021-01-05 09:41:12.151,0.0067,0.0068,45.0,0.0065,36.0,8238.0,104.0
2021-01-05 09:41:13.161,0.0067,0.0068,30.0,0.0066,15.0,8238.0,104.0
2021-01-05 09:41:13.711,0.0067,0.0068,30.0,0.0066,15.0,8238.0,104.0
2021-01-05 09:41:14.160,0.0067,0.0068,45.0,0.0065,36.0,8238.0,104.0
2021-01-05 09:41:14.671,0.0067,0.0068,10.0,0.0066,15.0,8238.0,104.0
2021-01-05 09:41:15.601,0.0067,0.0068,25.0,0.0065,36.0,8238.0,104.0
2021-01-05 09:41:16.210,0.0067,0.0068,10.0,0.0066,15.0,8238.0,104.0
2021-01-05 09:41:16.500,0.0067,0.0068,25.0,0.0065,36.0,8238.0,104.0
2021-01-05 09:41:17.670,0.0067,0.0068,10.0,0.0066,15.0,8238.0,104.0
2021-01-05 09:41:18.600,0.0067,0.0068,25.0,0.0065,36.0,8238.0,104.0
2021-01-05 09:41:20.070,0.0067,0.0068,10.0,0.0066,15.0,8238.0,104.0
2021-01-05 09:41:20.721,0.0067,0.0068,25.0,0.0065,36.0,8238.0,104.0
2021-01-05 09:41:22.190,0.0067,0.0068,10.0,0.0066,15.0,8238.0,104.0
2021-01-05 09:41:22.700,0.0067,0.0068,10.0,0.0066,15.0,8238.0,104.0
2021-01-05 09:41:23.061,0.0067,0.0068,10.0,0.0066,15.0,8238.0,104.0
2021-01-05 09:41:24.651,0.0067,0.0068,45.0,0.0065,36.0,8238.0,104.0
2021-01-05 09:41:25.641,0.0067,0.0068,45.0,0.0065,36.0,8238.0,104.0
2021-01-05 09:41:28.171,0.0067,0.0068,45.0,0.0065,36.0,8238.0,104.0
2021-01-05 09:41:29.690,0.0067,0.0068,30.0,0.0066,15.0,8238.0,104.0
2021-01-05 09:41:30.180,0.0067,0.0068,45.0,0.0065,36.0,8238.0,104.0
2021-01-05 09:41:31.181,0.0067,0.0068,30.0,0.0066,15.0,8238.0,104.0
2021-01-05 09:41:31.700,0.0067,0.0068,45.0,0.0065,36.0,8238.0,104.0
2021-01-05 09:41:32.670,0.0067,0.0068,30.0,0.0066,15.0,8238.0,104.0
2021-01-05 09:41:33.171,0.0067,0.0068,45.0,0.0065,36.0,8238.0,104.0
2021-01-05 09:41:37.711,0.0067,0.0068,45.0,0.0065,36.0,8238.0,104.0
2021-01-05 09:41:38.220,0.0067,0.0068,30.0,0.0066,15.0,8238.0,104.0
2021-01-05 09:41:38.710,0.0067,0.0068,30.0,0.0066,15.0,8238.0,104.0
2021-01-05 09:41:39.221,0.0067,0.0067,10.0,0.0066,15.0,8238.0,104.0
2021-01-05 09:41:39.521,0.0067,0.0067,10.0,0.0066,15.0,8238.0,104.0
2021-01-05 09:41:41.130,0.0067,0.0067,10.0,0.0066,15.0,8238.0,104.0
2021-01-05 09:41:42.700,0.0067,0.0067,10.0,0.0066,15.0,8238.0,104.0
2021-01-05 09:41:43.080,0.0067,0.0067,10.0,0.0066,15.0,8238.0,104.0
2021-01-05 09:41:43.720,0.0067,0.0067,10.0,0.0066,15.0,8238.0,104.0
2021-01-05 09:41:45.190,0.0067,0.0067,10.0,0.0066,15.0,8238.0,104.0
2021-01-05 09:41:45.701,0.0067,0.0067,10.0,0.0066,15.0,8238.0,104.0
2021-01-05 09:41:46.241,0.0067,0.0067,10.0,0.0066,15.0,8238.0,104.0
2021-01-05 09:41:46.661,0.0067,0.0067,10.0,0.0066,15.0,8238.0,104.0
2021-01-05 09:41:47.201,0.0067,0.0067,10.0,0.0066,15.0,8238.0,104.0
2021-01-05 09:41:47.741,0.0067,0.0067,10.0,0.0066,15.0,8238.0,104.0
2021-01-05 09:41:48.181,0.0067,0.0067,30.0,0.0066,15.0,8238.0,104.0
2021-01-05 09:41:48.740,0.0067,0.0067,30.0,0.0066,15.0,8238.0,104.0
2021-01-05 09:41:49.191,0.0067,0.0067,10.0,0.0066,16.0,8238.0,104.0
2021-01-05 09:41:49.750,0.0067,0.0067,15.0,0.0066,1.0,8238.0,119.0
2021-01-05 09:41:50.231,0.0067,0.0069,15.0,0.0066,16.0,8238.0,119.0
2021-01-05 09:41:50.751,0.0067,0.0069,15.0,0.0066,1.0,8238.0,119.0
2021-01-05 09:41:51.251,0.0067,0.0069,45.0,0.0066,16.0,8238.0,119.0
2021-01-05 09:41:51.760,0.0067,0.0069,25.0,0.0066,26.0,8238.0,119.0
2021-01-05 09:41:52.261,0.0067,0.0069,45.0,0.0066,26.0,8238.0,119.0
2021-01-05 09:41:52.690,0.0067,0.0069,45.0,0.0066,26.0,8238.0,119.0
2021-01-05 09:41:53.201,0.0067,0.0069,30.0,0.0066,11.0,8238.0,119.0
2021-01-05 09:41:54.161,0.0067,0.0068,15.0,0.0066,11.0,8238.0,119.0
2021-01-05 09:41:54.670,0.0067,0.0068,35.0,0.0066,11.0,8238.0,119.0
2021-01-05 09:41:54.880,0.0067,0.0068,35.0,0.0066,11.0,8238.0,119.0
2021-01-05 09:41:57.110,0.0067,0.0068,35.0,0.0066,11.0,8238.0,119.0
2021-01-05 09:41:57.640,0.0067,0.0068,15.0,0.0066,11.0,8238.0,119.0
2021-01-05 09:41:58.660,0.0067,0.0068,15.0,0.0066,11.0,8238.0,119.0
2021-01-05 09:41:58.971,0.0067,0.0068,15.0,0.0066,11.0,8238.0,119.0
2021-01-05 09:41:59.700,0.0067,0.0068,15.0,0.0066,1.0,8238.0,119.0
2021-01-05 09:42:00.151,0.0067,0.0068,25.0,0.0066,1.0,8238.0,119.0
2021-01-05 09:42:00.701,0.0067,0.0068,45.0,0.0066,1.0,8238.0,119.0
2021-01-05 09:42:03.161,0.0067,0.0068,30.0,0.0066,16.0,8238.0,119.0
2021-01-05 09:42:04.110,0.0067,0.0068,10.0,0.0066,16.0,8238.0,119.0
2021-01-05 09:42:05.211,0.0067,0.0068,30.0,0.0066,16.0,8238.0,119.0
2021-01-05 09:42:06.181,0.0067,0.0068,30.0,0.0066,1.0,8238.0,119.0
2021-01-05 09:42:06.690,0.0067,0.0068,25.0,0.0066,1.0,8238.0,119.0
2021-01-05 09:42:07.691,0.0067,0.0068,45.0,0.0066,1.0,8238.0,119.0
2021-01-05 09:42:11.211,0.0067,0.0068,45.0,0.0066,1.0,8238.0,119.0
2021-01-05 09:42:12.210,0.0067,0.0068,45.0,0.0066,1.0,8238.0,119.0
2021-01-05 09:42:13.731,0.0067,0.0068,45.0,0.0066,1.0,8238.0,119.0
2021-01-05 09:42:17.241,0.0067,0.0068,30.0,0.0066,16.0,8238.0,119.0
2021-01-05 09:42:17.681,0.0067,0.0068,45.0,0.0066,1.0,8238.0,119.0
2021-01-05 09:42:18.100,0.0067,0.0068,30.0,0.0066,16.0,8238.0,119.0
2021-01-05 09:42:19.210,0.0067,0.0068,35.0,0.0066,1.0,8238.0,119.0
2021-01-05 09:42:19.721,0.0067,0.0068,35.0,0.0066,1.0,8238.0,119.0
2021-01-05 09:42:20.150,0.0067,0.0068,15.0,0.0066,1.0,8238.0,119.0
2021-01-05 09:42:20.751,0.0067,0.0068,45.0,0.0066,1.0,8238.0,119.0
2021-01-05 09:42:21.231,0.0067,0.0068,10.0,0.0066,1.0,8238.0,119.0
2021-01-05 09:42:21.621,0.0067,0.0069,35.0,0.0066,16.0,8238.0,119.0
2021-01-05 09:42:22.221,0.0067,0.0068,35.0,0.0066,1.0,8238.0,119.0
2021-01-05 09:42:22.570,0.0067,0.0068,15.0,0.0066,1.0,8238.0,119.0
2021-01-05 09:42:22.981,0.0067,0.0068,45.0,0.0066,1.0,8238.0,119.0
2021-01-05 09:42:23.631,0.0067,0.0068,35.0,0.0066,1.0,8238.0,119.0
2021-01-05 09:42:24.151,0.0067,0.0068,35.0,0.0066,1.0,8238.0,119.0
2021-01-05 09:42:28.641,0.0067,0.0068,35.0,0.0066,1.0,8238.0,119.0
2021-01-05 09:42:29.720,0.0067,0.0068,35.0,0.0066,1.0,8238.0,119.0
2021-01-05 09:42:30.470,0.0067,0.0068,20.0,0.0066,16.0,8238.0,119.0
2021-01-05 09:42:31.200,0.0067,0.0069,35.0,0.0066,16.0,8238.0,119.0
2021-01-05 09:42:31.720,0.0067,0.0069,45.0,0.0066,16.0,8238.0,119.0
2021-01-05 09:42:32.721,0.0067,0.0069,45.0,0.0066,16.0,8238.0,119.0
2021-01-05 09:42:34.731,0.0067,0.0069,45.0,0.0066,16.0,8238.0,119.0
2021-01-05 09:42:43.741,0.0067,0.0069,45.0,0.0066,16.0,8238.0,119.0
2021-01-05 09:42:44.211,0.0067,0.0068,15.0,0.0066,11.0,8238.0,119.0
2021-01-05 09:42:44.751,0.0067,0.0069,35.0,0.0066,26.0,8238.0,119.0
2021-01-05 09:42:45.191,0.0067,0.0069,45.0,0.0066,26.0,8238.0,119.0
2021-01-05 09:42:47.690,0.0067,0.0068,15.0,0.0066,11.0,8238.0,119.0
2021-01-05 09:42:48.171,0.0067,0.0068,15.0,0.0066,11.0,8238.0,119.0
2021-01-05 09:42:48.720,0.0067,0.0069,35.0,0.0066,26.0,8238.0,119.0
2021-01-05 09:42:49.110,0.0067,0.0068,15.0,0.0066,11.0,8238.0,119.0
2021-01-05 09:42:50.261,0.0067,0.0069,35.0,0.0066,26.0,8238.0,119.0
2021-01-05 09:42:50.720,0.0067,0.0069,45.0,0.0066,26.0,8238.0,119.0
2021-01-05 09:42:52.251,0.0067,0.0069,45.0,0.0066,26.0,8238.0,119.0
2021-01-05 09:42:53.621,0.0067,0.0069,45.0,0.0066,26.0,8238.0,119.0
2021-01-05 09:42:55.701,0.0067,0.0068,15.0,0.0066,11.0,8238.0,119.0
2021-01-05 09:42:56.191,0.0067,0.0068,15.0,0.0066,11.0,8238.0,119.0
2021-01-05 09:42:56.631,0.0067,0.0068,15.0,0.0066,11.0,8238.0,119.0
2021-01-05 09:42:58.731,0.0067,0.0068,15.0,0.0066,11.0,8238.0,119.0
2021-01-05 09:42:59.230,0.0067,0.0068,15.0,0.0066,1.0,8238.0,119.0
2021-01-05 09:42:59.730,0.0067,0.0068,15.0,0.0066,11.0,8238.0,119.0
2021-01-05 09:43:00.200,0.0067,0.0068,15.0,0.0066,11.0,8238.0,119.0
2021-01-05 09:43:01.211,0.0067,0.0068,15.0,0.0066,11.0,8238.0,119.0
2021-01-05 09:43:02.150,0.0067,0.0068,15.0,0.0066,11.0,8238.0,119.0
2021-01-05 09:43:03.241,0.0067,0.0069,20.0,0.0066,11.0,8238.0,119.0
2021-01-05 09:43:03.701,0.0067,0.0069,45.0,0.0066,26.0,8238.0,119.0
2021-01-05 09:43:04.740,0.0067,0.0069,25.0,0.0066,26.0,8238.0,119.0
2021-01-05 09:43:05.251,0.0067,0.0068,15.0,0.0066,11.0,8238.0,119.0
2021-01-05 09:43:05.681,0.0067,0.0069,15.0,0.0066,11.0,8238.0,119.0
2021-01-05 09:43:08.200,0.0067,0.0069,15.0,0.0066,26.0,8238.0,119.0
2021-01-05 09:43:08.701,0.0067,0.0069,15.0,0.0066,11.0,8238.0,119.0
2021-01-05 09:43:10.150,0.0067,0.0069,15.0,0.0066,11.0,8238.0,119.0
2021-01-05 09:43:10.761,0.0067,0.0069,25.0,0.0066,11.0,8238.0,119.0
2021-01-05 09:43:11.250,0.0067,0.0068,15.0,0.0066,11.0,8238.0,119.0
2021-01-05 09:43:11.750,0.0067,0.0068,15.0,0.0066,11.0,8238.0,119.0
2021-01-05 09:43:12.171,0.0067,0.0069,15.0,0.0066,11.0,8238.0,119.0
2021-01-05 09:43:12.730,0.0067,0.0069,25.0,0.0066,11.0,8238.0,119.0
2021-01-05 09:43:13.210,0.0067,0.0068,15.0,0.0066,11.0,8238.0,119.0
2021-01-05 09:43:13.740,0.0067,0.0068,15.0,0.0066,11.0,8238.0,119.0
2021-01-05 09:43:14.270,0.0067,0.0069,15.0,0.0066,11.0,8238.0,119.0
2021-01-05 09:43:14.770,0.0067,0.0069,25.0,0.0066,11.0,8238.0,119.0
2021-01-05 09:43:15.241,0.0067,0.0068,15.0,0.0066,11.0,8238.0,119.0
2021-01-05 09:43:15.771,0.0067,0.0068,15.0,0.0066,11.0,8238.0,119.0
2021-01-05 09:43:16.270,0.0067,0.0069,15.0,0.0066,11.0,8238.0,119.0
2021-01-05 09:43:16.720,0.0067,0.0069,25.0,0.0066,11.0,8238.0,119.0
2021-01-05 09:43:17.271,0.0067,0.0068,15.0,0.0066,11.0,8238.0,119.0
2021-01-05 09:43:17.771,0.0067,0.0068,15.0,0.0066,11.0,8238.0,119.0
2021-01-05 09:43:18.270,0.0067,0.0069,15.0,0.0066,11.0,8238.0,119.0
2021-01-05 09:43:18.741,0.0067,0.0069,25.0,0.0066,11.0,8238.0,119.0
2021-01-05 09:43:19.261,0.0067,0.0068,15.0,0.0066,11.0,8238.0,119.0
2021-01-05 09:43:19.761,0.0067,0.0068,15.0,0.0066,11.0,8238.0,119.0
2021-01-05 09:43:20.281,0.0067,0.0069,15.0,0.0066,11.0,8238.0,119.0
2021-01-05 09:43:20.731,0.0067,0.0069,25.0,0.0066,46.0,8238.0,119.0
2021-01-05 09:43:21.271,0.0067,0.0069,10.0,0.0066,11.0,8238.0,119.0
2021-01-05 09:43:21.701,0.0067,0.0068,15.0,0.0066,11.0,8238.0,119.0
2021-01-05 09:43:22.281,0.0067,0.0068,15.0,0.0066,11.0,8238.0,119.0
2021-01-05 09:43:22.671,0.0067,0.0069,15.0,0.0066,11.0,8238.0,119.0
2021-01-05 09:43:23.201,0.0067,0.0069,25.0,0.0066,11.0,8238.0,119.0
2021-01-05 09:43:23.651,0.0067,0.0068,15.0,0.0066,11.0,8238.0,119.0
2021-01-05 09:43:24.120,0.0067,0.0068,15.0,0.0066,11.0,8238.0,119.0
2021-01-05 09:43:24.661,0.0067,0.0069,15.0,0.0066,11.0,8238.0,119.0
2021-01-05 09:43:25.201,0.0067,0.0069,25.0,0.0066,11.0,8238.0,119.0
2021-01-05 09:43:25.701,0.0067,0.0068,15.0,0.0066,11.0,8238.0,119.0
2021-01-05 09:43:26.181,0.0067,0.0068,15.0,0.0066,1.0,8238.0,119.0
2021-01-05 09:43:26.621,0.0067,0.0069,15.0,0.0066,1.0,8238.0,119.0
2021-01-05 09:43:27.190,0.0067,0.0069,25.0,0.0066,1.0,8238.0,119.0
2021-01-05 09:43:27.591,0.0067,0.0069,25.0,0.0066,16.0,8238.0,119.0
2021-01-05 09:43:28.091,0.0067,0.0068,15.0,0.0066,11.0,8238.0,119.0
2021-01-05 09:43:28.650,0.0067,0.0069,15.0,0.0066,26.0,8238.0,119.0
2021-01-05 09:43:29.080,0.0067,0.0069,25.0,0.0066,16.0,8238.0,119.0
2021-01-05 09:43:29.660,0.0067,0.0069,25.0,0.0066,16.0,8238.0,119.0
2021-01-05 09:43:34.221,0.0067,0.0068,15.0,0.0066,1.0,8238.0,119.0
2021-01-05 09:43:34.661,0.0067,0.0069,15.0,0.0066,16.0,8238.0,119.0
2021-01-05 09:43:35.160,0.0067,0.0069,25.0,0.0066,16.0,8238.0,119.0
2021-01-05 09:43:37.631,0.0067,0.0068,15.0,0.0066,1.0,8238.0,119.0
2021-01-05 09:43:38.221,0.0067,0.0068,15.0,0.0066,1.0,8238.0,119.0
2021-01-05 09:43:39.241,0.0067,0.0069,25.0,0.0066,1.0,8238.0,119.0
2021-01-05 09:43:39.700,0.0067,0.0069,25.0,0.0066,16.0,8238.0,119.0
2021-01-05 09:43:40.230,0.0067,0.0069,25.0,0.0066,16.0,8238.0,119.0
2021-01-05 09:43:40.731,0.0067,0.0069,25.0,0.0066,26.0,8238.0,119.0
2021-01-05 09:43:41.730,0.0067,0.0069,25.0,0.0066,16.0,8238.0,119.0
2021-01-05 09:43:44.670,0.0066,0.0066,14.0,0.0065,31.0,8223.0,135.0
2021-01-05 09:43:44.760,0.0066,0.007,30.0,0.0065,41.0,8209.0,149.0
2021-01-05 09:43:45.630,0.0066,0.0069,25.0,0.0065,31.0,8209.0,149.0
2021-01-05 09:43:46.151,0.0066,0.0068,15.0,0.0065,46.0,8209.0,149.0
2021-01-05 09:43:46.710,0.0066,0.0069,15.0,0.0066,10.0,8209.0,149.0
2021-01-05 09:43:47.250,0.0066,0.0069,25.0,0.0066,10.0,8209.0,149.0
2021-01-05 09:43:47.661,0.0066,0.0068,15.0,0.0066,10.0,8209.0,149.0
2021-01-05 09:43:48.220,0.0066,0.0068,15.0,0.0066,10.0,8209.0,149.0
2021-01-05 09:43:48.721,0.0066,0.007,30.0,0.0066,10.0,8209.0,149.0
2021-01-05 09:43:49.061,0.0066,0.0068,15.0,0.0066,10.0,8209.0,149.0
2021-01-05 09:43:49.511,0.0066,0.0068,15.0,0.0066,30.0,8209.0,149.0
2021-01-05 09:43:50.110,0.0066,0.0069,15.0,0.0066,10.0,8209.0,149.0
2021-01-05 09:43:50.650,0.0066,0.0069,25.0,0.0066,45.0,8209.0,149.0
2021-01-05 09:43:51.221,0.0066,0.0069,25.0,0.0066,45.0,8209.0,149.0
2021-01-05 09:43:51.660,0.0066,0.0068,15.0,0.0066,30.0,8209.0,149.0
2021-01-05 09:43:52.200,0.0066,0.0068,15.0,0.0066,30.0,8209.0,149.0
2021-01-05 09:43:52.681,0.0066,0.0069,15.0,0.0066,45.0,8209.0,149.0
2021-01-05 09:43:53.201,0.0066,0.0069,10.0,0.0066,30.0,8209.0,149.0
2021-01-05 09:43:53.610,0.0066,0.0069,25.0,0.0066,45.0,8209.0,149.0
2021-01-05 09:43:58.190,0.0066,0.0069,25.0,0.0066,45.0,8209.0,149.0
2021-01-05 09:43:59.170,0.0066,0.0068,15.0,0.0066,30.0,8209.0,149.0
2021-01-05 09:44:00.131,0.0066,0.0069,25.0,0.0066,45.0,8209.0,149.0
2021-01-05 09:44:04.230,0.0066,0.0069,10.0,0.0067,15.0,8209.0,149.0
2021-01-05 09:44:04.751,0.0066,0.0069,10.0,0.0067,15.0,8209.0,149.0
2021-01-05 09:44:05.260,0.0066,0.0069,10.0,0.0067,15.0,8209.0,149.0
2021-01-05 09:44:07.281,0.0066,0.0069,25.0,0.0066,35.0,8209.0,149.0
2021-01-05 09:44:07.750,0.0066,0.0069,25.0,0.0066,45.0,8209.0,149.0
2021-01-05 09:44:08.760,0.0066,0.0069,25.0,0.0066,45.0,8209.0,149.0
2021-01-05 09:44:09.150,0.0066,0.0069,25.0,0.0066,45.0,8209.0,149.0
2021-01-05 09:44:11.770,0.0066,0.0069,10.0,0.0066,30.0,8209.0,149.0
2021-01-05 09:44:12.270,0.0066,0.0069,10.0,0.0066,45.0,8209.0,149.0
2021-01-05 09:44:12.760,0.0066,0.0069,25.0,0.0066,45.0,8209.0,149.0
2021-01-05 09:44:14.260,0.0066,0.0069,10.0,0.0067,15.0,8209.0,149.0
2021-01-05 09:44:15.280,0.0066,0.0071,40.0,0.0066,20.0,8209.0,149.0
2021-01-05 09:44:15.780,0.0066,0.0071,30.0,0.0066,10.0,8209.0,149.0
2021-01-05 09:44:16.281,0.0066,0.007,15.0,0.0067,15.0,8209.0,149.0
2021-01-05 09:44:16.781,0.0066,0.007,15.0,0.0067,15.0,8209.0,149.0
2021-01-05 09:44:17.280,0.0066,0.0069,10.0,0.0067,15.0,8209.0,149.0
2021-01-05 09:44:17.770,0.0066,0.0069,25.0,0.0066,45.0,8209.0,149.0
2021-01-05 09:44:18.231,0.0066,0.0069,10.0,0.0066,30.0,8209.0,149.0
2021-01-05 09:44:18.780,0.0066,0.0069,25.0,0.0066,45.0,8209.0,149.0
2021-01-05 09:44:19.261,0.0066,0.0069,25.0,0.0066,45.0,8209.0,149.0
2021-01-05 09:44:19.801,0.0066,0.0069,25.0,0.0066,45.0,8209.0,149.0
2021-01-05 09:44:22.250,0.0066,0.0069,10.0,0.0066,30.0,8209.0,149.0
2021-01-05 09:44:22.661,0.0066,0.0069,10.0,0.0067,15.0,8209.0,149.0
2021-01-05 09:44:25.120,0.0066,0.0069,10.0,0.0066,30.0,8209.0,149.0
2021-01-05 09:44:25.660,0.0066,0.0069,25.0,0.0066,45.0,8209.0,149.0
2021-01-05 09:44:37.751,0.0066,0.0069,10.0,0.0066,30.0,8209.0,149.0
2021-01-05 09:44:38.201,0.0066,0.0069,25.0,0.0066,45.0,8209.0,149.0
2021-01-05 09:44:39.661,0.0066,0.0069,10.0,0.0067,15.0,8209.0,149.0
2021-01-05 09:44:40.250,0.0066,0.0069,10.0,0.0066,30.0,8209.0,149.0
2021-01-05 09:44:40.740,0.0066,0.0069,10.0,0.0066,45.0,8209.0,149.0
2021-01-05 09:44:41.251,0.0066,0.0069,10.0,0.0066,45.0,8209.0,149.0
2021-01-05 09:44:41.730,0.0066,0.0069,25.0,0.0066,45.0,8209.0,149.0
2021-01-05 09:44:45.760,0.0066,0.0069,25.0,0.0066,45.0,8209.0,149.0
2021-01-05 09:44:46.271,0.0066,0.0069,25.0,0.0066,45.0,8209.0,149.0
2021-01-05 09:44:46.771,0.0066,0.0069,10.0,0.0067,15.0,8209.0,149.0
2021-01-05 09:44:47.251,0.0066,0.0069,10.0,0.0067,15.0,8209.0,149.0
2021-01-05 09:44:47.770,0.0066,0.0069,10.0,0.0067,15.0,8209.0,149.0
2021-01-05 09:44:48.281,0.0066,0.007,20.0,0.0067,15.0,8209.0,149.0
2021-01-05 09:44:48.780,0.0066,0.007,10.0,0.0067,25.0,8209.0,149.0
2021-01-05 09:44:49.270,0.0066,0.007,25.0,0.0067,25.0,8209.0,149.0
2021-01-05 09:44:49.800,0.0066,0.007,45.0,0.0067,25.0,8209.0,149.0
2021-01-05 09:44:50.300,0.0066,0.007,30.0,0.0067,10.0,8209.0,149.0
2021-01-05 09:44:50.811,0.0066,0.0069,15.0,0.0067,10.0,8209.0,149.0
2021-01-05 09:44:51.231,0.0066,0.007,20.0,0.0067,10.0,8209.0,149.0
2021-01-05 09:44:51.650,0.0066,0.0069,15.0,0.0067,10.0,8209.0,149.0
2021-01-05 09:44:53.201,0.0066,0.007,15.0,0.0067,25.0,8209.0,149.0
2021-01-05 09:44:53.621,0.0066,0.007,45.0,0.0067,25.0,8209.0,149.0
2021-01-05 09:44:54.201,0.0066,0.007,25.0,0.0067,25.0,8209.0,149.0
2021-01-05 09:44:54.551,0.0066,0.007,45.0,0.0067,15.0,8209.0,149.0
2021-01-05 09:44:54.970,0.0066,0.007,25.0,0.0067,25.0,8209.0,149.0
2021-01-05 09:44:56.220,0.0066,0.0069,15.0,0.0066,35.0,8209.0,149.0
2021-01-05 09:44:56.720,0.0066,0.0071,45.0,0.0067,15.0,8209.0,149.0
2021-01-05 09:44:57.160,0.0066,0.007,15.0,0.0067,15.0,8209.0,149.0
2021-01-05 09:44:57.431,0.0066,0.007,25.0,0.0066,30.0,8209.0,149.0
2021-01-05 09:44:58.120,0.0066,0.007,25.0,0.0067,15.0,8209.0,149.0
2021-01-05 09:44:58.720,0.0066,0.0069,15.0,0.0067,10.0,8209.0,149.0
2021-01-05 09:44:59.190,0.0066,0.0069,15.0,0.0067,10.0,8209.0,149.0
2021-01-05 09:44:59.711,0.0066,0.007,15.0,0.0067,10.0,8209.0,149.0
2021-01-05 09:45:00.061,0.0066,0.007,25.0,0.0067,25.0,8209.0,149.0
2021-01-05 09:45:01.680,0.0066,0.007,10.0,0.0068,15.0,8209.0,149.0
2021-01-05 09:45:02.061,0.0066,0.007,10.0,0.0068,15.0,8209.0,149.0
2021-01-05 09:45:02.710,0.0066,0.007,10.0,0.0068,15.0,8209.0,149.0
2021-01-05 09:45:03.680,0.0066,0.007,25.0,0.0067,25.0,8209.0,149.0
2021-01-05 09:45:04.191,0.0066,0.007,25.0,0.0067,25.0,8209.0,149.0
2021-01-05 09:45:04.700,0.0066,0.0069,15.0,0.0067,10.0,8209.0,149.0
2021-01-05 09:45:05.221,0.0066,0.007,15.0,0.0067,25.0,8209.0,149.0
2021-01-05 09:45:05.720,0.0066,0.007,25.0,0.0067,45.0,8209.0,149.0
2021-01-05 09:45:06.721,0.0066,0.007,25.0,0.0067,45.0,8209.0,149.0
2021-01-05 09:45:07.130,0.0066,0.007,25.0,0.0067,25.0,8209.0,149.0
2021-01-05 09:45:07.720,0.0066,0.007,25.0,0.0067,25.0,8209.0,149.0
2021-01-05 09:45:08.700,0.0066,0.007,10.0,0.0068,15.0,8209.0,149.0
2021-01-05 09:45:09.720,0.0066,0.007,25.0,0.0067,25.0,8209.0,149.0
2021-01-05 09:45:10.200,0.0066,0.007,25.0,0.0067,25.0,8209.0,149.0
2021-01-05 09:45:10.700,0.0066,0.007,25.0,0.0067,25.0,8209.0,149.0
2021-01-05 09:45:11.720,0.0066,0.007,10.0,0.0068,15.0,8209.0,149.0
2021-01-05 09:45:12.150,0.0066,0.007,10.0,0.0067,10.0,8209.0,149.0
2021-01-05 09:45:12.701,0.0066,0.007,10.0,0.0067,25.0,8209.0,149.0
2021-01-05 09:45:13.220,0.0066,0.007,25.0,0.0067,25.0,8209.0,149.0
2021-01-05 09:45:14.181,0.0066,0.007,25.0,0.0067,25.0,8209.0,149.0
2021-01-05 09:45:15.230,0.0066,0.007,10.0,0.0067,15.0,8209.0,149.0
2021-01-05 09:45:15.721,0.0066,0.007,25.0,0.0067,15.0,8209.0,149.0
2021-01-05 09:45:16.230,0.0066,0.007,10.0,0.0067,25.0,8209.0,149.0
2021-01-05 09:45:16.741,0.0066,0.007,25.0,0.0067,25.0,8209.0,149.0
2021-01-05 09:45:18.691,0.0066,0.007,25.0,0.0067,45.0,8209.0,149.0
2021-01-05 09:45:19.191,0.0066,0.007,25.0,0.0067,35.0,8209.0,149.0
2021-01-05 09:45:19.731,0.0066,0.007,25.0,0.0067,35.0,8209.0,149.0
2021-01-05 09:45:20.240,0.0066,0.007,25.0,0.0067,35.0,8209.0,149.0
2021-01-05 09:45:20.741,0.0066,0.007,15.0,0.0067,35.0,8209.0,149.0
2021-01-05 09:45:21.191,0.0066,0.007,25.0,0.0067,35.0,8209.0,149.0
2021-01-05 09:45:21.731,0.0066,0.007,25.0,0.0067,35.0,8209.0,149.0
2021-01-05 09:45:22.710,0.0066,0.007,15.0,0.0067,35.0,8209.0,149.0
2021-01-05 09:45:23.160,0.0066,0.0069,10.0,0.0067,35.0,8209.0,149.0
2021-01-05 09:45:23.671,0.0066,0.007,15.0,0.0067,35.0,8209.0,149.0
2021-01-05 09:45:24.201,0.0066,0.0069,10.0,0.0067,35.0,8209.0,149.0
2021-01-05 09:45:24.701,0.0066,0.0069,10.0,0.0067,15.0,8209.0,149.0
2021-01-05 09:45:25.131,0.0066,0.0069,25.0,0.0066,35.0,8209.0,149.0
2021-01-05 09:45:25.661,0.0066,0.0069,25.0,0.0067,20.0,8209.0,149.0
2021-01-05 09:45:26.220,0.0066,0.0069,25.0,0.0066,45.0,8209.0,149.0
2021-01-05 09:45:27.211,0.0066,0.0069,25.0,0.0066,45.0,8209.0,149.0
2021-01-05 09:45:28.700,0.0066,0.0069,25.0,0.0066,45.0,8209.0,149.0
2021-01-05 09:45:31.701,0.0066,0.0069,10.0,0.0067,15.0,8209.0,149.0
2021-01-05 09:45:32.160,0.0066,0.0069,25.0,0.0067,20.0,8209.0,149.0
2021-01-05 09:45:32.690,0.0066,0.0069,10.0,0.0067,35.0,8209.0,149.0
2021-01-05 09:45:33.180,0.0066,0.0069,10.0,0.0067,15.0,8209.0,149.0
2021-01-05 09:45:33.670,0.0066,0.0069,10.0,0.0067,35.0,8209.0,149.0
2021-01-05 09:45:35.190,0.0066,0.007,15.0,0.0067,35.0,8209.0,149.0
2021-01-05 09:45:35.701,0.0066,0.007,25.0,0.0067,45.0,8209.0,149.0
2021-01-05 09:45:36.730,0.0066,0.007,10.0,0.0067,30.0,8209.0,149.0
2021-01-05 09:45:37.241,0.0066,0.007,25.0,0.0067,10.0,8209.0,149.0
2021-01-05 09:45:37.731,0.0066,0.007,25.0,0.0067,25.0,8209.0,149.0
2021-01-05 09:45:38.721,0.0066,0.0069,15.0,0.0067,10.0,8209.0,149.0
2021-01-05 09:45:39.210,0.0066,0.0069,15.0,0.0067,30.0,8209.0,149.0
2021-01-05 09:45:39.700,0.0066,0.007,15.0,0.0066,20.0,8209.0,149.0
2021-01-05 09:45:40.240,0.0066,0.007,25.0,0.0067,20.0,8209.0,149.0
2021-01-05 09:45:40.730,0.0066,0.007,25.0,0.0067,15.0,8209.0,149.0
2021-01-05 09:45:41.220,0.0066,0.007,10.0,0.0067,15.0,8209.0,149.0
2021-01-05 09:45:41.700,0.0066,0.007,25.0,0.0067,35.0,8209.0,149.0
2021-01-05 09:45:42.240,0.0066,0.007,25.0,0.0067,15.0,8209.0,149.0
2021-01-05 09:45:42.711,0.0066,0.007,25.0,0.0067,35.0,8209.0,149.0
2021-01-05 09:45:43.041,0.0066,0.0069,15.0,0.0066,45.0,8209.0,149.0
2021-01-05 09:45:43.731,0.0066,0.0069,15.0,0.0066,45.0,8209.0,149.0
2021-01-05 09:45:44.201,0.0066,0.0071,30.0,0.0066,30.0,8209.0,149.0
2021-01-05 09:45:44.691,0.0066,0.0068,15.0,0.0066,30.0,8209.0,149.0
2021-01-05 09:45:45.220,0.0066,0.007,15.0,0.0066,30.0,8209.0,149.0
2021-01-05 09:45:45.681,0.0066,0.007,25.0,0.0066,30.0,8209.0,149.0
2021-01-05 09:45:46.240,0.0066,0.0069,15.0,0.0066,45.0,8209.0,149.0
2021-01-05 09:45:46.751,0.0066,0.0069,15.0,0.0066,45.0,8209.0,149.0
2021-01-05 09:45:47.241,0.0066,0.007,15.0,0.0066,45.0,8209.0,149.0
2021-01-05 09:45:48.201,0.0066,0.0069,15.0,0.0066,45.0,8209.0,149.0
2021-01-05 09:45:48.741,0.0066,0.0069,15.0,0.0066,45.0,8209.0,149.0
2021-01-05 09:45:49.221,0.0066,0.0071,30.0,0.0066,30.0,8209.0,149.0
2021-01-05 09:45:50.251,0.0066,0.007,25.0,0.0066,30.0,8209.0,149.0
2021-01-05 09:45:50.691,0.0066,0.0069,15.0,0.0066,30.0,8209.0,149.0
2021-01-05 09:45:51.221,0.0066,0.0069,15.0,0.0066,30.0,8209.0,149.0
2021-01-05 09:45:51.300,0.0066,0.007,15.0,0.0066,30.0,8209.0,149.0
2021-01-05 09:45:52.251,0.0066,0.007,25.0,0.0066,30.0,8209.0,149.0
2021-01-05 09:45:52.641,0.0066,0.0069,15.0,0.0066,30.0,8209.0,149.0
2021-01-05 09:45:53.211,0.0066,0.0069,15.0,0.0066,30.0,8209.0,149.0
2021-01-05 09:45:53.711,0.0066,0.007,15.0,0.0066,30.0,8209.0,149.0
2021-01-05 09:45:54.151,0.0066,0.007,25.0,0.0066,30.0,8209.0,149.0
2021-01-05 09:45:54.710,0.0066,0.0069,15.0,0.0066,30.0,8209.0,149.0
2021-01-05 09:45:55.230,0.0066,0.0069,15.0,0.0066,50.0,8209.0,149.0
2021-01-05 09:45:55.711,0.0066,0.007,15.0,0.0066,50.0,8209.0,149.0
2021-01-05 09:45:56.120,0.0066,0.007,35.0,0.0066,40.0,8209.0,149.0
2021-01-05 09:45:56.631,0.0066,0.0069,25.0,0.0066,40.0,8209.0,149.0
2021-01-05 09:45:57.201,0.0066,0.0068,15.0,0.0066,40.0,8209.0,149.0
2021-01-05 09:45:57.601,0.0066,0.0069,15.0,0.0066,55.0,8209.0,149.0
2021-01-05 09:45:58.160,0.0066,0.0069,10.0,0.0066,40.0,8209.0,149.0
2021-01-05 09:45:58.711,0.0066,0.0068,15.0,0.0066,40.0,8209.0,149.0
2021-01-05 09:45:59.230,0.0066,0.0068,15.0,0.0066,40.0,8209.0,149.0
2021-01-05 09:45:59.710,0.0066,0.007,20.0,0.0066,40.0,8209.0,149.0
2021-01-05 09:46:00.210,0.0066,0.0068,15.0,0.0066,20.0,8209.0,149.0
2021-01-05 09:46:00.730,0.0066,0.0068,15.0,0.0066,20.0,8209.0,149.0
2021-01-05 09:46:01.180,0.0066,0.007,15.0,0.0065,11.0,8209.0,149.0
2021-01-05 09:46:02.221,0.0066,0.0069,25.0,0.0066,15.0,8209.0,149.0
2021-01-05 09:46:02.711,0.0066,0.0068,15.0,0.0065,36.0,8209.0,149.0
2021-01-05 09:46:03.120,0.0066,0.0068,15.0,0.0065,36.0,8209.0,149.0
2021-01-05 09:46:03.731,0.0066,0.007,15.0,0.0065,21.0,8209.0,149.0
2021-01-05 09:46:04.171,0.0066,0.0069,10.0,0.0065,21.0,8209.0,149.0
2021-01-05 09:46:04.571,0.0066,0.0068,15.0,0.0065,36.0,8209.0,149.0
2021-01-05 09:46:05.161,0.0066,0.0068,15.0,0.0065,36.0,8209.0,149.0
2021-01-05 09:46:05.691,0.0066,0.0068,10.0,0.0065,21.0,8209.0,149.0
2021-01-05 09:46:06.221,0.0066,0.0068,10.0,0.0065,21.0,8209.0,149.0
2021-01-05 09:46:06.690,0.0066,0.0068,10.0,0.0065,21.0,8209.0,149.0
2021-01-05 09:46:07.231,0.0066,0.0068,10.0,0.0065,36.0,8209.0,149.0
2021-01-05 09:46:07.741,0.0066,0.0068,25.0,0.0065,36.0,8209.0,149.0
2021-01-05 09:46:08.121,0.0068,0.0068,5.0,0.0065,21.0,8214.0,154.0
2021-01-05 09:46:09.181,0.0068,0.0067,15.0,0.0065,21.0,8214.0,154.0
2021-01-05 09:46:09.600,0.0068,0.007,15.0,0.0065,21.0,8214.0,154.0
2021-01-05 09:46:10.221,0.0068,0.0069,10.0,0.0065,21.0,8214.0,154.0
2021-01-05 09:46:10.720,0.0068,0.0068,15.0,0.0065,36.0,8214.0,154.0
2021-01-05 09:46:11.131,0.0068,0.0068,15.0,0.0065,36.0,8214.0,154.0
2021-01-05 09:46:11.721,0.0068,0.0068,10.0,0.0065,21.0,8214.0,154.0
2021-01-05 09:46:12.190,0.0068,0.0068,25.0,0.0065,36.0,8214.0,154.0
2021-01-05 09:46:13.681,0.0068,0.0068,25.0,0.0065,36.0,8214.0,154.0
2021-01-05 09:46:16.041,0.0068,0.0068,25.0,0.0065,36.0,8214.0,154.0
2021-01-05 09:46:18.180,0.0068,0.0068,25.0,0.0065,36.0,8214.0,154.0
2021-01-05 09:46:20.210,0.0068,0.0068,25.0,0.0065,36.0,8214.0,154.0
2021-01-05 09:46:20.731,0.0068,0.0068,25.0,0.0065,56.0,8214.0,154.0
2021-01-05 09:46:21.611,0.0068,0.0068,25.0,0.0065,36.0,8214.0,154.0
2021-01-05 09:46:22.690,0.0068,0.0067,15.0,0.0065,21.0,8214.0,154.0
2021-01-05 09:46:23.201,0.0068,0.0067,15.0,0.0065,21.0,8214.0,154.0
2021-01-05 09:46:23.710,0.0068,0.0068,15.0,0.0065,21.0,8214.0,154.0
2021-01-05 09:46:24.221,0.0068,0.0068,25.0,0.0065,21.0,8214.0,154.0
2021-01-05 09:46:24.631,0.0068,0.0067,15.0,0.0065,21.0,8214.0,154.0
2021-01-05 09:46:25.151,0.0068,0.0067,15.0,0.0065,21.0,8214.0,154.0
2021-01-05 09:46:25.651,0.0068,0.0068,15.0,0.0065,21.0,8214.0,154.0
2021-01-05 09:46:26.191,0.0068,0.0068,25.0,0.0065,21.0,8214.0,154.0
2021-01-05 09:46:26.711,0.0068,0.0067,15.0,0.0065,21.0,8214.0,154.0
2021-01-05 09:46:27.201,0.0068,0.0067,15.0,0.0065,21.0,8214.0,154.0
2021-01-05 09:46:27.720,0.0068,0.0068,15.0,0.0065,21.0,8214.0,154.0
2021-01-05 09:46:28.200,0.0068,0.0068,25.0,0.0065,21.0,8214.0,154.0
2021-01-05 09:46:28.650,0.0068,0.0067,15.0,0.0065,21.0,8214.0,154.0
2021-01-05 09:46:29.151,0.0068,0.0067,15.0,0.0065,21.0,8214.0,154.0
2021-01-05 09:46:29.710,0.0068,0.0068,15.0,0.0065,21.0,8214.0,154.0
2021-01-05 09:46:30.211,0.0068,0.0068,25.0,0.0065,36.0,8214.0,154.0
2021-01-05 09:46:30.721,0.0068,0.0068,25.0,0.0065,26.0,8214.0,154.0
2021-01-05 09:46:31.210,0.0068,0.0067,15.0,0.0065,11.0,8214.0,154.0
2021-01-05 09:46:31.670,0.0068,0.0067,15.0,0.0065,11.0,8214.0,154.0
2021-01-05 09:46:32.100,0.0068,0.0068,15.0,0.0065,11.0,8214.0,154.0
2021-01-05 09:46:32.640,0.0068,0.0068,25.0,0.0065,11.0,8214.0,154.0
2021-01-05 09:46:33.210,0.0068,0.0067,15.0,0.0065,11.0,8214.0,154.0
2021-01-05 09:46:33.660,0.0068,0.0067,15.0,0.0065,11.0,8214.0,154.0
2021-01-05 09:46:34.140,0.0068,0.0068,15.0,0.0065,11.0,8214.0,154.0
2021-01-05 09:46:34.691,0.0068,0.0068,25.0,0.0065,11.0,8214.0,154.0
2021-01-05 09:46:35.231,0.0068,0.0067,15.0,0.0065,11.0,8214.0,154.0
2021-01-05 09:46:35.721,0.0068,0.0067,15.0,0.0065,11.0,8214.0,154.0
2021-01-05 09:46:36.221,0.0068,0.0069,20.0,0.0065,11.0,8214.0,154.0
2021-01-05 09:46:36.730,0.0068,0.0068,28.0,0.0065,11.0,8214.0,154.0
2021-01-05 09:46:37.241,0.0068,0.0067,15.0,0.0065,11.0,8214.0,154.0
2021-01-05 09:46:37.750,0.0068,0.0067,15.0,0.0065,11.0,8214.0,154.0
2021-01-05 09:46:38.201,0.0068,0.0067,15.0,0.0065,11.0,8214.0,154.0
2021-01-05 09:46:38.741,0.0068,0.0067,25.0,0.0065,31.0,8214.0,154.0
2021-01-05 09:46:39.210,0.0068,0.0067,10.0,0.0065,31.0,8214.0,154.0
2021-01-05 09:46:40.230,0.0068,0.0067,10.0,0.0065,26.0,8214.0,154.0
2021-01-05 09:46:41.250,0.0068,0.0067,25.0,0.0065,11.0,8214.0,154.0
2021-01-05 09:46:42.230,0.0068,0.0067,10.0,0.0065,11.0,8214.0,154.0
2021-01-05 09:46:42.741,0.0068,0.0067,25.0,0.0065,11.0,8214.0,154.0
2021-01-05 09:46:46.731,0.0067,0.0067,20.0,0.0065,11.0,8219.0,159.0
2021-01-05 09:46:50.170,0.0067,0.0067,20.0,0.0065,11.0,8219.0,159.0
2021-01-05 09:46:58.131,0.0067,0.0067,5.0,0.0065,26.0,8219.0,159.0
2021-01-05 09:46:58.720,0.0067,0.0067,20.0,0.0065,11.0,8219.0,159.0
2021-01-05 09:47:01.721,0.0067,0.0067,20.0,0.0065,31.0,8219.0,159.0
2021-01-05 09:47:02.230,0.0067,0.0067,20.0,0.0065,11.0,8219.0,159.0
2021-01-05 09:47:02.741,0.0067,0.0067,15.0,0.0065,31.0,8219.0,159.0
2021-01-05 09:47:03.220,0.0067,0.0067,15.0,0.0065,11.0,8219.0,159.0
2021-01-05 09:47:03.740,0.0067,0.0067,15.0,0.0065,11.0,8219.0,159.0
2021-01-05 09:47:04.751,0.0067,0.0068,18.0,0.0065,46.0,8219.0,159.0
2021-01-05 09:47:06.251,0.0067,0.0068,18.0,0.0065,31.0,8219.0,159.0
2021-01-05 09:47:06.491,0.0067,0.0067,15.0,0.0065,31.0,8219.0,159.0
2021-01-05 09:47:07.221,0.0067,0.0067,15.0,0.0065,31.0,8219.0,159.0
2021-01-05 09:47:07.721,0.0067,0.0068,18.0,0.0065,56.0,8219.0,159.0
2021-01-05 09:47:08.230,0.0067,0.0068,28.0,0.0065,56.0,8219.0,159.0
2021-01-05 09:47:09.751,0.0067,0.0068,28.0,0.0065,56.0,8219.0,159.0
2021-01-05 09:47:11.751,0.0067,0.0068,28.0,0.0065,56.0,8219.0,159.0
2021-01-05 09:47:12.241,0.0067,0.0068,28.0,0.0065,56.0,8219.0,159.0
2021-01-05 09:47:14.721,0.0067,0.0068,28.0,0.0065,56.0,8219.0,159.0
2021-01-05 09:47:16.731,0.0067,0.0068,28.0,0.0065,56.0,8219.0,159.0
2021-01-05 09:47:17.251,0.0067,0.0068,28.0,0.0065,56.0,8219.0,159.0
2021-01-05 09:47:19.261,0.0067,0.0068,28.0,0.0065,56.0,8219.0,159.0
2021-01-05 09:47:25.241,0.0067,0.0068,13.0,0.0066,15.0,8219.0,159.0
2021-01-05 09:47:25.710,0.0067,0.0068,28.0,0.0066,20.0,8219.0,159.0
2021-01-05 09:47:26.180,0.0067,0.0068,13.0,0.0066,15.0,8219.0,159.0
2021-01-05 09:47:26.680,0.0067,0.0068,13.0,0.0066,35.0,8219.0,159.0
2021-01-05 09:47:27.241,0.0067,0.0068,13.0,0.0066,35.0,8219.0,159.0
2021-01-05 09:47:27.721,0.0067,0.0068,13.0,0.0066,35.0,8219.0,159.0
2021-01-05 09:47:28.710,0.0067,0.0068,28.0,0.0066,20.0,8219.0,159.0
2021-01-05 09:47:29.181,0.0067,0.0068,13.0,0.0066,15.0,8219.0,159.0
2021-01-05 09:47:29.730,0.0067,0.0068,13.0,0.0066,35.0,8219.0,159.0
2021-01-05 09:47:30.720,0.0067,0.0068,3.0,0.0066,35.0,8219.0,159.0
2021-01-05 09:47:31.181,0.0067,0.0068,3.0,0.0066,35.0,8219.0,159.0
2021-01-05 09:47:32.170,0.0067,0.0068,18.0,0.0066,20.0,8219.0,159.0
2021-01-05 09:47:33.181,0.0067,0.0068,13.0,0.0066,15.0,8219.0,159.0
2021-01-05 09:47:33.730,0.0067,0.0068,3.0,0.0066,35.0,8219.0,159.0
2021-01-05 09:47:34.231,0.0067,0.0068,3.0,0.0067,15.0,8219.0,159.0
2021-01-05 09:47:35.000,0.0067,0.0068,3.0,0.0066,35.0,8219.0,159.0
2021-01-05 09:47:36.721,0.0067,0.0068,3.0,0.0067,15.0,8219.0,159.0
2021-01-05 09:47:37.251,0.0067,0.0068,13.0,0.0066,20.0,8219.0,159.0
2021-01-05 09:47:37.761,0.0067,0.0068,13.0,0.0066,35.0,8219.0,159.0
2021-01-05 09:47:40.260,0.0067,0.0068,3.0,0.0066,35.0,8219.0,159.0
2021-01-05 09:47:40.761,0.0067,0.0068,3.0,0.0066,45.0,8219.0,159.0
2021-01-05 09:47:42.250,0.0067,0.0068,3.0,0.0066,45.0,8219.0,159.0
2021-01-05 09:47:44.260,0.0067,0.0068,3.0,0.0066,30.0,8219.0,159.0
2021-01-05 09:47:44.761,0.0067,0.0068,3.0,0.0066,45.0,8219.0,159.0
2021-01-05 09:47:45.251,0.0067,0.0068,3.0,0.0067,15.0,8219.0,159.0
2021-01-05 09:47:45.760,0.0067,0.0068,3.0,0.0066,45.0,8219.0,159.0
2021-01-05 09:47:46.250,0.0067,0.0068,3.0,0.0066,45.0,8219.0,159.0
2021-01-05 09:47:50.271,0.0067,0.0068,3.0,0.0067,15.0,8219.0,159.0
2021-01-05 09:47:51.250,0.0067,0.0068,3.0,0.0066,45.0,8219.0,159.0
2021-01-05 09:47:51.771,0.0067,0.0068,3.0,0.0067,15.0,8219.0,159.0
2021-01-05 09:47:52.271,0.0067,0.0068,3.0,0.0066,25.0,8219.0,159.0
2021-01-05 09:47:52.730,0.0067,0.0068,3.0,0.0066,45.0,8219.0,159.0
2021-01-05 09:47:53.231,0.0067,0.0068,3.0,0.0066,45.0,8219.0,159.0
2021-01-05 09:47:53.740,0.0067,0.0068,3.0,0.0066,25.0,8219.0,159.0
2021-01-05 09:47:55.241,0.0067,0.0068,3.0,0.0066,10.0,8219.0,159.0
2021-01-05 09:47:55.740,0.0067,0.0068,3.0,0.0067,15.0,8219.0,159.0
2021-01-05 09:47:56.251,0.0067,0.0068,3.0,0.0067,15.0,8219.0,159.0
2021-01-05 09:47:56.751,0.0067,0.0068,3.0,0.0067,15.0,8219.0,159.0
2021-01-05 09:47:57.250,0.0067,0.0068,3.0,0.0067,15.0,8219.0,159.0
2021-01-05 09:47:57.750,0.0067,0.0068,3.0,0.0066,10.0,8219.0,159.0
2021-01-05 09:47:58.261,0.0067,0.0068,3.0,0.0066,25.0,8219.0,159.0
2021-01-05 09:47:58.781,0.0067,0.0068,3.0,0.0066,25.0,8219.0,159.0
2021-01-05 09:48:00.791,0.0067,0.0068,3.0,0.0066,15.0,8219.0,159.0
2021-01-05 09:48:01.261,0.0067,0.0068,3.0,0.0066,15.0,8219.0,159.0
2021-01-05 09:48:01.791,0.0067,0.0068,3.0,0.0067,10.0,8219.0,159.0
2021-01-05 09:48:02.260,0.0067,0.0068,3.0,0.0067,10.0,8219.0,159.0
2021-01-05 09:48:03.261,0.0067,0.0068,3.0,0.0067,10.0,8219.0,159.0
2021-01-05 09:48:04.250,0.0067,0.0068,3.0,0.0067,10.0,8219.0,159.0
2021-01-05 09:48:04.790,0.0067,0.0068,3.0,0.0067,10.0,8219.0,159.0
2021-01-05 09:48:05.760,0.0067,0.0068,3.0,0.0067,10.0,8219.0,159.0
2021-01-05 09:48:07.280,0.0067,0.0068,3.0,0.0067,10.0,8219.0,159.0
2021-01-05 09:48:12.751,0.0067,0.0068,3.0,0.0067,30.0,8219.0,159.0
2021-01-05 09:48:13.281,0.0067,0.0068,3.0,0.0067,20.0,8219.0,159.0
2021-01-05 09:48:13.760,0.0067,0.0068,3.0,0.0066,35.0,8219.0,159.0
2021-01-05 09:48:14.300,0.0067,0.0068,3.0,0.0066,45.0,8219.0,159.0
2021-01-05 09:48:14.791,0.0067,0.0068,3.0,0.0066,35.0,8219.0,159.0
2021-01-05 09:48:15.310,0.0067,0.0068,3.0,0.0066,45.0,8219.0,159.0
2021-01-05 09:48:15.831,0.0067,0.0068,3.0,0.0066,45.0,8219.0,159.0
2021-01-05 09:48:16.321,0.0067,0.0068,3.0,0.0066,45.0,8219.0,159.0
2021-01-05 09:48:16.801,0.0067,0.0068,3.0,0.0066,30.0,8219.0,159.0
2021-01-05 09:48:17.300,0.0067,0.0068,3.0,0.0067,15.0,8219.0,159.0
2021-01-05 09:48:17.781,0.0067,0.0068,3.0,0.0066,20.0,8219.0,159.0
2021-01-05 09:48:18.330,0.0067,0.0068,3.0,0.0066,10.0,8219.0,159.0
2021-01-05 09:48:18.841,0.0067,0.0068,3.0,0.0066,45.0,8219.0,159.0
2021-01-05 09:48:19.271,0.0067,0.0068,3.0,0.0066,45.0,8219.0,159.0
2021-01-05 09:48:20.791,0.0067,0.0068,3.0,0.0066,45.0,8219.0,159.0
2021-01-05 09:48:21.340,0.0067,0.0068,3.0,0.0066,45.0,8219.0,159.0
2021-01-05 09:48:21.800,0.0067,0.0068,3.0,0.0066,35.0,8219.0,159.0
2021-01-05 09:48:22.301,0.0067,0.0068,3.0,0.0066,45.0,8219.0,159.0
2021-01-05 09:48:23.021,0.0067,0.0068,3.0,0.0066,45.0,8219.0,159.0
2021-01-05 09:48:26.101,0.0067,0.0068,3.0,0.0066,25.0,8219.0,159.0
2021-01-05 09:48:26.621,0.0067,0.0068,3.0,0.0066,10.0,8219.0,159.0
2021-01-05 09:48:27.181,0.0067,0.0068,3.0,0.0066,25.0,8219.0,159.0
2021-01-05 09:48:27.701,0.0067,0.0068,3.0,0.0066,25.0,8219.0,159.0
2021-01-05 09:48:28.181,0.0067,0.0068,3.0,0.0066,25.0,8219.0,159.0
2021-01-05 09:48:28.731,0.0067,0.0068,3.0,0.0066,25.0,8219.0,159.0
2021-01-05 09:48:30.210,0.0067,0.0068,18.0,0.0066,10.0,8219.0,159.0
2021-01-05 09:48:31.710,0.0067,0.0068,18.0,0.0066,10.0,8219.0,159.0
2021-01-05 09:48:32.200,0.0067,0.0068,18.0,0.0066,10.0,8219.0,159.0
2021-01-05 09:48:33.680,0.0067,0.0068,18.0,0.0065,26.0,8219.0,159.0
2021-01-05 09:48:34.141,0.0067,0.0068,18.0,0.0065,36.0,8219.0,159.0
2021-01-05 09:48:36.200,0.0067,0.0068,18.0,0.0065,26.0,8219.0,159.0
2021-01-05 09:48:36.730,0.0067,0.0068,3.0,0.0066,25.0,8219.0,159.0
2021-01-05 09:48:37.211,0.0067,0.0068,3.0,0.0066,25.0,8219.0,159.0
2021-01-05 09:48:37.681,0.0067,0.0068,18.0,0.0066,10.0,8219.0,159.0
2021-01-05 09:48:38.211,0.0067,0.0068,3.0,0.0066,25.0,8219.0,159.0
2021-01-05 09:48:42.661,0.0067,0.0068,3.0,0.0066,25.0,8219.0,159.0
2021-01-05 09:48:43.131,0.0067,0.0068,3.0,0.0066,25.0,8219.0,159.0
2021-01-05 09:48:45.020,0.0067,0.0068,3.0,0.0065,11.0,8219.0,159.0
2021-01-05 09:48:45.531,0.0067,0.0068,3.0,0.0065,36.0,8219.0,159.0
2021-01-05 09:48:45.840,0.0067,0.0068,3.0,0.0066,15.0,8219.0,159.0
2021-01-05 09:48:46.391,0.0067,0.0068,3.0,0.0066,25.0,8219.0,159.0
2021-01-05 09:48:47.440,0.0067,0.0068,3.0,0.0066,25.0,8219.0,159.0
2021-01-05 09:48:47.911,0.0067,0.0068,3.0,0.0066,10.0,8219.0,159.0
2021-01-05 09:48:49.010,0.0067,0.0068,3.0,0.0066,25.0,8219.0,159.0
2021-01-05 09:48:50.030,0.0067,0.0068,3.0,0.0066,25.0,8219.0,159.0
2021-01-05 09:48:51.031,0.0067,0.0068,3.0,0.0066,25.0,8219.0,159.0
2021-01-05 09:48:51.540,0.0067,0.0068,3.0,0.0066,25.0,8219.0,159.0
2021-01-05 09:48:55.201,0.0067,0.0068,18.0,0.0066,10.0,8219.0,159.0
2021-01-05 09:48:55.730,0.0067,0.0068,3.0,0.0066,25.0,8219.0,159.0
2021-01-05 09:48:57.730,0.0067,0.0068,3.0,0.0066,10.0,8219.0,159.0
2021-01-05 09:48:58.160,0.0067,0.0068,3.0,0.0066,25.0,8219.0,159.0
2021-01-05 09:48:58.750,0.0067,0.0068,18.0,0.0066,10.0,8219.0,159.0
2021-01-05 09:48:59.161,0.0067,0.0068,3.0,0.0066,25.0,8219.0,159.0
2021-01-05 09:49:00.260,0.0067,0.0068,3.0,0.0066,10.0,8219.0,159.0
2021-01-05 09:49:00.461,0.0067,0.0068,3.0,0.0065,11.0,8219.0,159.0
2021-01-05 09:49:01.261,0.0067,0.0068,3.0,0.0066,15.0,8219.0,159.0
2021-01-05 09:49:02.261,0.0067,0.0068,18.0,0.0065,36.0,8219.0,159.0
2021-01-05 09:49:02.790,0.0067,0.0068,3.0,0.0066,15.0,8219.0,159.0
2021-01-05 09:49:03.291,0.0067,0.0068,18.0,0.0065,26.0,8219.0,159.0
2021-01-05 09:49:03.760,0.0067,0.0068,18.0,0.0065,26.0,8219.0,159.0
2021-01-05 09:49:05.301,0.0067,0.0067,15.0,0.0065,11.0,8219.0,159.0
2021-01-05 09:49:05.790,0.0067,0.0068,3.0,0.0066,11.0,8219.0,159.0
2021-01-05 09:49:06.311,0.0067,0.0068,18.0,0.0066,11.0,8219.0,159.0
2021-01-05 09:49:06.820,0.0067,0.0068,18.0,0.0066,1.0,8219.0,159.0
2021-01-05 09:49:07.291,0.0067,0.0068,18.0,0.0066,1.0,8219.0,159.0
2021-01-05 09:49:07.790,0.0067,0.0068,3.0,0.0066,1.0,8219.0,159.0
2021-01-05 09:49:08.290,0.0067,0.0068,18.0,0.0066,11.0,8219.0,159.0
2021-01-05 09:49:08.830,0.0067,0.0068,18.0,0.0066,11.0,8219.0,159.0
2021-01-05 09:49:09.821,0.0067,0.0068,18.0,0.0066,11.0,8219.0,159.0
2021-01-05 09:49:10.330,0.0067,0.0068,18.0,0.0066,11.0,8219.0,159.0
2021-01-05 09:49:11.341,0.0067,0.0068,18.0,0.0066,11.0,8219.0,159.0
2021-01-05 09:49:12.850,0.0067,0.0068,18.0,0.0066,1.0,8219.0,159.0
2021-01-05 09:49:13.851,0.0067,0.0068,18.0,0.0066,1.0,8219.0,159.0
2021-01-05 09:49:14.261,0.0067,0.0068,18.0,0.0066,11.0,8219.0,159.0
2021-01-05 09:49:16.341,0.0067,0.0068,18.0,0.0066,11.0,8219.0,159.0
2021-01-05 09:49:21.330,0.0067,0.0068,18.0,0.0066,11.0,8219.0,159.0
2021-01-05 09:49:26.171,0.0067,0.0067,15.0,0.0066,11.0,8219.0,159.0
2021-01-05 09:49:26.730,0.0067,0.0068,18.0,0.0066,11.0,8219.0,159.0
2021-01-05 09:49:32.701,0.0067,0.0068,38.0,0.0066,1.0,8219.0,159.0
2021-01-05 09:49:34.701,0.0067,0.0068,18.0,0.0066,1.0,8219.0,159.0
2021-01-05 09:49:35.120,0.0067,0.0068,18.0,0.0066,11.0,8219.0,159.0
2021-01-05 09:49:36.171,0.0067,0.0068,18.0,0.0066,1.0,8219.0,159.0
2021-01-05 09:49:37.680,0.0068,0.0068,15.0,0.0066,1.0,8221.0,164.0
2021-01-05 09:49:38.760,0.0068,0.0068,35.0,0.0066,1.0,8221.0,164.0
2021-01-05 09:49:39.231,0.0068,0.0068,20.0,0.0066,1.0,8221.0,164.0
2021-01-05 09:49:39.761,0.0068,0.0067,15.0,0.0066,1.0,8221.0,164.0
2021-01-05 09:49:40.170,0.0068,0.0068,15.0,0.0066,1.0,8221.0,164.0
2021-01-05 09:49:40.581,0.0068,0.0068,20.0,0.0066,1.0,8221.0,164.0
2021-01-05 09:49:41.211,0.0068,0.0068,15.0,0.0066,1.0,8221.0,164.0
2021-01-05 09:49:41.701,0.0068,0.0069,20.0,0.0066,1.0,8221.0,164.0
2021-01-05 09:49:42.210,0.0068,0.0069,30.0,0.0066,1.0,8221.0,164.0
2021-01-05 09:49:42.510,0.0068,0.0068,15.0,0.0066,1.0,8221.0,164.0
2021-01-05 09:49:43.111,0.0068,0.0068,15.0,0.0066,1.0,8221.0,164.0
2021-01-05 09:49:43.741,0.0068,0.0068,15.0,0.0066,11.0,8221.0,164.0
2021-01-05 09:49:44.220,0.0068,0.0068,15.0,0.0066,11.0,8221.0,164.0
2021-01-05 09:49:44.760,0.0068,0.0068,35.0,0.0066,1.0,8221.0,164.0
2021-01-05 09:49:45.171,0.0068,0.0068,15.0,0.0066,1.0,8221.0,164.0
2021-01-05 09:49:45.741,0.0068,0.0068,20.0,0.0066,1.0,8221.0,164.0
2021-01-05 09:49:45.841,0.0068,0.0068,15.0,0.0066,1.0,8221.0,164.0
2021-01-05 09:49:46.610,0.0068,0.0068,20.0,0.0066,1.0,8221.0,164.0
2021-01-05 09:49:47.161,0.0068,0.0068,15.0,0.0066,1.0,8221.0,164.0
2021-01-05 09:49:47.691,0.0068,0.0069,15.0,0.0066,1.0,8221.0,164.0
2021-01-05 09:49:48.260,0.0068,0.0068,15.0,0.0066,1.0,8221.0,164.0
2021-01-05 09:49:48.761,0.0068,0.0068,15.0,0.0066,1.0,8221.0,164.0
2021-01-05 09:49:49.061,0.0068,0.0068,35.0,0.0066,1.0,8221.0,164.0
2021-01-05 09:49:50.221,0.0068,0.0068,35.0,0.0066,1.0,8221.0,164.0
2021-01-05 09:49:50.711,0.0068,0.0068,35.0,0.0066,1.0,8221.0,164.0
2021-01-05 09:49:51.760,0.0068,0.0068,35.0,0.0066,1.0,8221.0,164.0
2021-01-05 09:49:53.220,0.0068,0.0068,15.0,0.0066,1.0,8221.0,164.0
2021-01-05 09:49:53.731,0.0068,0.0068,15.0,0.0066,11.0,8221.0,164.0
2021-01-05 09:49:54.721,0.0068,0.0068,35.0,0.0066,11.0,8221.0,164.0
2021-01-05 09:49:56.230,0.0068,0.0068,35.0,0.0066,11.0,8221.0,164.0
2021-01-05 09:49:57.141,0.0068,0.0068,15.0,0.0066,11.0,8221.0,164.0
2021-01-05 09:49:58.240,0.0068,0.0068,35.0,0.0066,11.0,8221.0,164.0
2021-01-05 09:49:58.680,0.0068,0.0069,35.0,0.0066,26.0,8221.0,164.0
2021-01-05 09:49:59.220,0.0068,0.0069,45.0,0.0066,26.0,8221.0,164.0
2021-01-05 09:49:59.731,0.0068,0.0068,15.0,0.0066,11.0,8221.0,164.0
2021-01-05 09:50:00.230,0.0068,0.0069,20.0,0.0066,11.0,8221.0,164.0
2021-01-05 09:50:00.591,0.0068,0.0068,35.0,0.0066,11.0,8221.0,164.0
2021-01-05 09:50:01.621,0.0068,0.0068,20.0,0.0066,26.0,8221.0,164.0
2021-01-05 09:50:02.241,0.0068,0.0069,35.0,0.0066,26.0,8221.0,164.0
2021-01-05 09:50:02.680,0.0068,0.0069,45.0,0.0066,26.0,8221.0,164.0
2021-01-05 09:50:03.210,0.0068,0.0069,45.0,0.0066,26.0,8221.0,164.0
2021-01-05 09:50:04.241,0.0068,0.0069,25.0,0.0066,26.0,8221.0,164.0
2021-01-05 09:50:05.231,0.0068,0.0069,25.0,0.0066,26.0,8221.0,164.0
2021-01-05 09:50:05.690,0.0068,0.0069,25.0,0.0066,26.0,8221.0,164.0
2021-01-05 09:50:06.180,0.0068,0.0069,25.0,0.0066,26.0,8221.0,164.0
2021-01-05 09:50:06.710,0.0068,0.0069,25.0,0.0066,26.0,8221.0,164.0
2021-01-05 09:50:07.740,0.0068,0.0069,45.0,0.0066,26.0,8221.0,164.0
2021-01-05 09:50:08.251,0.0068,0.0069,10.0,0.0067,15.0,8221.0,164.0
2021-01-05 09:50:08.760,0.0068,0.0069,25.0,0.0066,26.0,8221.0,164.0
2021-01-05 09:50:09.330,0.0068,0.0069,25.0,0.0066,26.0,8221.0,164.0
2021-01-05 09:50:11.240,0.0068,0.0069,25.0,0.0066,26.0,8221.0,164.0
2021-01-05 09:50:11.761,0.0068,0.0069,45.0,0.0066,26.0,8221.0,164.0
2021-01-05 09:50:12.170,0.0068,0.0069,25.0,0.0066,26.0,8221.0,164.0
2021-01-05 09:50:13.670,0.0068,0.0069,25.0,0.0066,26.0,8221.0,164.0
2021-01-05 09:50:14.241,0.0068,0.0069,45.0,0.0066,26.0,8221.0,164.0
2021-01-05 09:50:15.741,0.0068,0.0068,15.0,0.0066,11.0,8221.0,164.0
2021-01-05 09:50:16.191,0.0068,0.0068,15.0,0.0066,11.0,8221.0,164.0
2021-01-05 09:50:17.230,0.0068,0.0069,20.0,0.0066,11.0,8221.0,164.0
2021-01-05 09:50:17.691,0.0068,0.0069,45.0,0.0066,26.0,8221.0,164.0
2021-01-05 09:50:18.271,0.0068,0.0068,15.0,0.0066,11.0,8221.0,164.0
2021-01-05 09:50:18.740,0.0068,0.007,20.0,0.0066,11.0,8221.0,164.0
2021-01-05 09:50:19.260,0.0068,0.0069,25.0,0.0066,26.0,8221.0,164.0
2021-01-05 09:50:19.700,0.0068,0.0068,15.0,0.0066,11.0,8221.0,164.0
2021-01-05 09:50:20.231,0.0068,0.0068,15.0,0.0066,1.0,8221.0,164.0
2021-01-05 09:50:20.680,0.0068,0.0069,15.0,0.0066,1.0,8221.0,164.0
2021-01-05 09:50:21.251,0.0068,0.0069,25.0,0.0066,1.0,8221.0,164.0
2021-01-05 09:50:21.681,0.0068,0.0068,15.0,0.0066,1.0,8221.0,164.0
2021-01-05 09:50:22.250,0.0068,0.0068,15.0,0.0066,1.0,8221.0,164.0
2021-01-05 09:50:22.661,0.0068,0.0068,15.0,0.0066,1.0,8221.0,164.0
2021-01-05 09:50:23.220,0.0068,0.0069,20.0,0.0066,1.0,8221.0,164.0
2021-01-05 09:50:23.710,0.0068,0.0068,15.0,0.0066,1.0,8221.0,164.0
2021-01-05 09:50:24.240,0.0068,0.0068,15.0,0.0066,1.0,8221.0,164.0
2021-01-05 09:50:25.241,0.0068,0.0068,15.0,0.0066,1.0,8221.0,164.0
2021-01-05 09:50:25.740,0.0068,0.0068,10.0,0.0066,1.0,8221.0,164.0
2021-01-05 09:50:26.230,0.0068,0.0068,25.0,0.0066,1.0,8221.0,164.0
2021-01-05 09:50:26.741,0.0068,0.0068,25.0,0.0066,1.0,8221.0,164.0
2021-01-05 09:50:27.210,0.0068,0.0068,25.0,0.0066,1.0,8221.0,164.0
2021-01-05 09:50:28.251,0.0068,0.0067,15.0,0.0066,1.0,8221.0,164.0
2021-01-05 09:50:28.731,0.0068,0.0067,15.0,0.0066,1.0,8221.0,164.0
2021-01-05 09:50:29.160,0.0068,0.0068,35.0,0.0066,1.0,8221.0,164.0
2021-01-05 09:50:29.690,0.0068,0.0067,15.0,0.0066,1.0,8221.0,164.0
2021-01-05 09:50:30.170,0.0068,0.0068,20.0,0.0066,1.0,8221.0,164.0
2021-01-05 09:50:30.741,0.0068,0.0067,15.0,0.0066,1.0,8221.0,164.0
2021-01-05 09:50:31.140,0.0068,0.0067,15.0,0.0066,1.0,8221.0,164.0
2021-01-05 09:50:32.251,0.0068,0.0067,15.0,0.0066,1.0,8221.0,164.0
2021-01-05 09:50:33.161,0.0068,0.0067,15.0,0.0066,1.0,8221.0,164.0
2021-01-05 09:50:34.241,0.0068,0.0067,15.0,0.0066,1.0,8221.0,164.0
2021-01-05 09:50:34.741,0.0068,0.0068,15.0,0.0066,1.0,8221.0,164.0
2021-01-05 09:50:35.240,0.0068,0.0068,10.0,0.0066,1.0,8221.0,164.0
2021-01-05 09:50:35.690,0.0068,0.0068,15.0,0.0066,1.0,8221.0,164.0
2021-01-05 09:50:36.241,0.0068,0.0068,25.0,0.0066,1.0,8221.0,164.0
2021-01-05 09:50:36.681,0.0068,0.0067,15.0,0.0066,1.0,8221.0,164.0
2021-01-05 09:50:37.221,0.0068,0.0067,15.0,0.0066,1.0,8221.0,164.0
2021-01-05 09:50:37.711,0.0068,0.0068,15.0,0.0066,1.0,8221.0,164.0
2021-01-05 09:50:38.260,0.0068,0.0068,25.0,0.0066,1.0,8221.0,164.0
2021-01-05 09:50:39.190,0.0068,0.0067,15.0,0.0066,1.0,8221.0,164.0
2021-01-05 09:50:39.591,0.0068,0.0068,15.0,0.0066,1.0,8221.0,164.0
2021-01-05 09:50:40.181,0.0068,0.0068,25.0,0.0066,1.0,8221.0,164.0
2021-01-05 09:50:40.511,0.0068,0.0067,15.0,0.0066,1.0,8221.0,164.0
2021-01-05 09:50:41.180,0.0068,0.0067,15.0,0.0066,1.0,8221.0,164.0
2021-01-05 09:50:41.731,0.0068,0.0068,15.0,0.0066,1.0,8221.0,164.0
2021-01-05 09:50:42.260,0.0068,0.0067,15.0,0.0066,1.0,8221.0,164.0
2021-01-05 09:50:42.730,0.0068,0.0068,15.0,0.0066,1.0,8221.0,164.0
2021-01-05 09:50:43.111,0.0068,0.0068,25.0,0.0066,1.0,8221.0,164.0
2021-01-05 09:50:43.760,0.0068,0.0068,25.0,0.0066,1.0,8221.0,164.0
2021-01-05 09:50:44.250,0.0068,0.0067,15.0,0.0066,1.0,8221.0,164.0
2021-01-05 09:50:44.751,0.0068,0.0069,20.0,0.0066,1.0,8221.0,164.0
2021-01-05 09:50:45.191,0.0068,0.0068,25.0,0.0066,1.0,8221.0,164.0
2021-01-05 09:50:45.681,0.0068,0.0068,25.0,0.0066,1.0,8221.0,164.0
2021-01-05 09:50:46.250,0.0068,0.0067,15.0,0.0066,1.0,8221.0,164.0
2021-01-05 09:50:46.740,0.0068,0.0067,15.0,0.0066,1.0,8221.0,164.0
2021-01-05 09:50:47.241,0.0068,0.0069,20.0,0.0066,1.0,8221.0,164.0
2021-01-05 09:50:47.700,0.0068,0.0068,25.0,0.0066,1.0,8221.0,164.0
2021-01-05 09:50:48.261,0.0068,0.0067,15.0,0.0066,1.0,8221.0,164.0
2021-01-05 09:50:48.770,0.0068,0.0067,15.0,0.0066,1.0,8221.0,164.0
2021-01-05 09:50:49.191,0.0068,0.0069,20.0,0.0066,1.0,8221.0,164.0
2021-01-05 09:50:50.271,0.0068,0.0067,15.0,0.0066,1.0,8221.0,164.0
2021-01-05 09:50:50.730,0.0068,0.0067,15.0,0.0066,1.0,8221.0,164.0
2021-01-05 09:50:51.270,0.0068,0.0068,15.0,0.0066,1.0,8221.0,164.0
2021-01-05 09:50:51.771,0.0068,0.0068,25.0,0.0066,1.0,8221.0,164.0
2021-01-05 09:50:52.230,0.0068,0.0067,15.0,0.0066,1.0,8221.0,164.0
2021-01-05 09:50:52.730,0.0068,0.0067,15.0,0.0066,1.0,8221.0,164.0
2021-01-05 09:50:54.230,0.0068,0.0067,15.0,0.0066,1.0,8221.0,164.0
2021-01-05 09:50:54.680,0.0068,0.0068,15.0,0.0066,1.0,8221.0,164.0
2021-01-05 09:50:55.221,0.0068,0.0068,25.0,0.0066,1.0,8221.0,164.0
2021-01-05 09:50:55.640,0.0068,0.0067,15.0,0.0066,1.0,8221.0,164.0
2021-01-05 09:50:56.241,0.0068,0.0068,15.0,0.0066,1.0,8221.0,164.0
2021-01-05 09:50:56.691,0.0068,0.0068,25.0,0.0066,1.0,8221.0,164.0
2021-01-05 09:50:57.221,0.0068,0.0068,20.0,0.0066,1.0,8221.0,164.0
2021-01-05 09:50:57.411,0.0068,0.0067,25.0,0.0066,1.0,8221.0,164.0
2021-01-05 09:50:58.130,0.0068,0.0067,25.0,0.0066,1.0,8221.0,164.0
2021-01-05 09:50:58.741,0.0068,0.0067,15.0,0.0066,1.0,8221.0,164.0
2021-01-05 09:50:59.090,0.0068,0.0067,25.0,0.0066,1.0,8221.0,164.0
2021-01-05 09:51:00.710,0.0068,0.0067,45.0,0.0066,1.0,8221.0,164.0
2021-01-05 09:51:01.670,0.0068,0.0067,25.0,0.0066,1.0,8221.0,164.0
2021-01-05 09:51:11.270,0.0068,0.0067,45.0,0.0066,1.0,8221.0,164.0
2021-01-05 09:51:11.781,0.0066,0.0066,14.0,0.0065,11.0,8221.0,165.0
2021-01-05 09:51:12.271,0.0066,0.0067,35.0,0.0065,11.0,8221.0,165.0
2021-01-05 09:51:12.791,0.0066,0.0067,45.0,0.0065,11.0,8221.0,165.0
2021-01-05 09:51:13.291,0.0066,0.0067,45.0,0.0065,11.0,8221.0,165.0
2021-01-05 09:51:13.810,0.0066,0.0066,15.0,0.0065,11.0,8221.0,165.0
2021-01-05 09:51:14.280,0.0066,0.0066,15.0,0.0065,11.0,8221.0,165.0
2021-01-05 09:51:15.250,0.0066,0.0067,25.0,0.0065,11.0,8221.0,165.0
2021-01-05 09:51:15.761,0.0066,0.0067,45.0,0.0065,11.0,8221.0,165.0
2021-01-05 09:51:16.730,0.0066,0.0066,15.0,0.0065,11.0,8221.0,165.0
2021-01-05 09:51:17.310,0.0066,0.0067,20.0,0.0065,11.0,8221.0,165.0
2021-01-05 09:51:17.811,0.0066,0.0066,15.0,0.0065,11.0,8221.0,165.0
2021-01-05 09:51:18.311,0.0066,0.0066,15.0,0.0065,11.0,8221.0,165.0
2021-01-05 09:51:18.791,0.0066,0.0067,35.0,0.0065,11.0,8221.0,165.0
2021-01-05 09:51:19.281,0.0066,0.0067,10.0,0.0065,11.0,8221.0,165.0
2021-01-05 09:51:19.800,0.0066,0.0067,25.0,0.0065,11.0,8221.0,165.0
2021-01-05 09:51:20.261,0.0066,0.0066,15.0,0.0065,11.0,8221.0,165.0
2021-01-05 09:51:20.810,0.0066,0.0067,15.0,0.0065,11.0,8221.0,165.0
2021-01-05 09:51:21.290,0.0066,0.0067,25.0,0.0065,11.0,8221.0,165.0
2021-01-05 09:51:21.780,0.0066,0.0066,15.0,0.0065,11.0,8221.0,165.0
2021-01-05 09:51:22.301,0.0066,0.0066,15.0,0.0065,11.0,8221.0,165.0
2021-01-05 09:51:22.451,0.0066,0.0067,15.0,0.0065,11.0,8221.0,165.0
2021-01-05 09:51:23.250,0.0066,0.0067,25.0,0.0065,11.0,8221.0,165.0
2021-01-05 09:51:24.251,0.0066,0.0066,15.0,0.0065,11.0,8221.0,165.0
2021-01-05 09:51:24.760,0.0066,0.0067,15.0,0.0065,11.0,8221.0,165.0
2021-01-05 09:51:25.221,0.0066,0.0067,25.0,0.0065,11.0,8221.0,165.0
2021-01-05 09:51:25.530,0.0066,0.0067,10.0,0.0065,11.0,8221.0,165.0
2021-01-05 09:51:26.270,0.0066,0.0067,25.0,0.0065,11.0,8221.0,165.0
2021-01-05 09:51:27.211,0.0066,0.0067,25.0,0.0065,11.0,8221.0,165.0
2021-01-05 09:51:27.770,0.0066,0.0067,25.0,0.0065,11.0,8221.0,165.0
2021-01-05 09:51:28.250,0.0066,0.0066,15.0,0.0065,11.0,8221.0,165.0
2021-01-05 09:51:29.271,0.0066,0.0067,25.0,0.0065,11.0,8221.0,165.0
2021-01-05 09:51:29.770,0.0066,0.0067,45.0,0.0065,11.0,8221.0,165.0
2021-01-05 09:51:29.770,0.0066,0.0066,15.0,0.0065,11.0,8221.0,165.0
2021-01-05 09:51:30.750,0.0066,0.0067,20.0,0.0065,11.0,8221.0,165.0
2021-01-05 09:51:31.270,0.0066,0.0066,15.0,0.0065,11.0,8221.0,165.0
2021-01-05 09:51:31.560,0.0066,0.0066,15.0,0.0065,11.0,8221.0,165.0
2021-01-05 09:51:32.250,0.0066,0.0066,15.0,0.0065,11.0,8221.0,165.0
2021-01-05 09:51:33.291,0.0066,0.0067,20.0,0.0065,11.0,8221.0,165.0
2021-01-05 09:51:33.510,0.0066,0.0066,15.0,0.0065,11.0,8221.0,165.0
2021-01-05 09:51:35.220,0.0066,0.0066,15.0,0.0065,11.0,8221.0,165.0
2021-01-05 09:51:37.791,0.0066,0.0067,20.0,0.0065,11.0,8221.0,165.0
2021-01-05 09:51:38.290,0.0066,0.0066,15.0,0.0065,11.0,8221.0,165.0
2021-01-05 09:51:38.770,0.0066,0.0066,15.0,0.0065,11.0,8221.0,165.0
2021-01-05 09:51:42.791,0.0066,0.0066,35.0,0.0065,11.0,8221.0,165.0
2021-01-05 09:51:43.260,0.0066,0.0066,15.0,0.0065,11.0,8221.0,165.0
2021-01-05 09:51:46.311,0.0066,0.0066,15.0,0.0065,10.0,8221.0,165.0
2021-01-05 09:51:46.800,0.0066,0.0067,15.0,0.0065,10.0,8221.0,165.0
2021-01-05 09:51:47.331,0.0066,0.0067,45.0,0.0065,10.0,8221.0,165.0
2021-01-05 09:51:47.811,0.0066,0.0066,15.0,0.0065,10.0,8221.0,165.0
2021-01-05 09:51:48.260,0.0066,0.0067,20.0,0.0065,10.0,8221.0,165.0
2021-01-05 09:51:48.771,0.0066,0.0066,15.0,0.0065,10.0,8221.0,165.0
2021-01-05 09:51:49.281,0.0066,0.0066,15.0,0.0065,10.0,8221.0,165.0
2021-01-05 09:51:51.830,0.0066,0.0066,15.0,0.0065,10.0,8221.0,165.0
2021-01-05 09:51:52.301,0.0066,0.0068,20.0,0.0065,10.0,8221.0,165.0
2021-01-05 09:51:52.731,0.0066,0.0067,25.0,0.0065,10.0,8221.0,165.0
2021-01-05 09:51:53.161,0.0066,0.0066,15.0,0.0065,10.0,8221.0,165.0
2021-01-05 09:51:54.231,0.0066,0.0068,20.0,0.0065,10.0,8221.0,165.0
