,last,ask1,asize1,bid1,bsize1,oi,volume
2021-01-05 09:15:00.550,0.0777,0.0777,2.0,0.0777,2.0,120187.0,
2021-01-05 09:15:01.560,0.0749,0.0749,2.0,0.0749,2.0,120187.0,
2021-01-05 09:15:02.571,0.0712,0.0712,2.0,0.0712,2.0,120187.0,
2021-01-05 09:15:27.071,0.08,0.08,20.0,0.08,20.0,120187.0,
2021-01-05 09:15:31.281,0.0799,0.0799,20.0,0.0799,20.0,120187.0,
2021-01-05 09:16:01.650,0.08,0.08,20.0,0.08,20.0,120187.0,
2021-01-05 09:16:07.490,0.08,0.08,20.0,0.08,20.0,120187.0,
2021-01-05 09:16:26.130,0.0875,0.0875,112.0,0.0875,112.0,120187.0,
2021-01-05 09:16:26.630,0.0885,0.0885,116.0,0.0885,116.0,120187.0,
2021-01-05 09:16:27.131,0.0895,0.0895,120.0,0.0895,120.0,120187.0,
2021-01-05 09:16:37.290,0.0895,0.0895,120.0,0.0895,120.0,120187.0,
2021-01-05 09:16:39.301,0.0895,0.0895,120.0,0.0895,120.0,120187.0,
2021-01-05 09:16:41.831,0.0895,0.0895,120.0,0.0895,120.0,120187.0,
2021-01-05 09:16:45.391,0.0895,0.0895,120.0,0.0895,120.0,120187.0,
2021-01-05 09:16:52.111,0.08,0.08,20.0,0.08,20.0,120187.0,
2021-01-05 09:16:54.801,0.08,0.08,20.0,0.08,20.0,120187.0,
2021-01-05 09:17:03.421,0.08,0.08,20.0,0.08,20.0,120187.0,
2021-01-05 09:17:13.011,0.08,0.08,20.0,0.08,20.0,120187.0,
2021-01-05 09:17:27.680,0.08,0.08,20.0,0.08,20.0,120187.0,
2021-01-05 09:17:35.460,0.0712,0.0712,2.0,0.0712,2.0,120187.0,
2021-01-05 09:18:26.700,0.0712,0.0712,2.0,0.0712,2.0,120187.0,
2021-01-05 09:18:45.711,0.0712,0.0712,2.0,0.0712,2.0,120187.0,
2021-01-05 09:19:03.431,0.07,0.07,2.0,0.07,2.0,120187.0,
2021-01-05 09:19:07.271,0.07,0.07,2.0,0.07,2.0,120187.0,
2021-01-05 09:19:13.130,0.07,0.07,3.0,0.07,3.0,120187.0,
2021-01-05 09:19:29.471,0.07,0.07,4.0,0.07,4.0,120187.0,
2021-01-05 09:19:40.800,0.07,0.07,5.0,0.07,5.0,120187.0,
2021-01-05 09:19:46.891,0.07,0.07,6.0,0.07,6.0,120187.0,
2021-01-05 09:19:50.960,0.07,0.07,9.0,0.07,9.0,120187.0,
2021-01-05 09:19:55.321,0.07,0.07,10.0,0.07,10.0,120187.0,
2021-01-05 09:20:10.131,0.07,0.07,10.0,0.07,10.0,120187.0,
2021-01-05 09:20:22.030,0.07,0.07,10.0,0.07,10.0,120187.0,
2021-01-05 09:20:47.550,0.07,0.07,10.0,0.07,10.0,120187.0,
2021-01-05 09:21:10.511,0.07,0.07,11.0,0.07,11.0,120187.0,
2021-01-05 09:21:36.461,0.07,0.07,11.0,0.07,11.0,120187.0,
2021-01-05 09:21:45.551,0.07,0.07,21.0,0.07,21.0,120187.0,
2021-01-05 09:21:51.971,0.07,0.07,21.0,0.07,21.0,120187.0,
2021-01-05 09:22:03.071,0.0705,0.0705,29.0,0.0705,29.0,120187.0,
2021-01-05 09:22:03.571,0.0724,0.0724,41.0,0.0724,41.0,120187.0,
2021-01-05 09:22:15.280,0.0724,0.0724,41.0,0.0724,41.0,120187.0,
2021-01-05 09:22:15.791,0.0724,0.0724,41.0,0.0724,41.0,120187.0,
2021-01-05 09:22:19.410,0.0724,0.0724,43.0,0.0724,43.0,120187.0,
2021-01-05 09:22:23.661,0.0724,0.0724,45.0,0.0724,45.0,120187.0,
2021-01-05 09:22:27.700,0.0724,0.0724,45.0,0.0724,45.0,120187.0,
2021-01-05 09:22:35.390,0.0724,0.0724,55.0,0.0724,55.0,120187.0,
2021-01-05 09:22:51.100,0.0724,0.0724,55.0,0.0724,55.0,120187.0,
2021-01-05 09:22:54.670,0.0724,0.0724,70.0,0.0724,70.0,120187.0,
2021-01-05 09:22:57.181,0.0724,0.0724,80.0,0.0724,80.0,120187.0,
2021-01-05 09:23:06.231,0.0724,0.0724,80.0,0.0724,80.0,120187.0,
2021-01-05 09:23:12.290,0.072,0.072,80.0,0.072,80.0,120187.0,
2021-01-05 09:23:14.810,0.072,0.072,80.0,0.072,80.0,120187.0,
2021-01-05 09:23:16.820,0.072,0.072,81.0,0.072,81.0,120187.0,
2021-01-05 09:23:21.870,0.072,0.072,81.0,0.072,81.0,120187.0,
2021-01-05 09:23:23.150,0.072,0.072,91.0,0.072,91.0,120187.0,
2021-01-05 09:23:23.651,0.072,0.072,91.0,0.072,91.0,120187.0,
2021-01-05 09:23:24.151,0.072,0.072,92.0,0.072,92.0,120187.0,
2021-01-05 09:23:27.670,0.072,0.072,92.0,0.072,92.0,120187.0,
2021-01-05 09:23:29.680,0.072,0.072,92.0,0.072,92.0,120187.0,
2021-01-05 09:23:47.300,0.072,0.072,92.0,0.072,92.0,120187.0,
2021-01-05 09:23:52.341,0.072,0.072,92.0,0.072,92.0,120187.0,
2021-01-05 09:23:56.671,0.072,0.072,92.0,0.072,92.0,120187.0,
2021-01-05 09:23:57.170,0.072,0.072,92.0,0.072,92.0,120187.0,
2021-01-05 09:24:02.240,0.072,0.072,92.0,0.072,92.0,120187.0,
2021-01-05 09:24:02.751,0.072,0.072,92.0,0.072,92.0,120187.0,
2021-01-05 09:24:06.311,0.072,0.072,105.0,0.072,105.0,120187.0,
2021-01-05 09:24:06.801,0.072,0.072,105.0,0.072,105.0,120187.0,
2021-01-05 09:24:11.851,0.072,0.072,105.0,0.072,105.0,120187.0,
2021-01-05 09:24:12.351,0.072,0.072,105.0,0.072,105.0,120187.0,
2021-01-05 09:24:14.881,0.072,0.072,105.0,0.072,105.0,120187.0,
2021-01-05 09:24:15.891,0.072,0.072,110.0,0.072,110.0,120187.0,
2021-01-05 09:24:16.400,0.0719,0.0719,110.0,0.0719,110.0,120187.0,
2021-01-05 09:24:18.930,0.0719,0.0719,110.0,0.0719,110.0,120187.0,
2021-01-05 09:24:19.430,0.0719,0.0719,110.0,0.0719,110.0,120187.0,
2021-01-05 09:24:19.931,0.0719,0.0719,120.0,0.0719,120.0,120187.0,
2021-01-05 09:24:20.431,0.0719,0.0719,137.0,0.0719,137.0,120187.0,
2021-01-05 09:24:22.450,0.0719,0.0719,137.0,0.0719,137.0,120187.0,
2021-01-05 09:24:26.671,0.0719,0.0719,141.0,0.0719,141.0,120187.0,
2021-01-05 09:24:27.170,0.0719,0.0719,157.0,0.0719,157.0,120187.0,
2021-01-05 09:24:32.221,0.0719,0.0719,157.0,0.0719,157.0,120187.0,
2021-01-05 09:24:33.711,0.0719,0.0719,162.0,0.0719,162.0,120187.0,
2021-01-05 09:24:34.220,0.0719,0.0719,162.0,0.0719,162.0,120187.0,
2021-01-05 09:24:34.720,0.0719,0.0719,162.0,0.0719,162.0,120187.0,
2021-01-05 09:24:35.221,0.0719,0.0719,163.0,0.0719,163.0,120187.0,
2021-01-05 09:24:38.241,0.0719,0.0719,173.0,0.0719,173.0,120187.0,
2021-01-05 09:24:39.240,0.0719,0.0719,174.0,0.0719,174.0,120187.0,
2021-01-05 09:24:39.751,0.0719,0.0719,174.0,0.0719,174.0,120187.0,
2021-01-05 09:24:40.241,0.0719,0.0719,174.0,0.0719,174.0,120187.0,
2021-01-05 09:24:45.270,0.0719,0.0719,184.0,0.0719,184.0,120187.0,
2021-01-05 09:24:47.280,0.0719,0.0719,184.0,0.0719,184.0,120187.0,
2021-01-05 09:24:49.291,0.0719,0.0719,184.0,0.0719,184.0,120187.0,
2021-01-05 09:24:50.290,0.0719,0.0719,189.0,0.0719,189.0,120187.0,
2021-01-05 09:24:50.790,0.0717,0.0717,199.0,0.0717,199.0,120187.0,
2021-01-05 09:24:51.291,0.0717,0.0717,209.0,0.0717,209.0,120187.0,
2021-01-05 09:24:52.300,0.0717,0.0717,213.0,0.0717,213.0,120187.0,
2021-01-05 09:24:52.651,0.0717,0.0717,213.0,0.0717,213.0,120187.0,
2021-01-05 09:24:53.160,0.0717,0.0717,213.0,0.0717,213.0,120187.0,
2021-01-05 09:24:54.161,0.0717,0.0717,228.0,0.0717,228.0,120187.0,
2021-01-05 09:24:55.170,0.0717,0.0717,228.0,0.0717,228.0,120187.0,
2021-01-05 09:24:56.171,0.0717,0.0717,228.0,0.0717,228.0,120187.0,
2021-01-05 09:24:56.670,0.0716,0.0716,228.0,0.0716,228.0,120187.0,
2021-01-05 09:24:57.181,0.0714,0.0714,228.0,0.0714,228.0,120187.0,
2021-01-05 09:24:58.171,0.0718,0.0718,288.0,0.0718,288.0,120187.0,
2021-01-05 09:24:58.680,0.0719,0.0719,357.0,0.0719,357.0,120187.0,
2021-01-05 09:24:59.181,0.0719,0.0719,357.0,0.0719,357.0,120187.0,
2021-01-05 09:24:59.681,0.0719,0.0719,384.0,0.0719,384.0,120187.0,
2021-01-05 09:25:00.080,0.0719,0.0719,91.0,0.0705,12.0,120256.0,384.0
2021-01-05 09:30:00.451,0.0718,0.0718,75.0,0.071,30.0,120340.0,719.0
2021-01-05 09:30:00.991,0.07,0.07,89.0,0.0698,10.0,120599.0,1322.0
2021-01-05 09:30:01.481,0.0706,0.0715,10.0,0.0706,24.0,120563.0,1446.0
2021-01-05 09:30:01.990,0.0699,0.0715,10.0,0.0699,6.0,120583.0,1495.0
2021-01-05 09:30:02.440,0.0699,0.0703,10.0,0.0698,20.0,120583.0,1495.0
2021-01-05 09:30:03.010,0.0698,0.0715,10.0,0.0698,20.0,120606.0,1525.0
2021-01-05 09:30:03.460,0.0698,0.0715,10.0,0.0698,1.0,120616.0,1535.0
2021-01-05 09:30:03.980,0.0703,0.0715,7.0,0.0696,2.0,120624.0,1563.0
2021-01-05 09:30:04.430,0.0704,0.0715,27.0,0.0697,8.0,120622.0,1565.0
2021-01-05 09:30:05.010,0.0715,0.0715,4.0,0.0698,5.0,120625.0,1568.0
2021-01-05 09:30:05.471,0.0698,0.0698,12.0,0.0697,8.0,120599.0,1610.0
2021-01-05 09:30:05.990,0.0719,0.0719,73.0,0.0704,10.0,120568.0,1767.0
2021-01-05 09:30:06.480,0.0719,0.0719,30.0,0.0705,5.0,120607.0,1820.0
2021-01-05 09:30:06.941,0.072,0.072,356.0,0.0715,10.0,120619.0,1891.0
2021-01-05 09:30:07.471,0.072,0.072,318.0,0.0716,8.0,120622.0,1935.0
2021-01-05 09:30:07.801,0.072,0.072,280.0,0.0711,20.0,120614.0,1983.0
2021-01-05 09:30:08.520,0.072,0.072,259.0,0.0712,5.0,120600.0,2004.0
2021-01-05 09:30:08.960,0.0715,0.072,236.0,0.0712,25.0,120588.0,2037.0
2021-01-05 09:30:09.490,0.072,0.072,174.0,0.0715,4.0,120572.0,2100.0
2021-01-05 09:30:09.861,0.072,0.072,118.0,0.0715,11.0,120571.0,2158.0
2021-01-05 09:30:10.501,0.0719,0.0719,9.0,0.0718,10.0,120557.0,2210.0
2021-01-05 09:30:11.000,0.072,0.072,82.0,0.0719,21.0,120553.0,2223.0
2021-01-05 09:30:11.440,0.072,0.072,36.0,0.0719,8.0,120541.0,2279.0
2021-01-05 09:30:11.970,0.0721,0.0721,39.0,0.0719,1.0,120520.0,2325.0
2021-01-05 09:30:12.470,0.0721,0.0721,14.0,0.0719,11.0,120500.0,2360.0
2021-01-05 09:30:12.860,0.0721,0.0717,10.0,0.0715,9.0,120504.0,2390.0
2021-01-05 09:30:13.390,0.0718,0.0718,14.0,0.071,20.0,120523.0,2410.0
2021-01-05 09:30:13.941,0.0712,0.0718,30.0,0.071,38.0,120525.0,2418.0
2021-01-05 09:30:14.521,0.0719,0.0719,34.0,0.071,58.0,120566.0,2469.0
2021-01-05 09:30:14.971,0.0718,0.0718,7.0,0.0709,8.0,120578.0,2537.0
2021-01-05 09:30:15.280,0.0718,0.0716,2.0,0.071,1.0,120578.0,2537.0
2021-01-05 09:30:15.991,0.0715,0.0715,2.0,0.0712,2.0,120628.0,2589.0
2021-01-05 09:30:16.391,0.0711,0.0711,14.0,0.0708,16.0,120630.0,2598.0
2021-01-05 09:30:17.021,0.0708,0.0707,7.0,0.0704,8.0,120632.0,2601.0
2021-01-05 09:30:17.641,0.07,0.0708,8.0,0.07,30.0,120643.0,2693.0
2021-01-05 09:30:18.171,0.07,0.0703,5.0,0.07,17.0,120643.0,2721.0
2021-01-05 09:30:18.750,0.0705,0.0703,8.0,0.0699,8.0,120698.0,2791.0
2021-01-05 09:30:19.241,0.0698,0.0704,8.0,0.0698,8.0,120706.0,2807.0
2021-01-05 09:30:19.751,0.0704,0.0704,40.0,0.0698,8.0,120711.0,2812.0
2021-01-05 09:30:20.190,0.0704,0.0704,7.0,0.0698,15.0,120714.0,2819.0
2021-01-05 09:30:20.721,0.0699,0.0706,8.0,0.0699,4.0,120710.0,2823.0
2021-01-05 09:30:21.241,0.0704,0.0706,8.0,0.0704,9.0,120709.0,2825.0
2021-01-05 09:30:21.741,0.0705,0.0708,8.0,0.0699,7.0,120719.0,2841.0
2021-01-05 09:30:21.941,0.0706,0.0708,20.0,0.0705,10.0,120717.0,2883.0
2021-01-05 09:30:22.671,0.07,0.0708,30.0,0.07,3.0,120698.0,2911.0
2021-01-05 09:30:23.170,0.0708,0.0708,63.0,0.0703,10.0,120699.0,2918.0
2021-01-05 09:30:23.670,0.0708,0.0709,16.0,0.0708,5.0,120699.0,2922.0
2021-01-05 09:30:24.140,0.0708,0.071,12.0,0.0709,4.0,120671.0,2952.0
2021-01-05 09:30:24.661,0.0714,0.0715,18.0,0.0711,3.0,120654.0,2994.0
2021-01-05 09:30:24.830,0.0711,0.0715,2.0,0.0713,10.0,120654.0,2995.0
2021-01-05 09:30:25.671,0.0711,0.0713,10.0,0.071,7.0,120666.0,3037.0
2021-01-05 09:30:26.171,0.0715,0.0718,24.0,0.0715,17.0,120680.0,3065.0
2021-01-05 09:30:26.551,0.071,0.0718,33.0,0.0715,5.0,120693.0,3091.0
2021-01-05 09:30:27.170,0.0718,0.0716,10.0,0.0715,20.0,120708.0,3126.0
2021-01-05 09:30:27.671,0.0715,0.0718,13.0,0.0715,47.0,120750.0,3189.0
2021-01-05 09:30:28.161,0.0715,0.0718,8.0,0.0715,6.0,120797.0,3236.0
2021-01-05 09:30:28.630,0.072,0.072,47.0,0.0718,2.0,120822.0,3287.0
2021-01-05 09:30:29.141,0.0718,0.0715,10.0,0.0712,13.0,120832.0,3362.0
2021-01-05 09:30:29.550,0.0718,0.0715,8.0,0.0712,8.0,120837.0,3385.0
2021-01-05 09:30:30.151,0.0715,0.0715,6.0,0.0712,6.0,120883.0,3459.0
2021-01-05 09:30:30.620,0.0711,0.0713,10.0,0.0709,16.0,120868.0,3514.0
2021-01-05 09:30:31.121,0.0706,0.0711,10.0,0.0706,8.0,120918.0,3585.0
2021-01-05 09:30:31.661,0.0712,0.0712,37.0,0.0706,10.0,120919.0,3596.0
2021-01-05 09:30:32.061,0.0712,0.0712,67.0,0.0711,5.0,120919.0,3596.0
2021-01-05 09:30:32.620,0.071,0.071,7.0,0.0704,53.0,120925.0,3604.0
2021-01-05 09:30:33.171,0.071,0.0709,15.0,0.0704,53.0,120939.0,3624.0
2021-01-05 09:30:33.671,0.0709,0.0709,30.0,0.0704,57.0,120940.0,3627.0
2021-01-05 09:30:34.141,0.0711,0.0706,6.0,0.0704,57.0,121040.0,3727.0
2021-01-05 09:30:34.670,0.0705,0.0705,10.0,0.0704,75.0,121047.0,3745.0
2021-01-05 09:30:35.031,0.0705,0.0711,24.0,0.0705,5.0,121071.0,3779.0
2021-01-05 09:30:35.680,0.071,0.071,25.0,0.0706,11.0,121081.0,3792.0
2021-01-05 09:30:36.160,0.0707,0.0709,15.0,0.0707,11.0,121079.0,3800.0
2021-01-05 09:30:36.681,0.0708,0.0706,1.0,0.0704,27.0,121069.0,3865.0
2021-01-05 09:30:37.171,0.0705,0.0705,2.0,0.0704,33.0,121068.0,3898.0
2021-01-05 09:30:37.551,0.0705,0.0706,12.0,0.0705,3.0,121069.0,3900.0
2021-01-05 09:30:38.001,0.071,0.0709,10.0,0.0705,13.0,121065.0,3915.0
2021-01-05 09:30:38.671,0.071,0.071,5.0,0.0705,29.0,121068.0,3950.0
2021-01-05 09:30:39.201,0.0705,0.071,15.0,0.0705,78.0,121059.0,3966.0
2021-01-05 09:30:39.451,0.0705,0.071,15.0,0.0705,50.0,121062.0,3972.0
2021-01-05 09:30:40.170,0.0705,0.071,5.0,0.0708,1.0,121062.0,3973.0
2021-01-05 09:30:40.690,0.0705,0.071,5.0,0.0708,1.0,121062.0,3973.0
2021-01-05 09:30:41.151,0.0705,0.071,13.0,0.0705,53.0,121062.0,3980.0
2021-01-05 09:30:41.701,0.0705,0.071,3.0,0.0705,64.0,121062.0,3981.0
2021-01-05 09:30:42.181,0.0712,0.0709,10.0,0.0705,112.0,121076.0,4004.0
2021-01-05 09:30:42.611,0.071,0.0712,19.0,0.071,30.0,121096.0,4024.0
2021-01-05 09:30:43.180,0.0705,0.0709,10.0,0.0705,54.0,121123.0,4104.0
2021-01-05 09:30:43.681,0.0704,0.071,10.0,0.0704,26.0,121181.0,4162.0
2021-01-05 09:30:44.181,0.0702,0.0705,1.0,0.0702,14.0,121201.0,4192.0
2021-01-05 09:30:44.650,0.0701,0.0704,5.0,0.0701,32.0,121207.0,4204.0
2021-01-05 09:30:45.051,0.0701,0.0704,5.0,0.0701,4.0,121207.0,4204.0
2021-01-05 09:30:45.710,0.0704,0.0701,20.0,0.07,64.0,121209.0,4220.0
2021-01-05 09:30:46.181,0.0703,0.0703,5.0,0.07,40.0,121217.0,4258.0
2021-01-05 09:30:46.671,0.0701,0.0701,4.0,0.07,39.0,121218.0,4260.0
2021-01-05 09:30:47.191,0.0704,0.0705,11.0,0.0704,25.0,121254.0,4304.0
2021-01-05 09:30:47.691,0.07,0.0702,10.0,0.07,11.0,121289.0,4345.0
2021-01-05 09:30:48.181,0.0696,0.0701,15.0,0.0696,14.0,121292.0,4370.0
2021-01-05 09:30:48.711,0.07,0.07,5.0,0.0697,8.0,121292.0,4375.0
2021-01-05 09:30:49.210,0.0699,0.0699,5.0,0.0698,3.0,121288.0,4390.0
2021-01-05 09:30:49.621,0.0699,0.07,20.0,0.0696,14.0,121303.0,4423.0
2021-01-05 09:30:50.171,0.0696,0.0696,22.0,0.0695,8.0,121287.0,4453.0
2021-01-05 09:30:50.720,0.0696,0.0697,10.0,0.0696,11.0,121279.0,4488.0
2021-01-05 09:30:51.170,0.0696,0.0696,5.0,0.0695,6.0,121300.0,4519.0
2021-01-05 09:30:51.721,0.0701,0.0701,28.0,0.0697,6.0,121285.0,4549.0
2021-01-05 09:30:52.221,0.07,0.0701,43.0,0.07,19.0,121311.0,4580.0
2021-01-05 09:30:52.551,0.0699,0.07,10.0,0.0695,6.0,121335.0,4604.0
2021-01-05 09:30:52.931,0.0695,0.0699,2.0,0.0695,20.0,121335.0,4605.0
2021-01-05 09:30:53.660,0.0697,0.0699,24.0,0.0697,46.0,121339.0,4609.0
2021-01-05 09:30:54.130,0.0697,0.0699,96.0,0.0697,27.0,121348.0,4628.0
2021-01-05 09:30:54.580,0.0696,0.0697,5.0,0.0696,5.0,121401.0,4702.0
2021-01-05 09:30:55.081,0.0697,0.0697,6.0,0.0695,7.0,121401.0,4724.0
2021-01-05 09:30:55.671,0.0694,0.0696,48.0,0.0694,7.0,121406.0,4735.0
2021-01-05 09:30:56.170,0.0696,0.0696,40.0,0.0694,7.0,121394.0,4748.0
2021-01-05 09:30:56.631,0.0696,0.0696,34.0,0.0694,7.0,121388.0,4754.0
2021-01-05 09:30:57.171,0.0694,0.0698,25.0,0.0693,18.0,121419.0,4850.0
2021-01-05 09:30:57.600,0.0698,0.07,22.0,0.0694,10.0,121422.0,4854.0
2021-01-05 09:30:58.091,0.0694,0.0699,10.0,0.0697,5.0,121422.0,4855.0
2021-01-05 09:30:58.651,0.0699,0.07,14.0,0.0699,4.0,121428.0,4876.0
2021-01-05 09:30:59.081,0.0701,0.0702,11.0,0.07,12.0,121414.0,4906.0
2021-01-05 09:30:59.630,0.0702,0.0704,17.0,0.0702,4.0,121413.0,4921.0
2021-01-05 09:31:00.011,0.0699,0.07,5.0,0.0699,18.0,121416.0,4955.0
2021-01-05 09:31:00.531,0.0704,0.0705,1.0,0.0702,10.0,121417.0,4983.0
2021-01-05 09:31:00.860,0.0704,0.0704,15.0,0.07,16.0,121432.0,5011.0
2021-01-05 09:31:01.680,0.0704,0.0709,20.0,0.0704,6.0,121427.0,5031.0
2021-01-05 09:31:02.170,0.0704,0.0707,10.0,0.0704,32.0,121427.0,5031.0
2021-01-05 09:31:02.681,0.0707,0.0709,20.0,0.0705,50.0,121427.0,5037.0
2021-01-05 09:31:03.131,0.0711,0.0712,3.0,0.0707,20.0,121462.0,5088.0
2021-01-05 09:31:03.680,0.0718,0.0718,9.0,0.071,10.0,121459.0,5125.0
2021-01-05 09:31:04.051,0.0712,0.0715,2.0,0.0712,11.0,121454.0,5156.0
2021-01-05 09:31:04.671,0.0716,0.0715,10.0,0.0713,15.0,121465.0,5178.0
2021-01-05 09:31:05.130,0.0714,0.0716,10.0,0.0714,13.0,121448.0,5211.0
2021-01-05 09:31:05.591,0.0714,0.0718,8.0,0.0715,10.0,121449.0,5253.0
2021-01-05 09:31:06.160,0.0713,0.0714,6.0,0.0712,26.0,121458.0,5273.0
2021-01-05 09:31:06.521,0.0713,0.0713,14.0,0.0709,39.0,121506.0,5347.0
2021-01-05 09:31:07.190,0.0709,0.0712,1.0,0.0709,2.0,121489.0,5377.0
2021-01-05 09:31:07.651,0.0707,0.0707,1.0,0.0706,16.0,121489.0,5447.0
2021-01-05 09:31:07.951,0.071,0.0708,25.0,0.0707,6.0,121487.0,5454.0
2021-01-05 09:31:08.590,0.0706,0.0704,10.0,0.0702,14.0,121519.0,5515.0
2021-01-05 09:31:09.051,0.0707,0.0707,22.0,0.0702,1.0,121561.0,5581.0
2021-01-05 09:31:09.701,0.0703,0.0706,15.0,0.0703,9.0,121562.0,5585.0
2021-01-05 09:31:10.200,0.0704,0.0705,15.0,0.0704,5.0,121587.0,5643.0
2021-01-05 09:31:10.661,0.0704,0.0704,1.0,0.0702,46.0,121610.0,5671.0
2021-01-05 09:31:11.170,0.0703,0.0703,21.0,0.0702,36.0,121607.0,5675.0
2021-01-05 09:31:11.701,0.0705,0.0705,15.0,0.0704,3.0,121589.0,5706.0
2021-01-05 09:31:12.171,0.0706,0.0705,16.0,0.0704,10.0,121594.0,5711.0
2021-01-05 09:31:12.621,0.0704,0.0706,2.0,0.0704,19.0,121579.0,5728.0
2021-01-05 09:31:13.151,0.0704,0.0706,8.0,0.0704,11.0,121577.0,5733.0
2021-01-05 09:31:13.681,0.0704,0.0707,10.0,0.0706,1.0,121571.0,5745.0
2021-01-05 09:31:14.131,0.0706,0.0707,10.0,0.0706,1.0,121583.0,5767.0
2021-01-05 09:31:14.690,0.0706,0.0708,20.0,0.0707,4.0,121583.0,5770.0
2021-01-05 09:31:15.110,0.0706,0.0709,15.0,0.0707,5.0,121589.0,5804.0
2021-01-05 09:31:15.420,0.071,0.071,24.0,0.0708,1.0,121596.0,5814.0
2021-01-05 09:31:15.821,0.0706,0.071,24.0,0.0705,43.0,121596.0,5823.0
2021-01-05 09:31:16.711,0.0706,0.0706,5.0,0.0705,25.0,121596.0,5829.0
2021-01-05 09:31:17.201,0.0707,0.0707,14.0,0.0706,1.0,121604.0,5851.0
2021-01-05 09:31:17.650,0.0705,0.0706,5.0,0.0704,23.0,121604.0,5854.0
2021-01-05 09:31:18.121,0.0706,0.0706,3.0,0.0704,23.0,121604.0,5858.0
2021-01-05 09:31:18.691,0.0704,0.0704,9.0,0.0703,41.0,121611.0,5865.0
2021-01-05 09:31:19.150,0.0703,0.0703,19.0,0.0702,60.0,121649.0,5920.0
2021-01-05 09:31:19.540,0.0705,0.0703,50.0,0.0702,29.0,121680.0,5953.0
2021-01-05 09:31:20.161,0.0703,0.0703,23.0,0.0702,26.0,121713.0,5994.0
2021-01-05 09:31:20.641,0.0702,0.0703,6.0,0.0702,16.0,121719.0,6021.0
2021-01-05 09:31:21.221,0.0706,0.0708,50.0,0.0706,12.0,121757.0,6094.0
2021-01-05 09:31:21.640,0.0706,0.0707,43.0,0.0706,7.0,121761.0,6150.0
2021-01-05 09:31:22.211,0.0707,0.0708,9.0,0.0706,68.0,121776.0,6191.0
2021-01-05 09:31:22.620,0.0708,0.0708,3.0,0.0706,43.0,121745.0,6239.0
2021-01-05 09:31:22.950,0.0707,0.0708,3.0,0.0707,17.0,121744.0,6240.0
2021-01-05 09:31:23.550,0.0707,0.0708,6.0,0.0706,53.0,121742.0,6255.0
2021-01-05 09:31:23.980,0.0709,0.0709,15.0,0.0708,6.0,121743.0,6256.0
2021-01-05 09:31:24.610,0.0709,0.0709,15.0,0.0708,5.0,121744.0,6264.0
2021-01-05 09:31:25.131,0.0707,0.0708,35.0,0.0707,2.0,121740.0,6288.0
2021-01-05 09:31:25.630,0.0707,0.0707,4.0,0.0706,50.0,121751.0,6312.0
2021-01-05 09:31:26.101,0.0707,0.0708,74.0,0.0706,39.0,121749.0,6332.0
2021-01-05 09:31:26.681,0.0708,0.0707,50.0,0.0706,29.0,121759.0,6343.0
2021-01-05 09:31:27.060,0.0707,0.0707,51.0,0.0706,29.0,121754.0,6348.0
2021-01-05 09:31:27.590,0.0707,0.0707,82.0,0.0706,69.0,121754.0,6350.0
2021-01-05 09:31:28.091,0.0706,0.0707,106.0,0.0706,53.0,121754.0,6358.0
2021-01-05 09:31:28.610,0.0706,0.0707,141.0,0.0706,68.0,121754.0,6358.0
2021-01-05 09:31:29.140,0.0707,0.0707,131.0,0.0706,81.0,121750.0,6362.0
2021-01-05 09:31:29.641,0.0706,0.0707,68.0,0.0706,45.0,121750.0,6415.0
2021-01-05 09:31:29.910,0.0706,0.0706,6.0,0.0705,8.0,121769.0,6460.0
2021-01-05 09:31:30.621,0.0705,0.0706,15.0,0.0704,8.0,121768.0,6479.0
2021-01-05 09:31:31.101,0.0706,0.0706,1.0,0.0702,79.0,121804.0,6550.0
2021-01-05 09:31:31.630,0.0706,0.0707,7.0,0.0706,46.0,121809.0,6565.0
2021-01-05 09:31:32.191,0.0706,0.0707,7.0,0.0706,27.0,121818.0,6594.0
2021-01-05 09:31:32.671,0.0706,0.0707,7.0,0.0706,5.0,121824.0,6606.0
2021-01-05 09:31:33.190,0.0705,0.0706,50.0,0.0705,10.0,121829.0,6612.0
2021-01-05 09:31:33.380,0.0705,0.0705,15.0,0.0702,81.0,121820.0,6621.0
2021-01-05 09:31:34.181,0.0706,0.0706,76.0,0.0704,2.0,121814.0,6669.0
2021-01-05 09:31:34.500,0.0706,0.0706,75.0,0.0705,21.0,121798.0,6693.0
2021-01-05 09:31:35.190,0.0707,0.0707,3.0,0.0702,83.0,121758.0,6799.0
2021-01-05 09:31:35.651,0.0707,0.0706,10.0,0.0705,10.0,121758.0,6799.0
2021-01-05 09:31:36.181,0.0708,0.0708,16.0,0.0703,5.0,121758.0,6855.0
2021-01-05 09:31:36.690,0.0709,0.0709,37.0,0.0706,11.0,121755.0,6873.0
2021-01-05 09:31:37.130,0.0709,0.0709,38.0,0.0706,2.0,121785.0,6924.0
2021-01-05 09:31:37.620,0.0708,0.0708,13.0,0.0704,10.0,121807.0,6953.0
2021-01-05 09:31:38.150,0.0708,0.0708,58.0,0.0704,15.0,121836.0,6995.0
2021-01-05 09:31:38.621,0.0708,0.0708,20.0,0.0707,2.0,121880.0,7041.0
2021-01-05 09:31:39.210,0.0706,0.0706,13.0,0.0703,9.0,121882.0,7055.0
2021-01-05 09:31:39.710,0.0705,0.0705,13.0,0.0704,45.0,121892.0,7069.0
2021-01-05 09:31:40.190,0.0704,0.0705,26.0,0.0704,2.0,121938.0,7115.0
2021-01-05 09:31:40.711,0.0702,0.0703,5.0,0.0702,36.0,121970.0,7147.0
2021-01-05 09:31:41.141,0.0702,0.0702,35.0,0.0701,30.0,122006.0,7196.0
2021-01-05 09:31:41.691,0.0702,0.0702,73.0,0.0699,7.0,122044.0,7242.0
2021-01-05 09:31:42.211,0.07,0.07,60.0,0.0699,5.0,122045.0,7255.0
2021-01-05 09:31:42.711,0.0699,0.0698,5.0,0.0697,13.0,122045.0,7260.0
2021-01-05 09:31:43.191,0.0698,0.0701,5.0,0.0698,8.0,122041.0,7290.0
2021-01-05 09:31:43.690,0.0699,0.0705,11.0,0.0699,6.0,122047.0,7377.0
2021-01-05 09:31:44.030,0.0698,0.0704,35.0,0.0698,21.0,122026.0,7429.0
2021-01-05 09:31:44.641,0.0704,0.0704,15.0,0.0702,10.0,122024.0,7431.0
2021-01-05 09:31:45.170,0.0701,0.0702,15.0,0.0701,4.0,122024.0,7435.0
2021-01-05 09:31:45.621,0.0702,0.0702,1.0,0.0701,20.0,122023.0,7450.0
2021-01-05 09:31:46.071,0.0702,0.0702,9.0,0.07,8.0,122022.0,7452.0
2021-01-05 09:31:46.701,0.0698,0.0701,21.0,0.0698,12.0,122021.0,7455.0
2021-01-05 09:31:46.970,0.0701,0.07,8.0,0.0699,13.0,122021.0,7460.0
2021-01-05 09:31:47.690,0.0701,0.0701,48.0,0.0698,8.0,122010.0,7479.0
2021-01-05 09:31:47.921,0.0698,0.0699,5.0,0.0697,33.0,122007.0,7484.0
2021-01-05 09:31:48.420,0.0697,0.07,15.0,0.0697,19.0,122002.0,7498.0
2021-01-05 09:31:49.221,0.0697,0.0699,4.0,0.0697,2.0,122005.0,7528.0
2021-01-05 09:31:49.671,0.0696,0.0697,50.0,0.0696,27.0,122006.0,7535.0
2021-01-05 09:31:49.980,0.0697,0.0697,51.0,0.0696,21.0,122000.0,7552.0
2021-01-05 09:31:50.681,0.0696,0.0696,20.0,0.0694,7.0,122011.0,7578.0
2021-01-05 09:31:51.210,0.0696,0.0697,30.0,0.0694,5.0,122024.0,7619.0
2021-01-05 09:31:51.701,0.0693,0.0694,25.0,0.0692,4.0,122019.0,7629.0
2021-01-05 09:31:52.070,0.0694,0.0694,53.0,0.0692,1.0,122035.0,7650.0
2021-01-05 09:31:52.621,0.0692,0.0692,4.0,0.0691,17.0,122036.0,7652.0
2021-01-05 09:31:53.171,0.0694,0.0693,2.0,0.0691,17.0,122061.0,7689.0
2021-01-05 09:31:53.630,0.0691,0.0692,31.0,0.0691,2.0,122061.0,7695.0
2021-01-05 09:31:54.151,0.0691,0.0692,43.0,0.0691,1.0,122053.0,7704.0
2021-01-05 09:31:54.520,0.0691,0.0691,114.0,0.069,70.0,122043.0,7720.0
2021-01-05 09:31:55.090,0.069,0.0691,119.0,0.069,57.0,122054.0,7733.0
2021-01-05 09:31:55.670,0.0691,0.069,27.0,0.0689,2.0,122102.0,7790.0
2021-01-05 09:31:55.910,0.0688,0.0687,2.0,0.0686,40.0,122100.0,7796.0
2021-01-05 09:31:56.591,0.0688,0.0688,63.0,0.0687,2.0,122108.0,7815.0
2021-01-05 09:31:57.171,0.0686,0.0688,60.0,0.0686,6.0,122109.0,7831.0
2021-01-05 09:31:57.641,0.0688,0.0688,33.0,0.0686,6.0,122109.0,7862.0
2021-01-05 09:31:58.091,0.0687,0.0687,4.0,0.0686,6.0,122117.0,7941.0
2021-01-05 09:31:58.640,0.0686,0.0686,21.0,0.0685,10.0,122119.0,7954.0
2021-01-05 09:31:59.121,0.069,0.069,52.0,0.0688,1.0,122135.0,8040.0
2021-01-05 09:31:59.660,0.0685,0.069,6.0,0.0685,7.0,122161.0,8093.0
2021-01-05 09:32:00.121,0.069,0.0691,116.0,0.0687,10.0,122161.0,8094.0
2021-01-05 09:32:00.650,0.0686,0.0689,10.0,0.0686,16.0,122153.0,8102.0
2021-01-05 09:32:01.091,0.0691,0.0691,81.0,0.0688,5.0,122122.0,8197.0
2021-01-05 09:32:01.670,0.0693,0.0693,42.0,0.0691,5.0,122107.0,8290.0
2021-01-05 09:32:02.171,0.0689,0.0692,23.0,0.0689,23.0,122071.0,8341.0
2021-01-05 09:32:02.661,0.0692,0.0694,19.0,0.0691,10.0,122080.0,8374.0
2021-01-05 09:32:03.180,0.0692,0.0696,5.0,0.0692,14.0,122069.0,8399.0
2021-01-05 09:32:03.641,0.0693,0.0696,2.0,0.0692,111.0,122063.0,8405.0
2021-01-05 09:32:04.050,0.0692,0.0695,16.0,0.0693,15.0,122057.0,8416.0
2021-01-05 09:32:04.630,0.0694,0.0694,7.0,0.0693,24.0,122062.0,8442.0
2021-01-05 09:32:05.130,0.0693,0.0694,32.0,0.0693,16.0,122064.0,8451.0
2021-01-05 09:32:05.660,0.0693,0.0693,19.0,0.0692,48.0,122072.0,8462.0
2021-01-05 09:32:06.161,0.0691,0.0692,16.0,0.0691,5.0,122082.0,8508.0
2021-01-05 09:32:06.680,0.0693,0.0691,2.0,0.069,15.0,122109.0,8558.0
2021-01-05 09:32:07.070,0.0692,0.0692,46.0,0.0691,6.0,122104.0,8580.0
2021-01-05 09:32:07.570,0.0691,0.0692,45.0,0.0691,5.0,122099.0,8586.0
2021-01-05 09:32:08.171,0.0692,0.0692,43.0,0.069,10.0,122096.0,8591.0
2021-01-05 09:32:08.670,0.0692,0.0691,10.0,0.0689,21.0,122096.0,8592.0
2021-01-05 09:32:09.141,0.0691,0.0691,25.0,0.0689,20.0,122101.0,8613.0
2021-01-05 09:32:09.681,0.0689,0.069,5.0,0.0689,19.0,122107.0,8620.0
2021-01-05 09:32:10.071,0.069,0.069,41.0,0.0688,10.0,122126.0,8640.0
2021-01-05 09:32:10.591,0.0687,0.0689,9.0,0.0687,27.0,122126.0,8655.0
2021-01-05 09:32:11.120,0.0687,0.0689,8.0,0.0687,3.0,122148.0,8697.0
2021-01-05 09:32:11.650,0.0692,0.0692,13.0,0.0689,8.0,122154.0,8802.0
2021-01-05 09:32:12.121,0.0692,0.0693,39.0,0.069,10.0,122154.0,8811.0
2021-01-05 09:32:12.670,0.069,0.0693,15.0,0.0692,15.0,122149.0,8817.0
2021-01-05 09:32:13.171,0.069,0.0692,1.0,0.069,13.0,122159.0,8837.0
2021-01-05 09:32:13.671,0.0691,0.0693,15.0,0.0691,2.0,122160.0,8840.0
2021-01-05 09:32:14.180,0.0691,0.0692,24.0,0.0691,3.0,122160.0,8845.0
2021-01-05 09:32:14.560,0.0692,0.069,31.0,0.0689,3.0,122177.0,8878.0
2021-01-05 09:32:15.171,0.069,0.069,9.0,0.0689,3.0,122190.0,8903.0
2021-01-05 09:32:15.671,0.0688,0.0688,47.0,0.0687,25.0,122191.0,8910.0
2021-01-05 09:32:16.120,0.0688,0.0688,30.0,0.0687,18.0,122193.0,8937.0
2021-01-05 09:32:16.520,0.0688,0.0688,23.0,0.0687,28.0,122193.0,8946.0
2021-01-05 09:32:17.161,0.0687,0.0687,5.0,0.0686,24.0,122204.0,9038.0
2021-01-05 09:32:17.651,0.0688,0.0689,10.0,0.0688,21.0,122238.0,9086.0
2021-01-05 09:32:18.130,0.069,0.0689,13.0,0.0688,14.0,122285.0,9143.0
2021-01-05 09:32:18.670,0.0685,0.0688,3.0,0.0685,18.0,122313.0,9172.0
2021-01-05 09:32:19.131,0.0688,0.0688,1.0,0.0687,22.0,122314.0,9177.0
2021-01-05 09:32:19.640,0.0688,0.069,10.0,0.0687,22.0,122359.0,9225.0
2021-01-05 09:32:20.151,0.069,0.0691,37.0,0.0688,6.0,122409.0,9277.0
2021-01-05 09:32:20.571,0.0691,0.0691,11.0,0.069,1.0,122403.0,9283.0
2021-01-05 09:32:21.100,0.0691,0.0692,9.0,0.0691,4.0,122392.0,9296.0
2021-01-05 09:32:21.651,0.0692,0.0693,10.0,0.0692,11.0,122363.0,9331.0
2021-01-05 09:32:22.181,0.0692,0.0695,26.0,0.0692,4.0,122341.0,9363.0
2021-01-05 09:32:22.650,0.0696,0.0697,74.0,0.0694,10.0,122331.0,9396.0
2021-01-05 09:32:23.140,0.0694,0.0696,10.0,0.0694,7.0,122332.0,9401.0
2021-01-05 09:32:23.630,0.0695,0.0696,10.0,0.0693,16.0,122344.0,9416.0
2021-01-05 09:32:24.091,0.0695,0.0695,11.0,0.0693,23.0,122346.0,9418.0
2021-01-05 09:32:24.640,0.0693,0.0694,35.0,0.0692,23.0,122356.0,9428.0
2021-01-05 09:32:25.170,0.0692,0.0693,13.0,0.0691,20.0,122356.0,9438.0
2021-01-05 09:32:25.670,0.0691,0.0693,13.0,0.0691,27.0,122360.0,9454.0
2021-01-05 09:32:26.171,0.069,0.0691,55.0,0.069,9.0,122334.0,9497.0
2021-01-05 09:32:26.581,0.069,0.069,26.0,0.0688,43.0,122353.0,9516.0
2021-01-05 09:32:26.721,0.069,0.069,23.0,0.0689,10.0,122353.0,9518.0
2021-01-05 09:32:27.641,0.0689,0.0689,8.0,0.0688,35.0,122359.0,9531.0
2021-01-05 09:32:28.161,0.0688,0.0689,45.0,0.0688,14.0,122380.0,9552.0
2021-01-05 09:32:28.611,0.0688,0.0688,2.0,0.0687,16.0,122398.0,9573.0
2021-01-05 09:32:29.180,0.0687,0.0688,3.0,0.0687,61.0,122400.0,9578.0
2021-01-05 09:32:29.631,0.0688,0.0689,3.0,0.0688,2.0,122403.0,9584.0
2021-01-05 09:32:30.171,0.0689,0.069,17.0,0.0689,1.0,122434.0,9625.0
2021-01-05 09:32:30.671,0.069,0.0691,42.0,0.069,13.0,122435.0,9646.0
2021-01-05 09:32:31.080,0.069,0.069,8.0,0.0689,11.0,122440.0,9659.0
2021-01-05 09:32:31.621,0.0689,0.069,33.0,0.0688,3.0,122451.0,9670.0
2021-01-05 09:32:31.961,0.0689,0.0689,13.0,0.0688,29.0,122451.0,9673.0
2021-01-05 09:32:32.570,0.0689,0.0689,12.0,0.0688,15.0,122452.0,9674.0
2021-01-05 09:32:33.141,0.0689,0.0689,2.0,0.0688,15.0,122462.0,9684.0
2021-01-05 09:32:33.671,0.0688,0.0688,10.0,0.0687,36.0,122464.0,9689.0
2021-01-05 09:32:34.171,0.0692,0.069,1.0,0.0688,23.0,122450.0,9729.0
2021-01-05 09:32:34.691,0.0692,0.0692,66.0,0.0688,48.0,122414.0,9776.0
2021-01-05 09:32:35.010,0.069,0.0691,10.0,0.069,8.0,122412.0,9778.0
2021-01-05 09:32:35.671,0.0688,0.0691,23.0,0.0688,30.0,122422.0,9791.0
2021-01-05 09:32:36.190,0.0688,0.069,1.0,0.0688,20.0,122429.0,9814.0
2021-01-05 09:32:36.691,0.0688,0.069,1.0,0.0688,7.0,122429.0,9814.0
2021-01-05 09:32:37.150,0.0688,0.069,1.0,0.0688,11.0,122429.0,9814.0
2021-01-05 09:32:37.640,0.069,0.0691,13.0,0.069,24.0,122430.0,9815.0
2021-01-05 09:32:38.190,0.0688,0.0688,11.0,0.0687,52.0,122469.0,9876.0
2021-01-05 09:32:38.670,0.0688,0.069,30.0,0.0688,14.0,122461.0,9917.0
2021-01-05 09:32:39.200,0.0687,0.0688,37.0,0.0687,20.0,122431.0,9973.0
2021-01-05 09:32:39.561,0.0687,0.0687,11.0,0.0686,13.0,122449.0,10016.0
2021-01-05 09:32:40.111,0.0688,0.0688,27.0,0.0687,13.0,122444.0,10038.0
2021-01-05 09:32:40.601,0.0687,0.0688,27.0,0.0687,12.0,122444.0,10039.0
2021-01-05 09:32:40.991,0.0687,0.0686,5.0,0.0685,123.0,122451.0,10074.0
2021-01-05 09:32:41.640,0.0686,0.0687,24.0,0.0686,8.0,122454.0,10079.0
2021-01-05 09:32:42.151,0.0688,0.0687,10.0,0.0686,8.0,122477.0,10128.0
2021-01-05 09:32:42.700,0.0686,0.0687,8.0,0.0686,4.0,122479.0,10131.0
2021-01-05 09:32:42.950,0.0686,0.0687,8.0,0.0686,3.0,122480.0,10132.0
2021-01-05 09:32:43.580,0.0686,0.0688,34.0,0.0687,1.0,122485.0,10154.0
2021-01-05 09:32:44.151,0.0688,0.0688,4.0,0.0686,28.0,122472.0,10198.0
2021-01-05 09:32:44.700,0.0689,0.069,1.0,0.0689,8.0,122519.0,10307.0
2021-01-05 09:32:44.971,0.069,0.0692,38.0,0.069,51.0,122519.0,10320.0
2021-01-05 09:32:45.580,0.069,0.0691,13.0,0.069,31.0,122528.0,10340.0
2021-01-05 09:32:46.160,0.069,0.0691,19.0,0.069,6.0,122543.0,10365.0
2021-01-05 09:32:46.610,0.069,0.0689,10.0,0.0688,3.0,122549.0,10371.0
2021-01-05 09:32:47.130,0.0689,0.069,69.0,0.0689,18.0,122585.0,10407.0
2021-01-05 09:32:47.651,0.0689,0.0689,5.0,0.0688,3.0,122595.0,10425.0
2021-01-05 09:32:48.101,0.0687,0.0688,10.0,0.0687,3.0,122593.0,10451.0
2021-01-05 09:32:48.371,0.0687,0.0687,8.0,0.0686,10.0,122593.0,10454.0
2021-01-05 09:32:49.190,0.0685,0.0686,5.0,0.0685,54.0,122603.0,10470.0
2021-01-05 09:32:49.670,0.0684,0.0685,18.0,0.0681,17.0,122651.0,10526.0
2021-01-05 09:32:50.171,0.068,0.0681,31.0,0.068,20.0,122648.0,10553.0
2021-01-05 09:32:50.650,0.0681,0.0681,48.0,0.068,24.0,122670.0,10585.0
2021-01-05 09:32:51.170,0.0681,0.0681,41.0,0.0679,10.0,122654.0,10646.0
2021-01-05 09:32:51.641,0.0681,0.068,10.0,0.0677,16.0,122710.0,10720.0
2021-01-05 09:32:52.191,0.0676,0.068,44.0,0.0677,28.0,122711.0,10722.0
2021-01-05 09:32:52.671,0.068,0.068,23.0,0.0678,8.0,122739.0,10758.0
2021-01-05 09:32:53.080,0.068,0.0681,22.0,0.068,8.0,122763.0,10783.0
2021-01-05 09:32:53.641,0.0683,0.0684,23.0,0.0682,12.0,122781.0,10820.0
2021-01-05 09:32:54.181,0.0683,0.0686,27.0,0.0684,2.0,122814.0,10896.0
2021-01-05 09:32:54.671,0.0686,0.0686,5.0,0.0685,4.0,122816.0,10916.0
2021-01-05 09:32:55.161,0.0685,0.0687,95.0,0.0685,5.0,122822.0,10932.0
2021-01-05 09:32:55.650,0.0685,0.0685,7.0,0.0684,8.0,122825.0,10935.0
2021-01-05 09:32:56.150,0.0683,0.0684,23.0,0.0681,10.0,122827.0,10957.0
2021-01-05 09:32:56.561,0.0683,0.0683,13.0,0.0681,10.0,122845.0,10988.0
2021-01-05 09:32:57.130,0.0683,0.0683,12.0,0.0681,22.0,122850.0,10994.0
2021-01-05 09:32:57.600,0.0684,0.0684,11.0,0.0683,2.0,122853.0,10997.0
2021-01-05 09:32:58.171,0.0684,0.0684,8.0,0.0683,7.0,122857.0,11010.0
2021-01-05 09:32:58.651,0.0681,0.0681,30.0,0.068,50.0,122858.0,11029.0
2021-01-05 09:32:59.131,0.0681,0.0681,13.0,0.068,52.0,122873.0,11046.0
2021-01-05 09:32:59.621,0.0681,0.0683,43.0,0.0682,7.0,122899.0,11089.0
2021-01-05 09:33:00.111,0.0681,0.0683,49.0,0.068,16.0,122929.0,11124.0
2021-01-05 09:33:00.651,0.068,0.0682,3.0,0.068,10.0,122933.0,11146.0
2021-01-05 09:33:01.141,0.0681,0.0682,2.0,0.0681,17.0,122934.0,11149.0
2021-01-05 09:33:01.661,0.0683,0.0683,17.0,0.0682,51.0,122925.0,11187.0
2021-01-05 09:33:02.130,0.0683,0.0684,2.0,0.0683,6.0,122881.0,11319.0
2021-01-05 09:33:02.620,0.0684,0.0687,83.0,0.0685,10.0,122879.0,11321.0
2021-01-05 09:33:03.121,0.0685,0.0688,13.0,0.0687,2.0,122914.0,11458.0
2021-01-05 09:33:03.681,0.0687,0.0691,13.0,0.069,1.0,122919.0,11463.0
2021-01-05 09:33:04.140,0.0693,0.0693,8.0,0.069,3.0,122895.0,11499.0
2021-01-05 09:33:04.330,0.069,0.0693,13.0,0.0692,2.0,122890.0,11519.0
2021-01-05 09:33:05.181,0.0693,0.0695,25.0,0.0693,12.0,122890.0,11523.0
2021-01-05 09:33:05.580,0.0695,0.0695,7.0,0.0694,9.0,122900.0,11541.0
2021-01-05 09:33:06.170,0.0695,0.0696,1.0,0.0694,52.0,122912.0,11567.0
2021-01-05 09:33:06.651,0.0696,0.0696,7.0,0.0694,21.0,122922.0,11584.0
2021-01-05 09:33:07.131,0.0694,0.0697,34.0,0.0696,3.0,122937.0,11603.0
2021-01-05 09:33:07.601,0.0696,0.0696,21.0,0.0694,8.0,122941.0,11620.0
2021-01-05 09:33:08.191,0.0695,0.0696,21.0,0.0695,34.0,122975.0,11654.0
2021-01-05 09:33:08.681,0.0695,0.0695,3.0,0.0693,6.0,123009.0,11688.0
2021-01-05 09:33:09.181,0.0695,0.0695,25.0,0.0691,39.0,123015.0,11713.0
2021-01-05 09:33:09.611,0.0695,0.0693,10.0,0.0691,13.0,123015.0,11713.0
2021-01-05 09:33:10.180,0.0694,0.0695,25.0,0.0692,4.0,123035.0,11733.0
2021-01-05 09:33:10.681,0.0694,0.0696,25.0,0.0693,14.0,123035.0,11733.0
2021-01-05 09:33:11.171,0.0694,0.0696,25.0,0.0695,4.0,123035.0,11733.0
2021-01-05 09:33:11.670,0.0694,0.0696,25.0,0.0695,8.0,123035.0,11733.0
2021-01-05 09:33:12.131,0.0693,0.0693,8.0,0.0692,13.0,123059.0,11768.0
2021-01-05 09:33:12.650,0.0691,0.0693,17.0,0.0691,10.0,123059.0,11774.0
2021-01-05 09:33:12.990,0.0692,0.0692,35.0,0.0689,37.0,123059.0,11775.0
2021-01-05 09:33:13.691,0.0692,0.0691,30.0,0.069,13.0,123062.0,11778.0
2021-01-05 09:33:14.160,0.0691,0.0692,17.0,0.069,26.0,123097.0,11813.0
2021-01-05 09:33:14.640,0.0691,0.0691,10.0,0.069,26.0,123097.0,11813.0
2021-01-05 09:33:15.071,0.0692,0.0692,14.0,0.0691,13.0,123110.0,11826.0
2021-01-05 09:33:15.630,0.0693,0.0695,20.0,0.0693,8.0,123114.0,11844.0
2021-01-05 09:33:16.171,0.0693,0.0695,20.0,0.0694,13.0,123114.0,11844.0
2021-01-05 09:33:16.590,0.0695,0.0696,24.0,0.0694,23.0,123104.0,11864.0
2021-01-05 09:33:17.190,0.0696,0.0696,11.0,0.0695,16.0,123093.0,11877.0
2021-01-05 09:33:17.691,0.0696,0.0699,1.0,0.0696,13.0,123088.0,11888.0
2021-01-05 09:33:18.141,0.0696,0.0699,1.0,0.0696,11.0,123090.0,11894.0
2021-01-05 09:33:18.680,0.0696,0.0699,1.0,0.0696,13.0,123090.0,11894.0
2021-01-05 09:33:19.191,0.0696,0.0699,14.0,0.0696,21.0,123088.0,11896.0
2021-01-05 09:33:19.660,0.0696,0.0699,1.0,0.0696,19.0,123096.0,11906.0
2021-01-05 09:33:20.171,0.0696,0.0698,13.0,0.0697,10.0,123096.0,11906.0
2021-01-05 09:33:20.551,0.0696,0.0699,14.0,0.0697,13.0,123096.0,11906.0
2021-01-05 09:33:21.160,0.0699,0.07,38.0,0.0699,6.0,123096.0,11907.0
2021-01-05 09:33:21.681,0.07,0.07,48.0,0.0699,16.0,123099.0,11910.0
2021-01-05 09:33:22.140,0.0699,0.0699,22.0,0.0698,10.0,123115.0,11926.0
2021-01-05 09:33:22.670,0.0697,0.0699,26.0,0.0698,10.0,123102.0,11968.0
2021-01-05 09:33:23.051,0.0699,0.07,35.0,0.0699,28.0,123099.0,11994.0
2021-01-05 09:33:23.660,0.0699,0.07,48.0,0.0699,9.0,123087.0,12006.0
2021-01-05 09:33:24.171,0.0698,0.0699,70.0,0.0698,24.0,123104.0,12028.0
2021-01-05 09:33:24.651,0.0697,0.0698,18.0,0.0697,10.0,123114.0,12054.0
2021-01-05 09:33:25.151,0.0698,0.0698,13.0,0.0697,10.0,123119.0,12064.0
2021-01-05 09:33:25.541,0.0698,0.0697,13.0,0.0696,10.0,123121.0,12066.0
2021-01-05 09:33:26.161,0.0698,0.0697,17.0,0.0696,10.0,123121.0,12066.0
2021-01-05 09:33:26.620,0.0696,0.0696,16.0,0.0695,1.0,123133.0,12078.0
2021-01-05 09:33:26.901,0.0696,0.0697,33.0,0.0696,14.0,123143.0,12094.0
2021-01-05 09:33:27.441,0.0696,0.0696,10.0,0.0695,2.0,123139.0,12101.0
2021-01-05 09:33:28.180,0.0697,0.0697,24.0,0.0696,3.0,123125.0,12145.0
2021-01-05 09:33:28.630,0.0697,0.0697,14.0,0.0696,33.0,123125.0,12145.0
2021-01-05 09:33:29.171,0.0696,0.0697,14.0,0.0696,2.0,123107.0,12163.0
2021-01-05 09:33:29.621,0.0695,0.0695,12.0,0.0694,10.0,123109.0,12165.0
2021-01-05 09:33:30.170,0.0698,0.0698,22.0,0.0695,2.0,123150.0,12220.0
2021-01-05 09:33:30.670,0.0698,0.0698,31.0,0.0695,2.0,123157.0,12227.0
2021-01-05 09:33:31.131,0.0695,0.0695,8.0,0.0694,23.0,123167.0,12240.0
2021-01-05 09:33:31.671,0.0694,0.0696,1.0,0.0694,3.0,123174.0,12266.0
2021-01-05 09:33:32.141,0.0694,0.0696,1.0,0.0694,3.0,123174.0,12266.0
2021-01-05 09:33:32.620,0.0694,0.0696,17.0,0.0695,6.0,123174.0,12266.0
2021-01-05 09:33:33.000,0.0696,0.0696,2.0,0.0695,6.0,123175.0,12268.0
2021-01-05 09:33:33.680,0.0695,0.0698,13.0,0.0695,5.0,123201.0,12299.0
2021-01-05 09:33:34.041,0.0695,0.0695,6.0,0.0694,10.0,123206.0,12304.0
2021-01-05 09:33:34.260,0.0695,0.0695,29.0,0.0694,10.0,123206.0,12309.0
2021-01-05 09:33:35.181,0.0695,0.0695,37.0,0.0694,10.0,123221.0,12324.0
2021-01-05 09:33:35.680,0.0695,0.0695,8.0,0.0694,10.0,123242.0,12345.0
2021-01-05 09:33:35.911,0.0695,0.0696,28.0,0.0695,16.0,123247.0,12353.0
2021-01-05 09:33:36.331,0.0696,0.0699,90.0,0.0696,46.0,123247.0,12381.0
2021-01-05 09:33:37.190,0.0696,0.0699,80.0,0.0697,13.0,123240.0,12388.0
2021-01-05 09:33:37.640,0.0696,0.0699,72.0,0.0698,3.0,123240.0,12388.0
2021-01-05 09:33:38.120,0.0699,0.0699,32.0,0.0698,3.0,123280.0,12428.0
2021-01-05 09:33:38.571,0.0699,0.0699,32.0,0.0698,3.0,123280.0,12428.0
2021-01-05 09:33:39.201,0.0699,0.0699,21.0,0.0698,13.0,123291.0,12439.0
2021-01-05 09:33:39.641,0.0698,0.0699,31.0,0.0697,13.0,123291.0,12441.0
2021-01-05 09:33:40.160,0.0698,0.0699,33.0,0.0696,29.0,123291.0,12441.0
2021-01-05 09:33:40.681,0.0698,0.0699,44.0,0.0696,21.0,123291.0,12441.0
2021-01-05 09:33:41.090,0.0696,0.0697,10.0,0.0696,33.0,123292.0,12442.0
2021-01-05 09:33:41.691,0.0696,0.0697,5.0,0.0696,18.0,123307.0,12457.0
2021-01-05 09:33:42.041,0.0697,0.0696,44.0,0.0693,1.0,123322.0,12485.0
2021-01-05 09:33:42.600,0.0697,0.0695,13.0,0.0693,1.0,123322.0,12485.0
2021-01-05 09:33:43.180,0.0695,0.0695,68.0,0.0694,20.0,123327.0,12490.0
2021-01-05 09:33:43.410,0.0694,0.0694,37.0,0.0692,7.0,123351.0,12518.0
2021-01-05 09:33:44.110,0.0693,0.0694,110.0,0.0693,12.0,123357.0,12527.0
2021-01-05 09:33:44.571,0.0693,0.0694,122.0,0.0692,13.0,123355.0,12539.0
2021-01-05 09:33:45.180,0.0694,0.0694,119.0,0.0691,15.0,123369.0,12555.0
2021-01-05 09:33:45.660,0.0694,0.0693,13.0,0.0691,10.0,123369.0,12555.0
2021-01-05 09:33:46.161,0.0693,0.0693,10.0,0.069,10.0,123368.0,12582.0
2021-01-05 09:33:46.680,0.0688,0.069,2.0,0.0688,35.0,123385.0,12613.0
2021-01-05 09:33:47.191,0.0689,0.069,14.0,0.0689,13.0,123383.0,12617.0
2021-01-05 09:33:47.681,0.0688,0.069,32.0,0.0689,2.0,123403.0,12650.0
2021-01-05 09:33:48.171,0.069,0.069,3.0,0.0688,3.0,123431.0,12682.0
2021-01-05 09:33:48.680,0.0688,0.0688,4.0,0.0687,10.0,123437.0,12688.0
2021-01-05 09:33:49.041,0.0688,0.0688,1.0,0.0685,35.0,123440.0,12691.0
2021-01-05 09:33:49.681,0.0686,0.0688,4.0,0.0686,12.0,123439.0,12692.0
2021-01-05 09:33:50.040,0.0686,0.0686,41.0,0.0685,2.0,123439.0,12692.0
2021-01-05 09:33:50.670,0.0686,0.0686,15.0,0.0685,2.0,123413.0,12718.0
2021-01-05 09:33:50.860,0.0689,0.0689,15.0,0.0686,32.0,123416.0,12751.0
2021-01-05 09:33:51.571,0.0689,0.069,53.0,0.0689,1.0,123416.0,12751.0
2021-01-05 09:33:52.190,0.0689,0.069,40.0,0.0689,49.0,123416.0,12751.0
2021-01-05 09:33:52.630,0.0689,0.069,47.0,0.0689,32.0,123435.0,12781.0
2021-01-05 09:33:52.960,0.069,0.069,55.0,0.0689,15.0,123453.0,12800.0
2021-01-05 09:33:53.650,0.069,0.069,19.0,0.0689,29.0,123454.0,12801.0
2021-01-05 09:33:54.180,0.0689,0.0689,9.0,0.0687,41.0,123479.0,12833.0
2021-01-05 09:33:54.610,0.0689,0.0689,41.0,0.0687,10.0,123479.0,12833.0
2021-01-05 09:33:54.720,0.0689,0.0689,40.0,0.0687,23.0,123481.0,12835.0
2021-01-05 09:33:55.650,0.0689,0.0689,63.0,0.0686,15.0,123481.0,12835.0
2021-01-05 09:33:56.120,0.0686,0.0689,49.0,0.0686,31.0,123481.0,12837.0
2021-01-05 09:33:56.651,0.0686,0.0687,10.0,0.0686,34.0,123481.0,12837.0
2021-01-05 09:33:57.161,0.0686,0.0687,23.0,0.0686,16.0,123491.0,12849.0
2021-01-05 09:33:57.671,0.0686,0.0687,36.0,0.0686,5.0,123496.0,12854.0
2021-01-05 09:33:58.170,0.0686,0.0686,19.0,0.0685,2.0,123500.0,12859.0
2021-01-05 09:33:58.620,0.0685,0.0685,9.0,0.0682,28.0,123510.0,12877.0
2021-01-05 09:33:59.140,0.0683,0.0683,6.0,0.0681,41.0,123518.0,12886.0
2021-01-05 09:33:59.590,0.0681,0.0683,9.0,0.0681,41.0,123519.0,12887.0
2021-01-05 09:34:00.141,0.0683,0.0683,19.0,0.0681,25.0,123526.0,12897.0
2021-01-05 09:34:00.671,0.0681,0.0682,11.0,0.0681,7.0,123543.0,12915.0
2021-01-05 09:34:01.081,0.0681,0.0681,20.0,0.068,33.0,123550.0,12922.0
2021-01-05 09:34:01.661,0.0681,0.0682,1.0,0.0681,7.0,123557.0,12962.0
2021-01-05 09:34:02.170,0.0682,0.0685,32.0,0.0682,5.0,123572.0,12990.0
2021-01-05 09:34:02.591,0.0682,0.0684,1.0,0.0682,20.0,123572.0,12990.0
2021-01-05 09:34:03.121,0.0683,0.0684,14.0,0.0683,1.0,123530.0,13045.0
2021-01-05 09:34:03.411,0.0683,0.0684,27.0,0.0683,4.0,123530.0,13045.0
2021-01-05 09:34:04.020,0.0681,0.0681,45.0,0.068,44.0,123553.0,13068.0
2021-01-05 09:34:04.671,0.0681,0.0681,45.0,0.068,19.0,123553.0,13068.0
2021-01-05 09:34:05.051,0.0681,0.0681,49.0,0.068,13.0,123560.0,13083.0
2021-01-05 09:34:05.630,0.0682,0.0682,47.0,0.068,12.0,123613.0,13139.0
2021-01-05 09:34:06.191,0.0682,0.0681,1.0,0.068,12.0,123613.0,13139.0
2021-01-05 09:34:06.671,0.068,0.0681,14.0,0.0679,14.0,123625.0,13151.0
2021-01-05 09:34:07.130,0.0679,0.0681,14.0,0.0679,10.0,123639.0,13165.0
2021-01-05 09:34:07.601,0.0679,0.068,31.0,0.0678,1.0,123639.0,13165.0
2021-01-05 09:34:08.171,0.0678,0.0678,47.0,0.0675,10.0,123647.0,13174.0
2021-01-05 09:34:08.630,0.0678,0.0677,13.0,0.0675,6.0,123651.0,13181.0
2021-01-05 09:34:09.080,0.0675,0.0677,13.0,0.0675,2.0,123654.0,13187.0
2021-01-05 09:34:09.670,0.0675,0.0678,18.0,0.0676,3.0,123651.0,13196.0
2021-01-05 09:34:10.140,0.0679,0.0679,49.0,0.0675,2.0,123654.0,13236.0
2021-01-05 09:34:10.690,0.0677,0.0679,23.0,0.0677,8.0,123652.0,13243.0
2021-01-05 09:34:11.151,0.0676,0.0679,10.0,0.0677,9.0,123650.0,13265.0
2021-01-05 09:34:11.681,0.068,0.0682,28.0,0.068,21.0,123648.0,13296.0
2021-01-05 09:34:12.081,0.068,0.0682,13.0,0.068,4.0,123651.0,13306.0
2021-01-05 09:34:12.621,0.0677,0.068,17.0,0.0677,9.0,123636.0,13325.0
2021-01-05 09:34:13.191,0.0678,0.0679,28.0,0.0678,9.0,123636.0,13328.0
2021-01-05 09:34:13.521,0.0679,0.0683,8.0,0.068,7.0,123630.0,13367.0
2021-01-05 09:34:14.150,0.0682,0.0684,28.0,0.0682,23.0,123639.0,13381.0
2021-01-05 09:34:14.691,0.0682,0.0686,50.0,0.0684,2.0,123648.0,13401.0
2021-01-05 09:34:15.131,0.0686,0.0686,43.0,0.0683,20.0,123647.0,13408.0
2021-01-05 09:34:15.681,0.0686,0.0686,16.0,0.0684,21.0,123643.0,13435.0
2021-01-05 09:34:16.190,0.0683,0.0686,14.0,0.0684,13.0,123647.0,13465.0
2021-01-05 09:34:16.630,0.0684,0.0684,3.0,0.068,12.0,123657.0,13487.0
2021-01-05 09:34:16.970,0.0682,0.0682,5.0,0.068,28.0,123662.0,13492.0
2021-01-05 09:34:17.581,0.0682,0.0681,12.0,0.0679,28.0,123662.0,13492.0
2021-01-05 09:34:18.201,0.068,0.068,8.0,0.0678,15.0,123664.0,13494.0
2021-01-05 09:34:18.620,0.0679,0.0679,24.0,0.0677,23.0,123665.0,13495.0
2021-01-05 09:34:19.041,0.0679,0.0679,22.0,0.0678,138.0,123665.0,13507.0
2021-01-05 09:34:19.661,0.0679,0.0679,19.0,0.0678,20.0,123675.0,13523.0
2021-01-05 09:34:20.180,0.0679,0.0681,8.0,0.0679,110.0,123690.0,13572.0
2021-01-05 09:34:20.651,0.0679,0.068,13.0,0.0677,33.0,123690.0,13572.0
2021-01-05 09:34:20.981,0.0679,0.0679,1.0,0.0676,35.0,123714.0,13615.0
2021-01-05 09:34:21.690,0.0678,0.0679,29.0,0.0678,86.0,123740.0,13641.0
2021-01-05 09:34:21.780,0.0678,0.0679,29.0,0.0678,64.0,123758.0,13663.0
2021-01-05 09:34:22.641,0.0678,0.0679,29.0,0.0678,13.0,123754.0,13669.0
2021-01-05 09:34:23.181,0.0677,0.0681,75.0,0.0677,6.0,123773.0,13731.0
2021-01-05 09:34:23.640,0.0677,0.068,45.0,0.0677,3.0,123773.0,13731.0
2021-01-05 09:34:24.170,0.0679,0.068,11.0,0.0679,56.0,123789.0,13772.0
2021-01-05 09:34:24.600,0.068,0.068,30.0,0.0676,30.0,123801.0,13846.0
2021-01-05 09:34:25.150,0.0679,0.0679,5.0,0.0676,20.0,123806.0,13851.0
2021-01-05 09:34:25.671,0.0677,0.0679,5.0,0.0677,13.0,123806.0,13852.0
2021-01-05 09:34:26.170,0.0679,0.068,18.0,0.0679,27.0,123806.0,13862.0
2021-01-05 09:34:26.641,0.0678,0.0677,3.0,0.0676,20.0,123828.0,13902.0
2021-01-05 09:34:27.150,0.0677,0.068,28.0,0.0679,17.0,123836.0,13910.0
2021-01-05 09:34:27.400,0.0676,0.0679,50.0,0.0677,14.0,123857.0,13937.0
2021-01-05 09:34:28.120,0.0679,0.0679,75.0,0.0677,17.0,123857.0,13942.0
2021-01-05 09:34:28.621,0.0677,0.0678,3.0,0.0677,1.0,123855.0,13944.0
2021-01-05 09:34:29.090,0.0677,0.0677,2.0,0.0676,22.0,123855.0,13945.0
2021-01-05 09:34:29.601,0.0677,0.0679,85.0,0.0677,26.0,123856.0,13948.0
2021-01-05 09:34:30.141,0.0677,0.0678,1.0,0.0676,25.0,123856.0,13951.0
2021-01-05 09:34:30.590,0.0677,0.0678,1.0,0.0677,33.0,123856.0,13951.0
2021-01-05 09:34:31.190,0.0677,0.0678,17.0,0.0676,19.0,123856.0,13952.0
2021-01-05 09:34:31.691,0.0677,0.0678,17.0,0.0676,9.0,123856.0,13952.0
2021-01-05 09:34:32.150,0.0676,0.0676,41.0,0.0675,18.0,123856.0,13962.0
2021-01-05 09:34:32.640,0.0676,0.0677,10.0,0.0675,18.0,123844.0,14003.0
2021-01-05 09:34:33.090,0.0675,0.0676,18.0,0.0675,3.0,123846.0,14005.0
2021-01-05 09:34:33.691,0.0674,0.0674,5.0,0.0673,8.0,123849.0,14010.0
2021-01-05 09:34:34.131,0.0675,0.0675,59.0,0.0674,13.0,123854.0,14016.0
2021-01-05 09:34:34.640,0.0674,0.0675,66.0,0.0673,28.0,123854.0,14033.0
2021-01-05 09:34:35.130,0.0674,0.0674,2.0,0.0672,61.0,123854.0,14034.0
2021-01-05 09:34:35.670,0.0674,0.0673,15.0,0.0672,46.0,123854.0,14034.0
2021-01-05 09:34:36.171,0.0672,0.0673,17.0,0.0672,60.0,123855.0,14036.0
2021-01-05 09:34:36.680,0.0672,0.0673,30.0,0.0672,35.0,123865.0,14046.0
2021-01-05 09:34:37.161,0.067,0.067,184.0,0.0669,36.0,123784.0,14239.0
2021-01-05 09:34:37.700,0.067,0.067,186.0,0.0669,13.0,123782.0,14265.0
2021-01-05 09:34:37.990,0.0669,0.0669,7.0,0.0668,58.0,123795.0,14280.0
2021-01-05 09:34:38.611,0.0669,0.0669,13.0,0.0668,33.0,123811.0,14306.0
2021-01-05 09:34:39.060,0.0669,0.0669,12.0,0.0668,15.0,123835.0,14330.0
2021-01-05 09:34:39.470,0.0669,0.0669,13.0,0.0668,12.0,123835.0,14330.0
2021-01-05 09:34:40.121,0.0666,0.0669,34.0,0.0666,61.0,123835.0,14343.0
2021-01-05 09:34:40.421,0.0668,0.0668,1.0,0.0666,84.0,123845.0,14353.0
2021-01-05 09:34:41.091,0.0666,0.0669,16.0,0.0666,41.0,123874.0,14384.0
2021-01-05 09:34:41.700,0.0666,0.0669,16.0,0.0666,35.0,123888.0,14400.0
2021-01-05 09:34:42.090,0.0668,0.0669,3.0,0.0666,38.0,123898.0,14410.0
2021-01-05 09:34:42.680,0.0668,0.0669,33.0,0.0668,9.0,123898.0,14411.0
2021-01-05 09:34:43.191,0.0666,0.0668,1.0,0.0666,12.0,123903.0,14468.0
2021-01-05 09:34:43.660,0.0666,0.0668,1.0,0.0666,23.0,123856.0,14520.0
2021-01-05 09:34:44.071,0.0666,0.0669,2.0,0.0666,9.0,123857.0,14527.0
2021-01-05 09:34:44.651,0.0666,0.0668,13.0,0.0666,29.0,123857.0,14527.0
2021-01-05 09:34:45.200,0.0666,0.0666,13.0,0.0664,3.0,123851.0,14578.0
2021-01-05 09:34:45.721,0.0667,0.0668,13.0,0.0667,28.0,123839.0,14594.0
2021-01-05 09:34:46.140,0.0668,0.0668,2.0,0.0666,10.0,123840.0,14620.0
2021-01-05 09:34:46.660,0.0667,0.0669,23.0,0.0667,2.0,123841.0,14621.0
2021-01-05 09:34:47.181,0.0666,0.0669,23.0,0.0666,1.0,123832.0,14632.0
2021-01-05 09:34:47.701,0.0666,0.0668,34.0,0.0666,1.0,123832.0,14632.0
2021-01-05 09:34:47.990,0.0667,0.0667,9.0,0.0666,1.0,123832.0,14633.0
2021-01-05 09:34:48.700,0.0667,0.0667,7.0,0.0666,1.0,123830.0,14635.0
2021-01-05 09:34:49.050,0.0665,0.0666,1.0,0.0664,31.0,123821.0,14644.0
2021-01-05 09:34:49.701,0.0668,0.0668,10.0,0.0666,7.0,123821.0,14646.0
2021-01-05 09:34:50.020,0.0668,0.0669,30.0,0.0668,1.0,123820.0,14657.0
2021-01-05 09:34:50.700,0.0667,0.0669,29.0,0.0667,8.0,123801.0,14683.0
2021-01-05 09:34:51.200,0.0668,0.0669,25.0,0.0668,2.0,123758.0,14765.0
2021-01-05 09:34:51.630,0.0669,0.0669,19.0,0.0668,4.0,123755.0,14771.0
2021-01-05 09:34:52.101,0.0668,0.0669,40.0,0.0668,1.0,123754.0,14774.0
2021-01-05 09:34:52.650,0.0668,0.0669,27.0,0.0666,31.0,123759.0,14790.0
2021-01-05 09:34:53.180,0.0666,0.0668,13.0,0.0666,10.0,123764.0,14795.0
2021-01-05 09:34:53.651,0.0666,0.0667,10.0,0.0665,3.0,123764.0,14805.0
2021-01-05 09:34:54.170,0.0663,0.0665,2.0,0.0663,10.0,123764.0,14811.0
2021-01-05 09:34:54.621,0.066,0.0663,10.0,0.066,3.0,123767.0,14871.0
2021-01-05 09:34:55.040,0.0663,0.0661,10.0,0.0658,13.0,123765.0,14912.0
2021-01-05 09:34:55.591,0.0659,0.0661,48.0,0.0659,31.0,123786.0,14937.0
2021-01-05 09:34:55.970,0.0659,0.0659,31.0,0.0657,13.0,123786.0,14968.0
2021-01-05 09:34:56.681,0.0659,0.0658,23.0,0.0654,26.0,123786.0,14968.0
2021-01-05 09:34:56.681,0.0659,0.0657,45.0,0.0655,28.0,123786.0,14968.0
2021-01-05 09:34:57.651,0.0657,0.0657,44.0,0.0656,1.0,123786.0,14969.0
2021-01-05 09:34:58.160,0.0654,0.0657,44.0,0.0655,15.0,123760.0,15000.0
2021-01-05 09:34:58.640,0.0657,0.0657,56.0,0.0654,10.0,123760.0,15001.0
2021-01-05 09:34:58.940,0.0654,0.0656,13.0,0.0653,2.0,123759.0,15002.0
2021-01-05 09:34:59.660,0.0655,0.0655,5.0,0.0653,15.0,123751.0,15015.0
2021-01-05 09:34:59.991,0.0654,0.0654,3.0,0.0653,2.0,123733.0,15033.0
2021-01-05 09:35:00.630,0.0652,0.0655,23.0,0.0654,1.0,123709.0,15071.0
2021-01-05 09:35:00.640,0.0652,0.0655,13.0,0.0654,1.0,123709.0,15071.0
2021-01-05 09:35:01.620,0.0654,0.0656,10.0,0.0654,10.0,123706.0,15103.0
2021-01-05 09:35:02.160,0.0656,0.0657,51.0,0.0655,10.0,123705.0,15116.0
2021-01-05 09:35:02.640,0.0657,0.0657,3.0,0.0656,3.0,123699.0,15177.0
2021-01-05 09:35:03.001,0.0657,0.0658,24.0,0.0656,32.0,123699.0,15181.0
2021-01-05 09:35:03.541,0.0659,0.0662,28.0,0.0656,115.0,123696.0,15211.0
2021-01-05 09:35:04.061,0.0656,0.0658,10.0,0.0656,170.0,123691.0,15221.0
2021-01-05 09:35:04.621,0.0658,0.066,23.0,0.0656,252.0,123691.0,15225.0
2021-01-05 09:35:05.080,0.0656,0.0658,15.0,0.0656,283.0,123686.0,15245.0
2021-01-05 09:35:05.671,0.0656,0.0657,9.0,0.0656,328.0,123686.0,15249.0
2021-01-05 09:35:06.180,0.0661,0.0658,13.0,0.0657,17.0,123697.0,15269.0
2021-01-05 09:35:06.421,0.0656,0.0657,13.0,0.0656,20.0,123701.0,15289.0
2021-01-05 09:35:07.091,0.0657,0.0657,16.0,0.0656,3.0,123715.0,15307.0
2021-01-05 09:35:07.650,0.0654,0.0654,3.0,0.0653,13.0,123730.0,15322.0
2021-01-05 09:35:08.171,0.0653,0.0653,10.0,0.0651,1.0,123702.0,15350.0
2021-01-05 09:35:08.661,0.0651,0.0652,13.0,0.065,12.0,123702.0,15352.0
2021-01-05 09:35:09.191,0.065,0.065,22.0,0.0647,15.0,123714.0,15364.0
2021-01-05 09:35:09.700,0.065,0.065,20.0,0.0647,13.0,123715.0,15365.0
2021-01-05 09:35:10.130,0.065,0.065,31.0,0.0648,19.0,123712.0,15372.0
2021-01-05 09:35:10.691,0.0649,0.065,18.0,0.0647,28.0,123696.0,15398.0
2021-01-05 09:35:11.160,0.0649,0.0648,10.0,0.0647,15.0,123696.0,15398.0
2021-01-05 09:35:11.671,0.0649,0.0649,23.0,0.0647,10.0,123716.0,15429.0
2021-01-05 09:35:12.101,0.0649,0.0649,23.0,0.0647,23.0,123708.0,15451.0
2021-01-05 09:35:12.691,0.0648,0.065,50.0,0.0648,13.0,123698.0,15491.0
2021-01-05 09:35:13.181,0.065,0.0651,1.0,0.0648,14.0,123679.0,15543.0
2021-01-05 09:35:13.640,0.0651,0.0655,28.0,0.0653,10.0,123679.0,15544.0
2021-01-05 09:35:14.191,0.0655,0.0656,5.0,0.0655,11.0,123671.0,15558.0
2021-01-05 09:35:14.691,0.0657,0.066,25.0,0.0657,12.0,123660.0,15584.0
2021-01-05 09:35:15.171,0.0657,0.0659,13.0,0.0657,47.0,123663.0,15598.0
2021-01-05 09:35:15.690,0.0656,0.0657,26.0,0.0656,17.0,123688.0,15645.0
2021-01-05 09:35:15.830,0.0656,0.0655,13.0,0.0654,8.0,123689.0,15666.0
2021-01-05 09:35:16.660,0.0655,0.0656,41.0,0.0655,10.0,123689.0,15679.0
2021-01-05 09:35:17.190,0.0656,0.0656,28.0,0.0655,37.0,123689.0,15682.0
2021-01-05 09:35:17.601,0.0656,0.0657,1.0,0.0656,8.0,123689.0,15710.0
2021-01-05 09:35:18.151,0.0656,0.0657,2.0,0.0656,11.0,123686.0,15718.0
2021-01-05 09:35:18.631,0.0657,0.066,10.0,0.0657,13.0,123684.0,15720.0
2021-01-05 09:35:19.161,0.0657,0.066,9.0,0.0658,3.0,123679.0,15752.0
2021-01-05 09:35:19.641,0.0658,0.066,22.0,0.0658,2.0,123614.0,15922.0
2021-01-05 09:35:20.120,0.0657,0.066,84.0,0.0657,9.0,123617.0,15938.0
2021-01-05 09:35:20.681,0.0658,0.0657,2.0,0.0654,43.0,123619.0,15967.0
2021-01-05 09:35:21.161,0.0656,0.0656,21.0,0.0654,13.0,123629.0,16005.0
2021-01-05 09:35:21.601,0.0654,0.0655,26.0,0.0654,2.0,123643.0,16066.0
2021-01-05 09:35:22.141,0.0654,0.0654,9.0,0.0651,18.0,123662.0,16090.0
2021-01-05 09:35:22.521,0.0651,0.0653,10.0,0.065,20.0,123667.0,16110.0
2021-01-05 09:35:23.130,0.065,0.0653,26.0,0.065,14.0,123693.0,16141.0
2021-01-05 09:35:23.680,0.065,0.065,8.0,0.0649,8.0,123701.0,16154.0
2021-01-05 09:35:24.171,0.0652,0.0652,15.0,0.0651,7.0,123712.0,16192.0
2021-01-05 09:35:24.671,0.0651,0.0653,40.0,0.065,30.0,123713.0,16200.0
2021-01-05 09:35:25.170,0.0652,0.0653,53.0,0.065,14.0,123713.0,16213.0
2021-01-05 09:35:25.660,0.065,0.0652,15.0,0.065,16.0,123714.0,16233.0
2021-01-05 09:35:26.160,0.0652,0.0652,3.0,0.0651,1.0,123728.0,16257.0
2021-01-05 09:35:26.600,0.065,0.0651,10.0,0.065,22.0,123720.0,16266.0
2021-01-05 09:35:27.130,0.065,0.0651,10.0,0.065,21.0,123720.0,16267.0
2021-01-05 09:35:27.641,0.065,0.0653,51.0,0.0652,10.0,123720.0,16267.0
2021-01-05 09:35:27.981,0.0653,0.0654,78.0,0.0653,9.0,123718.0,16282.0
2021-01-05 09:35:28.300,0.0653,0.0653,10.0,0.0652,23.0,123717.0,16291.0
2021-01-05 09:35:29.160,0.0651,0.0652,1.0,0.0651,28.0,123722.0,16308.0
2021-01-05 09:35:29.620,0.0651,0.0653,10.0,0.0652,3.0,123704.0,16327.0
2021-01-05 09:35:30.121,0.0651,0.0652,13.0,0.0651,7.0,123702.0,16332.0
2021-01-05 09:35:30.200,0.0652,0.0652,10.0,0.0651,12.0,123707.0,16337.0
2021-01-05 09:35:31.170,0.0652,0.0653,30.0,0.0651,12.0,123707.0,16337.0
2021-01-05 09:35:31.600,0.0651,0.0653,30.0,0.0652,12.0,123707.0,16347.0
2021-01-05 09:35:32.150,0.0652,0.0651,19.0,0.065,13.0,123700.0,16377.0
2021-01-05 09:35:32.630,0.0651,0.0651,17.0,0.065,13.0,123708.0,16385.0
2021-01-05 09:35:33.160,0.065,0.0651,17.0,0.065,2.0,123708.0,16386.0
2021-01-05 09:35:33.650,0.065,0.065,1.0,0.0649,5.0,123708.0,16390.0
2021-01-05 09:35:34.180,0.065,0.065,3.0,0.0648,18.0,123702.0,16413.0
2021-01-05 09:35:34.691,0.0649,0.0649,4.0,0.0648,18.0,123699.0,16428.0
2021-01-05 09:35:35.100,0.0649,0.065,32.0,0.0649,1.0,123699.0,16432.0
2021-01-05 09:35:35.590,0.0648,0.0648,1.0,0.0647,1.0,123717.0,16451.0
2021-01-05 09:35:36.090,0.0648,0.0648,1.0,0.0646,65.0,123727.0,16473.0
2021-01-05 09:35:36.601,0.0648,0.0647,10.0,0.0646,65.0,123727.0,16473.0
2021-01-05 09:35:37.171,0.0646,0.0647,5.0,0.0646,64.0,123732.0,16479.0
2021-01-05 09:35:37.640,0.0648,0.0648,8.0,0.0647,3.0,123735.0,16489.0
2021-01-05 09:35:37.940,0.0648,0.0649,64.0,0.0647,3.0,123730.0,16496.0
2021-01-05 09:35:38.591,0.0647,0.0649,54.0,0.0647,21.0,123723.0,16503.0
2021-01-05 09:35:39.140,0.0647,0.065,103.0,0.0647,24.0,123704.0,16545.0
2021-01-05 09:35:39.690,0.0648,0.065,56.0,0.0648,3.0,123689.0,16586.0
2021-01-05 09:35:40.030,0.065,0.065,10.0,0.0649,10.0,123643.0,16652.0
2021-01-05 09:35:40.691,0.0649,0.0651,71.0,0.0649,33.0,123630.0,16667.0
2021-01-05 09:35:41.190,0.0649,0.0651,71.0,0.065,3.0,123630.0,16667.0
2021-01-05 09:35:41.580,0.0649,0.0651,71.0,0.065,23.0,123630.0,16667.0
2021-01-05 09:35:42.160,0.0651,0.0651,65.0,0.0649,17.0,123633.0,16682.0
2021-01-05 09:35:42.621,0.0651,0.0651,98.0,0.0649,1.0,123633.0,16682.0
2021-01-05 09:35:43.190,0.0649,0.065,36.0,0.0647,16.0,123634.0,16683.0
2021-01-05 09:35:43.661,0.0649,0.065,1.0,0.0648,38.0,123634.0,16693.0
2021-01-05 09:35:44.101,0.0649,0.0649,16.0,0.0647,15.0,123621.0,16706.0
2021-01-05 09:35:44.681,0.0647,0.0648,43.0,0.0646,72.0,123621.0,16713.0
2021-01-05 09:35:45.071,0.0648,0.0647,13.0,0.0646,72.0,123623.0,16721.0
2021-01-05 09:35:45.651,0.0646,0.0647,33.0,0.0646,1.0,123694.0,16792.0
2021-01-05 09:35:46.051,0.0645,0.0645,5.0,0.0643,27.0,123694.0,16795.0
2021-01-05 09:35:46.700,0.0645,0.0645,13.0,0.0643,17.0,123712.0,16816.0
2021-01-05 09:35:47.101,0.0645,0.0645,16.0,0.0643,2.0,123712.0,16816.0
2021-01-05 09:35:47.680,0.0644,0.0645,52.0,0.0641,31.0,123715.0,16829.0
2021-01-05 09:35:48.020,0.0645,0.0644,13.0,0.064,38.0,123724.0,16852.0
2021-01-05 09:35:48.391,0.0645,0.0643,11.0,0.0642,40.0,123724.0,16852.0
2021-01-05 09:35:49.180,0.0644,0.0644,18.0,0.0642,10.0,123729.0,16886.0
2021-01-05 09:35:49.701,0.0642,0.0644,50.0,0.0642,3.0,123729.0,16893.0
2021-01-05 09:35:50.121,0.0642,0.0644,65.0,0.0641,10.0,123732.0,16896.0
2021-01-05 09:35:50.680,0.0644,0.0644,15.0,0.0643,2.0,123778.0,16955.0
2021-01-05 09:35:51.180,0.0642,0.0642,20.0,0.0641,18.0,123760.0,16977.0
2021-01-05 09:35:51.710,0.0642,0.0645,47.0,0.0642,54.0,123739.0,16998.0
2021-01-05 09:35:52.100,0.0645,0.0645,5.0,0.0643,13.0,123739.0,17002.0
2021-01-05 09:35:52.661,0.0642,0.0646,43.0,0.0642,19.0,123742.0,17032.0
2021-01-05 09:35:52.990,0.0642,0.0643,2.0,0.0642,38.0,123741.0,17043.0
2021-01-05 09:35:53.581,0.0645,0.0646,18.0,0.0643,34.0,123746.0,17060.0
2021-01-05 09:35:54.060,0.0646,0.0648,23.0,0.0646,7.0,123743.0,17089.0
2021-01-05 09:35:54.640,0.0647,0.0648,5.0,0.0647,36.0,123737.0,17170.0
2021-01-05 09:35:55.141,0.0649,0.065,2.0,0.0649,3.0,123735.0,17174.0
2021-01-05 09:35:55.691,0.065,0.0651,69.0,0.065,35.0,123729.0,17189.0
2021-01-05 09:35:56.121,0.0651,0.0652,20.0,0.0651,1.0,123746.0,17258.0
2021-01-05 09:35:56.661,0.0651,0.0651,13.0,0.065,21.0,123758.0,17277.0
2021-01-05 09:35:57.060,0.0651,0.0652,42.0,0.0651,35.0,123773.0,17303.0
2021-01-05 09:35:57.681,0.0651,0.0652,34.0,0.065,13.0,123786.0,17318.0
2021-01-05 09:35:58.150,0.0648,0.0651,25.0,0.0648,12.0,123769.0,17382.0
2021-01-05 09:35:58.701,0.0651,0.0651,7.0,0.065,124.0,123775.0,17388.0
2021-01-05 09:35:58.970,0.065,0.0651,57.0,0.0648,19.0,123851.0,17475.0
2021-01-05 09:35:59.640,0.065,0.065,6.0,0.0647,23.0,123864.0,17521.0
2021-01-05 09:36:00.190,0.0646,0.0647,5.0,0.0646,11.0,123869.0,17546.0
2021-01-05 09:36:00.680,0.0644,0.0647,6.0,0.0645,20.0,123870.0,17558.0
2021-01-05 09:36:01.181,0.0645,0.0647,6.0,0.0646,10.0,123865.0,17563.0
2021-01-05 09:36:01.671,0.0647,0.0648,21.0,0.0647,3.0,123853.0,17580.0
2021-01-05 09:36:02.170,0.0648,0.0649,8.0,0.0648,76.0,123852.0,17584.0
2021-01-05 09:36:02.630,0.065,0.0651,49.0,0.065,10.0,123852.0,17589.0
2021-01-05 09:36:03.150,0.0651,0.0652,19.0,0.0651,129.0,123857.0,17594.0
2021-01-05 09:36:03.361,0.0652,0.0654,30.0,0.0652,15.0,123838.0,17613.0
2021-01-05 09:36:04.161,0.0652,0.0654,9.0,0.0653,10.0,123838.0,17613.0
2021-01-05 09:36:04.670,0.0652,0.0654,22.0,0.0652,25.0,123838.0,17619.0
2021-01-05 09:36:05.150,0.0652,0.0653,16.0,0.0652,25.0,123838.0,17619.0
2021-01-05 09:36:05.590,0.0653,0.0653,16.0,0.0652,20.0,123841.0,17627.0
2021-01-05 09:36:06.180,0.0652,0.0653,16.0,0.0652,18.0,123840.0,17629.0
2021-01-05 09:36:06.700,0.0653,0.0654,9.0,0.0653,47.0,123840.0,17632.0
2021-01-05 09:36:06.940,0.0653,0.0654,9.0,0.0653,42.0,123845.0,17637.0
2021-01-05 09:36:07.640,0.0653,0.0654,9.0,0.0653,44.0,123846.0,17638.0
2021-01-05 09:36:08.170,0.0653,0.0654,9.0,0.0653,89.0,123846.0,17638.0
2021-01-05 09:36:08.700,0.0653,0.0654,9.0,0.0653,96.0,123846.0,17641.0
2021-01-05 09:36:08.700,0.0653,0.0654,9.0,0.0653,118.0,123846.0,17641.0
2021-01-05 09:36:09.691,0.0654,0.0655,1.0,0.0654,42.0,123837.0,17650.0
2021-01-05 09:36:10.030,0.0655,0.0657,42.0,0.0655,23.0,123837.0,17651.0
2021-01-05 09:36:10.671,0.0655,0.0657,1.0,0.0655,11.0,123835.0,17655.0
2021-01-05 09:36:11.111,0.0655,0.0657,1.0,0.0655,18.0,123836.0,17657.0
2021-01-05 09:36:11.651,0.0657,0.0658,25.0,0.0655,5.0,123841.0,17662.0
2021-01-05 09:36:12.170,0.0656,0.0656,9.0,0.0655,13.0,123844.0,17668.0
2021-01-05 09:36:12.650,0.0655,0.0656,9.0,0.0655,1.0,123862.0,17686.0
2021-01-05 09:36:13.190,0.0656,0.0656,15.0,0.0654,35.0,123862.0,17693.0
2021-01-05 09:36:13.680,0.0655,0.0657,56.0,0.0655,14.0,123853.0,17703.0
2021-01-05 09:36:14.150,0.0657,0.0657,23.0,0.0656,3.0,123863.0,17726.0
2021-01-05 09:36:14.611,0.0655,0.0656,18.0,0.0654,21.0,123866.0,17732.0
2021-01-05 09:36:15.140,0.0655,0.0656,10.0,0.0655,2.0,123867.0,17738.0
2021-01-05 09:36:15.660,0.0655,0.0656,10.0,0.0655,2.0,123867.0,17738.0
2021-01-05 09:36:16.150,0.0655,0.0656,3.0,0.0655,7.0,123869.0,17766.0
2021-01-05 09:36:16.680,0.0656,0.0657,15.0,0.0656,8.0,123884.0,17803.0
2021-01-05 09:36:17.180,0.0656,0.0657,18.0,0.0656,3.0,123887.0,17813.0
2021-01-05 09:36:17.651,0.0656,0.0657,3.0,0.0656,4.0,123887.0,17813.0
2021-01-05 09:36:18.181,0.0656,0.0656,28.0,0.0655,16.0,123882.0,17821.0
2021-01-05 09:36:18.640,0.0656,0.0658,11.0,0.0656,6.0,123857.0,17851.0
2021-01-05 09:36:19.151,0.0656,0.0658,14.0,0.0657,6.0,123858.0,17852.0
2021-01-05 09:36:19.650,0.0657,0.0658,14.0,0.0655,24.0,123858.0,17858.0
2021-01-05 09:36:20.060,0.0658,0.0659,24.0,0.0655,49.0,123858.0,17872.0
2021-01-05 09:36:20.680,0.0656,0.0656,20.0,0.0655,44.0,123858.0,17882.0
2021-01-05 09:36:21.091,0.0656,0.0659,11.0,0.0657,10.0,123858.0,17902.0
2021-01-05 09:36:21.691,0.0656,0.0659,14.0,0.0658,5.0,123858.0,17902.0
2021-01-05 09:36:22.171,0.0658,0.0659,24.0,0.0658,4.0,123859.0,17903.0
2021-01-05 09:36:22.680,0.0658,0.0659,17.0,0.0658,4.0,123859.0,17903.0
2021-01-05 09:36:23.191,0.0658,0.0659,27.0,0.0658,4.0,123859.0,17903.0
2021-01-05 09:36:23.681,0.0656,0.0658,14.0,0.0656,55.0,123914.0,17977.0
2021-01-05 09:36:24.171,0.0656,0.0657,15.0,0.0656,14.0,123955.0,18020.0
2021-01-05 09:36:24.580,0.0654,0.0656,34.0,0.0654,7.0,123971.0,18061.0
2021-01-05 09:36:24.970,0.0654,0.0654,7.0,0.0653,183.0,123979.0,18077.0
2021-01-05 09:36:25.650,0.0658,0.0658,41.0,0.0654,5.0,124015.0,18131.0
2021-01-05 09:36:26.171,0.0653,0.0656,5.0,0.0655,13.0,124007.0,18166.0
2021-01-05 09:36:26.651,0.0655,0.0655,26.0,0.0653,156.0,123998.0,18179.0
2021-01-05 09:36:27.070,0.0654,0.0654,11.0,0.0653,139.0,124017.0,18198.0
2021-01-05 09:36:27.690,0.0653,0.0654,13.0,0.0653,120.0,124035.0,18217.0
2021-01-05 09:36:28.040,0.0653,0.0652,5.0,0.0651,1.0,124155.0,18337.0
2021-01-05 09:36:28.681,0.0648,0.0651,30.0,0.0648,23.0,124142.0,18374.0
2021-01-05 09:36:29.141,0.0648,0.065,28.0,0.0646,14.0,124134.0,18382.0
2021-01-05 09:36:29.661,0.0648,0.0648,1.0,0.0646,16.0,124135.0,18383.0
2021-01-05 09:36:30.161,0.0646,0.0648,36.0,0.0645,76.0,124126.0,18397.0
2021-01-05 09:36:30.700,0.065,0.065,63.0,0.0646,15.0,124185.0,18469.0
2021-01-05 09:36:31.181,0.065,0.065,12.0,0.0646,48.0,124233.0,18527.0
2021-01-05 09:36:31.690,0.0652,0.0652,7.0,0.0647,33.0,124286.0,18581.0
2021-01-05 09:36:32.130,0.0652,0.0652,18.0,0.0648,13.0,124320.0,18615.0
2021-01-05 09:36:32.660,0.0652,0.0652,23.0,0.065,2.0,124324.0,18619.0
2021-01-05 09:36:32.821,0.065,0.0652,4.0,0.065,48.0,124326.0,18621.0
2021-01-05 09:36:33.670,0.0652,0.0653,2.0,0.0652,16.0,124323.0,18625.0
2021-01-05 09:36:34.091,0.0651,0.0652,54.0,0.0651,3.0,124289.0,18686.0
2021-01-05 09:36:34.381,0.0651,0.0651,1.0,0.0649,13.0,124287.0,18688.0
2021-01-05 09:36:34.971,0.0652,0.0652,54.0,0.065,25.0,124267.0,18708.0
2021-01-05 09:36:35.701,0.0652,0.0652,67.0,0.065,10.0,124267.0,18708.0
2021-01-05 09:36:36.131,0.0649,0.0652,77.0,0.0649,13.0,124237.0,18738.0
2021-01-05 09:36:36.671,0.065,0.065,15.0,0.0647,36.0,124229.0,18750.0
2021-01-05 09:36:37.161,0.065,0.065,12.0,0.0648,28.0,124229.0,18763.0
2021-01-05 09:36:37.490,0.065,0.065,15.0,0.0648,13.0,124229.0,18763.0
2021-01-05 09:36:38.041,0.065,0.0651,10.0,0.065,35.0,124229.0,18778.0
2021-01-05 09:36:38.640,0.065,0.0651,10.0,0.065,32.0,124229.0,18781.0
2021-01-05 09:36:39.090,0.065,0.0651,10.0,0.065,31.0,124229.0,18782.0
2021-01-05 09:36:39.680,0.0651,0.0651,1.0,0.065,46.0,124239.0,18794.0
2021-01-05 09:36:39.680,0.0651,0.0652,3.0,0.0651,15.0,124239.0,18794.0
2021-01-05 09:36:40.671,0.0652,0.0652,22.0,0.065,44.0,124217.0,18820.0
2021-01-05 09:36:41.201,0.0652,0.0652,10.0,0.0651,20.0,124217.0,18821.0
2021-01-05 09:36:41.641,0.0651,0.0654,14.0,0.0651,21.0,124205.0,18833.0
2021-01-05 09:36:42.200,0.0651,0.0653,11.0,0.0651,21.0,124205.0,18833.0
2021-01-05 09:36:42.221,0.0651,0.0653,1.0,0.0652,16.0,124205.0,18833.0
2021-01-05 09:36:43.180,0.0652,0.0653,11.0,0.0652,13.0,124192.0,18849.0
2021-01-05 09:36:43.700,0.0652,0.0652,13.0,0.0651,1.0,124192.0,18878.0
2021-01-05 09:36:44.200,0.0652,0.0652,10.0,0.065,61.0,124193.0,18883.0
2021-01-05 09:36:44.651,0.0652,0.0652,4.0,0.065,64.0,124193.0,18891.0
2021-01-05 09:36:45.001,0.0649,0.0651,33.0,0.065,10.0,124226.0,18954.0
2021-01-05 09:36:45.631,0.0648,0.065,13.0,0.0648,18.0,124226.0,18974.0
2021-01-05 09:36:46.050,0.0648,0.065,43.0,0.0648,10.0,124226.0,18974.0
2021-01-05 09:36:46.501,0.0648,0.0649,13.0,0.0648,10.0,124226.0,18974.0
2021-01-05 09:36:47.101,0.0649,0.0649,32.0,0.0647,30.0,124228.0,18985.0
2021-01-05 09:36:47.621,0.0647,0.0648,38.0,0.0647,29.0,124229.0,18986.0
2021-01-05 09:36:48.090,0.0647,0.0647,2.0,0.0646,15.0,124257.0,19015.0
2021-01-05 09:36:48.630,0.0645,0.0648,43.0,0.0645,85.0,124257.0,19035.0
2021-01-05 09:36:49.031,0.0646,0.0646,14.0,0.0645,72.0,124257.0,19065.0
2021-01-05 09:36:49.700,0.0646,0.0646,13.0,0.0645,82.0,124257.0,19066.0
2021-01-05 09:36:50.190,0.0645,0.0646,13.0,0.0645,51.0,124288.0,19097.0
2021-01-05 09:36:50.670,0.0646,0.0646,8.0,0.0645,67.0,124283.0,19102.0
2021-01-05 09:36:51.171,0.0646,0.0646,4.0,0.0645,61.0,124280.0,19106.0
2021-01-05 09:36:51.671,0.0646,0.0648,24.0,0.0645,67.0,124276.0,19110.0
2021-01-05 09:36:51.781,0.0645,0.0648,24.0,0.0645,68.0,124286.0,19120.0
2021-01-05 09:36:52.670,0.0645,0.0648,33.0,0.0645,54.0,124287.0,19121.0
2021-01-05 09:36:53.191,0.0645,0.0647,10.0,0.0645,54.0,124287.0,19121.0
2021-01-05 09:36:53.680,0.0645,0.0645,23.0,0.0644,91.0,124274.0,19206.0
2021-01-05 09:36:53.821,0.0645,0.0648,17.0,0.0646,127.0,124255.0,19229.0
2021-01-05 09:36:54.631,0.0648,0.0648,12.0,0.0647,15.0,124253.0,19231.0
2021-01-05 09:36:55.141,0.0647,0.0648,12.0,0.0647,14.0,124208.0,19276.0
2021-01-05 09:36:55.651,0.0648,0.065,74.0,0.0649,10.0,124196.0,19288.0
2021-01-05 09:36:56.141,0.0649,0.065,76.0,0.0648,15.0,124187.0,19307.0
2021-01-05 09:36:56.691,0.0649,0.065,61.0,0.0649,50.0,124209.0,19345.0
2021-01-05 09:36:57.100,0.0648,0.065,61.0,0.0648,33.0,124219.0,19369.0
2021-01-05 09:36:57.601,0.065,0.065,38.0,0.0649,34.0,124216.0,19382.0
2021-01-05 09:36:58.080,0.0649,0.0649,17.0,0.0648,93.0,124202.0,19416.0
2021-01-05 09:36:58.500,0.0649,0.0649,13.0,0.0648,103.0,124199.0,19420.0
2021-01-05 09:36:59.081,0.0649,0.0649,24.0,0.0648,26.0,124197.0,19422.0
2021-01-05 09:36:59.690,0.0649,0.065,48.0,0.0648,5.0,124246.0,19488.0
2021-01-05 09:37:00.010,0.0649,0.0649,23.0,0.0646,29.0,124252.0,19498.0
2021-01-05 09:37:00.591,0.0649,0.065,38.0,0.0649,7.0,124275.0,19521.0
2021-01-05 09:37:00.971,0.0649,0.0649,5.0,0.0648,13.0,124278.0,19535.0
2021-01-05 09:37:01.630,0.0648,0.065,25.0,0.0649,13.0,124273.0,19558.0
2021-01-05 09:37:02.191,0.065,0.065,15.0,0.0648,26.0,124273.0,19568.0
2021-01-05 09:37:02.610,0.065,0.0652,10.0,0.065,6.0,124265.0,19584.0
2021-01-05 09:37:03.151,0.0652,0.0652,10.0,0.0649,33.0,124265.0,19594.0
2021-01-05 09:37:03.630,0.0652,0.0653,16.0,0.0651,10.0,124265.0,19604.0
2021-01-05 09:37:04.200,0.0654,0.0655,13.0,0.0654,10.0,124255.0,19618.0
2021-01-05 09:37:04.531,0.0654,0.0654,9.0,0.0653,40.0,124245.0,19629.0
2021-01-05 09:37:05.140,0.0655,0.0656,23.0,0.0654,4.0,124229.0,19649.0
2021-01-05 09:37:05.660,0.0654,0.0657,13.0,0.0654,32.0,124235.0,19663.0
2021-01-05 09:37:06.171,0.0654,0.0658,28.0,0.0655,3.0,124234.0,19664.0
2021-01-05 09:37:06.700,0.0655,0.0658,10.0,0.0655,27.0,124229.0,19681.0
2021-01-05 09:37:07.180,0.0658,0.0658,12.0,0.0657,70.0,124203.0,19729.0
2021-01-05 09:37:07.610,0.0654,0.0657,13.0,0.0654,4.0,124212.0,19743.0
2021-01-05 09:37:08.190,0.0656,0.0657,18.0,0.0656,21.0,124246.0,19781.0
2021-01-05 09:37:08.630,0.0655,0.0655,5.0,0.0652,30.0,124261.0,19817.0
2021-01-05 09:37:09.170,0.0654,0.0654,23.0,0.0652,6.0,124263.0,19819.0
2021-01-05 09:37:09.620,0.0651,0.0653,3.0,0.065,67.0,124263.0,19828.0
2021-01-05 09:37:10.121,0.0653,0.0654,2.0,0.0653,16.0,124260.0,19843.0
2021-01-05 09:37:10.640,0.0655,0.0656,23.0,0.0655,3.0,124254.0,19849.0
2021-01-05 09:37:11.080,0.0655,0.0656,32.0,0.0655,1.0,124254.0,19867.0
2021-01-05 09:37:11.610,0.0656,0.0656,16.0,0.0655,1.0,124254.0,19868.0
2021-01-05 09:37:12.131,0.0655,0.0655,6.0,0.0654,4.0,124257.0,19872.0
2021-01-05 09:37:12.620,0.0655,0.0656,13.0,0.0655,8.0,124257.0,19878.0
2021-01-05 09:37:13.051,0.0655,0.0655,4.0,0.0654,6.0,124248.0,19906.0
2021-01-05 09:37:13.681,0.0654,0.0655,13.0,0.0653,26.0,124240.0,19929.0
2021-01-05 09:37:14.130,0.0654,0.0653,29.0,0.0652,26.0,124240.0,19929.0
2021-01-05 09:37:14.651,0.0654,0.0653,39.0,0.0652,10.0,124240.0,19929.0
2021-01-05 09:37:15.091,0.0652,0.0653,45.0,0.065,24.0,124241.0,19930.0
2021-01-05 09:37:15.700,0.0653,0.0653,12.0,0.0651,10.0,124241.0,19950.0
2021-01-05 09:37:16.190,0.0653,0.0653,24.0,0.065,48.0,124241.0,19952.0
2021-01-05 09:37:16.461,0.0653,0.0655,16.0,0.0652,20.0,124233.0,19972.0
2021-01-05 09:37:17.200,0.0656,0.0657,42.0,0.0653,10.0,124240.0,20002.0
2021-01-05 09:37:17.631,0.0652,0.0655,10.0,0.0653,13.0,124240.0,20012.0
2021-01-05 09:37:17.740,0.0652,0.0655,10.0,0.0653,10.0,124240.0,20012.0
2021-01-05 09:37:18.641,0.0652,0.0652,7.0,0.0651,36.0,124240.0,20035.0
2021-01-05 09:37:18.891,0.0652,0.0652,20.0,0.065,75.0,124240.0,20035.0
2021-01-05 09:37:19.711,0.0651,0.0652,5.0,0.0651,18.0,124238.0,20039.0
2021-01-05 09:37:19.940,0.0651,0.0652,18.0,0.0651,1.0,124238.0,20039.0
2021-01-05 09:37:20.691,0.0652,0.0653,15.0,0.0651,4.0,124238.0,20044.0
2021-01-05 09:37:21.200,0.0654,0.0656,56.0,0.0652,10.0,124239.0,20050.0
2021-01-05 09:37:21.701,0.0654,0.0655,13.0,0.0654,9.0,124238.0,20052.0
2021-01-05 09:37:22.030,0.0654,0.0654,17.0,0.0653,36.0,124228.0,20062.0
2021-01-05 09:37:22.620,0.0654,0.0654,16.0,0.0653,36.0,124228.0,20063.0
2021-01-05 09:37:23.150,0.0654,0.0654,11.0,0.0653,27.0,124225.0,20077.0
2021-01-05 09:37:23.701,0.0654,0.0656,3.0,0.0655,19.0,124225.0,20088.0
2021-01-05 09:37:24.080,0.0655,0.0656,13.0,0.0655,9.0,124235.0,20098.0
2021-01-05 09:37:24.631,0.0656,0.0657,10.0,0.0655,2.0,124246.0,20109.0
2021-01-05 09:37:25.081,0.0656,0.0655,1.0,0.0654,21.0,124261.0,20124.0
2021-01-05 09:37:25.670,0.0655,0.0656,13.0,0.0654,20.0,124261.0,20126.0
2021-01-05 09:37:26.170,0.0654,0.0655,3.0,0.0654,19.0,124261.0,20127.0
2021-01-05 09:37:26.610,0.0656,0.0656,15.0,0.0654,47.0,124263.0,20132.0
2021-01-05 09:37:27.121,0.0656,0.0656,25.0,0.0654,27.0,124263.0,20132.0
2021-01-05 09:37:27.551,0.0656,0.0655,13.0,0.0654,27.0,124263.0,20132.0
2021-01-05 09:37:28.151,0.0654,0.0656,20.0,0.0654,25.0,124268.0,20137.0
2021-01-05 09:37:28.560,0.0654,0.0656,13.0,0.0654,25.0,124268.0,20137.0
2021-01-05 09:37:29.130,0.0655,0.0655,15.0,0.0653,11.0,124268.0,20167.0
2021-01-05 09:37:29.691,0.0653,0.0655,3.0,0.0653,10.0,124270.0,20170.0
2021-01-05 09:37:30.191,0.0656,0.0656,13.0,0.0655,18.0,124270.0,20174.0
2021-01-05 09:37:30.590,0.0655,0.0656,20.0,0.0655,1.0,124271.0,20175.0
2021-01-05 09:37:31.190,0.0655,0.0656,38.0,0.0654,10.0,124272.0,20176.0
2021-01-05 09:37:31.691,0.0654,0.0654,19.0,0.0653,10.0,124262.0,20187.0
2021-01-05 09:37:32.181,0.0654,0.0654,19.0,0.0653,10.0,124262.0,20187.0
2021-01-05 09:37:32.571,0.0653,0.0653,56.0,0.0652,7.0,124270.0,20205.0
2021-01-05 09:37:33.180,0.0652,0.0652,29.0,0.065,79.0,124340.0,20278.0
2021-01-05 09:37:33.581,0.0651,0.0652,10.0,0.065,79.0,124343.0,20281.0
2021-01-05 09:37:34.150,0.065,0.0652,2.0,0.065,68.0,124389.0,20335.0
2021-01-05 09:37:34.381,0.0652,0.0653,34.0,0.065,71.0,124389.0,20349.0
2021-01-05 09:37:35.170,0.0651,0.0654,34.0,0.0651,12.0,124389.0,20355.0
2021-01-05 09:37:35.641,0.0651,0.0654,10.0,0.0652,26.0,124365.0,20380.0
2021-01-05 09:37:35.881,0.0651,0.0654,19.0,0.0652,3.0,124360.0,20396.0
2021-01-05 09:37:36.630,0.0652,0.0655,23.0,0.0652,15.0,124361.0,20397.0
2021-01-05 09:37:37.170,0.0652,0.0655,36.0,0.0652,2.0,124361.0,20397.0
2021-01-05 09:37:37.691,0.0655,0.0655,4.0,0.0653,1.0,124361.0,20398.0
2021-01-05 09:37:38.161,0.0653,0.0655,16.0,0.0653,23.0,124361.0,20400.0
2021-01-05 09:37:38.651,0.0655,0.0657,20.0,0.0655,24.0,124358.0,20416.0
2021-01-05 09:37:39.120,0.0657,0.0657,9.0,0.0656,3.0,124358.0,20417.0
2021-01-05 09:37:39.641,0.0655,0.0655,39.0,0.0654,23.0,124351.0,20431.0
2021-01-05 09:37:40.000,0.0655,0.0657,9.0,0.0655,4.0,124326.0,20470.0
2021-01-05 09:37:40.701,0.0655,0.0659,49.0,0.0656,3.0,124326.0,20474.0
2021-01-05 09:37:41.131,0.0655,0.0658,38.0,0.0655,1.0,124326.0,20487.0
2021-01-05 09:37:41.671,0.0655,0.0658,28.0,0.0656,3.0,124327.0,20488.0
2021-01-05 09:37:42.130,0.0655,0.0659,59.0,0.0656,3.0,124327.0,20488.0
2021-01-05 09:37:42.691,0.0655,0.0659,21.0,0.0656,13.0,124330.0,20496.0
2021-01-05 09:37:43.181,0.0655,0.0659,21.0,0.0656,31.0,124330.0,20496.0
2021-01-05 09:37:43.490,0.0655,0.0659,11.0,0.0658,42.0,124330.0,20496.0
2021-01-05 09:37:44.190,0.0658,0.0659,8.0,0.0658,67.0,124333.0,20499.0
2021-01-05 09:37:44.641,0.0659,0.066,9.0,0.0659,1.0,124332.0,20507.0
2021-01-05 09:37:45.171,0.0659,0.0659,16.0,0.0658,105.0,124332.0,20508.0
2021-01-05 09:37:45.250,0.0659,0.0659,12.0,0.0658,101.0,124341.0,20520.0
2021-01-05 09:37:46.161,0.0659,0.0659,12.0,0.0658,101.0,124341.0,20520.0
2021-01-05 09:37:46.520,0.0659,0.0659,11.0,0.0658,81.0,124350.0,20531.0
2021-01-05 09:37:47.210,0.0659,0.066,9.0,0.0659,16.0,124410.0,20592.0
2021-01-05 09:37:47.661,0.0659,0.0659,52.0,0.0658,39.0,124440.0,20647.0
2021-01-05 09:37:48.201,0.0658,0.0658,43.0,0.0655,55.0,124450.0,20662.0
2021-01-05 09:37:48.691,0.0656,0.0657,20.0,0.0656,3.0,124440.0,20682.0
2021-01-05 09:37:49.190,0.0655,0.0658,32.0,0.0655,18.0,124412.0,20733.0
2021-01-05 09:37:49.670,0.0658,0.0658,22.0,0.0656,1.0,124377.0,20783.0
2021-01-05 09:37:50.220,0.0654,0.0655,1.0,0.0654,29.0,124361.0,20805.0
2021-01-05 09:37:50.721,0.0654,0.0657,10.0,0.0654,16.0,124341.0,20827.0
2021-01-05 09:37:51.100,0.0657,0.0656,20.0,0.0654,3.0,124360.0,20888.0
2021-01-05 09:37:51.580,0.0654,0.0654,19.0,0.0652,21.0,124362.0,20890.0
2021-01-05 09:37:52.191,0.0655,0.0654,23.0,0.0653,10.0,124342.0,20920.0
2021-01-05 09:37:52.500,0.0652,0.0654,17.0,0.0652,11.0,124331.0,20946.0
2021-01-05 09:37:53.161,0.065,0.0653,13.0,0.065,148.0,124311.0,21006.0
2021-01-05 09:37:53.620,0.065,0.0653,23.0,0.0651,10.0,124311.0,21026.0
2021-01-05 09:37:54.160,0.0654,0.0654,32.0,0.065,126.0,124297.0,21061.0
2021-01-05 09:37:54.550,0.065,0.0653,13.0,0.065,103.0,124277.0,21106.0
2021-01-05 09:37:55.190,0.0653,0.0653,37.0,0.065,87.0,124268.0,21127.0
2021-01-05 09:37:55.691,0.0653,0.0653,37.0,0.0651,10.0,124269.0,21130.0
2021-01-05 09:37:56.121,0.0652,0.0653,30.0,0.0651,10.0,124271.0,21142.0
2021-01-05 09:37:56.611,0.0651,0.0653,12.0,0.0652,11.0,124207.0,21220.0
2021-01-05 09:37:57.170,0.0651,0.0654,9.0,0.0653,1.0,124179.0,21292.0
2021-01-05 09:37:57.601,0.0654,0.0655,12.0,0.0654,19.0,124171.0,21301.0
2021-01-05 09:37:58.091,0.0654,0.0655,10.0,0.0653,11.0,124182.0,21316.0
2021-01-05 09:37:58.621,0.0653,0.0655,20.0,0.0653,9.0,124186.0,21323.0
2021-01-05 09:37:59.161,0.0653,0.0653,3.0,0.0651,38.0,124186.0,21323.0
2021-01-05 09:37:59.601,0.0653,0.0652,10.0,0.0651,6.0,124186.0,21324.0
2021-01-05 09:37:59.831,0.0652,0.0652,3.0,0.0651,2.0,124196.0,21338.0
2021-01-05 09:38:00.680,0.0653,0.0653,48.0,0.065,76.0,124203.0,21360.0
2021-01-05 09:38:01.180,0.0653,0.0653,48.0,0.065,76.0,124208.0,21375.0
2021-01-05 09:38:01.681,0.0651,0.0653,33.0,0.0652,30.0,124208.0,21385.0
2021-01-05 09:38:02.181,0.0652,0.0652,12.0,0.065,26.0,124268.0,21456.0
2021-01-05 09:38:02.680,0.065,0.0652,13.0,0.065,28.0,124268.0,21457.0
2021-01-05 09:38:02.841,0.0652,0.0651,10.0,0.065,25.0,124270.0,21459.0
2021-01-05 09:38:03.681,0.0652,0.0651,38.0,0.065,55.0,124270.0,21459.0
2021-01-05 09:38:04.040,0.065,0.065,16.0,0.0649,31.0,124324.0,21514.0
2021-01-05 09:38:04.680,0.0651,0.0651,40.0,0.0649,31.0,124333.0,21524.0
2021-01-05 09:38:05.181,0.0649,0.065,16.0,0.0649,27.0,124337.0,21528.0
2021-01-05 09:38:05.621,0.065,0.065,14.0,0.0649,36.0,124343.0,21534.0
2021-01-05 09:38:06.151,0.0648,0.065,24.0,0.0648,19.0,124376.0,21582.0
2021-01-05 09:38:06.691,0.0646,0.0649,29.0,0.0645,69.0,124409.0,21618.0
2021-01-05 09:38:07.001,0.0646,0.0646,10.0,0.0645,36.0,124409.0,21618.0
2021-01-05 09:38:07.590,0.0645,0.0645,6.0,0.0644,89.0,124440.0,21663.0
2021-01-05 09:38:08.011,0.0644,0.0646,7.0,0.0645,4.0,124455.0,21678.0
2021-01-05 09:38:08.670,0.0644,0.0646,10.0,0.0644,71.0,124463.0,21686.0
2021-01-05 09:38:09.160,0.0644,0.0645,33.0,0.0644,49.0,124485.0,21708.0
2021-01-05 09:38:09.590,0.0643,0.0644,3.0,0.0642,85.0,124539.0,21763.0
2021-01-05 09:38:10.180,0.0642,0.0643,5.0,0.0642,47.0,124571.0,21801.0
2021-01-05 09:38:10.670,0.0644,0.0643,10.0,0.0641,36.0,124604.0,21898.0
2021-01-05 09:38:11.141,0.0642,0.0643,10.0,0.0642,13.0,124561.0,21941.0
2021-01-05 09:38:11.701,0.064,0.0644,30.0,0.064,92.0,124519.0,22032.0
2021-01-05 09:38:12.191,0.064,0.0645,45.0,0.0641,2.0,124457.0,22112.0
2021-01-05 09:38:12.531,0.064,0.0644,38.0,0.064,67.0,124445.0,22157.0
2021-01-05 09:38:13.110,0.064,0.0642,10.0,0.0641,10.0,124445.0,22157.0
2021-01-05 09:38:13.690,0.0641,0.0641,13.0,0.064,39.0,124455.0,22167.0
2021-01-05 09:38:14.101,0.0639,0.064,16.0,0.0637,16.0,124513.0,22236.0
2021-01-05 09:38:14.650,0.0635,0.0639,23.0,0.0635,66.0,124518.0,22266.0
2021-01-05 09:38:15.000,0.0637,0.0637,1.0,0.0635,7.0,124524.0,22302.0
2021-01-05 09:38:15.730,0.0635,0.0636,10.0,0.0634,38.0,124527.0,22305.0
2021-01-05 09:38:16.151,0.0635,0.0638,8.0,0.0635,13.0,124486.0,22372.0
2021-01-05 09:38:16.721,0.0634,0.0634,2.0,0.0632,24.0,124442.0,22440.0
2021-01-05 09:38:17.190,0.0635,0.0639,52.0,0.0635,10.0,124475.0,22480.0
2021-01-05 09:38:17.630,0.0638,0.0638,23.0,0.0634,5.0,124498.0,22516.0
2021-01-05 09:38:18.231,0.0637,0.0637,15.0,0.0635,10.0,124544.0,22568.0
2021-01-05 09:38:18.581,0.0639,0.0637,12.0,0.0634,1.0,124587.0,22627.0
2021-01-05 09:38:19.190,0.0637,0.0636,5.0,0.0633,15.0,124641.0,22718.0
2021-01-05 09:38:19.630,0.0637,0.0637,13.0,0.0633,23.0,124675.0,22790.0
2021-01-05 09:38:20.231,0.0637,0.0637,26.0,0.0635,10.0,124697.0,22815.0
2021-01-05 09:38:20.671,0.0636,0.0636,18.0,0.0634,13.0,124699.0,22868.0
2021-01-05 09:38:21.180,0.0635,0.0635,9.0,0.0633,15.0,124686.0,22901.0
2021-01-05 09:38:21.670,0.0634,0.0634,3.0,0.0632,10.0,124697.0,22932.0
2021-01-05 09:38:22.210,0.0633,0.0633,68.0,0.0632,2.0,124697.0,22934.0
2021-01-05 09:38:22.531,0.0633,0.0633,75.0,0.0631,12.0,124705.0,22944.0
2021-01-05 09:38:23.201,0.0632,0.0632,13.0,0.063,26.0,124715.0,22960.0
2021-01-05 09:38:23.620,0.0632,0.0632,11.0,0.0631,8.0,124713.0,22962.0
2021-01-05 09:38:24.000,0.0633,0.0633,81.0,0.0631,8.0,124712.0,22979.0
2021-01-05 09:38:24.671,0.0631,0.0632,23.0,0.0631,2.0,124720.0,22989.0
2021-01-05 09:38:25.101,0.063,0.0632,7.0,0.063,30.0,124726.0,23009.0
2021-01-05 09:38:25.700,0.0632,0.0632,25.0,0.063,49.0,124726.0,23010.0
2021-01-05 09:38:26.100,0.0631,0.0629,1.0,0.0628,29.0,124698.0,23061.0
2021-01-05 09:38:26.701,0.0632,0.0632,16.0,0.0631,10.0,124705.0,23080.0
2021-01-05 09:38:27.151,0.0632,0.0633,68.0,0.0632,29.0,124721.0,23113.0
2021-01-05 09:38:27.691,0.0632,0.0633,68.0,0.0632,1.0,124738.0,23146.0
2021-01-05 09:38:28.171,0.0631,0.0632,38.0,0.0631,2.0,124748.0,23179.0
2021-01-05 09:38:28.680,0.0631,0.0632,48.0,0.0631,18.0,124748.0,23183.0
2021-01-05 09:38:29.191,0.0631,0.0632,43.0,0.0631,8.0,124748.0,23227.0
2021-01-05 09:38:29.621,0.063,0.0631,7.0,0.063,10.0,124749.0,23237.0
2021-01-05 09:38:30.190,0.063,0.0631,1.0,0.063,1.0,124762.0,23257.0
2021-01-05 09:38:30.670,0.0631,0.0632,40.0,0.063,1.0,124762.0,23258.0
2021-01-05 09:38:31.181,0.0629,0.0632,50.0,0.0629,16.0,124777.0,23274.0
2021-01-05 09:38:31.650,0.063,0.0631,13.0,0.0629,1.0,124796.0,23299.0
2021-01-05 09:38:32.171,0.063,0.0631,23.0,0.063,2.0,124803.0,23327.0
2021-01-05 09:38:32.670,0.0628,0.063,12.0,0.0628,6.0,124821.0,23345.0
2021-01-05 09:38:33.191,0.0629,0.063,26.0,0.0629,5.0,124839.0,23373.0
2021-01-05 09:38:33.700,0.0626,0.0626,2.0,0.0625,43.0,124844.0,23394.0
2021-01-05 09:38:34.201,0.0625,0.0626,20.0,0.0625,26.0,124846.0,23396.0
2021-01-05 09:38:34.681,0.062,0.0625,25.0,0.0624,3.0,124877.0,23491.0
2021-01-05 09:38:35.200,0.0624,0.0624,15.0,0.0619,129.0,124880.0,23494.0
2021-01-05 09:38:35.700,0.0623,0.0623,26.0,0.0622,16.0,124882.0,23546.0
2021-01-05 09:38:36.130,0.0623,0.0623,16.0,0.0622,26.0,124882.0,23558.0
2021-01-05 09:38:36.691,0.0622,0.0622,10.0,0.062,12.0,124900.0,23579.0
2021-01-05 09:38:37.050,0.062,0.0621,4.0,0.062,9.0,124900.0,23581.0
2021-01-05 09:38:37.490,0.0621,0.0621,10.0,0.0619,60.0,124900.0,23597.0
2021-01-05 09:38:37.970,0.0621,0.0621,20.0,0.0619,70.0,124905.0,23603.0
2021-01-05 09:38:38.660,0.0621,0.0621,35.0,0.062,10.0,124938.0,23636.0
2021-01-05 09:38:39.161,0.0619,0.062,3.0,0.0619,46.0,124968.0,23666.0
2021-01-05 09:38:39.651,0.0619,0.062,16.0,0.0619,32.0,124982.0,23680.0
2021-01-05 09:38:40.141,0.0617,0.0618,13.0,0.0616,2.0,125013.0,23712.0
2021-01-05 09:38:40.591,0.0616,0.0617,20.0,0.0615,6.0,125016.0,23716.0
2021-01-05 09:38:41.140,0.0616,0.0617,11.0,0.0616,16.0,125014.0,23724.0
2021-01-05 09:38:41.640,0.0617,0.0617,20.0,0.0615,6.0,125021.0,23737.0
2021-01-05 09:38:42.191,0.0617,0.0616,1.0,0.0615,26.0,125021.0,23737.0
2021-01-05 09:38:42.700,0.0615,0.0615,27.0,0.0614,41.0,125012.0,23759.0
2021-01-05 09:38:43.150,0.0615,0.0616,4.0,0.0615,45.0,124986.0,23792.0
2021-01-05 09:38:43.701,0.0616,0.0617,10.0,0.0616,39.0,124982.0,23796.0
2021-01-05 09:38:44.110,0.0617,0.0618,4.0,0.0617,16.0,124982.0,23813.0
2021-01-05 09:38:44.621,0.0618,0.0619,9.0,0.0618,15.0,124982.0,23843.0
2021-01-05 09:38:44.890,0.0618,0.0619,2.0,0.0618,30.0,124984.0,23853.0
2021-01-05 09:38:45.580,0.062,0.0621,2.0,0.0619,38.0,124986.0,23859.0
2021-01-05 09:38:46.200,0.0618,0.0618,46.0,0.0617,8.0,124988.0,23915.0
2021-01-05 09:38:46.521,0.0618,0.0621,20.0,0.0618,16.0,124980.0,23980.0
2021-01-05 09:38:47.140,0.0619,0.0621,8.0,0.062,10.0,124974.0,23986.0
2021-01-05 09:38:47.691,0.0622,0.0622,3.0,0.0621,7.0,124974.0,23995.0
2021-01-05 09:38:47.891,0.0622,0.0623,4.0,0.0622,38.0,124979.0,24014.0
2021-01-05 09:38:48.531,0.0623,0.0625,13.0,0.0623,1.0,124983.0,24026.0
2021-01-05 09:38:49.130,0.0624,0.0626,32.0,0.0624,20.0,124987.0,24038.0
2021-01-05 09:38:49.670,0.0625,0.0625,5.0,0.0624,62.0,124993.0,24047.0
2021-01-05 09:38:50.091,0.0625,0.0625,28.0,0.0624,63.0,125001.0,24057.0
2021-01-05 09:38:50.651,0.0624,0.0625,4.0,0.0624,49.0,125003.0,24059.0
2021-01-05 09:38:51.170,0.0625,0.0626,38.0,0.0625,6.0,125011.0,24077.0
2021-01-05 09:38:51.520,0.0623,0.0624,23.0,0.0622,8.0,125046.0,24112.0
2021-01-05 09:38:52.140,0.0622,0.0622,7.0,0.0621,1.0,125046.0,24115.0
2021-01-05 09:38:52.630,0.0621,0.0621,63.0,0.062,2.0,125055.0,24124.0
2021-01-05 09:38:53.160,0.0621,0.0621,68.0,0.062,2.0,125055.0,24124.0
2021-01-05 09:38:53.620,0.0619,0.0621,51.0,0.0619,31.0,125054.0,24133.0
2021-01-05 09:38:54.200,0.0621,0.0621,61.0,0.0619,19.0,125054.0,24134.0
2021-01-05 09:38:54.640,0.0621,0.062,10.0,0.0619,4.0,125054.0,24134.0
2021-01-05 09:38:55.191,0.0621,0.062,10.0,0.0619,12.0,125054.0,24134.0
2021-01-05 09:38:55.650,0.0619,0.062,23.0,0.0619,7.0,125053.0,24139.0
2021-01-05 09:38:55.981,0.0619,0.0619,8.0,0.0618,3.0,125060.0,24146.0
2021-01-05 09:38:56.661,0.0619,0.0619,19.0,0.0618,3.0,125060.0,24146.0
2021-01-05 09:38:57.181,0.0619,0.0621,61.0,0.0619,25.0,125060.0,24157.0
2021-01-05 09:38:57.640,0.0619,0.0619,40.0,0.0618,16.0,125070.0,24175.0
2021-01-05 09:38:58.161,0.0619,0.062,6.0,0.0619,22.0,124984.0,24263.0
2021-01-05 09:38:58.670,0.062,0.0621,58.0,0.062,42.0,124979.0,24269.0
2021-01-05 09:38:59.060,0.0621,0.0624,2.0,0.0621,33.0,124945.0,24317.0
2021-01-05 09:39:00.111,0.0621,0.0623,1.0,0.0622,38.0,124945.0,24317.0
2021-01-05 09:39:00.601,0.0622,0.0624,2.0,0.0622,14.0,124922.0,24348.0
2021-01-05 09:39:01.120,0.0622,0.0624,13.0,0.0622,15.0,124922.0,24348.0
2021-01-05 09:39:01.671,0.0622,0.0624,22.0,0.0622,28.0,124922.0,24348.0
2021-01-05 09:39:02.170,0.0622,0.0624,2.0,0.0623,13.0,124922.0,24348.0
2021-01-05 09:39:02.660,0.0624,0.0624,6.0,0.0622,15.0,124927.0,24369.0
2021-01-05 09:39:02.660,0.0624,0.0625,14.0,0.0624,5.0,124927.0,24369.0
2021-01-05 09:39:03.671,0.0625,0.0626,33.0,0.0625,47.0,124928.0,24370.0
2021-01-05 09:39:04.161,0.0625,0.0627,10.0,0.0625,50.0,124928.0,24370.0
2021-01-05 09:39:04.610,0.0625,0.0627,20.0,0.0625,75.0,124928.0,24372.0
2021-01-05 09:39:05.211,0.0625,0.0626,10.0,0.0625,75.0,124928.0,24372.0
2021-01-05 09:39:05.701,0.0625,0.0626,10.0,0.0625,78.0,124928.0,24372.0
2021-01-05 09:39:06.191,0.0625,0.0626,10.0,0.0625,44.0,124948.0,24403.0
2021-01-05 09:39:06.650,0.0625,0.0626,10.0,0.0625,44.0,124948.0,24403.0
2021-01-05 09:39:07.050,0.0626,0.0626,9.0,0.0625,57.0,124948.0,24404.0
2021-01-05 09:39:07.630,0.0626,0.0626,2.0,0.0625,24.0,124963.0,24431.0
2021-01-05 09:39:07.930,0.0626,0.0626,13.0,0.0625,47.0,124970.0,24440.0
2021-01-05 09:39:08.650,0.0626,0.0626,10.0,0.0625,37.0,124970.0,24440.0
2021-01-05 09:39:09.161,0.0626,0.0626,24.0,0.0625,24.0,124970.0,24440.0
2021-01-05 09:39:09.601,0.0625,0.0625,13.0,0.0624,5.0,124994.0,24472.0
2021-01-05 09:39:10.150,0.0625,0.0625,20.0,0.0624,25.0,124994.0,24472.0
2021-01-05 09:39:10.400,0.0625,0.0625,22.0,0.0624,4.0,124996.0,24475.0
2021-01-05 09:39:11.201,0.0624,0.0624,36.0,0.0622,8.0,125000.0,24480.0
2021-01-05 09:39:11.701,0.0624,0.0624,60.0,0.0623,1.0,125000.0,24480.0
2021-01-05 09:39:12.150,0.0625,0.0626,61.0,0.0625,3.0,125003.0,24511.0
2021-01-05 09:39:12.690,0.0625,0.0625,11.0,0.0623,1.0,125006.0,24514.0
2021-01-05 09:39:13.161,0.0625,0.0625,14.0,0.0624,1.0,125006.0,24514.0
2021-01-05 09:39:13.720,0.0625,0.0626,24.0,0.0623,38.0,124998.0,24552.0
2021-01-05 09:39:14.160,0.0625,0.0623,1.0,0.0622,28.0,124998.0,24552.0
2021-01-05 09:39:14.650,0.0624,0.0623,13.0,0.0621,16.0,124998.0,24555.0
2021-01-05 09:39:15.180,0.062,0.0622,3.0,0.062,22.0,124995.0,24560.0
2021-01-05 09:39:15.641,0.062,0.0623,2.0,0.0621,23.0,124995.0,24560.0
2021-01-05 09:39:16.121,0.0623,0.0623,3.0,0.0622,13.0,124993.0,24562.0
2021-01-05 09:39:16.711,0.0623,0.0624,34.0,0.0623,43.0,124996.0,24565.0
2021-01-05 09:39:17.151,0.0623,0.0624,52.0,0.0623,18.0,125028.0,24600.0
2021-01-05 09:39:17.650,0.0624,0.0625,31.0,0.0624,2.0,125020.0,24615.0
2021-01-05 09:39:18.221,0.0626,0.0626,12.0,0.0624,1.0,125021.0,24625.0
2021-01-05 09:39:18.671,0.0626,0.0626,25.0,0.0624,1.0,125021.0,24625.0
2021-01-05 09:39:18.980,0.0626,0.0626,13.0,0.0624,1.0,125029.0,24635.0
2021-01-05 09:39:19.710,0.0626,0.0625,15.0,0.0623,50.0,125029.0,24635.0
2021-01-05 09:39:20.221,0.0623,0.0624,13.0,0.0623,37.0,125078.0,24688.0
2021-01-05 09:39:20.711,0.0624,0.0624,19.0,0.0623,36.0,125080.0,24690.0
2021-01-05 09:39:21.231,0.0623,0.0627,28.0,0.0625,10.0,125091.0,24764.0
2021-01-05 09:39:21.671,0.0623,0.0624,10.0,0.0623,12.0,125088.0,24778.0
2021-01-05 09:39:22.211,0.0624,0.0625,71.0,0.0624,8.0,125101.0,24791.0
2021-01-05 09:39:22.551,0.0625,0.0625,68.0,0.0623,3.0,125114.0,24808.0
2021-01-05 09:39:23.150,0.0625,0.0625,63.0,0.0623,23.0,125109.0,24816.0
2021-01-05 09:39:23.700,0.0625,0.0625,32.0,0.0624,52.0,125109.0,24827.0
2021-01-05 09:39:24.151,0.0625,0.0625,26.0,0.0624,12.0,125129.0,24852.0
2021-01-05 09:39:25.060,0.0625,0.0625,6.0,0.0624,12.0,125129.0,24872.0
2021-01-05 09:39:25.700,0.0626,0.0626,43.0,0.0625,5.0,125130.0,24885.0
2021-01-05 09:39:25.990,0.0625,0.0625,16.0,0.0623,13.0,125135.0,24892.0
2021-01-05 09:39:26.641,0.0625,0.0625,26.0,0.0623,29.0,125138.0,24912.0
2021-01-05 09:39:27.131,0.0625,0.0625,26.0,0.0624,15.0,125138.0,24912.0
2021-01-05 09:39:27.711,0.0625,0.0625,1.0,0.0624,15.0,125138.0,24912.0
2021-01-05 09:39:28.201,0.0625,0.0626,13.0,0.0624,15.0,125139.0,24913.0
2021-01-05 09:39:28.520,0.0626,0.0626,8.0,0.0625,10.0,125144.0,24918.0
2021-01-05 09:39:29.231,0.0626,0.0626,20.0,0.0624,15.0,125150.0,24934.0
2021-01-05 09:39:29.630,0.0627,0.0628,46.0,0.0626,1.0,125140.0,24963.0
2021-01-05 09:39:29.991,0.0628,0.063,25.0,0.0628,10.0,125137.0,24969.0
2021-01-05 09:39:30.520,0.0628,0.0628,30.0,0.0626,77.0,125127.0,24979.0
2021-01-05 09:39:31.121,0.0628,0.0628,2.0,0.0627,34.0,125108.0,24998.0
2021-01-05 09:39:31.690,0.0629,0.0629,11.0,0.0627,55.0,125108.0,25002.0
2021-01-05 09:39:32.120,0.0629,0.0629,24.0,0.0627,99.0,125108.0,25004.0
2021-01-05 09:39:32.631,0.0629,0.0629,26.0,0.0627,25.0,125118.0,25024.0
2021-01-05 09:39:33.180,0.0629,0.0627,5.0,0.0626,111.0,125118.0,25024.0
2021-01-05 09:39:33.530,0.0627,0.0628,13.0,0.0626,124.0,125117.0,25026.0
2021-01-05 09:39:33.530,0.0627,0.0629,63.0,0.0628,10.0,125117.0,25026.0
2021-01-05 09:39:34.631,0.0628,0.0629,10.0,0.0627,11.0,125127.0,25040.0
2021-01-05 09:39:35.161,0.0628,0.0628,20.0,0.0627,29.0,125127.0,25040.0
2021-01-05 09:39:35.651,0.0628,0.0629,10.0,0.0627,4.0,125118.0,25060.0
2021-01-05 09:39:36.231,0.0629,0.0629,27.0,0.0627,10.0,125115.0,25070.0
2021-01-05 09:39:36.660,0.0629,0.0629,17.0,0.0628,20.0,125115.0,25070.0
2021-01-05 09:39:37.221,0.0629,0.063,15.0,0.0629,16.0,125111.0,25074.0
2021-01-05 09:39:37.670,0.0629,0.063,2.0,0.0629,36.0,125111.0,25074.0
2021-01-05 09:39:38.221,0.0629,0.063,13.0,0.0629,57.0,125124.0,25091.0
2021-01-05 09:39:38.650,0.063,0.0631,1.0,0.0629,60.0,125124.0,25101.0
2021-01-05 09:39:39.241,0.0629,0.063,48.0,0.0629,1.0,125120.0,25157.0
2021-01-05 09:39:39.751,0.0631,0.0631,33.0,0.0628,75.0,125137.0,25178.0
2021-01-05 09:39:40.200,0.0631,0.0631,56.0,0.0628,65.0,125137.0,25178.0
2021-01-05 09:39:40.721,0.0631,0.0631,13.0,0.0628,78.0,125137.0,25178.0
2021-01-05 09:39:41.220,0.0629,0.0632,53.0,0.0631,7.0,125125.0,25194.0
2021-01-05 09:39:41.750,0.0628,0.063,2.0,0.0628,42.0,125133.0,25242.0
2021-01-05 09:39:42.210,0.0628,0.0632,51.0,0.0628,50.0,125141.0,25294.0
2021-01-05 09:39:42.640,0.063,0.0632,23.0,0.063,10.0,125141.0,25304.0
2021-01-05 09:39:43.191,0.0631,0.0632,23.0,0.063,21.0,125141.0,25324.0
2021-01-05 09:39:43.570,0.0631,0.0632,13.0,0.0631,21.0,125139.0,25336.0
2021-01-05 09:39:44.190,0.063,0.0632,9.0,0.063,41.0,125126.0,25371.0
2021-01-05 09:39:44.680,0.063,0.0631,21.0,0.063,29.0,125126.0,25371.0
2021-01-05 09:39:45.251,0.063,0.0631,29.0,0.063,3.0,125122.0,25380.0
2021-01-05 09:39:45.750,0.063,0.063,31.0,0.0628,56.0,125122.0,25383.0
2021-01-05 09:39:46.040,0.0628,0.0629,31.0,0.0628,34.0,125135.0,25396.0
2021-01-05 09:39:46.691,0.0627,0.0628,3.0,0.0626,50.0,125164.0,25435.0
2021-01-05 09:39:47.250,0.0627,0.0628,1.0,0.0626,50.0,125164.0,25435.0
2021-01-05 09:39:47.710,0.0627,0.0628,1.0,0.0626,88.0,125164.0,25435.0
2021-01-05 09:39:48.221,0.0627,0.0628,1.0,0.0627,33.0,125164.0,25435.0
2021-01-05 09:39:48.711,0.0627,0.0628,11.0,0.0626,60.0,125141.0,25468.0
2021-01-05 09:39:49.241,0.0628,0.0628,10.0,0.0626,50.0,125144.0,25484.0
2021-01-05 09:39:49.510,0.0626,0.0626,3.0,0.0625,46.0,125144.0,25531.0
2021-01-05 09:39:49.961,0.0629,0.0626,50.0,0.0625,69.0,125153.0,25556.0
2021-01-05 09:39:50.641,0.0625,0.0625,15.0,0.0623,46.0,125174.0,25600.0
2021-01-05 09:39:51.200,0.0619,0.0623,10.0,0.062,38.0,125207.0,25717.0
2021-01-05 09:39:51.730,0.0619,0.0622,23.0,0.0621,10.0,125207.0,25717.0
2021-01-05 09:39:52.180,0.0621,0.0621,9.0,0.062,18.0,125192.0,25816.0
2021-01-05 09:39:52.591,0.0622,0.0622,38.0,0.0621,58.0,125200.0,25848.0
2021-01-05 09:39:53.181,0.0625,0.0625,47.0,0.0622,13.0,125147.0,25952.0
2021-01-05 09:39:53.630,0.0628,0.0628,15.0,0.0626,30.0,125146.0,26084.0
2021-01-05 09:39:54.191,0.0628,0.0627,13.0,0.0624,13.0,125216.0,26198.0
2021-01-05 09:39:54.631,0.0627,0.0623,40.0,0.0622,33.0,125186.0,26286.0
2021-01-05 09:39:55.181,0.0622,0.0622,20.0,0.0621,10.0,125155.0,26368.0
2021-01-05 09:39:55.430,0.0625,0.0623,2.0,0.0622,1.0,125145.0,26429.0
2021-01-05 09:39:56.120,0.0621,0.0622,63.0,0.0619,3.0,125145.0,26434.0
2021-01-05 09:39:56.691,0.0622,0.0622,35.0,0.062,28.0,125134.0,26445.0
2021-01-05 09:39:57.181,0.0619,0.0622,18.0,0.062,13.0,125072.0,26509.0
2021-01-05 09:39:57.580,0.0622,0.0622,1.0,0.0621,23.0,125058.0,26526.0
2021-01-05 09:39:58.101,0.0624,0.0624,3.0,0.0622,32.0,125057.0,26537.0
2021-01-05 09:39:58.600,0.0624,0.0624,13.0,0.0622,40.0,125057.0,26537.0
2021-01-05 09:39:59.050,0.0623,0.0623,13.0,0.0622,43.0,125067.0,26557.0
2021-01-05 09:39:59.670,0.0623,0.0624,10.0,0.0623,10.0,125067.0,26559.0
2021-01-05 09:39:59.991,0.0623,0.0625,25.0,0.0622,51.0,125057.0,26570.0
2021-01-05 09:40:00.201,0.0623,0.0624,3.0,0.0622,64.0,125057.0,26570.0
2021-01-05 09:40:01.201,0.0626,0.0625,13.0,0.0622,34.0,125043.0,26630.0
2021-01-05 09:40:01.551,0.0625,0.0626,28.0,0.0623,23.0,125043.0,26643.0
2021-01-05 09:40:02.141,0.0626,0.0627,15.0,0.0624,25.0,125042.0,26647.0
2021-01-05 09:40:02.671,0.0625,0.0628,15.0,0.0625,47.0,125040.0,26656.0
2021-01-05 09:40:03.171,0.0627,0.0627,10.0,0.0625,48.0,125040.0,26667.0
2021-01-05 09:40:03.691,0.0628,0.0629,28.0,0.0628,14.0,125040.0,26684.0
2021-01-05 09:40:04.160,0.0627,0.0627,9.0,0.0625,38.0,125028.0,26699.0
2021-01-05 09:40:04.700,0.0628,0.0628,15.0,0.0625,27.0,125027.0,26709.0
2021-01-05 09:40:05.170,0.0628,0.0629,33.0,0.0625,25.0,125025.0,26721.0
2021-01-05 09:40:05.701,0.0628,0.0628,29.0,0.0625,46.0,125026.0,26722.0
2021-01-05 09:40:06.200,0.0625,0.0628,9.0,0.0625,44.0,125022.0,26726.0
2021-01-05 09:40:06.600,0.0625,0.0628,7.0,0.0625,37.0,125031.0,26738.0
2021-01-05 09:40:07.191,0.0625,0.0628,15.0,0.0625,8.0,125014.0,26768.0
2021-01-05 09:40:07.700,0.0625,0.0629,38.0,0.0625,30.0,125017.0,26776.0
2021-01-05 09:40:08.110,0.0627,0.0629,15.0,0.0626,24.0,125017.0,26778.0
2021-01-05 09:40:08.690,0.0627,0.063,40.0,0.0627,13.0,125017.0,26781.0
2021-01-05 09:40:09.191,0.0629,0.063,12.0,0.0628,25.0,125014.0,26787.0
2021-01-05 09:40:09.441,0.063,0.063,11.0,0.0629,13.0,125013.0,26792.0
2021-01-05 09:40:10.131,0.0628,0.0629,40.0,0.0628,1.0,124997.0,26834.0
2021-01-05 09:40:10.680,0.0627,0.0628,15.0,0.0627,18.0,124997.0,26848.0
2021-01-05 09:40:11.060,0.0628,0.0628,25.0,0.0627,14.0,125016.0,26899.0
2021-01-05 09:40:11.610,0.0629,0.0628,16.0,0.0627,16.0,125032.0,26925.0
2021-01-05 09:40:12.190,0.0628,0.063,46.0,0.0627,26.0,125031.0,26941.0
2021-01-05 09:40:12.661,0.0632,0.0631,15.0,0.0628,24.0,125075.0,26991.0
2021-01-05 09:40:13.170,0.0628,0.0632,35.0,0.0628,8.0,125078.0,27002.0
2021-01-05 09:40:13.700,0.0628,0.0633,20.0,0.0631,10.0,125078.0,27002.0
2021-01-05 09:40:14.150,0.063,0.0633,3.0,0.0631,15.0,125059.0,27021.0
2021-01-05 09:40:14.620,0.0633,0.0633,1.0,0.0632,10.0,125059.0,27028.0
2021-01-05 09:40:15.120,0.0632,0.0634,3.0,0.0631,10.0,125049.0,27044.0
2021-01-05 09:40:15.191,0.0632,0.0634,3.0,0.0632,1.0,125049.0,27044.0
2021-01-05 09:40:16.140,0.0634,0.0635,56.0,0.0634,1.0,125050.0,27048.0
2021-01-05 09:40:16.520,0.0632,0.0632,10.0,0.0631,35.0,125052.0,27050.0
2021-01-05 09:40:17.181,0.0632,0.0634,19.0,0.0632,10.0,125042.0,27060.0
2021-01-05 09:40:17.621,0.0632,0.0634,4.0,0.0632,25.0,125042.0,27060.0
2021-01-05 09:40:18.161,0.0632,0.0634,19.0,0.0631,20.0,125042.0,27060.0
2021-01-05 09:40:18.701,0.0634,0.0634,4.0,0.0631,30.0,125038.0,27090.0
2021-01-05 09:40:18.931,0.0634,0.0635,41.0,0.0634,22.0,125035.0,27108.0
2021-01-05 09:40:19.630,0.0633,0.0633,16.0,0.0631,14.0,125026.0,27132.0
2021-01-05 09:40:20.191,0.0625,0.0629,20.0,0.0627,15.0,125038.0,27312.0
2021-01-05 09:40:20.631,0.0627,0.0627,7.0,0.0626,10.0,125028.0,27325.0
2021-01-05 09:40:21.200,0.0625,0.0627,61.0,0.0625,5.0,125042.0,27344.0
2021-01-05 09:40:21.690,0.0627,0.0627,25.0,0.0624,10.0,125139.0,27446.0
2021-01-05 09:40:22.210,0.0628,0.0627,5.0,0.0626,10.0,125189.0,27502.0
2021-01-05 09:40:22.591,0.0627,0.0627,3.0,0.0625,9.0,125202.0,27519.0
2021-01-05 09:40:23.150,0.0626,0.0627,11.0,0.0626,4.0,125205.0,27552.0
2021-01-05 09:40:23.701,0.0626,0.0626,6.0,0.0624,21.0,125201.0,27556.0
2021-01-05 09:40:23.951,0.0626,0.0626,6.0,0.0624,21.0,125201.0,27556.0
2021-01-05 09:40:24.370,0.0627,0.0627,18.0,0.0626,4.0,125200.0,27567.0
2021-01-05 09:40:25.011,0.0627,0.0628,46.0,0.0627,25.0,125204.0,27581.0
2021-01-05 09:40:25.501,0.0627,0.0627,13.0,0.0624,15.0,125204.0,27606.0
2021-01-05 09:40:25.941,0.0627,0.0628,28.0,0.0627,10.0,125204.0,27616.0
2021-01-05 09:40:26.621,0.0628,0.0628,52.0,0.0624,38.0,125214.0,27636.0
2021-01-05 09:40:27.090,0.0628,0.0627,45.0,0.0626,8.0,125214.0,27636.0
2021-01-05 09:40:27.680,0.0624,0.0626,17.0,0.0624,3.0,125213.0,27657.0
2021-01-05 09:40:28.110,0.0626,0.0625,15.0,0.0623,20.0,125216.0,27661.0
2021-01-05 09:40:28.690,0.0625,0.0626,32.0,0.0622,50.0,125217.0,27672.0
2021-01-05 09:40:29.170,0.0625,0.0625,5.0,0.0623,10.0,125222.0,27687.0
2021-01-05 09:40:30.150,0.0625,0.0625,30.0,0.0622,56.0,125238.0,27705.0
2021-01-05 09:40:30.680,0.0622,0.0626,25.0,0.0622,38.0,125317.0,27785.0
2021-01-05 09:40:31.040,0.0625,0.0625,15.0,0.0622,38.0,125322.0,27790.0
2021-01-05 09:40:31.631,0.0625,0.0625,10.0,0.0622,38.0,125322.0,27790.0
2021-01-05 09:40:31.991,0.0625,0.0626,25.0,0.0623,15.0,125317.0,27810.0
2021-01-05 09:40:32.611,0.0625,0.0626,20.0,0.0625,36.0,125317.0,27810.0
2021-01-05 09:40:33.161,0.0626,0.0627,10.0,0.0626,31.0,125317.0,27820.0
2021-01-05 09:40:33.430,0.0628,0.0629,36.0,0.0627,38.0,125318.0,27831.0
2021-01-05 09:40:34.171,0.0628,0.0629,36.0,0.0628,15.0,125318.0,27831.0
2021-01-05 09:40:34.601,0.0628,0.0629,51.0,0.0627,10.0,125318.0,27832.0
2021-01-05 09:40:34.930,0.0628,0.0628,25.0,0.0627,10.0,125318.0,27832.0
2021-01-05 09:40:35.681,0.0628,0.0628,10.0,0.0627,10.0,125318.0,27832.0
2021-01-05 09:40:36.161,0.0628,0.0629,56.0,0.0628,8.0,125318.0,27877.0
2021-01-05 09:40:36.601,0.0628,0.0628,8.0,0.0626,6.0,125272.0,28041.0
2021-01-05 09:40:37.091,0.0627,0.0627,9.0,0.0626,9.0,125273.0,28042.0
2021-01-05 09:40:37.700,0.0629,0.063,8.0,0.0629,33.0,125263.0,28165.0
2021-01-05 09:40:38.090,0.0627,0.0628,9.0,0.0627,5.0,125258.0,28212.0
2021-01-05 09:40:38.651,0.0628,0.0628,8.0,0.0627,35.0,125249.0,28223.0
2021-01-05 09:40:39.041,0.0628,0.0628,4.0,0.0627,35.0,125243.0,28237.0
2021-01-05 09:40:39.500,0.0628,0.0629,1.0,0.0628,30.0,125239.0,28241.0
2021-01-05 09:40:40.061,0.0629,0.0631,26.0,0.0629,29.0,125239.0,28242.0
2021-01-05 09:40:40.151,0.0629,0.0631,20.0,0.063,15.0,125239.0,28242.0
2021-01-05 09:40:41.131,0.0629,0.0631,10.0,0.0629,15.0,125229.0,28252.0
2021-01-05 09:40:41.621,0.0632,0.0633,20.0,0.0632,28.0,125230.0,28253.0
2021-01-05 09:40:42.180,0.0628,0.0631,10.0,0.0627,41.0,125258.0,28311.0
2021-01-05 09:40:42.201,0.0628,0.0632,2.0,0.0628,50.0,125258.0,28311.0
2021-01-05 09:40:43.141,0.0631,0.0631,2.0,0.0629,30.0,125262.0,28316.0
2021-01-05 09:40:43.621,0.0633,0.0633,22.0,0.063,15.0,125264.0,28319.0
2021-01-05 09:40:43.990,0.0633,0.0633,23.0,0.063,15.0,125264.0,28319.0
2021-01-05 09:40:44.610,0.0628,0.0633,33.0,0.063,15.0,125304.0,28419.0
2021-01-05 09:40:45.131,0.0628,0.0633,23.0,0.0629,10.0,125304.0,28419.0
2021-01-05 09:40:45.621,0.0628,0.0633,23.0,0.063,30.0,125304.0,28419.0
2021-01-05 09:40:46.161,0.0628,0.0633,13.0,0.063,30.0,125304.0,28419.0
2021-01-05 09:40:46.581,0.0628,0.0633,23.0,0.0629,38.0,125304.0,28419.0
2021-01-05 09:40:46.981,0.0628,0.0633,28.0,0.063,10.0,125304.0,28419.0
2021-01-05 09:40:47.601,0.0628,0.0633,10.0,0.063,40.0,125304.0,28419.0
2021-01-05 09:40:48.160,0.063,0.0633,10.0,0.0631,3.0,125304.0,28421.0
2021-01-05 09:40:48.700,0.063,0.0635,33.0,0.0631,25.0,125304.0,28421.0
2021-01-05 09:40:49.111,0.0631,0.0633,10.0,0.063,10.0,125304.0,28424.0
