,last,ask1,asize1,bid1,bsize1,oi,volume
2021-01-05 09:25:00.080,,0.255,2.0,0.2408,2.0,4777.0,
2021-01-05 09:30:00.451,,0.255,3.0,0.2416,5.0,4777.0,
2021-01-05 09:30:00.991,,0.255,3.0,0.2416,5.0,4777.0,
2021-01-05 09:30:01.481,,0.255,3.0,0.2416,5.0,4777.0,
2021-01-05 09:30:02.511,,0.255,3.0,0.2496,20.0,4777.0,
2021-01-05 09:30:02.611,,0.255,3.0,0.2502,20.0,4777.0,
2021-01-05 09:30:03.471,,0.255,3.0,0.2496,20.0,4777.0,
2021-01-05 09:30:03.980,,0.255,3.0,0.2497,20.0,4777.0,
2021-01-05 09:30:04.430,,0.255,3.0,0.2497,20.0,4777.0,
2021-01-05 09:30:05.010,,0.255,3.0,0.2497,20.0,4777.0,
2021-01-05 09:30:05.481,,0.255,3.0,0.2504,20.0,4777.0,
2021-01-05 09:30:05.990,,0.255,3.0,0.2504,20.0,4777.0,
2021-01-05 09:30:07.471,,0.255,3.0,0.2521,20.0,4777.0,
2021-01-05 09:30:09.970,0.255,0.2576,20.0,0.2524,20.0,4780.0,3.0
2021-01-05 09:30:10.501,0.255,0.26,22.0,0.2524,20.0,4780.0,3.0
2021-01-05 09:30:13.000,0.255,0.2597,20.0,0.2518,20.0,4780.0,3.0
2021-01-05 09:30:13.501,0.255,0.2594,20.0,0.2515,20.0,4780.0,3.0
2021-01-05 09:30:13.941,0.255,0.2597,20.0,0.2515,20.0,4780.0,3.0
2021-01-05 09:30:15.040,0.255,0.2594,20.0,0.2515,20.0,4780.0,3.0
2021-01-05 09:30:17.021,0.255,0.259,20.0,0.2511,20.0,4780.0,3.0
2021-01-05 09:30:18.231,0.255,0.259,20.0,0.2416,5.0,4780.0,3.0
2021-01-05 09:30:18.750,0.255,0.2584,20.0,0.2504,20.0,4780.0,3.0
2021-01-05 09:30:19.751,0.255,0.2581,20.0,0.2501,20.0,4780.0,3.0
2021-01-05 09:30:20.740,0.255,0.2584,20.0,0.2505,20.0,4780.0,3.0
2021-01-05 09:30:21.741,0.255,0.2584,20.0,0.2505,25.0,4780.0,3.0
2021-01-05 09:30:22.240,0.255,0.2589,20.0,0.251,20.0,4780.0,3.0
2021-01-05 09:30:22.671,0.255,0.2586,20.0,0.2505,20.0,4780.0,3.0
2021-01-05 09:30:23.170,0.255,0.2586,20.0,0.251,5.0,4780.0,3.0
2021-01-05 09:30:23.670,0.255,0.2589,20.0,0.2512,20.0,4780.0,3.0
2021-01-05 09:30:24.161,0.255,0.26,2.0,0.2505,20.0,4780.0,3.0
2021-01-05 09:30:24.661,0.255,0.2594,20.0,0.2515,20.0,4780.0,3.0
2021-01-05 09:30:28.161,0.255,0.2594,20.0,0.2515,20.0,4780.0,3.0
2021-01-05 09:30:30.171,0.255,0.2594,20.0,0.2515,25.0,4780.0,3.0
2021-01-05 09:30:30.620,0.255,0.2594,20.0,0.2515,20.0,4780.0,3.0
2021-01-05 09:30:31.661,0.255,0.2589,20.0,0.251,20.0,4780.0,3.0
2021-01-05 09:30:32.551,0.255,0.2586,20.0,0.2507,20.0,4780.0,3.0
2021-01-05 09:30:33.171,0.255,0.2586,20.0,0.2507,20.0,4780.0,3.0
2021-01-05 09:30:36.170,0.255,0.2589,20.0,0.251,20.0,4780.0,3.0
2021-01-05 09:30:36.691,0.255,0.2587,1.0,0.2507,20.0,4780.0,3.0
2021-01-05 09:30:38.141,0.255,0.2587,1.0,0.2507,25.0,4780.0,3.0
2021-01-05 09:30:38.700,0.255,0.2586,20.0,0.2507,20.0,4780.0,3.0
2021-01-05 09:30:42.671,0.255,0.2583,20.0,0.2504,20.0,4780.0,3.0
2021-01-05 09:30:43.180,0.255,0.2583,20.0,0.2504,20.0,4780.0,3.0
2021-01-05 09:30:43.681,0.255,0.2583,20.0,0.2504,35.0,4780.0,3.0
2021-01-05 09:30:44.181,0.255,0.258,20.0,0.2504,10.0,4780.0,3.0
2021-01-05 09:30:44.650,0.255,0.258,20.0,0.2504,30.0,4780.0,3.0
2021-01-05 09:30:46.200,0.255,0.2577,20.0,0.2504,30.0,4780.0,3.0
2021-01-05 09:30:46.701,0.255,0.2577,20.0,0.2504,20.0,4780.0,3.0
2021-01-05 09:30:47.691,0.255,0.2574,20.0,0.2504,20.0,4780.0,3.0
2021-01-05 09:30:48.711,0.255,0.2574,20.0,0.2504,20.0,4780.0,3.0
2021-01-05 09:30:51.181,0.2574,0.2574,10.0,0.2504,20.0,4780.0,13.0
2021-01-05 09:30:51.721,0.2574,0.2574,20.0,0.2504,20.0,4780.0,13.0
2021-01-05 09:30:55.081,0.2574,0.257,20.0,0.2504,20.0,4780.0,13.0
2021-01-05 09:30:57.661,0.2504,0.257,20.0,0.2504,16.0,4780.0,17.0
2021-01-05 09:30:58.660,0.2504,0.2574,20.0,0.2504,25.0,4780.0,17.0
2021-01-05 09:30:59.171,0.2504,0.2574,20.0,0.2504,20.0,4780.0,17.0
2021-01-05 09:31:00.681,0.2504,0.2579,30.0,0.2504,20.0,4780.0,17.0
2021-01-05 09:31:01.150,0.2504,0.2579,30.0,0.2504,20.0,4780.0,17.0
2021-01-05 09:31:02.170,0.2504,0.2579,30.0,0.2507,20.0,4780.0,17.0
2021-01-05 09:31:02.681,0.2504,0.2579,30.0,0.2504,20.0,4780.0,17.0
2021-01-05 09:31:03.131,0.2504,0.2579,30.0,0.2504,20.0,4780.0,17.0
2021-01-05 09:31:03.680,0.2504,0.2579,30.0,0.2504,20.0,4780.0,17.0
2021-01-05 09:31:04.671,0.2504,0.2579,30.0,0.2508,20.0,4780.0,17.0
2021-01-05 09:31:05.190,0.2504,0.2579,30.0,0.2508,20.0,4780.0,17.0
2021-01-05 09:31:05.591,0.2504,0.2579,20.0,0.2544,10.0,4780.0,17.0
2021-01-05 09:31:06.160,0.2504,0.2583,20.0,0.2544,10.0,4780.0,17.0
2021-01-05 09:31:06.521,0.2504,0.2583,20.0,0.2544,10.0,4780.0,17.0
2021-01-05 09:31:07.190,0.2504,0.2579,20.0,0.2544,10.0,4780.0,17.0
2021-01-05 09:31:08.650,0.2504,0.2574,20.0,0.2544,10.0,4780.0,17.0
2021-01-05 09:31:09.101,0.2504,0.2579,20.0,0.2544,10.0,4780.0,17.0
2021-01-05 09:31:10.200,0.2504,0.2576,20.0,0.2544,10.0,4780.0,17.0
2021-01-05 09:31:11.701,0.2504,0.2576,20.0,0.2544,10.0,4780.0,17.0
2021-01-05 09:31:12.190,0.2544,0.2576,20.0,0.2527,20.0,4790.0,27.0
2021-01-05 09:31:12.621,0.2544,0.2579,20.0,0.2527,20.0,4790.0,27.0
2021-01-05 09:31:13.710,0.2544,0.2579,21.0,0.2527,20.0,4790.0,27.0
2021-01-05 09:31:18.720,0.2544,0.2552,10.0,0.2527,20.0,4790.0,27.0
2021-01-05 09:31:19.150,0.2544,0.2552,10.0,0.2503,10.0,4790.0,27.0
2021-01-05 09:31:19.711,0.2544,0.2552,10.0,0.2503,20.0,4790.0,27.0
2021-01-05 09:31:20.171,0.2544,0.2552,30.0,0.2498,20.0,4790.0,27.0
2021-01-05 09:31:20.701,0.2544,0.2552,30.0,0.2494,20.0,4790.0,27.0
2021-01-05 09:31:21.221,0.2544,0.2552,30.0,0.2499,20.0,4790.0,27.0
2021-01-05 09:31:22.211,0.2544,0.2552,10.0,0.2499,20.0,4790.0,27.0
2021-01-05 09:31:22.620,0.2544,0.2552,10.0,0.2506,10.0,4790.0,27.0
2021-01-05 09:31:23.171,0.2544,0.2552,10.0,0.2509,10.0,4790.0,27.0
2021-01-05 09:31:23.621,0.2544,0.2552,10.0,0.2509,30.0,4790.0,27.0
2021-01-05 09:31:24.161,0.2544,0.2552,10.0,0.2509,30.0,4790.0,27.0
2021-01-05 09:31:24.660,0.2544,0.2552,10.0,0.2509,20.0,4790.0,27.0
2021-01-05 09:31:25.150,0.2544,0.2548,10.0,0.2506,20.0,4790.0,27.0
2021-01-05 09:31:25.630,0.2544,0.2547,10.0,0.25,20.0,4790.0,27.0
2021-01-05 09:31:26.101,0.2544,0.2547,20.0,0.2502,10.0,4790.0,27.0
2021-01-05 09:31:26.520,0.2544,0.255,30.0,0.2502,10.0,4790.0,27.0
2021-01-05 09:31:27.171,0.2544,0.2549,10.0,0.2503,13.0,4790.0,27.0
2021-01-05 09:31:28.101,0.2544,0.2549,10.0,0.2503,33.0,4790.0,27.0
2021-01-05 09:31:28.610,0.2544,0.255,20.0,0.2503,33.0,4790.0,27.0
2021-01-05 09:31:29.171,0.2544,0.2548,10.0,0.2503,33.0,4790.0,27.0
2021-01-05 09:31:29.641,0.2544,0.2548,10.0,0.2503,33.0,4790.0,27.0
2021-01-05 09:31:30.671,0.2544,0.2545,10.0,0.2503,33.0,4790.0,27.0
2021-01-05 09:31:31.150,0.2544,0.2545,20.0,0.2503,33.0,4790.0,27.0
2021-01-05 09:31:32.191,0.2544,0.2545,20.0,0.2503,33.0,4790.0,27.0
2021-01-05 09:31:32.671,0.2544,0.2547,10.0,0.2503,33.0,4790.0,27.0
2021-01-05 09:31:33.190,0.2544,0.2547,30.0,0.2503,20.0,4790.0,27.0
2021-01-05 09:31:33.610,0.2544,0.2547,30.0,0.25,20.0,4790.0,27.0
2021-01-05 09:31:34.181,0.2544,0.2544,10.0,0.25,20.0,4790.0,27.0
2021-01-05 09:31:34.681,0.2544,0.2544,20.0,0.2499,10.0,4790.0,27.0
2021-01-05 09:31:35.190,0.2544,0.2547,30.0,0.25,13.0,4790.0,27.0
2021-01-05 09:31:35.670,0.2544,0.2542,10.0,0.2517,10.0,4790.0,27.0
2021-01-05 09:31:36.181,0.2544,0.2542,20.0,0.2514,20.0,4790.0,27.0
2021-01-05 09:31:36.690,0.2544,0.2542,20.0,0.2504,30.0,4790.0,27.0
2021-01-05 09:31:37.191,0.2544,0.2542,20.0,0.2504,30.0,4790.0,27.0
2021-01-05 09:31:38.190,0.2544,0.2541,3.0,0.2504,30.0,4790.0,27.0
2021-01-05 09:31:39.210,0.2544,0.2541,3.0,0.2504,30.0,4790.0,27.0
2021-01-05 09:31:39.710,0.2544,0.2541,3.0,0.2504,30.0,4790.0,27.0
2021-01-05 09:31:40.200,0.2544,0.2524,10.0,0.2504,20.0,4790.0,27.0
2021-01-05 09:31:40.711,0.2544,0.2524,10.0,0.2494,20.0,4790.0,27.0
2021-01-05 09:31:41.191,0.2544,0.2524,10.0,0.2493,3.0,4790.0,27.0
2021-01-05 09:31:41.700,0.2544,0.2524,10.0,0.2493,3.0,4790.0,27.0
2021-01-05 09:31:42.211,0.2544,0.2524,10.0,0.2493,3.0,4790.0,27.0
2021-01-05 09:31:42.711,0.2544,0.2524,10.0,0.2493,3.0,4790.0,27.0
2021-01-05 09:31:43.191,0.2544,0.2524,10.0,0.2493,3.0,4790.0,27.0
2021-01-05 09:31:44.190,0.2544,0.2524,20.0,0.2491,20.0,4790.0,27.0
2021-01-05 09:31:44.691,0.2544,0.2524,20.0,0.2492,13.0,4790.0,27.0
2021-01-05 09:31:45.700,0.2544,0.2524,20.0,0.2492,33.0,4790.0,27.0
2021-01-05 09:31:46.171,0.2544,0.2524,20.0,0.2492,33.0,4790.0,27.0
2021-01-05 09:31:46.701,0.2544,0.2524,20.0,0.2492,20.0,4790.0,27.0
2021-01-05 09:31:47.191,0.2544,0.2524,20.0,0.2488,20.0,4790.0,27.0
2021-01-05 09:31:47.690,0.2544,0.2524,20.0,0.2489,13.0,4790.0,27.0
2021-01-05 09:31:48.211,0.2544,0.2524,20.0,0.2489,13.0,4790.0,27.0
2021-01-05 09:31:49.711,0.2544,0.2524,20.0,0.2488,20.0,4790.0,27.0
2021-01-05 09:31:50.191,0.2544,0.2511,10.0,0.2485,20.0,4790.0,27.0
2021-01-05 09:31:50.710,0.2544,0.2511,30.0,0.2483,10.0,4790.0,27.0
2021-01-05 09:31:51.210,0.2544,0.2511,30.0,0.2482,20.0,4790.0,27.0
2021-01-05 09:31:52.621,0.2544,0.2511,30.0,0.2482,20.0,4790.0,27.0
2021-01-05 09:31:53.171,0.2544,0.2511,30.0,0.2482,20.0,4790.0,27.0
2021-01-05 09:31:53.640,0.2544,0.2507,10.0,0.2489,10.0,4790.0,27.0
2021-01-05 09:31:54.151,0.2544,0.2507,30.0,0.2489,10.0,4790.0,27.0
2021-01-05 09:31:54.641,0.2544,0.2507,30.0,0.2489,10.0,4790.0,27.0
2021-01-05 09:31:55.150,0.2544,0.2507,30.0,0.2489,10.0,4790.0,27.0
2021-01-05 09:31:55.670,0.2544,0.2507,30.0,0.2489,10.0,4790.0,27.0
2021-01-05 09:31:57.171,0.2544,0.2507,30.0,0.2489,10.0,4790.0,27.0
2021-01-05 09:31:58.171,0.2544,0.2507,30.0,0.2489,10.0,4790.0,27.0
2021-01-05 09:31:59.180,0.2544,0.2507,30.0,0.2489,10.0,4790.0,27.0
2021-01-05 09:31:59.660,0.2544,0.2507,30.0,0.2489,10.0,4790.0,27.0
2021-01-05 09:32:00.150,0.2544,0.2507,30.0,0.2489,10.0,4790.0,27.0
2021-01-05 09:32:00.650,0.2544,0.2503,10.0,0.2479,20.0,4790.0,27.0
2021-01-05 09:32:01.170,0.2544,0.2503,30.0,0.2473,20.0,4790.0,27.0
2021-01-05 09:32:01.670,0.2503,0.2503,20.0,0.2473,20.0,4790.0,37.0
2021-01-05 09:32:02.171,0.2503,0.25,10.0,0.2474,10.0,4790.0,37.0
2021-01-05 09:32:02.661,0.25,0.2503,20.0,0.25,10.0,4790.0,47.0
2021-01-05 09:32:03.180,0.25,0.2505,10.0,0.25,10.0,4790.0,47.0
2021-01-05 09:32:03.641,0.25,0.2505,10.0,0.25,10.0,4790.0,47.0
2021-01-05 09:32:04.090,0.25,0.2505,10.0,0.25,10.0,4790.0,47.0
2021-01-05 09:32:04.661,0.25,0.2505,10.0,0.25,20.0,4790.0,47.0
2021-01-05 09:32:05.141,0.25,0.2505,13.0,0.2485,20.0,4810.0,67.0
2021-01-05 09:32:05.660,0.25,0.25,1.0,0.2476,20.0,4810.0,67.0
2021-01-05 09:32:06.161,0.25,0.25,1.0,0.2473,20.0,4810.0,67.0
2021-01-05 09:32:06.680,0.25,0.25,1.0,0.247,20.0,4810.0,67.0
2021-01-05 09:32:07.070,0.25,0.25,1.0,0.2466,30.0,4810.0,67.0
2021-01-05 09:32:07.671,0.25,0.25,1.0,0.2467,13.0,4810.0,67.0
2021-01-05 09:32:08.171,0.25,0.25,1.0,0.2467,13.0,4810.0,67.0
2021-01-05 09:32:08.670,0.25,0.25,1.0,0.2466,20.0,4810.0,67.0
2021-01-05 09:32:09.141,0.25,0.25,1.0,0.2478,10.0,4810.0,67.0
2021-01-05 09:32:09.681,0.25,0.25,1.0,0.2478,10.0,4810.0,67.0
2021-01-05 09:32:10.161,0.25,0.25,1.0,0.2478,10.0,4810.0,67.0
2021-01-05 09:32:10.630,0.25,0.25,1.0,0.2478,10.0,4810.0,67.0
2021-01-05 09:32:11.170,0.25,0.25,1.0,0.2478,10.0,4810.0,67.0
2021-01-05 09:32:11.650,0.25,0.25,1.0,0.2478,10.0,4810.0,67.0
2021-01-05 09:32:12.161,0.25,0.25,1.0,0.2478,10.0,4810.0,67.0
2021-01-05 09:32:12.670,0.25,0.25,1.0,0.2488,10.0,4810.0,67.0
2021-01-05 09:32:13.171,0.2506,0.2506,4.0,0.2488,10.0,4813.0,77.0
2021-01-05 09:32:13.671,0.2506,0.2506,4.0,0.2488,10.0,4813.0,77.0
2021-01-05 09:32:14.660,0.2506,0.2507,30.0,0.2482,10.0,4813.0,77.0
2021-01-05 09:32:15.171,0.2506,0.2507,30.0,0.2483,1.0,4813.0,77.0
2021-01-05 09:32:15.671,0.2506,0.2507,30.0,0.2483,1.0,4813.0,77.0
2021-01-05 09:32:16.151,0.2506,0.2507,30.0,0.2483,1.0,4813.0,77.0
2021-01-05 09:32:17.161,0.2506,0.2507,30.0,0.2483,1.0,4813.0,77.0
2021-01-05 09:32:17.651,0.2506,0.2507,30.0,0.2483,1.0,4813.0,77.0
2021-01-05 09:32:18.670,0.2506,0.2506,3.0,0.2483,1.0,4813.0,77.0
2021-01-05 09:32:19.670,0.2506,0.2506,3.0,0.2483,1.0,4813.0,77.0
2021-01-05 09:32:20.671,0.2506,0.2506,3.0,0.2483,1.0,4813.0,77.0
2021-01-05 09:32:21.171,0.2506,0.2506,3.0,0.2483,1.0,4813.0,77.0
2021-01-05 09:32:21.680,0.2506,0.2506,3.0,0.2483,1.0,4813.0,77.0
2021-01-05 09:32:22.181,0.2506,0.2506,3.0,0.2483,1.0,4813.0,77.0
2021-01-05 09:32:22.660,0.2506,0.2507,20.0,0.2491,10.0,4813.0,77.0
2021-01-05 09:32:23.180,0.2506,0.2507,20.0,0.2491,10.0,4813.0,77.0
2021-01-05 09:32:23.580,0.2506,0.2507,20.0,0.2491,10.0,4813.0,77.0
2021-01-05 09:32:24.640,0.2506,0.2507,20.0,0.2492,1.0,4813.0,77.0
2021-01-05 09:32:25.170,0.2506,0.2507,20.0,0.2492,1.0,4813.0,77.0
2021-01-05 09:32:25.670,0.2506,0.2507,20.0,0.2492,1.0,4813.0,77.0
2021-01-05 09:32:26.171,0.2506,0.2501,10.0,0.2492,1.0,4813.0,77.0
2021-01-05 09:32:26.650,0.2506,0.2501,30.0,0.2492,1.0,4813.0,77.0
2021-01-05 09:32:27.151,0.2506,0.2501,30.0,0.2493,1.0,4813.0,77.0
2021-01-05 09:32:27.670,0.2506,0.2493,1.0,0.2484,10.0,4813.0,77.0
2021-01-05 09:32:28.171,0.2506,0.2493,1.0,0.2485,1.0,4813.0,77.0
2021-01-05 09:32:28.611,0.2506,0.2493,1.0,0.2485,1.0,4813.0,77.0
2021-01-05 09:32:29.180,0.2506,0.2493,1.0,0.2478,10.0,4813.0,77.0
2021-01-05 09:32:30.171,0.2506,0.2493,1.0,0.2478,10.0,4813.0,77.0
2021-01-05 09:32:31.151,0.2506,0.2493,1.0,0.2478,10.0,4813.0,77.0
2021-01-05 09:32:32.121,0.2506,0.2493,1.0,0.2478,10.0,4813.0,77.0
2021-01-05 09:32:33.141,0.2506,0.2493,1.0,0.2478,10.0,4813.0,77.0
2021-01-05 09:32:34.691,0.2506,0.2493,1.0,0.2478,10.0,4813.0,77.0
2021-01-05 09:32:36.190,0.2506,0.2493,21.0,0.2478,10.0,4813.0,77.0
2021-01-05 09:32:38.190,0.2506,0.2493,21.0,0.2478,10.0,4813.0,77.0
2021-01-05 09:32:39.630,0.2506,0.2493,21.0,0.2478,10.0,4813.0,77.0
2021-01-05 09:32:40.151,0.2506,0.2493,21.0,0.2478,10.0,4813.0,77.0
2021-01-05 09:32:41.200,0.2506,0.2493,21.0,0.2478,10.0,4813.0,77.0
2021-01-05 09:32:41.690,0.2506,0.2493,21.0,0.2478,10.0,4813.0,77.0
2021-01-05 09:32:42.201,0.2506,0.2493,21.0,0.2478,10.0,4813.0,77.0
2021-01-05 09:32:42.700,0.2506,0.2493,21.0,0.2478,10.0,4813.0,77.0
2021-01-05 09:32:43.580,0.2506,0.2493,21.0,0.2478,10.0,4813.0,77.0
2021-01-05 09:32:44.151,0.2506,0.2493,21.0,0.2478,10.0,4813.0,77.0
2021-01-05 09:32:44.700,0.2506,0.2493,21.0,0.2478,10.0,4813.0,77.0
2021-01-05 09:32:45.580,0.2506,0.2493,21.0,0.2478,10.0,4813.0,77.0
2021-01-05 09:32:46.160,0.2506,0.2493,21.0,0.2478,10.0,4813.0,77.0
2021-01-05 09:32:47.701,0.2506,0.2493,21.0,0.2478,10.0,4813.0,77.0
2021-01-05 09:32:48.181,0.2506,0.2493,21.0,0.2478,10.0,4813.0,77.0
2021-01-05 09:32:48.690,0.2506,0.2493,21.0,0.2478,10.0,4813.0,77.0
2021-01-05 09:32:48.690,0.2506,0.249,10.0,0.2472,10.0,4813.0,77.0
2021-01-05 09:32:49.670,0.2506,0.2489,10.0,0.2464,10.0,4813.0,77.0
2021-01-05 09:32:50.171,0.2506,0.2489,10.0,0.2464,10.0,4813.0,77.0
2021-01-05 09:32:50.700,0.2506,0.2489,10.0,0.2464,10.0,4813.0,77.0
2021-01-05 09:32:51.170,0.2506,0.2489,10.0,0.2464,10.0,4813.0,77.0
2021-01-05 09:32:51.701,0.2506,0.2489,30.0,0.2464,10.0,4813.0,77.0
2021-01-05 09:32:52.191,0.2506,0.2489,30.0,0.2464,10.0,4813.0,77.0
2021-01-05 09:32:53.161,0.2506,0.2489,30.0,0.2464,10.0,4813.0,77.0
2021-01-05 09:32:53.641,0.2506,0.2489,30.0,0.2464,10.0,4813.0,77.0
2021-01-05 09:32:54.181,0.2506,0.2489,10.0,0.2464,10.0,4813.0,77.0
2021-01-05 09:32:54.671,0.2506,0.2492,20.0,0.2472,10.0,4813.0,77.0
2021-01-05 09:32:55.170,0.2506,0.2497,30.0,0.2472,10.0,4813.0,77.0
2021-01-05 09:32:55.650,0.2506,0.2497,30.0,0.2472,10.0,4813.0,77.0
2021-01-05 09:32:56.150,0.2506,0.2488,10.0,0.2471,10.0,4813.0,77.0
2021-01-05 09:32:56.611,0.2506,0.2488,10.0,0.2471,10.0,4813.0,77.0
2021-01-05 09:32:57.151,0.2506,0.2488,10.0,0.2471,10.0,4813.0,77.0
2021-01-05 09:32:57.600,0.2506,0.2488,10.0,0.2471,10.0,4813.0,77.0
2021-01-05 09:32:57.600,0.2506,0.2488,10.0,0.2471,10.0,4813.0,77.0
2021-01-05 09:32:58.651,0.2506,0.2488,10.0,0.2471,10.0,4813.0,77.0
2021-01-05 09:32:59.170,0.2506,0.2488,10.0,0.2471,10.0,4813.0,77.0
2021-01-05 09:32:59.621,0.2506,0.2488,10.0,0.2471,10.0,4813.0,77.0
2021-01-05 09:33:00.651,0.2506,0.2488,10.0,0.2471,10.0,4813.0,77.0
2021-01-05 09:33:01.081,0.2506,0.2488,10.0,0.2471,10.0,4813.0,77.0
2021-01-05 09:33:01.661,0.2506,0.2488,30.0,0.2471,10.0,4813.0,77.0
2021-01-05 09:33:02.651,0.2506,0.2488,30.0,0.2471,10.0,4813.0,77.0
2021-01-05 09:33:03.121,0.2506,0.2493,20.0,0.2479,10.0,4813.0,77.0
2021-01-05 09:33:03.681,0.2506,0.2493,20.0,0.2479,10.0,4813.0,77.0
2021-01-05 09:33:04.140,0.2506,0.2498,3.0,0.2478,10.0,4813.0,77.0
2021-01-05 09:33:04.651,0.2506,0.2498,20.0,0.2478,10.0,4813.0,77.0
2021-01-05 09:33:05.181,0.2506,0.2503,30.0,0.2478,10.0,4813.0,77.0
2021-01-05 09:33:05.690,0.2506,0.2503,30.0,0.2478,10.0,4813.0,77.0
2021-01-05 09:33:06.170,0.2506,0.2503,30.0,0.2478,10.0,4813.0,77.0
2021-01-05 09:33:07.171,0.2506,0.2503,30.0,0.2478,10.0,4813.0,77.0
2021-01-05 09:33:07.601,0.2506,0.2503,30.0,0.2478,10.0,4813.0,77.0
2021-01-05 09:33:08.191,0.2506,0.2503,30.0,0.2478,10.0,4813.0,77.0
2021-01-05 09:33:08.681,0.2506,0.2503,30.0,0.2478,10.0,4813.0,77.0
2021-01-05 09:33:09.181,0.2506,0.2503,30.0,0.2478,10.0,4813.0,77.0
2021-01-05 09:33:09.651,0.2506,0.2503,30.0,0.2478,10.0,4813.0,77.0
2021-01-05 09:33:10.180,0.2506,0.2503,30.0,0.2478,10.0,4813.0,77.0
2021-01-05 09:33:10.681,0.2506,0.2503,30.0,0.2486,10.0,4813.0,77.0
2021-01-05 09:33:11.670,0.2506,0.2503,30.0,0.2486,10.0,4813.0,77.0
2021-01-05 09:33:12.181,0.2506,0.2503,30.0,0.2486,10.0,4813.0,77.0
2021-01-05 09:33:12.650,0.2506,0.2503,30.0,0.2486,10.0,4813.0,77.0
2021-01-05 09:33:13.100,0.2506,0.2503,30.0,0.2486,10.0,4813.0,77.0
2021-01-05 09:33:13.691,0.2506,0.2503,30.0,0.2486,10.0,4813.0,77.0
2021-01-05 09:33:14.160,0.2506,0.2503,30.0,0.2486,10.0,4813.0,77.0
2021-01-05 09:33:14.650,0.2506,0.2503,30.0,0.2486,10.0,4813.0,77.0
2021-01-05 09:33:15.140,0.2506,0.2503,30.0,0.2486,10.0,4813.0,77.0
2021-01-05 09:33:15.651,0.2506,0.2503,30.0,0.2486,10.0,4813.0,77.0
2021-01-05 09:33:16.181,0.2506,0.2503,30.0,0.2486,10.0,4813.0,77.0
2021-01-05 09:33:16.671,0.2506,0.2503,30.0,0.2486,10.0,4813.0,77.0
2021-01-05 09:33:17.190,0.2506,0.2503,10.0,0.2486,10.0,4813.0,77.0
2021-01-05 09:33:18.160,0.2506,0.2507,20.0,0.2492,10.0,4813.0,77.0
2021-01-05 09:33:18.680,0.2506,0.2507,20.0,0.2492,10.0,4813.0,77.0
2021-01-05 09:33:18.921,0.2506,0.2507,20.0,0.2492,10.0,4813.0,77.0
2021-01-05 09:33:19.201,0.2506,0.2507,20.0,0.2492,10.0,4813.0,77.0
2021-01-05 09:33:19.950,0.2506,0.2507,20.0,0.2492,10.0,4813.0,77.0
2021-01-05 09:33:20.680,0.2506,0.2507,20.0,0.2492,10.0,4813.0,77.0
2021-01-05 09:33:21.160,0.2506,0.2508,10.0,0.2492,10.0,4813.0,77.0
2021-01-05 09:33:21.681,0.2506,0.2508,10.0,0.2492,10.0,4813.0,77.0
2021-01-05 09:33:22.150,0.2506,0.2508,10.0,0.2492,10.0,4813.0,77.0
2021-01-05 09:33:22.670,0.2506,0.2508,10.0,0.2492,10.0,4813.0,77.0
2021-01-05 09:33:23.151,0.2506,0.2508,10.0,0.2492,10.0,4813.0,77.0
2021-01-05 09:33:24.171,0.2506,0.2508,10.0,0.2492,10.0,4813.0,77.0
2021-01-05 09:33:24.661,0.2506,0.2508,10.0,0.2492,10.0,4813.0,77.0
2021-01-05 09:33:25.671,0.2506,0.2508,10.0,0.2492,10.0,4813.0,77.0
2021-01-05 09:33:26.651,0.2506,0.2508,10.0,0.2492,10.0,4813.0,77.0
2021-01-05 09:33:27.171,0.2506,0.2508,10.0,0.2492,10.0,4813.0,77.0
2021-01-05 09:33:27.681,0.2506,0.2509,10.0,0.2492,10.0,4813.0,77.0
2021-01-05 09:33:28.180,0.2506,0.2509,10.0,0.2492,10.0,4813.0,77.0
2021-01-05 09:33:28.670,0.2506,0.2509,10.0,0.2492,10.0,4813.0,77.0
2021-01-05 09:33:29.171,0.2506,0.2509,10.0,0.2492,10.0,4813.0,77.0
2021-01-05 09:33:31.680,0.2506,0.2509,10.0,0.2492,10.0,4813.0,77.0
2021-01-05 09:33:32.170,0.2506,0.2509,10.0,0.2492,10.0,4813.0,77.0
2021-01-05 09:33:36.681,0.2506,0.2509,10.0,0.2492,10.0,4813.0,77.0
2021-01-05 09:33:37.190,0.2506,0.2509,10.0,0.2492,10.0,4813.0,77.0
2021-01-05 09:33:37.640,0.2506,0.2509,10.0,0.2492,10.0,4813.0,77.0
2021-01-05 09:33:39.201,0.2506,0.2509,10.0,0.2492,10.0,4813.0,77.0
2021-01-05 09:33:40.160,0.2506,0.2509,10.0,0.2492,10.0,4813.0,77.0
2021-01-05 09:33:41.161,0.2506,0.251,20.0,0.2487,20.0,4813.0,77.0
2021-01-05 09:33:41.691,0.2506,0.251,20.0,0.2487,20.0,4813.0,77.0
2021-01-05 09:33:42.160,0.2506,0.251,20.0,0.2486,10.0,4813.0,77.0
2021-01-05 09:33:42.640,0.2506,0.251,33.0,0.2486,10.0,4813.0,77.0
2021-01-05 09:33:43.180,0.2506,0.251,20.0,0.2486,10.0,4813.0,77.0
2021-01-05 09:33:43.681,0.2506,0.2509,13.0,0.2486,10.0,4813.0,77.0
2021-01-05 09:33:44.110,0.2506,0.2509,13.0,0.2486,10.0,4813.0,77.0
2021-01-05 09:33:44.671,0.2506,0.251,20.0,0.2486,10.0,4813.0,77.0
2021-01-05 09:33:45.180,0.2506,0.251,20.0,0.2486,10.0,4813.0,77.0
2021-01-05 09:33:46.680,0.2506,0.2504,10.0,0.2479,20.0,4813.0,77.0
2021-01-05 09:33:47.191,0.2506,0.2504,30.0,0.2479,20.0,4813.0,77.0
2021-01-05 09:33:48.171,0.2506,0.2504,30.0,0.2479,20.0,4813.0,77.0
2021-01-05 09:33:50.180,0.2506,0.2504,30.0,0.2479,20.0,4813.0,77.0
2021-01-05 09:33:50.670,0.2506,0.2504,30.0,0.2479,20.0,4813.0,77.0
2021-01-05 09:33:51.141,0.2506,0.2504,30.0,0.2479,20.0,4813.0,77.0
2021-01-05 09:33:51.571,0.2506,0.2496,10.0,0.2479,30.0,4813.0,77.0
2021-01-05 09:33:52.190,0.2506,0.2496,10.0,0.2479,30.0,4813.0,77.0
2021-01-05 09:33:52.570,0.2506,0.2496,10.0,0.2479,30.0,4813.0,77.0
2021-01-05 09:33:53.650,0.2506,0.2496,10.0,0.2479,30.0,4813.0,77.0
2021-01-05 09:33:54.180,0.2506,0.2496,10.0,0.2479,30.0,4813.0,77.0
2021-01-05 09:33:54.610,0.2506,0.2496,10.0,0.2479,30.0,4813.0,77.0
2021-01-05 09:33:55.181,0.2506,0.2496,10.0,0.2479,30.0,4813.0,77.0
2021-01-05 09:33:55.650,0.2506,0.2496,10.0,0.2479,30.0,4813.0,77.0
2021-01-05 09:33:57.171,0.2506,0.2496,10.0,0.2479,30.0,4813.0,77.0
2021-01-05 09:33:57.671,0.2506,0.2496,20.0,0.2475,20.0,4813.0,77.0
2021-01-05 09:33:58.170,0.2506,0.2498,10.0,0.2475,20.0,4813.0,77.0
2021-01-05 09:33:58.670,0.2506,0.2498,10.0,0.2475,20.0,4813.0,77.0
2021-01-05 09:33:59.140,0.2506,0.249,10.0,0.247,20.0,4813.0,77.0
2021-01-05 09:33:59.690,0.2506,0.249,10.0,0.2465,30.0,4813.0,77.0
2021-01-05 09:34:00.191,0.2506,0.249,10.0,0.2466,13.0,4813.0,77.0
2021-01-05 09:34:00.671,0.2506,0.249,10.0,0.2479,1.0,4813.0,77.0
2021-01-05 09:34:01.081,0.2506,0.249,10.0,0.2479,1.0,4813.0,77.0
2021-01-05 09:34:01.640,0.2506,0.249,10.0,0.2479,1.0,4813.0,77.0
2021-01-05 09:34:02.671,0.2506,0.249,10.0,0.2479,1.0,4813.0,77.0
2021-01-05 09:34:03.171,0.2506,0.249,10.0,0.2479,1.0,4813.0,77.0
2021-01-05 09:34:03.670,0.2506,0.249,10.0,0.248,1.0,4813.0,77.0
2021-01-05 09:34:04.120,0.2506,0.249,10.0,0.248,1.0,4813.0,77.0
2021-01-05 09:34:05.121,0.2506,0.249,10.0,0.248,1.0,4813.0,77.0
2021-01-05 09:34:05.630,0.2506,0.249,10.0,0.248,1.0,4813.0,77.0
2021-01-05 09:34:06.671,0.2506,0.249,10.0,0.248,1.0,4813.0,77.0
2021-01-05 09:34:07.130,0.2506,0.249,10.0,0.248,1.0,4813.0,77.0
2021-01-05 09:34:07.601,0.248,0.2482,10.0,0.2479,1.0,4814.0,78.0
2021-01-05 09:34:08.171,0.2479,0.2479,1.0,0.2465,30.0,4814.0,79.0
2021-01-05 09:34:08.630,0.2479,0.2479,1.0,0.2465,10.0,4814.0,79.0
2021-01-05 09:34:09.170,0.2479,0.2479,1.0,0.2465,10.0,4814.0,79.0
2021-01-05 09:34:09.670,0.2479,0.2479,1.0,0.2465,10.0,4814.0,79.0
2021-01-05 09:34:10.140,0.2479,0.2479,1.0,0.2466,1.0,4814.0,79.0
2021-01-05 09:34:10.690,0.2479,0.2479,1.0,0.2466,1.0,4814.0,79.0
2021-01-05 09:34:11.681,0.2479,0.2482,10.0,0.2466,1.0,4814.0,80.0
2021-01-05 09:34:12.640,0.2479,0.2482,10.0,0.2466,1.0,4814.0,80.0
2021-01-05 09:34:13.191,0.2479,0.2482,10.0,0.2466,1.0,4814.0,80.0
2021-01-05 09:34:13.681,0.2479,0.2482,10.0,0.2466,1.0,4814.0,80.0
2021-01-05 09:34:14.181,0.2479,0.2488,10.0,0.2471,10.0,4814.0,80.0
2021-01-05 09:34:14.691,0.2479,0.2488,10.0,0.2471,30.0,4814.0,80.0
2021-01-05 09:34:15.181,0.2479,0.2494,10.0,0.2477,10.0,4814.0,80.0
2021-01-05 09:34:15.681,0.2479,0.2494,10.0,0.2477,10.0,4814.0,80.0
2021-01-05 09:34:15.900,0.2479,0.2494,10.0,0.2477,10.0,4814.0,80.0
2021-01-05 09:34:16.630,0.2479,0.2494,10.0,0.2477,10.0,4814.0,80.0
2021-01-05 09:34:17.070,0.2479,0.2488,10.0,0.2478,1.0,4814.0,80.0
2021-01-05 09:34:17.690,0.2479,0.2488,10.0,0.2478,1.0,4814.0,80.0
2021-01-05 09:34:18.201,0.2479,0.2488,30.0,0.2471,10.0,4814.0,80.0
2021-01-05 09:34:18.620,0.2479,0.2488,10.0,0.2472,1.0,4814.0,80.0
2021-01-05 09:34:19.041,0.2479,0.2488,30.0,0.2472,1.0,4814.0,80.0
2021-01-05 09:34:19.700,0.2479,0.2488,30.0,0.2472,1.0,4814.0,80.0
2021-01-05 09:34:20.180,0.2479,0.2488,30.0,0.2472,1.0,4814.0,80.0
2021-01-05 09:34:20.651,0.2479,0.2488,30.0,0.2472,1.0,4814.0,80.0
2021-01-05 09:34:21.690,0.2479,0.2488,30.0,0.2472,1.0,4814.0,80.0
2021-01-05 09:34:22.151,0.2479,0.2488,30.0,0.2472,1.0,4814.0,80.0
2021-01-05 09:34:22.651,0.2479,0.2488,30.0,0.2472,1.0,4814.0,80.0
2021-01-05 09:34:24.600,0.2479,0.2488,30.0,0.2472,1.0,4814.0,80.0
2021-01-05 09:34:25.150,0.2479,0.2483,10.0,0.2472,1.0,4814.0,80.0
2021-01-05 09:34:25.671,0.2479,0.2483,10.0,0.2472,1.0,4814.0,80.0
2021-01-05 09:34:26.170,0.2479,0.2483,10.0,0.2465,10.0,4814.0,80.0
2021-01-05 09:34:26.641,0.2479,0.2483,10.0,0.2466,1.0,4814.0,80.0
2021-01-05 09:34:27.150,0.2479,0.2483,10.0,0.2466,1.0,4814.0,80.0
2021-01-05 09:34:28.120,0.2479,0.2483,10.0,0.2466,1.0,4814.0,80.0
2021-01-05 09:34:28.621,0.2479,0.2483,10.0,0.2466,1.0,4814.0,80.0
2021-01-05 09:34:30.170,0.2479,0.2483,10.0,0.2466,1.0,4814.0,80.0
2021-01-05 09:34:30.681,0.2479,0.2483,10.0,0.2466,1.0,4814.0,80.0
2021-01-05 09:34:31.190,0.2479,0.2483,10.0,0.2466,1.0,4814.0,80.0
2021-01-05 09:34:31.280,0.2479,0.2483,10.0,0.2466,1.0,4814.0,80.0
2021-01-05 09:34:33.691,0.2479,0.2476,10.0,0.2466,1.0,4814.0,80.0
2021-01-05 09:34:34.171,0.2479,0.2476,10.0,0.2459,20.0,4814.0,80.0
2021-01-05 09:34:34.640,0.2479,0.2476,10.0,0.246,1.0,4814.0,80.0
2021-01-05 09:34:35.130,0.2479,0.2476,10.0,0.246,1.0,4814.0,80.0
2021-01-05 09:34:35.570,0.2479,0.2476,10.0,0.246,1.0,4814.0,80.0
2021-01-05 09:34:36.680,0.2479,0.2476,30.0,0.246,1.0,4814.0,80.0
2021-01-05 09:34:37.161,0.2479,0.2476,30.0,0.246,1.0,4814.0,80.0
2021-01-05 09:34:37.700,0.2479,0.2476,30.0,0.246,1.0,4814.0,80.0
2021-01-05 09:34:37.940,0.2479,0.2476,30.0,0.246,1.0,4814.0,80.0
2021-01-05 09:34:38.690,0.2479,0.2476,30.0,0.246,1.0,4814.0,80.0
2021-01-05 09:34:39.091,0.2479,0.2476,30.0,0.246,1.0,4814.0,80.0
2021-01-05 09:34:39.470,0.2479,0.2476,30.0,0.246,1.0,4814.0,80.0
2021-01-05 09:34:40.171,0.2479,0.2476,30.0,0.246,1.0,4814.0,80.0
2021-01-05 09:34:40.651,0.2479,0.2476,30.0,0.2451,10.0,4814.0,80.0
2021-01-05 09:34:41.201,0.2479,0.2476,30.0,0.2461,1.0,4814.0,80.0
2021-01-05 09:34:41.700,0.2479,0.2476,30.0,0.2452,1.0,4814.0,80.0
2021-01-05 09:34:42.171,0.2479,0.2476,30.0,0.2451,10.0,4814.0,80.0
2021-01-05 09:34:43.671,0.2479,0.2476,30.0,0.2451,10.0,4814.0,80.0
2021-01-05 09:34:44.151,0.2479,0.2476,30.0,0.2451,10.0,4814.0,80.0
2021-01-05 09:34:44.651,0.2479,0.2476,30.0,0.2451,10.0,4814.0,80.0
2021-01-05 09:34:45.200,0.2479,0.2468,10.0,0.2451,10.0,4814.0,80.0
2021-01-05 09:34:45.721,0.2479,0.2468,10.0,0.2451,10.0,4814.0,80.0
2021-01-05 09:34:46.140,0.2479,0.2468,10.0,0.2451,10.0,4814.0,80.0
2021-01-05 09:34:47.701,0.2479,0.2468,30.0,0.2451,10.0,4814.0,80.0
2021-01-05 09:34:48.141,0.2479,0.2468,30.0,0.2453,1.0,4814.0,80.0
2021-01-05 09:34:48.700,0.2479,0.2468,30.0,0.2453,1.0,4814.0,80.0
2021-01-05 09:34:49.171,0.2479,0.2468,30.0,0.2453,1.0,4814.0,80.0
2021-01-05 09:34:49.701,0.2479,0.2468,30.0,0.2453,1.0,4814.0,80.0
2021-01-05 09:34:50.220,0.2479,0.2468,30.0,0.2453,1.0,4814.0,80.0
2021-01-05 09:34:50.700,0.2479,0.2468,10.0,0.2453,1.0,4814.0,80.0
2021-01-05 09:34:51.200,0.2479,0.2468,10.0,0.2453,1.0,4814.0,80.0
2021-01-05 09:34:51.701,0.2479,0.2468,10.0,0.2453,1.0,4814.0,80.0
2021-01-05 09:34:52.220,0.2479,0.2468,10.0,0.2453,1.0,4814.0,80.0
2021-01-05 09:34:52.550,0.2479,0.2468,10.0,0.2453,1.0,4814.0,80.0
2021-01-05 09:34:53.180,0.2479,0.2468,10.0,0.2453,1.0,4814.0,80.0
2021-01-05 09:34:53.651,0.2479,0.2462,10.0,0.2453,1.0,4814.0,80.0
2021-01-05 09:34:54.170,0.2479,0.2462,10.0,0.2453,1.0,4814.0,80.0
2021-01-05 09:34:54.631,0.2479,0.2462,10.0,0.2447,10.0,4814.0,80.0
2021-01-05 09:34:55.040,0.2479,0.2455,10.0,0.2453,1.0,4814.0,80.0
2021-01-05 09:34:55.161,0.2479,0.2453,1.0,0.2448,1.0,4814.0,80.0
2021-01-05 09:34:55.991,0.2479,0.2453,1.0,0.2438,10.0,4814.0,80.0
2021-01-05 09:34:56.681,0.2479,0.2453,1.0,0.2439,2.0,4814.0,80.0
2021-01-05 09:34:57.171,0.2479,0.2453,1.0,0.2439,2.0,4814.0,80.0
2021-01-05 09:34:57.670,0.2479,0.2453,1.0,0.2439,2.0,4814.0,80.0
2021-01-05 09:34:58.640,0.2479,0.2453,1.0,0.2439,2.0,4814.0,80.0
2021-01-05 09:34:59.170,0.2479,0.2453,1.0,0.2439,2.0,4814.0,80.0
2021-01-05 09:35:00.160,0.2479,0.2449,10.0,0.2439,2.0,4814.0,80.0
2021-01-05 09:35:00.630,0.2479,0.2449,10.0,0.2439,2.0,4814.0,80.0
2021-01-05 09:35:00.640,0.2479,0.2449,10.0,0.2439,2.0,4814.0,80.0
2021-01-05 09:35:01.620,0.2479,0.2449,10.0,0.2439,2.0,4814.0,80.0
2021-01-05 09:35:02.160,0.2439,0.2439,1.0,0.2432,10.0,4814.0,82.0
2021-01-05 09:35:02.640,0.2439,0.2449,10.0,0.2439,1.0,4814.0,83.0
2021-01-05 09:35:03.180,0.2439,0.2463,20.0,0.2439,1.0,4814.0,83.0
2021-01-05 09:35:03.660,0.2439,0.2462,13.0,0.244,13.0,4814.0,83.0
2021-01-05 09:35:04.061,0.2439,0.2462,13.0,0.244,13.0,4814.0,83.0
2021-01-05 09:35:04.621,0.2439,0.2462,13.0,0.244,13.0,4814.0,83.0
2021-01-05 09:35:05.671,0.2439,0.2462,13.0,0.244,13.0,4814.0,83.0
2021-01-05 09:35:06.680,0.2439,0.2462,13.0,0.2436,10.0,4814.0,83.0
2021-01-05 09:35:07.131,0.2439,0.2464,20.0,0.2436,10.0,4814.0,83.0
2021-01-05 09:35:07.650,0.2439,0.2463,13.0,0.2438,10.0,4814.0,83.0
2021-01-05 09:35:08.171,0.2439,0.2463,13.0,0.2438,10.0,4814.0,83.0
2021-01-05 09:35:09.191,0.2439,0.2459,13.0,0.2435,10.0,4814.0,83.0
2021-01-05 09:35:09.700,0.2439,0.2459,13.0,0.2435,10.0,4814.0,83.0
2021-01-05 09:35:10.691,0.2439,0.2459,13.0,0.2435,10.0,4814.0,83.0
2021-01-05 09:35:11.160,0.2439,0.2459,13.0,0.2435,10.0,4814.0,83.0
2021-01-05 09:35:11.680,0.2439,0.245,10.0,0.2433,12.0,4814.0,83.0
2021-01-05 09:35:12.101,0.2439,0.245,10.0,0.2433,11.0,4814.0,83.0
2021-01-05 09:35:12.691,0.2439,0.2449,13.0,0.2433,11.0,4814.0,83.0
2021-01-05 09:35:13.181,0.2439,0.245,30.0,0.2434,13.0,4814.0,83.0
2021-01-05 09:35:13.640,0.2439,0.2459,10.0,0.2442,10.0,4814.0,83.0
2021-01-05 09:35:14.191,0.2439,0.246,20.0,0.2434,1.0,4814.0,83.0
2021-01-05 09:35:14.700,0.2439,0.2467,30.0,0.2435,14.0,4814.0,83.0
2021-01-05 09:35:15.200,0.2439,0.2466,13.0,0.2435,14.0,4814.0,83.0
2021-01-05 09:35:15.701,0.2439,0.2466,13.0,0.2435,14.0,4814.0,83.0
2021-01-05 09:35:16.201,0.2439,0.2466,13.0,0.2435,14.0,4814.0,83.0
2021-01-05 09:35:16.681,0.2439,0.2466,13.0,0.2435,14.0,4814.0,83.0
2021-01-05 09:35:17.680,0.2439,0.2466,13.0,0.2435,14.0,4814.0,83.0
2021-01-05 09:35:18.681,0.2439,0.2466,13.0,0.244,14.0,4814.0,83.0
2021-01-05 09:35:19.180,0.2439,0.2467,30.0,0.244,14.0,4814.0,83.0
2021-01-05 09:35:20.170,0.2439,0.2467,30.0,0.244,24.0,4814.0,83.0
2021-01-05 09:35:20.690,0.2439,0.2467,30.0,0.244,24.0,4814.0,83.0
2021-01-05 09:35:21.180,0.2439,0.2467,30.0,0.244,24.0,4814.0,83.0
2021-01-05 09:35:21.620,0.2439,0.2466,13.0,0.244,24.0,4814.0,83.0
2021-01-05 09:35:22.650,0.2439,0.2466,13.0,0.244,14.0,4814.0,83.0
2021-01-05 09:35:23.680,0.2439,0.2455,10.0,0.244,14.0,4814.0,83.0
2021-01-05 09:35:24.671,0.2439,0.2455,10.0,0.244,14.0,4814.0,83.0
2021-01-05 09:35:25.170,0.2439,0.2455,10.0,0.244,14.0,4814.0,83.0
2021-01-05 09:35:25.660,0.2439,0.2455,10.0,0.244,14.0,4814.0,83.0
2021-01-05 09:35:26.171,0.2455,0.2467,23.0,0.2455,10.0,4814.0,93.0
2021-01-05 09:35:26.651,0.2455,0.2456,10.0,0.2455,29.0,4815.0,94.0
2021-01-05 09:35:27.101,0.2455,0.2467,23.0,0.2455,29.0,4815.0,94.0
2021-01-05 09:35:27.641,0.2455,0.2466,13.0,0.2455,29.0,4815.0,94.0
2021-01-05 09:35:28.680,0.2455,0.2466,13.0,0.244,14.0,4815.0,94.0
2021-01-05 09:35:29.160,0.2455,0.2466,13.0,0.2441,1.0,4815.0,94.0
2021-01-05 09:35:29.620,0.2455,0.2466,13.0,0.2442,13.0,4815.0,94.0
2021-01-05 09:35:31.700,0.2455,0.2466,13.0,0.2442,33.0,4815.0,94.0
2021-01-05 09:35:33.160,0.2455,0.2466,13.0,0.2442,13.0,4815.0,94.0
2021-01-05 09:35:33.650,0.2455,0.2466,13.0,0.2442,13.0,4815.0,94.0
2021-01-05 09:35:34.190,0.2455,0.2466,13.0,0.2442,13.0,4815.0,94.0
2021-01-05 09:35:34.691,0.2455,0.2456,10.0,0.2442,13.0,4815.0,94.0
2021-01-05 09:35:35.200,0.2455,0.2456,10.0,0.2442,13.0,4815.0,94.0
2021-01-05 09:35:35.590,0.2455,0.2456,10.0,0.2442,13.0,4815.0,94.0
2021-01-05 09:35:36.620,0.2455,0.2456,10.0,0.2441,1.0,4815.0,94.0
2021-01-05 09:35:37.171,0.2455,0.2456,10.0,0.2441,13.0,4815.0,94.0
2021-01-05 09:35:37.640,0.2455,0.2456,10.0,0.2441,13.0,4815.0,94.0
2021-01-05 09:35:38.190,0.2455,0.2456,10.0,0.244,1.0,4815.0,94.0
2021-01-05 09:35:38.651,0.2455,0.2456,10.0,0.2441,13.0,4815.0,94.0
2021-01-05 09:35:40.191,0.2455,0.2456,10.0,0.2441,13.0,4815.0,94.0
2021-01-05 09:35:40.691,0.2455,0.2456,10.0,0.2442,1.0,4815.0,94.0
2021-01-05 09:35:41.190,0.2455,0.2456,10.0,0.2442,1.0,4815.0,94.0
2021-01-05 09:35:41.680,0.2455,0.2456,10.0,0.2443,13.0,4815.0,94.0
2021-01-05 09:35:42.160,0.2455,0.2456,10.0,0.2443,13.0,4815.0,94.0
2021-01-05 09:35:42.670,0.2455,0.2456,10.0,0.2443,13.0,4815.0,94.0
2021-01-05 09:35:43.190,0.2455,0.2456,10.0,0.2443,13.0,4815.0,94.0
2021-01-05 09:35:43.261,0.2455,0.2456,10.0,0.244,1.0,4815.0,94.0
2021-01-05 09:35:44.101,0.2455,0.2456,10.0,0.2441,13.0,4815.0,94.0
2021-01-05 09:35:45.071,0.2455,0.2455,13.0,0.244,14.0,4815.0,94.0
2021-01-05 09:35:45.670,0.2455,0.2455,13.0,0.2439,10.0,4815.0,94.0
2021-01-05 09:35:46.170,0.2455,0.2455,13.0,0.2439,10.0,4815.0,94.0
2021-01-05 09:35:47.691,0.2455,0.245,10.0,0.2433,10.0,4815.0,94.0
2021-01-05 09:35:48.181,0.2455,0.245,10.0,0.2434,13.0,4815.0,94.0
2021-01-05 09:35:48.700,0.2455,0.245,30.0,0.2434,13.0,4815.0,94.0
2021-01-05 09:35:49.190,0.2455,0.245,30.0,0.2434,13.0,4815.0,94.0
2021-01-05 09:35:49.701,0.2455,0.245,43.0,0.2434,13.0,4815.0,94.0
2021-01-05 09:35:50.150,0.2455,0.245,43.0,0.2434,13.0,4815.0,94.0
2021-01-05 09:35:50.680,0.2455,0.245,30.0,0.2434,13.0,4815.0,94.0
2021-01-05 09:35:51.710,0.2455,0.245,10.0,0.2434,13.0,4815.0,94.0
2021-01-05 09:35:52.190,0.2455,0.245,10.0,0.2434,14.0,4815.0,94.0
2021-01-05 09:35:54.161,0.2455,0.245,10.0,0.2434,14.0,4815.0,94.0
2021-01-05 09:35:54.640,0.2455,0.245,10.0,0.2434,14.0,4815.0,94.0
2021-01-05 09:35:55.181,0.2455,0.2457,20.0,0.2441,10.0,4815.0,94.0
2021-01-05 09:35:55.691,0.2455,0.2458,10.0,0.2441,10.0,4815.0,94.0
2021-01-05 09:35:56.121,0.2455,0.2458,10.0,0.2442,13.0,4815.0,94.0
2021-01-05 09:35:56.690,0.2455,0.2458,10.0,0.2442,13.0,4815.0,94.0
2021-01-05 09:35:57.681,0.2455,0.2458,10.0,0.2442,13.0,4815.0,94.0
2021-01-05 09:35:58.701,0.2455,0.2449,1.0,0.2442,13.0,4815.0,94.0
2021-01-05 09:35:59.160,0.2455,0.2449,1.0,0.2442,13.0,4815.0,94.0
2021-01-05 09:36:00.201,0.2455,0.2449,1.0,0.2437,20.0,4815.0,94.0
2021-01-05 09:36:00.680,0.2455,0.2449,1.0,0.2438,13.0,4815.0,94.0
2021-01-05 09:36:02.170,0.2455,0.2449,1.0,0.2438,13.0,4815.0,94.0
2021-01-05 09:36:03.150,0.2449,0.2462,20.0,0.2438,13.0,4815.0,95.0
2021-01-05 09:36:03.700,0.2449,0.2462,20.0,0.2438,13.0,4815.0,95.0
2021-01-05 09:36:04.201,0.2449,0.2467,37.0,0.2438,13.0,4815.0,95.0
2021-01-05 09:36:05.150,0.2449,0.2467,37.0,0.2438,13.0,4815.0,95.0
2021-01-05 09:36:05.690,0.2449,0.2467,37.0,0.2438,13.0,4815.0,95.0
2021-01-05 09:36:09.161,0.2449,0.2464,10.0,0.2447,10.0,4815.0,95.0
2021-01-05 09:36:09.691,0.2449,0.2463,13.0,0.2447,10.0,4815.0,95.0
2021-01-05 09:36:10.101,0.2449,0.2464,30.0,0.2448,14.0,4815.0,95.0
2021-01-05 09:36:10.671,0.2449,0.2464,10.0,0.2448,14.0,4815.0,95.0
2021-01-05 09:36:11.651,0.2449,0.2464,10.0,0.2448,14.0,4815.0,95.0
2021-01-05 09:36:12.690,0.2449,0.2464,10.0,0.2448,14.0,4815.0,95.0
2021-01-05 09:36:15.170,0.2449,0.2464,10.0,0.245,1.0,4815.0,95.0
2021-01-05 09:36:15.591,0.2449,0.2464,10.0,0.245,1.0,4815.0,95.0
2021-01-05 09:36:16.150,0.2449,0.2464,10.0,0.2451,13.0,4815.0,95.0
2021-01-05 09:36:18.680,0.2449,0.2464,10.0,0.2451,13.0,4815.0,95.0
2021-01-05 09:36:18.680,0.2449,0.2463,10.0,0.2451,13.0,4815.0,95.0
2021-01-05 09:36:19.691,0.2449,0.2463,10.0,0.2451,13.0,4815.0,95.0
2021-01-05 09:36:20.161,0.2449,0.2463,10.0,0.2451,13.0,4815.0,95.0
2021-01-05 09:36:21.091,0.2449,0.2465,10.0,0.2451,13.0,4815.0,95.0
2021-01-05 09:36:24.171,0.2449,0.2465,10.0,0.2451,13.0,4815.0,95.0
2021-01-05 09:36:24.701,0.2449,0.2465,23.0,0.245,1.0,4815.0,95.0
2021-01-05 09:36:25.191,0.2449,0.2465,10.0,0.245,14.0,4815.0,95.0
2021-01-05 09:36:25.690,0.2449,0.2465,10.0,0.245,1.0,4815.0,95.0
2021-01-05 09:36:26.171,0.2449,0.2465,10.0,0.2451,13.0,4815.0,95.0
2021-01-05 09:36:26.651,0.2449,0.2465,13.0,0.245,1.0,4815.0,95.0
2021-01-05 09:36:27.070,0.2449,0.2466,10.0,0.245,1.0,4815.0,95.0
2021-01-05 09:36:27.690,0.2449,0.2465,13.0,0.245,1.0,4815.0,95.0
2021-01-05 09:36:28.190,0.2449,0.2465,13.0,0.245,1.0,4815.0,95.0
2021-01-05 09:36:29.171,0.2449,0.2465,13.0,0.245,1.0,4815.0,95.0
2021-01-05 09:36:29.661,0.2449,0.2465,33.0,0.245,1.0,4815.0,95.0
2021-01-05 09:36:30.161,0.2449,0.2455,10.0,0.245,1.0,4815.0,95.0
2021-01-05 09:36:30.700,0.2449,0.2455,10.0,0.245,1.0,4815.0,95.0
2021-01-05 09:36:33.200,0.2449,0.2455,10.0,0.245,1.0,4815.0,95.0
2021-01-05 09:36:33.670,0.2449,0.2455,10.0,0.245,1.0,4815.0,95.0
2021-01-05 09:36:34.091,0.2449,0.2455,10.0,0.245,1.0,4815.0,95.0
2021-01-05 09:36:35.150,0.2449,0.2455,10.0,0.245,1.0,4815.0,95.0
2021-01-05 09:36:35.701,0.2449,0.2455,10.0,0.245,1.0,4815.0,95.0
2021-01-05 09:36:36.700,0.2449,0.2455,10.0,0.245,1.0,4815.0,95.0
2021-01-05 09:36:38.041,0.2449,0.2455,10.0,0.245,1.0,4815.0,95.0
2021-01-05 09:36:41.641,0.2449,0.2455,10.0,0.245,1.0,4815.0,95.0
2021-01-05 09:36:45.191,0.2449,0.2455,10.0,0.245,1.0,4815.0,95.0
2021-01-05 09:36:45.631,0.2449,0.2451,10.0,0.245,1.0,4815.0,95.0
2021-01-05 09:36:46.190,0.2449,0.2451,10.0,0.245,1.0,4815.0,95.0
2021-01-05 09:36:46.501,0.245,0.245,1.0,0.2448,1.0,4815.0,96.0
2021-01-05 09:36:47.130,0.245,0.245,1.0,0.244,20.0,4815.0,96.0
2021-01-05 09:36:47.660,0.245,0.245,1.0,0.244,33.0,4815.0,96.0
2021-01-05 09:36:48.130,0.245,0.245,1.0,0.2435,30.0,4815.0,96.0
2021-01-05 09:36:48.630,0.245,0.245,1.0,0.244,20.0,4815.0,96.0
2021-01-05 09:36:49.181,0.245,0.245,1.0,0.2441,5.0,4815.0,96.0
2021-01-05 09:36:49.700,0.245,0.245,1.0,0.2441,18.0,4815.0,96.0
2021-01-05 09:36:50.201,0.245,0.245,1.0,0.2441,18.0,4815.0,96.0
2021-01-05 09:36:50.670,0.245,0.245,1.0,0.2441,18.0,4815.0,96.0
2021-01-05 09:36:51.171,0.245,0.245,1.0,0.2441,19.0,4815.0,96.0
2021-01-05 09:36:51.671,0.245,0.245,1.0,0.2441,18.0,4815.0,96.0
2021-01-05 09:36:52.670,0.245,0.245,1.0,0.2441,5.0,4815.0,96.0
2021-01-05 09:36:54.631,0.245,0.2451,10.0,0.2441,5.0,4815.0,96.0
2021-01-05 09:36:55.651,0.245,0.2451,10.0,0.2442,1.0,4815.0,96.0
2021-01-05 09:36:56.141,0.245,0.2451,10.0,0.2443,13.0,4815.0,96.0
2021-01-05 09:36:57.171,0.245,0.2451,10.0,0.2442,21.0,4815.0,96.0
2021-01-05 09:36:59.181,0.245,0.2451,10.0,0.2442,20.0,4815.0,96.0
2021-01-05 09:37:00.160,0.245,0.2451,10.0,0.2442,20.0,4815.0,96.0
2021-01-05 09:37:02.610,0.245,0.2451,10.0,0.2442,20.0,4815.0,96.0
2021-01-05 09:37:03.151,0.245,0.2451,10.0,0.2443,13.0,4815.0,96.0
2021-01-05 09:37:04.200,0.245,0.2456,1.0,0.2443,33.0,4815.0,96.0
2021-01-05 09:37:04.690,0.245,0.2456,1.0,0.2443,34.0,4815.0,96.0
2021-01-05 09:37:05.140,0.245,0.2456,1.0,0.2443,34.0,4815.0,96.0
2021-01-05 09:37:05.660,0.245,0.2456,1.0,0.2443,34.0,4815.0,96.0
2021-01-05 09:37:06.171,0.245,0.2456,1.0,0.2443,34.0,4815.0,96.0
2021-01-05 09:37:06.700,0.245,0.2456,1.0,0.2443,34.0,4815.0,96.0
2021-01-05 09:37:07.180,0.245,0.2456,1.0,0.2443,34.0,4815.0,96.0
2021-01-05 09:37:08.200,0.245,0.2456,1.0,0.2443,34.0,4815.0,96.0
2021-01-05 09:37:08.630,0.245,0.2456,1.0,0.2443,14.0,4815.0,96.0
2021-01-05 09:37:09.170,0.245,0.2453,10.0,0.2443,13.0,4815.0,96.0
2021-01-05 09:37:10.140,0.245,0.2453,10.0,0.2443,13.0,4815.0,96.0
2021-01-05 09:37:10.701,0.245,0.2456,1.0,0.2443,33.0,4815.0,96.0
2021-01-05 09:37:11.201,0.245,0.2456,1.0,0.2443,33.0,4815.0,96.0
2021-01-05 09:37:11.641,0.245,0.2456,1.0,0.2444,1.0,4815.0,96.0
2021-01-05 09:37:12.131,0.245,0.2456,1.0,0.2444,1.0,4815.0,96.0
2021-01-05 09:37:12.131,0.245,0.2456,1.0,0.2444,15.0,4815.0,96.0
2021-01-05 09:37:13.681,0.245,0.2456,1.0,0.2444,15.0,4815.0,96.0
2021-01-05 09:37:14.651,0.245,0.2456,1.0,0.2444,14.0,4815.0,96.0
2021-01-05 09:37:15.200,0.245,0.2456,14.0,0.2443,20.0,4815.0,96.0
2021-01-05 09:37:15.700,0.245,0.2456,1.0,0.2444,13.0,4815.0,96.0
2021-01-05 09:37:16.461,0.245,0.2456,1.0,0.2444,13.0,4815.0,96.0
2021-01-05 09:37:18.891,0.245,0.2456,1.0,0.2444,13.0,4815.0,96.0
2021-01-05 09:37:21.200,0.245,0.2456,1.0,0.2444,13.0,4815.0,96.0
2021-01-05 09:37:21.701,0.245,0.2456,1.0,0.2445,14.0,4815.0,96.0
2021-01-05 09:37:22.030,0.245,0.2456,1.0,0.2445,14.0,4815.0,96.0
2021-01-05 09:37:23.150,0.245,0.2456,1.0,0.2445,14.0,4815.0,96.0
2021-01-05 09:37:25.200,0.245,0.2456,1.0,0.2445,14.0,4815.0,96.0
2021-01-05 09:37:30.191,0.245,0.2456,1.0,0.2445,14.0,4815.0,96.0
2021-01-05 09:37:30.650,0.245,0.2456,1.0,0.2445,14.0,4815.0,96.0
2021-01-05 09:37:31.190,0.245,0.2456,1.0,0.2445,14.0,4815.0,96.0
2021-01-05 09:37:31.691,0.245,0.2456,1.0,0.2445,14.0,4815.0,96.0
2021-01-05 09:37:33.180,0.245,0.2454,10.0,0.2445,14.0,4815.0,96.0
2021-01-05 09:37:33.681,0.245,0.2454,10.0,0.2445,34.0,4815.0,96.0
2021-01-05 09:37:34.200,0.245,0.2456,1.0,0.2445,34.0,4815.0,96.0
2021-01-05 09:37:36.671,0.245,0.2456,1.0,0.2445,34.0,4815.0,96.0
2021-01-05 09:37:37.691,0.245,0.2456,1.0,0.2445,34.0,4815.0,96.0
2021-01-05 09:37:38.651,0.245,0.2456,1.0,0.2449,10.0,4815.0,96.0
2021-01-05 09:37:39.170,0.2456,0.2466,10.0,0.245,14.0,4815.0,97.0
2021-01-05 09:37:39.641,0.2456,0.2466,10.0,0.245,15.0,4815.0,97.0
2021-01-05 09:37:42.130,0.2456,0.2466,10.0,0.2451,3.0,4815.0,97.0
2021-01-05 09:37:42.691,0.2456,0.2466,10.0,0.2452,13.0,4815.0,97.0
2021-01-05 09:37:43.181,0.2456,0.2466,10.0,0.2452,33.0,4815.0,97.0
2021-01-05 09:37:43.671,0.2456,0.2466,10.0,0.2452,33.0,4815.0,97.0
2021-01-05 09:37:44.190,0.2456,0.2466,10.0,0.2455,14.0,4815.0,97.0
2021-01-05 09:37:44.651,0.2456,0.2466,10.0,0.2455,34.0,4815.0,97.0
2021-01-05 09:37:45.191,0.2456,0.2472,10.0,0.2455,44.0,4815.0,97.0
2021-01-05 09:37:45.191,0.2456,0.2471,13.0,0.2455,44.0,4815.0,97.0
2021-01-05 09:37:46.601,0.2456,0.2472,10.0,0.2455,44.0,4815.0,97.0
2021-01-05 09:37:47.210,0.2456,0.2471,13.0,0.2455,44.0,4815.0,97.0
2021-01-05 09:37:47.661,0.2456,0.2471,13.0,0.2455,44.0,4815.0,97.0
2021-01-05 09:37:48.700,0.2456,0.2471,13.0,0.2456,3.0,4815.0,97.0
2021-01-05 09:37:49.190,0.2456,0.2471,13.0,0.2457,13.0,4815.0,97.0
2021-01-05 09:37:51.630,0.2456,0.2466,10.0,0.2457,13.0,4815.0,97.0
2021-01-05 09:37:52.191,0.2456,0.2466,10.0,0.2457,13.0,4815.0,97.0
2021-01-05 09:37:53.680,0.2456,0.2466,10.0,0.2457,13.0,4815.0,97.0
2021-01-05 09:37:55.190,0.2456,0.2466,10.0,0.2455,23.0,4815.0,97.0
2021-01-05 09:37:55.691,0.2456,0.2466,10.0,0.2456,13.0,4815.0,97.0
2021-01-05 09:37:56.121,0.2456,0.2466,10.0,0.2456,16.0,4815.0,97.0
2021-01-05 09:37:56.611,0.2456,0.2466,10.0,0.2456,16.0,4815.0,97.0
2021-01-05 09:37:57.170,0.2456,0.2472,10.0,0.2456,16.0,4815.0,97.0
2021-01-05 09:37:57.601,0.2456,0.2472,10.0,0.2459,14.0,4815.0,97.0
2021-01-05 09:37:58.141,0.2456,0.2472,23.0,0.2459,34.0,4815.0,97.0
2021-01-05 09:37:59.161,0.2456,0.2472,10.0,0.2459,34.0,4815.0,97.0
2021-01-05 09:38:00.100,0.2456,0.2471,13.0,0.2459,14.0,4815.0,97.0
2021-01-05 09:38:00.680,0.2456,0.2466,10.0,0.2459,14.0,4815.0,97.0
2021-01-05 09:38:01.180,0.2456,0.2466,10.0,0.2459,34.0,4815.0,97.0
2021-01-05 09:38:03.691,0.2456,0.2466,10.0,0.2459,20.0,4815.0,97.0
2021-01-05 09:38:04.090,0.2456,0.2466,10.0,0.246,13.0,4815.0,97.0
2021-01-05 09:38:04.680,0.2456,0.2466,10.0,0.2456,3.0,4815.0,97.0
2021-01-05 09:38:05.181,0.2456,0.2474,14.0,0.2457,13.0,4815.0,97.0
2021-01-05 09:38:05.681,0.2456,0.2474,14.0,0.2457,16.0,4815.0,97.0
2021-01-05 09:38:06.151,0.2456,0.2474,14.0,0.2457,16.0,4815.0,97.0
2021-01-05 09:38:07.200,0.2456,0.2474,34.0,0.2457,13.0,4815.0,97.0
2021-01-05 09:38:07.690,0.2456,0.2469,14.0,0.2454,3.0,4815.0,97.0
2021-01-05 09:38:08.021,0.2456,0.2469,14.0,0.2455,13.0,4815.0,97.0
2021-01-05 09:38:09.160,0.2456,0.2466,10.0,0.2455,13.0,4815.0,97.0
2021-01-05 09:38:09.611,0.2456,0.2465,13.0,0.2452,1.0,4815.0,97.0
2021-01-05 09:38:10.180,0.2456,0.2465,13.0,0.2453,13.0,4815.0,97.0
2021-01-05 09:38:10.670,0.2456,0.2465,13.0,0.2453,13.0,4815.0,97.0
2021-01-05 09:38:11.701,0.2456,0.2465,13.0,0.2453,13.0,4815.0,97.0
2021-01-05 09:38:12.191,0.2456,0.2469,14.0,0.2453,13.0,4815.0,97.0
2021-01-05 09:38:12.691,0.2456,0.2469,14.0,0.2453,13.0,4815.0,97.0
2021-01-05 09:38:13.110,0.2456,0.2469,14.0,0.2453,13.0,4815.0,97.0
2021-01-05 09:38:13.690,0.2456,0.2469,14.0,0.2453,13.0,4815.0,97.0
2021-01-05 09:38:14.141,0.2456,0.2469,14.0,0.2453,13.0,4815.0,97.0
2021-01-05 09:38:15.150,0.2456,0.2464,10.0,0.245,15.0,4815.0,97.0
2021-01-05 09:38:15.730,0.2456,0.2463,13.0,0.2446,14.0,4815.0,97.0
2021-01-05 09:38:16.210,0.2456,0.2463,13.0,0.2446,14.0,4815.0,97.0
2021-01-05 09:38:18.231,0.2456,0.2464,10.0,0.2446,14.0,4815.0,97.0
2021-01-05 09:38:18.660,0.2456,0.2463,13.0,0.2446,14.0,4815.0,97.0
2021-01-05 09:38:19.230,0.2456,0.2463,13.0,0.2446,14.0,4815.0,97.0
2021-01-05 09:38:20.690,0.2456,0.2463,13.0,0.2446,14.0,4815.0,97.0
2021-01-05 09:38:21.240,0.2456,0.2463,13.0,0.2446,14.0,4815.0,97.0
2021-01-05 09:38:21.670,0.2456,0.2463,13.0,0.2446,14.0,4815.0,97.0
2021-01-05 09:38:22.210,0.2456,0.2455,10.0,0.2441,19.0,4815.0,97.0
2021-01-05 09:38:22.661,0.2456,0.2455,10.0,0.2441,19.0,4815.0,97.0
2021-01-05 09:38:23.201,0.2456,0.2455,10.0,0.2441,39.0,4815.0,97.0
2021-01-05 09:38:24.671,0.2456,0.2455,10.0,0.2441,19.0,4815.0,97.0
2021-01-05 09:38:25.101,0.2456,0.2455,10.0,0.2441,19.0,4815.0,97.0
2021-01-05 09:38:25.700,0.2456,0.2455,10.0,0.2441,19.0,4815.0,97.0
2021-01-05 09:38:26.100,0.2456,0.2455,10.0,0.2441,19.0,4815.0,97.0
2021-01-05 09:38:26.701,0.2456,0.2455,10.0,0.2441,19.0,4815.0,97.0
2021-01-05 09:38:27.151,0.2456,0.2455,10.0,0.2441,19.0,4815.0,97.0
2021-01-05 09:38:27.691,0.2456,0.2457,10.0,0.2441,19.0,4815.0,97.0
2021-01-05 09:38:28.171,0.2456,0.2456,13.0,0.2441,39.0,4815.0,97.0
2021-01-05 09:38:28.680,0.2456,0.2456,13.0,0.2441,19.0,4815.0,97.0
2021-01-05 09:38:29.191,0.2456,0.2456,13.0,0.2441,19.0,4815.0,97.0
2021-01-05 09:38:29.641,0.2456,0.2456,13.0,0.2441,19.0,4815.0,97.0
2021-01-05 09:38:30.190,0.2456,0.2456,13.0,0.2441,19.0,4815.0,97.0
2021-01-05 09:38:30.670,0.2456,0.2456,13.0,0.2441,19.0,4815.0,97.0
2021-01-05 09:38:31.181,0.2456,0.2456,13.0,0.2441,19.0,4815.0,97.0
2021-01-05 09:38:31.700,0.2456,0.2457,10.0,0.2441,19.0,4815.0,97.0
2021-01-05 09:38:32.171,0.2456,0.2456,13.0,0.2441,19.0,4815.0,97.0
2021-01-05 09:38:32.701,0.2456,0.2456,13.0,0.2441,19.0,4815.0,97.0
2021-01-05 09:38:33.191,0.2456,0.2449,10.0,0.2441,5.0,4815.0,97.0
2021-01-05 09:38:33.700,0.2456,0.2457,14.0,0.2441,5.0,4815.0,97.0
2021-01-05 09:38:34.201,0.2456,0.2453,14.0,0.2441,5.0,4815.0,97.0
2021-01-05 09:38:34.641,0.2441,0.2453,14.0,0.2441,1.0,4815.0,101.0
2021-01-05 09:38:35.200,0.2441,0.2453,14.0,0.2441,1.0,4815.0,101.0
2021-01-05 09:38:35.700,0.2441,0.2453,14.0,0.2432,14.0,4815.0,102.0
2021-01-05 09:38:36.061,0.2441,0.2453,14.0,0.2432,14.0,4815.0,102.0
2021-01-05 09:38:36.691,0.2441,0.2453,14.0,0.2432,14.0,4815.0,102.0
2021-01-05 09:38:37.680,0.2441,0.2448,10.0,0.2432,14.0,4815.0,102.0
2021-01-05 09:38:38.161,0.2441,0.2448,30.0,0.2432,14.0,4815.0,102.0
2021-01-05 09:38:38.660,0.2441,0.2448,30.0,0.2432,14.0,4815.0,102.0
2021-01-05 09:38:39.161,0.2441,0.2447,13.0,0.2432,14.0,4815.0,102.0
2021-01-05 09:38:40.201,0.2441,0.2447,13.0,0.2427,14.0,4815.0,102.0
2021-01-05 09:38:40.591,0.2441,0.2447,13.0,0.2427,14.0,4815.0,102.0
2021-01-05 09:38:41.190,0.2441,0.2447,33.0,0.2427,14.0,4815.0,102.0
2021-01-05 09:38:41.670,0.2441,0.2447,33.0,0.2427,14.0,4815.0,102.0
2021-01-05 09:38:42.191,0.2441,0.2447,33.0,0.2427,14.0,4815.0,102.0
2021-01-05 09:38:42.700,0.2441,0.2447,33.0,0.2427,14.0,4815.0,102.0
2021-01-05 09:38:43.150,0.2441,0.2447,13.0,0.2427,14.0,4815.0,102.0
2021-01-05 09:38:43.651,0.2441,0.2447,13.0,0.2427,14.0,4815.0,102.0
2021-01-05 09:38:44.191,0.2441,0.2447,13.0,0.2427,14.0,4815.0,102.0
2021-01-05 09:38:44.690,0.2441,0.2447,13.0,0.2432,14.0,4815.0,102.0
2021-01-05 09:38:45.201,0.2441,0.2448,10.0,0.2432,14.0,4815.0,102.0
2021-01-05 09:38:45.480,0.2441,0.2453,14.0,0.2432,14.0,4815.0,102.0
2021-01-05 09:38:45.580,0.2441,0.2453,24.0,0.2432,14.0,4815.0,102.0
2021-01-05 09:38:46.631,0.2441,0.2453,10.0,0.2437,14.0,4815.0,102.0
2021-01-05 09:38:47.140,0.2441,0.2457,20.0,0.2437,14.0,4815.0,102.0
2021-01-05 09:38:47.691,0.2441,0.2454,10.0,0.2437,14.0,4815.0,102.0
2021-01-05 09:38:48.110,0.2441,0.246,10.0,0.2429,10.0,4815.0,102.0
2021-01-05 09:38:48.650,0.2441,0.2459,13.0,0.2442,14.0,4815.0,102.0
2021-01-05 09:38:49.130,0.2441,0.246,10.0,0.2442,14.0,4815.0,102.0
2021-01-05 09:38:49.691,0.2441,0.246,10.0,0.2446,14.0,4815.0,102.0
2021-01-05 09:38:50.110,0.2441,0.246,10.0,0.2446,14.0,4815.0,102.0
2021-01-05 09:38:50.651,0.2441,0.246,30.0,0.2446,14.0,4815.0,102.0
2021-01-05 09:38:51.170,0.2441,0.2459,13.0,0.2446,14.0,4815.0,102.0
2021-01-05 09:38:51.691,0.2441,0.2446,28.0,0.2441,14.0,4815.0,102.0
2021-01-05 09:38:52.140,0.2441,0.2446,42.0,0.2441,14.0,4815.0,102.0
2021-01-05 09:38:52.630,0.2441,0.2446,42.0,0.2441,14.0,4815.0,102.0
2021-01-05 09:38:53.191,0.2441,0.2446,42.0,0.243,3.0,4801.0,116.0
2021-01-05 09:38:54.200,0.2441,0.2446,28.0,0.2439,14.0,4801.0,116.0
2021-01-05 09:38:54.690,0.2439,0.2446,14.0,0.2437,14.0,4787.0,130.0
2021-01-05 09:38:55.001,0.2439,0.2447,10.0,0.2437,14.0,4787.0,130.0
2021-01-05 09:38:55.700,0.2439,0.2447,10.0,0.2437,14.0,4787.0,130.0
2021-01-05 09:38:56.190,0.2439,0.2448,10.0,0.2437,14.0,4787.0,130.0
2021-01-05 09:38:56.661,0.2439,0.2449,10.0,0.2437,14.0,4787.0,130.0
2021-01-05 09:38:57.200,0.2439,0.245,1.0,0.2437,14.0,4787.0,130.0
2021-01-05 09:38:57.640,0.2439,0.245,1.0,0.2437,14.0,4787.0,130.0
2021-01-05 09:38:58.161,0.2439,0.245,1.0,0.2441,14.0,4787.0,130.0
2021-01-05 09:38:58.670,0.2439,0.245,1.0,0.2445,14.0,4787.0,130.0
2021-01-05 09:38:59.060,0.2439,0.245,1.0,0.2445,14.0,4787.0,130.0
2021-01-05 09:39:00.660,0.2439,0.245,1.0,0.2445,14.0,4787.0,130.0
2021-01-05 09:39:01.160,0.2439,0.245,1.0,0.2445,14.0,4787.0,130.0
2021-01-05 09:39:02.201,0.2439,0.245,1.0,0.2445,14.0,4787.0,130.0
2021-01-05 09:39:02.660,0.2439,0.245,1.0,0.2445,14.0,4787.0,130.0
2021-01-05 09:39:03.150,0.2439,0.245,1.0,0.2445,14.0,4787.0,130.0
2021-01-05 09:39:04.161,0.245,0.2451,10.0,0.2445,13.0,4787.0,132.0
2021-01-05 09:39:04.610,0.245,0.2457,10.0,0.2445,13.0,4787.0,132.0
2021-01-05 09:39:05.211,0.245,0.2457,10.0,0.2445,13.0,4787.0,132.0
2021-01-05 09:39:06.650,0.245,0.2457,10.0,0.2445,13.0,4787.0,132.0
2021-01-05 09:39:07.200,0.245,0.2454,10.0,0.2445,13.0,4787.0,132.0
2021-01-05 09:39:07.680,0.245,0.2454,10.0,0.2445,33.0,4787.0,132.0
2021-01-05 09:39:09.601,0.245,0.245,1.0,0.2445,33.0,4787.0,132.0
2021-01-05 09:39:10.150,0.245,0.2454,10.0,0.2445,33.0,4787.0,133.0
2021-01-05 09:39:11.201,0.245,0.2451,10.0,0.2445,13.0,4787.0,133.0
2021-01-05 09:39:11.701,0.245,0.2451,10.0,0.2445,13.0,4787.0,133.0
2021-01-05 09:39:12.220,0.245,0.2451,10.0,0.2445,13.0,4787.0,133.0
2021-01-05 09:39:13.720,0.245,0.2451,10.0,0.2445,13.0,4787.0,133.0
2021-01-05 09:39:14.650,0.245,0.2451,10.0,0.2445,13.0,4787.0,133.0
2021-01-05 09:39:15.220,0.245,0.2451,10.0,0.2441,20.0,4787.0,133.0
2021-01-05 09:39:15.720,0.245,0.2451,10.0,0.2442,13.0,4787.0,133.0
2021-01-05 09:39:16.121,0.245,0.2451,10.0,0.2442,13.0,4787.0,133.0
2021-01-05 09:39:16.711,0.245,0.2451,10.0,0.2442,33.0,4787.0,133.0
2021-01-05 09:39:17.650,0.245,0.2451,10.0,0.2442,33.0,4787.0,133.0
2021-01-05 09:39:18.671,0.245,0.2451,10.0,0.2442,33.0,4787.0,133.0
2021-01-05 09:39:19.710,0.245,0.2451,10.0,0.2442,33.0,4787.0,133.0
2021-01-05 09:39:20.741,0.245,0.2451,10.0,0.2442,33.0,4787.0,133.0
2021-01-05 09:39:21.231,0.245,0.2451,10.0,0.2442,33.0,4787.0,133.0
2021-01-05 09:39:22.651,0.245,0.2451,10.0,0.2442,33.0,4787.0,133.0
2021-01-05 09:39:23.200,0.245,0.2451,10.0,0.2442,33.0,4787.0,133.0
2021-01-05 09:39:24.151,0.245,0.2451,10.0,0.2442,33.0,4787.0,133.0
2021-01-05 09:39:25.700,0.245,0.2451,10.0,0.2442,33.0,4787.0,133.0
2021-01-05 09:39:29.231,0.245,0.2451,10.0,0.2442,20.0,4787.0,133.0
2021-01-05 09:39:29.721,0.245,0.2451,10.0,0.2443,13.0,4787.0,133.0
2021-01-05 09:39:30.220,0.245,0.2451,10.0,0.2443,13.0,4787.0,133.0
2021-01-05 09:39:30.520,0.245,0.2451,10.0,0.2443,13.0,4787.0,133.0
2021-01-05 09:39:31.121,0.2451,0.2458,10.0,0.2443,13.0,4787.0,143.0
2021-01-05 09:39:31.690,0.2451,0.2453,10.0,0.2443,13.0,4787.0,143.0
2021-01-05 09:39:32.141,0.2451,0.2453,10.0,0.2443,13.0,4787.0,143.0
2021-01-05 09:39:32.700,0.2451,0.2453,10.0,0.2443,13.0,4787.0,143.0
2021-01-05 09:39:34.210,0.2451,0.2453,10.0,0.2443,13.0,4787.0,143.0
2021-01-05 09:39:35.701,0.2451,0.2459,10.0,0.2443,23.0,4787.0,143.0
2021-01-05 09:39:36.231,0.2451,0.2458,13.0,0.2443,23.0,4787.0,143.0
2021-01-05 09:39:36.660,0.2451,0.246,10.0,0.2443,23.0,4787.0,143.0
2021-01-05 09:39:37.221,0.2451,0.2459,13.0,0.2443,23.0,4787.0,143.0
2021-01-05 09:39:37.730,0.2451,0.2459,23.0,0.2443,13.0,4787.0,143.0
2021-01-05 09:39:39.751,0.2451,0.2459,13.0,0.2443,13.0,4787.0,143.0
2021-01-05 09:39:41.220,0.2451,0.2459,13.0,0.2443,13.0,4787.0,143.0
2021-01-05 09:39:41.750,0.2451,0.2459,13.0,0.2443,13.0,4787.0,143.0
2021-01-05 09:39:42.210,0.2451,0.2459,13.0,0.2443,13.0,4787.0,143.0
2021-01-05 09:39:43.660,0.2451,0.2459,13.0,0.2443,13.0,4787.0,143.0
2021-01-05 09:39:44.231,0.2451,0.2459,13.0,0.2443,13.0,4787.0,143.0
2021-01-05 09:39:44.680,0.2451,0.2459,13.0,0.2443,13.0,4787.0,143.0
2021-01-05 09:39:45.251,0.2451,0.2459,13.0,0.2443,13.0,4787.0,143.0
2021-01-05 09:39:45.750,0.2451,0.2459,13.0,0.2442,20.0,4787.0,143.0
2021-01-05 09:39:46.190,0.2451,0.2456,14.0,0.2442,20.0,4787.0,143.0
2021-01-05 09:39:46.711,0.2451,0.2456,14.0,0.2442,20.0,4787.0,143.0
2021-01-05 09:39:47.250,0.2451,0.2456,14.0,0.2442,20.0,4787.0,143.0
2021-01-05 09:39:47.731,0.2451,0.2456,14.0,0.2439,3.0,4787.0,143.0
2021-01-05 09:39:48.221,0.2451,0.2456,14.0,0.244,13.0,4787.0,143.0
2021-01-05 09:39:48.720,0.2451,0.2456,14.0,0.244,13.0,4787.0,143.0
2021-01-05 09:39:49.241,0.2451,0.2456,14.0,0.2439,20.0,4787.0,143.0
2021-01-05 09:39:49.711,0.2451,0.2456,14.0,0.2435,14.0,4787.0,143.0
2021-01-05 09:39:50.180,0.2451,0.2456,14.0,0.2435,17.0,4787.0,143.0
2021-01-05 09:39:50.710,0.2451,0.2456,14.0,0.2435,17.0,4787.0,143.0
2021-01-05 09:39:51.241,0.2451,0.245,14.0,0.2429,24.0,4787.0,143.0
2021-01-05 09:39:51.730,0.2451,0.245,14.0,0.2433,20.0,4787.0,143.0
2021-01-05 09:39:52.180,0.2451,0.245,14.0,0.2433,33.0,4787.0,143.0
2021-01-05 09:39:52.670,0.2451,0.245,14.0,0.2433,20.0,4787.0,143.0
2021-01-05 09:39:53.181,0.2451,0.245,14.0,0.2434,13.0,4787.0,143.0
2021-01-05 09:39:53.630,0.2451,0.245,14.0,0.2435,3.0,4787.0,143.0
2021-01-05 09:39:54.191,0.2451,0.245,14.0,0.2435,3.0,4787.0,143.0
2021-01-05 09:39:54.691,0.2451,0.245,14.0,0.2436,13.0,4787.0,143.0
2021-01-05 09:39:55.181,0.2451,0.245,14.0,0.2436,33.0,4787.0,143.0
2021-01-05 09:39:56.120,0.2451,0.245,14.0,0.2429,24.0,4787.0,143.0
2021-01-05 09:39:56.691,0.2451,0.245,14.0,0.2429,24.0,4787.0,143.0
2021-01-05 09:39:57.181,0.2451,0.245,14.0,0.2429,24.0,4787.0,143.0
2021-01-05 09:39:57.580,0.2451,0.245,14.0,0.2429,24.0,4787.0,143.0
2021-01-05 09:39:58.201,0.2451,0.2456,14.0,0.2431,14.0,4787.0,143.0
2021-01-05 09:39:59.061,0.2451,0.2456,14.0,0.2431,34.0,4787.0,143.0
2021-01-05 09:40:00.631,0.2451,0.2456,14.0,0.2431,34.0,4787.0,143.0
2021-01-05 09:40:01.570,0.2451,0.2456,14.0,0.2432,3.0,4787.0,143.0
2021-01-05 09:40:02.200,0.2451,0.2456,14.0,0.244,10.0,4787.0,143.0
2021-01-05 09:40:02.671,0.2451,0.2456,14.0,0.244,10.0,4787.0,143.0
2021-01-05 09:40:03.171,0.2451,0.2456,14.0,0.2441,13.0,4787.0,143.0
2021-01-05 09:40:03.691,0.2451,0.2456,14.0,0.2441,13.0,4787.0,143.0
2021-01-05 09:40:04.160,0.2451,0.2456,14.0,0.244,10.0,4787.0,143.0
2021-01-05 09:40:04.700,0.2451,0.2456,14.0,0.2441,13.0,4787.0,143.0
2021-01-05 09:40:06.701,0.2451,0.2457,10.0,0.2441,33.0,4787.0,143.0
2021-01-05 09:40:07.191,0.2451,0.2456,13.0,0.2441,33.0,4787.0,143.0
2021-01-05 09:40:08.200,0.2451,0.2457,10.0,0.2441,33.0,4787.0,143.0
2021-01-05 09:40:08.690,0.2451,0.2457,10.0,0.2441,33.0,4787.0,143.0
2021-01-05 09:40:09.191,0.2451,0.2466,34.0,0.2441,34.0,4787.0,143.0
2021-01-05 09:40:10.150,0.2451,0.2466,34.0,0.2441,34.0,4787.0,143.0
2021-01-05 09:40:11.120,0.2451,0.2466,34.0,0.2441,34.0,4787.0,143.0
2021-01-05 09:40:11.671,0.2451,0.2466,34.0,0.2441,34.0,4787.0,143.0
2021-01-05 09:40:12.190,0.2451,0.2466,34.0,0.2441,34.0,4787.0,143.0
2021-01-05 09:40:12.680,0.2451,0.2466,34.0,0.2441,34.0,4787.0,143.0
2021-01-05 09:40:13.170,0.2451,0.2466,34.0,0.2441,34.0,4787.0,143.0
2021-01-05 09:40:13.431,0.2451,0.2467,10.0,0.2447,14.0,4787.0,143.0
2021-01-05 09:40:14.150,0.2451,0.2466,13.0,0.2447,34.0,4787.0,143.0
2021-01-05 09:40:14.701,0.2451,0.2466,13.0,0.2447,34.0,4787.0,143.0
2021-01-05 09:40:15.690,0.2451,0.2465,10.0,0.2448,10.0,4787.0,143.0
2021-01-05 09:40:16.140,0.2451,0.2465,10.0,0.2449,13.0,4787.0,143.0
2021-01-05 09:40:20.191,0.2451,0.2465,10.0,0.2449,13.0,4787.0,143.0
2021-01-05 09:40:20.691,0.2451,0.2459,10.0,0.2449,13.0,4787.0,143.0
2021-01-05 09:40:21.200,0.2451,0.2459,10.0,0.2444,20.0,4787.0,143.0
2021-01-05 09:40:21.701,0.2451,0.2458,13.0,0.2445,13.0,4787.0,143.0
2021-01-05 09:40:22.591,0.2451,0.2458,13.0,0.2445,13.0,4787.0,143.0
2021-01-05 09:40:23.200,0.2451,0.2451,10.0,0.2445,13.0,4787.0,143.0
2021-01-05 09:40:23.701,0.2451,0.2451,10.0,0.2445,13.0,4787.0,143.0
2021-01-05 09:40:26.650,0.2451,0.2451,10.0,0.2445,19.0,4787.0,143.0
2021-01-05 09:40:27.701,0.2451,0.2451,10.0,0.2445,6.0,4787.0,143.0
2021-01-05 09:40:33.191,0.2451,0.246,14.0,0.2445,6.0,4787.0,143.0
2021-01-05 09:40:33.681,0.2451,0.2466,34.0,0.2446,13.0,4787.0,143.0
2021-01-05 09:40:34.171,0.2451,0.2466,34.0,0.2446,19.0,4787.0,143.0
2021-01-05 09:40:34.561,0.2451,0.2466,34.0,0.2446,19.0,4787.0,143.0
2021-01-05 09:40:35.201,0.2451,0.2466,34.0,0.2446,19.0,4787.0,143.0
2021-01-05 09:40:36.620,0.2451,0.2466,34.0,0.2446,19.0,4787.0,143.0
2021-01-05 09:40:37.201,0.2451,0.2466,34.0,0.2446,6.0,4787.0,143.0
2021-01-05 09:40:37.700,0.2451,0.2466,34.0,0.2447,13.0,4787.0,143.0
2021-01-05 09:40:38.130,0.2451,0.2466,34.0,0.2447,19.0,4787.0,143.0
2021-01-05 09:40:39.041,0.2451,0.2466,34.0,0.2447,19.0,4787.0,143.0
2021-01-05 09:40:39.681,0.2451,0.2466,34.0,0.2447,19.0,4787.0,143.0
2021-01-05 09:40:40.151,0.2451,0.2466,34.0,0.2447,39.0,4787.0,143.0
2021-01-05 09:40:40.601,0.2451,0.2466,20.0,0.2447,6.0,4787.0,143.0
2021-01-05 09:40:40.960,0.2451,0.2465,23.0,0.2448,24.0,4787.0,143.0
2021-01-05 09:40:41.640,0.2451,0.2465,10.0,0.2448,30.0,4787.0,143.0
2021-01-05 09:40:42.180,0.2451,0.2464,13.0,0.2448,50.0,4787.0,143.0
2021-01-05 09:40:43.191,0.2451,0.2465,10.0,0.2448,50.0,4787.0,143.0
2021-01-05 09:40:44.161,0.2451,0.2465,10.0,0.2448,50.0,4787.0,143.0
2021-01-05 09:40:44.610,0.2451,0.2465,23.0,0.2448,50.0,4787.0,143.0
2021-01-05 09:40:45.131,0.2451,0.2465,23.0,0.2452,14.0,4787.0,143.0
2021-01-05 09:40:45.621,0.2451,0.2465,23.0,0.2452,20.0,4787.0,143.0
2021-01-05 09:40:48.700,0.2451,0.2465,10.0,0.2452,20.0,4787.0,143.0
2021-01-05 09:40:49.111,0.2451,0.2464,13.0,0.2452,20.0,4787.0,143.0
2021-01-05 09:40:50.181,0.2451,0.2471,14.0,0.2452,20.0,4787.0,143.0
2021-01-05 09:40:50.671,0.2451,0.2471,34.0,0.2452,20.0,4787.0,143.0
2021-01-05 09:40:51.601,0.2451,0.2471,34.0,0.2452,20.0,4787.0,143.0
2021-01-05 09:40:52.650,0.2451,0.2471,14.0,0.2452,20.0,4787.0,143.0
2021-01-05 09:40:54.141,0.2451,0.2471,14.0,0.2452,20.0,4787.0,143.0
2021-01-05 09:40:54.661,0.2451,0.2471,14.0,0.2452,20.0,4787.0,143.0
2021-01-05 09:40:55.111,0.2451,0.2471,14.0,0.2452,20.0,4787.0,143.0
2021-01-05 09:40:55.681,0.2451,0.2471,34.0,0.2453,6.0,4787.0,143.0
2021-01-05 09:40:56.121,0.2453,0.2471,34.0,0.2454,13.0,4787.0,149.0
2021-01-05 09:40:56.711,0.2454,0.2471,34.0,0.2454,7.0,4781.0,155.0
2021-01-05 09:40:57.180,0.2454,0.2454,13.0,0.2453,6.0,4774.0,162.0
2021-01-05 09:40:57.560,0.2454,0.2454,3.0,0.2453,19.0,4771.0,172.0
2021-01-05 09:40:58.200,0.2454,0.2471,34.0,0.2454,1.0,4768.0,175.0
2021-01-05 09:40:58.721,0.2454,0.2471,34.0,0.2454,1.0,4768.0,175.0
2021-01-05 09:40:58.980,0.2454,0.2471,34.0,0.2455,13.0,4768.0,175.0
2021-01-05 09:40:59.721,0.2454,0.2471,34.0,0.2455,13.0,4768.0,175.0
2021-01-05 09:41:01.650,0.2454,0.2471,34.0,0.2455,13.0,4768.0,175.0
2021-01-05 09:41:02.661,0.2454,0.2471,35.0,0.2455,13.0,4768.0,175.0
2021-01-05 09:41:03.110,0.2454,0.2471,35.0,0.2455,13.0,4768.0,175.0
2021-01-05 09:41:05.660,0.2455,0.2471,35.0,0.2453,6.0,4755.0,188.0
2021-01-05 09:41:06.221,0.2455,0.2455,13.0,0.2454,13.0,4755.0,188.0
2021-01-05 09:41:06.680,0.2455,0.2455,8.0,0.2454,13.0,4755.0,193.0
2021-01-05 09:41:08.201,0.2455,0.2455,8.0,0.2454,13.0,4755.0,193.0
2021-01-05 09:41:08.651,0.2455,0.246,10.0,0.2454,13.0,4755.0,193.0
2021-01-05 09:41:09.650,0.2454,0.2454,13.0,0.2453,6.0,4742.0,206.0
2021-01-05 09:41:10.220,0.2453,0.2454,13.0,0.2453,13.0,4742.0,212.0
2021-01-05 09:41:10.710,0.2453,0.2454,13.0,0.2453,11.0,4744.0,214.0
2021-01-05 09:41:11.210,0.2453,0.2453,1.0,0.2448,14.0,4744.0,214.0
2021-01-05 09:41:11.711,0.2453,0.2453,1.0,0.2448,14.0,4744.0,214.0
2021-01-05 09:41:12.710,0.2453,0.2461,10.0,0.2448,14.0,4744.0,214.0
2021-01-05 09:41:13.161,0.2453,0.2461,10.0,0.2453,1.0,4744.0,214.0
2021-01-05 09:41:13.711,0.2453,0.2461,10.0,0.2454,13.0,4744.0,214.0
2021-01-05 09:41:14.160,0.2453,0.2454,13.0,0.2448,14.0,4744.0,214.0
2021-01-05 09:41:14.671,0.2453,0.2454,13.0,0.2448,14.0,4744.0,214.0
2021-01-05 09:41:15.180,0.2453,0.2454,13.0,0.2448,14.0,4744.0,214.0
2021-01-05 09:41:15.301,0.2454,0.2454,8.0,0.2448,14.0,4744.0,219.0
2021-01-05 09:41:17.211,0.2454,0.2461,10.0,0.2448,14.0,4744.0,219.0
2021-01-05 09:41:18.141,0.2454,0.2461,10.0,0.2448,14.0,4744.0,219.0
2021-01-05 09:41:18.600,0.2454,0.2461,10.0,0.2448,14.0,4744.0,219.0
2021-01-05 09:41:20.070,0.2454,0.2461,10.0,0.2448,14.0,4744.0,219.0
2021-01-05 09:41:20.721,0.2454,0.2461,10.0,0.2448,14.0,4744.0,219.0
2021-01-05 09:41:21.190,0.2454,0.2461,10.0,0.2448,14.0,4744.0,219.0
2021-01-05 09:41:22.700,0.2454,0.2461,10.0,0.2448,14.0,4744.0,219.0
2021-01-05 09:41:23.641,0.2454,0.2461,10.0,0.2448,14.0,4744.0,219.0
2021-01-05 09:41:24.171,0.2454,0.2461,10.0,0.2448,14.0,4744.0,219.0
2021-01-05 09:41:24.651,0.2454,0.2461,10.0,0.2448,34.0,4744.0,219.0
2021-01-05 09:41:25.120,0.2454,0.2461,10.0,0.2448,14.0,4744.0,219.0
2021-01-05 09:41:27.131,0.2454,0.2461,10.0,0.2448,14.0,4744.0,219.0
2021-01-05 09:41:27.710,0.2454,0.2453,10.0,0.2448,14.0,4744.0,219.0
2021-01-05 09:41:28.171,0.2454,0.2453,10.0,0.2448,14.0,4744.0,219.0
2021-01-05 09:41:28.540,0.2454,0.2459,10.0,0.2448,14.0,4744.0,219.0
2021-01-05 09:41:29.690,0.2454,0.2459,10.0,0.2448,14.0,4744.0,219.0
2021-01-05 09:41:30.711,0.2454,0.2459,10.0,0.2448,14.0,4744.0,219.0
2021-01-05 09:41:31.700,0.2454,0.2459,10.0,0.2448,14.0,4744.0,219.0
2021-01-05 09:41:32.220,0.2454,0.2459,23.0,0.2448,14.0,4744.0,219.0
2021-01-05 09:41:32.670,0.2454,0.2459,10.0,0.2448,14.0,4744.0,219.0
2021-01-05 09:41:33.171,0.2454,0.2459,10.0,0.2448,14.0,4744.0,219.0
2021-01-05 09:41:33.680,0.2454,0.2459,10.0,0.2448,14.0,4744.0,219.0
2021-01-05 09:41:34.120,0.2454,0.2459,10.0,0.2448,14.0,4744.0,219.0
2021-01-05 09:41:35.221,0.2454,0.2459,10.0,0.2448,14.0,4744.0,219.0
2021-01-05 09:41:35.721,0.2454,0.2458,13.0,0.2448,14.0,4744.0,219.0
2021-01-05 09:41:36.070,0.2454,0.2448,14.0,0.2444,20.0,4744.0,219.0
2021-01-05 09:41:36.720,0.2454,0.2448,42.0,0.2445,13.0,4744.0,219.0
2021-01-05 09:41:37.210,0.2454,0.2448,42.0,0.2445,13.0,4744.0,219.0
2021-01-05 09:41:37.711,0.2454,0.2448,52.0,0.2441,20.0,4744.0,219.0
2021-01-05 09:41:38.220,0.2454,0.2448,52.0,0.2442,13.0,4744.0,219.0
2021-01-05 09:41:38.650,0.2454,0.2448,52.0,0.2442,13.0,4744.0,219.0
2021-01-05 09:41:39.221,0.2454,0.2448,38.0,0.2442,13.0,4744.0,219.0
2021-01-05 09:41:39.521,0.2454,0.2448,24.0,0.2442,13.0,4744.0,219.0
2021-01-05 09:41:40.231,0.2454,0.2448,10.0,0.2442,13.0,4744.0,219.0
2021-01-05 09:41:40.721,0.2454,0.2448,10.0,0.2442,13.0,4744.0,219.0
2021-01-05 09:41:41.130,0.2454,0.2448,10.0,0.2442,13.0,4744.0,219.0
2021-01-05 09:41:41.730,0.2454,0.2454,10.0,0.2442,13.0,4744.0,219.0
2021-01-05 09:41:43.080,0.2454,0.2454,10.0,0.2442,13.0,4744.0,219.0
2021-01-05 09:41:45.190,0.2454,0.2454,10.0,0.2442,13.0,4744.0,219.0
2021-01-05 09:41:46.661,0.2454,0.2454,10.0,0.2442,14.0,4744.0,219.0
2021-01-05 09:41:47.201,0.2454,0.2454,10.0,0.2442,14.0,4744.0,219.0
2021-01-05 09:41:48.181,0.2454,0.2455,10.0,0.2442,14.0,4744.0,219.0
2021-01-05 09:41:49.191,0.2454,0.2455,10.0,0.2442,14.0,4744.0,219.0
2021-01-05 09:41:49.750,0.2454,0.2455,10.0,0.2442,14.0,4744.0,219.0
2021-01-05 09:41:50.231,0.2454,0.2455,23.0,0.2442,14.0,4744.0,219.0
2021-01-05 09:41:51.251,0.2454,0.2455,10.0,0.2442,14.0,4744.0,219.0
2021-01-05 09:41:51.760,0.2454,0.2455,10.0,0.2442,14.0,4744.0,219.0
2021-01-05 09:41:52.261,0.2454,0.2455,10.0,0.2442,14.0,4744.0,219.0
2021-01-05 09:41:52.690,0.2454,0.2455,23.0,0.2442,14.0,4744.0,219.0
2021-01-05 09:41:53.201,0.2454,0.2455,10.0,0.2442,14.0,4744.0,219.0
2021-01-05 09:41:54.161,0.2454,0.2454,13.0,0.2442,14.0,4744.0,219.0
2021-01-05 09:41:54.670,0.2454,0.2455,10.0,0.2442,14.0,4744.0,219.0
2021-01-05 09:41:55.101,0.2442,0.2447,10.0,0.2439,14.0,4730.0,233.0
2021-01-05 09:41:55.671,0.2442,0.2447,10.0,0.2439,14.0,4730.0,233.0
2021-01-05 09:41:55.911,0.2442,0.2447,10.0,0.2439,14.0,4730.0,233.0
2021-01-05 09:41:56.680,0.2442,0.2447,10.0,0.2439,17.0,4730.0,233.0
2021-01-05 09:41:57.110,0.2442,0.2447,10.0,0.2439,14.0,4730.0,233.0
2021-01-05 09:41:57.640,0.2442,0.2447,10.0,0.2439,14.0,4730.0,233.0
2021-01-05 09:41:58.660,0.2442,0.2447,10.0,0.2439,14.0,4730.0,233.0
2021-01-05 09:42:00.701,0.2442,0.2447,10.0,0.2439,14.0,4730.0,233.0
2021-01-05 09:42:01.651,0.2442,0.2441,10.0,0.2435,14.0,4730.0,233.0
2021-01-05 09:42:02.201,0.2442,0.2441,10.0,0.2435,14.0,4730.0,233.0
2021-01-05 09:42:04.011,0.2442,0.2441,10.0,0.2435,14.0,4730.0,233.0
2021-01-05 09:42:04.641,0.2442,0.2441,10.0,0.2435,14.0,4730.0,233.0
2021-01-05 09:42:05.711,0.2442,0.2441,10.0,0.2435,14.0,4730.0,233.0
2021-01-05 09:42:06.181,0.2442,0.2441,10.0,0.2435,14.0,4730.0,233.0
2021-01-05 09:42:06.690,0.2442,0.2441,10.0,0.2435,14.0,4730.0,233.0
2021-01-05 09:42:07.230,0.2442,0.2441,10.0,0.2435,34.0,4730.0,233.0
2021-01-05 09:42:08.660,0.2442,0.2441,10.0,0.2435,34.0,4730.0,233.0
2021-01-05 09:42:09.230,0.2442,0.2441,10.0,0.2435,34.0,4730.0,233.0
2021-01-05 09:42:11.211,0.2442,0.2441,10.0,0.2435,34.0,4730.0,233.0
2021-01-05 09:42:11.720,0.2442,0.2441,10.0,0.2431,34.0,4730.0,233.0
2021-01-05 09:42:12.210,0.2442,0.2441,10.0,0.2431,34.0,4730.0,233.0
2021-01-05 09:42:12.721,0.2442,0.2441,10.0,0.2437,2.0,4730.0,233.0
2021-01-05 09:42:13.211,0.2437,0.2441,10.0,0.2437,13.0,4728.0,235.0
2021-01-05 09:42:13.731,0.2437,0.2449,10.0,0.2435,20.0,4728.0,235.0
2021-01-05 09:42:14.150,0.2437,0.2437,2.0,0.2436,13.0,4728.0,235.0
2021-01-05 09:42:14.671,0.2437,0.2449,10.0,0.2436,13.0,4726.0,237.0
2021-01-05 09:42:15.151,0.2437,0.2448,13.0,0.2436,33.0,4726.0,237.0
2021-01-05 09:42:15.241,0.2437,0.2448,13.0,0.2436,13.0,4726.0,237.0
2021-01-05 09:42:16.181,0.2437,0.2448,13.0,0.2436,13.0,4726.0,237.0
2021-01-05 09:42:18.701,0.2437,0.2449,10.0,0.2436,13.0,4726.0,237.0
2021-01-05 09:42:19.210,0.2437,0.2449,10.0,0.2436,13.0,4726.0,237.0
2021-01-05 09:42:20.150,0.2437,0.2449,10.0,0.2436,13.0,4726.0,237.0
2021-01-05 09:42:22.221,0.2437,0.2449,10.0,0.2436,13.0,4726.0,237.0
2021-01-05 09:42:22.570,0.2437,0.2448,13.0,0.2436,13.0,4726.0,237.0
2021-01-05 09:42:24.151,0.2437,0.2441,10.0,0.2436,13.0,4726.0,237.0
2021-01-05 09:42:24.670,0.2437,0.2441,10.0,0.2436,13.0,4726.0,237.0
2021-01-05 09:42:25.511,0.2437,0.2441,10.0,0.2436,13.0,4726.0,237.0
2021-01-05 09:42:26.701,0.2437,0.2448,10.0,0.2436,13.0,4726.0,237.0
2021-01-05 09:42:27.171,0.2437,0.2447,13.0,0.2436,13.0,4726.0,237.0
2021-01-05 09:42:27.571,0.2437,0.2448,10.0,0.2435,20.0,4726.0,237.0
2021-01-05 09:42:28.130,0.2437,0.2447,13.0,0.2436,13.0,4726.0,237.0
2021-01-05 09:42:28.631,0.2437,0.2448,10.0,0.2436,13.0,4726.0,237.0
2021-01-05 09:42:29.100,0.2437,0.2448,23.0,0.2436,13.0,4726.0,237.0
2021-01-05 09:42:30.710,0.2437,0.2448,10.0,0.2436,13.0,4726.0,237.0
2021-01-05 09:42:31.200,0.2437,0.2448,10.0,0.2436,13.0,4726.0,237.0
2021-01-05 09:42:31.720,0.2437,0.2447,13.0,0.2436,13.0,4726.0,237.0
2021-01-05 09:42:32.131,0.2437,0.2448,10.0,0.2436,13.0,4726.0,237.0
2021-01-05 09:42:33.720,0.2437,0.244,10.0,0.2436,13.0,4726.0,237.0
2021-01-05 09:42:34.210,0.2437,0.244,10.0,0.2436,13.0,4726.0,237.0
2021-01-05 09:42:35.701,0.2437,0.244,10.0,0.2436,13.0,4726.0,237.0
2021-01-05 09:42:37.251,0.2437,0.244,10.0,0.2436,13.0,4726.0,237.0
2021-01-05 09:42:40.221,0.2437,0.244,10.0,0.2436,13.0,4726.0,237.0
2021-01-05 09:42:40.721,0.2437,0.244,10.0,0.2437,2.0,4726.0,237.0
2021-01-05 09:42:41.161,0.2437,0.2437,6.0,0.2435,20.0,4724.0,239.0
2021-01-05 09:42:41.731,0.2437,0.2437,8.0,0.2436,13.0,4724.0,239.0
2021-01-05 09:42:42.250,0.2437,0.2436,13.0,0.2431,34.0,4724.0,239.0
2021-01-05 09:42:42.711,0.2437,0.2436,13.0,0.2431,34.0,4724.0,239.0
2021-01-05 09:42:43.741,0.2436,0.2437,8.0,0.2432,3.0,4716.0,252.0
2021-01-05 09:42:44.211,0.2436,0.2437,4.0,0.2433,13.0,4716.0,252.0
2021-01-05 09:42:44.751,0.2436,0.2437,2.0,0.2433,13.0,4716.0,252.0
2021-01-05 09:42:45.191,0.2436,0.244,10.0,0.2433,13.0,4716.0,252.0
2021-01-05 09:42:46.741,0.2436,0.2441,10.0,0.2433,13.0,4716.0,252.0
2021-01-05 09:42:48.720,0.2436,0.2441,10.0,0.2433,13.0,4716.0,252.0
2021-01-05 09:42:55.190,0.2436,0.2441,10.0,0.2433,13.0,4716.0,252.0
2021-01-05 09:42:56.191,0.2436,0.2441,10.0,0.2433,13.0,4716.0,252.0
2021-01-05 09:42:56.650,0.2436,0.2441,10.0,0.2433,13.0,4716.0,252.0
2021-01-05 09:42:58.220,0.2436,0.2441,10.0,0.2433,13.0,4716.0,252.0
2021-01-05 09:42:58.731,0.2436,0.2441,10.0,0.2433,13.0,4716.0,252.0
2021-01-05 09:42:59.230,0.2436,0.2441,10.0,0.2433,16.0,4716.0,252.0
2021-01-05 09:42:59.730,0.2436,0.2441,10.0,0.2433,13.0,4716.0,252.0
2021-01-05 09:43:00.200,0.2436,0.2441,10.0,0.2433,13.0,4716.0,252.0
2021-01-05 09:43:01.211,0.2436,0.2441,10.0,0.2433,13.0,4716.0,252.0
2021-01-05 09:43:01.701,0.2436,0.2441,10.0,0.2433,13.0,4716.0,252.0
2021-01-05 09:43:02.150,0.2436,0.2441,10.0,0.2433,13.0,4716.0,252.0
2021-01-05 09:43:02.681,0.2436,0.2441,10.0,0.2433,13.0,4716.0,252.0
2021-01-05 09:43:03.241,0.2433,0.2441,10.0,0.2431,34.0,4703.0,265.0
2021-01-05 09:43:04.740,0.2433,0.2441,10.0,0.2432,3.0,4703.0,265.0
2021-01-05 09:43:05.251,0.2433,0.2441,10.0,0.2433,13.0,4703.0,265.0
2021-01-05 09:43:05.681,0.2433,0.2441,10.0,0.2436,14.0,4703.0,265.0
2021-01-05 09:43:06.171,0.2433,0.2455,10.0,0.2436,34.0,4703.0,265.0
2021-01-05 09:43:06.680,0.2433,0.2454,13.0,0.2436,34.0,4703.0,265.0
2021-01-05 09:43:07.710,0.2433,0.2454,13.0,0.2436,34.0,4703.0,265.0
2021-01-05 09:43:08.181,0.2433,0.2454,13.0,0.2436,34.0,4703.0,265.0
2021-01-05 09:43:09.740,0.2433,0.2451,10.0,0.2436,37.0,4703.0,265.0
2021-01-05 09:43:10.150,0.2433,0.2451,10.0,0.2436,14.0,4703.0,265.0
2021-01-05 09:43:10.761,0.2433,0.245,13.0,0.2436,14.0,4703.0,265.0
2021-01-05 09:43:11.170,0.2433,0.245,13.0,0.2436,14.0,4703.0,265.0
2021-01-05 09:43:13.210,0.2433,0.2451,10.0,0.2436,14.0,4703.0,265.0
2021-01-05 09:43:13.740,0.2433,0.2451,10.0,0.2436,14.0,4703.0,265.0
2021-01-05 09:43:14.270,0.2433,0.2451,10.0,0.2437,3.0,4703.0,265.0
2021-01-05 09:43:14.770,0.2433,0.2451,10.0,0.2438,13.0,4703.0,265.0
2021-01-05 09:43:15.711,0.2433,0.2451,10.0,0.244,14.0,4703.0,265.0
2021-01-05 09:43:16.720,0.2433,0.2451,10.0,0.244,14.0,4703.0,265.0
2021-01-05 09:43:17.271,0.2433,0.2451,10.0,0.244,14.0,4703.0,265.0
2021-01-05 09:43:17.771,0.2433,0.2451,10.0,0.244,14.0,4703.0,265.0
2021-01-05 09:43:18.270,0.2433,0.2451,10.0,0.244,14.0,4703.0,265.0
2021-01-05 09:43:20.731,0.2433,0.2451,10.0,0.244,34.0,4703.0,265.0
2021-01-05 09:43:21.271,0.2433,0.2451,23.0,0.244,34.0,4703.0,265.0
2021-01-05 09:43:21.701,0.2433,0.2451,10.0,0.244,20.0,4703.0,265.0
2021-01-05 09:43:22.281,0.2433,0.2451,10.0,0.2441,13.0,4703.0,265.0
2021-01-05 09:43:22.671,0.2433,0.2451,10.0,0.2441,13.0,4703.0,265.0
2021-01-05 09:43:23.651,0.2433,0.2451,10.0,0.2441,13.0,4703.0,265.0
2021-01-05 09:43:24.120,0.2433,0.2451,10.0,0.2437,23.0,4703.0,265.0
2021-01-05 09:43:24.631,0.2433,0.245,13.0,0.2438,13.0,4703.0,265.0
2021-01-05 09:43:25.201,0.2433,0.2451,10.0,0.2438,13.0,4703.0,265.0
2021-01-05 09:43:26.181,0.2433,0.2451,10.0,0.2438,13.0,4703.0,265.0
2021-01-05 09:43:26.621,0.2433,0.245,13.0,0.2438,16.0,4703.0,265.0
2021-01-05 09:43:27.190,0.2433,0.2445,10.0,0.2438,13.0,4703.0,265.0
2021-01-05 09:43:27.620,0.2433,0.2445,10.0,0.2438,13.0,4703.0,265.0
2021-01-05 09:43:28.091,0.2433,0.2445,10.0,0.2438,13.0,4703.0,265.0
2021-01-05 09:43:28.700,0.2445,0.2445,9.0,0.2438,13.0,4703.0,266.0
2021-01-05 09:43:31.080,0.2445,0.2445,9.0,0.2438,13.0,4703.0,266.0
2021-01-05 09:43:31.720,0.2445,0.2445,9.0,0.2438,13.0,4703.0,266.0
2021-01-05 09:43:33.141,0.2445,0.2445,9.0,0.2438,13.0,4703.0,266.0
2021-01-05 09:43:34.691,0.2445,0.2445,9.0,0.2438,13.0,4703.0,266.0
2021-01-05 09:43:35.681,0.2445,0.245,1.0,0.2438,13.0,4703.0,266.0
2021-01-05 09:43:36.221,0.2445,0.245,14.0,0.2438,13.0,4703.0,266.0
2021-01-05 09:43:37.181,0.2445,0.245,1.0,0.2438,13.0,4703.0,266.0
2021-01-05 09:43:39.241,0.2445,0.245,1.0,0.2438,13.0,4703.0,266.0
2021-01-05 09:43:39.711,0.2445,0.2449,13.0,0.2438,13.0,4703.0,266.0
2021-01-05 09:43:40.731,0.2445,0.245,1.0,0.2438,13.0,4703.0,266.0
2021-01-05 09:43:41.231,0.2445,0.245,14.0,0.2438,13.0,4703.0,266.0
2021-01-05 09:43:41.730,0.2445,0.245,1.0,0.2438,13.0,4703.0,266.0
2021-01-05 09:43:43.231,0.2445,0.245,1.0,0.2438,33.0,4703.0,266.0
2021-01-05 09:43:46.151,0.245,0.2452,10.0,0.245,19.0,4704.0,267.0
2021-01-05 09:43:46.291,0.245,0.245,62.0,0.2436,14.0,4706.0,286.0
2021-01-05 09:43:47.250,0.245,0.245,81.0,0.2436,17.0,4706.0,286.0
2021-01-05 09:43:47.661,0.245,0.245,81.0,0.2436,17.0,4706.0,286.0
2021-01-05 09:43:48.220,0.245,0.245,81.0,0.2436,17.0,4706.0,286.0
2021-01-05 09:43:48.721,0.245,0.245,81.0,0.2436,17.0,4706.0,286.0
2021-01-05 09:43:49.601,0.245,0.245,22.0,0.2436,17.0,4706.0,286.0
2021-01-05 09:43:50.110,0.245,0.245,22.0,0.2436,17.0,4706.0,286.0
2021-01-05 09:43:50.721,0.245,0.245,3.0,0.2436,17.0,4706.0,286.0
2021-01-05 09:43:51.660,0.245,0.245,3.0,0.2436,17.0,4706.0,286.0
2021-01-05 09:43:52.200,0.245,0.245,3.0,0.2436,17.0,4706.0,286.0
2021-01-05 09:43:53.201,0.245,0.245,3.0,0.2436,17.0,4706.0,286.0
2021-01-05 09:43:53.610,0.245,0.245,3.0,0.2436,17.0,4706.0,286.0
2021-01-05 09:43:54.191,0.245,0.245,3.0,0.2436,17.0,4706.0,286.0
2021-01-05 09:43:55.660,0.245,0.245,3.0,0.2436,17.0,4706.0,286.0
2021-01-05 09:43:56.721,0.245,0.245,3.0,0.2436,17.0,4706.0,286.0
2021-01-05 09:43:57.650,0.245,0.245,3.0,0.2436,17.0,4706.0,286.0
2021-01-05 09:43:58.711,0.245,0.245,3.0,0.2436,17.0,4706.0,286.0
2021-01-05 09:43:59.170,0.245,0.245,3.0,0.2436,17.0,4706.0,286.0
2021-01-05 09:44:00.131,0.245,0.245,3.0,0.2436,17.0,4706.0,286.0
2021-01-05 09:44:00.701,0.245,0.245,3.0,0.2437,3.0,4706.0,286.0
2021-01-05 09:44:01.160,0.245,0.245,3.0,0.2438,13.0,4706.0,286.0
2021-01-05 09:44:02.201,0.245,0.2448,10.0,0.2438,13.0,4706.0,286.0
2021-01-05 09:44:02.711,0.245,0.2449,10.0,0.2438,13.0,4706.0,286.0
2021-01-05 09:44:03.731,0.245,0.2449,10.0,0.2438,16.0,4706.0,286.0
2021-01-05 09:44:04.230,0.245,0.2449,10.0,0.2438,16.0,4706.0,286.0
2021-01-05 09:44:04.751,0.245,0.2449,10.0,0.244,14.0,4706.0,286.0
2021-01-05 09:44:05.260,0.245,0.2449,10.0,0.244,14.0,4706.0,286.0
2021-01-05 09:44:05.761,0.245,0.2455,10.0,0.244,14.0,4706.0,286.0
2021-01-05 09:44:06.261,0.245,0.2455,10.0,0.244,34.0,4706.0,286.0
2021-01-05 09:44:07.281,0.245,0.2455,10.0,0.244,34.0,4706.0,286.0
2021-01-05 09:44:07.750,0.245,0.245,10.0,0.244,34.0,4706.0,286.0
2021-01-05 09:44:08.230,0.245,0.245,10.0,0.244,34.0,4706.0,286.0
2021-01-05 09:44:09.150,0.245,0.245,10.0,0.244,14.0,4706.0,286.0
2021-01-05 09:44:09.780,0.245,0.245,10.0,0.244,14.0,4706.0,286.0
2021-01-05 09:44:10.280,0.245,0.245,10.0,0.244,14.0,4706.0,286.0
2021-01-05 09:44:10.781,0.245,0.245,10.0,0.244,14.0,4706.0,286.0
2021-01-05 09:44:11.271,0.245,0.245,10.0,0.244,14.0,4706.0,286.0
2021-01-05 09:44:11.780,0.245,0.245,10.0,0.244,14.0,4706.0,286.0
2021-01-05 09:44:12.270,0.245,0.245,10.0,0.244,14.0,4706.0,286.0
2021-01-05 09:44:14.781,0.245,0.245,10.0,0.244,14.0,4706.0,286.0
2021-01-05 09:44:15.280,0.245,0.245,10.0,0.244,14.0,4706.0,286.0
2021-01-05 09:44:17.280,0.245,0.245,10.0,0.2437,1.0,4706.0,286.0
2021-01-05 09:44:17.770,0.245,0.245,10.0,0.2436,14.0,4706.0,286.0
2021-01-05 09:44:18.231,0.245,0.245,10.0,0.2436,14.0,4706.0,286.0
2021-01-05 09:44:18.780,0.245,0.2449,13.0,0.2436,14.0,4706.0,286.0
2021-01-05 09:44:19.261,0.245,0.245,10.0,0.2436,14.0,4706.0,286.0
2021-01-05 09:44:19.261,0.245,0.245,10.0,0.2436,14.0,4706.0,286.0
2021-01-05 09:44:20.271,0.245,0.2449,13.0,0.2436,14.0,4706.0,286.0
2021-01-05 09:44:20.801,0.245,0.2449,13.0,0.2436,14.0,4706.0,286.0
2021-01-05 09:44:21.791,0.245,0.245,10.0,0.2436,14.0,4706.0,286.0
2021-01-05 09:44:22.131,0.245,0.245,23.0,0.2436,14.0,4706.0,286.0
2021-01-05 09:44:23.130,0.245,0.245,10.0,0.2436,14.0,4706.0,286.0
2021-01-05 09:44:25.660,0.245,0.2447,10.0,0.2436,14.0,4706.0,286.0
2021-01-05 09:44:26.701,0.245,0.2447,10.0,0.2436,14.0,4706.0,286.0
2021-01-05 09:44:28.680,0.245,0.2447,10.0,0.2436,14.0,4706.0,286.0
2021-01-05 09:44:29.200,0.245,0.2447,10.0,0.2436,14.0,4706.0,286.0
2021-01-05 09:44:29.640,0.245,0.2447,10.0,0.2436,14.0,4706.0,286.0
2021-01-05 09:44:30.720,0.245,0.2447,10.0,0.2436,14.0,4706.0,286.0
2021-01-05 09:44:32.691,0.245,0.2447,10.0,0.2436,34.0,4706.0,286.0
2021-01-05 09:44:33.730,0.245,0.2447,10.0,0.2436,37.0,4706.0,286.0
2021-01-05 09:44:34.520,0.245,0.2447,10.0,0.2436,37.0,4706.0,286.0
2021-01-05 09:44:35.740,0.245,0.2447,10.0,0.2436,37.0,4706.0,286.0
2021-01-05 09:44:36.220,0.245,0.2447,10.0,0.2436,37.0,4706.0,286.0
2021-01-05 09:44:36.741,0.245,0.2447,10.0,0.2436,37.0,4706.0,286.0
2021-01-05 09:44:37.240,0.245,0.2447,10.0,0.2436,14.0,4706.0,286.0
2021-01-05 09:44:37.751,0.245,0.2447,10.0,0.2436,14.0,4706.0,286.0
2021-01-05 09:44:38.201,0.245,0.2447,10.0,0.2436,14.0,4706.0,286.0
2021-01-05 09:44:38.731,0.245,0.2447,10.0,0.2436,34.0,4706.0,286.0
2021-01-05 09:44:39.240,0.245,0.2447,10.0,0.2436,14.0,4706.0,286.0
2021-01-05 09:44:39.661,0.245,0.2447,10.0,0.2436,34.0,4706.0,286.0
2021-01-05 09:44:41.251,0.245,0.2447,10.0,0.2436,34.0,4706.0,286.0
2021-01-05 09:44:43.251,0.245,0.2447,10.0,0.2436,34.0,4706.0,286.0
2021-01-05 09:44:44.260,0.2447,0.2457,14.0,0.2436,14.0,4716.0,296.0
2021-01-05 09:44:44.761,0.2447,0.2449,10.0,0.2436,34.0,4716.0,296.0
2021-01-05 09:44:45.261,0.2449,0.2451,10.0,0.2436,14.0,4726.0,306.0
2021-01-05 09:44:45.760,0.2449,0.245,13.0,0.2436,14.0,4726.0,306.0
2021-01-05 09:44:45.760,0.2449,0.245,13.0,0.2436,14.0,4726.0,306.0
2021-01-05 09:44:46.390,0.2449,0.245,13.0,0.2436,14.0,4726.0,306.0
2021-01-05 09:44:47.251,0.2449,0.245,13.0,0.2436,14.0,4726.0,306.0
2021-01-05 09:44:47.770,0.2449,0.245,13.0,0.2436,14.0,4726.0,306.0
2021-01-05 09:44:49.270,0.2449,0.245,13.0,0.2436,14.0,4726.0,306.0
2021-01-05 09:44:49.800,0.2449,0.245,13.0,0.2436,14.0,4726.0,306.0
2021-01-05 09:44:50.300,0.2449,0.245,13.0,0.2436,14.0,4726.0,306.0
2021-01-05 09:44:50.761,0.2449,0.245,13.0,0.2436,14.0,4726.0,306.0
2021-01-05 09:44:51.270,0.2449,0.245,13.0,0.2431,14.0,4726.0,306.0
2021-01-05 09:44:51.650,0.2449,0.245,13.0,0.2432,3.0,4726.0,306.0
2021-01-05 09:44:52.311,0.2449,0.245,13.0,0.2433,13.0,4726.0,306.0
2021-01-05 09:44:53.201,0.2449,0.245,13.0,0.2433,13.0,4726.0,306.0
2021-01-05 09:44:54.960,0.2449,0.245,13.0,0.2433,16.0,4726.0,306.0
2021-01-05 09:44:55.700,0.2449,0.245,13.0,0.2433,16.0,4726.0,306.0
2021-01-05 09:44:56.220,0.2449,0.245,13.0,0.2433,13.0,4726.0,306.0
2021-01-05 09:44:57.160,0.2449,0.245,13.0,0.2433,13.0,4726.0,306.0
2021-01-05 09:44:57.431,0.2449,0.245,13.0,0.2433,13.0,4726.0,306.0
2021-01-05 09:44:58.120,0.2449,0.245,13.0,0.2433,13.0,4726.0,306.0
2021-01-05 09:44:58.720,0.2449,0.245,13.0,0.2433,13.0,4726.0,306.0
2021-01-05 09:44:59.190,0.2449,0.245,13.0,0.2433,16.0,4726.0,306.0
2021-01-05 09:44:59.711,0.2449,0.2453,14.0,0.2433,36.0,4726.0,306.0
2021-01-05 09:45:00.591,0.2449,0.2453,14.0,0.2433,36.0,4726.0,306.0
2021-01-05 09:45:01.221,0.2449,0.2453,14.0,0.2433,23.0,4726.0,306.0
2021-01-05 09:45:01.680,0.2449,0.2457,20.0,0.2436,14.0,4726.0,306.0
2021-01-05 09:45:02.061,0.2449,0.2456,13.0,0.2436,14.0,4726.0,306.0
2021-01-05 09:45:02.710,0.2449,0.2456,13.0,0.2436,34.0,4726.0,306.0
2021-01-05 09:45:03.680,0.2449,0.2456,13.0,0.2436,34.0,4726.0,306.0
2021-01-05 09:45:04.191,0.2449,0.2456,13.0,0.2436,38.0,4726.0,306.0
2021-01-05 09:45:04.700,0.2449,0.2455,10.0,0.2436,37.0,4726.0,306.0
2021-01-05 09:45:05.221,0.2449,0.2455,10.0,0.2436,37.0,4726.0,306.0
2021-01-05 09:45:05.720,0.2449,0.2455,10.0,0.2436,37.0,4726.0,306.0
2021-01-05 09:45:06.220,0.2449,0.2455,13.0,0.2437,10.0,4726.0,306.0
2021-01-05 09:45:06.721,0.2449,0.2458,14.0,0.2438,13.0,4726.0,306.0
2021-01-05 09:45:07.130,0.2449,0.2458,14.0,0.2438,13.0,4726.0,306.0
2021-01-05 09:45:07.651,0.2449,0.2458,14.0,0.2438,13.0,4726.0,306.0
2021-01-05 09:45:08.181,0.2449,0.2458,14.0,0.2438,13.0,4726.0,306.0
2021-01-05 09:45:09.190,0.2449,0.2458,14.0,0.2437,10.0,4726.0,306.0
2021-01-05 09:45:09.720,0.2449,0.2458,14.0,0.2438,13.0,4726.0,306.0
2021-01-05 09:45:10.700,0.2449,0.2458,14.0,0.2437,10.0,4726.0,306.0
2021-01-05 09:45:11.091,0.2449,0.2458,14.0,0.2438,13.0,4726.0,306.0
2021-01-05 09:45:13.220,0.2449,0.2458,14.0,0.2438,16.0,4726.0,306.0
2021-01-05 09:45:14.701,0.2449,0.2458,14.0,0.2438,16.0,4726.0,306.0
2021-01-05 09:45:15.230,0.2449,0.2458,14.0,0.2438,16.0,4726.0,306.0
2021-01-05 09:45:15.721,0.2449,0.2458,14.0,0.2438,16.0,4726.0,306.0
2021-01-05 09:45:16.230,0.2458,0.2462,14.0,0.2446,10.0,4740.0,320.0
2021-01-05 09:45:16.741,0.2458,0.2462,14.0,0.2446,10.0,4740.0,320.0
2021-01-05 09:45:17.731,0.2458,0.2462,14.0,0.2448,10.0,4740.0,320.0
2021-01-05 09:45:18.691,0.2458,0.2462,14.0,0.2448,10.0,4740.0,320.0
2021-01-05 09:45:19.191,0.2458,0.2462,14.0,0.2448,10.0,4740.0,320.0
2021-01-05 09:45:19.731,0.2458,0.2462,34.0,0.2448,10.0,4740.0,320.0
2021-01-05 09:45:20.240,0.2458,0.2461,1.0,0.2448,10.0,4740.0,320.0
2021-01-05 09:45:20.691,0.2448,0.246,13.0,0.2445,10.0,4740.0,325.0
2021-01-05 09:45:21.191,0.2448,0.246,13.0,0.2445,10.0,4740.0,325.0
2021-01-05 09:45:21.731,0.2448,0.2459,1.0,0.2445,10.0,4740.0,325.0
2021-01-05 09:45:22.240,0.2448,0.2459,1.0,0.2444,10.0,4740.0,325.0
2021-01-05 09:45:22.710,0.2448,0.2458,13.0,0.2444,10.0,4740.0,325.0
2021-01-05 09:45:23.160,0.2448,0.2458,13.0,0.2444,10.0,4740.0,325.0
2021-01-05 09:45:23.671,0.2448,0.2457,1.0,0.2444,10.0,4740.0,325.0
2021-01-05 09:45:24.201,0.2448,0.2457,1.0,0.2444,10.0,4740.0,325.0
2021-01-05 09:45:24.651,0.2448,0.2456,13.0,0.2444,10.0,4740.0,325.0
2021-01-05 09:45:25.131,0.2448,0.2456,13.0,0.2444,10.0,4740.0,325.0
2021-01-05 09:45:25.590,0.2448,0.2455,1.0,0.2444,10.0,4740.0,325.0
2021-01-05 09:45:26.220,0.2448,0.2455,1.0,0.2444,10.0,4740.0,325.0
2021-01-05 09:45:26.681,0.2448,0.2454,13.0,0.2444,10.0,4740.0,325.0
2021-01-05 09:45:27.211,0.2448,0.2454,33.0,0.2444,10.0,4740.0,325.0
2021-01-05 09:45:27.711,0.2448,0.2453,1.0,0.2444,10.0,4740.0,325.0
2021-01-05 09:45:28.220,0.2448,0.2453,1.0,0.2444,10.0,4740.0,325.0
2021-01-05 09:45:28.700,0.2448,0.2452,13.0,0.2438,14.0,4740.0,325.0
2021-01-05 09:45:29.140,0.2448,0.2452,13.0,0.2433,21.0,4740.0,325.0
2021-01-05 09:45:30.191,0.2448,0.2451,1.0,0.2434,13.0,4740.0,325.0
2021-01-05 09:45:30.251,0.2448,0.245,13.0,0.2434,13.0,4740.0,325.0
2021-01-05 09:45:31.211,0.2448,0.245,13.0,0.2434,13.0,4740.0,325.0
2021-01-05 09:45:31.701,0.2448,0.2449,1.0,0.2434,13.0,4740.0,325.0
2021-01-05 09:45:32.160,0.2448,0.2449,1.0,0.2434,13.0,4740.0,325.0
2021-01-05 09:45:32.690,0.2448,0.2448,13.0,0.2434,13.0,4740.0,325.0
2021-01-05 09:45:33.180,0.2448,0.2451,20.0,0.2432,3.0,4740.0,325.0
2021-01-05 09:45:33.670,0.2448,0.245,14.0,0.2433,13.0,4740.0,325.0
2021-01-05 09:45:34.220,0.2448,0.245,34.0,0.2433,13.0,4740.0,325.0
2021-01-05 09:45:35.701,0.2448,0.245,34.0,0.2433,13.0,4740.0,325.0
2021-01-05 09:45:36.240,0.2448,0.2449,10.0,0.2432,10.0,4740.0,325.0
2021-01-05 09:45:36.730,0.2448,0.2448,13.0,0.2433,13.0,4740.0,325.0
2021-01-05 09:45:37.241,0.2448,0.2447,1.0,0.2432,10.0,4740.0,325.0
2021-01-05 09:45:37.731,0.2448,0.2447,1.0,0.2433,13.0,4740.0,325.0
2021-01-05 09:45:39.210,0.2448,0.2447,1.0,0.2433,13.0,4740.0,325.0
2021-01-05 09:45:39.710,0.2448,0.2447,14.0,0.2433,13.0,4740.0,325.0
2021-01-05 09:45:40.240,0.2448,0.2446,1.0,0.2433,13.0,4740.0,325.0
2021-01-05 09:45:40.730,0.2448,0.2446,1.0,0.2433,13.0,4740.0,325.0
2021-01-05 09:45:41.220,0.2448,0.2446,2.0,0.2433,13.0,4740.0,325.0
2021-01-05 09:45:42.711,0.2448,0.2446,2.0,0.2433,13.0,4740.0,325.0
2021-01-05 09:45:43.220,0.2448,0.2446,2.0,0.2433,13.0,4740.0,325.0
2021-01-05 09:45:44.201,0.2448,0.2446,2.0,0.2433,13.0,4740.0,325.0
2021-01-05 09:45:45.220,0.2448,0.2446,2.0,0.2433,13.0,4740.0,325.0
2021-01-05 09:45:49.751,0.2448,0.2446,2.0,0.2433,13.0,4740.0,325.0
2021-01-05 09:45:52.641,0.2448,0.2446,2.0,0.2433,13.0,4740.0,325.0
2021-01-05 09:45:54.191,0.2448,0.2446,2.0,0.2433,13.0,4740.0,325.0
2021-01-05 09:45:55.230,0.2448,0.2446,2.0,0.2433,13.0,4740.0,325.0
2021-01-05 09:45:56.120,0.2448,0.2446,2.0,0.2433,13.0,4740.0,325.0
2021-01-05 09:45:56.631,0.2448,0.2446,2.0,0.2433,13.0,4740.0,325.0
2021-01-05 09:45:57.201,0.2448,0.2446,2.0,0.2433,13.0,4740.0,325.0
2021-01-05 09:45:57.651,0.2448,0.2446,2.0,0.2433,13.0,4740.0,325.0
2021-01-05 09:45:58.231,0.2448,0.2446,2.0,0.2433,13.0,4740.0,325.0
2021-01-05 09:45:58.711,0.2448,0.2446,2.0,0.2433,13.0,4740.0,325.0
2021-01-05 09:45:59.230,0.2448,0.2446,2.0,0.2433,13.0,4740.0,325.0
2021-01-05 09:45:59.710,0.2447,0.2447,12.0,0.2433,13.0,4748.0,335.0
2021-01-05 09:46:00.210,0.2447,0.2446,1.0,0.2433,13.0,4748.0,335.0
2021-01-05 09:46:00.730,0.2447,0.2445,23.0,0.2428,24.0,4748.0,335.0
2021-01-05 09:46:01.230,0.2447,0.2445,23.0,0.2428,24.0,4748.0,335.0
2021-01-05 09:46:02.221,0.2447,0.2444,1.0,0.2428,24.0,4748.0,335.0
2021-01-05 09:46:02.711,0.2447,0.2443,13.0,0.2428,24.0,4748.0,335.0
2021-01-05 09:46:03.120,0.2447,0.2443,13.0,0.2428,24.0,4748.0,335.0
2021-01-05 09:46:03.731,0.2447,0.2442,1.0,0.2428,24.0,4748.0,335.0
2021-01-05 09:46:04.171,0.2447,0.2442,1.0,0.2428,24.0,4748.0,335.0
2021-01-05 09:46:05.691,0.2447,0.2442,1.0,0.2428,24.0,4748.0,335.0
2021-01-05 09:46:06.221,0.2447,0.2442,14.0,0.2422,14.0,4748.0,335.0
2021-01-05 09:46:06.690,0.2447,0.2442,1.0,0.2422,17.0,4748.0,335.0
2021-01-05 09:46:07.231,0.2447,0.2441,13.0,0.2422,17.0,4748.0,335.0
2021-01-05 09:46:07.741,0.2447,0.2441,13.0,0.2422,17.0,4748.0,335.0
2021-01-05 09:46:08.121,0.2447,0.244,1.0,0.2422,17.0,4748.0,335.0
2021-01-05 09:46:08.730,0.2447,0.244,1.0,0.2422,17.0,4748.0,335.0
2021-01-05 09:46:10.221,0.2447,0.2436,10.0,0.2422,14.0,4748.0,335.0
2021-01-05 09:46:10.720,0.2447,0.2436,10.0,0.2422,14.0,4748.0,335.0
2021-01-05 09:46:11.181,0.2447,0.2435,1.0,0.2422,14.0,4748.0,335.0
2021-01-05 09:46:11.721,0.2447,0.2435,1.0,0.2422,14.0,4748.0,335.0
2021-01-05 09:46:12.190,0.2447,0.2435,1.0,0.2422,14.0,4748.0,335.0
2021-01-05 09:46:12.680,0.2447,0.2435,1.0,0.2422,14.0,4748.0,335.0
2021-01-05 09:46:13.681,0.2447,0.2435,1.0,0.2422,14.0,4748.0,335.0
2021-01-05 09:46:14.731,0.2447,0.2435,1.0,0.2422,14.0,4748.0,335.0
2021-01-05 09:46:19.171,0.2447,0.2435,1.0,0.2422,14.0,4748.0,335.0
2021-01-05 09:46:20.210,0.2447,0.2435,2.0,0.2422,14.0,4748.0,335.0
2021-01-05 09:46:20.731,0.2447,0.2435,2.0,0.2422,14.0,4748.0,335.0
2021-01-05 09:46:22.220,0.2447,0.2435,2.0,0.2422,14.0,4748.0,335.0
2021-01-05 09:46:22.690,0.2447,0.2435,2.0,0.2422,14.0,4748.0,335.0
2021-01-05 09:46:25.651,0.2447,0.2435,2.0,0.2422,14.0,4748.0,335.0
2021-01-05 09:46:26.191,0.2447,0.2435,2.0,0.2423,10.0,4748.0,335.0
2021-01-05 09:46:26.711,0.2447,0.2435,2.0,0.2424,13.0,4748.0,335.0
2021-01-05 09:46:27.201,0.2447,0.2435,2.0,0.2422,24.0,4748.0,335.0
2021-01-05 09:46:34.171,0.2447,0.2435,2.0,0.2423,14.0,4748.0,335.0
2021-01-05 09:46:35.120,0.2447,0.243,10.0,0.2423,14.0,4748.0,335.0
2021-01-05 09:46:35.721,0.243,0.243,9.0,0.2423,14.0,4748.0,336.0
2021-01-05 09:46:36.221,0.243,0.2429,2.0,0.2423,34.0,4748.0,336.0
2021-01-05 09:46:36.730,0.2429,0.243,9.0,0.2424,10.0,4746.0,338.0
2021-01-05 09:46:37.241,0.2429,0.243,9.0,0.2425,13.0,4746.0,338.0
2021-01-05 09:46:37.631,0.243,0.243,3.0,0.2425,13.0,4751.0,344.0
2021-01-05 09:46:38.151,0.243,0.2437,10.0,0.243,3.0,4751.0,345.0
2021-01-05 09:46:38.680,0.243,0.2437,10.0,0.243,3.0,4751.0,345.0
2021-01-05 09:46:39.210,0.243,0.2437,10.0,0.2431,13.0,4751.0,345.0
2021-01-05 09:46:40.211,0.243,0.2437,10.0,0.2432,10.0,4751.0,345.0
2021-01-05 09:46:40.670,0.243,0.2437,10.0,0.2431,10.0,4751.0,345.0
2021-01-05 09:46:41.250,0.243,0.2437,10.0,0.2433,10.0,4751.0,345.0
2021-01-05 09:46:41.661,0.243,0.2437,10.0,0.2433,10.0,4751.0,345.0
2021-01-05 09:46:42.230,0.243,0.2437,10.0,0.2433,23.0,4751.0,345.0
2021-01-05 09:46:43.121,0.243,0.2437,10.0,0.2433,23.0,4751.0,345.0
2021-01-05 09:46:43.761,0.243,0.2437,10.0,0.2433,10.0,4751.0,345.0
2021-01-05 09:46:44.230,0.243,0.2437,10.0,0.2434,13.0,4751.0,345.0
2021-01-05 09:46:46.671,0.243,0.2446,10.0,0.2435,10.0,4751.0,345.0
2021-01-05 09:46:47.230,0.243,0.2445,13.0,0.2435,10.0,4751.0,345.0
2021-01-05 09:46:49.251,0.243,0.2446,10.0,0.2435,10.0,4751.0,345.0
2021-01-05 09:46:49.730,0.243,0.2445,13.0,0.2435,10.0,4751.0,345.0
2021-01-05 09:46:50.170,0.243,0.2445,13.0,0.2435,10.0,4751.0,345.0
2021-01-05 09:46:51.261,0.243,0.2445,13.0,0.2435,10.0,4751.0,345.0
2021-01-05 09:46:51.731,0.243,0.2436,10.0,0.2435,10.0,4751.0,345.0
2021-01-05 09:46:52.210,0.243,0.2436,10.0,0.2435,10.0,4751.0,345.0
2021-01-05 09:46:53.201,0.243,0.2436,10.0,0.2435,10.0,4751.0,345.0
2021-01-05 09:46:53.681,0.243,0.2436,10.0,0.2435,10.0,4751.0,345.0
2021-01-05 09:46:54.221,0.243,0.2446,20.0,0.2435,10.0,4751.0,345.0
2021-01-05 09:46:54.661,0.243,0.2445,13.0,0.2435,10.0,4751.0,345.0
2021-01-05 09:46:55.610,0.243,0.2445,13.0,0.2435,10.0,4751.0,345.0
2021-01-05 09:46:56.711,0.243,0.2445,13.0,0.2433,10.0,4751.0,345.0
2021-01-05 09:46:57.080,0.243,0.2445,13.0,0.2434,13.0,4751.0,345.0
2021-01-05 09:46:59.191,0.243,0.2445,13.0,0.2434,13.0,4751.0,345.0
2021-01-05 09:47:00.251,0.243,0.2444,1.0,0.2434,13.0,4751.0,345.0
2021-01-05 09:47:00.741,0.243,0.2444,1.0,0.2435,10.0,4751.0,345.0
2021-01-05 09:47:01.210,0.243,0.2444,1.0,0.2434,10.0,4751.0,345.0
2021-01-05 09:47:01.721,0.243,0.2444,1.0,0.2436,14.0,4751.0,345.0
2021-01-05 09:47:01.980,0.243,0.2444,1.0,0.2437,10.0,4751.0,345.0
2021-01-05 09:47:02.741,0.243,0.2444,1.0,0.2438,13.0,4751.0,345.0
2021-01-05 09:47:03.220,0.243,0.2444,1.0,0.2438,13.0,4751.0,345.0
2021-01-05 09:47:03.731,0.2444,0.2453,10.0,0.2444,1.0,4751.0,346.0
2021-01-05 09:47:04.211,0.2444,0.2453,10.0,0.2445,13.0,4751.0,346.0
2021-01-05 09:47:05.250,0.2445,0.2459,54.0,0.2445,10.0,4756.0,351.0
2021-01-05 09:47:05.750,0.2445,0.2459,54.0,0.2445,10.0,4756.0,351.0
2021-01-05 09:47:06.251,0.2445,0.2459,44.0,0.2446,13.0,4756.0,351.0
2021-01-05 09:47:06.301,0.2445,0.2459,24.0,0.2447,10.0,4756.0,351.0
2021-01-05 09:47:07.221,0.2445,0.2463,20.0,0.2446,10.0,4756.0,351.0
2021-01-05 09:47:07.740,0.2445,0.2462,13.0,0.2447,13.0,4756.0,351.0
2021-01-05 09:47:08.230,0.2445,0.2462,13.0,0.2448,10.0,4756.0,351.0
2021-01-05 09:47:08.700,0.2445,0.2462,13.0,0.2448,10.0,4756.0,351.0
2021-01-05 09:47:08.900,0.2445,0.2462,13.0,0.2449,13.0,4756.0,351.0
2021-01-05 09:47:09.751,0.2445,0.2462,13.0,0.2449,13.0,4756.0,351.0
2021-01-05 09:47:09.811,0.2445,0.2467,34.0,0.2449,13.0,4756.0,351.0
2021-01-05 09:47:10.721,0.2445,0.2467,34.0,0.2449,13.0,4756.0,351.0
2021-01-05 09:47:11.751,0.2445,0.2467,14.0,0.245,10.0,4756.0,351.0
2021-01-05 09:47:12.241,0.2445,0.2468,10.0,0.2452,14.0,4756.0,351.0
2021-01-05 09:47:12.731,0.2445,0.246,1.0,0.2452,14.0,4756.0,351.0
2021-01-05 09:47:13.201,0.2445,0.246,1.0,0.2453,10.0,4756.0,351.0
2021-01-05 09:47:13.751,0.2445,0.246,1.0,0.2454,13.0,4756.0,351.0
2021-01-05 09:47:14.220,0.2445,0.246,1.0,0.2454,13.0,4756.0,351.0
2021-01-05 09:47:14.721,0.2445,0.246,1.0,0.2454,13.0,4756.0,351.0
2021-01-05 09:47:15.680,0.2445,0.246,1.0,0.2455,10.0,4756.0,351.0
2021-01-05 09:47:16.241,0.2445,0.246,1.0,0.2455,10.0,4756.0,351.0
2021-01-05 09:47:16.731,0.2445,0.246,1.0,0.2456,13.0,4756.0,351.0
2021-01-05 09:47:17.251,0.2445,0.246,1.0,0.2457,10.0,4756.0,351.0
2021-01-05 09:47:17.760,0.2445,0.246,1.0,0.2457,10.0,4756.0,351.0
2021-01-05 09:47:18.221,0.2445,0.246,1.0,0.2456,10.0,4756.0,351.0
2021-01-05 09:47:18.621,0.2445,0.246,1.0,0.2457,13.0,4756.0,351.0
2021-01-05 09:47:19.040,0.246,0.2468,10.0,0.2458,10.0,4756.0,352.0
2021-01-05 09:47:19.731,0.246,0.2468,10.0,0.2457,10.0,4756.0,352.0
2021-01-05 09:47:20.000,0.246,0.2467,1.0,0.2458,13.0,4756.0,352.0
2021-01-05 09:47:20.730,0.246,0.2467,1.0,0.2458,13.0,4756.0,352.0
2021-01-05 09:47:21.260,0.246,0.2467,1.0,0.2458,13.0,4756.0,352.0
2021-01-05 09:47:21.760,0.246,0.2467,1.0,0.2459,10.0,4756.0,352.0
2021-01-05 09:47:22.240,0.2474,0.2474,5.0,0.2458,10.0,4762.0,359.0
2021-01-05 09:47:22.571,0.2474,0.2473,13.0,0.246,10.0,4762.0,359.0
2021-01-05 09:47:23.151,0.2474,0.2473,13.0,0.2459,10.0,4762.0,359.0
2021-01-05 09:47:23.700,0.2474,0.2473,13.0,0.246,13.0,4762.0,359.0
2021-01-05 09:47:24.221,0.2474,0.2473,13.0,0.2461,10.0,4762.0,359.0
2021-01-05 09:47:24.680,0.2474,0.2473,13.0,0.2461,10.0,4762.0,359.0
2021-01-05 09:47:25.241,0.2474,0.2473,13.0,0.2462,13.0,4762.0,359.0
2021-01-05 09:47:26.680,0.2474,0.2473,13.0,0.2463,10.0,4762.0,359.0
2021-01-05 09:47:27.241,0.2474,0.2473,13.0,0.2463,10.0,4762.0,359.0
2021-01-05 09:47:27.721,0.2474,0.2473,13.0,0.2464,13.0,4762.0,359.0
2021-01-05 09:47:28.230,0.2474,0.2474,5.0,0.2464,13.0,4762.0,359.0
2021-01-05 09:47:28.710,0.2474,0.2474,18.0,0.2464,13.0,4762.0,359.0
2021-01-05 09:47:29.181,0.2474,0.2474,5.0,0.2464,13.0,4762.0,359.0
2021-01-05 09:47:29.730,0.2474,0.2474,5.0,0.2464,13.0,4762.0,359.0
2021-01-05 09:47:30.720,0.2474,0.2474,5.0,0.2465,10.0,4762.0,359.0
2021-01-05 09:47:31.181,0.2474,0.2474,5.0,0.2464,10.0,4762.0,359.0
2021-01-05 09:47:31.630,0.2474,0.2474,5.0,0.2465,13.0,4762.0,359.0
2021-01-05 09:47:34.231,0.2474,0.2474,5.0,0.2461,10.0,4762.0,359.0
2021-01-05 09:47:34.750,0.2474,0.2473,13.0,0.2464,10.0,4762.0,359.0
2021-01-05 09:47:35.221,0.2474,0.2473,13.0,0.2466,10.0,4762.0,359.0
2021-01-05 09:47:35.740,0.2474,0.2473,13.0,0.2461,10.0,4762.0,359.0
2021-01-05 09:47:36.241,0.2474,0.2473,13.0,0.2463,10.0,4762.0,359.0
2021-01-05 09:47:36.721,0.2474,0.2473,13.0,0.2463,10.0,4762.0,359.0
2021-01-05 09:47:37.251,0.2474,0.2479,24.0,0.2464,23.0,4762.0,359.0
2021-01-05 09:47:38.260,0.2474,0.2479,24.0,0.2464,13.0,4762.0,359.0
2021-01-05 09:47:38.700,0.2474,0.2479,14.0,0.2464,13.0,4762.0,359.0
2021-01-05 09:47:39.261,0.2474,0.2479,14.0,0.2464,13.0,4762.0,359.0
2021-01-05 09:47:39.751,0.2474,0.2479,14.0,0.2464,23.0,4762.0,359.0
2021-01-05 09:47:40.260,0.2474,0.2478,1.0,0.2464,13.0,4762.0,359.0
2021-01-05 09:47:40.761,0.2474,0.2477,13.0,0.2464,13.0,4762.0,359.0
2021-01-05 09:47:41.251,0.2474,0.2477,13.0,0.2465,10.0,4762.0,359.0
2021-01-05 09:47:41.680,0.2474,0.2476,1.0,0.2464,10.0,4762.0,359.0
2021-01-05 09:47:41.731,0.2474,0.2476,1.0,0.2465,13.0,4762.0,359.0
2021-01-05 09:47:42.761,0.2474,0.2476,14.0,0.2465,13.0,4762.0,359.0
2021-01-05 09:47:43.251,0.2474,0.2476,14.0,0.2465,33.0,4762.0,359.0
2021-01-05 09:47:45.760,0.2474,0.2476,1.0,0.2465,33.0,4762.0,359.0
2021-01-05 09:47:46.740,0.2474,0.2476,14.0,0.2466,10.0,4762.0,359.0
2021-01-05 09:47:46.961,0.2474,0.2476,1.0,0.2464,10.0,4762.0,359.0
2021-01-05 09:47:47.771,0.2474,0.2475,13.0,0.2465,13.0,4762.0,359.0
2021-01-05 09:47:48.261,0.2474,0.2475,13.0,0.2465,13.0,4762.0,359.0
2021-01-05 09:47:48.761,0.2474,0.2474,1.0,0.2465,13.0,4762.0,359.0
2021-01-05 09:47:49.260,0.2474,0.2474,1.0,0.2463,10.0,4762.0,359.0
2021-01-05 09:47:49.750,0.2474,0.2473,13.0,0.2464,13.0,4762.0,359.0
2021-01-05 09:47:50.271,0.2474,0.2472,1.0,0.2464,13.0,4762.0,359.0
2021-01-05 09:47:50.751,0.2474,0.2472,2.0,0.2462,20.0,4762.0,359.0
2021-01-05 09:47:51.241,0.2474,0.2471,13.0,0.246,10.0,4762.0,359.0
2021-01-05 09:47:51.771,0.2474,0.247,10.0,0.246,10.0,4762.0,359.0
2021-01-05 09:47:52.271,0.2474,0.2469,2.0,0.2457,10.0,4762.0,359.0
2021-01-05 09:47:52.730,0.2474,0.2469,15.0,0.246,10.0,4762.0,359.0
2021-01-05 09:47:53.221,0.2474,0.2469,2.0,0.2458,10.0,4762.0,359.0
2021-01-05 09:47:54.230,0.2474,0.2469,2.0,0.2458,10.0,4762.0,359.0
2021-01-05 09:47:54.741,0.2474,0.2468,13.0,0.2459,13.0,4762.0,359.0
2021-01-05 09:47:55.231,0.2474,0.2468,13.0,0.2456,10.0,4762.0,359.0
2021-01-05 09:47:55.740,0.2474,0.2467,2.0,0.2454,10.0,4762.0,359.0
2021-01-05 09:47:56.251,0.2474,0.2467,2.0,0.2455,10.0,4762.0,359.0
2021-01-05 09:47:56.751,0.2474,0.2466,13.0,0.2453,10.0,4762.0,359.0
2021-01-05 09:47:57.250,0.2474,0.2466,13.0,0.2455,10.0,4762.0,359.0
2021-01-05 09:47:57.750,0.2474,0.2465,2.0,0.2453,10.0,4762.0,359.0
2021-01-05 09:47:58.261,0.2474,0.2465,2.0,0.2454,16.0,4762.0,359.0
2021-01-05 09:47:58.781,0.2474,0.2465,2.0,0.2456,10.0,4762.0,359.0
2021-01-05 09:47:59.200,0.2474,0.2465,2.0,0.2457,13.0,4762.0,359.0
2021-01-05 09:47:59.751,0.2474,0.2465,2.0,0.2457,23.0,4762.0,359.0
2021-01-05 09:48:00.260,0.2474,0.2465,3.0,0.2457,23.0,4762.0,359.0
2021-01-05 09:48:00.791,0.2474,0.2465,3.0,0.2457,23.0,4762.0,359.0
2021-01-05 09:48:01.261,0.2474,0.2465,3.0,0.2457,23.0,4762.0,359.0
2021-01-05 09:48:02.231,0.2474,0.2465,3.0,0.2457,23.0,4762.0,359.0
2021-01-05 09:48:02.781,0.2465,0.2473,10.0,0.2457,23.0,4759.0,362.0
2021-01-05 09:48:02.781,0.2465,0.2473,23.0,0.2459,14.0,4759.0,362.0
2021-01-05 09:48:03.791,0.2465,0.2473,13.0,0.2459,14.0,4759.0,362.0
2021-01-05 09:48:04.250,0.2465,0.2478,34.0,0.2459,14.0,4759.0,362.0
2021-01-05 09:48:04.790,0.2465,0.2478,34.0,0.246,10.0,4759.0,362.0
2021-01-05 09:48:05.290,0.2465,0.2478,34.0,0.2461,13.0,4759.0,362.0
2021-01-05 09:48:06.291,0.2465,0.2478,34.0,0.2461,23.0,4759.0,362.0
2021-01-05 09:48:06.781,0.2465,0.2478,34.0,0.2461,13.0,4759.0,362.0
2021-01-05 09:48:07.280,0.2465,0.2478,34.0,0.2461,13.0,4759.0,362.0
2021-01-05 09:48:08.250,0.2465,0.2478,34.0,0.2461,13.0,4759.0,362.0
2021-01-05 09:48:09.270,0.2465,0.2478,24.0,0.2462,10.0,4759.0,362.0
2021-01-05 09:48:09.751,0.2465,0.2478,24.0,0.2461,10.0,4759.0,362.0
2021-01-05 09:48:10.171,0.2465,0.2478,24.0,0.2463,10.0,4759.0,362.0
2021-01-05 09:48:10.801,0.2465,0.2481,1.0,0.2464,13.0,4759.0,362.0
2021-01-05 09:48:11.291,0.2465,0.248,13.0,0.2464,14.0,4759.0,362.0
2021-01-05 09:48:11.791,0.2465,0.248,13.0,0.2464,24.0,4759.0,362.0
2021-01-05 09:48:12.300,0.2465,0.248,13.0,0.2464,10.0,4759.0,362.0
2021-01-05 09:48:12.751,0.2465,0.2479,14.0,0.2465,23.0,4759.0,362.0
2021-01-05 09:48:13.281,0.2465,0.2479,24.0,0.2464,10.0,4759.0,362.0
2021-01-05 09:48:13.760,0.2465,0.2479,24.0,0.2463,20.0,4759.0,362.0
2021-01-05 09:48:14.300,0.2465,0.2479,24.0,0.2465,10.0,4759.0,362.0
2021-01-05 09:48:14.680,0.2465,0.2477,10.0,0.246,34.0,4759.0,362.0
2021-01-05 09:48:15.310,0.2465,0.2476,13.0,0.2463,10.0,4759.0,362.0
2021-01-05 09:48:15.771,0.2465,0.2474,14.0,0.246,10.0,4759.0,362.0
2021-01-05 09:48:16.321,0.2465,0.2476,10.0,0.2459,10.0,4759.0,362.0
2021-01-05 09:48:16.530,0.2465,0.247,14.0,0.2457,10.0,4759.0,362.0
2021-01-05 09:48:17.300,0.2465,0.247,14.0,0.2457,10.0,4759.0,362.0
2021-01-05 09:48:17.811,0.2465,0.247,24.0,0.2457,10.0,4759.0,362.0
2021-01-05 09:48:18.330,0.2465,0.2468,10.0,0.2457,10.0,4759.0,362.0
2021-01-05 09:48:18.831,0.2465,0.2467,13.0,0.2457,10.0,4759.0,362.0
2021-01-05 09:48:19.100,0.2465,0.2467,13.0,0.2456,10.0,4759.0,362.0
2021-01-05 09:48:19.331,0.2465,0.2467,13.0,0.2452,20.0,4759.0,362.0
2021-01-05 09:48:20.311,0.2465,0.2467,13.0,0.2454,10.0,4759.0,362.0
