,last,ask1,asize1,bid1,bsize1,oi,volume
2021-01-05 09:25:00.080,,0.013,1.0,0.0127,1.0,13858.0,
2021-01-05 09:30:00.451,,0.013,1.0,0.0127,1.0,13858.0,
2021-01-05 09:30:00.991,,0.0144,1.0,0.012,1.0,13858.0,
2021-01-05 09:30:01.481,,0.0144,1.0,0.0131,50.0,13858.0,
2021-01-05 09:30:02.011,,0.0144,21.0,0.0131,70.0,13858.0,
2021-01-05 09:30:02.501,,0.0144,20.0,0.0131,70.0,13858.0,
2021-01-05 09:30:03.010,,0.0147,20.0,0.0131,70.0,13858.0,
2021-01-05 09:30:03.471,,0.0146,20.0,0.0131,50.0,13858.0,
2021-01-05 09:30:03.980,,0.0145,20.0,0.0131,50.0,13858.0,
2021-01-05 09:30:04.430,,0.0146,20.0,0.0131,50.0,13858.0,
2021-01-05 09:30:05.010,,0.0147,20.0,0.0131,70.0,13858.0,
2021-01-05 09:30:05.990,,,,0.0131,50.0,13858.0,
2021-01-05 09:30:06.971,,0.0647,5.0,0.0131,50.0,13858.0,
2021-01-05 09:30:15.991,,0.0647,5.0,0.0131,50.0,13858.0,
2021-01-05 09:30:17.021,,0.0647,5.0,0.0131,50.0,13858.0,
2021-01-05 09:30:17.641,,0.0647,5.0,0.0131,50.0,13858.0,
2021-01-05 09:30:18.231,,0.0646,5.0,0.0131,50.0,13858.0,
2021-01-05 09:30:18.750,,0.0646,5.0,0.0131,50.0,13858.0,
2021-01-05 09:30:19.251,,0.0646,5.0,0.0131,50.0,13858.0,
2021-01-05 09:30:19.751,,0.0646,5.0,0.0131,50.0,13858.0,
2021-01-05 09:30:20.240,,0.0646,5.0,0.0131,50.0,13858.0,
2021-01-05 09:30:20.740,,0.0646,5.0,0.0131,50.0,13858.0,
2021-01-05 09:30:21.241,,0.0646,5.0,0.0131,50.0,13858.0,
2021-01-05 09:30:21.741,,0.0646,5.0,0.0131,50.0,13858.0,
2021-01-05 09:30:22.240,,0.0646,5.0,0.0131,50.0,13858.0,
2021-01-05 09:30:22.671,,0.0646,5.0,0.0131,50.0,13858.0,
2021-01-05 09:30:23.170,,0.0646,5.0,0.0131,50.0,13858.0,
2021-01-05 09:30:23.670,,0.0646,5.0,0.0131,50.0,13858.0,
2021-01-05 09:30:24.161,,0.0646,5.0,0.0131,50.0,13858.0,
2021-01-05 09:30:24.661,,0.0646,5.0,0.0131,50.0,13858.0,
2021-01-05 09:30:25.160,,0.0646,5.0,0.0131,50.0,13858.0,
2021-01-05 09:30:25.581,,0.0646,5.0,0.0131,50.0,13858.0,
2021-01-05 09:30:26.171,,0.0646,5.0,0.0131,50.0,13858.0,
2021-01-05 09:30:26.670,,0.0646,5.0,0.0131,50.0,13858.0,
2021-01-05 09:30:27.170,,0.0646,5.0,0.0131,50.0,13858.0,
2021-01-05 09:30:27.671,,0.0646,5.0,0.0131,50.0,13858.0,
2021-01-05 09:30:28.161,,0.0645,5.0,0.0131,50.0,13858.0,
2021-01-05 09:30:28.670,,0.0645,5.0,0.0131,50.0,13858.0,
2021-01-05 09:30:29.150,,0.0645,5.0,0.0131,50.0,13858.0,
2021-01-05 09:30:29.650,,0.0645,5.0,0.0131,50.0,13858.0,
2021-01-05 09:30:30.171,,0.0645,5.0,0.0131,50.0,13858.0,
2021-01-05 09:30:30.620,,0.0645,5.0,0.0131,50.0,13858.0,
2021-01-05 09:30:31.121,,0.0645,5.0,0.0131,50.0,13858.0,
2021-01-05 09:30:31.661,,0.0645,5.0,0.0131,50.0,13858.0,
2021-01-05 09:30:32.140,,0.0645,5.0,0.0131,50.0,13858.0,
2021-01-05 09:30:32.631,,0.0645,5.0,0.0131,50.0,13858.0,
2021-01-05 09:30:33.171,,0.0645,5.0,0.0131,50.0,13858.0,
2021-01-05 09:30:33.671,,0.0645,5.0,0.0131,50.0,13858.0,
2021-01-05 09:30:34.191,,0.0645,5.0,0.0131,50.0,13858.0,
2021-01-05 09:30:34.670,,0.0645,5.0,0.0131,50.0,13858.0,
2021-01-05 09:30:35.121,,0.0645,5.0,0.0131,50.0,13858.0,
2021-01-05 09:30:35.680,,0.0645,5.0,0.0131,50.0,13858.0,
2021-01-05 09:30:36.170,,0.0645,5.0,0.0131,50.0,13858.0,
2021-01-05 09:30:36.681,,0.0645,5.0,0.0131,50.0,13858.0,
2021-01-05 09:30:37.171,,0.0645,5.0,0.0131,50.0,13858.0,
2021-01-05 09:30:37.670,,0.0645,5.0,0.0131,50.0,13858.0,
2021-01-05 09:30:38.141,,0.0645,5.0,0.0131,50.0,13858.0,
2021-01-05 09:30:38.700,,0.0645,5.0,0.0131,50.0,13858.0,
2021-01-05 09:30:39.201,,0.0644,5.0,0.0131,50.0,13858.0,
2021-01-05 09:30:39.680,,0.0644,5.0,0.0131,50.0,13858.0,
2021-01-05 09:30:40.170,,0.0644,5.0,0.0131,50.0,13858.0,
2021-01-05 09:30:40.690,,0.0644,5.0,0.0131,50.0,13858.0,
2021-01-05 09:30:41.011,,0.0644,5.0,0.0131,50.0,13858.0,
2021-01-05 09:30:41.701,,0.0644,5.0,0.0131,50.0,13858.0,
2021-01-05 09:30:42.181,,0.0644,5.0,0.0131,50.0,13858.0,
2021-01-05 09:30:42.671,,0.0644,5.0,0.0131,50.0,13858.0,
2021-01-05 09:30:43.180,,0.0644,5.0,0.0131,50.0,13858.0,
2021-01-05 09:30:43.520,,0.0644,25.0,0.0131,70.0,13858.0,
2021-01-05 09:30:44.181,,0.0644,25.0,0.0131,70.0,13858.0,
2021-01-05 09:30:44.650,,0.0644,25.0,0.0131,70.0,13858.0,
2021-01-05 09:30:45.161,,0.0644,25.0,0.0131,70.0,13858.0,
2021-01-05 09:30:45.710,,0.0644,25.0,0.0131,70.0,13858.0,
2021-01-05 09:30:46.200,,0.0644,25.0,0.0131,70.0,13858.0,
2021-01-05 09:30:46.701,,0.0644,25.0,0.0131,70.0,13858.0,
2021-01-05 09:30:47.191,,0.0644,25.0,0.0131,70.0,13858.0,
2021-01-05 09:30:47.691,,0.0644,25.0,0.0131,70.0,13858.0,
2021-01-05 09:30:48.200,,0.0644,25.0,0.0131,70.0,13858.0,
2021-01-05 09:30:49.210,,0.0643,5.0,0.0131,70.0,13858.0,
2021-01-05 09:30:49.700,,0.0643,5.0,0.0131,70.0,13858.0,
2021-01-05 09:30:50.720,,0.0642,1.0,0.0131,70.0,13858.0,
2021-01-05 09:30:52.221,,0.0642,6.0,0.0131,70.0,13858.0,
2021-01-05 09:30:55.671,,0.0641,2.0,0.0131,70.0,13858.0,
2021-01-05 09:30:56.170,,0.0641,7.0,0.0131,70.0,13858.0,
2021-01-05 09:30:59.171,,0.0141,20.0,0.0131,70.0,13858.0,
2021-01-05 09:30:59.640,,0.0141,60.0,0.0131,90.0,13858.0,
2021-01-05 09:31:00.161,,0.0141,60.0,0.0131,70.0,13858.0,
2021-01-05 09:31:00.681,,0.0141,60.0,0.0131,70.0,13858.0,
2021-01-05 09:31:01.140,,0.0141,60.0,0.0131,70.0,13858.0,
2021-01-05 09:31:01.680,,0.0141,60.0,0.0131,70.0,13858.0,
2021-01-05 09:31:02.170,,0.0141,40.0,0.0131,70.0,13858.0,
2021-01-05 09:31:02.681,,0.0141,60.0,0.0131,70.0,13858.0,
2021-01-05 09:31:03.680,,0.0141,60.0,0.0131,70.0,13858.0,
2021-01-05 09:31:05.670,,0.0141,60.0,0.0131,70.0,13858.0,
2021-01-05 09:31:06.681,,0.0141,60.0,0.0131,70.0,13858.0,
2021-01-05 09:31:11.701,,0.0141,60.0,0.0131,70.0,13858.0,
2021-01-05 09:31:16.711,,0.0141,60.0,0.0131,70.0,13858.0,
2021-01-05 09:31:18.720,,0.0141,60.0,0.0131,70.0,13858.0,
2021-01-05 09:31:19.150,,0.0141,40.0,0.0131,70.0,13858.0,
2021-01-05 09:31:19.721,,0.0141,60.0,0.0131,70.0,13858.0,
2021-01-05 09:31:20.171,,0.0141,60.0,0.0131,70.0,13858.0,
2021-01-05 09:31:23.171,,0.0141,60.0,0.0131,70.0,13858.0,
2021-01-05 09:31:23.640,,0.0141,60.0,0.0131,84.0,13858.0,
2021-01-05 09:31:25.150,,0.0141,60.0,0.0131,70.0,13858.0,
2021-01-05 09:31:31.150,,0.014,10.0,0.0131,70.0,13858.0,
2021-01-05 09:31:31.641,,0.014,64.0,0.0131,70.0,13858.0,
2021-01-05 09:31:32.191,,0.014,64.0,0.0131,70.0,13858.0,
2021-01-05 09:31:34.181,,0.0135,20.0,0.0131,70.0,13858.0,
2021-01-05 09:31:34.681,,0.0135,60.0,0.0131,50.0,13858.0,
2021-01-05 09:31:35.190,,0.0135,60.0,0.0131,50.0,13858.0,
2021-01-05 09:31:35.651,,0.0135,60.0,0.0131,50.0,13858.0,
2021-01-05 09:31:36.181,,0.0135,60.0,0.0131,50.0,13858.0,
2021-01-05 09:31:38.190,,0.0135,63.0,0.0131,50.0,13858.0,
2021-01-05 09:31:39.210,,0.0135,60.0,0.0131,50.0,13858.0,
2021-01-05 09:31:39.710,,0.0135,60.0,0.0131,62.0,13858.0,
2021-01-05 09:31:40.200,,0.0135,60.0,0.0131,50.0,13858.0,
2021-01-05 09:31:40.711,,0.0135,63.0,0.0131,50.0,13858.0,
2021-01-05 09:31:41.191,,0.0135,63.0,0.0131,50.0,13858.0,
2021-01-05 09:31:42.211,,0.0135,60.0,0.0131,50.0,13858.0,
2021-01-05 09:31:42.711,,0.0135,60.0,0.0131,50.0,13858.0,
2021-01-05 09:31:43.191,,0.0135,72.0,0.0131,50.0,13858.0,
2021-01-05 09:31:44.190,,0.0135,72.0,0.0131,50.0,13858.0,
2021-01-05 09:31:44.691,,0.0135,60.0,0.0131,50.0,13858.0,
2021-01-05 09:31:45.170,,0.0135,72.0,0.0131,50.0,13858.0,
2021-01-05 09:31:45.700,,0.0135,60.0,0.0131,50.0,13858.0,
2021-01-05 09:31:46.171,,0.0135,60.0,0.0131,50.0,13858.0,
2021-01-05 09:31:46.701,,0.0135,60.0,0.0131,50.0,13858.0,
2021-01-05 09:31:47.191,,0.0135,60.0,0.0131,50.0,13858.0,
2021-01-05 09:31:47.650,,0.0135,60.0,0.0131,50.0,13858.0,
2021-01-05 09:31:48.211,,0.0135,60.0,0.0131,50.0,13858.0,
2021-01-05 09:31:50.710,0.0131,0.0135,60.0,0.0131,30.0,13878.0,20.0
2021-01-05 09:31:51.701,0.0131,0.0135,72.0,0.0131,30.0,13878.0,20.0
2021-01-05 09:31:52.220,0.0131,0.0135,72.0,0.0131,30.0,13878.0,20.0
2021-01-05 09:31:52.621,0.0131,0.0135,72.0,0.0131,30.0,13878.0,20.0
2021-01-05 09:31:53.171,0.0131,0.0135,72.0,0.0131,10.0,13898.0,40.0
2021-01-05 09:31:55.150,0.0131,0.0132,20.0,0.013,10.0,13908.0,50.0
2021-01-05 09:31:55.670,0.0131,0.0132,60.0,0.0128,20.0,13908.0,50.0
2021-01-05 09:31:56.110,0.0131,0.0132,60.0,0.0127,42.0,13908.0,50.0
2021-01-05 09:31:56.681,0.0131,0.0132,60.0,0.0127,42.0,13908.0,50.0
2021-01-05 09:31:57.171,0.0131,0.0132,60.0,0.0127,22.0,13908.0,50.0
2021-01-05 09:31:58.171,0.0131,0.0132,60.0,0.0127,12.0,13908.0,50.0
2021-01-05 09:31:59.660,0.0131,0.0132,60.0,0.0128,12.0,13908.0,50.0
2021-01-05 09:32:00.150,0.0131,0.0132,60.0,0.0128,12.0,13908.0,50.0
2021-01-05 09:32:00.650,0.0131,0.0132,60.0,0.0128,12.0,13908.0,50.0
2021-01-05 09:32:01.670,0.0131,0.0132,60.0,0.0128,12.0,13908.0,50.0
2021-01-05 09:32:02.171,0.0131,0.0132,60.0,0.0128,12.0,13908.0,50.0
2021-01-05 09:32:02.671,0.0131,0.0132,60.0,0.0129,12.0,13908.0,50.0
2021-01-05 09:32:03.180,0.0131,0.0132,40.0,0.0128,12.0,13908.0,50.0
2021-01-05 09:32:03.641,0.0131,0.0132,40.0,0.0128,12.0,13908.0,50.0
2021-01-05 09:32:04.150,0.0131,0.0132,20.0,0.0128,12.0,13908.0,50.0
2021-01-05 09:32:04.630,0.0131,0.0132,40.0,0.0128,12.0,13908.0,50.0
2021-01-05 09:32:05.141,0.0131,0.0132,40.0,0.0128,12.0,13908.0,50.0
2021-01-05 09:32:05.660,0.0131,0.0132,40.0,0.0128,12.0,13908.0,50.0
2021-01-05 09:32:06.161,0.0131,0.0132,40.0,0.0127,12.0,13908.0,50.0
2021-01-05 09:32:06.680,0.0131,0.0132,40.0,0.0128,12.0,13908.0,50.0
2021-01-05 09:32:07.070,0.0131,0.0132,40.0,0.0127,12.0,13908.0,50.0
2021-01-05 09:32:07.671,0.0131,0.0132,20.0,0.0128,12.0,13908.0,50.0
2021-01-05 09:32:08.670,0.0131,0.0132,20.0,0.0127,12.0,13908.0,50.0
2021-01-05 09:32:09.681,0.0131,0.0132,20.0,0.0128,12.0,13908.0,50.0
2021-01-05 09:32:10.161,0.0131,0.0132,20.0,0.0126,20.0,13908.0,50.0
2021-01-05 09:32:10.630,0.0131,0.0132,20.0,0.0127,12.0,13908.0,50.0
2021-01-05 09:32:11.650,0.0131,0.0132,20.0,0.0127,12.0,13908.0,50.0
2021-01-05 09:32:13.171,0.0131,0.0132,20.0,0.0127,12.0,13908.0,50.0
2021-01-05 09:32:14.180,0.0131,0.0132,20.0,0.0127,32.0,13908.0,50.0
2021-01-05 09:32:14.660,0.0131,0.0132,20.0,0.0127,32.0,13908.0,50.0
2021-01-05 09:32:15.171,0.0131,0.0132,20.0,0.0127,33.0,13908.0,50.0
2021-01-05 09:32:15.671,0.0131,0.0132,20.0,0.0127,21.0,13908.0,50.0
2021-01-05 09:32:16.551,0.0131,0.0132,40.0,0.0127,21.0,13908.0,50.0
2021-01-05 09:32:17.161,0.0131,0.0132,40.0,0.0127,33.0,13908.0,50.0
2021-01-05 09:32:17.651,0.0131,0.0132,40.0,0.0127,21.0,13908.0,50.0
2021-01-05 09:32:18.130,0.0131,0.0132,40.0,0.0127,1.0,13908.0,50.0
2021-01-05 09:32:20.671,0.0131,0.0132,40.0,0.0127,1.0,13908.0,50.0
2021-01-05 09:32:21.680,0.0131,0.0132,20.0,0.0127,1.0,13908.0,50.0
2021-01-05 09:32:22.181,0.0131,0.0132,20.0,0.0127,21.0,13908.0,50.0
2021-01-05 09:32:24.160,0.0131,0.0132,40.0,0.0127,21.0,13908.0,50.0
2021-01-05 09:32:24.640,0.0131,0.0132,40.0,0.0127,33.0,13908.0,50.0
2021-01-05 09:32:26.171,0.0131,0.0133,20.0,0.0127,1.0,13908.0,50.0
2021-01-05 09:32:26.650,0.0131,0.0133,20.0,0.0127,21.0,13908.0,50.0
2021-01-05 09:32:27.151,0.0131,0.0132,20.0,0.0127,21.0,13908.0,50.0
2021-01-05 09:32:27.641,0.0131,0.0132,40.0,0.0127,1.0,13908.0,50.0
2021-01-05 09:32:28.630,0.0131,0.0132,40.0,0.0127,1.0,13908.0,50.0
2021-01-05 09:32:29.180,0.0131,0.0132,40.0,0.0126,20.0,13908.0,50.0
2021-01-05 09:32:29.650,0.0131,0.0132,40.0,0.0126,34.0,13908.0,50.0
2021-01-05 09:32:30.671,0.0131,0.0132,40.0,0.0126,34.0,13908.0,50.0
2021-01-05 09:32:31.631,0.0131,0.0132,40.0,0.0126,34.0,13908.0,50.0
2021-01-05 09:32:32.690,0.0131,0.0132,40.0,0.0126,46.0,13908.0,50.0
2021-01-05 09:32:33.671,0.0131,0.0132,40.0,0.0126,46.0,13908.0,50.0
2021-01-05 09:32:34.691,0.0131,0.0132,40.0,0.0126,46.0,13908.0,50.0
2021-01-05 09:32:36.190,0.0131,0.0132,60.0,0.0126,66.0,13908.0,50.0
2021-01-05 09:32:41.690,0.0131,0.0132,60.0,0.0126,34.0,13908.0,50.0
2021-01-05 09:32:42.201,0.0131,0.0132,60.0,0.0126,40.0,13908.0,50.0
2021-01-05 09:32:42.700,0.0131,0.0132,60.0,0.0126,20.0,13908.0,50.0
2021-01-05 09:32:44.151,0.0131,0.0132,60.0,0.0126,40.0,13908.0,50.0
2021-01-05 09:32:45.580,0.0131,0.0132,60.0,0.0126,40.0,13908.0,50.0
2021-01-05 09:32:47.701,0.0131,0.0132,60.0,0.0126,20.0,13908.0,50.0
2021-01-05 09:32:49.670,0.0131,0.0132,52.0,0.0126,20.0,13908.0,50.0
2021-01-05 09:32:50.171,0.0131,0.0132,60.0,0.0125,30.0,13908.0,50.0
2021-01-05 09:32:50.650,0.0131,0.0131,12.0,0.0125,30.0,13908.0,50.0
2021-01-05 09:32:51.170,0.0131,0.0131,32.0,0.0125,30.0,13908.0,50.0
2021-01-05 09:32:51.701,0.0131,0.0131,32.0,0.0125,30.0,13908.0,50.0
2021-01-05 09:32:52.191,0.0131,0.0131,20.0,0.0125,30.0,13908.0,50.0
2021-01-05 09:32:52.671,0.0131,0.0131,20.0,0.0125,30.0,13908.0,50.0
2021-01-05 09:32:53.161,0.0131,0.0131,20.0,0.0125,30.0,13908.0,50.0
2021-01-05 09:32:53.601,0.0131,0.0131,20.0,0.0125,42.0,13908.0,50.0
2021-01-05 09:32:54.181,0.0131,0.0131,20.0,0.0125,44.0,13908.0,50.0
2021-01-05 09:32:55.161,0.0131,0.0131,20.0,0.0126,32.0,13908.0,50.0
2021-01-05 09:32:56.150,0.0131,0.0131,20.0,0.0126,32.0,13908.0,50.0
2021-01-05 09:32:57.600,0.0131,0.0131,20.0,0.0126,32.0,13908.0,50.0
2021-01-05 09:32:58.171,0.0131,0.0131,20.0,0.0126,32.0,13908.0,50.0
2021-01-05 09:32:59.621,0.0131,0.0131,20.0,0.0126,20.0,13908.0,50.0
2021-01-05 09:33:00.180,0.0131,0.0131,20.0,0.0126,32.0,13908.0,50.0
2021-01-05 09:33:01.141,0.0131,0.0131,40.0,0.0126,32.0,13908.0,50.0
2021-01-05 09:33:01.661,0.0131,0.0131,20.0,0.0126,32.0,13908.0,50.0
2021-01-05 09:33:02.130,0.0131,0.0132,40.0,0.0126,46.0,13908.0,50.0
2021-01-05 09:33:02.620,0.0131,0.0132,40.0,0.0127,12.0,13908.0,50.0
2021-01-05 09:33:03.171,0.0131,0.0132,20.0,0.0127,32.0,13908.0,50.0
2021-01-05 09:33:03.681,0.0131,0.0132,20.0,0.0127,32.0,13908.0,50.0
2021-01-05 09:33:04.651,0.0131,0.0132,20.0,0.0127,52.0,13908.0,50.0
2021-01-05 09:33:05.181,0.0131,0.0132,20.0,0.0127,52.0,13908.0,50.0
2021-01-05 09:33:06.170,0.0131,0.0132,20.0,0.0127,52.0,13908.0,50.0
2021-01-05 09:33:06.681,0.0131,0.0132,20.0,0.0127,66.0,13908.0,50.0
2021-01-05 09:33:07.171,0.0131,0.0132,20.0,0.0128,12.0,13908.0,50.0
2021-01-05 09:33:07.601,0.0131,0.0132,20.0,0.0129,12.0,13908.0,50.0
2021-01-05 09:33:08.191,0.0131,0.0133,40.0,0.0127,54.0,13908.0,50.0
2021-01-05 09:33:08.681,0.0131,0.0133,40.0,0.0128,12.0,13908.0,50.0
2021-01-05 09:33:09.181,0.0131,0.0133,40.0,0.0128,32.0,13908.0,50.0
2021-01-05 09:33:09.651,0.0131,0.0133,40.0,0.0128,32.0,13908.0,50.0
2021-01-05 09:33:10.131,0.0131,0.0133,40.0,0.0128,12.0,13908.0,50.0
2021-01-05 09:33:11.180,0.0131,0.0133,40.0,0.0128,32.0,13908.0,50.0
2021-01-05 09:33:11.670,0.0131,0.0133,20.0,0.0128,32.0,13908.0,50.0
2021-01-05 09:33:12.181,0.0131,0.0133,40.0,0.0128,32.0,13908.0,50.0
2021-01-05 09:33:12.650,0.0131,0.0133,20.0,0.0128,32.0,13908.0,50.0
2021-01-05 09:33:13.100,0.0131,0.0133,40.0,0.0128,32.0,13908.0,50.0
2021-01-05 09:33:13.691,0.0131,0.0133,20.0,0.0128,32.0,13908.0,50.0
2021-01-05 09:33:14.160,0.0131,0.0133,40.0,0.0128,32.0,13908.0,50.0
2021-01-05 09:33:14.650,0.0131,0.0133,30.0,0.0128,32.0,13908.0,50.0
2021-01-05 09:33:15.140,0.0131,0.0133,70.0,0.0128,32.0,13908.0,50.0
2021-01-05 09:33:15.651,0.0131,0.0133,50.0,0.0129,12.0,13908.0,50.0
2021-01-05 09:33:16.671,0.0131,0.0133,50.0,0.0129,32.0,13908.0,50.0
2021-01-05 09:33:17.190,0.0131,0.0133,50.0,0.0129,12.0,13908.0,50.0
2021-01-05 09:33:17.691,0.0131,0.0133,50.0,0.0129,32.0,13908.0,50.0
2021-01-05 09:33:18.160,0.0131,0.0133,50.0,0.0129,12.0,13908.0,50.0
2021-01-05 09:33:18.680,0.0131,0.0133,50.0,0.0129,12.0,13908.0,50.0
2021-01-05 09:33:19.191,0.0131,0.0133,50.0,0.0129,12.0,13908.0,50.0
2021-01-05 09:33:19.660,0.0131,0.0133,50.0,0.013,12.0,13908.0,50.0
2021-01-05 09:33:20.171,0.0131,0.0133,50.0,0.013,12.0,13908.0,50.0
2021-01-05 09:33:21.681,0.0131,0.0133,50.0,0.013,12.0,13908.0,50.0
2021-01-05 09:33:22.670,0.0131,0.0133,50.0,0.013,12.0,13908.0,50.0
2021-01-05 09:33:23.660,0.0131,0.0133,50.0,0.0129,32.0,13908.0,50.0
2021-01-05 09:33:24.171,0.0131,0.0133,50.0,0.0129,26.0,13908.0,50.0
2021-01-05 09:33:24.661,0.0131,0.0133,50.0,0.0129,26.0,13908.0,50.0
2021-01-05 09:33:25.671,0.0131,0.0133,50.0,0.0129,26.0,13908.0,50.0
2021-01-05 09:33:26.161,0.0131,0.0133,50.0,0.0129,12.0,13908.0,50.0
2021-01-05 09:33:27.171,0.0131,0.0133,50.0,0.0129,12.0,13908.0,50.0
2021-01-05 09:33:27.681,0.0131,0.0133,50.0,0.0128,32.0,13908.0,50.0
2021-01-05 09:33:28.180,0.0131,0.0133,50.0,0.0129,12.0,13908.0,50.0
2021-01-05 09:33:28.630,0.0131,0.0133,50.0,0.0129,12.0,13908.0,50.0
2021-01-05 09:33:29.171,0.0131,0.0133,50.0,0.0128,32.0,13908.0,50.0
2021-01-05 09:33:30.180,0.0131,0.0133,50.0,0.0129,12.0,13908.0,50.0
2021-01-05 09:33:35.690,0.0131,0.0133,50.0,0.0128,32.0,13908.0,50.0
2021-01-05 09:33:36.681,0.0131,0.0133,50.0,0.0129,12.0,13908.0,50.0
2021-01-05 09:33:37.190,0.0131,0.0133,50.0,0.0129,12.0,13908.0,50.0
2021-01-05 09:33:37.640,0.0131,0.0133,50.0,0.0129,12.0,13908.0,50.0
2021-01-05 09:33:38.120,0.0131,0.0133,50.0,0.0129,32.0,13908.0,50.0
2021-01-05 09:33:39.201,0.0131,0.0133,50.0,0.0129,12.0,13908.0,50.0
2021-01-05 09:33:39.641,0.0131,0.0133,50.0,0.0129,12.0,13908.0,50.0
2021-01-05 09:33:40.690,0.0131,0.0133,30.0,0.0129,12.0,13908.0,50.0
2021-01-05 09:33:41.171,0.0131,0.0133,30.0,0.0128,32.0,13908.0,50.0
2021-01-05 09:33:41.691,0.0131,0.0133,30.0,0.0129,12.0,13908.0,50.0
2021-01-05 09:33:42.160,0.0131,0.0133,50.0,0.0128,32.0,13908.0,50.0
2021-01-05 09:33:42.640,0.0131,0.0133,50.0,0.0128,12.0,13908.0,50.0
2021-01-05 09:33:43.681,0.0131,0.0133,50.0,0.0128,12.0,13908.0,50.0
2021-01-05 09:33:44.110,0.0131,0.0133,50.0,0.0128,12.0,13908.0,50.0
2021-01-05 09:33:44.671,0.0131,0.0133,50.0,0.0128,32.0,13908.0,50.0
2021-01-05 09:33:45.180,0.0131,0.0133,50.0,0.0128,12.0,13908.0,50.0
2021-01-05 09:33:45.660,0.0131,0.0133,50.0,0.0127,32.0,13908.0,50.0
2021-01-05 09:33:46.161,0.0131,0.0133,50.0,0.0127,32.0,13908.0,50.0
2021-01-05 09:33:46.680,0.0131,0.0133,50.0,0.0127,32.0,13908.0,50.0
2021-01-05 09:33:47.191,0.0131,0.0133,50.0,0.0127,26.0,13908.0,50.0
2021-01-05 09:33:47.681,0.0131,0.0133,50.0,0.0127,26.0,13908.0,50.0
2021-01-05 09:33:48.680,0.0131,0.0133,50.0,0.0127,14.0,13908.0,50.0
2021-01-05 09:33:49.120,0.0131,0.0133,50.0,0.0127,34.0,13908.0,50.0
2021-01-05 09:33:49.681,0.0131,0.0133,62.0,0.0127,20.0,13908.0,50.0
2021-01-05 09:33:50.670,0.0131,0.0133,62.0,0.0126,20.0,13908.0,50.0
2021-01-05 09:33:51.141,0.0131,0.0133,62.0,0.0126,34.0,13908.0,50.0
2021-01-05 09:33:51.581,0.0131,0.0133,65.0,0.0126,34.0,13908.0,50.0
2021-01-05 09:33:52.661,0.0131,0.0132,12.0,0.0126,34.0,13908.0,50.0
2021-01-05 09:33:53.171,0.0131,0.0132,52.0,0.0126,34.0,13908.0,50.0
2021-01-05 09:33:53.650,0.0131,0.0132,50.0,0.0126,34.0,13908.0,50.0
2021-01-05 09:33:54.180,0.0131,0.0132,62.0,0.0126,34.0,13908.0,50.0
2021-01-05 09:33:54.610,0.0131,0.0132,62.0,0.0126,14.0,13908.0,50.0
2021-01-05 09:33:55.181,0.0131,0.0132,62.0,0.0126,34.0,13908.0,50.0
2021-01-05 09:33:57.171,0.0131,0.0131,12.0,0.0126,34.0,13908.0,50.0
2021-01-05 09:33:57.671,0.0131,0.0131,32.0,0.0126,14.0,13908.0,50.0
2021-01-05 09:33:58.170,0.0131,0.0131,62.0,0.0125,30.0,13908.0,50.0
2021-01-05 09:33:58.670,0.0131,0.0131,62.0,0.0125,44.0,13908.0,50.0
2021-01-05 09:33:59.140,0.0131,0.013,12.0,0.0125,44.0,13908.0,50.0
2021-01-05 09:33:59.690,0.0131,0.013,52.0,0.0125,14.0,13908.0,50.0
2021-01-05 09:34:00.191,0.0131,0.013,62.0,0.0125,14.0,13908.0,50.0
2021-01-05 09:34:00.671,0.0131,0.013,62.0,0.0124,20.0,13908.0,50.0
2021-01-05 09:34:01.081,0.0131,0.013,50.0,0.0124,34.0,13908.0,50.0
2021-01-05 09:34:01.661,0.0131,0.013,50.0,0.0124,46.0,13908.0,50.0
2021-01-05 09:34:02.170,0.0131,0.013,50.0,0.0124,32.0,13908.0,50.0
2021-01-05 09:34:02.671,0.0131,0.013,50.0,0.0124,20.0,13908.0,50.0
2021-01-05 09:34:03.121,0.0131,0.013,50.0,0.0124,34.0,13908.0,50.0
2021-01-05 09:34:03.670,0.0131,0.013,50.0,0.0124,46.0,13908.0,50.0
2021-01-05 09:34:04.120,0.0131,0.013,50.0,0.0124,20.0,13908.0,50.0
2021-01-05 09:34:04.671,0.0131,0.013,50.0,0.0125,14.0,13908.0,50.0
2021-01-05 09:34:05.121,0.0131,0.013,50.0,0.0124,20.0,13908.0,50.0
2021-01-05 09:34:05.630,0.0131,0.013,50.0,0.0124,46.0,13908.0,50.0
2021-01-05 09:34:06.191,0.0131,0.013,50.0,0.0124,32.0,13908.0,50.0
2021-01-05 09:34:06.671,0.0131,0.013,70.0,0.0124,52.0,13908.0,50.0
2021-01-05 09:34:08.171,0.0131,0.013,70.0,0.0124,40.0,13908.0,50.0
2021-01-05 09:34:08.690,0.0131,0.013,70.0,0.0124,54.0,13908.0,50.0
2021-01-05 09:34:09.170,0.0131,0.013,70.0,0.0124,20.0,13908.0,50.0
2021-01-05 09:34:09.670,0.0131,0.013,82.0,0.0125,14.0,13908.0,50.0
2021-01-05 09:34:11.151,0.0131,0.013,85.0,0.0125,14.0,13908.0,50.0
2021-01-05 09:34:12.640,0.0131,0.013,85.0,0.0124,20.0,13908.0,50.0
2021-01-05 09:34:13.191,0.0131,0.013,85.0,0.0124,34.0,13908.0,50.0
2021-01-05 09:34:13.681,0.0131,0.013,73.0,0.0124,34.0,13908.0,50.0
2021-01-05 09:34:14.181,0.0131,0.013,73.0,0.0124,40.0,13908.0,50.0
2021-01-05 09:34:14.691,0.0131,0.013,73.0,0.0125,14.0,13908.0,50.0
2021-01-05 09:34:15.181,0.0131,0.013,53.0,0.0125,34.0,13908.0,50.0
2021-01-05 09:34:15.681,0.0131,0.013,73.0,0.0125,34.0,13908.0,50.0
2021-01-05 09:34:16.190,0.0131,0.013,73.0,0.0125,34.0,13908.0,50.0
2021-01-05 09:34:16.630,0.0131,0.013,73.0,0.0125,20.0,13908.0,50.0
2021-01-05 09:34:17.181,0.0131,0.013,73.0,0.0125,20.0,13908.0,50.0
2021-01-05 09:34:17.690,0.0131,0.013,73.0,0.0125,20.0,13908.0,50.0
2021-01-05 09:34:18.201,0.0131,0.013,73.0,0.0125,20.0,13908.0,50.0
2021-01-05 09:34:18.620,0.0131,0.013,70.0,0.0125,20.0,13908.0,50.0
2021-01-05 09:34:19.041,0.0131,0.013,70.0,0.0125,20.0,13908.0,50.0
2021-01-05 09:34:19.700,0.0131,0.013,70.0,0.0125,20.0,13908.0,50.0
2021-01-05 09:34:20.180,0.0131,0.013,70.0,0.0125,20.0,13908.0,50.0
2021-01-05 09:34:20.651,0.0131,0.013,70.0,0.0125,20.0,13908.0,50.0
2021-01-05 09:34:22.151,0.0131,0.013,70.0,0.0125,20.0,13908.0,50.0
2021-01-05 09:34:22.651,0.0131,0.013,70.0,0.0125,20.0,13908.0,50.0
2021-01-05 09:34:23.661,0.0131,0.013,70.0,0.0124,20.0,13908.0,50.0
2021-01-05 09:34:24.170,0.0131,0.013,70.0,0.0124,20.0,13908.0,50.0
2021-01-05 09:34:24.600,0.0131,0.013,82.0,0.0124,20.0,13908.0,50.0
2021-01-05 09:34:25.150,0.0131,0.013,96.0,0.0124,20.0,13908.0,50.0
2021-01-05 09:34:25.671,0.0131,0.013,96.0,0.0124,20.0,13908.0,50.0
2021-01-05 09:34:26.641,0.0131,0.0128,12.0,0.0124,32.0,13908.0,50.0
2021-01-05 09:34:27.150,0.0131,0.0128,32.0,0.0124,32.0,13908.0,50.0
2021-01-05 09:34:27.580,0.0131,0.0128,62.0,0.0124,20.0,13908.0,50.0
2021-01-05 09:34:28.120,0.0131,0.0127,12.0,0.0123,32.0,13908.0,50.0
2021-01-05 09:34:28.621,0.0131,0.0126,12.0,0.0123,20.0,13908.0,50.0
2021-01-05 09:34:28.971,0.0131,0.0126,32.0,0.0123,20.0,13908.0,50.0
2021-01-05 09:34:29.601,0.0131,0.0126,32.0,0.0123,20.0,13908.0,50.0
2021-01-05 09:34:30.141,0.0131,0.0126,42.0,0.0123,20.0,13908.0,50.0
2021-01-05 09:34:30.681,0.0131,0.0126,22.0,0.0123,20.0,13908.0,50.0
2021-01-05 09:34:31.190,0.0131,0.0126,22.0,0.0123,20.0,13908.0,50.0
2021-01-05 09:34:31.280,0.0131,0.0126,42.0,0.0123,20.0,13908.0,50.0
2021-01-05 09:34:32.150,0.0131,0.0126,22.0,0.0123,20.0,13908.0,50.0
2021-01-05 09:34:32.690,0.0131,0.0126,22.0,0.0123,20.0,13908.0,50.0
2021-01-05 09:34:33.090,0.0131,0.0126,22.0,0.0123,20.0,13908.0,50.0
2021-01-05 09:34:33.691,0.0131,0.0126,22.0,0.0123,20.0,13908.0,50.0
2021-01-05 09:34:34.171,0.0131,0.0126,42.0,0.0123,20.0,13908.0,50.0
2021-01-05 09:34:34.640,0.0131,0.0126,42.0,0.0122,32.0,13908.0,50.0
2021-01-05 09:34:35.130,0.0131,0.0126,42.0,0.0122,46.0,13908.0,50.0
2021-01-05 09:34:35.670,0.0131,0.0126,42.0,0.0122,46.0,13908.0,50.0
2021-01-05 09:34:36.171,0.0131,0.0126,62.0,0.0122,46.0,13908.0,50.0
2021-01-05 09:34:36.680,0.0131,0.0126,62.0,0.0122,46.0,13908.0,50.0
2021-01-05 09:34:38.690,0.0131,0.0126,62.0,0.0122,46.0,13908.0,50.0
2021-01-05 09:34:40.171,0.0131,0.0125,12.0,0.0122,34.0,13908.0,50.0
2021-01-05 09:34:40.601,0.0131,0.0126,52.0,0.0122,46.0,13908.0,50.0
2021-01-05 09:34:41.201,0.0131,0.0125,10.0,0.0122,46.0,13908.0,50.0
2021-01-05 09:34:41.700,0.0131,0.0125,40.0,0.0122,26.0,13908.0,50.0
2021-01-05 09:34:42.171,0.0131,0.0125,30.0,0.0122,46.0,13908.0,50.0
2021-01-05 09:34:42.680,0.0131,0.0125,30.0,0.0123,12.0,13908.0,50.0
2021-01-05 09:34:43.191,0.0131,0.0125,20.0,0.0123,12.0,13908.0,50.0
2021-01-05 09:34:43.660,0.0131,0.0126,50.0,0.0123,12.0,13908.0,50.0
2021-01-05 09:34:44.701,0.0131,0.0126,50.0,0.0123,12.0,13908.0,50.0
2021-01-05 09:34:45.200,0.0131,0.0126,50.0,0.0123,26.0,13908.0,50.0
2021-01-05 09:34:46.660,0.0131,0.0126,50.0,0.0123,26.0,13908.0,50.0
2021-01-05 09:34:47.701,0.0131,0.0126,62.0,0.0123,14.0,13908.0,50.0
2021-01-05 09:34:48.700,0.0131,0.0126,62.0,0.0123,14.0,13908.0,50.0
2021-01-05 09:34:49.210,0.0131,0.0126,62.0,0.0123,14.0,13908.0,50.0
2021-01-05 09:34:49.701,0.0131,0.0126,50.0,0.0123,26.0,13908.0,50.0
2021-01-05 09:34:52.220,0.0131,0.0126,50.0,0.0123,12.0,13908.0,50.0
2021-01-05 09:34:52.650,0.0131,0.0126,62.0,0.0122,32.0,13908.0,50.0
2021-01-05 09:34:53.180,0.0131,0.0125,12.0,0.0122,34.0,13908.0,50.0
2021-01-05 09:34:53.651,0.0131,0.0124,12.0,0.0121,20.0,13908.0,50.0
2021-01-05 09:34:54.170,0.0131,0.0124,22.0,0.0121,34.0,13908.0,50.0
2021-01-05 09:34:54.631,0.0131,0.0124,22.0,0.0121,34.0,13908.0,50.0
2021-01-05 09:34:55.161,0.0131,0.0124,10.0,0.0121,12.0,13908.0,50.0
2021-01-05 09:34:55.680,0.0131,0.0124,30.0,0.0121,32.0,13908.0,50.0
2021-01-05 09:34:56.141,0.0131,0.0124,42.0,0.012,32.0,13908.0,50.0
2021-01-05 09:34:56.681,0.0131,0.0124,20.0,0.0121,12.0,13908.0,50.0
2021-01-05 09:34:57.130,0.0131,0.0124,32.0,0.012,46.0,13908.0,50.0
2021-01-05 09:34:57.670,0.0131,0.0124,20.0,0.0121,12.0,13908.0,50.0
2021-01-05 09:34:58.160,0.0131,0.0124,20.0,0.0121,12.0,13908.0,50.0
2021-01-05 09:34:58.640,0.0131,0.0124,42.0,0.012,32.0,13908.0,50.0
2021-01-05 09:34:59.660,0.0131,0.0124,42.0,0.012,32.0,13908.0,50.0
2021-01-05 09:34:59.991,0.0131,0.0124,30.0,0.0121,12.0,13908.0,50.0
2021-01-05 09:35:00.630,0.0131,0.0124,30.0,0.0121,12.0,13908.0,50.0
2021-01-05 09:35:01.070,0.0131,0.0124,30.0,0.0121,12.0,13908.0,50.0
2021-01-05 09:35:01.620,0.0131,0.0124,30.0,0.0122,12.0,13908.0,50.0
2021-01-05 09:35:02.181,0.0131,0.0124,20.0,0.0121,32.0,13908.0,50.0
2021-01-05 09:35:02.680,0.0131,0.0124,30.0,0.0121,12.0,13908.0,50.0
2021-01-05 09:35:03.660,0.0131,0.0124,10.0,0.0122,12.0,13908.0,50.0
2021-01-05 09:35:04.181,0.0131,0.0125,20.0,0.0122,12.0,13908.0,50.0
2021-01-05 09:35:05.180,0.0131,0.0125,30.0,0.0122,12.0,13908.0,50.0
2021-01-05 09:35:05.671,0.0131,0.0125,50.0,0.0121,20.0,13908.0,50.0
2021-01-05 09:35:06.180,0.0131,0.0125,50.0,0.0122,12.0,13908.0,50.0
2021-01-05 09:35:07.650,0.0131,0.0124,12.0,0.0121,20.0,13908.0,50.0
2021-01-05 09:35:08.171,0.0131,0.0124,32.0,0.0122,14.0,13908.0,50.0
2021-01-05 09:35:09.191,0.0122,0.0123,12.0,0.012,20.0,13922.0,64.0
2021-01-05 09:35:09.700,0.0122,0.0122,12.0,0.0121,14.0,13922.0,64.0
2021-01-05 09:35:10.180,0.0122,0.0123,42.0,0.0121,14.0,13922.0,64.0
2021-01-05 09:35:10.691,0.0122,0.0123,12.0,0.0121,14.0,13922.0,64.0
2021-01-05 09:35:11.120,0.0122,0.0123,12.0,0.0121,14.0,13922.0,64.0
2021-01-05 09:35:11.680,0.0122,0.0123,12.0,0.0121,14.0,13922.0,64.0
2021-01-05 09:35:12.101,0.0122,0.0123,12.0,0.0121,14.0,13922.0,64.0
2021-01-05 09:35:12.691,0.0122,0.0124,62.0,0.0121,14.0,13922.0,64.0
2021-01-05 09:35:13.640,0.0122,0.0124,10.0,0.0121,14.0,13922.0,64.0
2021-01-05 09:35:14.191,0.0122,0.0124,10.0,0.0121,46.0,13922.0,64.0
2021-01-05 09:35:14.691,0.0122,0.0125,20.0,0.0121,14.0,13922.0,64.0
2021-01-05 09:35:15.200,0.0122,0.0125,42.0,0.0121,46.0,13922.0,64.0
2021-01-05 09:35:15.701,0.0122,0.0125,42.0,0.0121,46.0,13922.0,64.0
2021-01-05 09:35:16.201,0.0122,0.0123,12.0,0.0121,34.0,13922.0,64.0
2021-01-05 09:35:16.681,0.0122,0.0123,12.0,0.0121,14.0,13922.0,64.0
2021-01-05 09:35:17.190,0.0122,0.0123,12.0,0.012,20.0,13922.0,64.0
2021-01-05 09:35:17.680,0.0122,0.0123,12.0,0.012,20.0,13922.0,64.0
2021-01-05 09:35:18.170,0.0122,0.0123,22.0,0.0121,14.0,13922.0,64.0
2021-01-05 09:35:18.641,0.0122,0.0124,32.0,0.0121,14.0,13922.0,64.0
2021-01-05 09:35:19.180,0.0122,0.0124,22.0,0.0121,34.0,13922.0,64.0
2021-01-05 09:35:19.670,0.0122,0.0124,22.0,0.0121,14.0,13922.0,64.0
2021-01-05 09:35:20.170,0.0122,0.0123,12.0,0.0121,14.0,13922.0,64.0
2021-01-05 09:35:20.681,0.0122,0.0122,12.0,0.0121,14.0,13922.0,64.0
2021-01-05 09:35:21.180,0.0122,0.0123,12.0,0.0121,14.0,13922.0,64.0
2021-01-05 09:35:21.601,0.0122,0.0123,12.0,0.012,20.0,13922.0,64.0
2021-01-05 09:35:22.171,0.0122,0.0124,32.0,0.012,46.0,13922.0,64.0
2021-01-05 09:35:22.650,0.0122,0.0124,42.0,0.012,46.0,13922.0,64.0
2021-01-05 09:35:23.151,0.0122,0.0124,42.0,0.012,46.0,13922.0,64.0
2021-01-05 09:35:24.171,0.0122,0.0123,20.0,0.012,26.0,13922.0,64.0
2021-01-05 09:35:24.671,0.0122,0.0123,42.0,0.012,14.0,13922.0,64.0
2021-01-05 09:35:25.170,0.0122,0.0123,42.0,0.012,14.0,13922.0,64.0
2021-01-05 09:35:26.171,0.0122,0.0123,30.0,0.012,26.0,13922.0,64.0
2021-01-05 09:35:26.651,0.0122,0.0123,42.0,0.012,14.0,13922.0,64.0
2021-01-05 09:35:27.641,0.0122,0.0123,30.0,0.012,26.0,13922.0,64.0
2021-01-05 09:35:31.700,0.0122,0.0123,10.0,0.012,46.0,13922.0,64.0
2021-01-05 09:35:32.150,0.0122,0.0123,32.0,0.012,34.0,13922.0,64.0
2021-01-05 09:35:32.630,0.0122,0.0123,42.0,0.012,34.0,13922.0,64.0
2021-01-05 09:35:34.190,0.0122,0.0122,12.0,0.0119,40.0,13922.0,64.0
2021-01-05 09:35:34.691,0.0122,0.0122,10.0,0.0119,66.0,13922.0,64.0
2021-01-05 09:35:35.200,0.0122,0.0123,20.0,0.012,12.0,13922.0,64.0
2021-01-05 09:35:35.600,0.0122,0.0123,30.0,0.0121,12.0,13922.0,64.0
2021-01-05 09:35:36.161,0.0122,0.0123,20.0,0.0121,12.0,13922.0,64.0
2021-01-05 09:35:36.601,0.0122,0.0124,50.0,0.0121,12.0,13922.0,64.0
2021-01-05 09:35:40.191,0.0122,0.0124,62.0,0.012,32.0,13922.0,64.0
2021-01-05 09:35:40.691,0.0122,0.0124,62.0,0.012,26.0,13922.0,64.0
2021-01-05 09:35:41.190,0.0122,0.0124,62.0,0.012,46.0,13922.0,64.0
2021-01-05 09:35:42.670,0.0122,0.0123,12.0,0.012,34.0,13922.0,64.0
2021-01-05 09:35:43.190,0.0122,0.0123,12.0,0.012,14.0,13922.0,64.0
2021-01-05 09:35:43.661,0.0122,0.0123,10.0,0.012,14.0,13922.0,64.0
2021-01-05 09:35:44.041,0.0122,0.0124,40.0,0.012,14.0,13922.0,64.0
2021-01-05 09:35:44.681,0.0122,0.0123,12.0,0.012,34.0,13922.0,64.0
2021-01-05 09:35:45.071,0.0122,0.0124,52.0,0.012,46.0,13922.0,64.0
2021-01-05 09:35:45.670,0.0122,0.0124,62.0,0.012,46.0,13922.0,64.0
2021-01-05 09:35:46.170,0.0122,0.0123,12.0,0.012,34.0,13922.0,64.0
2021-01-05 09:35:46.700,0.0122,0.0123,62.0,0.012,14.0,13922.0,64.0
2021-01-05 09:35:47.691,0.0122,0.0123,62.0,0.0119,52.0,13922.0,64.0
2021-01-05 09:35:48.181,0.0122,0.0123,62.0,0.0119,66.0,13922.0,64.0
2021-01-05 09:35:48.700,0.0122,0.0123,62.0,0.0119,66.0,13922.0,64.0
2021-01-05 09:35:49.180,0.0122,0.0123,62.0,0.0119,66.0,13922.0,64.0
2021-01-05 09:35:49.701,0.0122,0.0123,62.0,0.0119,66.0,13922.0,64.0
2021-01-05 09:35:51.180,0.0122,0.0123,62.0,0.0119,52.0,13922.0,64.0
2021-01-05 09:35:51.710,0.0122,0.0123,50.0,0.012,26.0,13922.0,64.0
2021-01-05 09:35:52.671,0.0122,0.0123,42.0,0.012,14.0,13922.0,64.0
2021-01-05 09:35:53.111,0.0122,0.0123,42.0,0.012,14.0,13922.0,64.0
2021-01-05 09:35:54.161,0.0122,0.0123,30.0,0.012,26.0,13922.0,64.0
2021-01-05 09:35:54.640,0.0122,0.0123,30.0,0.012,26.0,13922.0,64.0
2021-01-05 09:35:56.140,0.0122,0.0123,30.0,0.012,26.0,13922.0,64.0
2021-01-05 09:35:56.690,0.0122,0.0123,30.0,0.0121,12.0,13922.0,64.0
2021-01-05 09:35:57.101,0.0122,0.0124,20.0,0.0121,12.0,13922.0,64.0
2021-01-05 09:35:57.681,0.0122,0.0124,30.0,0.0121,12.0,13922.0,64.0
2021-01-05 09:35:58.150,0.0122,0.0124,30.0,0.0121,12.0,13922.0,64.0
2021-01-05 09:35:59.160,0.0122,0.0124,50.0,0.0121,12.0,13922.0,64.0
2021-01-05 09:36:02.701,0.0122,0.0124,62.0,0.012,32.0,13922.0,64.0
2021-01-05 09:36:03.150,0.0122,0.0124,30.0,0.0121,12.0,13922.0,64.0
2021-01-05 09:36:03.700,0.0122,0.0124,30.0,0.0121,32.0,13922.0,64.0
2021-01-05 09:36:04.201,0.0122,0.0124,30.0,0.0121,46.0,13922.0,64.0
2021-01-05 09:36:04.670,0.0122,0.0124,30.0,0.0121,12.0,13922.0,64.0
2021-01-05 09:36:05.690,0.0122,0.0124,30.0,0.0121,32.0,13922.0,64.0
2021-01-05 09:36:06.700,0.0122,0.0124,30.0,0.0122,12.0,13922.0,64.0
2021-01-05 09:36:07.181,0.0122,0.0124,20.0,0.0122,12.0,13922.0,64.0
2021-01-05 09:36:07.640,0.0122,0.0124,20.0,0.0122,12.0,13922.0,64.0
2021-01-05 09:36:09.691,0.0122,0.0124,20.0,0.0122,12.0,13922.0,64.0
2021-01-05 09:36:10.160,0.0122,0.0125,50.0,0.0122,12.0,13922.0,64.0
2021-01-05 09:36:10.671,0.0122,0.0125,44.0,0.0122,12.0,13922.0,64.0
2021-01-05 09:36:11.111,0.0122,0.0124,12.0,0.0121,20.0,13922.0,64.0
2021-01-05 09:36:11.651,0.0122,0.0123,12.0,0.012,20.0,13922.0,64.0
2021-01-05 09:36:12.170,0.0122,0.0123,10.0,0.012,46.0,13922.0,64.0
2021-01-05 09:36:12.690,0.0122,0.0124,20.0,0.012,34.0,13922.0,64.0
2021-01-05 09:36:13.190,0.0122,0.0124,42.0,0.012,46.0,13922.0,64.0
2021-01-05 09:36:14.150,0.0122,0.0124,42.0,0.012,46.0,13922.0,64.0
2021-01-05 09:36:14.690,0.0122,0.0124,42.0,0.012,46.0,13922.0,64.0
2021-01-05 09:36:15.660,0.0122,0.0124,42.0,0.012,46.0,13922.0,64.0
2021-01-05 09:36:17.180,0.0122,0.0124,42.0,0.012,46.0,13922.0,64.0
2021-01-05 09:36:18.181,0.0122,0.0124,42.0,0.012,46.0,13922.0,64.0
2021-01-05 09:36:18.680,0.0122,0.0124,30.0,0.012,34.0,13922.0,64.0
2021-01-05 09:36:19.151,0.0122,0.0124,42.0,0.012,46.0,13922.0,64.0
2021-01-05 09:36:19.691,0.0122,0.0124,42.0,0.012,66.0,13922.0,64.0
2021-01-05 09:36:20.690,0.0122,0.0124,42.0,0.012,66.0,13922.0,64.0
2021-01-05 09:36:21.120,0.0122,0.0124,42.0,0.012,66.0,13922.0,64.0
2021-01-05 09:36:24.171,0.0122,0.0124,42.0,0.012,46.0,13922.0,64.0
2021-01-05 09:36:25.690,0.0122,0.0124,42.0,0.012,66.0,13922.0,64.0
2021-01-05 09:36:26.171,0.0122,0.0124,42.0,0.012,46.0,13922.0,64.0
2021-01-05 09:36:27.070,0.0122,0.0124,42.0,0.012,46.0,13922.0,64.0
2021-01-05 09:36:29.171,0.0122,0.0124,42.0,0.012,46.0,13922.0,64.0
2021-01-05 09:36:29.661,0.0122,0.0124,42.0,0.012,46.0,13922.0,64.0
2021-01-05 09:36:30.700,0.0122,0.0124,42.0,0.012,46.0,13922.0,64.0
2021-01-05 09:36:31.181,0.0122,0.0123,12.0,0.012,34.0,13922.0,64.0
2021-01-05 09:36:31.690,0.0122,0.0123,12.0,0.012,34.0,13922.0,64.0
2021-01-05 09:36:32.130,0.0122,0.0123,22.0,0.012,34.0,13922.0,64.0
2021-01-05 09:36:32.660,0.0122,0.0123,22.0,0.012,34.0,13922.0,64.0
2021-01-05 09:36:33.200,0.0122,0.0123,10.0,0.0121,12.0,13922.0,64.0
2021-01-05 09:36:33.670,0.0122,0.0125,20.0,0.0122,12.0,13922.0,64.0
2021-01-05 09:36:34.091,0.0122,0.0124,12.0,0.0122,20.0,13922.0,64.0
2021-01-05 09:36:34.671,0.0122,0.0124,12.0,0.0121,20.0,13922.0,64.0
2021-01-05 09:36:34.971,0.0122,0.0124,10.0,0.0121,32.0,13922.0,64.0
2021-01-05 09:36:35.701,0.0122,0.0124,12.0,0.0121,20.0,13922.0,64.0
2021-01-05 09:36:36.191,0.0122,0.0124,22.0,0.0121,20.0,13922.0,64.0
2021-01-05 09:36:37.190,0.0122,0.0124,22.0,0.0121,20.0,13922.0,64.0
2021-01-05 09:36:40.700,0.0122,0.0122,12.0,0.0121,20.0,13922.0,64.0
2021-01-05 09:36:41.201,0.0122,0.0123,22.0,0.012,20.0,13922.0,64.0
2021-01-05 09:36:41.641,0.0122,0.0123,10.0,0.012,32.0,13922.0,64.0
2021-01-05 09:36:42.200,0.0122,0.0123,12.0,0.012,20.0,13922.0,64.0
2021-01-05 09:36:42.690,0.0122,0.0123,10.0,0.012,20.0,13922.0,64.0
2021-01-05 09:36:43.180,0.0122,0.0123,12.0,0.012,20.0,13922.0,64.0
2021-01-05 09:36:45.191,0.0122,0.0123,12.0,0.012,20.0,13922.0,64.0
2021-01-05 09:36:45.631,0.0122,0.0123,12.0,0.012,20.0,13922.0,64.0
2021-01-05 09:36:46.651,0.0122,0.0122,12.0,0.012,20.0,13922.0,64.0
2021-01-05 09:36:47.130,0.0122,0.0122,12.0,0.012,20.0,13922.0,64.0
2021-01-05 09:36:48.130,0.0122,0.0121,12.0,0.012,20.0,13922.0,64.0
2021-01-05 09:36:48.630,0.0122,0.0123,20.0,0.0119,40.0,13922.0,64.0
2021-01-05 09:36:49.181,0.0122,0.0122,10.0,0.0119,66.0,13922.0,64.0
2021-01-05 09:36:49.700,0.0122,0.0123,32.0,0.0119,66.0,13922.0,64.0
2021-01-05 09:36:50.201,0.0122,0.0123,42.0,0.0119,66.0,13922.0,64.0
2021-01-05 09:36:50.670,0.0122,0.0123,22.0,0.0119,66.0,13922.0,64.0
2021-01-05 09:36:52.180,0.0122,0.0123,42.0,0.0119,66.0,13922.0,64.0
2021-01-05 09:36:52.691,0.0122,0.0123,22.0,0.0119,52.0,13922.0,64.0
2021-01-05 09:36:53.191,0.0122,0.0123,22.0,0.012,14.0,13922.0,64.0
2021-01-05 09:36:53.671,0.0122,0.0123,22.0,0.012,14.0,13922.0,64.0
2021-01-05 09:36:54.180,0.0122,0.0123,22.0,0.012,14.0,13922.0,64.0
2021-01-05 09:36:55.171,0.0122,0.0122,12.0,0.012,34.0,13922.0,64.0
2021-01-05 09:36:55.651,0.0122,0.0122,12.0,0.012,14.0,13922.0,64.0
2021-01-05 09:36:57.630,0.0122,0.0123,22.0,0.012,14.0,13922.0,64.0
2021-01-05 09:36:58.160,0.0122,0.0123,22.0,0.012,34.0,13922.0,64.0
2021-01-05 09:36:58.610,0.0122,0.0123,10.0,0.012,46.0,13922.0,64.0
2021-01-05 09:36:59.181,0.0122,0.0123,12.0,0.012,34.0,13922.0,64.0
2021-01-05 09:36:59.690,0.0122,0.0124,52.0,0.012,46.0,13922.0,64.0
2021-01-05 09:37:00.160,0.0122,0.0124,62.0,0.012,46.0,13922.0,64.0
2021-01-05 09:37:00.700,0.0122,0.0124,76.0,0.012,32.0,13922.0,64.0
2021-01-05 09:37:01.630,0.0122,0.0124,62.0,0.012,32.0,13922.0,64.0
2021-01-05 09:37:02.191,0.0122,0.0124,62.0,0.012,46.0,13922.0,64.0
2021-01-05 09:37:02.640,0.0122,0.0124,42.0,0.012,46.0,13922.0,64.0
2021-01-05 09:37:03.151,0.0122,0.0124,62.0,0.012,46.0,13922.0,64.0
2021-01-05 09:37:03.630,0.0122,0.0124,42.0,0.012,46.0,13922.0,64.0
2021-01-05 09:37:04.200,0.0122,0.0124,30.0,0.0121,12.0,13922.0,64.0
2021-01-05 09:37:04.690,0.0122,0.0124,10.0,0.012,34.0,13922.0,64.0
2021-01-05 09:37:05.140,0.0122,0.0124,42.0,0.012,46.0,13922.0,64.0
2021-01-05 09:37:05.701,0.0122,0.0124,20.0,0.0121,12.0,13922.0,64.0
2021-01-05 09:37:06.171,0.0122,0.0125,20.0,0.012,34.0,13922.0,64.0
2021-01-05 09:37:06.700,0.0122,0.0124,22.0,0.012,46.0,13922.0,64.0
2021-01-05 09:37:07.180,0.0122,0.0124,32.0,0.012,46.0,13922.0,64.0
2021-01-05 09:37:07.681,0.0122,0.0124,42.0,0.012,46.0,13922.0,64.0
2021-01-05 09:37:09.170,0.0122,0.0123,12.0,0.012,20.0,13922.0,64.0
2021-01-05 09:37:09.660,0.0122,0.0123,12.0,0.012,20.0,13922.0,64.0
2021-01-05 09:37:10.140,0.0122,0.0123,10.0,0.012,26.0,13922.0,64.0
2021-01-05 09:37:10.701,0.0122,0.0123,12.0,0.012,14.0,13922.0,64.0
2021-01-05 09:37:11.201,0.0122,0.0123,12.0,0.012,34.0,13922.0,64.0
2021-01-05 09:37:11.641,0.0122,0.0123,12.0,0.012,14.0,13922.0,64.0
2021-01-05 09:37:12.131,0.0122,0.0123,22.0,0.0119,52.0,13922.0,64.0
2021-01-05 09:37:12.620,0.0122,0.0123,42.0,0.012,14.0,13922.0,64.0
2021-01-05 09:37:13.181,0.0122,0.0123,22.0,0.012,14.0,13922.0,64.0
2021-01-05 09:37:13.681,0.0122,0.0123,22.0,0.012,14.0,13922.0,64.0
2021-01-05 09:37:14.171,0.0122,0.0123,22.0,0.012,34.0,13922.0,64.0
2021-01-05 09:37:14.701,0.0122,0.0123,22.0,0.012,14.0,13922.0,64.0
2021-01-05 09:37:15.200,0.0122,0.0123,22.0,0.012,14.0,13922.0,64.0
2021-01-05 09:37:15.671,0.0122,0.0123,10.0,0.012,46.0,13922.0,64.0
2021-01-05 09:37:16.201,0.0122,0.0123,32.0,0.012,14.0,13922.0,64.0
2021-01-05 09:37:16.501,0.0122,0.0123,20.0,0.012,26.0,13922.0,64.0
2021-01-05 09:37:17.200,0.0122,0.0124,20.0,0.012,14.0,13922.0,64.0
2021-01-05 09:37:17.671,0.0122,0.0123,22.0,0.012,34.0,13922.0,64.0
2021-01-05 09:37:18.061,0.0122,0.0123,32.0,0.012,14.0,13922.0,64.0
2021-01-05 09:37:18.710,0.0122,0.0123,42.0,0.012,14.0,13922.0,64.0
2021-01-05 09:37:19.131,0.0122,0.0123,22.0,0.012,34.0,13922.0,64.0
2021-01-05 09:37:19.711,0.0122,0.0123,22.0,0.012,14.0,13922.0,64.0
2021-01-05 09:37:20.211,0.0122,0.0123,22.0,0.012,34.0,13922.0,64.0
2021-01-05 09:37:20.691,0.0122,0.0123,42.0,0.012,14.0,13922.0,64.0
2021-01-05 09:37:21.200,0.0122,0.0123,42.0,0.012,14.0,13922.0,64.0
2021-01-05 09:37:22.030,0.0122,0.0123,22.0,0.012,14.0,13922.0,64.0
2021-01-05 09:37:22.620,0.0122,0.0123,22.0,0.012,14.0,13922.0,64.0
2021-01-05 09:37:25.200,0.0122,0.0123,22.0,0.012,14.0,13922.0,64.0
2021-01-05 09:37:26.650,0.0122,0.0123,22.0,0.012,14.0,13922.0,64.0
2021-01-05 09:37:27.130,0.0122,0.0123,22.0,0.012,14.0,13922.0,64.0
2021-01-05 09:37:28.151,0.0122,0.0123,22.0,0.012,14.0,13922.0,64.0
2021-01-05 09:37:29.130,0.0122,0.0123,22.0,0.012,14.0,13922.0,64.0
2021-01-05 09:37:30.191,0.0122,0.0123,10.0,0.012,26.0,13922.0,64.0
2021-01-05 09:37:30.650,0.0122,0.0123,32.0,0.012,14.0,13922.0,64.0
2021-01-05 09:37:31.190,0.0122,0.0124,62.0,0.012,26.0,13922.0,64.0
2021-01-05 09:37:31.691,0.0122,0.0124,66.0,0.012,46.0,13922.0,64.0
2021-01-05 09:37:32.181,0.0122,0.0124,76.0,0.012,46.0,13922.0,64.0
2021-01-05 09:37:33.180,0.0122,0.0124,76.0,0.012,46.0,13922.0,64.0
2021-01-05 09:37:33.701,0.0122,0.0124,76.0,0.012,46.0,13922.0,64.0
2021-01-05 09:37:35.170,0.0122,0.0124,66.0,0.0121,12.0,13922.0,64.0
2021-01-05 09:37:35.650,0.0122,0.0124,78.0,0.012,32.0,13922.0,64.0
2021-01-05 09:37:36.200,0.0122,0.0124,78.0,0.012,46.0,13922.0,64.0
2021-01-05 09:37:37.691,0.0122,0.0124,58.0,0.012,46.0,13922.0,64.0
2021-01-05 09:37:39.170,0.0122,0.0124,58.0,0.012,46.0,13922.0,64.0
2021-01-05 09:37:39.700,0.0122,0.0124,59.0,0.012,46.0,13922.0,64.0
2021-01-05 09:37:40.161,0.0122,0.0124,59.0,0.012,46.0,13922.0,64.0
2021-01-05 09:37:40.701,0.0122,0.0124,59.0,0.012,46.0,13922.0,64.0
2021-01-05 09:37:41.131,0.0122,0.0124,59.0,0.012,46.0,13922.0,64.0
2021-01-05 09:37:41.671,0.0122,0.0124,47.0,0.0121,12.0,13922.0,64.0
2021-01-05 09:37:42.130,0.0122,0.0124,33.0,0.0121,12.0,13922.0,64.0
2021-01-05 09:37:42.691,0.0122,0.0124,33.0,0.0121,26.0,13922.0,64.0
2021-01-05 09:37:43.671,0.0122,0.0124,33.0,0.0121,26.0,13922.0,64.0
2021-01-05 09:37:44.190,0.0122,0.0124,13.0,0.0121,12.0,13922.0,64.0
2021-01-05 09:37:44.651,0.0122,0.0124,33.0,0.0122,14.0,13922.0,64.0
2021-01-05 09:37:45.191,0.0122,0.0124,3.0,0.0122,14.0,13922.0,64.0
2021-01-05 09:37:45.650,0.0122,0.0124,3.0,0.0122,14.0,13922.0,64.0
2021-01-05 09:37:46.601,0.0122,0.0124,3.0,0.0122,14.0,13922.0,64.0
2021-01-05 09:37:48.700,0.0122,0.0124,3.0,0.0122,26.0,13922.0,64.0
2021-01-05 09:37:49.190,0.0122,0.0124,3.0,0.0122,14.0,13922.0,64.0
2021-01-05 09:37:51.691,0.0122,0.0124,3.0,0.0121,32.0,13922.0,64.0
2021-01-05 09:37:52.191,0.0122,0.0124,23.0,0.0121,12.0,13922.0,64.0
2021-01-05 09:37:52.660,0.0122,0.0124,23.0,0.0122,14.0,13922.0,64.0
2021-01-05 09:37:53.161,0.0122,0.0124,13.0,0.0122,14.0,13922.0,64.0
2021-01-05 09:37:53.620,0.0122,0.0124,15.0,0.0121,20.0,13922.0,64.0
2021-01-05 09:37:54.170,0.0122,0.0124,15.0,0.012,32.0,13922.0,64.0
2021-01-05 09:37:54.640,0.0122,0.0124,45.0,0.0121,14.0,13922.0,64.0
2021-01-05 09:37:55.190,0.0122,0.0124,45.0,0.012,32.0,13922.0,64.0
2021-01-05 09:37:55.680,0.0122,0.0124,45.0,0.0121,14.0,13922.0,64.0
2021-01-05 09:37:56.611,0.0122,0.0124,45.0,0.0121,14.0,13922.0,64.0
2021-01-05 09:37:57.170,0.0122,0.0124,25.0,0.0121,14.0,13922.0,64.0
2021-01-05 09:37:57.601,0.0122,0.0124,45.0,0.0121,14.0,13922.0,64.0
2021-01-05 09:37:59.670,0.0122,0.0124,45.0,0.0121,14.0,13922.0,64.0
2021-01-05 09:38:01.180,0.0122,0.0124,45.0,0.0121,14.0,13922.0,64.0
2021-01-05 09:38:02.181,0.0122,0.0124,45.0,0.0121,14.0,13922.0,64.0
2021-01-05 09:38:04.190,0.0122,0.0123,12.0,0.0121,14.0,13922.0,64.0
2021-01-05 09:38:04.680,0.0122,0.0124,65.0,0.0121,14.0,13922.0,64.0
2021-01-05 09:38:05.681,0.0122,0.0124,45.0,0.0121,14.0,13922.0,64.0
2021-01-05 09:38:06.691,0.0122,0.0123,12.0,0.0121,14.0,13922.0,64.0
2021-01-05 09:38:07.690,0.0122,0.0123,12.0,0.0121,14.0,13922.0,64.0
2021-01-05 09:38:08.151,0.0122,0.0123,12.0,0.0121,14.0,13922.0,64.0
2021-01-05 09:38:08.670,0.0122,0.0123,12.0,0.0121,14.0,13922.0,64.0
2021-01-05 09:38:09.681,0.0122,0.0123,12.0,0.0121,14.0,13922.0,64.0
2021-01-05 09:38:10.670,0.0122,0.0123,32.0,0.0121,14.0,13922.0,64.0
2021-01-05 09:38:11.141,0.0122,0.0123,12.0,0.0121,14.0,13922.0,64.0
2021-01-05 09:38:12.191,0.0122,0.0123,12.0,0.0121,14.0,13922.0,64.0
2021-01-05 09:38:12.691,0.0122,0.0123,12.0,0.0121,14.0,13922.0,64.0
2021-01-05 09:38:15.150,0.0122,0.0123,12.0,0.0121,14.0,13922.0,64.0
2021-01-05 09:38:15.730,0.0122,0.0123,12.0,0.012,20.0,13922.0,64.0
2021-01-05 09:38:16.210,0.0122,0.0123,32.0,0.0121,14.0,13922.0,64.0
2021-01-05 09:38:16.731,0.0122,0.0123,12.0,0.0121,14.0,13922.0,64.0
2021-01-05 09:38:17.190,0.0122,0.0122,12.0,0.0121,14.0,13922.0,64.0
2021-01-05 09:38:17.701,0.0122,0.0122,12.0,0.0121,14.0,13922.0,64.0
2021-01-05 09:38:18.231,0.0122,0.0122,12.0,0.0121,14.0,13922.0,64.0
2021-01-05 09:38:18.660,0.0122,0.0122,12.0,0.0121,14.0,13922.0,64.0
2021-01-05 09:38:19.230,0.0122,0.0122,12.0,0.0119,36.0,13922.0,64.0
2021-01-05 09:38:19.670,0.0122,0.0122,12.0,0.0119,36.0,13922.0,64.0
2021-01-05 09:38:20.231,0.0122,0.0122,22.0,0.0119,36.0,13922.0,64.0
2021-01-05 09:38:21.240,0.0122,0.0122,10.0,0.0119,36.0,13922.0,64.0
2021-01-05 09:38:21.670,0.0122,0.0122,12.0,0.0119,16.0,13922.0,64.0
2021-01-05 09:38:22.210,0.0122,0.0122,12.0,0.0119,16.0,13922.0,64.0
2021-01-05 09:38:22.661,0.0122,0.0122,12.0,0.0119,16.0,13922.0,64.0
2021-01-05 09:38:23.201,0.0122,0.0122,32.0,0.0119,16.0,13922.0,64.0
2021-01-05 09:38:23.681,0.0122,0.0122,42.0,0.0119,16.0,13922.0,64.0
2021-01-05 09:38:24.671,0.0122,0.0121,12.0,0.0119,16.0,13922.0,64.0
2021-01-05 09:38:25.101,0.0122,0.0122,50.0,0.0119,28.0,13922.0,64.0
2021-01-05 09:38:25.700,0.0122,0.0122,30.0,0.0119,28.0,13922.0,64.0
2021-01-05 09:38:26.701,0.0122,0.0122,30.0,0.012,12.0,13922.0,64.0
2021-01-05 09:38:27.201,0.0122,0.0122,20.0,0.012,14.0,13922.0,64.0
2021-01-05 09:38:27.691,0.0122,0.0123,62.0,0.012,14.0,13922.0,64.0
2021-01-05 09:38:28.171,0.0122,0.0122,12.0,0.012,14.0,13922.0,64.0
2021-01-05 09:38:28.680,0.0122,0.0122,32.0,0.012,14.0,13922.0,64.0
2021-01-05 09:38:31.181,0.0122,0.0121,12.0,0.012,14.0,13922.0,64.0
2021-01-05 09:38:31.650,0.0122,0.0122,32.0,0.012,14.0,13922.0,64.0
2021-01-05 09:38:32.171,0.0122,0.0122,42.0,0.012,14.0,13922.0,64.0
2021-01-05 09:38:32.701,0.0122,0.0122,32.0,0.012,14.0,13922.0,64.0
2021-01-05 09:38:33.191,0.0122,0.0122,32.0,0.012,14.0,13922.0,64.0
2021-01-05 09:38:33.700,0.0122,0.0121,12.0,0.012,14.0,13922.0,64.0
2021-01-05 09:38:34.201,0.0122,0.0121,20.0,0.012,14.0,13922.0,64.0
2021-01-05 09:38:35.200,0.0122,0.0122,42.0,0.012,14.0,13922.0,64.0
2021-01-05 09:38:35.700,0.0122,0.0122,32.0,0.0118,58.0,13922.0,64.0
2021-01-05 09:38:36.180,0.0122,0.0122,32.0,0.0118,38.0,13922.0,64.0
2021-01-05 09:38:36.691,0.0122,0.0122,42.0,0.0118,38.0,13922.0,64.0
2021-01-05 09:38:37.160,0.0122,0.0122,42.0,0.0118,38.0,13922.0,64.0
2021-01-05 09:38:37.680,0.0122,0.0122,42.0,0.0118,38.0,13922.0,64.0
2021-01-05 09:38:38.161,0.0122,0.0122,42.0,0.0118,58.0,13922.0,64.0
2021-01-05 09:38:38.660,0.0122,0.0122,42.0,0.0118,38.0,13922.0,64.0
2021-01-05 09:38:39.161,0.0122,0.0121,12.0,0.0118,26.0,13922.0,64.0
2021-01-05 09:38:39.661,0.0122,0.0121,52.0,0.0118,26.0,13922.0,64.0
2021-01-05 09:38:40.201,0.0122,0.012,12.0,0.0118,26.0,13922.0,64.0
2021-01-05 09:38:40.591,0.0122,0.012,12.0,0.0118,26.0,13922.0,64.0
2021-01-05 09:38:41.190,0.0122,0.0121,42.0,0.0118,26.0,13922.0,64.0
2021-01-05 09:38:41.640,0.0122,0.012,12.0,0.0118,26.0,13922.0,64.0
2021-01-05 09:38:42.191,0.0122,0.0121,62.0,0.0118,26.0,13922.0,64.0
2021-01-05 09:38:42.700,0.0122,0.0121,62.0,0.0118,26.0,13922.0,64.0
2021-01-05 09:38:43.190,0.0122,0.0121,42.0,0.0118,26.0,13922.0,64.0
2021-01-05 09:38:47.140,0.0122,0.0121,30.0,0.0118,38.0,13922.0,64.0
2021-01-05 09:38:47.691,0.0122,0.0121,42.0,0.0118,26.0,13922.0,64.0
2021-01-05 09:38:48.200,0.0122,0.0121,42.0,0.0118,26.0,13922.0,64.0
2021-01-05 09:38:49.130,0.0122,0.0121,42.0,0.0118,26.0,13922.0,64.0
2021-01-05 09:38:50.110,0.0122,0.0121,42.0,0.0118,26.0,13922.0,64.0
2021-01-05 09:38:50.651,0.0122,0.0121,62.0,0.0118,26.0,13922.0,64.0
2021-01-05 09:38:51.691,0.0122,0.0121,42.0,0.0118,26.0,13922.0,64.0
2021-01-05 09:38:55.700,0.0122,0.0121,62.0,0.0118,26.0,13922.0,64.0
2021-01-05 09:38:56.661,0.0122,0.012,12.0,0.0118,26.0,13922.0,64.0
2021-01-05 09:38:57.200,0.0122,0.0121,42.0,0.0118,26.0,13922.0,64.0
2021-01-05 09:38:57.640,0.0122,0.012,12.0,0.0118,26.0,13922.0,64.0
2021-01-05 09:38:58.190,0.0122,0.012,12.0,0.0118,26.0,13922.0,64.0
2021-01-05 09:38:58.670,0.0122,0.012,12.0,0.0118,26.0,13922.0,64.0
2021-01-05 09:38:59.060,0.0122,0.012,12.0,0.0118,26.0,13922.0,64.0
2021-01-05 09:38:59.700,0.0122,0.012,12.0,0.0118,26.0,13922.0,64.0
2021-01-05 09:39:02.170,0.0122,0.0121,42.0,0.0118,26.0,13922.0,64.0
2021-01-05 09:39:02.660,0.0122,0.012,12.0,0.0118,26.0,13922.0,64.0
2021-01-05 09:39:03.150,0.0122,0.0121,42.0,0.0118,26.0,13922.0,64.0
2021-01-05 09:39:07.200,0.0122,0.0121,62.0,0.0118,26.0,13922.0,64.0
2021-01-05 09:39:10.721,0.0122,0.0121,50.0,0.0118,26.0,13922.0,64.0
2021-01-05 09:39:11.011,0.0122,0.012,12.0,0.0118,26.0,13922.0,64.0
2021-01-05 09:39:11.701,0.0122,0.012,20.0,0.0118,26.0,13922.0,64.0
2021-01-05 09:39:12.220,0.0122,0.0121,62.0,0.0118,26.0,13922.0,64.0
2021-01-05 09:39:13.720,0.0122,0.0121,62.0,0.0118,26.0,13922.0,64.0
2021-01-05 09:39:14.160,0.0122,0.0121,50.0,0.0118,26.0,13922.0,64.0
2021-01-05 09:39:15.720,0.0122,0.012,32.0,0.0118,26.0,13922.0,64.0
2021-01-05 09:39:16.121,0.0122,0.012,32.0,0.0118,26.0,13922.0,64.0
2021-01-05 09:39:17.191,0.0122,0.012,32.0,0.0118,26.0,13922.0,64.0
2021-01-05 09:39:17.650,0.0122,0.012,12.0,0.0118,26.0,13922.0,64.0
2021-01-05 09:39:18.221,0.0122,0.012,12.0,0.0118,10.0,13922.0,64.0
2021-01-05 09:39:18.671,0.0122,0.012,12.0,0.0118,24.0,13922.0,64.0
2021-01-05 09:39:18.980,0.0122,0.012,12.0,0.0118,24.0,13922.0,64.0
2021-01-05 09:39:20.221,0.0122,0.012,32.0,0.0118,24.0,13922.0,64.0
2021-01-05 09:39:21.231,0.0122,0.012,12.0,0.0118,24.0,13922.0,64.0
2021-01-05 09:39:21.671,0.0122,0.012,32.0,0.0118,24.0,13922.0,64.0
2021-01-05 09:39:22.211,0.0122,0.012,12.0,0.0118,24.0,13922.0,64.0
2021-01-05 09:39:22.651,0.0122,0.0119,12.0,0.0118,24.0,13922.0,64.0
2021-01-05 09:39:23.200,0.0122,0.012,52.0,0.0118,24.0,13922.0,64.0
2021-01-05 09:39:23.700,0.0122,0.012,32.0,0.0118,24.0,13922.0,64.0
2021-01-05 09:39:24.670,0.0122,0.0119,12.0,0.0118,24.0,13922.0,64.0
2021-01-05 09:39:25.210,0.0122,0.0119,12.0,0.0118,24.0,13922.0,64.0
2021-01-05 09:39:25.700,0.0122,0.0119,12.0,0.0118,24.0,13922.0,64.0
2021-01-05 09:39:26.130,0.0122,0.0119,12.0,0.0118,24.0,13922.0,64.0
2021-01-05 09:39:26.681,0.0122,0.012,42.0,0.0118,24.0,13922.0,64.0
2021-01-05 09:39:27.210,0.0122,0.012,32.0,0.0118,24.0,13922.0,64.0
2021-01-05 09:39:27.711,0.0122,0.012,32.0,0.0118,24.0,13922.0,64.0
2021-01-05 09:39:29.721,0.0122,0.012,12.0,0.0118,24.0,13922.0,64.0
2021-01-05 09:39:31.121,0.0122,0.012,12.0,0.0118,10.0,13922.0,64.0
2021-01-05 09:39:31.701,0.0122,0.012,12.0,0.0119,14.0,13922.0,64.0
2021-01-05 09:39:32.141,0.0122,0.012,12.0,0.0118,10.0,13922.0,64.0
2021-01-05 09:39:32.700,0.0122,0.012,12.0,0.0118,24.0,13922.0,64.0
2021-01-05 09:39:34.681,0.0122,0.0121,62.0,0.0118,10.0,13922.0,64.0
2021-01-05 09:39:35.161,0.0122,0.0121,42.0,0.0118,30.0,13922.0,64.0
2021-01-05 09:39:35.651,0.0122,0.0121,42.0,0.0119,14.0,13922.0,64.0
2021-01-05 09:39:36.231,0.0122,0.0121,32.0,0.0119,14.0,13922.0,64.0
2021-01-05 09:39:39.751,0.0122,0.0121,20.0,0.0119,14.0,13922.0,64.0
2021-01-05 09:39:40.200,0.0122,0.0122,64.0,0.0119,14.0,13922.0,64.0
2021-01-05 09:39:40.721,0.0122,0.0122,44.0,0.0119,14.0,13922.0,64.0
2021-01-05 09:39:41.750,0.0122,0.0121,12.0,0.0119,14.0,13922.0,64.0
2021-01-05 09:39:42.210,0.0122,0.0122,64.0,0.0119,14.0,13922.0,64.0
2021-01-05 09:39:42.740,0.0122,0.0122,24.0,0.0119,14.0,13922.0,64.0
2021-01-05 09:39:43.570,0.0122,0.0122,24.0,0.0119,34.0,13922.0,64.0
2021-01-05 09:39:44.231,0.0122,0.0121,12.0,0.0119,34.0,13922.0,64.0
2021-01-05 09:39:44.680,0.0122,0.0121,12.0,0.0119,14.0,13922.0,64.0
2021-01-05 09:39:45.251,0.0122,0.0122,52.0,0.0119,14.0,13922.0,64.0
2021-01-05 09:39:45.750,0.0122,0.0122,44.0,0.0119,34.0,13922.0,64.0
2021-01-05 09:39:46.190,0.0122,0.0122,44.0,0.0119,34.0,13922.0,64.0
2021-01-05 09:39:48.720,0.0122,0.0121,12.0,0.0119,34.0,13922.0,64.0
2021-01-05 09:39:49.241,0.0122,0.0121,12.0,0.0119,14.0,13922.0,64.0
2021-01-05 09:39:49.711,0.0122,0.0121,12.0,0.0119,14.0,13922.0,64.0
2021-01-05 09:39:50.180,0.0122,0.0122,64.0,0.0119,14.0,13922.0,64.0
2021-01-05 09:39:50.710,0.0122,0.0121,12.0,0.0119,34.0,13922.0,64.0
2021-01-05 09:39:51.241,0.0122,0.0121,12.0,0.0119,14.0,13922.0,64.0
2021-01-05 09:39:51.730,0.0122,0.0121,20.0,0.0119,14.0,13922.0,64.0
2021-01-05 09:39:52.251,0.0122,0.0122,44.0,0.0119,34.0,13922.0,64.0
2021-01-05 09:39:53.181,0.0122,0.0122,44.0,0.0119,34.0,13922.0,64.0
2021-01-05 09:39:53.640,0.0122,0.0122,44.0,0.0119,34.0,13922.0,64.0
2021-01-05 09:39:54.191,0.0122,0.0122,32.0,0.0119,34.0,13922.0,64.0
2021-01-05 09:39:54.691,0.0122,0.0122,44.0,0.0119,34.0,13922.0,64.0
2021-01-05 09:39:55.181,0.0122,0.0121,12.0,0.0119,34.0,13922.0,64.0
2021-01-05 09:39:55.640,0.0122,0.0122,32.0,0.0119,34.0,13922.0,64.0
2021-01-05 09:39:56.120,0.0122,0.0122,32.0,0.0119,46.0,13922.0,64.0
2021-01-05 09:39:56.691,0.0122,0.0122,24.0,0.0119,34.0,13922.0,64.0
2021-01-05 09:39:57.181,0.0122,0.0122,44.0,0.0119,34.0,13922.0,64.0
2021-01-05 09:39:58.600,0.0122,0.0122,24.0,0.0119,34.0,13922.0,64.0
2021-01-05 09:40:01.570,0.0122,0.0122,12.0,0.0119,46.0,13922.0,64.0
2021-01-05 09:40:03.171,0.0122,0.0122,24.0,0.0119,34.0,13922.0,64.0
2021-01-05 09:40:04.700,0.0122,0.0122,12.0,0.0119,46.0,13922.0,64.0
2021-01-05 09:40:05.170,0.0122,0.0122,24.0,0.0119,34.0,13922.0,64.0
2021-01-05 09:40:05.701,0.0122,0.0122,24.0,0.0119,14.0,13922.0,64.0
2021-01-05 09:40:06.701,0.0122,0.0122,44.0,0.0119,34.0,13922.0,64.0
2021-01-05 09:40:08.200,0.0122,0.0122,32.0,0.0119,46.0,13922.0,64.0
2021-01-05 09:40:08.690,0.0122,0.0122,44.0,0.0119,34.0,13922.0,64.0
2021-01-05 09:40:09.191,0.0122,0.0122,32.0,0.0119,46.0,13922.0,64.0
2021-01-05 09:40:09.691,0.0122,0.0122,44.0,0.0119,34.0,13922.0,64.0
2021-01-05 09:40:11.671,0.0122,0.0122,32.0,0.0119,46.0,13922.0,64.0
2021-01-05 09:40:13.700,0.0122,0.0122,12.0,0.0119,46.0,13922.0,64.0
2021-01-05 09:40:14.150,0.0122,0.0122,24.0,0.0119,34.0,13922.0,64.0
2021-01-05 09:40:14.701,0.0122,0.0122,12.0,0.0119,46.0,13922.0,64.0
2021-01-05 09:40:15.191,0.0122,0.0122,12.0,0.0119,46.0,13922.0,64.0
2021-01-05 09:40:16.610,0.0122,0.0122,12.0,0.0119,46.0,13922.0,64.0
2021-01-05 09:40:17.661,0.0122,0.0122,12.0,0.0119,46.0,13922.0,64.0
2021-01-05 09:40:18.701,0.0122,0.0122,12.0,0.0119,46.0,13922.0,64.0
2021-01-05 09:40:19.711,0.0122,0.0122,12.0,0.0119,46.0,13922.0,64.0
2021-01-05 09:40:20.191,0.0122,0.0122,12.0,0.0119,46.0,13922.0,64.0
2021-01-05 09:40:21.200,0.0122,0.0122,32.0,0.0119,46.0,13922.0,64.0
2021-01-05 09:40:27.140,0.0122,0.0122,44.0,0.0119,34.0,13922.0,64.0
2021-01-05 09:40:27.701,0.0122,0.0121,12.0,0.0119,34.0,13922.0,64.0
2021-01-05 09:40:28.200,0.0122,0.0122,44.0,0.0119,34.0,13922.0,64.0
2021-01-05 09:40:29.681,0.0122,0.0121,12.0,0.0119,34.0,13922.0,64.0
2021-01-05 09:40:33.191,0.0122,0.0122,44.0,0.0119,34.0,13922.0,64.0
2021-01-05 09:40:33.681,0.0122,0.0122,12.0,0.0119,34.0,13922.0,64.0
2021-01-05 09:40:34.171,0.0122,0.0122,24.0,0.0119,34.0,13922.0,64.0
2021-01-05 09:40:35.201,0.0122,0.0122,44.0,0.0119,34.0,13922.0,64.0
2021-01-05 09:40:36.620,0.0122,0.0122,32.0,0.0119,46.0,13922.0,64.0
2021-01-05 09:40:38.651,0.0122,0.0122,32.0,0.0119,34.0,13922.0,64.0
2021-01-05 09:40:39.681,0.0122,0.0121,12.0,0.0119,34.0,13922.0,64.0
2021-01-05 09:40:40.151,0.0122,0.0122,24.0,0.0119,34.0,13922.0,64.0
2021-01-05 09:40:40.670,0.0122,0.0121,12.0,0.0119,34.0,13922.0,64.0
2021-01-05 09:40:41.191,0.0122,0.0122,24.0,0.0119,34.0,13922.0,64.0
2021-01-05 09:40:42.180,0.0122,0.0122,24.0,0.0119,34.0,13922.0,64.0
2021-01-05 09:40:42.601,0.0122,0.0122,12.0,0.0119,46.0,13922.0,64.0
2021-01-05 09:40:49.111,0.0122,0.0122,24.0,0.0119,34.0,13922.0,64.0
2021-01-05 09:40:49.640,0.0122,0.0122,12.0,0.0119,46.0,13922.0,64.0
2021-01-05 09:40:53.651,0.0122,0.0122,12.0,0.0119,46.0,13922.0,64.0
2021-01-05 09:40:54.141,0.0122,0.0122,32.0,0.0119,46.0,13922.0,64.0
2021-01-05 09:40:54.661,0.0122,0.0122,12.0,0.012,12.0,13922.0,64.0
2021-01-05 09:40:55.111,0.0122,0.0122,2.0,0.0119,32.0,13922.0,64.0
2021-01-05 09:40:55.251,0.0122,0.0122,22.0,0.012,26.0,13922.0,64.0
2021-01-05 09:40:56.121,0.0122,0.0122,22.0,0.012,46.0,13922.0,64.0
2021-01-05 09:40:56.711,0.0122,0.0122,22.0,0.012,34.0,13922.0,64.0
2021-01-05 09:40:57.180,0.0122,0.0122,22.0,0.012,26.0,13922.0,64.0
2021-01-05 09:40:57.710,0.0122,0.0122,22.0,0.012,26.0,13922.0,64.0
2021-01-05 09:40:58.200,0.0122,0.0122,22.0,0.012,26.0,13922.0,64.0
2021-01-05 09:40:58.721,0.0122,0.0122,22.0,0.012,46.0,13922.0,64.0
2021-01-05 09:40:59.070,0.0122,0.0122,22.0,0.012,34.0,13922.0,64.0
2021-01-05 09:41:01.041,0.0122,0.0122,22.0,0.012,34.0,13922.0,64.0
2021-01-05 09:41:01.650,0.0122,0.0122,22.0,0.012,46.0,13922.0,64.0
2021-01-05 09:41:02.661,0.0122,0.0122,22.0,0.012,34.0,13922.0,64.0
2021-01-05 09:41:04.680,0.0122,0.0122,22.0,0.012,34.0,13922.0,64.0
2021-01-05 09:41:05.660,0.0122,0.0122,22.0,0.012,34.0,13922.0,64.0
2021-01-05 09:41:06.620,0.0122,0.0122,22.0,0.012,20.0,13922.0,64.0
2021-01-05 09:41:07.100,0.0122,0.0122,22.0,0.0119,32.0,13922.0,64.0
2021-01-05 09:41:07.611,0.0122,0.0122,22.0,0.0119,46.0,13922.0,64.0
2021-01-05 09:41:08.201,0.0122,0.0122,22.0,0.0119,46.0,13922.0,64.0
2021-01-05 09:41:09.210,0.0122,0.0122,22.0,0.0119,34.0,13922.0,64.0
2021-01-05 09:41:09.661,0.0122,0.0122,34.0,0.0119,34.0,13922.0,64.0
2021-01-05 09:41:11.711,0.0122,0.0122,22.0,0.0119,46.0,13922.0,64.0
2021-01-05 09:41:12.151,0.0122,0.0122,34.0,0.0119,34.0,13922.0,64.0
2021-01-05 09:41:14.160,0.0122,0.0122,2.0,0.0119,34.0,13922.0,64.0
2021-01-05 09:41:14.671,0.0122,0.0122,2.0,0.0119,46.0,13922.0,64.0
2021-01-05 09:41:15.180,0.0122,0.0122,2.0,0.0119,46.0,13922.0,64.0
2021-01-05 09:41:15.651,0.0122,0.0122,2.0,0.0119,46.0,13922.0,64.0
2021-01-05 09:41:16.500,0.0122,0.0122,14.0,0.0119,34.0,13922.0,64.0
2021-01-05 09:41:17.211,0.0122,0.0122,14.0,0.0119,34.0,13922.0,64.0
2021-01-05 09:41:17.670,0.0122,0.0122,12.0,0.0119,46.0,13922.0,64.0
2021-01-05 09:41:22.700,0.0122,0.0122,12.0,0.0119,34.0,13922.0,64.0
2021-01-05 09:41:23.061,0.0122,0.0122,12.0,0.0119,46.0,13922.0,64.0
2021-01-05 09:41:23.641,0.0122,0.0122,24.0,0.0119,34.0,13922.0,64.0
2021-01-05 09:41:24.171,0.0122,0.0122,12.0,0.0119,46.0,13922.0,64.0
2021-01-05 09:41:24.651,0.0122,0.0122,44.0,0.0119,34.0,13922.0,64.0
2021-01-05 09:41:25.120,0.0122,0.0122,24.0,0.0119,34.0,13922.0,64.0
2021-01-05 09:41:25.641,0.0122,0.0122,44.0,0.0119,34.0,13922.0,64.0
2021-01-05 09:41:28.171,0.0122,0.0122,44.0,0.0119,34.0,13922.0,64.0
2021-01-05 09:41:29.010,0.0122,0.0122,44.0,0.0119,34.0,13922.0,64.0
2021-01-05 09:41:30.711,0.0122,0.0122,44.0,0.0119,34.0,13922.0,64.0
2021-01-05 09:41:31.181,0.0122,0.0122,44.0,0.0119,34.0,13922.0,64.0
2021-01-05 09:41:31.700,0.0122,0.0122,44.0,0.0119,34.0,13922.0,64.0
2021-01-05 09:41:32.220,0.0122,0.0122,44.0,0.0119,34.0,13922.0,64.0
2021-01-05 09:41:32.670,0.0122,0.0122,44.0,0.0119,34.0,13922.0,64.0
2021-01-05 09:41:33.680,0.0122,0.0122,32.0,0.0119,46.0,13922.0,64.0
2021-01-05 09:41:34.120,0.0122,0.0122,32.0,0.0119,46.0,13922.0,64.0
2021-01-05 09:41:34.720,0.0122,0.0122,32.0,0.0119,46.0,13922.0,64.0
2021-01-05 09:41:35.221,0.0122,0.0122,44.0,0.0119,34.0,13922.0,64.0
2021-01-05 09:41:35.721,0.0122,0.0122,32.0,0.0119,34.0,13922.0,64.0
2021-01-05 09:41:36.111,0.0122,0.0122,44.0,0.0119,34.0,13922.0,64.0
2021-01-05 09:41:37.210,0.0122,0.0122,32.0,0.0119,46.0,13922.0,64.0
2021-01-05 09:41:37.711,0.0122,0.0122,46.0,0.0119,34.0,13922.0,64.0
2021-01-05 09:41:38.220,0.0122,0.0122,58.0,0.0119,34.0,13922.0,64.0
2021-01-05 09:41:38.650,0.0122,0.0122,46.0,0.0119,46.0,13922.0,64.0
2021-01-05 09:41:39.221,0.0122,0.0122,32.0,0.0119,34.0,13922.0,64.0
2021-01-05 09:41:39.521,0.0122,0.0122,44.0,0.0119,34.0,13922.0,64.0
2021-01-05 09:41:44.671,0.0122,0.0122,44.0,0.0119,14.0,13922.0,64.0
2021-01-05 09:41:45.701,0.0122,0.0122,32.0,0.0119,26.0,13922.0,64.0
2021-01-05 09:41:48.740,0.0122,0.0122,32.0,0.0119,12.0,13922.0,64.0
2021-01-05 09:41:49.191,0.0122,0.0122,32.0,0.0119,26.0,13922.0,64.0
2021-01-05 09:41:49.750,0.0122,0.0122,46.0,0.0119,26.0,13922.0,64.0
2021-01-05 09:41:50.751,0.0122,0.0122,58.0,0.0119,14.0,13922.0,64.0
2021-01-05 09:41:52.261,0.0122,0.0121,12.0,0.0119,14.0,13922.0,64.0
2021-01-05 09:41:52.690,0.0122,0.0121,22.0,0.0118,30.0,13922.0,64.0
2021-01-05 09:41:53.151,0.0122,0.0121,62.0,0.0118,24.0,13922.0,64.0
2021-01-05 09:41:54.161,0.0122,0.0121,30.0,0.0118,36.0,13922.0,64.0
2021-01-05 09:41:55.160,0.0122,0.0121,50.0,0.0118,36.0,13922.0,64.0
2021-01-05 09:41:55.671,0.0122,0.0121,50.0,0.0118,36.0,13922.0,64.0
2021-01-05 09:41:55.911,0.0122,0.0121,30.0,0.0118,36.0,13922.0,64.0
2021-01-05 09:41:57.110,0.0122,0.0121,10.0,0.0118,36.0,13922.0,64.0
2021-01-05 09:41:57.640,0.0122,0.0121,20.0,0.0118,36.0,13922.0,64.0
2021-01-05 09:41:58.140,0.0122,0.0121,20.0,0.0118,36.0,13922.0,64.0
2021-01-05 09:41:58.660,0.0122,0.0121,10.0,0.0118,42.0,13922.0,64.0
2021-01-05 09:41:59.131,0.0122,0.0121,20.0,0.0119,14.0,13922.0,64.0
2021-01-05 09:42:00.151,0.0122,0.0122,28.0,0.0118,56.0,13922.0,64.0
2021-01-05 09:42:00.701,0.0122,0.0121,12.0,0.0118,44.0,13922.0,64.0
2021-01-05 09:42:01.181,0.0122,0.0122,54.0,0.0118,36.0,13922.0,64.0
2021-01-05 09:42:01.630,0.0122,0.0121,12.0,0.0118,44.0,13922.0,64.0
2021-01-05 09:42:02.201,0.0122,0.0121,30.0,0.0118,36.0,13922.0,64.0
2021-01-05 09:42:02.710,0.0122,0.0121,42.0,0.0118,24.0,13922.0,64.0
2021-01-05 09:42:03.161,0.0122,0.0121,30.0,0.0118,36.0,13922.0,64.0
2021-01-05 09:42:03.601,0.0122,0.0121,42.0,0.0118,24.0,13922.0,64.0
2021-01-05 09:42:04.641,0.0122,0.0121,42.0,0.0118,24.0,13922.0,64.0
2021-01-05 09:42:05.211,0.0122,0.0121,42.0,0.0118,24.0,13922.0,64.0
2021-01-05 09:42:07.230,0.0122,0.0121,62.0,0.0118,24.0,13922.0,64.0
2021-01-05 09:42:17.241,0.0122,0.0121,50.0,0.0118,36.0,13922.0,64.0
2021-01-05 09:42:30.710,0.0122,0.0121,50.0,0.0118,22.0,13922.0,64.0
2021-01-05 09:42:40.721,0.0122,0.0121,50.0,0.0118,42.0,13922.0,64.0
2021-01-05 09:42:41.161,0.0122,0.0121,50.0,0.0119,14.0,13922.0,64.0
2021-01-05 09:42:41.731,0.0122,0.0121,30.0,0.0119,14.0,13922.0,64.0
2021-01-05 09:42:43.251,0.0122,0.0121,42.0,0.0119,14.0,13922.0,64.0
2021-01-05 09:42:44.751,0.0122,0.0121,30.0,0.0119,14.0,13922.0,64.0
2021-01-05 09:42:45.191,0.0122,0.0121,42.0,0.0119,14.0,13922.0,64.0
2021-01-05 09:42:46.240,0.0122,0.0121,42.0,0.0119,14.0,13922.0,64.0
2021-01-05 09:42:46.741,0.0122,0.0121,42.0,0.0119,14.0,13922.0,64.0
2021-01-05 09:42:48.720,0.0122,0.0121,30.0,0.0119,14.0,13922.0,64.0
2021-01-05 09:42:49.750,0.0122,0.0121,42.0,0.0119,14.0,13922.0,64.0
2021-01-05 09:42:50.261,0.0122,0.0121,30.0,0.0119,14.0,13922.0,64.0
2021-01-05 09:42:52.601,0.0122,0.0121,30.0,0.0119,14.0,13922.0,64.0
2021-01-05 09:42:53.621,0.0122,0.0121,42.0,0.0119,14.0,13922.0,64.0
2021-01-05 09:42:54.191,0.0122,0.0121,30.0,0.0119,14.0,13922.0,64.0
2021-01-05 09:42:55.701,0.0122,0.0121,42.0,0.0119,14.0,13922.0,64.0
2021-01-05 09:42:59.230,0.0122,0.0121,30.0,0.0119,14.0,13922.0,64.0
2021-01-05 09:42:59.730,0.0122,0.0121,42.0,0.0119,14.0,13922.0,64.0
2021-01-05 09:43:00.200,0.0122,0.0121,42.0,0.0119,14.0,13922.0,64.0
2021-01-05 09:43:01.211,0.0122,0.0121,30.0,0.0119,14.0,13922.0,64.0
2021-01-05 09:43:01.701,0.0122,0.0121,42.0,0.0119,14.0,13922.0,64.0
2021-01-05 09:43:02.150,0.0122,0.0121,30.0,0.0119,14.0,13922.0,64.0
2021-01-05 09:43:02.681,0.0122,0.0121,42.0,0.0119,14.0,13922.0,64.0
2021-01-05 09:43:03.241,0.0122,0.0121,30.0,0.0119,14.0,13922.0,64.0
2021-01-05 09:43:04.740,0.0122,0.0121,50.0,0.0119,14.0,13922.0,64.0
2021-01-05 09:43:05.251,0.0122,0.0121,30.0,0.0119,14.0,13922.0,64.0
2021-01-05 09:43:05.731,0.0122,0.0121,22.0,0.0119,14.0,13922.0,64.0
2021-01-05 09:43:06.751,0.0122,0.0121,10.0,0.0119,14.0,13922.0,64.0
2021-01-05 09:43:07.231,0.0122,0.0122,56.0,0.0119,14.0,13922.0,64.0
2021-01-05 09:43:07.710,0.0122,0.0122,46.0,0.0119,14.0,13922.0,64.0
2021-01-05 09:43:08.200,0.0122,0.0122,34.0,0.0119,26.0,13922.0,64.0
2021-01-05 09:43:08.701,0.0122,0.0122,46.0,0.0119,14.0,13922.0,64.0
2021-01-05 09:43:09.231,0.0122,0.0122,46.0,0.0119,14.0,13922.0,64.0
2021-01-05 09:43:09.740,0.0122,0.0122,46.0,0.0119,14.0,13922.0,64.0
2021-01-05 09:43:10.150,0.0122,0.0122,26.0,0.0119,14.0,13922.0,64.0
2021-01-05 09:43:10.720,0.0122,0.0122,26.0,0.0119,14.0,13922.0,64.0
2021-01-05 09:43:11.250,0.0122,0.0122,26.0,0.0119,14.0,13922.0,64.0
2021-01-05 09:43:11.750,0.0122,0.0122,46.0,0.0119,14.0,13922.0,64.0
2021-01-05 09:43:12.171,0.0122,0.0122,26.0,0.0119,14.0,13922.0,64.0
2021-01-05 09:43:14.770,0.0122,0.0122,26.0,0.0119,14.0,13922.0,64.0
2021-01-05 09:43:15.241,0.0122,0.0122,26.0,0.0119,14.0,13922.0,64.0
2021-01-05 09:43:17.271,0.0122,0.0122,14.0,0.0119,26.0,13922.0,64.0
2021-01-05 09:43:17.771,0.0122,0.0122,14.0,0.0119,46.0,13922.0,64.0
2021-01-05 09:43:18.270,0.0122,0.0122,14.0,0.0119,26.0,13922.0,64.0
2021-01-05 09:43:19.261,0.0122,0.0122,14.0,0.0119,14.0,13922.0,64.0
2021-01-05 09:43:19.761,0.0122,0.0121,12.0,0.0119,14.0,13922.0,64.0
2021-01-05 09:43:20.281,0.0122,0.0121,22.0,0.0119,14.0,13922.0,64.0
2021-01-05 09:43:20.731,0.0122,0.0121,22.0,0.0119,14.0,13922.0,64.0
2021-01-05 09:43:21.271,0.0122,0.0121,22.0,0.0119,14.0,13922.0,64.0
2021-01-05 09:43:22.281,0.0122,0.0121,22.0,0.0119,14.0,13922.0,64.0
2021-01-05 09:43:25.701,0.0122,0.0121,10.0,0.0119,14.0,13922.0,64.0
2021-01-05 09:43:26.181,0.0122,0.012,12.0,0.0119,14.0,13922.0,64.0
2021-01-05 09:43:26.621,0.0122,0.0121,32.0,0.0119,14.0,13922.0,64.0
2021-01-05 09:43:27.190,0.0122,0.012,10.0,0.0119,14.0,13922.0,64.0
2021-01-05 09:43:27.591,0.0122,0.0121,12.0,0.0119,14.0,13922.0,64.0
2021-01-05 09:43:28.091,0.0122,0.0121,22.0,0.0119,14.0,13922.0,64.0
2021-01-05 09:43:33.141,0.0122,0.0121,10.0,0.0119,14.0,13922.0,64.0
2021-01-05 09:43:33.600,0.0122,0.0122,66.0,0.0119,14.0,13922.0,64.0
2021-01-05 09:43:34.221,0.0122,0.0121,12.0,0.0119,14.0,13922.0,64.0
2021-01-05 09:43:34.661,0.0122,0.0122,56.0,0.0119,14.0,13922.0,64.0
2021-01-05 09:43:35.160,0.0122,0.0121,10.0,0.0119,14.0,13922.0,64.0
2021-01-05 09:43:35.610,0.0122,0.0122,66.0,0.0119,14.0,13922.0,64.0
2021-01-05 09:43:36.071,0.0122,0.0122,46.0,0.0119,14.0,13922.0,64.0
2021-01-05 09:43:36.661,0.0122,0.0122,46.0,0.0119,14.0,13922.0,64.0
2021-01-05 09:43:37.181,0.0122,0.0122,46.0,0.012,50.0,13922.0,64.0
2021-01-05 09:43:37.631,0.0122,0.0122,46.0,0.012,50.0,13922.0,64.0
2021-01-05 09:43:38.221,0.0122,0.0122,46.0,0.012,50.0,13922.0,64.0
2021-01-05 09:43:38.680,0.0122,0.0122,34.0,0.012,50.0,13922.0,64.0
2021-01-05 09:43:41.730,0.0122,0.0122,34.0,0.012,50.0,13922.0,64.0
2021-01-05 09:43:42.741,0.0122,0.0122,34.0,0.012,62.0,13922.0,64.0
2021-01-05 09:43:43.711,0.0122,0.0122,34.0,0.012,62.0,13922.0,64.0
2021-01-05 09:43:44.251,0.012,0.0122,34.0,0.012,26.0,13946.0,88.0
2021-01-05 09:43:44.670,0.012,0.0121,12.0,0.012,14.0,13958.0,100.0
2021-01-05 09:43:44.760,0.012,0.0122,54.0,0.012,14.0,13958.0,100.0
2021-01-05 09:43:45.221,0.012,0.0122,46.0,0.012,14.0,13958.0,100.0
2021-01-05 09:43:49.061,0.012,0.0122,46.0,0.012,14.0,13958.0,100.0
2021-01-05 09:43:49.601,0.012,0.0122,46.0,0.012,14.0,13958.0,100.0
2021-01-05 09:43:50.721,0.012,0.0122,26.0,0.012,14.0,13958.0,100.0
2021-01-05 09:43:51.221,0.012,0.0122,26.0,0.012,14.0,13958.0,100.0
2021-01-05 09:44:04.230,0.012,0.0122,26.0,0.012,14.0,13958.0,100.0
2021-01-05 09:44:04.751,0.012,0.0122,26.0,0.012,14.0,13958.0,100.0
2021-01-05 09:44:05.260,0.012,0.0122,26.0,0.012,14.0,13958.0,100.0
2021-01-05 09:44:05.761,0.012,0.0122,26.0,0.012,14.0,13958.0,100.0
2021-01-05 09:44:06.261,0.012,0.0122,26.0,0.012,14.0,13958.0,100.0
2021-01-05 09:44:07.750,0.012,0.0122,14.0,0.012,14.0,13958.0,100.0
2021-01-05 09:44:08.261,0.012,0.0122,26.0,0.012,14.0,13958.0,100.0
2021-01-05 09:44:08.760,0.012,0.0122,14.0,0.012,14.0,13958.0,100.0
2021-01-05 09:44:09.150,0.012,0.0122,26.0,0.012,14.0,13958.0,100.0
2021-01-05 09:44:11.271,0.012,0.0122,26.0,0.012,14.0,13958.0,100.0
2021-01-05 09:44:11.780,0.012,0.0122,26.0,0.012,14.0,13958.0,100.0
2021-01-05 09:44:12.270,0.012,0.0122,26.0,0.012,14.0,13958.0,100.0
2021-01-05 09:44:19.801,0.012,0.0122,26.0,0.012,14.0,13958.0,100.0
2021-01-05 09:44:20.300,0.012,0.0122,40.0,0.012,14.0,13958.0,100.0
2021-01-05 09:44:20.780,0.012,0.0122,40.0,0.012,14.0,13958.0,100.0
2021-01-05 09:44:25.660,0.012,0.0122,40.0,0.012,14.0,13958.0,100.0
2021-01-05 09:44:26.201,0.012,0.0122,40.0,0.012,14.0,13958.0,100.0
2021-01-05 09:44:27.201,0.012,0.0122,26.0,0.012,14.0,13958.0,100.0
2021-01-05 09:44:29.640,0.012,0.0122,14.0,0.012,14.0,13958.0,100.0
2021-01-05 09:44:30.720,0.012,0.0122,26.0,0.012,14.0,13958.0,100.0
2021-01-05 09:44:31.730,0.012,0.0121,2.0,0.012,14.0,13958.0,100.0
2021-01-05 09:44:32.220,0.012,0.0121,2.0,0.012,14.0,13958.0,100.0
2021-01-05 09:44:32.691,0.012,0.0121,4.0,0.012,14.0,13958.0,100.0
2021-01-05 09:44:33.730,0.012,0.0121,4.0,0.012,14.0,13958.0,100.0
2021-01-05 09:44:34.141,0.012,0.0121,4.0,0.012,14.0,13958.0,100.0
2021-01-05 09:44:35.740,0.012,0.0121,4.0,0.012,14.0,13958.0,100.0
2021-01-05 09:44:36.220,0.012,0.0121,4.0,0.012,14.0,13958.0,100.0
2021-01-05 09:44:36.741,0.012,0.0121,4.0,0.012,14.0,13958.0,100.0
2021-01-05 09:44:37.240,0.012,0.0121,4.0,0.012,14.0,13958.0,100.0
2021-01-05 09:44:37.751,0.012,0.0121,4.0,0.012,14.0,13958.0,100.0
2021-01-05 09:44:38.201,0.012,0.0121,4.0,0.012,14.0,13958.0,100.0
2021-01-05 09:44:39.221,0.012,0.0121,4.0,0.012,14.0,13958.0,100.0
2021-01-05 09:44:40.250,0.012,0.0121,4.0,0.012,14.0,13958.0,100.0
2021-01-05 09:44:40.740,0.012,0.0121,4.0,0.012,14.0,13958.0,100.0
2021-01-05 09:44:41.251,0.012,0.0121,4.0,0.012,14.0,13958.0,100.0
2021-01-05 09:44:41.730,0.012,0.0121,4.0,0.012,14.0,13958.0,100.0
2021-01-05 09:44:42.250,0.012,0.0121,4.0,0.012,14.0,13958.0,100.0
2021-01-05 09:44:43.760,0.012,0.0121,4.0,0.012,14.0,13958.0,100.0
2021-01-05 09:44:44.260,0.012,0.0121,4.0,0.012,14.0,13958.0,100.0
2021-01-05 09:44:44.761,0.012,0.0121,4.0,0.012,24.0,13960.0,102.0
2021-01-05 09:44:45.261,0.012,0.0121,4.0,0.012,12.0,13960.0,102.0
2021-01-05 09:44:45.760,0.012,0.0122,34.0,0.012,12.0,13960.0,102.0
2021-01-05 09:44:46.271,0.012,0.0122,28.0,0.012,24.0,13960.0,102.0
2021-01-05 09:44:46.771,0.012,0.0122,28.0,0.012,12.0,13960.0,102.0
2021-01-05 09:44:47.251,0.012,0.0122,28.0,0.012,12.0,13960.0,102.0
2021-01-05 09:44:47.770,0.012,0.0122,40.0,0.012,12.0,13960.0,102.0
2021-01-05 09:44:50.811,0.012,0.0121,12.0,0.012,12.0,13960.0,102.0
2021-01-05 09:44:51.231,0.012,0.0122,36.0,0.012,12.0,13960.0,102.0
2021-01-05 09:44:51.810,0.012,0.0122,26.0,0.012,12.0,13960.0,102.0
2021-01-05 09:44:53.710,0.012,0.0121,12.0,0.012,12.0,13960.0,102.0
2021-01-05 09:44:54.201,0.012,0.0122,36.0,0.012,12.0,13960.0,102.0
2021-01-05 09:44:54.551,0.012,0.0122,26.0,0.012,12.0,13960.0,102.0
2021-01-05 09:44:56.220,0.012,0.0121,12.0,0.012,12.0,13960.0,102.0
2021-01-05 09:44:56.720,0.012,0.0122,36.0,0.012,12.0,13960.0,102.0
2021-01-05 09:44:57.160,0.012,0.0121,10.0,0.012,12.0,13960.0,102.0
2021-01-05 09:44:57.680,0.012,0.0122,36.0,0.012,12.0,13960.0,102.0
2021-01-05 09:44:58.120,0.012,0.0122,26.0,0.012,12.0,13960.0,102.0
2021-01-05 09:44:58.720,0.012,0.0122,14.0,0.012,12.0,13960.0,102.0
2021-01-05 09:44:59.190,0.012,0.0122,14.0,0.012,12.0,13960.0,102.0
2021-01-05 09:44:59.711,0.012,0.0122,14.0,0.012,12.0,13960.0,102.0
2021-01-05 09:45:01.221,0.012,0.0122,14.0,0.012,12.0,13960.0,102.0
2021-01-05 09:45:04.191,0.012,0.0122,14.0,0.012,24.0,13960.0,102.0
2021-01-05 09:45:05.221,0.012,0.0122,14.0,0.012,24.0,13960.0,102.0
2021-01-05 09:45:05.720,0.012,0.0122,14.0,0.012,38.0,13960.0,102.0
2021-01-05 09:45:06.220,0.012,0.0122,14.0,0.012,38.0,13960.0,102.0
2021-01-05 09:45:07.130,0.012,0.0122,14.0,0.012,24.0,13960.0,102.0
2021-01-05 09:45:07.720,0.012,0.0122,14.0,0.012,24.0,13960.0,102.0
2021-01-05 09:45:08.700,0.012,0.0122,14.0,0.012,12.0,13960.0,102.0
2021-01-05 09:45:09.111,0.012,0.0122,14.0,0.012,24.0,13960.0,102.0
2021-01-05 09:45:10.700,0.012,0.0122,14.0,0.012,24.0,13960.0,102.0
2021-01-05 09:45:13.220,0.012,0.0122,4.0,0.012,24.0,13960.0,102.0
2021-01-05 09:45:13.681,0.012,0.0122,4.0,0.012,12.0,13960.0,102.0
2021-01-05 09:45:14.181,0.012,0.0122,4.0,0.012,12.0,13960.0,102.0
2021-01-05 09:45:14.701,0.012,0.0122,4.0,0.012,24.0,13960.0,102.0
2021-01-05 09:45:17.220,0.012,0.0122,16.0,0.012,12.0,13960.0,102.0
2021-01-05 09:45:17.731,0.012,0.0122,16.0,0.012,26.0,13960.0,102.0
2021-01-05 09:45:18.230,0.012,0.0122,16.0,0.012,26.0,13960.0,102.0
2021-01-05 09:45:18.691,0.012,0.0121,12.0,0.012,36.0,13960.0,102.0
2021-01-05 09:45:19.191,0.012,0.0122,24.0,0.012,22.0,13960.0,102.0
2021-01-05 09:45:19.731,0.012,0.0122,4.0,0.012,22.0,13960.0,102.0
2021-01-05 09:45:20.221,0.012,0.0122,4.0,0.012,24.0,13960.0,102.0
2021-01-05 09:45:20.720,0.012,0.0122,4.0,0.0121,12.0,13960.0,102.0
2021-01-05 09:45:21.191,0.012,0.0122,4.0,0.012,12.0,13960.0,102.0
2021-01-05 09:45:22.710,0.012,0.0121,12.0,0.012,12.0,13960.0,102.0
2021-01-05 09:45:23.160,0.012,0.0122,24.0,0.012,12.0,13960.0,102.0
2021-01-05 09:45:23.671,0.012,0.0122,4.0,0.012,12.0,13960.0,102.0
2021-01-05 09:45:24.701,0.012,0.0122,4.0,0.012,12.0,13960.0,102.0
2021-01-05 09:45:25.131,0.012,0.0122,4.0,0.012,12.0,13960.0,102.0
2021-01-05 09:45:25.690,0.012,0.0122,4.0,0.012,12.0,13960.0,102.0
2021-01-05 09:45:26.220,0.012,0.0122,4.0,0.012,26.0,13960.0,102.0
2021-01-05 09:45:26.681,0.012,0.0122,4.0,0.012,12.0,13960.0,102.0
2021-01-05 09:45:27.211,0.012,0.0122,4.0,0.012,12.0,13960.0,102.0
2021-01-05 09:45:27.711,0.012,0.0122,4.0,0.012,12.0,13960.0,102.0
2021-01-05 09:45:29.140,0.012,0.0122,4.0,0.012,12.0,13960.0,102.0
2021-01-05 09:45:29.701,0.012,0.0122,4.0,0.012,12.0,13960.0,102.0
2021-01-05 09:45:31.701,0.012,0.0122,4.0,0.012,12.0,13960.0,102.0
2021-01-05 09:45:32.690,0.012,0.0122,4.0,0.012,12.0,13960.0,102.0
2021-01-05 09:45:33.180,0.012,0.0122,4.0,0.012,12.0,13960.0,102.0
2021-01-05 09:45:33.670,0.012,0.0122,4.0,0.012,12.0,13960.0,102.0
2021-01-05 09:45:34.690,0.012,0.0122,4.0,0.012,12.0,13960.0,102.0
2021-01-05 09:45:35.190,0.012,0.0122,4.0,0.012,12.0,13960.0,102.0
2021-01-05 09:45:36.730,0.012,0.0122,4.0,0.012,12.0,13960.0,102.0
2021-01-05 09:45:37.241,0.012,0.0122,4.0,0.012,12.0,13960.0,102.0
2021-01-05 09:45:37.731,0.012,0.0122,4.0,0.012,12.0,13960.0,102.0
2021-01-05 09:45:39.210,0.012,0.0122,4.0,0.012,24.0,13960.0,102.0
2021-01-05 09:45:39.710,0.012,0.0122,4.0,0.012,26.0,13960.0,102.0
2021-01-05 09:45:40.240,0.012,0.0122,4.0,0.012,38.0,13960.0,102.0
2021-01-05 09:45:41.220,0.012,0.0122,4.0,0.012,26.0,13960.0,102.0
2021-01-05 09:45:41.660,0.012,0.0122,4.0,0.012,24.0,13960.0,102.0
2021-01-05 09:45:42.240,0.012,0.0122,4.0,0.012,12.0,13960.0,102.0
2021-01-05 09:45:42.711,0.012,0.0122,4.0,0.012,38.0,13960.0,102.0
2021-01-05 09:45:43.220,0.012,0.0122,4.0,0.012,38.0,13960.0,102.0
2021-01-05 09:45:43.731,0.012,0.0122,4.0,0.012,38.0,13960.0,102.0
2021-01-05 09:45:44.691,0.012,0.0122,4.0,0.012,26.0,13960.0,102.0
2021-01-05 09:45:45.220,0.012,0.0122,4.0,0.012,26.0,13960.0,102.0
2021-01-05 09:45:45.690,0.012,0.0122,4.0,0.012,26.0,13960.0,102.0
2021-01-05 09:45:46.240,0.012,0.0122,4.0,0.012,26.0,13960.0,102.0
2021-01-05 09:45:47.241,0.012,0.0122,4.0,0.012,12.0,13960.0,102.0
2021-01-05 09:45:48.201,0.012,0.0122,4.0,0.012,12.0,13960.0,102.0
2021-01-05 09:45:48.741,0.012,0.0122,4.0,0.012,12.0,13960.0,102.0
2021-01-05 09:45:49.751,0.0122,0.0123,42.0,0.0122,1.0,13960.0,106.0
2021-01-05 09:45:50.251,0.0122,0.0123,36.0,0.0122,1.0,13960.0,106.0
2021-01-05 09:45:50.691,0.0122,0.0123,56.0,0.0122,1.0,13960.0,106.0
2021-01-05 09:45:51.250,0.0122,0.0123,56.0,0.0122,1.0,13960.0,106.0
2021-01-05 09:45:51.721,0.0122,0.0123,56.0,0.0122,1.0,13960.0,106.0
2021-01-05 09:45:52.641,0.0122,0.0123,36.0,0.0122,1.0,13960.0,106.0
2021-01-05 09:45:53.711,0.0122,0.0123,56.0,0.0122,1.0,13960.0,106.0
2021-01-05 09:45:55.230,0.0122,0.0123,36.0,0.0122,1.0,13960.0,106.0
2021-01-05 09:45:56.120,0.0122,0.0123,56.0,0.0122,1.0,13960.0,106.0
2021-01-05 09:45:56.631,0.0122,0.0123,36.0,0.0122,1.0,13960.0,106.0
2021-01-05 09:45:58.711,0.0122,0.0123,56.0,0.0122,1.0,13960.0,106.0
2021-01-05 09:45:59.230,0.0122,0.0123,36.0,0.0122,1.0,13960.0,106.0
2021-01-05 09:46:00.210,0.0122,0.0123,56.0,0.012,32.0,13960.0,107.0
2021-01-05 09:46:00.730,0.0122,0.0123,64.0,0.012,12.0,13960.0,107.0
2021-01-05 09:46:01.061,0.0122,0.0122,12.0,0.012,12.0,13960.0,107.0
2021-01-05 09:46:02.221,0.0122,0.0122,22.0,0.012,12.0,13960.0,107.0
2021-01-05 09:46:02.711,0.0122,0.0121,12.0,0.012,12.0,13960.0,107.0
2021-01-05 09:46:03.120,0.0122,0.0122,32.0,0.012,12.0,13960.0,107.0
2021-01-05 09:46:03.731,0.0122,0.0122,12.0,0.012,12.0,13960.0,107.0
2021-01-05 09:46:04.171,0.0122,0.0122,22.0,0.012,12.0,13960.0,107.0
2021-01-05 09:46:06.221,0.0122,0.0121,12.0,0.012,12.0,13960.0,107.0
2021-01-05 09:46:06.690,0.0122,0.0121,10.0,0.012,12.0,13960.0,107.0
2021-01-05 09:46:07.231,0.0122,0.0121,12.0,0.012,12.0,13960.0,107.0
2021-01-05 09:46:07.681,0.0122,0.0121,10.0,0.012,12.0,13960.0,107.0
2021-01-05 09:46:08.121,0.0122,0.0122,12.0,0.012,12.0,13960.0,107.0
2021-01-05 09:46:09.181,0.0122,0.0121,12.0,0.012,32.0,13960.0,107.0
2021-01-05 09:46:09.600,0.0122,0.0121,22.0,0.012,12.0,13960.0,107.0
2021-01-05 09:46:10.230,0.0122,0.0121,22.0,0.012,12.0,13960.0,107.0
2021-01-05 09:46:10.720,0.0122,0.0121,10.0,0.012,12.0,13960.0,107.0
2021-01-05 09:46:11.131,0.0122,0.0121,22.0,0.012,12.0,13960.0,107.0
2021-01-05 09:46:11.721,0.0122,0.0121,22.0,0.012,12.0,13960.0,107.0
2021-01-05 09:46:13.200,0.0122,0.0121,22.0,0.012,12.0,13960.0,107.0
2021-01-05 09:46:15.231,0.0122,0.0121,22.0,0.012,12.0,13960.0,107.0
2021-01-05 09:46:15.730,0.0122,0.0121,22.0,0.012,12.0,13960.0,107.0
2021-01-05 09:46:20.210,0.0122,0.0121,22.0,0.012,12.0,13960.0,107.0
2021-01-05 09:46:25.651,0.0122,0.0121,22.0,0.012,12.0,13960.0,107.0
2021-01-05 09:46:26.191,0.0122,0.0121,24.0,0.012,12.0,13960.0,107.0
2021-01-05 09:46:33.210,0.0122,0.0121,24.0,0.012,12.0,13960.0,107.0
2021-01-05 09:46:33.660,0.0122,0.0121,22.0,0.012,12.0,13960.0,107.0
2021-01-05 09:46:34.171,0.0122,0.0121,22.0,0.012,12.0,13960.0,107.0
2021-01-05 09:46:35.721,0.0122,0.0121,22.0,0.012,12.0,13960.0,107.0
2021-01-05 09:46:36.221,0.0122,0.0121,22.0,0.012,12.0,13960.0,107.0
2021-01-05 09:46:36.730,0.0122,0.0121,42.0,0.012,12.0,13960.0,107.0
2021-01-05 09:46:37.750,0.0122,0.0121,10.0,0.012,12.0,13960.0,107.0
2021-01-05 09:46:38.151,0.0122,0.0121,12.0,0.012,12.0,13960.0,107.0
2021-01-05 09:46:38.741,0.0122,0.0121,22.0,0.012,12.0,13960.0,107.0
2021-01-05 09:46:39.210,0.0122,0.0121,10.0,0.012,12.0,13960.0,107.0
2021-01-05 09:46:40.211,0.0122,0.0122,20.0,0.012,12.0,13960.0,107.0
2021-01-05 09:46:40.301,0.0122,0.0121,10.0,0.012,12.0,13960.0,107.0
2021-01-05 09:46:41.250,0.0122,0.0122,32.0,0.012,12.0,13960.0,107.0
2021-01-05 09:46:41.730,0.0122,0.0122,36.0,0.012,12.0,13960.0,107.0
2021-01-05 09:46:42.230,0.0122,0.0122,36.0,0.012,12.0,13960.0,107.0
2021-01-05 09:46:42.741,0.0122,0.0122,36.0,0.012,12.0,13960.0,107.0
2021-01-05 09:46:43.761,0.0122,0.0122,36.0,0.012,12.0,13960.0,107.0
2021-01-05 09:46:44.230,0.0122,0.0122,36.0,0.012,12.0,13960.0,107.0
2021-01-05 09:46:45.161,0.0122,0.0122,22.0,0.012,12.0,13960.0,107.0
2021-01-05 09:46:45.711,0.0122,0.0122,22.0,0.012,12.0,13960.0,107.0
2021-01-05 09:46:46.251,0.0122,0.0122,22.0,0.012,12.0,13960.0,107.0
2021-01-05 09:46:46.671,0.0122,0.0122,36.0,0.012,12.0,13960.0,107.0
2021-01-05 09:46:49.730,0.0122,0.0122,36.0,0.012,12.0,13960.0,107.0
2021-01-05 09:46:50.170,0.0122,0.0122,56.0,0.012,12.0,13960.0,107.0
2021-01-05 09:46:52.711,0.0122,0.0122,44.0,0.012,12.0,13960.0,107.0
2021-01-05 09:46:53.641,0.0122,0.0122,56.0,0.012,12.0,13960.0,107.0
2021-01-05 09:46:56.221,0.0122,0.0122,56.0,0.012,12.0,13960.0,107.0
2021-01-05 09:46:56.711,0.0122,0.0121,32.0,0.012,12.0,13960.0,107.0
2021-01-05 09:46:56.801,0.0122,0.0121,20.0,0.012,12.0,13960.0,107.0
2021-01-05 09:46:57.641,0.0122,0.0121,42.0,0.012,12.0,13960.0,107.0
2021-01-05 09:47:00.741,0.0122,0.0121,42.0,0.012,12.0,13960.0,107.0
2021-01-05 09:47:01.721,0.0122,0.0121,30.0,0.012,12.0,13960.0,107.0
2021-01-05 09:47:02.230,0.0122,0.0121,30.0,0.012,12.0,13960.0,107.0
2021-01-05 09:47:02.741,0.0122,0.0121,30.0,0.012,12.0,13960.0,107.0
2021-01-05 09:47:03.220,0.0122,0.0121,30.0,0.012,12.0,13960.0,107.0
2021-01-05 09:47:03.740,0.0122,0.0121,30.0,0.012,12.0,13960.0,107.0
2021-01-05 09:47:04.211,0.0122,0.0121,30.0,0.012,12.0,13960.0,107.0
2021-01-05 09:47:05.250,0.0122,0.0121,30.0,0.012,12.0,13960.0,107.0
2021-01-05 09:47:05.750,0.0122,0.0121,30.0,0.012,12.0,13960.0,107.0
2021-01-05 09:47:06.251,0.0122,0.0121,10.0,0.012,12.0,13960.0,107.0
2021-01-05 09:47:06.750,0.0122,0.0122,20.0,0.012,12.0,13960.0,107.0
2021-01-05 09:47:07.221,0.0122,0.0122,22.0,0.012,12.0,13960.0,107.0
2021-01-05 09:47:07.740,0.0122,0.0122,22.0,0.012,12.0,13960.0,107.0
2021-01-05 09:47:07.980,0.0122,0.0122,10.0,0.012,12.0,13960.0,107.0
2021-01-05 09:47:08.700,0.0122,0.0123,40.0,0.012,24.0,13960.0,107.0
2021-01-05 09:47:09.221,0.0122,0.0123,64.0,0.012,24.0,13960.0,107.0
2021-01-05 09:47:09.751,0.0122,0.0123,64.0,0.012,24.0,13960.0,107.0
2021-01-05 09:47:10.260,0.0122,0.0123,76.0,0.012,12.0,13960.0,107.0
2021-01-05 09:47:10.721,0.0122,0.0122,12.0,0.012,12.0,13960.0,107.0
2021-01-05 09:47:11.250,0.0122,0.0122,12.0,0.012,12.0,13960.0,107.0
2021-01-05 09:47:11.751,0.0122,0.0122,22.0,0.012,12.0,13960.0,107.0
2021-01-05 09:47:12.241,0.0122,0.0122,22.0,0.012,26.0,13960.0,107.0
2021-01-05 09:47:12.731,0.0122,0.0122,22.0,0.012,26.0,13960.0,107.0
2021-01-05 09:47:13.201,0.0122,0.0122,22.0,0.012,12.0,13960.0,107.0
2021-01-05 09:47:13.751,0.0122,0.0122,10.0,0.012,26.0,13960.0,107.0
2021-01-05 09:47:14.220,0.0122,0.0123,40.0,0.012,38.0,13960.0,107.0
2021-01-05 09:47:15.230,0.0122,0.0121,12.0,0.012,46.0,13960.0,107.0
2021-01-05 09:47:15.701,0.0122,0.0121,12.0,0.012,26.0,13960.0,107.0
2021-01-05 09:47:15.701,0.0122,0.0121,12.0,0.012,26.0,13960.0,107.0
2021-01-05 09:47:16.731,0.0121,0.0121,12.0,0.012,26.0,13965.0,112.0
2021-01-05 09:47:17.251,0.0121,0.0122,42.0,0.012,26.0,13970.0,117.0
2021-01-05 09:47:17.731,0.0121,0.0122,10.0,0.012,26.0,13970.0,117.0
2021-01-05 09:47:18.221,0.0121,0.0123,30.0,0.012,26.0,13970.0,117.0
2021-01-05 09:47:18.621,0.0121,0.0123,30.0,0.012,58.0,13970.0,117.0
2021-01-05 09:47:19.101,0.0121,0.0123,30.0,0.012,58.0,13970.0,117.0
2021-01-05 09:47:19.760,0.0121,0.0123,30.0,0.0121,12.0,13970.0,117.0
2021-01-05 09:47:20.761,0.0121,0.0123,30.0,0.012,46.0,13970.0,117.0
2021-01-05 09:47:21.260,0.0121,0.0123,42.0,0.012,46.0,13970.0,117.0
2021-01-05 09:47:21.760,0.0121,0.0122,12.0,0.012,46.0,13970.0,117.0
2021-01-05 09:47:22.240,0.0121,0.0123,30.0,0.012,36.0,13970.0,117.0
2021-01-05 09:47:22.580,0.0121,0.0122,12.0,0.012,26.0,13970.0,117.0
2021-01-05 09:47:23.141,0.0121,0.0123,42.0,0.012,26.0,13970.0,117.0
2021-01-05 09:47:23.700,0.0121,0.0122,12.0,0.012,46.0,13970.0,117.0
2021-01-05 09:47:24.221,0.0121,0.0122,12.0,0.012,36.0,13970.0,117.0
2021-01-05 09:47:25.241,0.0121,0.0123,42.0,0.012,26.0,13970.0,117.0
2021-01-05 09:47:25.710,0.0121,0.0122,12.0,0.012,46.0,13970.0,117.0
2021-01-05 09:47:26.171,0.0121,0.0123,42.0,0.012,36.0,13970.0,117.0
2021-01-05 09:47:26.680,0.0121,0.0123,42.0,0.012,26.0,13970.0,117.0
2021-01-05 09:47:27.241,0.0121,0.0123,42.0,0.012,26.0,13970.0,117.0
2021-01-05 09:47:28.201,0.0121,0.0123,30.0,0.012,36.0,13970.0,117.0
2021-01-05 09:47:28.420,0.0121,0.0122,12.0,0.012,36.0,13970.0,117.0
2021-01-05 09:47:29.181,0.0121,0.0122,12.0,0.012,36.0,13970.0,117.0
2021-01-05 09:47:29.730,0.0121,0.0122,12.0,0.012,36.0,13970.0,117.0
2021-01-05 09:47:30.230,0.0121,0.0122,12.0,0.012,36.0,13970.0,117.0
2021-01-05 09:47:30.720,0.0121,0.0122,12.0,0.012,36.0,13970.0,117.0
2021-01-05 09:47:31.181,0.0121,0.0123,42.0,0.012,36.0,13970.0,117.0
2021-01-05 09:47:32.681,0.0121,0.0123,30.0,0.012,68.0,13970.0,117.0
2021-01-05 09:47:33.181,0.0121,0.0123,30.0,0.012,48.0,13970.0,117.0
2021-01-05 09:47:34.231,0.0121,0.0123,30.0,0.012,48.0,13970.0,117.0
2021-01-05 09:47:34.750,0.0121,0.0123,30.0,0.0121,12.0,13970.0,117.0
2021-01-05 09:47:35.221,0.0121,0.0123,30.0,0.0121,12.0,13970.0,117.0
2021-01-05 09:47:35.740,0.0121,0.0123,30.0,0.012,68.0,13970.0,117.0
2021-01-05 09:47:36.241,0.0121,0.0123,30.0,0.012,68.0,13970.0,117.0
2021-01-05 09:47:36.721,0.0121,0.0123,30.0,0.0121,12.0,13970.0,117.0
2021-01-05 09:47:37.251,0.0121,0.0123,30.0,0.0121,12.0,13970.0,117.0
2021-01-05 09:47:37.761,0.0121,0.0123,30.0,0.0121,14.0,13970.0,117.0
2021-01-05 09:47:38.191,0.0121,0.0123,20.0,0.0121,14.0,13970.0,117.0
2021-01-05 09:47:38.760,0.0121,0.0123,20.0,0.0121,14.0,13970.0,117.0
2021-01-05 09:47:39.261,0.0121,0.0123,30.0,0.0121,14.0,13970.0,117.0
2021-01-05 09:47:41.261,0.0121,0.0123,30.0,0.0121,14.0,13970.0,117.0
2021-01-05 09:47:42.761,0.0121,0.0123,10.0,0.0121,14.0,13970.0,117.0
2021-01-05 09:47:43.251,0.0121,0.0124,45.0,0.0121,14.0,13970.0,117.0
2021-01-05 09:47:43.720,0.0121,0.0124,45.0,0.0121,14.0,13970.0,117.0
2021-01-05 09:47:44.761,0.0121,0.0124,45.0,0.0121,14.0,13970.0,117.0
2021-01-05 09:47:45.760,0.0121,0.0124,45.0,0.0121,34.0,13970.0,117.0
2021-01-05 09:47:46.260,0.0121,0.0124,47.0,0.0121,34.0,13970.0,117.0
2021-01-05 09:47:46.260,0.0121,0.0124,33.0,0.0121,14.0,13970.0,117.0
2021-01-05 09:47:47.270,0.0121,0.0123,12.0,0.0121,14.0,13970.0,117.0
2021-01-05 09:47:47.771,0.0121,0.0123,32.0,0.0121,14.0,13970.0,117.0
2021-01-05 09:47:48.261,0.0121,0.0123,42.0,0.0121,14.0,13970.0,117.0
2021-01-05 09:47:49.260,0.0121,0.0122,12.0,0.012,42.0,13970.0,117.0
2021-01-05 09:47:49.771,0.0121,0.0122,12.0,0.012,22.0,13970.0,117.0
2021-01-05 09:47:50.271,0.0121,0.0123,42.0,0.012,36.0,13970.0,117.0
2021-01-05 09:47:50.751,0.0121,0.0123,42.0,0.012,36.0,13970.0,117.0
2021-01-05 09:47:51.241,0.0121,0.0123,42.0,0.012,56.0,13970.0,117.0
2021-01-05 09:47:52.271,0.0121,0.0122,12.0,0.012,46.0,13970.0,117.0
2021-01-05 09:47:52.730,0.0121,0.0123,30.0,0.012,46.0,13970.0,117.0
2021-01-05 09:47:53.221,0.0121,0.0122,12.0,0.012,46.0,13970.0,117.0
2021-01-05 09:47:54.230,0.0121,0.0122,12.0,0.012,46.0,13970.0,117.0
2021-01-05 09:47:54.741,0.0121,0.0122,12.0,0.012,46.0,13970.0,117.0
2021-01-05 09:47:56.251,0.0121,0.0122,12.0,0.012,26.0,13970.0,117.0
2021-01-05 09:47:56.751,0.0121,0.0122,22.0,0.012,26.0,13970.0,117.0
2021-01-05 09:47:58.261,0.0121,0.0122,12.0,0.012,26.0,13970.0,117.0
2021-01-05 09:47:58.781,0.0121,0.0122,12.0,0.012,26.0,13970.0,117.0
2021-01-05 09:47:59.231,0.0121,0.0121,12.0,0.012,26.0,13970.0,117.0
2021-01-05 09:48:00.260,0.0121,0.0121,12.0,0.012,26.0,13970.0,117.0
2021-01-05 09:48:00.791,0.0121,0.0121,12.0,0.012,26.0,13970.0,117.0
2021-01-05 09:48:01.261,0.0121,0.0122,32.0,0.012,26.0,13970.0,117.0
2021-01-05 09:48:01.791,0.0121,0.0122,12.0,0.012,26.0,13970.0,117.0
2021-01-05 09:48:02.260,0.0121,0.0122,12.0,0.012,26.0,13970.0,117.0
2021-01-05 09:48:02.781,0.0121,0.0122,12.0,0.012,22.0,13970.0,117.0
2021-01-05 09:48:03.261,0.0121,0.0122,12.0,0.0121,14.0,13970.0,117.0
2021-01-05 09:48:03.791,0.0121,0.0122,12.0,0.012,42.0,13970.0,117.0
2021-01-05 09:48:04.250,0.0121,0.0123,42.0,0.012,36.0,13970.0,117.0
2021-01-05 09:48:04.790,0.0121,0.0122,12.0,0.012,56.0,13970.0,117.0
2021-01-05 09:48:05.290,0.0121,0.0122,12.0,0.012,56.0,13970.0,117.0
2021-01-05 09:48:05.741,0.0121,0.0123,30.0,0.012,56.0,13970.0,117.0
2021-01-05 09:48:06.300,0.0121,0.0123,10.0,0.012,56.0,13970.0,117.0
2021-01-05 09:48:06.781,0.0121,0.0123,20.0,0.012,56.0,13970.0,117.0
2021-01-05 09:48:07.280,0.0121,0.0122,12.0,0.012,56.0,13970.0,117.0
2021-01-05 09:48:07.760,0.0121,0.0123,30.0,0.012,22.0,13970.0,117.0
2021-01-05 09:48:08.281,0.0121,0.0123,20.0,0.0121,14.0,13970.0,117.0
2021-01-05 09:48:08.761,0.0121,0.0123,12.0,0.0121,14.0,13970.0,117.0
2021-01-05 09:48:09.270,0.0121,0.0122,12.0,0.0121,14.0,13970.0,117.0
2021-01-05 09:48:09.751,0.0121,0.0123,12.0,0.0121,14.0,13970.0,117.0
2021-01-05 09:48:10.171,0.0121,0.0123,12.0,0.012,42.0,13970.0,117.0
2021-01-05 09:48:10.801,0.0121,0.0123,12.0,0.0121,14.0,13970.0,117.0
2021-01-05 09:48:11.291,0.0121,0.0123,12.0,0.0121,14.0,13970.0,117.0
2021-01-05 09:48:11.791,0.0121,0.0123,12.0,0.0121,14.0,13970.0,117.0
2021-01-05 09:48:12.300,0.0121,0.0123,12.0,0.0121,24.0,13970.0,117.0
2021-01-05 09:48:12.751,0.0121,0.0123,12.0,0.0121,14.0,13970.0,117.0
2021-01-05 09:48:13.281,0.0121,0.0123,12.0,0.0121,14.0,13970.0,117.0
2021-01-05 09:48:14.791,0.0121,0.0123,12.0,0.0121,14.0,13970.0,117.0
2021-01-05 09:48:15.831,0.0121,0.0123,12.0,0.012,42.0,13970.0,117.0
2021-01-05 09:48:16.321,0.0121,0.0124,23.0,0.012,22.0,13970.0,117.0
2021-01-05 09:48:16.801,0.0121,0.0124,57.0,0.0121,12.0,13970.0,117.0
2021-01-05 09:48:17.300,0.0121,0.0124,79.0,0.0121,20.0,13970.0,117.0
2021-01-05 09:48:17.840,0.0121,0.0124,79.0,0.0121,20.0,13970.0,117.0
2021-01-05 09:48:18.330,0.0121,0.0123,12.0,0.012,26.0,13970.0,117.0
2021-01-05 09:48:18.831,0.0121,0.0123,32.0,0.012,46.0,13970.0,117.0
2021-01-05 09:48:19.331,0.0121,0.0122,12.0,0.012,46.0,13970.0,117.0
2021-01-05 09:48:19.800,0.0121,0.0122,22.0,0.012,46.0,13970.0,117.0
2021-01-05 09:48:21.340,0.0121,0.0122,10.0,0.012,46.0,13970.0,117.0
2021-01-05 09:48:21.790,0.0121,0.0122,12.0,0.012,26.0,13970.0,117.0
2021-01-05 09:48:22.301,0.0121,0.0122,10.0,0.012,12.0,13970.0,117.0
2021-01-05 09:48:22.731,0.0121,0.0123,32.0,0.012,12.0,13970.0,117.0
2021-01-05 09:48:23.021,0.0121,0.0122,12.0,0.0121,14.0,13970.0,117.0
2021-01-05 09:48:23.730,0.0121,0.0122,12.0,0.0121,14.0,13970.0,117.0
2021-01-05 09:48:23.970,0.0121,0.0122,22.0,0.012,32.0,13970.0,117.0
2021-01-05 09:48:24.731,0.0121,0.0122,22.0,0.012,26.0,13970.0,117.0
2021-01-05 09:48:25.221,0.0121,0.0122,10.0,0.012,26.0,13970.0,117.0
2021-01-05 09:48:25.730,0.0121,0.0123,42.0,0.012,12.0,13970.0,117.0
2021-01-05 09:48:26.101,0.0121,0.0122,12.0,0.012,26.0,13970.0,117.0
2021-01-05 09:48:26.621,0.0121,0.0122,12.0,0.012,26.0,13970.0,117.0
2021-01-05 09:48:27.221,0.0121,0.0122,22.0,0.012,26.0,13970.0,117.0
2021-01-05 09:48:28.160,0.0121,0.0121,12.0,0.012,26.0,13970.0,117.0
2021-01-05 09:48:28.731,0.0121,0.0122,40.0,0.012,26.0,13970.0,117.0
2021-01-05 09:48:29.121,0.0121,0.0121,10.0,0.012,26.0,13970.0,117.0
2021-01-05 09:48:29.691,0.0121,0.0122,52.0,0.012,26.0,13970.0,117.0
2021-01-05 09:48:30.210,0.0121,0.0122,42.0,0.012,26.0,13970.0,117.0
2021-01-05 09:48:30.731,0.0121,0.0122,42.0,0.012,26.0,13970.0,117.0
2021-01-05 09:48:31.140,0.0121,0.0122,42.0,0.012,26.0,13970.0,117.0
2021-01-05 09:48:32.200,0.0121,0.0121,12.0,0.012,26.0,13970.0,117.0
2021-01-05 09:48:32.631,0.0121,0.0121,12.0,0.012,26.0,13970.0,117.0
2021-01-05 09:48:33.190,0.0121,0.0121,10.0,0.012,26.0,13970.0,117.0
2021-01-05 09:48:33.680,0.0121,0.0121,22.0,0.012,26.0,13970.0,117.0
2021-01-05 09:48:34.141,0.0121,0.0122,20.0,0.012,26.0,13970.0,117.0
2021-01-05 09:48:34.721,0.0121,0.0121,12.0,0.012,26.0,13970.0,117.0
2021-01-05 09:48:35.220,0.0121,0.0121,12.0,0.012,26.0,13970.0,117.0
2021-01-05 09:48:35.691,0.0121,0.0121,12.0,0.012,26.0,13970.0,117.0
2021-01-05 09:48:36.210,0.0121,0.0121,22.0,0.012,26.0,13970.0,117.0
2021-01-05 09:48:36.730,0.0121,0.0121,22.0,0.012,26.0,13970.0,117.0
2021-01-05 09:48:37.681,0.0121,0.0121,22.0,0.012,26.0,13970.0,117.0
2021-01-05 09:48:38.211,0.0121,0.0121,22.0,0.012,26.0,13970.0,117.0
2021-01-05 09:48:38.690,0.0121,0.0121,22.0,0.012,26.0,13970.0,117.0
2021-01-05 09:48:39.600,0.0121,0.0121,22.0,0.012,26.0,13970.0,117.0
2021-01-05 09:48:42.661,0.0121,0.0121,22.0,0.012,12.0,13970.0,117.0
2021-01-05 09:48:43.740,0.0121,0.0121,10.0,0.012,12.0,13970.0,117.0
2021-01-05 09:48:44.370,0.0121,0.0121,12.0,0.012,26.0,13970.0,117.0
2021-01-05 09:48:45.020,0.0121,0.0121,12.0,0.012,12.0,13970.0,117.0
2021-01-05 09:48:45.531,0.0121,0.0121,12.0,0.012,12.0,13970.0,117.0
2021-01-05 09:48:45.800,0.0121,0.0121,22.0,0.012,12.0,13970.0,117.0
2021-01-05 09:48:46.391,0.0121,0.0121,22.0,0.012,12.0,13970.0,117.0
2021-01-05 09:48:47.021,0.0121,0.0121,22.0,0.012,12.0,13970.0,117.0
2021-01-05 09:48:47.371,0.0121,0.0121,22.0,0.012,12.0,13970.0,117.0
2021-01-05 09:48:48.301,0.0121,0.0121,22.0,0.012,12.0,13970.0,117.0
2021-01-05 09:48:49.010,0.0121,0.0121,42.0,0.012,12.0,13970.0,117.0
2021-01-05 09:48:50.030,0.0121,0.0121,22.0,0.012,12.0,13970.0,117.0
2021-01-05 09:48:50.541,0.0121,0.0121,42.0,0.012,12.0,13970.0,117.0
2021-01-05 09:48:51.540,0.0121,0.0121,42.0,0.012,12.0,13970.0,117.0
2021-01-05 09:48:52.020,0.0121,0.0121,22.0,0.012,12.0,13970.0,117.0
2021-01-05 09:48:52.641,0.0121,0.0121,22.0,0.012,12.0,13970.0,117.0
2021-01-05 09:48:54.091,0.0121,0.0121,42.0,0.012,12.0,13970.0,117.0
2021-01-05 09:48:55.201,0.0121,0.0121,42.0,0.012,12.0,13970.0,117.0
2021-01-05 09:48:55.730,0.0121,0.0121,42.0,0.012,12.0,13970.0,117.0
2021-01-05 09:48:56.200,0.0121,0.0121,42.0,0.012,12.0,13970.0,117.0
2021-01-05 09:48:56.731,0.0121,0.0121,42.0,0.012,12.0,13970.0,117.0
2021-01-05 09:48:57.171,0.0121,0.0121,42.0,0.012,12.0,13970.0,117.0
2021-01-05 09:48:57.730,0.0121,0.0121,22.0,0.012,12.0,13970.0,117.0
2021-01-05 09:48:58.160,0.0121,0.0121,42.0,0.012,12.0,13970.0,117.0
2021-01-05 09:48:58.750,0.0121,0.0121,62.0,0.012,12.0,13970.0,117.0
2021-01-05 09:48:59.161,0.0121,0.0121,42.0,0.012,12.0,13970.0,117.0
2021-01-05 09:49:01.261,0.0121,0.0121,62.0,0.012,12.0,13970.0,117.0
2021-01-05 09:49:02.790,0.0121,0.0121,42.0,0.012,12.0,13970.0,117.0
2021-01-05 09:49:03.291,0.0121,0.0121,62.0,0.012,12.0,13970.0,117.0
2021-01-05 09:49:04.290,0.012,0.012,12.0,0.0118,46.0,13982.0,129.0
2021-01-05 09:49:04.780,0.012,0.012,32.0,0.0118,26.0,13982.0,129.0
2021-01-05 09:49:05.301,0.012,0.012,30.0,0.0118,26.0,13982.0,129.0
2021-01-05 09:49:05.790,0.012,0.012,30.0,0.0118,26.0,13982.0,129.0
2021-01-05 09:49:08.791,0.012,0.0121,32.0,0.012,20.0,14012.0,159.0
2021-01-05 09:49:09.320,0.012,0.0121,12.0,0.012,10.0,14022.0,169.0
2021-01-05 09:49:09.821,0.012,0.0121,12.0,0.012,10.0,14022.0,169.0
2021-01-05 09:49:10.330,0.012,0.0121,10.0,0.012,10.0,14022.0,169.0
2021-01-05 09:49:10.831,0.012,0.0124,43.0,0.012,10.0,14022.0,169.0
2021-01-05 09:49:11.341,0.012,0.0122,12.0,0.012,10.0,14022.0,169.0
2021-01-05 09:49:11.850,0.012,0.0123,40.0,0.012,10.0,14022.0,169.0
2021-01-05 09:49:12.270,0.012,0.0122,12.0,0.012,10.0,14022.0,169.0
2021-01-05 09:49:12.850,0.012,0.0122,12.0,0.012,10.0,14022.0,169.0
2021-01-05 09:49:13.310,0.012,0.0122,22.0,0.012,10.0,14022.0,169.0
2021-01-05 09:49:13.851,0.012,0.0122,22.0,0.012,10.0,14022.0,169.0
2021-01-05 09:49:15.340,0.012,0.0122,22.0,0.012,10.0,14022.0,169.0
2021-01-05 09:49:15.740,0.012,0.0122,22.0,0.012,10.0,14022.0,169.0
2021-01-05 09:49:18.860,0.012,0.0122,22.0,0.012,10.0,14022.0,169.0
2021-01-05 09:49:19.330,0.012,0.0122,22.0,0.012,10.0,14022.0,169.0
2021-01-05 09:49:20.840,0.012,0.0122,22.0,0.012,10.0,14022.0,169.0
2021-01-05 09:49:21.330,0.012,0.0122,42.0,0.012,10.0,14022.0,169.0
2021-01-05 09:49:21.831,0.012,0.0122,42.0,0.0119,20.0,14032.0,179.0
2021-01-05 09:49:22.300,0.012,0.0122,22.0,0.0119,34.0,14032.0,179.0
2021-01-05 09:49:22.600,0.012,0.0122,22.0,0.0119,34.0,14032.0,179.0
2021-01-05 09:49:23.201,0.012,0.0122,22.0,0.0119,34.0,14032.0,179.0
2021-01-05 09:49:23.710,0.012,0.0122,22.0,0.0119,34.0,14032.0,179.0
2021-01-05 09:49:24.241,0.012,0.0122,22.0,0.012,50.0,14032.0,179.0
2021-01-05 09:49:24.671,0.012,0.0121,12.0,0.012,50.0,14032.0,179.0
2021-01-05 09:49:25.080,0.012,0.0121,32.0,0.012,50.0,14032.0,179.0
2021-01-05 09:49:25.620,0.012,0.0121,10.0,0.012,50.0,14032.0,179.0
2021-01-05 09:49:26.171,0.012,0.0121,32.0,0.012,50.0,14032.0,179.0
2021-01-05 09:49:26.730,0.012,0.0121,32.0,0.012,50.0,14032.0,179.0
2021-01-05 09:49:27.211,0.012,0.0121,42.0,0.012,50.0,14032.0,179.0
2021-01-05 09:49:27.731,0.012,0.0121,42.0,0.012,50.0,14032.0,179.0
2021-01-05 09:49:29.691,0.012,0.0121,22.0,0.012,50.0,14032.0,179.0
2021-01-05 09:49:30.140,0.012,0.0121,42.0,0.012,50.0,14032.0,179.0
2021-01-05 09:49:31.621,0.012,0.0121,42.0,0.012,50.0,14032.0,179.0
2021-01-05 09:49:34.710,0.012,0.0121,62.0,0.012,50.0,14032.0,179.0
2021-01-05 09:49:37.260,0.012,0.0121,42.0,0.012,50.0,14032.0,179.0
2021-01-05 09:49:37.680,0.012,0.0121,30.0,0.012,50.0,14032.0,179.0
2021-01-05 09:49:38.760,0.012,0.0121,30.0,0.012,50.0,14032.0,179.0
2021-01-05 09:49:39.231,0.012,0.0121,30.0,0.012,50.0,14032.0,179.0
2021-01-05 09:49:40.581,0.012,0.0121,30.0,0.012,50.0,14032.0,179.0
2021-01-05 09:49:41.211,0.012,0.0121,30.0,0.012,50.0,14032.0,179.0
2021-01-05 09:49:41.701,0.012,0.0121,30.0,0.012,50.0,14032.0,179.0
2021-01-05 09:49:42.700,0.012,0.0121,30.0,0.012,50.0,14032.0,179.0
2021-01-05 09:49:43.111,0.012,0.0121,30.0,0.012,50.0,14032.0,179.0
2021-01-05 09:49:44.760,0.012,0.0121,42.0,0.012,50.0,14032.0,179.0
2021-01-05 09:49:45.171,0.012,0.0121,30.0,0.012,50.0,14032.0,179.0
2021-01-05 09:49:47.161,0.012,0.0121,30.0,0.012,50.0,14032.0,179.0
2021-01-05 09:49:47.691,0.012,0.0121,10.0,0.012,50.0,14032.0,179.0
2021-01-05 09:49:48.260,0.012,0.0122,72.0,0.012,50.0,14032.0,179.0
2021-01-05 09:49:48.761,0.012,0.0122,76.0,0.012,50.0,14032.0,179.0
2021-01-05 09:49:49.061,0.012,0.0122,76.0,0.012,50.0,14032.0,179.0
2021-01-05 09:49:52.260,0.012,0.0122,76.0,0.012,50.0,14032.0,179.0
2021-01-05 09:49:53.220,0.012,0.0122,56.0,0.012,50.0,14032.0,179.0
2021-01-05 09:49:53.731,0.012,0.0122,56.0,0.012,50.0,14032.0,179.0
2021-01-05 09:49:54.231,0.012,0.0121,12.0,0.012,50.0,14032.0,179.0
2021-01-05 09:49:54.721,0.012,0.0121,12.0,0.012,50.0,14032.0,179.0
2021-01-05 09:49:55.210,0.012,0.0121,22.0,0.012,50.0,14032.0,179.0
2021-01-05 09:49:56.701,0.012,0.0121,22.0,0.012,50.0,14032.0,179.0
2021-01-05 09:49:57.141,0.012,0.0121,22.0,0.012,50.0,14032.0,179.0
2021-01-05 09:49:57.631,0.012,0.0121,22.0,0.012,50.0,14032.0,179.0
2021-01-05 09:49:58.240,0.012,0.0121,22.0,0.012,50.0,14032.0,179.0
2021-01-05 09:49:58.680,0.012,0.0121,10.0,0.012,50.0,14032.0,179.0
2021-01-05 09:49:59.220,0.012,0.0122,40.0,0.012,50.0,14032.0,179.0
2021-01-05 09:49:59.731,0.012,0.0121,12.0,0.012,50.0,14032.0,179.0
2021-01-05 09:50:00.230,0.012,0.0121,12.0,0.012,50.0,14032.0,179.0
2021-01-05 09:50:00.720,0.012,0.0121,22.0,0.012,50.0,14032.0,179.0
2021-01-05 09:50:01.231,0.012,0.0121,22.0,0.012,50.0,14032.0,179.0
2021-01-05 09:50:02.241,0.012,0.0121,22.0,0.012,50.0,14032.0,179.0
2021-01-05 09:50:03.730,0.012,0.0121,22.0,0.012,50.0,14032.0,179.0
2021-01-05 09:50:04.241,0.012,0.0121,10.0,0.012,50.0,14032.0,179.0
2021-01-05 09:50:04.451,0.0121,0.0122,40.0,0.012,60.0,14042.0,189.0
2021-01-05 09:50:05.231,0.0121,0.0122,32.0,0.012,60.0,14042.0,189.0
2021-01-05 09:50:05.690,0.0121,0.0122,42.0,0.012,60.0,14042.0,189.0
2021-01-05 09:50:06.180,0.0121,0.0122,42.0,0.012,60.0,14042.0,189.0
2021-01-05 09:50:08.251,0.0121,0.0122,30.0,0.012,60.0,14042.0,189.0
2021-01-05 09:50:09.640,0.0121,0.0122,30.0,0.012,60.0,14042.0,189.0
2021-01-05 09:50:10.641,0.0121,0.0122,42.0,0.012,60.0,14042.0,189.0
2021-01-05 09:50:11.240,0.0121,0.0122,30.0,0.012,60.0,14042.0,189.0
2021-01-05 09:50:11.761,0.0121,0.0122,42.0,0.012,60.0,14042.0,189.0
2021-01-05 09:50:12.761,0.0121,0.0122,30.0,0.012,60.0,14042.0,189.0
2021-01-05 09:50:13.670,0.0121,0.0122,30.0,0.012,72.0,14042.0,189.0
2021-01-05 09:50:14.241,0.0121,0.0122,30.0,0.012,86.0,14042.0,189.0
2021-01-05 09:50:14.700,0.0121,0.0122,30.0,0.012,74.0,14042.0,189.0
2021-01-05 09:50:16.191,0.0121,0.0122,30.0,0.012,60.0,14042.0,189.0
2021-01-05 09:50:16.761,0.0121,0.0122,22.0,0.012,60.0,14042.0,189.0
2021-01-05 09:50:17.230,0.0121,0.0122,10.0,0.012,60.0,14042.0,189.0
2021-01-05 09:50:17.691,0.0121,0.0123,32.0,0.012,60.0,14042.0,189.0
2021-01-05 09:50:18.271,0.0121,0.0123,56.0,0.012,60.0,14042.0,189.0
2021-01-05 09:50:18.740,0.0121,0.0123,56.0,0.012,60.0,14042.0,189.0
2021-01-05 09:50:23.220,0.0121,0.0123,44.0,0.012,60.0,14042.0,189.0
2021-01-05 09:50:23.710,0.0121,0.0122,12.0,0.012,60.0,14042.0,189.0
2021-01-05 09:50:24.240,0.0121,0.0122,12.0,0.012,60.0,14042.0,189.0
2021-01-05 09:50:24.580,0.0121,0.0122,12.0,0.012,60.0,14042.0,189.0
2021-01-05 09:50:25.241,0.0121,0.0122,22.0,0.012,60.0,14042.0,189.0
2021-01-05 09:50:25.740,0.0121,0.0122,22.0,0.012,60.0,14042.0,189.0
2021-01-05 09:50:26.230,0.0121,0.0122,22.0,0.012,60.0,14042.0,189.0
2021-01-05 09:50:27.210,0.0121,0.0122,22.0,0.012,60.0,14042.0,189.0
2021-01-05 09:50:28.251,0.0121,0.0122,22.0,0.012,60.0,14042.0,189.0
