,last,ask1,asize1,bid1,bsize1,oi,volume
2021-01-05 09:15:11.600,0.0427,0.0427,1.0,0.0427,1.0,17996.0,
2021-01-05 09:16:02.661,0.043,0.043,1.0,0.043,1.0,17996.0,
2021-01-05 09:19:53.800,0.0426,0.0426,1.0,0.0426,1.0,17996.0,
2021-01-05 09:21:35.321,0.0426,0.0426,1.0,0.0426,1.0,17996.0,
2021-01-05 09:24:50.290,0.0426,0.0426,1.0,0.0426,1.0,17996.0,
2021-01-05 09:24:51.291,0.0423,0.0423,1.0,0.0423,1.0,17996.0,
2021-01-05 09:25:00.080,0.0423,0.0423,2.0,0.0415,1.0,17997.0,1.0
2021-01-05 09:30:00.451,0.0423,0.0423,22.0,0.0413,1.0,17997.0,1.0
2021-01-05 09:30:00.991,0.0429,0.0449,1.0,0.0434,9.0,18005.0,11.0
2021-01-05 09:30:01.481,0.0449,0.0488,21.0,0.0423,11.0,18034.0,41.0
2021-01-05 09:30:02.011,0.0423,0.0488,21.0,0.0421,1.0,18044.0,52.0
2021-01-05 09:30:02.440,0.0421,0.0488,21.0,0.0416,1.0,18045.0,53.0
2021-01-05 09:30:05.010,0.0416,0.0418,20.0,0.0402,2.0,18046.0,54.0
2021-01-05 09:30:05.471,0.0416,0.0417,20.0,0.0402,2.0,18046.0,54.0
2021-01-05 09:30:05.990,0.0416,0.0415,20.0,0.0402,2.0,18046.0,54.0
2021-01-05 09:30:06.480,0.0416,0.0414,20.0,0.0402,2.0,18046.0,54.0
2021-01-05 09:30:06.971,0.0402,0.041,20.0,0.0401,4.0,18046.0,56.0
2021-01-05 09:30:08.001,0.0402,0.0409,20.0,0.0401,4.0,18046.0,56.0
2021-01-05 09:30:08.520,0.0402,0.041,20.0,0.0401,4.0,18046.0,56.0
2021-01-05 09:30:08.960,0.0401,0.0408,20.0,0.0396,1.0,18050.0,60.0
2021-01-05 09:30:10.501,0.0401,0.0407,20.0,0.0396,1.0,18050.0,60.0
2021-01-05 09:30:11.000,0.0396,0.0407,20.0,0.0384,20.0,18051.0,61.0
2021-01-05 09:30:11.521,0.0396,0.0407,20.0,0.0381,21.0,18051.0,61.0
2021-01-05 09:30:11.980,0.0396,0.0406,20.0,0.0381,21.0,18051.0,61.0
2021-01-05 09:30:13.000,0.0396,0.0409,20.0,0.0381,21.0,18051.0,61.0
2021-01-05 09:30:13.501,0.0396,0.041,20.0,0.0381,21.0,18051.0,61.0
2021-01-05 09:30:13.941,0.0396,0.0409,20.0,0.0381,21.0,18051.0,61.0
2021-01-05 09:30:15.520,0.0396,0.041,20.0,0.0381,21.0,18051.0,61.0
2021-01-05 09:30:15.991,0.0396,0.041,20.0,0.0381,21.0,18051.0,61.0
2021-01-05 09:30:16.531,0.0396,0.0409,20.0,0.0381,21.0,18051.0,61.0
2021-01-05 09:30:17.021,0.0396,0.0488,21.0,0.0381,1.0,18051.0,61.0
2021-01-05 09:30:17.641,0.0396,0.041,20.0,0.0381,21.0,18051.0,61.0
2021-01-05 09:30:18.231,0.0396,0.0412,20.0,0.0381,21.0,18051.0,61.0
2021-01-05 09:30:18.750,0.0396,0.041,20.0,0.0381,21.0,18051.0,61.0
2021-01-05 09:30:19.251,0.0396,0.0413,20.0,0.0381,21.0,18051.0,61.0
2021-01-05 09:30:19.741,0.0396,0.0414,20.0,0.0381,21.0,18051.0,61.0
2021-01-05 09:30:20.240,0.0396,0.0414,20.0,0.0381,21.0,18051.0,61.0
2021-01-05 09:30:20.740,0.0396,0.0413,20.0,0.0381,21.0,18051.0,61.0
2021-01-05 09:30:21.241,0.0396,0.0412,20.0,0.0381,21.0,18051.0,61.0
2021-01-05 09:30:21.741,0.0396,0.0413,20.0,0.0381,21.0,18051.0,61.0
2021-01-05 09:30:22.240,0.0396,0.0411,20.0,0.0381,21.0,18051.0,61.0
2021-01-05 09:30:22.671,0.0396,0.0412,20.0,0.0381,21.0,18051.0,61.0
2021-01-05 09:30:23.670,0.0396,0.041,20.0,0.0381,21.0,18051.0,61.0
2021-01-05 09:30:24.161,0.0396,0.0409,20.0,0.0381,21.0,18051.0,61.0
2021-01-05 09:30:24.661,0.0396,0.0409,20.0,0.0381,21.0,18051.0,61.0
2021-01-05 09:30:25.160,0.0396,0.0408,20.0,0.0381,23.0,18051.0,61.0
2021-01-05 09:30:25.671,0.0396,0.0407,20.0,0.0381,23.0,18051.0,61.0
2021-01-05 09:30:26.670,0.0396,0.0406,20.0,0.0381,23.0,18051.0,61.0
2021-01-05 09:30:30.620,0.0396,0.0407,20.0,0.0381,23.0,18051.0,61.0
2021-01-05 09:30:31.121,0.0396,0.0407,20.0,0.0381,23.0,18051.0,61.0
2021-01-05 09:30:31.631,0.0396,0.0408,20.0,0.0381,23.0,18051.0,61.0
2021-01-05 09:30:32.140,0.0396,0.0409,20.0,0.0381,23.0,18051.0,61.0
2021-01-05 09:30:32.631,0.0396,0.041,20.0,0.0381,23.0,18051.0,61.0
2021-01-05 09:30:36.170,0.0396,0.0408,20.0,0.0381,23.0,18051.0,61.0
2021-01-05 09:30:36.681,0.0396,0.0408,20.0,0.0381,23.0,18051.0,61.0
2021-01-05 09:30:37.171,0.0396,0.0409,20.0,0.0381,23.0,18051.0,61.0
2021-01-05 09:30:38.141,0.0396,0.0408,20.0,0.0381,23.0,18051.0,61.0
2021-01-05 09:30:38.700,0.0396,0.0408,20.0,0.0381,23.0,18051.0,61.0
2021-01-05 09:30:39.201,0.0396,0.0408,20.0,0.0381,23.0,18051.0,61.0
2021-01-05 09:30:39.680,0.0396,0.0408,20.0,0.0381,23.0,18051.0,61.0
2021-01-05 09:30:40.170,0.0396,0.0407,20.0,0.0382,3.0,18051.0,61.0
2021-01-05 09:30:40.690,0.0396,0.0407,20.0,0.0382,3.0,18051.0,61.0
2021-01-05 09:30:41.011,0.0396,0.0407,20.0,0.0382,23.0,18051.0,61.0
2021-01-05 09:30:41.701,0.0396,0.0405,20.0,0.0382,23.0,18051.0,61.0
2021-01-05 09:30:42.671,0.0396,0.0406,20.0,0.0382,23.0,18051.0,61.0
2021-01-05 09:30:43.681,0.0396,0.0406,30.0,0.0382,23.0,18051.0,61.0
2021-01-05 09:30:44.181,0.0396,0.0406,10.0,0.0382,23.0,18051.0,61.0
2021-01-05 09:30:44.650,0.0396,0.0406,30.0,0.0382,23.0,18051.0,61.0
2021-01-05 09:30:45.161,0.0396,0.0406,30.0,0.0382,23.0,18051.0,61.0
2021-01-05 09:30:45.710,0.0396,0.0406,30.0,0.0382,23.0,18051.0,61.0
2021-01-05 09:30:49.210,0.0396,0.0405,3.0,0.0382,23.0,18051.0,61.0
2021-01-05 09:30:49.700,0.0396,0.0405,23.0,0.0382,23.0,18051.0,61.0
2021-01-05 09:30:50.171,0.0396,0.0405,23.0,0.0382,23.0,18051.0,61.0
2021-01-05 09:30:52.221,0.0396,0.0398,10.0,0.0382,23.0,18051.0,61.0
2021-01-05 09:30:53.120,0.0382,0.0398,30.0,0.0382,18.0,18054.0,66.0
2021-01-05 09:30:53.660,0.0382,0.0398,30.0,0.0381,29.0,18054.0,66.0
2021-01-05 09:30:54.130,0.0382,0.0398,30.0,0.0381,29.0,18054.0,66.0
2021-01-05 09:30:55.671,0.0382,0.0398,30.0,0.0381,29.0,18054.0,66.0
2021-01-05 09:30:58.660,0.0381,0.0398,30.0,0.0381,27.0,18055.0,68.0
2021-01-05 09:30:59.171,0.0381,0.0398,30.0,0.0381,28.0,18055.0,68.0
2021-01-05 09:31:00.161,0.0381,0.0398,30.0,0.0382,3.0,18055.0,68.0
2021-01-05 09:31:00.681,0.0381,0.0398,30.0,0.0382,3.0,18055.0,68.0
2021-01-05 09:31:01.150,0.0381,0.0398,30.0,0.0382,3.0,18055.0,68.0
2021-01-05 09:31:01.680,0.0381,0.0398,30.0,0.0382,3.0,18055.0,68.0
2021-01-05 09:31:02.170,0.0381,0.0398,10.0,0.0382,3.0,18055.0,68.0
2021-01-05 09:31:02.681,0.0381,0.0398,10.0,0.0382,3.0,18055.0,68.0
2021-01-05 09:31:03.131,0.0381,0.0398,30.0,0.0382,3.0,18055.0,68.0
2021-01-05 09:31:03.680,0.0381,0.0398,30.0,0.0382,3.0,18055.0,68.0
2021-01-05 09:31:04.181,0.0381,0.0398,30.0,0.0383,2.0,18055.0,68.0
2021-01-05 09:31:04.671,0.0381,0.0397,10.0,0.0383,2.0,18055.0,68.0
2021-01-05 09:31:05.190,0.0381,0.0397,30.0,0.0383,5.0,18055.0,68.0
2021-01-05 09:31:06.681,0.0381,0.0397,30.0,0.0383,5.0,18055.0,68.0
2021-01-05 09:31:09.101,0.0381,0.0397,30.0,0.0383,5.0,18055.0,68.0
2021-01-05 09:31:09.701,0.0381,0.0397,30.0,0.0383,5.0,18055.0,68.0
2021-01-05 09:31:10.200,0.0381,0.0397,30.0,0.0384,3.0,18055.0,68.0
2021-01-05 09:31:10.690,0.0381,0.0397,30.0,0.0384,3.0,18055.0,68.0
2021-01-05 09:31:11.170,0.0381,0.0397,30.0,0.0385,3.0,18055.0,68.0
2021-01-05 09:31:11.701,0.0381,0.0397,30.0,0.0385,3.0,18055.0,68.0
2021-01-05 09:31:12.190,0.0381,0.0397,30.0,0.0386,3.0,18055.0,68.0
2021-01-05 09:31:12.621,0.0381,0.0397,30.0,0.0386,3.0,18055.0,68.0
2021-01-05 09:31:13.151,0.0386,0.0397,30.0,0.0387,3.0,18056.0,69.0
2021-01-05 09:31:13.710,0.0397,0.0397,20.0,0.0387,3.0,18056.0,79.0
2021-01-05 09:31:14.131,0.0387,0.0396,10.0,0.0388,2.0,18057.0,80.0
2021-01-05 09:31:14.690,0.0388,0.0396,30.0,0.0384,10.0,18059.0,82.0
2021-01-05 09:31:15.110,0.0388,0.0396,30.0,0.0385,2.0,18059.0,82.0
2021-01-05 09:31:16.180,0.0396,0.0396,15.0,0.0385,2.0,18074.0,97.0
2021-01-05 09:31:16.711,0.0396,0.0396,10.0,0.0385,2.0,18074.0,97.0
2021-01-05 09:31:17.201,0.0396,0.0396,30.0,0.0385,2.0,18074.0,97.0
2021-01-05 09:31:17.710,0.0396,0.0396,30.0,0.0385,2.0,18074.0,97.0
2021-01-05 09:31:19.150,0.0396,0.0396,10.0,0.0385,2.0,18074.0,97.0
2021-01-05 09:31:19.721,0.0396,0.0396,10.0,0.0385,2.0,18074.0,97.0
2021-01-05 09:31:20.171,0.0396,0.0396,30.0,0.0385,5.0,18074.0,97.0
2021-01-05 09:31:20.701,0.0396,0.0396,30.0,0.0385,5.0,18074.0,97.0
2021-01-05 09:31:21.221,0.0396,0.0396,30.0,0.0385,5.0,18074.0,97.0
2021-01-05 09:31:21.671,0.0396,0.0396,30.0,0.0385,5.0,18074.0,97.0
2021-01-05 09:31:22.620,0.0396,0.0396,30.0,0.0385,5.0,18074.0,97.0
2021-01-05 09:31:23.640,0.0396,0.0396,40.0,0.0385,5.0,18074.0,97.0
2021-01-05 09:31:25.150,0.0396,0.0395,10.0,0.0385,5.0,18074.0,97.0
2021-01-05 09:31:25.640,0.0396,0.0395,30.0,0.0385,5.0,18074.0,97.0
2021-01-05 09:31:26.141,0.0396,0.0386,10.0,0.0385,5.0,18074.0,97.0
2021-01-05 09:31:26.681,0.0386,0.0394,10.0,0.0385,12.0,18084.0,107.0
2021-01-05 09:31:27.171,0.0386,0.0394,20.0,0.0385,12.0,18094.0,117.0
2021-01-05 09:31:27.601,0.0386,0.0386,10.0,0.0385,12.0,18094.0,117.0
2021-01-05 09:31:28.091,0.0385,0.0386,10.0,0.0385,11.0,18094.0,118.0
2021-01-05 09:31:28.520,0.0385,0.0386,10.0,0.0385,11.0,18094.0,118.0
2021-01-05 09:31:29.171,0.0385,0.0386,10.0,0.0385,11.0,18094.0,118.0
2021-01-05 09:31:29.641,0.0386,0.0386,9.0,0.0385,11.0,18095.0,119.0
2021-01-05 09:31:30.170,0.0386,0.0386,3.0,0.0385,11.0,18101.0,125.0
2021-01-05 09:31:30.621,0.0385,0.0386,3.0,0.0385,9.0,18103.0,127.0
2021-01-05 09:31:31.101,0.0386,0.0386,1.0,0.0385,9.0,18103.0,129.0
2021-01-05 09:31:31.641,0.0386,0.0386,1.0,0.0385,9.0,18103.0,129.0
2021-01-05 09:31:33.190,0.0386,0.0388,3.0,0.0386,1.0,18103.0,130.0
2021-01-05 09:31:33.610,0.0386,0.0387,10.0,0.0386,1.0,18103.0,130.0
2021-01-05 09:31:34.181,0.0386,0.0387,10.0,0.0386,3.0,18103.0,130.0
2021-01-05 09:31:34.681,0.0386,0.0387,10.0,0.0386,9.0,18103.0,130.0
2021-01-05 09:31:35.670,0.0386,0.0387,10.0,0.0386,9.0,18103.0,130.0
2021-01-05 09:31:36.690,0.0386,0.0387,10.0,0.0386,9.0,18103.0,130.0
2021-01-05 09:31:37.620,0.0386,0.0387,10.0,0.0386,9.0,18103.0,130.0
2021-01-05 09:31:38.190,0.0387,0.0387,9.0,0.0386,28.0,18103.0,131.0
2021-01-05 09:31:39.210,0.0387,0.0387,9.0,0.0386,28.0,18103.0,131.0
2021-01-05 09:31:39.710,0.0387,0.0388,3.0,0.0387,11.0,18110.0,140.0
2021-01-05 09:31:40.200,0.0387,0.0388,13.0,0.0387,13.0,18110.0,140.0
2021-01-05 09:31:40.711,0.0387,0.0388,11.0,0.0387,12.0,18111.0,143.0
2021-01-05 09:31:41.141,0.0387,0.0388,11.0,0.0387,13.0,18111.0,143.0
2021-01-05 09:31:41.691,0.0388,0.0388,10.0,0.0387,13.0,18111.0,144.0
2021-01-05 09:31:42.211,0.0388,0.0388,9.0,0.0387,13.0,18111.0,145.0
2021-01-05 09:31:43.191,0.0388,0.0388,8.0,0.0387,13.0,18111.0,146.0
2021-01-05 09:31:43.710,0.0388,0.0388,8.0,0.0387,13.0,18111.0,146.0
2021-01-05 09:31:44.691,0.0388,0.0388,8.0,0.0387,13.0,18111.0,146.0
2021-01-05 09:31:45.170,0.0388,0.0388,8.0,0.0387,13.0,18111.0,146.0
2021-01-05 09:31:45.700,0.0388,0.0388,8.0,0.0387,13.0,18111.0,146.0
2021-01-05 09:31:46.171,0.0388,0.0388,8.0,0.0387,13.0,18111.0,146.0
2021-01-05 09:31:46.701,0.0388,0.0388,6.0,0.0387,13.0,18113.0,148.0
2021-01-05 09:31:47.711,0.0388,0.0388,5.0,0.0387,13.0,18113.0,149.0
2021-01-05 09:31:49.711,0.0388,0.0388,9.0,0.0387,13.0,18113.0,151.0
2021-01-05 09:31:50.191,0.0388,0.0393,10.0,0.0387,13.0,18118.0,160.0
2021-01-05 09:31:50.710,0.0388,0.039,10.0,0.0387,13.0,18118.0,160.0
2021-01-05 09:31:51.210,0.0388,0.039,10.0,0.0387,13.0,18118.0,160.0
2021-01-05 09:31:51.701,0.0388,0.039,10.0,0.0387,13.0,18118.0,160.0
2021-01-05 09:31:52.220,0.0388,0.0395,10.0,0.0387,33.0,18118.0,160.0
2021-01-05 09:31:52.621,0.0388,0.0395,10.0,0.0393,1.0,18118.0,160.0
2021-01-05 09:31:53.171,0.0388,0.0395,10.0,0.0393,14.0,18118.0,160.0
2021-01-05 09:31:53.530,0.0388,0.0395,10.0,0.0393,1.0,18118.0,160.0
2021-01-05 09:31:54.151,0.0388,0.0395,10.0,0.0394,13.0,18118.0,160.0
2021-01-05 09:31:54.641,0.0394,0.0395,10.0,0.0394,13.0,18118.0,161.0
2021-01-05 09:31:54.800,0.0394,0.0395,10.0,0.0393,14.0,18118.0,161.0
2021-01-05 09:31:55.670,0.0394,0.0398,4.0,0.0394,13.0,18118.0,161.0
2021-01-05 09:31:56.110,0.0394,0.0398,4.0,0.0393,14.0,18118.0,161.0
2021-01-05 09:31:56.591,0.0394,0.0398,4.0,0.0394,13.0,18118.0,161.0
2021-01-05 09:31:57.171,0.0394,0.0398,4.0,0.0394,13.0,18118.0,161.0
2021-01-05 09:31:58.171,0.0394,0.0398,4.0,0.0393,14.0,18118.0,161.0
2021-01-05 09:31:59.180,0.0394,0.0398,4.0,0.0394,1.0,18118.0,161.0
2021-01-05 09:31:59.660,0.0394,0.0398,4.0,0.0394,1.0,18118.0,161.0
2021-01-05 09:32:00.150,0.0394,0.0398,4.0,0.0394,4.0,18118.0,161.0
2021-01-05 09:32:00.650,0.0394,0.0398,4.0,0.0395,13.0,18118.0,161.0
2021-01-05 09:32:01.170,0.0394,0.0398,4.0,0.0394,1.0,18118.0,161.0
2021-01-05 09:32:01.670,0.0394,0.0398,4.0,0.0394,4.0,18118.0,161.0
2021-01-05 09:32:02.171,0.0394,0.0398,4.0,0.0394,4.0,18118.0,161.0
2021-01-05 09:32:02.671,0.0394,0.0395,10.0,0.0394,4.0,18118.0,161.0
2021-01-05 09:32:03.180,0.0394,0.0395,10.0,0.0394,3.0,18119.0,162.0
2021-01-05 09:32:03.641,0.0394,0.0395,10.0,0.039,13.0,18120.0,163.0
2021-01-05 09:32:04.150,0.0394,0.0395,10.0,0.0391,2.0,18120.0,163.0
2021-01-05 09:32:04.630,0.0394,0.0395,10.0,0.0391,2.0,18120.0,163.0
2021-01-05 09:32:05.141,0.0394,0.0395,10.0,0.0392,13.0,18120.0,163.0
2021-01-05 09:32:05.660,0.0394,0.0395,10.0,0.0389,33.0,18120.0,163.0
2021-01-05 09:32:06.161,0.0394,0.0398,4.0,0.0393,1.0,18120.0,163.0
2021-01-05 09:32:06.680,0.0394,0.0398,4.0,0.0393,1.0,18120.0,163.0
2021-01-05 09:32:07.070,0.0394,0.0398,4.0,0.0393,3.0,18120.0,163.0
2021-01-05 09:32:07.671,0.0394,0.0398,4.0,0.0393,3.0,18120.0,163.0
2021-01-05 09:32:08.171,0.0394,0.0398,4.0,0.0393,3.0,18120.0,163.0
2021-01-05 09:32:08.670,0.0394,0.0398,4.0,0.0393,4.0,18120.0,163.0
2021-01-05 09:32:09.141,0.0394,0.0398,4.0,0.0393,4.0,18120.0,163.0
2021-01-05 09:32:09.681,0.0398,0.0398,3.0,0.0393,4.0,18121.0,164.0
2021-01-05 09:32:10.161,0.0398,0.0398,3.0,0.0393,17.0,18121.0,164.0
2021-01-05 09:32:10.551,0.0398,0.04,11.0,0.0398,12.0,18123.0,167.0
2021-01-05 09:32:11.120,0.0398,0.04,11.0,0.0398,5.0,18130.0,174.0
2021-01-05 09:32:11.650,0.0399,0.0398,1.0,0.0393,2.0,18137.0,181.0
2021-01-05 09:32:12.161,0.0399,0.0398,1.0,0.0393,2.0,18137.0,181.0
2021-01-05 09:32:12.670,0.0399,0.0398,1.0,0.0393,2.0,18137.0,181.0
2021-01-05 09:32:13.171,0.0399,0.0398,1.0,0.0393,2.0,18137.0,181.0
2021-01-05 09:32:13.671,0.0399,0.0398,1.0,0.0393,2.0,18137.0,181.0
2021-01-05 09:32:14.180,0.0399,0.0398,1.0,0.0393,2.0,18137.0,181.0
2021-01-05 09:32:14.660,0.0399,0.0397,10.0,0.0393,2.0,18137.0,181.0
2021-01-05 09:32:15.171,0.0399,0.0397,10.0,0.0393,2.0,18137.0,181.0
2021-01-05 09:32:15.671,0.0399,0.0397,10.0,0.0393,2.0,18137.0,181.0
2021-01-05 09:32:16.151,0.04,0.0399,10.0,0.0397,2.0,18151.0,196.0
2021-01-05 09:32:16.551,0.0397,0.0399,10.0,0.0393,2.0,18153.0,198.0
2021-01-05 09:32:17.161,0.0397,0.0399,30.0,0.0393,2.0,18153.0,198.0
2021-01-05 09:32:17.651,0.0397,0.0399,30.0,0.0393,2.0,18153.0,198.0
2021-01-05 09:32:18.130,0.0397,0.0398,13.0,0.0394,13.0,18153.0,198.0
2021-01-05 09:32:18.670,0.0398,0.0398,13.0,0.0394,13.0,18163.0,208.0
2021-01-05 09:32:19.150,0.0398,0.0399,10.0,0.0394,13.0,18163.0,208.0
2021-01-05 09:32:19.640,0.0398,0.0399,10.0,0.0394,13.0,18163.0,208.0
2021-01-05 09:32:20.151,0.0399,0.04,20.0,0.0398,6.0,18173.0,218.0
2021-01-05 09:32:20.671,0.0399,0.04,10.0,0.0399,17.0,18174.0,225.0
2021-01-05 09:32:20.861,0.0399,0.04,40.0,0.0399,13.0,18178.0,235.0
2021-01-05 09:32:21.680,0.0399,0.04,40.0,0.0394,13.0,18178.0,235.0
2021-01-05 09:32:22.181,0.0399,0.04,40.0,0.0394,13.0,18178.0,235.0
2021-01-05 09:32:22.481,0.0394,0.0398,2.0,0.0395,13.0,18178.0,240.0
2021-01-05 09:32:23.140,0.0394,0.0398,22.0,0.0394,13.0,18178.0,240.0
2021-01-05 09:32:24.091,0.0398,0.0398,21.0,0.0394,13.0,18179.0,241.0
2021-01-05 09:32:24.640,0.0398,0.0398,1.0,0.0394,13.0,18179.0,241.0
2021-01-05 09:32:25.670,0.0398,0.0397,10.0,0.0394,13.0,18179.0,241.0
2021-01-05 09:32:26.171,0.0397,0.0398,21.0,0.0394,13.0,18179.0,251.0
2021-01-05 09:32:26.650,0.0398,0.0399,10.0,0.0394,13.0,18179.0,254.0
2021-01-05 09:32:27.151,0.0398,0.0399,10.0,0.0394,13.0,18179.0,254.0
2021-01-05 09:32:27.670,0.0398,0.0395,10.0,0.0394,13.0,18179.0,254.0
2021-01-05 09:32:28.171,0.0402,0.0403,30.0,0.0395,15.0,18193.0,274.0
2021-01-05 09:32:28.630,0.0396,0.0403,20.0,0.0396,13.0,18193.0,284.0
2021-01-05 09:32:29.180,0.0396,0.0405,43.0,0.0396,13.0,18193.0,284.0
2021-01-05 09:32:30.171,0.0396,0.0405,33.0,0.0397,5.0,18193.0,284.0
2021-01-05 09:32:30.671,0.0396,0.0404,13.0,0.0398,13.0,18193.0,284.0
2021-01-05 09:32:31.151,0.0396,0.0404,33.0,0.04,9.0,18193.0,284.0
2021-01-05 09:32:31.631,0.0404,0.0403,13.0,0.0401,5.0,18194.0,285.0
2021-01-05 09:32:32.121,0.0401,0.0403,13.0,0.04,22.0,18199.0,290.0
2021-01-05 09:32:32.690,0.0401,0.0401,10.0,0.04,9.0,18199.0,290.0
2021-01-05 09:32:33.141,0.0401,0.0403,20.0,0.0401,13.0,18199.0,300.0
2021-01-05 09:32:33.671,0.0401,0.0402,10.0,0.04,22.0,18199.0,300.0
2021-01-05 09:32:34.171,0.0401,0.0401,13.0,0.04,9.0,18199.0,300.0
2021-01-05 09:32:34.691,0.0401,0.0401,13.0,0.04,9.0,18199.0,300.0
2021-01-05 09:32:35.170,0.04,0.04,4.0,0.0393,11.0,18218.0,328.0
2021-01-05 09:32:35.671,0.04,0.0402,4.0,0.0394,16.0,18218.0,328.0
2021-01-05 09:32:36.190,0.04,0.0402,4.0,0.0395,13.0,18218.0,328.0
2021-01-05 09:32:36.691,0.04,0.0402,24.0,0.0395,13.0,18218.0,328.0
2021-01-05 09:32:37.150,0.04,0.0402,24.0,0.0395,13.0,18218.0,328.0
2021-01-05 09:32:37.640,0.04,0.0402,24.0,0.0395,16.0,18218.0,328.0
2021-01-05 09:32:38.190,0.04,0.0402,24.0,0.0396,13.0,18218.0,328.0
2021-01-05 09:32:39.200,0.04,0.0401,20.0,0.0397,20.0,18218.0,328.0
2021-01-05 09:32:39.621,0.04,0.0401,20.0,0.0398,13.0,18218.0,328.0
2021-01-05 09:32:40.151,0.04,0.0401,20.0,0.0398,13.0,18218.0,328.0
2021-01-05 09:32:40.641,0.04,0.0401,20.0,0.0398,13.0,18218.0,328.0
2021-01-05 09:32:41.200,0.04,0.0401,20.0,0.0398,13.0,18218.0,328.0
2021-01-05 09:32:41.690,0.04,0.0402,4.0,0.0399,20.0,18218.0,328.0
2021-01-05 09:32:42.201,0.04,0.0401,20.0,0.04,13.0,18218.0,328.0
2021-01-05 09:32:42.700,0.04,0.0402,24.0,0.0399,20.0,18218.0,328.0
2021-01-05 09:32:43.131,0.04,0.0402,4.0,0.0401,1.0,18218.0,328.0
2021-01-05 09:32:43.580,0.04,0.0403,53.0,0.0401,1.0,18218.0,328.0
2021-01-05 09:32:44.151,0.0401,0.0403,53.0,0.04,13.0,18218.0,329.0
2021-01-05 09:32:45.190,0.0401,0.0401,40.0,0.0397,20.0,18218.0,329.0
2021-01-05 09:32:45.580,0.0401,0.0402,20.0,0.0399,20.0,18218.0,329.0
2021-01-05 09:32:46.160,0.0401,0.0403,40.0,0.04,13.0,18218.0,329.0
2021-01-05 09:32:46.621,0.0401,0.0403,40.0,0.04,13.0,18218.0,329.0
2021-01-05 09:32:47.201,0.0401,0.0403,40.0,0.04,13.0,18218.0,329.0
2021-01-05 09:32:48.181,0.0401,0.0404,50.0,0.04,33.0,18218.0,329.0
2021-01-05 09:32:48.550,0.0401,0.0404,50.0,0.0401,13.0,18218.0,329.0
2021-01-05 09:32:48.690,0.0401,0.0404,30.0,0.0403,17.0,18218.0,329.0
2021-01-05 09:32:49.670,0.0404,0.0405,3.0,0.0404,13.0,18221.0,332.0
2021-01-05 09:32:50.171,0.0406,0.041,10.0,0.0406,7.0,18221.0,345.0
2021-01-05 09:32:50.700,0.0407,0.0409,10.0,0.0407,6.0,18221.0,365.0
2021-01-05 09:32:51.170,0.0407,0.0409,20.0,0.0405,10.0,18221.0,366.0
2021-01-05 09:32:51.701,0.0407,0.0408,13.0,0.0405,43.0,18221.0,366.0
2021-01-05 09:32:52.191,0.0407,0.0408,20.0,0.0405,43.0,18221.0,366.0
2021-01-05 09:32:52.431,0.0406,0.0408,20.0,0.0405,30.0,18221.0,367.0
2021-01-05 09:32:53.161,0.0406,0.0407,20.0,0.0405,43.0,18221.0,367.0
2021-01-05 09:32:53.641,0.0406,0.0406,13.0,0.0405,30.0,18221.0,367.0
2021-01-05 09:32:54.181,0.0405,0.0406,13.0,0.0405,2.0,18221.0,395.0
2021-01-05 09:32:54.671,0.0405,0.0405,18.0,0.0403,27.0,18221.0,397.0
2021-01-05 09:32:55.161,0.0405,0.0405,13.0,0.0403,27.0,18221.0,397.0
2021-01-05 09:32:55.650,0.0405,0.0406,13.0,0.0403,60.0,18221.0,397.0
2021-01-05 09:32:56.150,0.0405,0.0408,13.0,0.0405,20.0,18221.0,397.0
2021-01-05 09:32:56.611,0.0405,0.0408,13.0,0.0406,20.0,18221.0,397.0
2021-01-05 09:32:57.151,0.0405,0.0409,20.0,0.0404,20.0,18221.0,397.0
2021-01-05 09:32:57.600,0.0405,0.0407,20.0,0.0404,20.0,18221.0,397.0
2021-01-05 09:32:58.171,0.0405,0.0407,13.0,0.0404,33.0,18221.0,397.0
2021-01-05 09:32:58.651,0.0405,0.0408,13.0,0.0405,20.0,18221.0,397.0
2021-01-05 09:32:59.170,0.0405,0.0409,20.0,0.0406,13.0,18221.0,397.0
2021-01-05 09:32:59.621,0.0405,0.041,13.0,0.0406,33.0,18221.0,397.0
2021-01-05 09:33:00.180,0.0405,0.041,13.0,0.0407,16.0,18221.0,397.0
2021-01-05 09:33:00.651,0.0405,0.041,33.0,0.0407,3.0,18221.0,397.0
2021-01-05 09:33:01.081,0.0405,0.0409,33.0,0.0407,3.0,18221.0,397.0
2021-01-05 09:33:01.661,0.0407,0.0407,20.0,0.0403,52.0,18224.0,400.0
2021-01-05 09:33:02.130,0.0407,0.0406,13.0,0.0403,65.0,18224.0,400.0
2021-01-05 09:33:02.651,0.0407,0.0406,33.0,0.0403,52.0,18224.0,400.0
2021-01-05 09:33:03.121,0.0407,0.0405,10.0,0.0403,32.0,18224.0,400.0
2021-01-05 09:33:03.681,0.0407,0.0404,13.0,0.0403,32.0,18224.0,400.0
2021-01-05 09:33:04.140,0.0403,0.0404,13.0,0.0403,12.0,18227.0,420.0
2021-01-05 09:33:04.651,0.0403,0.0404,33.0,0.0403,2.0,18237.0,430.0
2021-01-05 09:33:05.181,0.0403,0.0403,33.0,0.0399,13.0,18239.0,432.0
2021-01-05 09:33:05.690,0.0402,0.0402,3.0,0.0398,33.0,18269.0,462.0
2021-01-05 09:33:06.170,0.0402,0.0402,53.0,0.0398,13.0,18269.0,462.0
2021-01-05 09:33:06.681,0.0402,0.0402,20.0,0.0398,20.0,18269.0,462.0
2021-01-05 09:33:07.171,0.0402,0.0402,20.0,0.0397,20.0,18269.0,462.0
2021-01-05 09:33:07.601,0.0402,0.0403,53.0,0.0399,20.0,18269.0,462.0
2021-01-05 09:33:08.191,0.0402,0.0403,20.0,0.0399,20.0,18269.0,462.0
2021-01-05 09:33:08.681,0.0402,0.0404,53.0,0.0401,20.0,18269.0,462.0
2021-01-05 09:33:09.181,0.0402,0.0404,33.0,0.0401,33.0,18269.0,462.0
2021-01-05 09:33:09.651,0.0402,0.0404,20.0,0.0402,13.0,18269.0,462.0
2021-01-05 09:33:10.180,0.0402,0.0404,13.0,0.0403,5.0,18269.0,475.0
2021-01-05 09:33:10.681,0.0402,0.0404,33.0,0.0403,5.0,18269.0,475.0
2021-01-05 09:33:11.180,0.0403,0.0403,13.0,0.0399,33.0,18274.0,480.0
2021-01-05 09:33:11.670,0.0403,0.0403,33.0,0.0399,33.0,18274.0,480.0
2021-01-05 09:33:12.181,0.0403,0.0403,33.0,0.04,23.0,18274.0,493.0
2021-01-05 09:33:12.650,0.0403,0.0403,20.0,0.0402,20.0,18274.0,493.0
2021-01-05 09:33:13.100,0.0403,0.0404,20.0,0.0402,20.0,18274.0,493.0
2021-01-05 09:33:13.691,0.0403,0.0405,33.0,0.0402,13.0,18274.0,493.0
2021-01-05 09:33:14.160,0.0403,0.0404,13.0,0.0401,20.0,18274.0,493.0
2021-01-05 09:33:14.600,0.0403,0.0404,13.0,0.0401,20.0,18274.0,493.0
2021-01-05 09:33:15.140,0.0403,0.0404,33.0,0.0401,20.0,18274.0,493.0
2021-01-05 09:33:15.651,0.0403,0.0403,33.0,0.0399,33.0,18274.0,493.0
2021-01-05 09:33:16.181,0.0403,0.0402,23.0,0.0399,33.0,18274.0,493.0
2021-01-05 09:33:16.671,0.0403,0.0401,13.0,0.0398,13.0,18274.0,493.0
2021-01-05 09:33:17.190,0.0403,0.04,10.0,0.0397,33.0,18274.0,493.0
2021-01-05 09:33:17.691,0.0403,0.04,23.0,0.0397,33.0,18274.0,493.0
2021-01-05 09:33:18.160,0.0403,0.04,10.0,0.0397,20.0,18274.0,493.0
2021-01-05 09:33:18.680,0.0403,0.04,10.0,0.0398,13.0,18274.0,493.0
2021-01-05 09:33:19.191,0.0403,0.04,10.0,0.0398,13.0,18274.0,493.0
2021-01-05 09:33:19.660,0.0403,0.04,63.0,0.0397,13.0,18274.0,493.0
2021-01-05 09:33:20.171,0.0403,0.04,30.0,0.0396,13.0,18274.0,493.0
2021-01-05 09:33:20.680,0.0403,0.04,10.0,0.0397,20.0,18274.0,493.0
2021-01-05 09:33:21.160,0.0403,0.04,43.0,0.0397,33.0,18274.0,493.0
2021-01-05 09:33:21.681,0.0403,0.04,10.0,0.0398,13.0,18274.0,493.0
2021-01-05 09:33:22.150,0.04,0.0401,33.0,0.04,20.0,18304.0,523.0
2021-01-05 09:33:22.301,0.04,0.04,30.0,0.0397,13.0,18324.0,543.0
2021-01-05 09:33:23.151,0.04,0.0399,10.0,0.0397,13.0,18324.0,543.0
2021-01-05 09:33:23.660,0.04,0.0399,10.0,0.0396,13.0,18324.0,543.0
2021-01-05 09:33:24.171,0.04,0.0399,10.0,0.0396,33.0,18324.0,543.0
2021-01-05 09:33:24.651,0.04,0.0399,10.0,0.0398,20.0,18324.0,543.0
2021-01-05 09:33:25.151,0.04,0.0399,10.0,0.0398,20.0,18324.0,543.0
2021-01-05 09:33:25.671,0.0399,0.04,5.0,0.0399,13.0,18324.0,558.0
2021-01-05 09:33:26.161,0.0399,0.04,5.0,0.0398,28.0,18324.0,558.0
2021-01-05 09:33:26.651,0.0399,0.04,5.0,0.0399,13.0,18324.0,558.0
2021-01-05 09:33:27.171,0.0399,0.04,25.0,0.0398,13.0,18324.0,558.0
2021-01-05 09:33:27.681,0.0399,0.0399,6.0,0.0396,13.0,18324.0,578.0
2021-01-05 09:33:28.180,0.0399,0.04,5.0,0.0398,20.0,18324.0,579.0
2021-01-05 09:33:28.630,0.0399,0.04,25.0,0.0398,13.0,18324.0,579.0
2021-01-05 09:33:29.171,0.0399,0.04,25.0,0.0397,13.0,18324.0,579.0
2021-01-05 09:33:30.180,0.0399,0.04,5.0,0.0399,18.0,18324.0,579.0
2021-01-05 09:33:30.670,0.0399,0.0402,43.0,0.0399,18.0,18324.0,579.0
2021-01-05 09:33:31.131,0.0399,0.0402,43.0,0.0399,18.0,18324.0,579.0
2021-01-05 09:33:31.680,0.0399,0.0401,13.0,0.0399,5.0,18324.0,579.0
2021-01-05 09:33:32.141,0.0399,0.0402,43.0,0.0399,18.0,18324.0,579.0
2021-01-05 09:33:32.620,0.0399,0.0402,43.0,0.0399,18.0,18324.0,579.0
2021-01-05 09:33:33.680,0.0399,0.0402,30.0,0.0399,5.0,18324.0,579.0
2021-01-05 09:33:34.070,0.0399,0.0401,13.0,0.0399,5.0,18324.0,579.0
2021-01-05 09:33:34.671,0.0399,0.0401,13.0,0.0399,5.0,18324.0,579.0
2021-01-05 09:33:35.171,0.0399,0.0401,13.0,0.0399,5.0,18324.0,579.0
2021-01-05 09:33:35.690,0.0399,0.0401,13.0,0.0399,25.0,18324.0,579.0
2021-01-05 09:33:36.101,0.0399,0.0402,10.0,0.0399,25.0,18324.0,579.0
2021-01-05 09:33:36.681,0.0399,0.0401,13.0,0.0399,5.0,18324.0,579.0
2021-01-05 09:33:37.190,0.0399,0.0401,13.0,0.0399,5.0,18324.0,579.0
2021-01-05 09:33:37.640,0.0399,0.0401,33.0,0.0399,5.0,18324.0,579.0
2021-01-05 09:33:38.120,0.0399,0.04,13.0,0.0399,5.0,18324.0,579.0
2021-01-05 09:33:38.621,0.0399,0.04,13.0,0.0399,5.0,18324.0,579.0
2021-01-05 09:33:39.201,0.0399,0.04,13.0,0.0399,5.0,18324.0,579.0
2021-01-05 09:33:39.641,0.0399,0.0401,13.0,0.0399,25.0,18324.0,579.0
2021-01-05 09:33:40.160,0.0399,0.0401,13.0,0.0399,25.0,18324.0,579.0
2021-01-05 09:33:40.690,0.0399,0.0402,13.0,0.0399,25.0,18324.0,579.0
2021-01-05 09:33:41.161,0.0399,0.0402,13.0,0.04,20.0,18324.0,579.0
2021-01-05 09:33:41.691,0.0399,0.0402,13.0,0.04,20.0,18324.0,579.0
2021-01-05 09:33:42.160,0.0399,0.0402,13.0,0.0401,5.0,18324.0,579.0
2021-01-05 09:33:42.640,0.0399,0.0404,13.0,0.0401,38.0,18324.0,579.0
2021-01-05 09:33:43.180,0.0399,0.0404,13.0,0.0402,20.0,18324.0,579.0
2021-01-05 09:33:43.681,0.0399,0.0405,23.0,0.0402,33.0,18324.0,579.0
2021-01-05 09:33:44.110,0.0399,0.0404,13.0,0.0403,5.0,18324.0,579.0
2021-01-05 09:33:44.671,0.0403,0.0404,13.0,0.0403,3.0,18326.0,581.0
2021-01-05 09:33:45.180,0.0403,0.0404,13.0,0.0403,2.0,18327.0,582.0
2021-01-05 09:33:45.660,0.0403,0.0404,13.0,0.0403,2.0,18327.0,582.0
2021-01-05 09:33:46.161,0.0403,0.0405,23.0,0.0403,22.0,18327.0,582.0
2021-01-05 09:33:46.680,0.0403,0.0405,10.0,0.0403,35.0,18327.0,582.0
2021-01-05 09:33:47.191,0.0403,0.0405,10.0,0.0404,20.0,18327.0,582.0
2021-01-05 09:33:47.681,0.0403,0.0405,10.0,0.0404,33.0,18327.0,582.0
2021-01-05 09:33:48.171,0.0405,0.0408,10.0,0.0404,20.0,18329.0,584.0
2021-01-05 09:33:48.680,0.0405,0.0407,13.0,0.0404,20.0,18329.0,584.0
2021-01-05 09:33:49.051,0.0405,0.0407,13.0,0.0404,33.0,18329.0,584.0
2021-01-05 09:33:49.681,0.0405,0.0407,13.0,0.0404,33.0,18329.0,584.0
2021-01-05 09:33:50.130,0.0405,0.0407,13.0,0.0406,20.0,18329.0,584.0
2021-01-05 09:33:50.570,0.0407,0.0406,13.0,0.0404,20.0,18329.0,591.0
2021-01-05 09:33:50.901,0.0407,0.0407,13.0,0.0404,20.0,18329.0,591.0
2021-01-05 09:33:51.571,0.0407,0.0407,13.0,0.0404,20.0,18329.0,591.0
2021-01-05 09:33:52.190,0.0407,0.0407,13.0,0.0404,20.0,18329.0,591.0
2021-01-05 09:33:52.661,0.0407,0.0407,13.0,0.0404,33.0,18329.0,591.0
2021-01-05 09:33:52.960,0.0407,0.0407,13.0,0.0405,20.0,18329.0,591.0
2021-01-05 09:33:53.650,0.0407,0.0408,30.0,0.0407,4.0,18355.0,617.0
2021-01-05 09:33:54.180,0.0407,0.0408,30.0,0.0407,3.0,18356.0,618.0
2021-01-05 09:33:54.610,0.0407,0.0408,30.0,0.0407,3.0,18356.0,618.0
2021-01-05 09:33:55.181,0.0407,0.0408,10.0,0.0407,3.0,18356.0,618.0
2021-01-05 09:33:55.650,0.0407,0.0408,10.0,0.0407,16.0,18356.0,618.0
2021-01-05 09:33:57.171,0.0407,0.0408,10.0,0.0407,16.0,18356.0,618.0
2021-01-05 09:33:57.671,0.0405,0.0405,220.0,0.0402,20.0,18359.0,660.0
2021-01-05 09:33:58.170,0.0405,0.0405,151.0,0.04,29.0,18364.0,739.0
2021-01-05 09:33:58.670,0.0405,0.0405,117.0,0.0401,13.0,18366.0,763.0
2021-01-05 09:33:59.140,0.0405,0.0405,87.0,0.0401,33.0,18371.0,793.0
2021-01-05 09:33:59.690,0.0405,0.0405,65.0,0.0402,13.0,18371.0,815.0
2021-01-05 09:34:00.141,0.0405,0.0405,24.0,0.0403,3.0,18371.0,856.0
2021-01-05 09:34:00.671,0.0405,0.0405,2.0,0.0404,13.0,18371.0,878.0
2021-01-05 09:34:01.081,0.0405,0.0409,2.0,0.0408,19.0,18373.0,880.0
2021-01-05 09:34:01.661,0.0409,0.041,13.0,0.0409,1.0,18375.0,882.0
2021-01-05 09:34:02.170,0.0409,0.041,33.0,0.0407,13.0,18376.0,883.0
2021-01-05 09:34:02.671,0.0409,0.041,33.0,0.0406,33.0,18376.0,883.0
2021-01-05 09:34:03.171,0.0409,0.0409,13.0,0.0408,20.0,18376.0,883.0
2021-01-05 09:34:03.670,0.0409,0.0411,13.0,0.0408,20.0,18376.0,883.0
2021-01-05 09:34:05.121,0.0409,0.0411,13.0,0.041,2.0,18376.0,883.0
2021-01-05 09:34:05.630,0.0409,0.0411,13.0,0.041,2.0,18376.0,883.0
2021-01-05 09:34:06.191,0.0409,0.0411,13.0,0.041,2.0,18376.0,883.0
2021-01-05 09:34:06.671,0.0409,0.0412,23.0,0.041,2.0,18376.0,883.0
2021-01-05 09:34:07.130,0.0409,0.0411,13.0,0.041,2.0,18376.0,883.0
2021-01-05 09:34:07.630,0.0409,0.0412,13.0,0.041,2.0,18376.0,883.0
2021-01-05 09:34:08.171,0.0409,0.0413,13.0,0.0411,20.0,18376.0,883.0
2021-01-05 09:34:08.690,0.0409,0.0415,13.0,0.0411,41.0,18376.0,883.0
2021-01-05 09:34:09.170,0.0409,0.0414,20.0,0.0411,1.0,18376.0,883.0
2021-01-05 09:34:09.670,0.0409,0.0413,13.0,0.0411,1.0,18376.0,883.0
2021-01-05 09:34:10.140,0.0409,0.0413,13.0,0.0411,1.0,18376.0,883.0
2021-01-05 09:34:10.690,0.0409,0.0412,20.0,0.0411,1.0,18376.0,883.0
2021-01-05 09:34:11.151,0.0411,0.0411,14.0,0.041,2.0,18377.0,884.0
2021-01-05 09:34:11.681,0.041,0.0409,20.0,0.0407,33.0,18379.0,886.0
2021-01-05 09:34:12.121,0.041,0.0409,13.0,0.0407,20.0,18379.0,886.0
2021-01-05 09:34:12.621,0.041,0.0411,20.0,0.0408,33.0,18379.0,886.0
2021-01-05 09:34:13.191,0.041,0.0411,33.0,0.0408,33.0,18379.0,886.0
2021-01-05 09:34:13.650,0.041,0.041,13.0,0.0407,13.0,18379.0,886.0
2021-01-05 09:34:14.181,0.041,0.041,13.0,0.0406,20.0,18379.0,886.0
2021-01-05 09:34:14.691,0.041,0.0409,20.0,0.0404,53.0,18379.0,886.0
2021-01-05 09:34:15.181,0.0408,0.0408,24.0,0.0404,13.0,18388.0,895.0
2021-01-05 09:34:15.681,0.0408,0.0409,33.0,0.0404,40.0,18388.0,895.0
2021-01-05 09:34:16.190,0.0408,0.0408,13.0,0.0406,20.0,18388.0,895.0
2021-01-05 09:34:16.630,0.0408,0.0412,20.0,0.0408,7.0,18401.0,908.0
2021-01-05 09:34:17.181,0.0408,0.0412,20.0,0.0409,13.0,18401.0,908.0
2021-01-05 09:34:17.690,0.0408,0.0412,20.0,0.0409,13.0,18401.0,908.0
2021-01-05 09:34:18.201,0.0408,0.0414,20.0,0.0409,33.0,18401.0,908.0
2021-01-05 09:34:18.620,0.0408,0.0412,20.0,0.041,13.0,18401.0,908.0
2021-01-05 09:34:19.041,0.0408,0.0414,20.0,0.0412,1.0,18401.0,908.0
2021-01-05 09:34:19.661,0.0411,0.0411,6.0,0.0407,40.0,18402.0,922.0
2021-01-05 09:34:20.161,0.0411,0.0413,20.0,0.0409,20.0,18402.0,928.0
2021-01-05 09:34:20.651,0.0411,0.0412,13.0,0.0409,20.0,18402.0,928.0
2021-01-05 09:34:21.200,0.0411,0.0412,13.0,0.041,3.0,18402.0,928.0
2021-01-05 09:34:21.690,0.0411,0.0413,13.0,0.0411,10.0,18402.0,928.0
2021-01-05 09:34:22.151,0.0411,0.0414,13.0,0.0411,10.0,18402.0,928.0
2021-01-05 09:34:22.651,0.0411,0.0413,20.0,0.0412,3.0,18402.0,928.0
2021-01-05 09:34:23.181,0.0412,0.0412,13.0,0.0411,10.0,18405.0,931.0
2021-01-05 09:34:23.661,0.0412,0.0413,13.0,0.0411,10.0,18405.0,931.0
2021-01-05 09:34:24.170,0.0412,0.0413,13.0,0.0411,10.0,18405.0,931.0
2021-01-05 09:34:24.600,0.0412,0.0414,33.0,0.0411,23.0,18405.0,931.0
2021-01-05 09:34:25.150,0.0412,0.0414,33.0,0.0411,23.0,18405.0,931.0
2021-01-05 09:34:25.671,0.0412,0.0414,33.0,0.0411,23.0,18405.0,931.0
2021-01-05 09:34:26.020,0.0412,0.0413,13.0,0.0411,10.0,18405.0,931.0
2021-01-05 09:34:26.641,0.0412,0.0413,13.0,0.0411,10.0,18405.0,931.0
2021-01-05 09:34:27.150,0.0412,0.0414,13.0,0.0411,23.0,18405.0,931.0
2021-01-05 09:34:28.621,0.0412,0.0414,13.0,0.0411,23.0,18405.0,931.0
2021-01-05 09:34:29.601,0.0412,0.0414,13.0,0.0411,10.0,18405.0,931.0
2021-01-05 09:34:30.170,0.0412,0.0414,13.0,0.0411,23.0,18405.0,931.0
2021-01-05 09:34:30.681,0.0412,0.0414,33.0,0.0411,10.0,18405.0,931.0
2021-01-05 09:34:31.190,0.0412,0.0414,33.0,0.0411,23.0,18405.0,931.0
2021-01-05 09:34:31.691,0.0412,0.0416,20.0,0.0412,13.0,18405.0,931.0
2021-01-05 09:34:32.121,0.0412,0.0416,33.0,0.0412,13.0,18405.0,931.0
2021-01-05 09:34:32.640,0.0412,0.0415,20.0,0.0412,13.0,18405.0,931.0
2021-01-05 09:34:33.090,0.0412,0.0415,20.0,0.0412,13.0,18405.0,931.0
2021-01-05 09:34:33.691,0.0412,0.0417,20.0,0.0413,20.0,18405.0,931.0
2021-01-05 09:34:34.171,0.0412,0.0417,33.0,0.0414,13.0,18405.0,931.0
2021-01-05 09:34:34.640,0.0412,0.0417,20.0,0.0414,13.0,18405.0,931.0
2021-01-05 09:34:35.130,0.0412,0.0417,20.0,0.0414,13.0,18405.0,931.0
2021-01-05 09:34:35.670,0.0412,0.0418,20.0,0.0414,13.0,18405.0,931.0
2021-01-05 09:34:36.171,0.0412,0.0418,20.0,0.0414,13.0,18405.0,931.0
2021-01-05 09:34:36.680,0.0412,0.0418,20.0,0.0414,13.0,18405.0,931.0
2021-01-05 09:34:37.161,0.0412,0.0418,20.0,0.0414,13.0,18405.0,931.0
2021-01-05 09:34:37.700,0.0412,0.0419,2.0,0.0415,20.0,18405.0,931.0
2021-01-05 09:34:38.171,0.0412,0.0419,2.0,0.0417,10.0,18405.0,931.0
2021-01-05 09:34:38.690,0.0412,0.0419,2.0,0.0417,23.0,18405.0,931.0
2021-01-05 09:34:39.070,0.0412,0.0419,2.0,0.0418,10.0,18405.0,931.0
2021-01-05 09:34:39.470,0.0418,0.0419,2.0,0.0418,9.0,18405.0,932.0
2021-01-05 09:34:40.171,0.0418,0.0419,2.0,0.0418,9.0,18405.0,932.0
2021-01-05 09:34:40.601,0.0418,0.0419,2.0,0.0418,9.0,18405.0,932.0
2021-01-05 09:34:41.201,0.0418,0.0419,2.0,0.0418,9.0,18405.0,932.0
2021-01-05 09:34:41.700,0.0418,0.0419,2.0,0.0418,22.0,18405.0,932.0
2021-01-05 09:34:42.171,0.0418,0.0419,2.0,0.0418,22.0,18405.0,932.0
2021-01-05 09:34:42.680,0.0418,0.0419,2.0,0.0418,22.0,18405.0,932.0
2021-01-05 09:34:43.191,0.0418,0.0419,2.0,0.0418,22.0,18405.0,932.0
2021-01-05 09:34:43.660,0.0418,0.0419,2.0,0.0418,9.0,18405.0,932.0
2021-01-05 09:34:44.701,0.0418,0.0419,2.0,0.0418,10.0,18405.0,932.0
2021-01-05 09:34:45.200,0.0419,0.0421,20.0,0.0419,13.0,18405.0,934.0
2021-01-05 09:34:45.721,0.0419,0.0421,33.0,0.0418,23.0,18405.0,934.0
2021-01-05 09:34:46.140,0.0419,0.0423,33.0,0.0419,20.0,18405.0,934.0
2021-01-05 09:34:46.660,0.0419,0.0422,33.0,0.0419,7.0,18405.0,934.0
2021-01-05 09:34:47.181,0.0419,0.0421,13.0,0.0419,7.0,18405.0,934.0
2021-01-05 09:34:47.701,0.0419,0.0421,13.0,0.042,10.0,18405.0,934.0
2021-01-05 09:34:48.700,0.0419,0.0421,13.0,0.042,10.0,18405.0,934.0
2021-01-05 09:34:49.210,0.0419,0.0422,33.0,0.042,10.0,18405.0,934.0
2021-01-05 09:34:49.701,0.0419,0.0421,13.0,0.042,10.0,18405.0,934.0
2021-01-05 09:34:50.220,0.0421,0.0421,8.0,0.042,10.0,18410.0,939.0
2021-01-05 09:34:50.700,0.0421,0.0421,20.0,0.042,10.0,18410.0,939.0
2021-01-05 09:34:51.200,0.0421,0.0421,20.0,0.042,10.0,18410.0,939.0
2021-01-05 09:34:52.220,0.0421,0.0422,20.0,0.042,23.0,18410.0,939.0
2021-01-05 09:34:52.650,0.0421,0.0422,33.0,0.042,10.0,18410.0,939.0
2021-01-05 09:34:53.180,0.0421,0.0422,20.0,0.042,23.0,18410.0,939.0
2021-01-05 09:34:53.651,0.0421,0.0424,20.0,0.0421,13.0,18410.0,939.0
2021-01-05 09:34:54.170,0.0421,0.0424,20.0,0.0421,13.0,18410.0,939.0
2021-01-05 09:34:54.631,0.0421,0.0426,10.0,0.0422,20.0,18410.0,939.0
2021-01-05 09:34:55.161,0.0421,0.0427,13.0,0.0424,10.0,18410.0,939.0
2021-01-05 09:34:55.680,0.0421,0.0428,13.0,0.0424,23.0,18410.0,939.0
2021-01-05 09:34:56.141,0.0421,0.0429,22.0,0.0425,13.0,18410.0,939.0
2021-01-05 09:34:56.681,0.0425,0.0429,2.0,0.0425,20.0,18408.0,941.0
2021-01-05 09:34:56.681,0.0425,0.0428,13.0,0.0425,33.0,18408.0,941.0
2021-01-05 09:34:57.670,0.0425,0.0429,2.0,0.0426,13.0,18408.0,941.0
2021-01-05 09:34:58.160,0.0425,0.0429,2.0,0.0426,13.0,18408.0,941.0
2021-01-05 09:34:58.640,0.0425,0.0429,2.0,0.0426,13.0,18408.0,941.0
2021-01-05 09:34:59.151,0.0425,0.0429,2.0,0.0428,7.0,18408.0,941.0
2021-01-05 09:34:59.660,0.0429,0.0429,13.0,0.0428,5.0,18408.0,945.0
2021-01-05 09:35:00.630,0.0429,0.043,13.0,0.0428,5.0,18408.0,945.0
2021-01-05 09:35:01.070,0.0429,0.043,23.0,0.0428,5.0,18408.0,945.0
2021-01-05 09:35:01.620,0.0429,0.0429,33.0,0.0428,5.0,18408.0,945.0
2021-01-05 09:35:02.160,0.0428,0.0428,13.0,0.0424,33.0,18408.0,950.0
2021-01-05 09:35:02.680,0.0428,0.0428,35.0,0.0424,20.0,18408.0,950.0
2021-01-05 09:35:03.180,0.0428,0.0427,13.0,0.0424,20.0,18408.0,950.0
2021-01-05 09:35:03.660,0.0428,0.0426,20.0,0.0422,42.0,18408.0,950.0
2021-01-05 09:35:04.061,0.0428,0.0426,13.0,0.0424,20.0,18408.0,950.0
2021-01-05 09:35:04.661,0.0428,0.0427,13.0,0.0424,20.0,18408.0,950.0
2021-01-05 09:35:05.180,0.0428,0.0427,13.0,0.0425,20.0,18408.0,950.0
2021-01-05 09:35:05.671,0.0428,0.0427,13.0,0.0425,20.0,18408.0,950.0
2021-01-05 09:35:06.180,0.0428,0.0428,15.0,0.0425,33.0,18408.0,950.0
2021-01-05 09:35:06.680,0.0428,0.0428,2.0,0.0426,33.0,18408.0,950.0
2021-01-05 09:35:07.131,0.0428,0.0428,2.0,0.0426,33.0,18408.0,950.0
2021-01-05 09:35:07.650,0.0428,0.0431,23.0,0.0428,18.0,18406.0,952.0
2021-01-05 09:35:08.171,0.0428,0.0431,10.0,0.0429,20.0,18406.0,952.0
2021-01-05 09:35:08.680,0.0429,0.0434,20.0,0.0429,18.0,18406.0,954.0
2021-01-05 09:35:09.191,0.0429,0.0433,10.0,0.0431,20.0,18406.0,954.0
2021-01-05 09:35:09.700,0.0429,0.0433,10.0,0.0431,33.0,18406.0,954.0
2021-01-05 09:35:10.180,0.0429,0.0433,10.0,0.0432,5.0,18406.0,954.0
2021-01-05 09:35:10.691,0.0432,0.0432,13.0,0.0431,30.0,18411.0,959.0
2021-01-05 09:35:11.160,0.0432,0.0434,13.0,0.0431,43.0,18411.0,959.0
2021-01-05 09:35:11.671,0.0432,0.0434,23.0,0.0432,20.0,18411.0,959.0
2021-01-05 09:35:12.101,0.0432,0.0434,23.0,0.0432,40.0,18411.0,959.0
2021-01-05 09:35:12.691,0.0432,0.0434,23.0,0.0432,20.0,18411.0,959.0
2021-01-05 09:35:13.181,0.0432,0.0433,13.0,0.0431,10.0,18411.0,959.0
2021-01-05 09:35:13.640,0.0431,0.0431,20.0,0.0427,20.0,18411.0,969.0
2021-01-05 09:35:14.191,0.0431,0.043,13.0,0.0427,10.0,18411.0,969.0
2021-01-05 09:35:14.691,0.0428,0.0428,16.0,0.0423,40.0,18415.0,973.0
2021-01-05 09:35:15.200,0.0428,0.0427,13.0,0.0423,30.0,18415.0,973.0
2021-01-05 09:35:15.701,0.0428,0.0427,13.0,0.0426,20.0,18415.0,973.0
2021-01-05 09:35:16.201,0.0427,0.0431,20.0,0.0428,7.0,18415.0,986.0
2021-01-05 09:35:16.681,0.0427,0.043,33.0,0.0427,13.0,18415.0,986.0
2021-01-05 09:35:17.190,0.0427,0.043,30.0,0.0426,13.0,18415.0,986.0
2021-01-05 09:35:17.680,0.0427,0.043,30.0,0.0426,13.0,18415.0,986.0
2021-01-05 09:35:18.170,0.0427,0.043,20.0,0.0426,13.0,18415.0,986.0
2021-01-05 09:35:18.681,0.0427,0.0428,20.0,0.0426,13.0,18415.0,986.0
2021-01-05 09:35:19.180,0.0427,0.0428,20.0,0.0424,13.0,18415.0,986.0
2021-01-05 09:35:19.641,0.0427,0.0428,20.0,0.0424,13.0,18415.0,986.0
2021-01-05 09:35:20.120,0.0427,0.0428,20.0,0.0424,13.0,18415.0,986.0
2021-01-05 09:35:20.681,0.0427,0.0429,20.0,0.0425,20.0,18415.0,986.0
2021-01-05 09:35:21.180,0.0427,0.0429,20.0,0.0426,33.0,18415.0,986.0
2021-01-05 09:35:21.601,0.0427,0.0433,30.0,0.0428,30.0,18415.0,986.0
2021-01-05 09:35:22.171,0.0427,0.0432,30.0,0.0429,13.0,18415.0,986.0
2021-01-05 09:35:22.521,0.0427,0.0432,20.0,0.0429,13.0,18415.0,986.0
2021-01-05 09:35:23.680,0.0427,0.0432,20.0,0.0429,13.0,18415.0,986.0
2021-01-05 09:35:24.171,0.0427,0.043,20.0,0.0429,13.0,18415.0,986.0
2021-01-05 09:35:24.671,0.0427,0.0432,20.0,0.0429,13.0,18415.0,986.0
2021-01-05 09:35:25.170,0.0427,0.0432,10.0,0.0429,33.0,18415.0,986.0
2021-01-05 09:35:25.660,0.0427,0.0433,20.0,0.043,13.0,18415.0,986.0
2021-01-05 09:35:26.160,0.0427,0.0433,20.0,0.043,13.0,18415.0,986.0
2021-01-05 09:35:26.651,0.043,0.0435,20.0,0.0431,13.0,18413.0,988.0
2021-01-05 09:35:27.120,0.0431,0.0434,23.0,0.0431,13.0,18413.0,989.0
2021-01-05 09:35:27.631,0.0431,0.0432,20.0,0.0431,13.0,18413.0,989.0
2021-01-05 09:35:28.171,0.0431,0.0431,1.0,0.0429,33.0,18413.0,989.0
2021-01-05 09:35:28.680,0.0431,0.0431,1.0,0.043,13.0,18413.0,989.0
2021-01-05 09:35:29.160,0.0431,0.0431,1.0,0.043,13.0,18413.0,989.0
2021-01-05 09:35:29.641,0.0431,0.0431,1.0,0.043,13.0,18413.0,989.0
2021-01-05 09:35:30.121,0.0431,0.0434,13.0,0.043,33.0,18413.0,989.0
2021-01-05 09:35:30.690,0.0431,0.0434,10.0,0.0431,13.0,18413.0,989.0
2021-01-05 09:35:31.170,0.0431,0.0434,23.0,0.0431,13.0,18413.0,989.0
2021-01-05 09:35:31.700,0.0431,0.0433,13.0,0.043,33.0,18413.0,989.0
2021-01-05 09:35:32.150,0.0431,0.0434,20.0,0.0431,13.0,18413.0,989.0
2021-01-05 09:35:32.630,0.0431,0.0434,30.0,0.0431,13.0,18413.0,989.0
2021-01-05 09:35:33.191,0.0431,0.0435,20.0,0.0431,13.0,18413.0,989.0
2021-01-05 09:35:33.650,0.0431,0.0435,10.0,0.0432,20.0,18413.0,989.0
2021-01-05 09:35:34.190,0.0431,0.0436,20.0,0.0433,13.0,18413.0,989.0
2021-01-05 09:35:34.691,0.0431,0.0436,30.0,0.0433,13.0,18413.0,989.0
2021-01-05 09:35:35.200,0.0431,0.0436,30.0,0.0433,13.0,18413.0,989.0
2021-01-05 09:35:35.590,0.0431,0.0437,20.0,0.0433,13.0,18413.0,989.0
2021-01-05 09:35:36.161,0.0431,0.0437,30.0,0.0433,33.0,18413.0,989.0
2021-01-05 09:35:36.601,0.0431,0.0437,20.0,0.0434,13.0,18413.0,989.0
2021-01-05 09:35:37.171,0.0431,0.0438,20.0,0.0434,13.0,18413.0,989.0
2021-01-05 09:35:37.581,0.0431,0.0438,43.0,0.0434,33.0,18413.0,989.0
2021-01-05 09:35:38.190,0.0431,0.0437,13.0,0.0434,13.0,18413.0,989.0
2021-01-05 09:35:38.591,0.0434,0.0436,20.0,0.0434,13.0,18411.0,991.0
2021-01-05 09:35:39.140,0.0434,0.0436,33.0,0.0433,33.0,18411.0,991.0
2021-01-05 09:35:39.690,0.0434,0.0435,13.0,0.0432,53.0,18411.0,991.0
2021-01-05 09:35:40.191,0.0434,0.0435,33.0,0.0432,20.0,18411.0,991.0
2021-01-05 09:35:40.691,0.0434,0.0434,13.0,0.0431,63.0,18411.0,991.0
2021-01-05 09:35:41.190,0.0434,0.0433,10.0,0.0431,63.0,18411.0,991.0
2021-01-05 09:35:41.580,0.0434,0.0433,10.0,0.0431,63.0,18411.0,991.0
2021-01-05 09:35:42.160,0.0434,0.0433,10.0,0.0432,13.0,18411.0,991.0
2021-01-05 09:35:42.621,0.0434,0.0433,10.0,0.0432,33.0,18411.0,991.0
2021-01-05 09:35:43.190,0.0433,0.0437,23.0,0.0433,23.0,18421.0,1001.0
2021-01-05 09:35:43.661,0.0433,0.0435,20.0,0.0433,20.0,18421.0,1001.0
2021-01-05 09:35:44.041,0.0433,0.0436,13.0,0.0433,33.0,18421.0,1001.0
2021-01-05 09:35:44.681,0.0433,0.0438,13.0,0.0434,33.0,18421.0,1001.0
2021-01-05 09:35:45.071,0.0433,0.0438,10.0,0.0435,13.0,18421.0,1001.0
2021-01-05 09:35:45.670,0.0433,0.0439,20.0,0.0436,10.0,18421.0,1001.0
2021-01-05 09:35:45.891,0.0433,0.0439,23.0,0.0436,43.0,18421.0,1001.0
2021-01-05 09:35:46.700,0.0433,0.0438,13.0,0.0436,30.0,18421.0,1001.0
2021-01-05 09:35:47.201,0.0433,0.0439,13.0,0.0436,43.0,18421.0,1001.0
2021-01-05 09:35:48.181,0.0433,0.044,1.0,0.0437,33.0,18421.0,1001.0
2021-01-05 09:35:48.700,0.0433,0.044,34.0,0.0437,33.0,18421.0,1001.0
2021-01-05 09:35:49.190,0.0433,0.044,21.0,0.0438,13.0,18421.0,1001.0
2021-01-05 09:35:49.701,0.0433,0.044,1.0,0.0438,33.0,18421.0,1001.0
2021-01-05 09:35:50.150,0.0433,0.044,1.0,0.0439,15.0,18421.0,1001.0
2021-01-05 09:35:50.680,0.0433,0.044,1.0,0.0439,15.0,18421.0,1001.0
2021-01-05 09:35:51.180,0.0433,0.044,14.0,0.0439,15.0,18421.0,1001.0
2021-01-05 09:35:51.710,0.044,0.044,33.0,0.0439,15.0,18420.0,1002.0
2021-01-05 09:35:52.190,0.044,0.044,20.0,0.0439,15.0,18420.0,1002.0
2021-01-05 09:35:52.671,0.044,0.044,20.0,0.0439,15.0,18420.0,1002.0
2021-01-05 09:35:53.111,0.044,0.044,33.0,0.0439,15.0,18420.0,1002.0
2021-01-05 09:35:53.631,0.044,0.044,33.0,0.0439,15.0,18420.0,1002.0
2021-01-05 09:35:54.161,0.0439,0.044,10.0,0.0439,2.0,18425.0,1025.0
2021-01-05 09:35:54.640,0.0439,0.0439,20.0,0.0437,13.0,18425.0,1027.0
2021-01-05 09:35:55.151,0.0438,0.0437,10.0,0.0435,33.0,18425.0,1037.0
2021-01-05 09:35:55.691,0.0436,0.0436,3.0,0.0434,20.0,18426.0,1048.0
2021-01-05 09:35:56.121,0.0436,0.0436,13.0,0.0435,10.0,18426.0,1048.0
2021-01-05 09:35:56.690,0.0436,0.0438,20.0,0.0435,30.0,18426.0,1048.0
2021-01-05 09:35:56.901,0.0436,0.0438,20.0,0.0435,30.0,18426.0,1048.0
2021-01-05 09:35:57.681,0.0436,0.0438,33.0,0.0435,43.0,18426.0,1048.0
2021-01-05 09:35:58.150,0.0436,0.0438,33.0,0.0435,43.0,18426.0,1048.0
2021-01-05 09:35:58.701,0.0436,0.0437,13.0,0.0435,30.0,18426.0,1048.0
2021-01-05 09:35:59.160,0.0436,0.0438,20.0,0.0435,30.0,18426.0,1048.0
2021-01-05 09:36:00.190,0.0436,0.0442,20.0,0.0437,20.0,18426.0,1048.0
2021-01-05 09:36:00.680,0.0436,0.0441,43.0,0.0438,13.0,18426.0,1048.0
2021-01-05 09:36:01.181,0.0436,0.0441,30.0,0.0438,13.0,18426.0,1048.0
2021-01-05 09:36:01.671,0.0436,0.044,13.0,0.0437,53.0,18426.0,1048.0
2021-01-05 09:36:02.170,0.0436,0.0439,20.0,0.0436,33.0,18426.0,1048.0
2021-01-05 09:36:02.701,0.0436,0.0438,21.0,0.0436,13.0,18426.0,1048.0
2021-01-05 09:36:03.150,0.0436,0.0437,13.0,0.0434,33.0,18426.0,1061.0
2021-01-05 09:36:03.700,0.0436,0.0437,13.0,0.0434,20.0,18426.0,1061.0
2021-01-05 09:36:04.201,0.0436,0.0436,20.0,0.0432,40.0,18426.0,1061.0
2021-01-05 09:36:04.670,0.0436,0.0436,20.0,0.0433,13.0,18426.0,1061.0
2021-01-05 09:36:05.150,0.0436,0.0437,33.0,0.0433,53.0,18426.0,1061.0
2021-01-05 09:36:05.590,0.0436,0.0437,20.0,0.0434,33.0,18426.0,1061.0
2021-01-05 09:36:06.180,0.0436,0.0437,33.0,0.0434,53.0,18426.0,1061.0
2021-01-05 09:36:06.700,0.0436,0.0437,33.0,0.0434,53.0,18426.0,1061.0
2021-01-05 09:36:07.181,0.0436,0.0436,13.0,0.0434,40.0,18426.0,1061.0
2021-01-05 09:36:08.641,0.0436,0.0436,13.0,0.0434,40.0,18426.0,1061.0
2021-01-05 09:36:09.161,0.0436,0.0436,13.0,0.0434,40.0,18426.0,1061.0
2021-01-05 09:36:09.691,0.0436,0.0434,1.0,0.0433,20.0,18426.0,1061.0
2021-01-05 09:36:10.101,0.0434,0.0434,13.0,0.0432,40.0,18425.0,1062.0
2021-01-05 09:36:10.671,0.0434,0.0435,33.0,0.0432,33.0,18425.0,1062.0
2021-01-05 09:36:11.180,0.0434,0.0435,33.0,0.0432,13.0,18425.0,1062.0
2021-01-05 09:36:11.651,0.0434,0.0435,20.0,0.0432,33.0,18425.0,1062.0
2021-01-05 09:36:12.181,0.0434,0.0436,20.0,0.0433,13.0,18425.0,1062.0
2021-01-05 09:36:12.690,0.0434,0.0436,20.0,0.0433,13.0,18425.0,1062.0
2021-01-05 09:36:13.190,0.0434,0.0436,20.0,0.0433,13.0,18425.0,1062.0
2021-01-05 09:36:13.680,0.0434,0.0436,33.0,0.0433,13.0,18425.0,1062.0
2021-01-05 09:36:14.150,0.0434,0.0436,33.0,0.0433,13.0,18425.0,1062.0
2021-01-05 09:36:14.611,0.0436,0.0436,18.0,0.0433,13.0,18427.0,1064.0
2021-01-05 09:36:15.170,0.0436,0.0435,33.0,0.0432,33.0,18427.0,1064.0
2021-01-05 09:36:15.660,0.0436,0.0434,13.0,0.0431,63.0,18427.0,1064.0
2021-01-05 09:36:16.150,0.0436,0.0434,13.0,0.0431,63.0,18427.0,1064.0
2021-01-05 09:36:16.680,0.0436,0.0435,20.0,0.0432,13.0,18427.0,1064.0
2021-01-05 09:36:17.180,0.0436,0.0435,20.0,0.0432,13.0,18427.0,1064.0
2021-01-05 09:36:17.670,0.0436,0.0434,13.0,0.0432,20.0,18427.0,1064.0
2021-01-05 09:36:18.181,0.0436,0.0434,13.0,0.0431,63.0,18427.0,1064.0
2021-01-05 09:36:18.680,0.0436,0.0434,13.0,0.0431,10.0,18427.0,1064.0
2021-01-05 09:36:19.151,0.0436,0.0435,20.0,0.0432,13.0,18427.0,1064.0
2021-01-05 09:36:19.691,0.0436,0.0435,33.0,0.0432,13.0,18427.0,1064.0
2021-01-05 09:36:20.161,0.0436,0.0434,20.0,0.0432,13.0,18427.0,1064.0
2021-01-05 09:36:20.680,0.0436,0.0434,33.0,0.0431,43.0,18427.0,1064.0
2021-01-05 09:36:21.120,0.0436,0.0434,20.0,0.0431,10.0,18427.0,1064.0
2021-01-05 09:36:21.691,0.0436,0.0434,33.0,0.0431,23.0,18427.0,1064.0
2021-01-05 09:36:22.171,0.0436,0.0434,33.0,0.0431,23.0,18427.0,1064.0
2021-01-05 09:36:22.680,0.0436,0.0434,20.0,0.0432,13.0,18427.0,1064.0
2021-01-05 09:36:23.191,0.0436,0.0434,20.0,0.0432,13.0,18427.0,1064.0
2021-01-05 09:36:23.681,0.0436,0.0434,13.0,0.0431,63.0,18427.0,1064.0
2021-01-05 09:36:24.171,0.0436,0.0436,20.0,0.0432,63.0,18427.0,1064.0
2021-01-05 09:36:24.701,0.0436,0.0436,43.0,0.0433,13.0,18427.0,1064.0
2021-01-05 09:36:25.181,0.0436,0.0436,10.0,0.0432,50.0,18427.0,1064.0
2021-01-05 09:36:25.650,0.0436,0.0435,20.0,0.0433,13.0,18427.0,1064.0
2021-01-05 09:36:26.171,0.0435,0.0435,19.0,0.0433,13.0,18428.0,1065.0
2021-01-05 09:36:26.651,0.0435,0.0438,30.0,0.0433,53.0,18428.0,1065.0
2021-01-05 09:36:27.070,0.0435,0.0437,10.0,0.0434,13.0,18428.0,1065.0
2021-01-05 09:36:27.690,0.0435,0.0437,10.0,0.0434,13.0,18428.0,1065.0
2021-01-05 09:36:28.120,0.0435,0.0439,20.0,0.0434,53.0,18428.0,1065.0
2021-01-05 09:36:28.681,0.0435,0.0439,10.0,0.0436,20.0,18428.0,1065.0
2021-01-05 09:36:29.100,0.0435,0.0439,10.0,0.0437,13.0,18428.0,1065.0
2021-01-05 09:36:29.661,0.0437,0.0441,20.0,0.0437,13.0,18425.0,1068.0
2021-01-05 09:36:30.161,0.0437,0.044,10.0,0.0438,5.0,18425.0,1068.0
2021-01-05 09:36:30.651,0.0437,0.0439,33.0,0.0438,5.0,18425.0,1068.0
2021-01-05 09:36:31.181,0.0437,0.0439,13.0,0.0438,5.0,18425.0,1068.0
2021-01-05 09:36:31.690,0.0437,0.0439,20.0,0.0438,5.0,18425.0,1068.0
2021-01-05 09:36:32.130,0.0437,0.0439,13.0,0.0438,5.0,18425.0,1068.0
2021-01-05 09:36:32.660,0.0437,0.0439,13.0,0.0438,5.0,18425.0,1068.0
2021-01-05 09:36:33.200,0.0437,0.0439,33.0,0.0438,5.0,18425.0,1068.0
2021-01-05 09:36:33.670,0.0438,0.0438,13.0,0.0435,53.0,18430.0,1073.0
2021-01-05 09:36:34.091,0.0438,0.0439,33.0,0.0436,13.0,18430.0,1073.0
2021-01-05 09:36:34.691,0.0438,0.0439,20.0,0.0436,13.0,18430.0,1073.0
2021-01-05 09:36:34.971,0.0438,0.0438,20.0,0.0436,13.0,18430.0,1073.0
2021-01-05 09:36:35.701,0.0438,0.0438,20.0,0.0435,33.0,18430.0,1073.0
2021-01-05 09:36:36.131,0.0438,0.0439,13.0,0.0436,33.0,18430.0,1073.0
2021-01-05 09:36:36.700,0.0438,0.044,20.0,0.0437,13.0,18430.0,1073.0
2021-01-05 09:36:37.190,0.0438,0.044,30.0,0.0437,13.0,18430.0,1073.0
2021-01-05 09:36:37.691,0.0438,0.044,30.0,0.0437,13.0,18430.0,1073.0
2021-01-05 09:36:38.640,0.044,0.044,29.0,0.0437,13.0,18431.0,1074.0
2021-01-05 09:36:39.680,0.044,0.0439,13.0,0.0436,53.0,18431.0,1074.0
2021-01-05 09:36:40.191,0.044,0.0438,20.0,0.0435,33.0,18431.0,1074.0
2021-01-05 09:36:40.700,0.044,0.044,33.0,0.0436,53.0,18431.0,1074.0
2021-01-05 09:36:41.201,0.044,0.0439,13.0,0.0436,33.0,18431.0,1074.0
2021-01-05 09:36:41.641,0.044,0.0438,20.0,0.0434,40.0,18431.0,1074.0
2021-01-05 09:36:42.200,0.044,0.0438,20.0,0.0435,53.0,18431.0,1074.0
2021-01-05 09:36:42.690,0.0438,0.0437,1.0,0.0436,13.0,18432.0,1075.0
2021-01-05 09:36:43.180,0.0438,0.0437,1.0,0.0436,13.0,18432.0,1075.0
2021-01-05 09:36:43.700,0.0438,0.0437,1.0,0.0436,33.0,18432.0,1075.0
2021-01-05 09:36:44.200,0.0438,0.044,20.0,0.0437,13.0,18432.0,1075.0
2021-01-05 09:36:44.680,0.0438,0.0439,1.0,0.0437,13.0,18432.0,1075.0
2021-01-05 09:36:45.191,0.0438,0.0439,1.0,0.0438,10.0,18432.0,1075.0
2021-01-05 09:36:45.631,0.0439,0.0442,20.0,0.0439,13.0,18432.0,1076.0
2021-01-05 09:36:46.190,0.0439,0.044,1.0,0.0439,13.0,18432.0,1076.0
2021-01-05 09:36:46.501,0.044,0.0443,35.0,0.0439,13.0,18432.0,1077.0
2021-01-05 09:36:46.970,0.044,0.0443,45.0,0.044,1.0,18432.0,1077.0
2021-01-05 09:36:47.660,0.044,0.0443,15.0,0.0441,13.0,18432.0,1077.0
2021-01-05 09:36:48.130,0.044,0.0443,15.0,0.0442,10.0,18432.0,1077.0
2021-01-05 09:36:48.630,0.0442,0.0443,35.0,0.0442,22.0,18432.0,1078.0
2021-01-05 09:36:49.170,0.0442,0.0443,15.0,0.0442,22.0,18432.0,1078.0
2021-01-05 09:36:49.700,0.0442,0.0443,28.0,0.0442,9.0,18432.0,1078.0
2021-01-05 09:36:50.670,0.0442,0.0443,28.0,0.0442,9.0,18432.0,1078.0
2021-01-05 09:36:51.671,0.0442,0.0442,14.0,0.044,20.0,18432.0,1087.0
2021-01-05 09:36:52.180,0.0442,0.0443,15.0,0.044,20.0,18432.0,1097.0
2021-01-05 09:36:52.670,0.0442,0.0443,15.0,0.0441,23.0,18432.0,1097.0
2021-01-05 09:36:53.191,0.0442,0.0443,15.0,0.0442,13.0,18432.0,1098.0
2021-01-05 09:36:53.680,0.0442,0.0443,15.0,0.0442,13.0,18432.0,1098.0
2021-01-05 09:36:54.180,0.0442,0.0443,35.0,0.0441,23.0,18432.0,1098.0
2021-01-05 09:36:54.631,0.0442,0.0443,48.0,0.044,14.0,18432.0,1098.0
2021-01-05 09:36:55.141,0.0442,0.0443,35.0,0.044,1.0,18432.0,1098.0
2021-01-05 09:36:55.651,0.0442,0.0443,35.0,0.0441,13.0,18432.0,1098.0
2021-01-05 09:36:56.141,0.0442,0.0443,35.0,0.0441,13.0,18432.0,1098.0
2021-01-05 09:36:56.691,0.0442,0.0443,36.0,0.0441,13.0,18432.0,1098.0
2021-01-05 09:36:57.171,0.0442,0.0443,36.0,0.0441,13.0,18432.0,1098.0
2021-01-05 09:36:57.630,0.0442,0.0443,36.0,0.0441,13.0,18432.0,1098.0
2021-01-05 09:36:58.160,0.0442,0.0443,35.0,0.0441,13.0,18432.0,1098.0
2021-01-05 09:36:58.610,0.0442,0.0443,36.0,0.0441,13.0,18432.0,1098.0
2021-01-05 09:36:59.181,0.0442,0.0443,36.0,0.0441,13.0,18432.0,1098.0
2021-01-05 09:36:59.690,0.0442,0.0442,1.0,0.0441,33.0,18432.0,1098.0
2021-01-05 09:37:00.151,0.0442,0.0443,15.0,0.0442,12.0,18432.0,1099.0
2021-01-05 09:37:00.700,0.0442,0.0443,15.0,0.0442,13.0,18432.0,1099.0
2021-01-05 09:37:01.061,0.0442,0.0443,15.0,0.0442,13.0,18432.0,1099.0
2021-01-05 09:37:01.630,0.0442,0.0443,15.0,0.0442,13.0,18432.0,1099.0
2021-01-05 09:37:02.191,0.0442,0.0443,35.0,0.0442,13.0,18432.0,1100.0
2021-01-05 09:37:02.610,0.0442,0.0443,35.0,0.0442,13.0,18432.0,1104.0
2021-01-05 09:37:03.151,0.0442,0.0443,35.0,0.044,1.0,18432.0,1104.0
2021-01-05 09:37:03.630,0.0442,0.0443,35.0,0.0441,13.0,18432.0,1108.0
2021-01-05 09:37:04.200,0.0441,0.0441,7.0,0.044,1.0,18432.0,1121.0
2021-01-05 09:37:04.690,0.0441,0.0441,20.0,0.044,1.0,18432.0,1121.0
2021-01-05 09:37:05.140,0.0441,0.0441,20.0,0.044,1.0,18432.0,1121.0
2021-01-05 09:37:05.701,0.044,0.044,12.0,0.0437,33.0,18433.0,1122.0
2021-01-05 09:37:06.171,0.044,0.0441,7.0,0.0437,20.0,18433.0,1122.0
2021-01-05 09:37:06.700,0.044,0.0441,33.0,0.0437,20.0,18433.0,1122.0
2021-01-05 09:37:07.180,0.044,0.044,13.0,0.0437,20.0,18433.0,1122.0
2021-01-05 09:37:07.681,0.044,0.044,13.0,0.0437,33.0,18433.0,1122.0
2021-01-05 09:37:08.200,0.044,0.0442,13.0,0.0439,20.0,18433.0,1122.0
2021-01-05 09:37:08.630,0.044,0.0443,35.0,0.044,13.0,18433.0,1122.0
2021-01-05 09:37:09.170,0.044,0.0443,35.0,0.044,13.0,18433.0,1122.0
2021-01-05 09:37:09.660,0.044,0.0443,15.0,0.044,33.0,18433.0,1122.0
2021-01-05 09:37:10.140,0.0441,0.0443,15.0,0.0441,6.0,18433.0,1142.0
2021-01-05 09:37:10.701,0.0441,0.044,20.0,0.0437,30.0,18433.0,1142.0
2021-01-05 09:37:11.201,0.0441,0.0439,13.0,0.0437,30.0,18433.0,1142.0
2021-01-05 09:37:11.700,0.0441,0.0441,20.0,0.0437,30.0,18433.0,1142.0
2021-01-05 09:37:12.131,0.0441,0.0439,13.0,0.0437,20.0,18433.0,1142.0
2021-01-05 09:37:12.261,0.0441,0.044,13.0,0.0437,20.0,18433.0,1142.0
2021-01-05 09:37:13.681,0.0441,0.044,13.0,0.0438,20.0,18433.0,1142.0
2021-01-05 09:37:14.130,0.0441,0.044,13.0,0.0438,20.0,18433.0,1142.0
2021-01-05 09:37:14.701,0.0439,0.0443,20.0,0.0439,2.0,18433.0,1153.0
2021-01-05 09:37:15.160,0.0439,0.0443,30.0,0.044,20.0,18433.0,1153.0
2021-01-05 09:37:15.700,0.0439,0.0442,13.0,0.0439,33.0,18433.0,1153.0
2021-01-05 09:37:16.190,0.0439,0.0442,13.0,0.0439,33.0,18433.0,1153.0
2021-01-05 09:37:16.461,0.0439,0.0441,20.0,0.0437,20.0,18433.0,1153.0
2021-01-05 09:37:17.200,0.0439,0.044,13.0,0.0437,33.0,18433.0,1153.0
2021-01-05 09:37:17.671,0.0439,0.0439,5.0,0.0438,20.0,18433.0,1153.0
2021-01-05 09:37:18.061,0.0439,0.0439,5.0,0.0438,20.0,18433.0,1153.0
2021-01-05 09:37:18.710,0.0439,0.0442,20.0,0.0439,5.0,18433.0,1158.0
2021-01-05 09:37:18.891,0.0439,0.0441,13.0,0.0439,20.0,18433.0,1158.0
2021-01-05 09:37:19.711,0.0439,0.0441,13.0,0.0438,13.0,18413.0,1178.0
2021-01-05 09:37:20.191,0.0439,0.0442,20.0,0.0437,20.0,18383.0,1208.0
2021-01-05 09:37:20.691,0.0437,0.0441,13.0,0.0437,13.0,18363.0,1228.0
2021-01-05 09:37:21.200,0.0437,0.0441,33.0,0.0435,13.0,18333.0,1258.0
2021-01-05 09:37:21.701,0.0437,0.0437,19.0,0.0435,10.0,18333.0,1258.0
2021-01-05 09:37:22.030,0.0437,0.0437,32.0,0.0436,20.0,18333.0,1258.0
2021-01-05 09:37:22.620,0.0437,0.0437,32.0,0.0436,20.0,18333.0,1258.0
2021-01-05 09:37:23.100,0.0437,0.0437,32.0,0.0436,20.0,18333.0,1258.0
2021-01-05 09:37:23.690,0.0436,0.0436,6.0,0.0434,20.0,18333.0,1278.0
2021-01-05 09:37:24.080,0.0436,0.0438,1.0,0.0435,20.0,18333.0,1280.0
2021-01-05 09:37:24.631,0.0436,0.0438,1.0,0.0436,7.0,18333.0,1299.0
2021-01-05 09:37:24.771,0.0438,0.0441,35.0,0.0437,20.0,18333.0,1300.0
2021-01-05 09:37:25.670,0.0438,0.044,33.0,0.0436,20.0,18333.0,1300.0
2021-01-05 09:37:26.170,0.0438,0.0439,13.0,0.0436,20.0,18333.0,1300.0
2021-01-05 09:37:26.650,0.0438,0.0439,33.0,0.0434,30.0,18333.0,1300.0
2021-01-05 09:37:27.130,0.0438,0.0438,13.0,0.0436,20.0,18333.0,1300.0
2021-01-05 09:37:27.551,0.0438,0.0438,13.0,0.0436,20.0,18333.0,1300.0
2021-01-05 09:37:28.151,0.0438,0.0438,13.0,0.0436,20.0,18333.0,1300.0
2021-01-05 09:37:28.560,0.0438,0.0438,33.0,0.0434,43.0,18333.0,1300.0
2021-01-05 09:37:29.130,0.0438,0.044,20.0,0.0436,20.0,18333.0,1300.0
2021-01-05 09:37:29.691,0.0435,0.0439,20.0,0.0435,11.0,18353.0,1322.0
2021-01-05 09:37:30.191,0.0435,0.0437,20.0,0.0434,23.0,18353.0,1322.0
2021-01-05 09:37:30.590,0.0435,0.0437,13.0,0.0434,63.0,18353.0,1322.0
2021-01-05 09:37:31.190,0.0435,0.0438,33.0,0.0435,33.0,18353.0,1322.0
2021-01-05 09:37:31.691,0.0435,0.0438,20.0,0.0436,13.0,18353.0,1322.0
2021-01-05 09:37:32.181,0.0435,0.0438,33.0,0.0435,33.0,18353.0,1322.0
2021-01-05 09:37:32.651,0.0435,0.0438,20.0,0.0436,13.0,18353.0,1322.0
2021-01-05 09:37:33.180,0.0435,0.0441,15.0,0.0437,20.0,18353.0,1322.0
2021-01-05 09:37:33.681,0.0435,0.044,33.0,0.0437,33.0,18353.0,1322.0
2021-01-05 09:37:34.200,0.0435,0.044,20.0,0.0438,13.0,18353.0,1322.0
2021-01-05 09:37:34.500,0.0435,0.0439,13.0,0.0436,63.0,18353.0,1322.0
2021-01-05 09:37:35.170,0.0435,0.0439,33.0,0.0436,50.0,18353.0,1322.0
2021-01-05 09:37:35.650,0.0435,0.0438,33.0,0.0436,10.0,18353.0,1322.0
2021-01-05 09:37:36.140,0.0435,0.0438,33.0,0.0436,10.0,18353.0,1322.0
2021-01-05 09:37:36.671,0.0435,0.0437,13.0,0.0436,10.0,18353.0,1322.0
2021-01-05 09:37:37.180,0.0436,0.0437,13.0,0.0436,3.0,18353.0,1329.0
2021-01-05 09:37:37.691,0.0436,0.0437,13.0,0.0436,1.0,18353.0,1331.0
2021-01-05 09:37:38.161,0.0436,0.0437,33.0,0.0434,33.0,18353.0,1332.0
2021-01-05 09:37:38.651,0.0436,0.0436,33.0,0.0434,10.0,18353.0,1332.0
2021-01-05 09:37:39.170,0.0436,0.0435,13.0,0.0434,10.0,18353.0,1332.0
2021-01-05 09:37:39.700,0.0436,0.0436,43.0,0.0434,10.0,18353.0,1332.0
2021-01-05 09:37:40.161,0.0436,0.0436,63.0,0.0434,10.0,18353.0,1332.0
2021-01-05 09:37:40.701,0.0436,0.0435,33.0,0.0434,10.0,18353.0,1332.0
2021-01-05 09:37:41.131,0.0436,0.0435,20.0,0.0434,10.0,18353.0,1332.0
2021-01-05 09:37:41.671,0.0436,0.0435,33.0,0.0434,10.0,18353.0,1332.0
2021-01-05 09:37:42.130,0.0434,0.0435,33.0,0.0434,3.0,18353.0,1339.0
2021-01-05 09:37:42.691,0.0434,0.0434,13.0,0.0431,33.0,18352.0,1342.0
2021-01-05 09:37:43.181,0.0434,0.0434,13.0,0.0432,10.0,18352.0,1342.0
2021-01-05 09:37:43.640,0.0431,0.0434,13.0,0.0431,13.0,18332.0,1362.0
2021-01-05 09:37:44.190,0.043,0.0434,14.0,0.043,34.0,18322.0,1382.0
2021-01-05 09:37:44.651,0.0433,0.0433,32.0,0.0429,13.0,18323.0,1393.0
2021-01-05 09:37:45.191,0.0428,0.0433,19.0,0.0428,10.0,18303.0,1433.0
2021-01-05 09:37:45.650,0.0427,0.0432,13.0,0.0428,10.0,18293.0,1443.0
2021-01-05 09:37:46.161,0.0427,0.0432,13.0,0.0428,50.0,18293.0,1443.0
2021-01-05 09:37:46.520,0.0427,0.0432,13.0,0.0429,20.0,18293.0,1443.0
2021-01-05 09:37:47.210,0.0427,0.0433,32.0,0.043,13.0,18293.0,1443.0
2021-01-05 09:37:47.661,0.043,0.0433,13.0,0.043,26.0,18280.0,1463.0
2021-01-05 09:37:48.201,0.0429,0.0433,13.0,0.0429,13.0,18273.0,1483.0
2021-01-05 09:37:48.691,0.0429,0.0432,20.0,0.0429,23.0,18253.0,1503.0
2021-01-05 09:37:49.190,0.0429,0.0432,33.0,0.0429,3.0,18223.0,1533.0
2021-01-05 09:37:49.670,0.0429,0.0431,13.0,0.0429,10.0,18223.0,1543.0
2021-01-05 09:37:50.220,0.0429,0.0432,13.0,0.0429,10.0,18223.0,1543.0
2021-01-05 09:37:50.721,0.0429,0.0432,13.0,0.0429,10.0,18223.0,1543.0
2021-01-05 09:37:51.100,0.0429,0.0432,33.0,0.0429,10.0,18223.0,1543.0
2021-01-05 09:37:51.691,0.0429,0.0434,1.0,0.0431,20.0,18223.0,1543.0
2021-01-05 09:37:52.191,0.0431,0.0432,20.0,0.0429,10.0,18236.0,1556.0
2021-01-05 09:37:52.660,0.0431,0.0432,33.0,0.0429,23.0,18236.0,1556.0
2021-01-05 09:37:53.161,0.0431,0.0431,20.0,0.0429,23.0,18236.0,1556.0
2021-01-05 09:37:53.680,0.0431,0.0432,13.0,0.043,20.0,18236.0,1558.0
2021-01-05 09:37:54.160,0.0431,0.0431,20.0,0.0429,23.0,18236.0,1558.0
2021-01-05 09:37:54.170,0.0431,0.0431,33.0,0.0429,10.0,18236.0,1558.0
2021-01-05 09:37:55.190,0.0431,0.043,20.0,0.0429,10.0,18236.0,1558.0
2021-01-05 09:37:55.691,0.0431,0.043,33.0,0.0429,10.0,18236.0,1558.0
2021-01-05 09:37:56.121,0.0431,0.043,33.0,0.0429,10.0,18236.0,1558.0
2021-01-05 09:37:56.611,0.0429,0.0429,11.0,0.0427,13.0,18236.0,1568.0
2021-01-05 09:37:57.120,0.0429,0.0429,24.0,0.0426,23.0,18236.0,1568.0
2021-01-05 09:37:57.170,0.0429,0.0427,20.0,0.0426,10.0,18236.0,1568.0
2021-01-05 09:37:58.091,0.0427,0.0427,15.0,0.0426,23.0,18236.0,1573.0
2021-01-05 09:37:58.600,0.0427,0.0428,20.0,0.0426,23.0,18236.0,1573.0
2021-01-05 09:37:59.161,0.0427,0.0428,20.0,0.0427,13.0,18236.0,1573.0
2021-01-05 09:38:00.100,0.0427,0.043,33.0,0.0427,13.0,18236.0,1573.0
2021-01-05 09:38:00.680,0.0427,0.0429,20.0,0.0427,13.0,18236.0,1573.0
2021-01-05 09:38:01.180,0.0427,0.0429,33.0,0.0426,33.0,18236.0,1573.0
2021-01-05 09:38:02.181,0.0427,0.0429,20.0,0.0427,13.0,18236.0,1573.0
2021-01-05 09:38:02.680,0.0427,0.0429,20.0,0.0427,13.0,18236.0,1573.0
2021-01-05 09:38:03.191,0.0427,0.0429,20.0,0.0425,40.0,18236.0,1573.0
2021-01-05 09:38:03.691,0.0427,0.0429,20.0,0.0426,13.0,18236.0,1573.0
2021-01-05 09:38:04.040,0.0427,0.0429,20.0,0.0426,13.0,18236.0,1573.0
2021-01-05 09:38:04.680,0.0427,0.0429,20.0,0.0426,33.0,18236.0,1573.0
2021-01-05 09:38:05.181,0.0427,0.0429,20.0,0.0427,13.0,18236.0,1573.0
2021-01-05 09:38:05.681,0.0427,0.0429,20.0,0.0427,13.0,18236.0,1573.0
2021-01-05 09:38:06.151,0.0427,0.0429,20.0,0.0426,13.0,18236.0,1573.0
2021-01-05 09:38:06.691,0.0427,0.0429,20.0,0.0426,33.0,18236.0,1573.0
2021-01-05 09:38:07.200,0.0427,0.0431,20.0,0.0427,13.0,18236.0,1573.0
2021-01-05 09:38:07.690,0.0427,0.0433,20.0,0.0427,53.0,18236.0,1573.0
2021-01-05 09:38:08.021,0.0427,0.0432,30.0,0.0428,13.0,18236.0,1573.0
2021-01-05 09:38:09.160,0.0427,0.0432,20.0,0.0428,33.0,18236.0,1573.0
2021-01-05 09:38:09.681,0.0427,0.0434,30.0,0.0429,13.0,18236.0,1573.0
2021-01-05 09:38:10.180,0.0427,0.0433,10.0,0.043,5.0,18236.0,1573.0
2021-01-05 09:38:10.670,0.0427,0.0434,20.0,0.0431,13.0,18236.0,1573.0
2021-01-05 09:38:11.141,0.0427,0.0433,33.0,0.043,33.0,18236.0,1573.0
2021-01-05 09:38:11.701,0.0427,0.0432,20.0,0.0431,5.0,18236.0,1573.0
2021-01-05 09:38:12.191,0.043,0.0435,25.0,0.0426,20.0,18241.0,1593.0
2021-01-05 09:38:12.531,0.043,0.0431,20.0,0.0427,20.0,18241.0,1593.0
2021-01-05 09:38:13.110,0.043,0.0433,20.0,0.0429,20.0,18241.0,1593.0
2021-01-05 09:38:13.690,0.043,0.0432,13.0,0.0429,33.0,18241.0,1593.0
2021-01-05 09:38:14.141,0.043,0.0434,13.0,0.043,33.0,18241.0,1593.0
2021-01-05 09:38:14.691,0.043,0.0435,35.0,0.0431,13.0,18241.0,1593.0
2021-01-05 09:38:15.150,0.043,0.0435,45.0,0.0431,33.0,18241.0,1593.0
2021-01-05 09:38:15.730,0.043,0.0435,28.0,0.0432,13.0,18241.0,1593.0
2021-01-05 09:38:16.210,0.043,0.0434,33.0,0.0431,33.0,18241.0,1593.0
2021-01-05 09:38:16.731,0.0433,0.0433,13.0,0.0431,20.0,18242.0,1594.0
2021-01-05 09:38:17.190,0.0433,0.0434,13.0,0.0431,33.0,18242.0,1594.0
2021-01-05 09:38:17.701,0.0433,0.0434,13.0,0.0431,33.0,18242.0,1594.0
2021-01-05 09:38:18.231,0.0433,0.0434,13.0,0.0431,33.0,18242.0,1594.0
2021-01-05 09:38:18.660,0.0433,0.0434,13.0,0.0431,33.0,18242.0,1594.0
2021-01-05 09:38:19.230,0.0433,0.0434,13.0,0.0431,33.0,18242.0,1594.0
2021-01-05 09:38:19.670,0.0433,0.0434,13.0,0.0431,33.0,18242.0,1594.0
2021-01-05 09:38:20.231,0.0434,0.0435,35.0,0.0433,10.0,18243.0,1595.0
2021-01-05 09:38:20.690,0.0434,0.0435,35.0,0.0433,10.0,18243.0,1595.0
2021-01-05 09:38:21.240,0.0434,0.0435,35.0,0.0433,10.0,18243.0,1595.0
2021-01-05 09:38:21.670,0.0434,0.0435,15.0,0.0433,10.0,18243.0,1595.0
2021-01-05 09:38:22.210,0.0434,0.0435,15.0,0.0434,23.0,18243.0,1595.0
2021-01-05 09:38:22.661,0.0435,0.0437,20.0,0.0435,13.0,18243.0,1610.0
2021-01-05 09:38:23.201,0.0435,0.0437,20.0,0.0435,14.0,18243.0,1610.0
2021-01-05 09:38:24.141,0.0435,0.0437,20.0,0.0435,14.0,18243.0,1610.0
2021-01-05 09:38:24.690,0.0435,0.0439,30.0,0.0435,1.0,18243.0,1610.0
2021-01-05 09:38:25.101,0.0435,0.0436,20.0,0.0435,1.0,18243.0,1610.0
2021-01-05 09:38:25.670,0.0436,0.0436,13.0,0.0435,14.0,18243.0,1617.0
2021-01-05 09:38:26.100,0.0435,0.0439,33.0,0.0436,13.0,18243.0,1618.0
2021-01-05 09:38:26.701,0.0435,0.0437,20.0,0.0435,13.0,18243.0,1618.0
2021-01-05 09:38:27.151,0.0435,0.0437,20.0,0.0435,13.0,18243.0,1618.0
2021-01-05 09:38:27.691,0.0435,0.0437,20.0,0.0435,13.0,18243.0,1618.0
2021-01-05 09:38:28.171,0.0435,0.0439,20.0,0.0435,13.0,18243.0,1618.0
2021-01-05 09:38:28.680,0.0435,0.0439,33.0,0.0435,13.0,18243.0,1618.0
2021-01-05 09:38:29.191,0.0435,0.0438,20.0,0.0435,13.0,18243.0,1618.0
2021-01-05 09:38:29.641,0.0435,0.0438,20.0,0.0435,13.0,18243.0,1618.0
2021-01-05 09:38:30.190,0.0435,0.044,34.0,0.0436,5.0,18243.0,1618.0
2021-01-05 09:38:30.670,0.0435,0.0438,20.0,0.0436,18.0,18243.0,1618.0
2021-01-05 09:38:31.181,0.0435,0.0438,20.0,0.0436,18.0,18243.0,1618.0
2021-01-05 09:38:31.700,0.0435,0.0438,20.0,0.0437,13.0,18243.0,1618.0
2021-01-05 09:38:32.030,0.0438,0.044,34.0,0.0437,13.0,18243.0,1625.0
2021-01-05 09:38:32.630,0.0438,0.044,34.0,0.0438,5.0,18243.0,1625.0
2021-01-05 09:38:33.191,0.044,0.044,13.0,0.0438,5.0,18243.0,1627.0
2021-01-05 09:38:33.700,0.044,0.0441,13.0,0.0438,18.0,18243.0,1629.0
2021-01-05 09:38:34.201,0.044,0.0443,20.0,0.0438,25.0,18243.0,1629.0
2021-01-05 09:38:35.200,0.044,0.0443,13.0,0.044,13.0,18243.0,1629.0
2021-01-05 09:38:35.700,0.044,0.0444,20.0,0.0441,5.0,18243.0,1629.0
2021-01-05 09:38:36.180,0.044,0.0444,33.0,0.0441,18.0,18243.0,1629.0
2021-01-05 09:38:36.691,0.044,0.0444,33.0,0.0443,4.0,18243.0,1629.0
2021-01-05 09:38:37.160,0.044,0.0444,33.0,0.0443,4.0,18243.0,1629.0
2021-01-05 09:38:37.680,0.0444,0.0445,33.0,0.0443,4.0,18248.0,1634.0
2021-01-05 09:38:38.161,0.0444,0.0445,33.0,0.0443,4.0,18248.0,1634.0
2021-01-05 09:38:38.660,0.0444,0.0445,20.0,0.0443,17.0,18248.0,1634.0
2021-01-05 09:38:39.161,0.0444,0.0446,13.0,0.0443,17.0,18248.0,1634.0
2021-01-05 09:38:39.661,0.0444,0.0446,13.0,0.0443,17.0,18248.0,1634.0
2021-01-05 09:38:40.141,0.0444,0.0449,23.0,0.0444,33.0,18248.0,1634.0
2021-01-05 09:38:40.591,0.0444,0.0449,30.0,0.0445,13.0,18248.0,1634.0
2021-01-05 09:38:41.190,0.0444,0.0448,20.0,0.0445,13.0,18248.0,1634.0
2021-01-05 09:38:41.640,0.0444,0.0449,30.0,0.0444,33.0,18248.0,1634.0
2021-01-05 09:38:42.191,0.0449,0.0449,29.0,0.0445,13.0,18249.0,1635.0
2021-01-05 09:38:42.700,0.0449,0.0449,20.0,0.0445,13.0,18249.0,1635.0
2021-01-05 09:38:43.190,0.0449,0.0449,20.0,0.0445,13.0,18249.0,1635.0
2021-01-05 09:38:43.701,0.0445,0.0448,13.0,0.0445,13.0,18249.0,1638.0
2021-01-05 09:38:44.200,0.0445,0.0449,33.0,0.0445,13.0,18249.0,1638.0
2021-01-05 09:38:44.690,0.0445,0.0446,20.0,0.0445,13.0,18249.0,1638.0
2021-01-05 09:38:45.201,0.0445,0.0447,13.0,0.0444,33.0,18249.0,1638.0
2021-01-05 09:38:45.580,0.0445,0.0447,33.0,0.0443,4.0,18249.0,1638.0
2021-01-05 09:38:46.200,0.0445,0.0446,13.0,0.0443,40.0,18249.0,1638.0
2021-01-05 09:38:46.631,0.0445,0.0447,33.0,0.0444,13.0,18249.0,1638.0
2021-01-05 09:38:47.140,0.0445,0.0446,33.0,0.0443,4.0,18249.0,1638.0
2021-01-05 09:38:47.691,0.0445,0.0446,33.0,0.0443,17.0,18249.0,1638.0
2021-01-05 09:38:48.200,0.0445,0.0444,20.0,0.0443,4.0,18249.0,1638.0
2021-01-05 09:38:49.130,0.0443,0.0443,13.0,0.044,16.0,18249.0,1642.0
2021-01-05 09:38:49.670,0.0443,0.0443,33.0,0.044,13.0,18249.0,1642.0
2021-01-05 09:38:50.091,0.0443,0.0445,33.0,0.044,33.0,18249.0,1642.0
2021-01-05 09:38:50.651,0.0443,0.0444,13.0,0.0441,13.0,18249.0,1642.0
2021-01-05 09:38:51.170,0.0443,0.0445,33.0,0.0441,13.0,18249.0,1642.0
2021-01-05 09:38:51.691,0.0443,0.0447,20.0,0.0442,20.0,18249.0,1642.0
2021-01-05 09:38:52.140,0.0443,0.0447,20.0,0.0443,33.0,18249.0,1642.0
2021-01-05 09:38:52.671,0.0443,0.0448,20.0,0.0444,13.0,18249.0,1642.0
2021-01-05 09:38:53.191,0.0443,0.0448,20.0,0.0444,13.0,18249.0,1642.0
2021-01-05 09:38:54.200,0.0443,0.0448,20.0,0.0445,13.0,18249.0,1642.0
2021-01-05 09:38:54.690,0.0443,0.0449,21.0,0.0445,13.0,18249.0,1642.0
2021-01-05 09:38:55.191,0.0445,0.0448,20.0,0.0445,11.0,18249.0,1644.0
2021-01-05 09:38:55.650,0.0445,0.0449,21.0,0.0445,13.0,18249.0,1644.0
2021-01-05 09:38:56.190,0.0445,0.045,33.0,0.0445,33.0,18249.0,1644.0
2021-01-05 09:38:56.661,0.0445,0.045,20.0,0.0446,13.0,18249.0,1644.0
2021-01-05 09:38:57.200,0.0445,0.0447,20.0,0.0445,13.0,18249.0,1644.0
2021-01-05 09:38:57.640,0.0447,0.0448,20.0,0.0444,20.0,18249.0,1645.0
2021-01-05 09:38:58.161,0.0447,0.0447,33.0,0.0443,20.0,18249.0,1645.0
2021-01-05 09:38:58.670,0.0447,0.0446,33.0,0.0443,13.0,18249.0,1645.0
2021-01-05 09:38:59.060,0.0447,0.0445,33.0,0.0441,33.0,18249.0,1645.0
2021-01-05 09:39:00.111,0.0444,0.0444,12.0,0.0442,10.0,18249.0,1648.0
2021-01-05 09:39:00.660,0.0444,0.0444,13.0,0.0442,10.0,18249.0,1648.0
2021-01-05 09:39:01.120,0.0444,0.0445,13.0,0.0442,43.0,18249.0,1651.0
2021-01-05 09:39:01.700,0.0444,0.0446,34.0,0.0443,13.0,18249.0,1651.0
2021-01-05 09:39:02.051,0.0444,0.0445,20.0,0.0443,13.0,18249.0,1651.0
2021-01-05 09:39:02.660,0.0444,0.0447,33.0,0.0443,20.0,18249.0,1651.0
2021-01-05 09:39:03.150,0.0444,0.0445,20.0,0.0444,13.0,18249.0,1651.0
2021-01-05 09:39:03.671,0.0444,0.0445,20.0,0.0441,20.0,18249.0,1651.0
2021-01-05 09:39:04.161,0.0444,0.0445,33.0,0.0442,13.0,18249.0,1651.0
2021-01-05 09:39:04.610,0.0444,0.0445,33.0,0.0442,13.0,18249.0,1651.0
2021-01-05 09:39:05.211,0.0445,0.0445,19.0,0.0442,13.0,18250.0,1652.0
2021-01-05 09:39:06.650,0.0445,0.0445,19.0,0.0442,13.0,18250.0,1652.0
2021-01-05 09:39:07.200,0.0445,0.0445,19.0,0.0442,13.0,18250.0,1652.0
2021-01-05 09:39:07.680,0.0445,0.0445,19.0,0.0442,13.0,18250.0,1652.0
2021-01-05 09:39:08.131,0.0445,0.0445,19.0,0.0442,13.0,18250.0,1652.0
2021-01-05 09:39:08.690,0.0445,0.0445,19.0,0.0442,13.0,18250.0,1652.0
2021-01-05 09:39:09.161,0.0445,0.0445,19.0,0.0442,33.0,18250.0,1652.0
2021-01-05 09:39:09.601,0.0445,0.0446,20.0,0.0443,13.0,18250.0,1652.0
2021-01-05 09:39:10.191,0.0445,0.0445,21.0,0.0444,5.0,18250.0,1652.0
2021-01-05 09:39:10.681,0.0445,0.0447,23.0,0.0445,13.0,18250.0,1652.0
2021-01-05 09:39:11.201,0.0445,0.0447,3.0,0.0445,13.0,18250.0,1652.0
2021-01-05 09:39:11.701,0.0445,0.0447,2.0,0.0446,5.0,18250.0,1652.0
2021-01-05 09:39:12.220,0.0445,0.0447,22.0,0.0446,18.0,18250.0,1652.0
2021-01-05 09:39:12.690,0.0445,0.0447,22.0,0.0446,18.0,18250.0,1652.0
2021-01-05 09:39:13.161,0.0445,0.0447,23.0,0.0446,18.0,18250.0,1652.0
2021-01-05 09:39:13.720,0.0446,0.0447,3.0,0.0446,11.0,18255.0,1672.0
2021-01-05 09:39:13.970,0.0446,0.0447,3.0,0.0444,20.0,18255.0,1672.0
2021-01-05 09:39:14.650,0.0446,0.0447,3.0,0.0445,13.0,18255.0,1672.0
2021-01-05 09:39:15.220,0.0446,0.0447,2.0,0.0445,33.0,18255.0,1672.0
2021-01-05 09:39:15.720,0.0446,0.0447,2.0,0.0445,33.0,18255.0,1672.0
2021-01-05 09:39:16.121,0.0446,0.0447,2.0,0.0446,13.0,18255.0,1672.0
2021-01-05 09:39:16.711,0.0446,0.0447,2.0,0.0446,13.0,18255.0,1672.0
2021-01-05 09:39:17.191,0.0446,0.0447,2.0,0.0446,13.0,18255.0,1672.0
2021-01-05 09:39:17.650,0.0446,0.0447,2.0,0.0445,53.0,18255.0,1672.0
2021-01-05 09:39:17.721,0.0446,0.0447,2.0,0.0445,13.0,18255.0,1672.0
2021-01-05 09:39:18.671,0.0446,0.0447,2.0,0.0444,13.0,18255.0,1672.0
2021-01-05 09:39:19.710,0.0446,0.0447,2.0,0.0444,53.0,18255.0,1672.0
2021-01-05 09:39:20.221,0.0446,0.0447,2.0,0.0445,33.0,18255.0,1672.0
2021-01-05 09:39:20.741,0.0446,0.0447,2.0,0.0446,33.0,18255.0,1672.0
2021-01-05 09:39:21.231,0.0446,0.0447,2.0,0.0446,13.0,18255.0,1672.0
2021-01-05 09:39:21.671,0.0446,0.0447,2.0,0.0446,20.0,18255.0,1672.0
2021-01-05 09:39:22.211,0.0447,0.0449,15.0,0.0447,13.0,18255.0,1674.0
2021-01-05 09:39:22.651,0.0447,0.0449,15.0,0.0447,13.0,18255.0,1674.0
2021-01-05 09:39:23.200,0.0447,0.0449,35.0,0.0447,13.0,18255.0,1674.0
2021-01-05 09:39:23.700,0.0447,0.0448,20.0,0.0446,13.0,18255.0,1674.0
2021-01-05 09:39:24.151,0.0447,0.0449,35.0,0.0445,53.0,18255.0,1674.0
2021-01-05 09:39:25.210,0.0447,0.0449,48.0,0.0446,13.0,18255.0,1674.0
2021-01-05 09:39:25.700,0.0447,0.0449,35.0,0.0446,13.0,18255.0,1674.0
2021-01-05 09:39:26.681,0.0447,0.0449,35.0,0.0446,13.0,18255.0,1674.0
2021-01-05 09:39:27.210,0.0447,0.0449,35.0,0.0446,13.0,18255.0,1674.0
2021-01-05 09:39:27.711,0.0447,0.0449,48.0,0.0446,13.0,18255.0,1674.0
2021-01-05 09:39:29.231,0.0447,0.0449,48.0,0.0446,13.0,18255.0,1674.0
2021-01-05 09:39:29.721,0.0447,0.0448,20.0,0.0446,13.0,18255.0,1674.0
2021-01-05 09:39:30.220,0.0446,0.0446,7.0,0.0445,13.0,18255.0,1687.0
2021-01-05 09:39:30.520,0.0446,0.0447,13.0,0.0444,33.0,18255.0,1688.0
2021-01-05 09:39:31.121,0.0446,0.0446,20.0,0.0444,20.0,18255.0,1688.0
2021-01-05 09:39:31.690,0.0446,0.0446,33.0,0.0443,13.0,18255.0,1688.0
2021-01-05 09:39:32.141,0.0446,0.0446,20.0,0.0443,53.0,18255.0,1688.0
2021-01-05 09:39:32.631,0.0446,0.0448,20.0,0.0444,13.0,18255.0,1688.0
2021-01-05 09:39:33.180,0.0446,0.0448,20.0,0.0444,13.0,18255.0,1688.0
2021-01-05 09:39:33.180,0.0446,0.0448,20.0,0.0447,10.0,18255.0,1688.0
2021-01-05 09:39:34.210,0.0447,0.0447,10.0,0.0445,13.0,18255.0,1698.0
2021-01-05 09:39:34.681,0.0447,0.0447,23.0,0.0446,10.0,18255.0,1698.0
2021-01-05 09:39:35.171,0.0447,0.0447,23.0,0.0446,10.0,18255.0,1698.0
2021-01-05 09:39:35.701,0.0446,0.0446,13.0,0.0443,63.0,18255.0,1708.0
2021-01-05 09:39:36.231,0.0446,0.0447,10.0,0.0443,40.0,18255.0,1718.0
2021-01-05 09:39:36.660,0.0446,0.0447,10.0,0.0446,10.0,18255.0,1718.0
2021-01-05 09:39:37.221,0.0446,0.0447,10.0,0.0446,23.0,18255.0,1718.0
2021-01-05 09:39:37.730,0.0446,0.0447,10.0,0.0446,10.0,18255.0,1718.0
2021-01-05 09:39:39.241,0.0446,0.0447,10.0,0.0446,23.0,18255.0,1718.0
2021-01-05 09:39:39.460,0.0446,0.0448,20.0,0.0446,23.0,18255.0,1718.0
2021-01-05 09:39:40.721,0.0446,0.0448,33.0,0.0446,10.0,18255.0,1718.0
2021-01-05 09:39:41.220,0.0446,0.0446,10.0,0.0444,20.0,18255.0,1728.0
2021-01-05 09:39:41.750,0.0446,0.0449,35.0,0.0445,43.0,18255.0,1728.0
2021-01-05 09:39:42.210,0.0446,0.0446,20.0,0.0445,13.0,18255.0,1728.0
2021-01-05 09:39:42.740,0.0446,0.0446,20.0,0.0443,13.0,18255.0,1728.0
2021-01-05 09:39:43.191,0.0446,0.0446,20.0,0.0443,13.0,18255.0,1728.0
2021-01-05 09:39:43.570,0.0446,0.0446,33.0,0.0443,13.0,18255.0,1728.0
2021-01-05 09:39:44.231,0.0446,0.0446,33.0,0.0443,13.0,18255.0,1728.0
2021-01-05 09:39:44.680,0.0446,0.0446,20.0,0.0443,13.0,18255.0,1728.0
2021-01-05 09:39:45.251,0.0446,0.0446,20.0,0.0443,33.0,18255.0,1728.0
2021-01-05 09:39:45.750,0.0446,0.0447,20.0,0.0444,13.0,18255.0,1728.0
2021-01-05 09:39:46.190,0.0446,0.0449,35.0,0.0444,33.0,18255.0,1728.0
2021-01-05 09:39:46.691,0.0446,0.0449,35.0,0.0445,33.0,18255.0,1728.0
2021-01-05 09:39:47.250,0.0446,0.0449,35.0,0.0446,13.0,18255.0,1728.0
2021-01-05 09:39:47.731,0.0446,0.0449,35.0,0.0446,13.0,18255.0,1728.0
2021-01-05 09:39:48.221,0.0446,0.0448,20.0,0.0445,33.0,18255.0,1728.0
2021-01-05 09:39:48.720,0.0446,0.0449,35.0,0.0446,13.0,18255.0,1728.0
2021-01-05 09:39:49.241,0.0446,0.0449,15.0,0.0446,14.0,18255.0,1728.0
2021-01-05 09:39:49.711,0.0446,0.0449,15.0,0.0447,13.0,18255.0,1728.0
2021-01-05 09:39:50.180,0.0446,0.0449,15.0,0.0448,5.0,18255.0,1728.0
2021-01-05 09:39:50.710,0.0449,0.0449,5.0,0.0448,18.0,18255.0,1738.0
2021-01-05 09:39:51.241,0.0449,0.045,1.0,0.0449,1.0,18255.0,1743.0
2021-01-05 09:39:51.730,0.0449,0.045,1.0,0.0449,13.0,18255.0,1743.0
2021-01-05 09:39:52.251,0.045,0.0453,20.0,0.045,4.0,18256.0,1744.0
2021-01-05 09:39:52.251,0.045,0.0451,20.0,0.045,4.0,18256.0,1744.0
2021-01-05 09:39:53.121,0.045,0.0451,33.0,0.0448,13.0,18260.0,1748.0
2021-01-05 09:39:53.630,0.0448,0.0448,7.0,0.0447,13.0,18260.0,1761.0
2021-01-05 09:39:54.191,0.0448,0.045,20.0,0.0446,31.0,18260.0,1762.0
2021-01-05 09:39:54.691,0.0448,0.0449,13.0,0.0446,51.0,18260.0,1762.0
2021-01-05 09:39:55.181,0.0448,0.0451,13.0,0.0448,20.0,18260.0,1762.0
2021-01-05 09:39:55.640,0.0448,0.0451,33.0,0.0448,13.0,18260.0,1762.0
2021-01-05 09:39:56.120,0.0448,0.0455,43.0,0.045,20.0,18260.0,1762.0
2021-01-05 09:39:56.691,0.0448,0.0452,20.0,0.0448,33.0,18260.0,1762.0
2021-01-05 09:39:57.181,0.0448,0.0451,13.0,0.0448,33.0,18260.0,1762.0
2021-01-05 09:39:57.580,0.0448,0.0451,13.0,0.0448,33.0,18260.0,1762.0
2021-01-05 09:39:58.170,0.0448,0.045,20.0,0.0447,13.0,18260.0,1762.0
2021-01-05 09:39:58.600,0.0448,0.045,20.0,0.0447,13.0,18260.0,1762.0
2021-01-05 09:39:59.061,0.0448,0.045,20.0,0.0447,13.0,18260.0,1762.0
2021-01-05 09:39:59.670,0.0448,0.045,20.0,0.0447,13.0,18260.0,1762.0
2021-01-05 09:40:00.631,0.0448,0.0451,13.0,0.0448,20.0,18260.0,1762.0
2021-01-05 09:40:01.201,0.045,0.045,18.0,0.0446,34.0,18262.0,1764.0
2021-01-05 09:40:01.570,0.045,0.0449,13.0,0.0446,34.0,18262.0,1764.0
2021-01-05 09:40:02.141,0.045,0.045,33.0,0.0447,15.0,18262.0,1764.0
2021-01-05 09:40:02.671,0.045,0.0448,20.0,0.0446,1.0,18262.0,1764.0
2021-01-05 09:40:03.171,0.045,0.0447,15.0,0.0446,1.0,18262.0,1764.0
2021-01-05 09:40:03.691,0.045,0.0447,15.0,0.0446,1.0,18262.0,1764.0
2021-01-05 09:40:04.160,0.045,0.0448,15.0,0.0446,1.0,18262.0,1764.0
2021-01-05 09:40:04.700,0.045,0.0448,15.0,0.0446,1.0,18262.0,1764.0
2021-01-05 09:40:05.170,0.045,0.0448,35.0,0.0446,1.0,18262.0,1764.0
2021-01-05 09:40:05.701,0.045,0.0447,15.0,0.0446,1.0,18262.0,1764.0
2021-01-05 09:40:06.200,0.045,0.0447,15.0,0.0446,1.0,18262.0,1764.0
2021-01-05 09:40:06.701,0.045,0.0448,35.0,0.0446,1.0,18262.0,1764.0
2021-01-05 09:40:07.191,0.045,0.0448,35.0,0.0446,1.0,18262.0,1764.0
2021-01-05 09:40:07.700,0.045,0.0447,15.0,0.0446,1.0,18262.0,1764.0
2021-01-05 09:40:08.200,0.0446,0.0446,20.0,0.0444,25.0,18263.0,1765.0
2021-01-05 09:40:08.690,0.0446,0.0446,20.0,0.0444,25.0,18263.0,1765.0
2021-01-05 09:40:09.191,0.0444,0.0445,20.0,0.0441,30.0,18263.0,1778.0
2021-01-05 09:40:09.691,0.0444,0.0445,35.0,0.0442,15.0,18263.0,1778.0
2021-01-05 09:40:10.150,0.0444,0.0447,20.0,0.0443,25.0,18263.0,1778.0
2021-01-05 09:40:10.680,0.0444,0.0447,20.0,0.0444,15.0,18263.0,1778.0
2021-01-05 09:40:11.170,0.0444,0.0446,20.0,0.0444,15.0,18263.0,1778.0
2021-01-05 09:40:11.610,0.0444,0.0446,20.0,0.0445,5.0,18263.0,1778.0
2021-01-05 09:40:12.190,0.0445,0.0446,35.0,0.0443,15.0,18268.0,1783.0
2021-01-05 09:40:12.680,0.0445,0.0444,20.0,0.0443,15.0,18268.0,1783.0
2021-01-05 09:40:13.170,0.0445,0.0444,20.0,0.0442,15.0,18268.0,1783.0
2021-01-05 09:40:13.431,0.0445,0.0443,22.0,0.0441,35.0,18268.0,1783.0
2021-01-05 09:40:14.150,0.0445,0.0443,37.0,0.044,18.0,18268.0,1783.0
2021-01-05 09:40:14.701,0.0445,0.0443,37.0,0.044,18.0,18268.0,1783.0
2021-01-05 09:40:15.191,0.0445,0.0443,37.0,0.044,18.0,18268.0,1783.0
2021-01-05 09:40:15.690,0.0445,0.0443,37.0,0.044,18.0,18268.0,1783.0
2021-01-05 09:40:16.610,0.0445,0.0443,22.0,0.0441,15.0,18268.0,1783.0
2021-01-05 09:40:17.191,0.0445,0.0443,22.0,0.0441,15.0,18268.0,1783.0
2021-01-05 09:40:17.661,0.0445,0.0443,37.0,0.044,18.0,18268.0,1783.0
2021-01-05 09:40:18.161,0.0445,0.0443,22.0,0.0441,15.0,18268.0,1783.0
2021-01-05 09:40:18.701,0.0445,0.0443,37.0,0.044,18.0,18268.0,1783.0
2021-01-05 09:40:19.190,0.0445,0.0443,22.0,0.0441,15.0,18268.0,1783.0
2021-01-05 09:40:19.711,0.0445,0.0443,22.0,0.0441,15.0,18268.0,1783.0
2021-01-05 09:40:20.191,0.0443,0.0446,20.0,0.0443,7.0,18268.0,1785.0
2021-01-05 09:40:20.691,0.0443,0.0445,10.0,0.0444,15.0,18268.0,1785.0
2021-01-05 09:40:21.200,0.0443,0.0446,20.0,0.0444,10.0,18268.0,1785.0
2021-01-05 09:40:21.701,0.0443,0.0446,20.0,0.0445,15.0,18268.0,1785.0
2021-01-05 09:40:22.210,0.0443,0.0446,20.0,0.0445,15.0,18268.0,1785.0
2021-01-05 09:40:22.591,0.0443,0.0447,20.0,0.0445,15.0,18268.0,1785.0
2021-01-05 09:40:23.200,0.0443,0.0447,20.0,0.0445,15.0,18268.0,1785.0
2021-01-05 09:40:23.701,0.0443,0.0447,20.0,0.0445,15.0,18268.0,1785.0
2021-01-05 09:40:24.160,0.0443,0.0447,20.0,0.0445,15.0,18268.0,1785.0
2021-01-05 09:40:24.681,0.0443,0.0447,20.0,0.0445,15.0,18268.0,1785.0
2021-01-05 09:40:25.121,0.0447,0.0447,19.0,0.0445,15.0,18269.0,1786.0
2021-01-05 09:40:25.570,0.0447,0.0447,19.0,0.0444,15.0,18269.0,1786.0
2021-01-05 09:40:26.181,0.0447,0.0447,19.0,0.0444,15.0,18269.0,1786.0
2021-01-05 09:40:26.650,0.0447,0.0447,19.0,0.0444,15.0,18269.0,1786.0
2021-01-05 09:40:27.140,0.0447,0.0449,20.0,0.0444,35.0,18269.0,1786.0
2021-01-05 09:40:27.701,0.0447,0.0449,45.0,0.0445,35.0,18269.0,1786.0
2021-01-05 09:40:28.110,0.0447,0.0448,15.0,0.0445,35.0,18269.0,1786.0
2021-01-05 09:40:28.690,0.0447,0.0448,15.0,0.0445,35.0,18269.0,1786.0
2021-01-05 09:40:29.170,0.0447,0.0448,35.0,0.0444,20.0,18269.0,1786.0
2021-01-05 09:40:30.150,0.0447,0.0447,15.0,0.0445,20.0,18269.0,1786.0
2021-01-05 09:40:30.700,0.0447,0.0448,15.0,0.0445,20.0,18269.0,1786.0
2021-01-05 09:40:31.101,0.0447,0.0448,15.0,0.0445,20.0,18269.0,1786.0
2021-01-05 09:40:31.631,0.0447,0.0448,15.0,0.0445,20.0,18269.0,1786.0
2021-01-05 09:40:32.611,0.0447,0.0448,35.0,0.0444,20.0,18269.0,1786.0
2021-01-05 09:40:33.191,0.0447,0.0446,20.0,0.0442,35.0,18269.0,1786.0
2021-01-05 09:40:33.551,0.0447,0.0445,15.0,0.0442,15.0,18269.0,1786.0
2021-01-05 09:40:34.171,0.0447,0.0445,15.0,0.0442,15.0,18269.0,1786.0
2021-01-05 09:40:34.601,0.0447,0.0446,20.0,0.0442,35.0,18269.0,1786.0
2021-01-05 09:40:35.201,0.0447,0.0446,20.0,0.0443,15.0,18269.0,1786.0
2021-01-05 09:40:35.681,0.0447,0.0446,35.0,0.0443,15.0,18269.0,1786.0
2021-01-05 09:40:36.161,0.0447,0.0446,20.0,0.0443,15.0,18269.0,1786.0
2021-01-05 09:40:36.620,0.0447,0.0446,20.0,0.0443,35.0,18269.0,1786.0
2021-01-05 09:40:37.201,0.0447,0.0446,20.0,0.0444,15.0,18269.0,1786.0
2021-01-05 09:40:37.700,0.0447,0.0448,20.0,0.0444,15.0,18269.0,1786.0
2021-01-05 09:40:38.090,0.0447,0.0447,35.0,0.0444,15.0,18269.0,1786.0
2021-01-05 09:40:38.651,0.0447,0.0447,35.0,0.0444,15.0,18269.0,1786.0
2021-01-05 09:40:39.041,0.0447,0.0447,35.0,0.0444,15.0,18269.0,1786.0
2021-01-05 09:40:39.681,0.0447,0.0446,15.0,0.0443,35.0,18269.0,1786.0
2021-01-05 09:40:40.061,0.0447,0.0446,35.0,0.0442,15.0,18269.0,1786.0
2021-01-05 09:40:40.670,0.0447,0.0446,20.0,0.0442,25.0,18269.0,1786.0
2021-01-05 09:40:41.191,0.0447,0.0445,35.0,0.0442,15.0,18269.0,1786.0
2021-01-05 09:40:41.640,0.0447,0.0444,15.0,0.0441,35.0,18269.0,1786.0
2021-01-05 09:40:42.180,0.0444,0.0445,22.0,0.0442,15.0,18271.0,1788.0
2021-01-05 09:40:42.601,0.0444,0.0445,22.0,0.0442,15.0,18271.0,1788.0
2021-01-05 09:40:43.191,0.0444,0.0445,22.0,0.0442,15.0,18271.0,1788.0
2021-01-05 09:40:43.621,0.0444,0.0445,22.0,0.0442,15.0,18271.0,1788.0
2021-01-05 09:40:44.161,0.0444,0.0445,22.0,0.0442,15.0,18271.0,1788.0
2021-01-05 09:40:44.610,0.0444,0.0445,37.0,0.0442,15.0,18271.0,1788.0
2021-01-05 09:40:45.131,0.0444,0.0445,37.0,0.0442,15.0,18271.0,1788.0
2021-01-05 09:40:45.621,0.0444,0.0445,37.0,0.0442,15.0,18271.0,1788.0
2021-01-05 09:40:46.161,0.0444,0.0445,22.0,0.0442,15.0,18271.0,1788.0
2021-01-05 09:40:46.581,0.0444,0.0445,22.0,0.0442,15.0,18271.0,1788.0
2021-01-05 09:40:47.211,0.0444,0.0445,22.0,0.0442,15.0,18271.0,1788.0
2021-01-05 09:40:47.611,0.0444,0.0445,22.0,0.0442,15.0,18271.0,1788.0
2021-01-05 09:40:48.160,0.0444,0.0445,22.0,0.0442,15.0,18271.0,1788.0
2021-01-05 09:40:48.700,0.0444,0.0444,35.0,0.0441,15.0,18271.0,1788.0
2021-01-05 09:40:49.111,0.0444,0.0444,20.0,0.0441,35.0,18271.0,1788.0
2021-01-05 09:40:49.640,0.0444,0.0444,20.0,0.0441,35.0,18271.0,1788.0
2021-01-05 09:40:50.181,0.0444,0.0444,20.0,0.0442,15.0,18271.0,1788.0
2021-01-05 09:40:51.021,0.0444,0.0443,2.0,0.0442,15.0,18271.0,1788.0
2021-01-05 09:40:51.620,0.0442,0.0443,2.0,0.0442,13.0,18271.0,1790.0
2021-01-05 09:40:52.181,0.0442,0.0443,2.0,0.0442,15.0,18271.0,1790.0
2021-01-05 09:40:53.180,0.0442,0.0443,2.0,0.0442,15.0,18271.0,1790.0
2021-01-05 09:40:53.651,0.0442,0.0443,2.0,0.0442,15.0,18271.0,1790.0
2021-01-05 09:40:54.141,0.0442,0.0443,2.0,0.0442,15.0,18271.0,1790.0
2021-01-05 09:40:54.521,0.0442,0.0443,2.0,0.0441,15.0,18271.0,1790.0
2021-01-05 09:40:55.111,0.0442,0.0443,2.0,0.0441,35.0,18271.0,1790.0
2021-01-05 09:40:55.251,0.0442,0.0443,2.0,0.0442,15.0,18271.0,1790.0
2021-01-05 09:40:56.121,0.0442,0.0443,2.0,0.0442,25.0,18271.0,1790.0
2021-01-05 09:40:56.600,0.0443,0.0445,2.0,0.0443,15.0,18271.0,1792.0
2021-01-05 09:40:57.180,0.0443,0.0445,2.0,0.0443,15.0,18271.0,1792.0
2021-01-05 09:40:57.560,0.0443,0.0445,22.0,0.0443,15.0,18271.0,1792.0
2021-01-05 09:40:58.200,0.0443,0.0445,22.0,0.0443,15.0,18271.0,1792.0
2021-01-05 09:40:58.721,0.0443,0.0445,22.0,0.0443,15.0,18271.0,1792.0
2021-01-05 09:40:58.980,0.0443,0.0445,22.0,0.0443,15.0,18271.0,1792.0
2021-01-05 09:40:59.650,0.0443,0.0445,22.0,0.0443,15.0,18271.0,1792.0
2021-01-05 09:41:00.980,0.0443,0.0445,2.0,0.0443,15.0,18271.0,1792.0
2021-01-05 09:41:01.650,0.0443,0.0445,37.0,0.0442,15.0,18271.0,1792.0
2021-01-05 09:41:02.190,0.0443,0.0445,37.0,0.0442,15.0,18271.0,1792.0
2021-01-05 09:41:02.661,0.0443,0.0445,22.0,0.0442,35.0,18271.0,1792.0
2021-01-05 09:41:03.110,0.0443,0.0445,2.0,0.0443,35.0,18271.0,1792.0
2021-01-05 09:41:03.721,0.0443,0.0445,2.0,0.0444,15.0,18271.0,1792.0
2021-01-05 09:41:04.180,0.0443,0.0445,2.0,0.0444,15.0,18271.0,1792.0
2021-01-05 09:41:04.680,0.0443,0.0445,2.0,0.0443,35.0,18271.0,1792.0
2021-01-05 09:41:05.220,0.0443,0.0445,2.0,0.0444,15.0,18271.0,1792.0
2021-01-05 09:41:05.660,0.0443,0.0445,2.0,0.0443,15.0,18271.0,1792.0
2021-01-05 09:41:06.221,0.0443,0.0445,2.0,0.0443,15.0,18271.0,1792.0
2021-01-05 09:41:06.620,0.0443,0.0445,2.0,0.0444,20.0,18271.0,1792.0
2021-01-05 09:41:07.100,0.0443,0.0445,2.0,0.0444,20.0,18271.0,1792.0
2021-01-05 09:41:07.611,0.0445,0.0448,35.0,0.0445,15.0,18271.0,1794.0
2021-01-05 09:41:08.201,0.0445,0.0448,20.0,0.0445,15.0,18271.0,1794.0
2021-01-05 09:41:08.701,0.0445,0.0447,15.0,0.0444,35.0,18271.0,1794.0
2021-01-05 09:41:09.650,0.0445,0.045,35.0,0.0445,35.0,18271.0,1794.0
2021-01-05 09:41:10.220,0.0445,0.0448,20.0,0.0445,20.0,18271.0,1794.0
2021-01-05 09:41:10.710,0.0445,0.0449,20.0,0.0445,20.0,18271.0,1794.0
2021-01-05 09:41:11.210,0.0445,0.0448,15.0,0.0445,35.0,18271.0,1794.0
2021-01-05 09:41:11.711,0.0445,0.0448,20.0,0.0445,30.0,18271.0,1794.0
2021-01-05 09:41:12.151,0.0445,0.0447,15.0,0.0445,30.0,18271.0,1794.0
2021-01-05 09:41:12.710,0.0445,0.0447,15.0,0.0445,20.0,18271.0,1794.0
2021-01-05 09:41:13.161,0.0445,0.0448,20.0,0.0445,20.0,18271.0,1794.0
2021-01-05 09:41:13.701,0.0445,0.0447,15.0,0.0443,20.0,18271.0,1794.0
2021-01-05 09:41:14.160,0.0445,0.0451,30.0,0.0446,20.0,18271.0,1794.0
2021-01-05 09:41:14.671,0.0445,0.0448,20.0,0.0444,20.0,18271.0,1794.0
2021-01-05 09:41:15.180,0.0445,0.0448,35.0,0.0445,15.0,18271.0,1794.0
2021-01-05 09:41:15.601,0.0445,0.0446,20.0,0.0444,15.0,18271.0,1794.0
2021-01-05 09:41:16.210,0.0445,0.0446,20.0,0.0443,15.0,18271.0,1794.0
2021-01-05 09:41:16.500,0.0445,0.0448,45.0,0.0444,20.0,18271.0,1794.0
2021-01-05 09:41:17.211,0.0445,0.0448,35.0,0.0445,15.0,18271.0,1794.0
2021-01-05 09:41:17.670,0.0445,0.0448,20.0,0.0445,15.0,18271.0,1794.0
2021-01-05 09:41:18.141,0.0445,0.0447,20.0,0.0445,15.0,18271.0,1794.0
2021-01-05 09:41:18.600,0.0445,0.0447,20.0,0.0444,15.0,18271.0,1794.0
2021-01-05 09:41:19.161,0.0445,0.0449,20.0,0.0445,20.0,18271.0,1794.0
2021-01-05 09:41:19.601,0.0445,0.0449,20.0,0.0446,15.0,18271.0,1794.0
2021-01-05 09:41:20.070,0.0445,0.0447,20.0,0.0446,15.0,18271.0,1794.0
2021-01-05 09:41:20.721,0.0445,0.0447,20.0,0.0444,15.0,18271.0,1794.0
2021-01-05 09:41:21.190,0.0445,0.0447,20.0,0.0444,15.0,18271.0,1794.0
2021-01-05 09:41:21.551,0.0448,0.0448,12.0,0.0444,45.0,18279.0,1802.0
2021-01-05 09:41:22.190,0.0448,0.0448,12.0,0.0445,15.0,18279.0,1802.0
2021-01-05 09:41:22.700,0.0448,0.045,20.0,0.0446,20.0,18279.0,1802.0
2021-01-05 09:41:23.061,0.0448,0.045,20.0,0.0447,15.0,18279.0,1802.0
2021-01-05 09:41:24.171,0.0448,0.0448,20.0,0.0446,15.0,18279.0,1802.0
2021-01-05 09:41:24.651,0.0448,0.0448,20.0,0.0445,15.0,18279.0,1802.0
2021-01-05 09:41:25.120,0.0448,0.0449,15.0,0.0446,20.0,18279.0,1802.0
2021-01-05 09:41:25.641,0.0448,0.0449,15.0,0.0446,35.0,18279.0,1802.0
2021-01-05 09:41:26.190,0.0448,0.0449,15.0,0.0446,35.0,18279.0,1802.0
2021-01-05 09:41:26.670,0.0448,0.0449,15.0,0.0446,35.0,18279.0,1802.0
2021-01-05 09:41:27.131,0.0448,0.045,20.0,0.0446,30.0,18279.0,1802.0
2021-01-05 09:41:27.710,0.0448,0.0449,15.0,0.0448,20.0,18279.0,1802.0
2021-01-05 09:41:28.171,0.0448,0.0451,35.0,0.0447,20.0,18279.0,1802.0
2021-01-05 09:41:28.540,0.0448,0.045,15.0,0.0447,20.0,18279.0,1802.0
2021-01-05 09:41:29.690,0.0448,0.045,15.0,0.0447,35.0,18279.0,1802.0
2021-01-05 09:41:30.180,0.0448,0.045,15.0,0.0448,5.0,18279.0,1802.0
2021-01-05 09:41:30.240,0.0448,0.045,15.0,0.0448,5.0,18279.0,1802.0
2021-01-05 09:41:31.181,0.0448,0.045,35.0,0.0448,5.0,18279.0,1802.0
2021-01-05 09:41:31.700,0.0448,0.0449,15.0,0.0448,5.0,18279.0,1802.0
2021-01-05 09:41:32.220,0.0448,0.0449,15.0,0.0448,5.0,18279.0,1802.0
2021-01-05 09:41:32.670,0.0448,0.0449,35.0,0.0448,5.0,18279.0,1802.0
2021-01-05 09:41:33.171,0.0448,0.0449,15.0,0.0448,5.0,18279.0,1802.0
2021-01-05 09:41:33.621,0.0448,0.0449,20.0,0.0448,5.0,18279.0,1802.0
2021-01-05 09:41:33.990,0.0448,0.0448,15.0,0.0446,20.0,18284.0,1807.0
2021-01-05 09:41:34.720,0.0448,0.0448,15.0,0.0446,20.0,18284.0,1807.0
2021-01-05 09:41:35.221,0.0448,0.045,10.0,0.0446,20.0,18284.0,1807.0
2021-01-05 09:41:35.721,0.0448,0.0451,20.0,0.0447,35.0,18284.0,1807.0
2021-01-05 09:41:36.070,0.0448,0.0451,35.0,0.0447,35.0,18284.0,1807.0
2021-01-05 09:41:36.720,0.0448,0.0451,15.0,0.0449,20.0,18284.0,1807.0
2021-01-05 09:41:37.210,0.0448,0.0451,20.0,0.0447,40.0,18284.0,1807.0
2021-01-05 09:41:37.711,0.0448,0.0451,15.0,0.0448,35.0,18284.0,1807.0
2021-01-05 09:41:38.220,0.0448,0.0454,20.0,0.0449,20.0,18284.0,1807.0
2021-01-05 09:41:38.650,0.0448,0.0452,20.0,0.0448,55.0,18284.0,1807.0
2021-01-05 09:41:39.221,0.0448,0.0452,35.0,0.0449,35.0,18284.0,1807.0
2021-01-05 09:41:39.521,0.0448,0.0451,15.0,0.0448,55.0,18284.0,1807.0
2021-01-05 09:41:40.231,0.0448,0.0451,35.0,0.0449,20.0,18284.0,1807.0
2021-01-05 09:41:40.721,0.0448,0.045,15.0,0.0448,40.0,18284.0,1807.0
2021-01-05 09:41:41.130,0.0448,0.045,15.0,0.0448,20.0,18284.0,1807.0
2021-01-05 09:41:41.730,0.0448,0.045,15.0,0.0448,20.0,18284.0,1807.0
2021-01-05 09:41:42.201,0.0448,0.045,15.0,0.0447,40.0,18284.0,1807.0
2021-01-05 09:41:42.700,0.0448,0.045,35.0,0.0447,20.0,18284.0,1807.0
2021-01-05 09:41:43.080,0.0448,0.0449,15.0,0.0445,40.0,18284.0,1807.0
2021-01-05 09:41:43.720,0.0448,0.0449,15.0,0.0445,50.0,18284.0,1807.0
2021-01-05 09:41:44.671,0.0448,0.0449,15.0,0.0446,20.0,18284.0,1807.0
2021-01-05 09:41:45.190,0.0448,0.0449,15.0,0.0447,20.0,18284.0,1807.0
2021-01-05 09:41:45.701,0.0448,0.0449,15.0,0.0446,40.0,18284.0,1807.0
2021-01-05 09:41:46.241,0.0448,0.0449,15.0,0.0447,20.0,18284.0,1807.0
2021-01-05 09:41:46.661,0.0448,0.0449,15.0,0.0446,40.0,18284.0,1807.0
2021-01-05 09:41:47.011,0.0449,0.0449,15.0,0.0448,20.0,18284.0,1822.0
2021-01-05 09:41:47.741,0.0449,0.0452,35.0,0.0449,15.0,18284.0,1822.0
2021-01-05 09:41:48.181,0.0449,0.0452,10.0,0.0449,55.0,18284.0,1822.0
2021-01-05 09:41:48.600,0.0449,0.0454,45.0,0.045,15.0,18284.0,1822.0
2021-01-05 09:41:49.191,0.0449,0.0451,20.0,0.0447,20.0,18284.0,1822.0
2021-01-05 09:41:49.451,0.0449,0.0453,20.0,0.0451,5.0,18284.0,1822.0
2021-01-05 09:41:50.231,0.0449,0.0453,15.0,0.0452,5.0,18284.0,1822.0
2021-01-05 09:41:50.751,0.0449,0.0455,20.0,0.0452,5.0,18284.0,1822.0
2021-01-05 09:41:51.251,0.0452,0.0453,20.0,0.0449,20.0,18289.0,1827.0
2021-01-05 09:41:51.760,0.0452,0.0454,15.0,0.045,20.0,18289.0,1827.0
2021-01-05 09:41:52.261,0.0452,0.0454,25.0,0.045,20.0,18289.0,1827.0
2021-01-05 09:41:52.690,0.0452,0.0454,15.0,0.0452,20.0,18289.0,1827.0
2021-01-05 09:41:53.201,0.0452,0.0456,10.0,0.0452,20.0,18289.0,1827.0
2021-01-05 09:41:53.681,0.0452,0.0455,15.0,0.0452,20.0,18289.0,1827.0
2021-01-05 09:41:54.670,0.0452,0.0455,15.0,0.0452,20.0,18289.0,1827.0
2021-01-05 09:41:55.101,0.0452,0.0455,15.0,0.0453,20.0,18289.0,1827.0
2021-01-05 09:41:55.671,0.0452,0.0456,15.0,0.0452,40.0,18289.0,1827.0
2021-01-05 09:41:56.151,0.0452,0.0456,25.0,0.0452,20.0,18289.0,1827.0
2021-01-05 09:41:56.670,0.0452,0.0455,35.0,0.0452,35.0,18289.0,1827.0
2021-01-05 09:41:57.110,0.0452,0.0456,15.0,0.0454,20.0,18289.0,1827.0
2021-01-05 09:41:57.640,0.0452,0.0456,25.0,0.0453,20.0,18289.0,1827.0
2021-01-05 09:41:58.140,0.0452,0.0456,25.0,0.0453,35.0,18289.0,1827.0
2021-01-05 09:41:58.630,0.0452,0.0455,15.0,0.0453,20.0,18289.0,1827.0
2021-01-05 09:41:59.131,0.0452,0.0456,15.0,0.0453,35.0,18289.0,1827.0
2021-01-05 09:42:00.151,0.0452,0.0456,35.0,0.0453,20.0,18289.0,1827.0
2021-01-05 09:42:00.701,0.0452,0.0456,15.0,0.0453,35.0,18289.0,1827.0
2021-01-05 09:42:01.181,0.0452,0.0457,15.0,0.0453,20.0,18289.0,1827.0
2021-01-05 09:42:01.651,0.0452,0.0457,15.0,0.0454,20.0,18289.0,1827.0
2021-01-05 09:42:02.201,0.0452,0.0457,15.0,0.0454,20.0,18289.0,1827.0
2021-01-05 09:42:02.710,0.0452,0.0457,15.0,0.0456,10.0,18289.0,1827.0
2021-01-05 09:42:03.161,0.0452,0.0457,15.0,0.0456,30.0,18289.0,1827.0
2021-01-05 09:42:03.690,0.0452,0.0457,15.0,0.0456,50.0,18289.0,1827.0
2021-01-05 09:42:04.110,0.0452,0.0457,15.0,0.0456,70.0,18289.0,1827.0
2021-01-05 09:42:04.500,0.0452,0.0457,35.0,0.0456,100.0,18289.0,1827.0
2021-01-05 09:42:05.150,0.0456,0.0457,20.0,0.0456,75.0,18314.0,1859.0
2021-01-05 09:42:05.701,0.0456,0.0457,20.0,0.0456,90.0,18314.0,1859.0
2021-01-05 09:42:06.181,0.0456,0.0457,20.0,0.0456,85.0,18314.0,1859.0
2021-01-05 09:42:06.690,0.0456,0.0457,20.0,0.0456,60.0,18314.0,1859.0
2021-01-05 09:42:07.230,0.0458,0.0458,10.0,0.0456,55.0,18329.0,1874.0
2021-01-05 09:42:07.691,0.0459,0.0459,5.0,0.0456,35.0,18349.0,1894.0
2021-01-05 09:42:08.220,0.0459,0.0458,20.0,0.0456,15.0,18349.0,1894.0
2021-01-05 09:42:08.660,0.0455,0.0461,20.0,0.0454,20.0,18389.0,1940.0
2021-01-05 09:42:09.230,0.0455,0.0459,20.0,0.0455,35.0,18389.0,1940.0
2021-01-05 09:42:09.570,0.0455,0.0459,20.0,0.0456,15.0,18389.0,1940.0
2021-01-05 09:42:10.220,0.0455,0.0459,20.0,0.0456,15.0,18389.0,1940.0
2021-01-05 09:42:10.681,0.0455,0.0459,20.0,0.0456,15.0,18389.0,1940.0
2021-01-05 09:42:11.211,0.0455,0.0461,20.0,0.0457,20.0,18389.0,1940.0
2021-01-05 09:42:11.651,0.0455,0.0461,30.0,0.0458,15.0,18389.0,1940.0
2021-01-05 09:42:12.210,0.0455,0.0461,20.0,0.0458,15.0,18389.0,1940.0
2021-01-05 09:42:12.711,0.0455,0.0461,20.0,0.0458,25.0,18389.0,1940.0
2021-01-05 09:42:13.211,0.0455,0.0461,35.0,0.0458,25.0,18389.0,1940.0
2021-01-05 09:42:13.731,0.0455,0.0459,20.0,0.0457,15.0,18389.0,1940.0
2021-01-05 09:42:14.150,0.0455,0.0459,20.0,0.0456,35.0,18389.0,1940.0
2021-01-05 09:42:14.671,0.0455,0.0459,20.0,0.0457,15.0,18389.0,1940.0
2021-01-05 09:42:15.151,0.0455,0.046,20.0,0.0457,15.0,18389.0,1940.0
2021-01-05 09:42:15.650,0.0455,0.046,20.0,0.0457,15.0,18389.0,1940.0
2021-01-05 09:42:16.181,0.0455,0.046,20.0,0.0457,15.0,18389.0,1940.0
2021-01-05 09:42:16.701,0.0455,0.0461,20.0,0.0457,35.0,18389.0,1940.0
2021-01-05 09:42:17.241,0.0455,0.0461,20.0,0.0458,15.0,18389.0,1940.0
2021-01-05 09:42:17.681,0.0455,0.0461,20.0,0.0458,15.0,18389.0,1940.0
2021-01-05 09:42:18.100,0.0455,0.0461,35.0,0.0458,15.0,18389.0,1940.0
2021-01-05 09:42:18.701,0.0455,0.046,15.0,0.0457,35.0,18389.0,1940.0
2021-01-05 09:42:19.210,0.0455,0.046,15.0,0.0457,35.0,18389.0,1940.0
2021-01-05 09:42:19.721,0.0455,0.046,15.0,0.0457,20.0,18389.0,1940.0
2021-01-05 09:42:20.680,0.0457,0.0461,35.0,0.0458,15.0,18388.0,1941.0
2021-01-05 09:42:21.231,0.0457,0.0461,20.0,0.0458,15.0,18388.0,1941.0
2021-01-05 09:42:21.621,0.0457,0.0461,20.0,0.0458,15.0,18388.0,1941.0
2021-01-05 09:42:22.221,0.0457,0.0461,20.0,0.0458,15.0,18388.0,1941.0
2021-01-05 09:42:22.570,0.0457,0.0462,20.0,0.0458,35.0,18388.0,1941.0
2021-01-05 09:42:23.191,0.0457,0.0461,15.0,0.0458,35.0,18388.0,1941.0
2021-01-05 09:42:23.631,0.0457,0.0461,15.0,0.0459,20.0,18388.0,1941.0
2021-01-05 09:42:24.151,0.0457,0.0462,15.0,0.0459,35.0,18388.0,1941.0
2021-01-05 09:42:24.670,0.0457,0.0462,15.0,0.0459,20.0,18388.0,1941.0
2021-01-05 09:42:25.200,0.0457,0.0463,35.0,0.046,15.0,18388.0,1941.0
2021-01-05 09:42:25.511,0.0457,0.0463,20.0,0.046,15.0,18388.0,1941.0
2021-01-05 09:42:26.130,0.0457,0.0463,35.0,0.046,15.0,18388.0,1941.0
2021-01-05 09:42:26.720,0.0457,0.0464,15.0,0.046,35.0,18388.0,1941.0
2021-01-05 09:42:27.171,0.0457,0.0463,20.0,0.046,20.0,18388.0,1941.0
2021-01-05 09:42:27.651,0.0457,0.0463,35.0,0.046,35.0,18388.0,1941.0
2021-01-05 09:42:28.130,0.0457,0.0463,20.0,0.0461,15.0,18388.0,1941.0
2021-01-05 09:42:28.641,0.0457,0.0463,35.0,0.046,35.0,18388.0,1941.0
2021-01-05 09:42:29.720,0.0457,0.0464,15.0,0.0461,15.0,18388.0,1941.0
2021-01-05 09:42:30.110,0.0457,0.0464,25.0,0.0462,5.0,18388.0,1941.0
2021-01-05 09:42:30.710,0.0457,0.0463,20.0,0.0462,5.0,18388.0,1941.0
2021-01-05 09:42:31.200,0.0462,0.0464,16.0,0.0462,4.0,18389.0,1942.0
2021-01-05 09:42:31.720,0.0462,0.0464,16.0,0.0463,10.0,18389.0,1942.0
2021-01-05 09:42:32.131,0.0462,0.0464,16.0,0.0463,10.0,18389.0,1942.0
2021-01-05 09:42:32.721,0.0463,0.0465,35.0,0.0463,8.0,18390.0,1948.0
2021-01-05 09:42:33.121,0.0463,0.0465,35.0,0.0462,15.0,18390.0,1948.0
2021-01-05 09:42:33.720,0.0463,0.0465,20.0,0.0462,15.0,18390.0,1948.0
2021-01-05 09:42:34.210,0.0463,0.0465,35.0,0.0462,15.0,18390.0,1948.0
2021-01-05 09:42:34.731,0.0463,0.0464,15.0,0.0461,45.0,18390.0,1948.0
2021-01-05 09:42:35.001,0.0463,0.0465,35.0,0.0462,15.0,18390.0,1948.0
2021-01-05 09:42:36.200,0.0465,0.0465,34.0,0.0462,15.0,18390.0,1949.0
2021-01-05 09:42:37.251,0.0465,0.0465,14.0,0.0462,35.0,18395.0,1954.0
2021-01-05 09:42:37.751,0.0465,0.0466,35.0,0.0463,15.0,18395.0,1954.0
2021-01-05 09:42:38.200,0.0465,0.0466,35.0,0.0463,15.0,18395.0,1954.0
2021-01-05 09:42:38.661,0.0465,0.0465,15.0,0.0462,35.0,18395.0,1954.0
2021-01-05 09:42:39.530,0.0465,0.0466,35.0,0.0463,15.0,18395.0,1954.0
2021-01-05 09:42:40.221,0.0465,0.0466,20.0,0.0463,35.0,18395.0,1954.0
2021-01-05 09:42:40.721,0.0465,0.0466,15.0,0.0463,35.0,18395.0,1954.0
2021-01-05 09:42:41.201,0.0465,0.0467,35.0,0.0464,15.0,18395.0,1954.0
2021-01-05 09:42:41.731,0.0465,0.0469,45.0,0.0464,35.0,18395.0,1954.0
2021-01-05 09:42:41.731,0.0465,0.0468,10.0,0.0464,20.0,18395.0,1954.0
2021-01-05 09:42:42.640,0.0465,0.0466,20.0,0.0465,15.0,18395.0,1954.0
2021-01-05 09:42:43.251,0.0465,0.0468,20.0,0.0464,20.0,18395.0,1954.0
2021-01-05 09:42:43.741,0.0465,0.0466,20.0,0.0462,15.0,18395.0,1954.0
2021-01-05 09:42:44.211,0.0465,0.0467,20.0,0.0463,20.0,18395.0,1954.0
2021-01-05 09:42:44.751,0.0465,0.0469,35.0,0.0464,35.0,18395.0,1954.0
2021-01-05 09:42:45.191,0.0465,0.0467,20.0,0.0464,20.0,18395.0,1954.0
2021-01-05 09:42:45.650,0.0465,0.0467,35.0,0.0464,35.0,18395.0,1954.0
2021-01-05 09:42:45.650,0.0465,0.0465,10.0,0.0464,35.0,18395.0,1954.0
2021-01-05 09:42:46.741,0.0465,0.0468,10.0,0.0465,5.0,18395.0,1964.0
2021-01-05 09:42:47.160,0.0465,0.0469,20.0,0.0465,20.0,18395.0,1964.0
2021-01-05 09:42:47.690,0.0465,0.0468,15.0,0.0465,37.0,18395.0,1964.0
2021-01-05 09:42:48.171,0.0465,0.0468,15.0,0.0465,37.0,18395.0,1964.0
2021-01-05 09:42:48.680,0.0465,0.0468,35.0,0.0465,2.0,18395.0,1964.0
2021-01-05 09:42:49.110,0.0465,0.0467,15.0,0.0465,2.0,18395.0,1964.0
2021-01-05 09:42:50.261,0.0465,0.0468,15.0,0.0465,37.0,18395.0,1964.0
2021-01-05 09:42:50.720,0.0465,0.0468,15.0,0.0465,37.0,18395.0,1964.0
2021-01-05 09:42:52.251,0.0465,0.0468,15.0,0.0465,22.0,18395.0,1964.0
2021-01-05 09:42:52.601,0.0465,0.0468,15.0,0.0465,37.0,18395.0,1964.0
2021-01-05 09:42:53.190,0.0465,0.0468,15.0,0.0465,37.0,18395.0,1964.0
2021-01-05 09:42:54.191,0.0465,0.0469,15.0,0.0466,35.0,18395.0,1964.0
2021-01-05 09:42:54.710,0.0465,0.0469,15.0,0.0466,20.0,18395.0,1964.0
2021-01-05 09:42:54.860,0.0465,0.0469,35.0,0.0465,20.0,18395.0,1964.0
2021-01-05 09:42:55.701,0.0465,0.0468,15.0,0.0466,20.0,18395.0,1964.0
2021-01-05 09:42:56.191,0.0465,0.0468,15.0,0.0466,20.0,18395.0,1964.0
2021-01-05 09:42:56.650,0.0465,0.047,15.0,0.0466,20.0,18395.0,1964.0
2021-01-05 09:42:57.661,0.0465,0.047,15.0,0.0467,15.0,18395.0,1964.0
2021-01-05 09:42:58.220,0.0465,0.047,15.0,0.0467,15.0,18395.0,1964.0
2021-01-05 09:42:58.731,0.0465,0.0469,2.0,0.0466,20.0,18395.0,1964.0
2021-01-05 09:42:58.990,0.0465,0.0468,15.0,0.0466,20.0,18395.0,1964.0
2021-01-05 09:42:59.730,0.0465,0.0469,17.0,0.0467,20.0,18395.0,1964.0
2021-01-05 09:43:00.131,0.0465,0.0469,17.0,0.0467,20.0,18395.0,1964.0
2021-01-05 09:43:00.721,0.0465,0.0469,17.0,0.0467,20.0,18395.0,1964.0
2021-01-05 09:43:01.211,0.0465,0.0469,17.0,0.0466,15.0,18395.0,1964.0
2021-01-05 09:43:01.701,0.0465,0.0469,17.0,0.0467,20.0,18395.0,1964.0
2021-01-05 09:43:02.091,0.0465,0.0469,17.0,0.0467,20.0,18395.0,1964.0
2021-01-05 09:43:02.681,0.0469,0.047,16.0,0.0469,3.0,18395.0,1981.0
2021-01-05 09:43:03.241,0.0469,0.047,1.0,0.0468,20.0,18395.0,1981.0
