,last,ask1,asize1,bid1,bsize1,oi,volume
2021-01-05 09:25:00.080,,0.1596,1.0,0.1445,2.0,11061.0,
2021-01-05 09:30:00.451,,0.159,1.0,0.1451,10.0,11061.0,
2021-01-05 09:30:00.991,,0.159,1.0,0.147,1.0,11061.0,
2021-01-05 09:30:02.511,,0.159,1.0,0.1507,20.0,11061.0,
2021-01-05 09:30:02.611,,0.1575,20.0,0.1507,20.0,11061.0,
2021-01-05 09:30:03.471,,0.1569,20.0,0.1507,20.0,11061.0,
2021-01-05 09:30:04.430,,0.1572,20.0,0.1503,20.0,11061.0,
2021-01-05 09:30:05.010,,0.159,1.0,0.1503,20.0,11061.0,
2021-01-05 09:30:05.481,,0.1577,20.0,0.1509,20.0,11061.0,
2021-01-05 09:30:05.990,,0.159,1.0,0.1509,20.0,11061.0,
2021-01-05 09:30:06.480,,0.1582,20.0,0.1513,20.0,11061.0,
2021-01-05 09:30:06.971,,0.1589,20.0,0.152,20.0,11061.0,
2021-01-05 09:30:11.521,,0.1589,20.0,0.1523,20.0,11061.0,
2021-01-05 09:30:13.000,,0.1586,20.0,0.1517,20.0,11061.0,
2021-01-05 09:30:15.520,,0.1583,20.0,0.1514,20.0,11061.0,
2021-01-05 09:30:17.641,,0.1576,20.0,0.1508,20.0,11061.0,
2021-01-05 09:30:18.231,,0.1583,20.0,0.147,1.0,11061.0,
2021-01-05 09:30:18.750,,0.1576,20.0,0.1508,20.0,11061.0,
2021-01-05 09:30:22.240,,0.158,20.0,0.1512,20.0,11061.0,
2021-01-05 09:30:23.170,,0.158,20.0,0.1512,20.0,11061.0,
2021-01-05 09:30:23.670,,0.1583,20.0,0.1512,20.0,11061.0,
2021-01-05 09:30:24.161,,0.159,1.0,0.1512,20.0,11061.0,
2021-01-05 09:30:24.661,,0.1583,20.0,0.1515,20.0,11061.0,
2021-01-05 09:30:30.620,,0.1583,20.0,0.1512,20.0,11061.0,
2021-01-05 09:30:31.661,,0.158,20.0,0.1512,20.0,11061.0,
2021-01-05 09:30:32.631,,0.158,20.0,0.1509,20.0,11061.0,
2021-01-05 09:30:33.171,,0.1577,20.0,0.1509,20.0,11061.0,
2021-01-05 09:30:36.170,,0.158,20.0,0.1509,20.0,11061.0,
2021-01-05 09:30:40.170,,0.1577,20.0,0.1509,20.0,11061.0,
2021-01-05 09:30:43.180,,0.1574,20.0,0.1506,20.0,11061.0,
2021-01-05 09:30:43.681,,0.1574,20.0,0.1509,10.0,11061.0,
2021-01-05 09:30:44.650,,0.1574,20.0,0.1509,30.0,11061.0,
2021-01-05 09:30:46.200,,0.1571,20.0,0.1509,30.0,11061.0,
2021-01-05 09:30:47.691,,0.1571,20.0,0.1509,30.0,11061.0,
2021-01-05 09:30:47.691,,0.1568,20.0,0.1509,30.0,11061.0,
2021-01-05 09:30:48.711,,0.1568,30.0,0.1509,30.0,11061.0,
2021-01-05 09:30:53.660,0.1509,0.1568,30.0,0.1509,29.0,11060.0,1.0
2021-01-05 09:30:54.670,0.1509,0.1568,30.0,0.1509,30.0,11060.0,1.0
2021-01-05 09:31:02.170,0.1509,0.1568,10.0,0.1509,10.0,11060.0,1.0
2021-01-05 09:31:02.681,0.1509,0.1568,30.0,0.1509,30.0,11060.0,1.0
2021-01-05 09:31:05.190,0.1509,0.1568,30.0,0.1542,10.0,11060.0,1.0
2021-01-05 09:31:05.670,0.1509,0.1568,20.0,0.1542,10.0,11060.0,1.0
2021-01-05 09:31:06.160,0.1509,0.1571,20.0,0.1542,10.0,11060.0,1.0
2021-01-05 09:31:08.650,0.1509,0.1568,20.0,0.1542,10.0,11060.0,1.0
2021-01-05 09:31:09.101,0.1509,0.1571,20.0,0.1542,10.0,11060.0,1.0
2021-01-05 09:31:11.701,0.1509,0.1571,20.0,0.1542,10.0,11060.0,1.0
2021-01-05 09:31:12.190,0.1542,0.1571,20.0,0.1534,10.0,11070.0,11.0
2021-01-05 09:31:12.621,0.1542,0.1571,20.0,0.1528,10.0,11070.0,11.0
2021-01-05 09:31:18.720,0.1542,0.1552,10.0,0.1528,10.0,11070.0,11.0
2021-01-05 09:31:19.150,0.1542,0.1552,10.0,0.152,10.0,11070.0,11.0
2021-01-05 09:31:19.721,0.1542,0.1552,10.0,0.152,20.0,11070.0,11.0
2021-01-05 09:31:20.171,0.1542,0.1552,30.0,0.151,30.0,11070.0,11.0
2021-01-05 09:31:20.701,0.1542,0.1552,30.0,0.151,30.0,11070.0,11.0
2021-01-05 09:31:21.221,0.1542,0.1552,30.0,0.151,30.0,11070.0,11.0
2021-01-05 09:31:22.211,0.1542,0.1552,30.0,0.151,30.0,11070.0,11.0
2021-01-05 09:31:22.620,0.1542,0.1549,10.0,0.151,30.0,11070.0,11.0
2021-01-05 09:31:23.171,0.1542,0.1549,10.0,0.151,20.0,11070.0,11.0
2021-01-05 09:31:23.640,0.1542,0.1549,10.0,0.151,20.0,11070.0,11.0
2021-01-05 09:31:24.161,0.1542,0.1549,30.0,0.151,20.0,11070.0,11.0
2021-01-05 09:31:24.660,0.1542,0.1548,10.0,0.151,20.0,11070.0,11.0
2021-01-05 09:31:25.150,0.1542,0.1543,10.0,0.151,20.0,11070.0,11.0
2021-01-05 09:31:25.640,0.1542,0.1543,10.0,0.151,20.0,11070.0,11.0
2021-01-05 09:31:26.101,0.1542,0.1543,10.0,0.151,20.0,11070.0,11.0
2021-01-05 09:31:26.681,0.1542,0.1543,10.0,0.151,20.0,11070.0,11.0
2021-01-05 09:31:27.171,0.1542,0.1543,20.0,0.151,20.0,11070.0,11.0
2021-01-05 09:31:28.610,0.1542,0.1543,10.0,0.151,20.0,11070.0,11.0
2021-01-05 09:31:29.171,0.1542,0.1543,20.0,0.151,20.0,11070.0,11.0
2021-01-05 09:31:30.170,0.1542,0.1542,10.0,0.151,20.0,11070.0,11.0
2021-01-05 09:31:30.671,0.1542,0.1541,10.0,0.151,20.0,11070.0,11.0
2021-01-05 09:31:31.150,0.1542,0.1541,20.0,0.151,20.0,11070.0,11.0
2021-01-05 09:31:31.630,0.1542,0.1541,20.0,0.151,20.0,11070.0,11.0
2021-01-05 09:31:32.191,0.1542,0.1541,20.0,0.151,20.0,11070.0,11.0
2021-01-05 09:31:32.671,0.1542,0.1541,20.0,0.151,20.0,11070.0,11.0
2021-01-05 09:31:34.181,0.1542,0.154,10.0,0.151,20.0,11070.0,11.0
2021-01-05 09:31:34.681,0.1542,0.1541,20.0,0.151,20.0,11070.0,11.0
2021-01-05 09:31:35.670,0.1542,0.154,10.0,0.152,10.0,11070.0,11.0
2021-01-05 09:31:36.181,0.1542,0.154,3.0,0.1515,10.0,11070.0,11.0
2021-01-05 09:31:36.690,0.1542,0.154,3.0,0.1515,20.0,11070.0,11.0
2021-01-05 09:31:37.191,0.1542,0.154,13.0,0.1515,20.0,11070.0,11.0
2021-01-05 09:31:38.190,0.1542,0.1538,10.0,0.1513,10.0,11070.0,11.0
2021-01-05 09:31:39.210,0.1542,0.1537,3.0,0.1508,10.0,11070.0,11.0
2021-01-05 09:31:39.710,0.1542,0.1537,3.0,0.1508,10.0,11070.0,11.0
2021-01-05 09:31:40.200,0.1542,0.1528,10.0,0.1507,30.0,11070.0,11.0
2021-01-05 09:31:40.711,0.1542,0.1528,10.0,0.1507,20.0,11070.0,11.0
2021-01-05 09:31:41.191,0.1542,0.1528,10.0,0.1504,30.0,11070.0,11.0
2021-01-05 09:31:41.700,0.1542,0.1528,10.0,0.1504,30.0,11070.0,11.0
2021-01-05 09:31:42.211,0.1542,0.1528,10.0,0.1504,30.0,11070.0,11.0
2021-01-05 09:31:42.711,0.1542,0.1528,10.0,0.1504,20.0,11070.0,11.0
2021-01-05 09:31:43.191,0.1542,0.1528,30.0,0.15,30.0,11070.0,11.0
2021-01-05 09:31:43.710,0.1542,0.1528,30.0,0.15,30.0,11070.0,11.0
2021-01-05 09:31:44.190,0.1542,0.1528,20.0,0.15,20.0,11070.0,11.0
2021-01-05 09:31:44.691,0.1542,0.1528,20.0,0.1495,30.0,11070.0,11.0
2021-01-05 09:31:45.621,0.1542,0.1527,3.0,0.1496,13.0,11070.0,11.0
2021-01-05 09:31:46.011,0.1542,0.1527,23.0,0.1496,13.0,11070.0,11.0
2021-01-05 09:31:46.701,0.1542,0.1527,23.0,0.1495,30.0,11070.0,11.0
2021-01-05 09:31:47.191,0.1542,0.1527,23.0,0.1495,30.0,11070.0,11.0
2021-01-05 09:31:47.690,0.1542,0.1527,23.0,0.1495,30.0,11070.0,11.0
2021-01-05 09:31:48.211,0.1542,0.1527,33.0,0.1495,33.0,11070.0,11.0
2021-01-05 09:31:48.691,0.1542,0.1527,33.0,0.1495,20.0,11070.0,11.0
2021-01-05 09:31:49.711,0.1542,0.1527,33.0,0.1495,20.0,11070.0,11.0
2021-01-05 09:31:50.191,0.1542,0.1527,33.0,0.1495,20.0,11070.0,11.0
2021-01-05 09:31:50.710,0.1542,0.1517,10.0,0.1493,20.0,11070.0,11.0
2021-01-05 09:31:51.210,0.1542,0.1517,40.0,0.1493,20.0,11070.0,11.0
2021-01-05 09:31:51.701,0.1542,0.1517,40.0,0.1493,20.0,11070.0,11.0
2021-01-05 09:31:52.621,0.1542,0.1517,43.0,0.1493,20.0,11070.0,11.0
2021-01-05 09:31:53.630,0.1542,0.1516,10.0,0.15,10.0,11070.0,11.0
2021-01-05 09:31:54.151,0.1542,0.1516,10.0,0.15,10.0,11070.0,11.0
2021-01-05 09:31:54.641,0.1542,0.1516,10.0,0.15,10.0,11070.0,11.0
2021-01-05 09:31:55.150,0.1542,0.1516,10.0,0.15,10.0,11070.0,11.0
2021-01-05 09:31:55.670,0.1542,0.1516,10.0,0.15,10.0,11070.0,11.0
2021-01-05 09:31:56.110,0.1542,0.1516,10.0,0.15,10.0,11070.0,11.0
2021-01-05 09:31:56.681,0.1542,0.1516,13.0,0.15,10.0,11070.0,11.0
2021-01-05 09:31:57.171,0.1542,0.1516,13.0,0.15,10.0,11070.0,11.0
2021-01-05 09:31:58.171,0.1542,0.1516,13.0,0.15,10.0,11070.0,11.0
2021-01-05 09:31:59.180,0.1542,0.1516,13.0,0.15,10.0,11070.0,11.0
2021-01-05 09:32:00.150,0.1542,0.1516,13.0,0.15,10.0,11070.0,11.0
2021-01-05 09:32:00.650,0.1542,0.1513,10.0,0.1494,10.0,11070.0,11.0
2021-01-05 09:32:01.170,0.1542,0.1513,40.0,0.1491,10.0,11070.0,11.0
2021-01-05 09:32:01.620,0.1542,0.1513,40.0,0.1491,10.0,11070.0,11.0
2021-01-05 09:32:02.171,0.1542,0.1513,40.0,0.1491,10.0,11070.0,11.0
2021-01-05 09:32:02.671,0.1542,0.1513,40.0,0.149,20.0,11070.0,11.0
2021-01-05 09:32:03.180,0.1542,0.1513,20.0,0.149,10.0,11070.0,11.0
2021-01-05 09:32:03.641,0.1513,0.1513,40.0,0.149,10.0,11080.0,31.0
2021-01-05 09:32:04.090,0.1513,0.1512,3.0,0.149,30.0,11080.0,31.0
2021-01-05 09:32:04.661,0.1513,0.1512,3.0,0.149,30.0,11080.0,31.0
2021-01-05 09:32:05.141,0.1513,0.1512,3.0,0.149,30.0,11080.0,31.0
2021-01-05 09:32:05.660,0.1513,0.1512,13.0,0.149,20.0,11080.0,31.0
2021-01-05 09:32:06.161,0.1513,0.1511,10.0,0.1487,30.0,11080.0,31.0
2021-01-05 09:32:06.680,0.1513,0.151,3.0,0.1484,10.0,11080.0,31.0
2021-01-05 09:32:07.070,0.1513,0.151,3.0,0.1484,10.0,11080.0,31.0
2021-01-05 09:32:08.171,0.1513,0.151,3.0,0.1484,10.0,11080.0,31.0
2021-01-05 09:32:08.651,0.1513,0.151,23.0,0.1484,10.0,11080.0,31.0
2021-01-05 09:32:09.141,0.1513,0.151,33.0,0.149,10.0,11080.0,31.0
2021-01-05 09:32:09.681,0.1513,0.151,23.0,0.149,10.0,11080.0,31.0
2021-01-05 09:32:10.071,0.1513,0.151,23.0,0.149,10.0,11080.0,31.0
2021-01-05 09:32:10.630,0.1513,0.151,23.0,0.149,10.0,11080.0,31.0
2021-01-05 09:32:11.170,0.1513,0.151,23.0,0.149,10.0,11080.0,31.0
2021-01-05 09:32:11.650,0.1513,0.151,23.0,0.149,10.0,11080.0,31.0
2021-01-05 09:32:12.161,0.1513,0.151,23.0,0.149,10.0,11080.0,31.0
2021-01-05 09:32:12.161,0.1513,0.151,23.0,0.1498,10.0,11080.0,31.0
2021-01-05 09:32:12.670,0.1513,0.151,23.0,0.1498,10.0,11080.0,31.0
2021-01-05 09:32:13.671,0.1513,0.151,23.0,0.1498,10.0,11080.0,31.0
2021-01-05 09:32:14.660,0.1513,0.151,23.0,0.1493,10.0,11080.0,31.0
2021-01-05 09:32:15.171,0.1513,0.151,23.0,0.1494,1.0,11080.0,31.0
2021-01-05 09:32:15.671,0.1513,0.151,23.0,0.1494,1.0,11080.0,31.0
2021-01-05 09:32:16.151,0.1513,0.151,23.0,0.1494,1.0,11080.0,31.0
2021-01-05 09:32:17.161,0.1513,0.151,23.0,0.1494,1.0,11080.0,31.0
2021-01-05 09:32:17.651,0.1513,0.151,23.0,0.1494,1.0,11080.0,31.0
2021-01-05 09:32:18.670,0.1513,0.1509,3.0,0.1494,1.0,11080.0,31.0
2021-01-05 09:32:20.151,0.1513,0.1509,3.0,0.1494,1.0,11080.0,31.0
2021-01-05 09:32:20.671,0.1513,0.1509,3.0,0.1494,1.0,11080.0,31.0
2021-01-05 09:32:21.171,0.1513,0.1509,3.0,0.1494,1.0,11080.0,31.0
2021-01-05 09:32:21.680,0.1513,0.1509,3.0,0.1494,1.0,11080.0,31.0
2021-01-05 09:32:22.181,0.1509,0.151,20.0,0.1509,3.0,11083.0,34.0
2021-01-05 09:32:22.660,0.1509,0.1513,20.0,0.1509,3.0,11086.0,37.0
2021-01-05 09:32:22.971,0.1509,0.1513,20.0,0.1509,5.0,11087.0,38.0
2021-01-05 09:32:23.670,0.1509,0.1513,20.0,0.1509,5.0,11087.0,38.0
2021-01-05 09:32:24.640,0.1509,0.1509,6.0,0.1508,1.0,11092.0,43.0
2021-01-05 09:32:25.170,0.1508,0.1509,26.0,0.15,10.0,11092.0,44.0
2021-01-05 09:32:25.670,0.1508,0.1509,26.0,0.15,10.0,11092.0,44.0
2021-01-05 09:32:26.171,0.1508,0.1509,26.0,0.1501,1.0,11092.0,44.0
2021-01-05 09:32:26.650,0.1501,0.1509,26.0,0.1494,10.0,11092.0,45.0
2021-01-05 09:32:27.670,0.1501,0.1509,26.0,0.1495,1.0,11092.0,45.0
2021-01-05 09:32:28.171,0.1501,0.1509,36.0,0.1495,1.0,11092.0,45.0
2021-01-05 09:32:28.611,0.1501,0.1505,10.0,0.1495,1.0,11092.0,45.0
2021-01-05 09:32:29.180,0.1501,0.1505,30.0,0.149,10.0,11092.0,45.0
2021-01-05 09:32:30.171,0.1501,0.1505,30.0,0.149,10.0,11092.0,45.0
2021-01-05 09:32:31.151,0.1501,0.1505,30.0,0.149,10.0,11092.0,45.0
2021-01-05 09:32:31.631,0.1501,0.1505,30.0,0.149,10.0,11092.0,45.0
2021-01-05 09:32:32.121,0.1501,0.1505,30.0,0.149,10.0,11092.0,45.0
2021-01-05 09:32:32.690,0.1501,0.1505,30.0,0.149,10.0,11092.0,45.0
2021-01-05 09:32:33.141,0.1501,0.1505,30.0,0.149,10.0,11092.0,45.0
2021-01-05 09:32:34.691,0.1501,0.1505,30.0,0.149,10.0,11092.0,45.0
2021-01-05 09:32:35.170,0.1501,0.1505,30.0,0.149,10.0,11092.0,45.0
2021-01-05 09:32:38.190,0.1501,0.1505,30.0,0.149,10.0,11092.0,45.0
2021-01-05 09:32:39.630,0.1501,0.1505,30.0,0.149,10.0,11092.0,45.0
2021-01-05 09:32:40.151,0.1501,0.1505,30.0,0.149,10.0,11092.0,45.0
2021-01-05 09:32:41.690,0.1501,0.1505,30.0,0.149,10.0,11092.0,45.0
2021-01-05 09:32:42.201,0.1501,0.1505,30.0,0.149,10.0,11092.0,45.0
2021-01-05 09:32:42.700,0.1501,0.1505,30.0,0.149,10.0,11092.0,45.0
2021-01-05 09:32:44.700,0.1501,0.1505,30.0,0.149,10.0,11092.0,45.0
2021-01-05 09:32:45.100,0.1501,0.1505,30.0,0.149,10.0,11092.0,45.0
2021-01-05 09:32:45.580,0.1501,0.1505,30.0,0.149,10.0,11092.0,45.0
2021-01-05 09:32:46.160,0.1501,0.1505,30.0,0.149,10.0,11092.0,45.0
2021-01-05 09:32:47.201,0.1501,0.1505,30.0,0.149,10.0,11092.0,45.0
2021-01-05 09:32:47.701,0.1501,0.1505,30.0,0.149,10.0,11092.0,45.0
2021-01-05 09:32:48.181,0.1501,0.1505,30.0,0.149,10.0,11092.0,45.0
2021-01-05 09:32:48.690,0.1501,0.1505,30.0,0.149,10.0,11092.0,45.0
2021-01-05 09:32:49.190,0.1501,0.1505,30.0,0.149,10.0,11092.0,45.0
2021-01-05 09:32:49.670,0.1501,0.1502,10.0,0.1484,10.0,11092.0,45.0
2021-01-05 09:32:50.171,0.1501,0.1502,10.0,0.1479,10.0,11092.0,45.0
2021-01-05 09:32:50.700,0.1501,0.1502,10.0,0.1479,10.0,11092.0,45.0
2021-01-05 09:32:51.170,0.1501,0.1502,10.0,0.1479,10.0,11092.0,45.0
2021-01-05 09:32:51.701,0.1501,0.1502,30.0,0.1479,10.0,11092.0,45.0
2021-01-05 09:32:51.701,0.1501,0.1502,30.0,0.1479,10.0,11092.0,45.0
2021-01-05 09:32:53.161,0.1501,0.1502,30.0,0.1479,10.0,11092.0,45.0
2021-01-05 09:32:53.641,0.1501,0.1502,30.0,0.1479,10.0,11092.0,45.0
2021-01-05 09:32:54.181,0.1501,0.1502,30.0,0.1479,10.0,11092.0,45.0
2021-01-05 09:32:54.671,0.1501,0.1502,30.0,0.1479,10.0,11092.0,45.0
2021-01-05 09:32:55.170,0.1501,0.1502,30.0,0.1479,10.0,11092.0,45.0
2021-01-05 09:32:55.670,0.1501,0.1502,30.0,0.1479,10.0,11092.0,45.0
2021-01-05 09:32:56.150,0.1501,0.1502,33.0,0.1479,10.0,11092.0,45.0
2021-01-05 09:32:56.611,0.1501,0.1502,33.0,0.1479,10.0,11092.0,45.0
2021-01-05 09:32:57.151,0.1501,0.1502,43.0,0.1479,10.0,11092.0,45.0
2021-01-05 09:32:57.600,0.1501,0.1502,43.0,0.1486,10.0,11092.0,45.0
2021-01-05 09:32:58.171,0.1501,0.1502,33.0,0.1486,10.0,11092.0,45.0
2021-01-05 09:32:58.651,0.1501,0.1502,33.0,0.1486,10.0,11092.0,45.0
2021-01-05 09:32:59.170,0.1501,0.1502,33.0,0.1486,10.0,11092.0,45.0
2021-01-05 09:32:59.621,0.1501,0.1502,33.0,0.1486,10.0,11092.0,45.0
2021-01-05 09:33:00.651,0.1501,0.1502,33.0,0.1486,10.0,11092.0,45.0
2021-01-05 09:33:01.081,0.1501,0.1502,13.0,0.1486,10.0,11092.0,45.0
2021-01-05 09:33:01.661,0.1501,0.1502,33.0,0.1486,10.0,11092.0,45.0
2021-01-05 09:33:03.121,0.1501,0.1502,20.0,0.1491,10.0,11092.0,45.0
2021-01-05 09:33:03.681,0.1501,0.1505,20.0,0.1491,10.0,11092.0,45.0
2021-01-05 09:33:04.140,0.1501,0.1509,26.0,0.1489,10.0,11092.0,45.0
2021-01-05 09:33:04.651,0.1501,0.1506,20.0,0.1489,10.0,11092.0,45.0
2021-01-05 09:33:05.181,0.1501,0.1509,26.0,0.1489,10.0,11092.0,45.0
2021-01-05 09:33:06.170,0.1501,0.1509,26.0,0.1489,10.0,11092.0,45.0
2021-01-05 09:33:06.170,0.1501,0.1509,26.0,0.1489,10.0,11092.0,45.0
2021-01-05 09:33:07.171,0.1501,0.1509,26.0,0.1489,10.0,11092.0,45.0
2021-01-05 09:33:07.601,0.1501,0.1509,26.0,0.1489,10.0,11092.0,45.0
2021-01-05 09:33:07.961,0.1501,0.1509,26.0,0.1489,10.0,11092.0,45.0
2021-01-05 09:33:08.681,0.1501,0.1509,29.0,0.1489,10.0,11092.0,45.0
2021-01-05 09:33:09.181,0.1501,0.1509,29.0,0.1489,10.0,11092.0,45.0
2021-01-05 09:33:09.651,0.1501,0.1509,29.0,0.1489,10.0,11092.0,45.0
2021-01-05 09:33:10.180,0.1501,0.1509,29.0,0.1489,10.0,11092.0,45.0
2021-01-05 09:33:10.681,0.1501,0.1509,29.0,0.1496,10.0,11092.0,45.0
2021-01-05 09:33:11.180,0.1501,0.1509,29.0,0.1496,10.0,11092.0,45.0
2021-01-05 09:33:11.670,0.1501,0.1509,29.0,0.1496,10.0,11092.0,45.0
2021-01-05 09:33:12.181,0.1501,0.1509,29.0,0.1496,10.0,11092.0,45.0
2021-01-05 09:33:12.650,0.1501,0.1509,29.0,0.1496,10.0,11092.0,45.0
2021-01-05 09:33:13.100,0.1501,0.1509,29.0,0.1496,10.0,11092.0,45.0
2021-01-05 09:33:13.691,0.1501,0.1509,29.0,0.1496,10.0,11092.0,45.0
2021-01-05 09:33:14.160,0.1501,0.1509,26.0,0.1496,10.0,11092.0,45.0
2021-01-05 09:33:14.650,0.1501,0.1509,26.0,0.1496,10.0,11092.0,45.0
2021-01-05 09:33:15.140,0.1501,0.1509,26.0,0.1496,10.0,11092.0,45.0
2021-01-05 09:33:15.651,0.1501,0.1509,26.0,0.1496,10.0,11092.0,45.0
2021-01-05 09:33:16.671,0.1501,0.1509,26.0,0.1496,10.0,11092.0,45.0
2021-01-05 09:33:17.190,0.1501,0.1509,26.0,0.1496,10.0,11092.0,45.0
2021-01-05 09:33:18.680,0.1501,0.1509,26.0,0.1496,10.0,11092.0,45.0
2021-01-05 09:33:19.191,0.1501,0.1509,26.0,0.1496,10.0,11092.0,45.0
2021-01-05 09:33:19.660,0.1501,0.1509,26.0,0.1501,10.0,11092.0,45.0
2021-01-05 09:33:20.551,0.1501,0.1509,26.0,0.1501,10.0,11092.0,45.0
2021-01-05 09:33:21.160,0.1501,0.1509,6.0,0.1501,10.0,11092.0,45.0
2021-01-05 09:33:21.681,0.1501,0.1509,6.0,0.1501,10.0,11092.0,45.0
2021-01-05 09:33:22.150,0.1501,0.1509,6.0,0.1501,10.0,11092.0,45.0
2021-01-05 09:33:23.151,0.1501,0.1509,6.0,0.1501,10.0,11092.0,45.0
2021-01-05 09:33:23.660,0.1501,0.1509,6.0,0.1501,10.0,11092.0,45.0
2021-01-05 09:33:24.171,0.1501,0.1509,6.0,0.1501,10.0,11092.0,45.0
2021-01-05 09:33:25.151,0.1501,0.1509,6.0,0.1501,10.0,11092.0,45.0
2021-01-05 09:33:25.671,0.1501,0.1509,6.0,0.1501,10.0,11092.0,45.0
2021-01-05 09:33:26.651,0.1501,0.1509,26.0,0.1501,10.0,11092.0,45.0
2021-01-05 09:33:27.171,0.1501,0.1509,6.0,0.1501,10.0,11092.0,45.0
2021-01-05 09:33:27.571,0.1501,0.1509,6.0,0.1497,10.0,11092.0,45.0
2021-01-05 09:33:28.180,0.1501,0.1509,6.0,0.1501,1.0,11092.0,45.0
2021-01-05 09:33:28.670,0.1501,0.1509,6.0,0.1501,1.0,11092.0,45.0
2021-01-05 09:33:31.680,0.1501,0.1509,6.0,0.1501,1.0,11092.0,45.0
2021-01-05 09:33:36.681,0.1501,0.1509,6.0,0.1501,1.0,11092.0,45.0
2021-01-05 09:33:37.640,0.1501,0.1509,6.0,0.1501,11.0,11092.0,45.0
2021-01-05 09:33:38.120,0.1501,0.1509,6.0,0.1501,11.0,11092.0,45.0
2021-01-05 09:33:39.641,0.1501,0.1509,6.0,0.1501,11.0,11092.0,45.0
2021-01-05 09:33:40.160,0.1501,0.1509,6.0,0.1501,11.0,11092.0,45.0
2021-01-05 09:33:40.690,0.1501,0.1509,6.0,0.1501,1.0,11092.0,45.0
2021-01-05 09:33:41.161,0.1501,0.1509,6.0,0.1501,1.0,11092.0,45.0
2021-01-05 09:33:43.180,0.1501,0.1509,6.0,0.1501,1.0,11092.0,45.0
2021-01-05 09:33:44.110,0.1501,0.1509,6.0,0.1501,1.0,11092.0,45.0
2021-01-05 09:33:44.671,0.1501,0.1509,6.0,0.1501,1.0,11092.0,45.0
2021-01-05 09:33:45.180,0.1501,0.1509,6.0,0.1501,1.0,11092.0,45.0
2021-01-05 09:33:45.660,0.1501,0.1509,6.0,0.1501,1.0,11092.0,45.0
2021-01-05 09:33:46.680,0.1501,0.1509,6.0,0.1501,1.0,11092.0,45.0
2021-01-05 09:33:47.191,0.1501,0.1509,6.0,0.1501,1.0,11092.0,45.0
2021-01-05 09:33:49.681,0.1501,0.1509,6.0,0.1495,10.0,11092.0,45.0
2021-01-05 09:33:50.180,0.1501,0.1509,6.0,0.1492,10.0,11092.0,45.0
2021-01-05 09:33:50.570,0.1501,0.1509,6.0,0.1492,10.0,11092.0,45.0
2021-01-05 09:33:51.581,0.1501,0.1509,6.0,0.1492,10.0,11092.0,45.0
2021-01-05 09:33:52.190,0.1501,0.1509,6.0,0.1492,10.0,11092.0,45.0
2021-01-05 09:33:52.661,0.1501,0.1505,10.0,0.1492,10.0,11092.0,45.0
2021-01-05 09:33:53.171,0.1501,0.1505,30.0,0.1492,10.0,11092.0,45.0
2021-01-05 09:33:53.650,0.1501,0.1505,30.0,0.149,10.0,11092.0,45.0
2021-01-05 09:33:54.610,0.1501,0.1505,30.0,0.149,10.0,11092.0,45.0
2021-01-05 09:33:55.650,0.1501,0.1505,30.0,0.149,10.0,11092.0,45.0
2021-01-05 09:33:56.120,0.1501,0.1505,30.0,0.149,10.0,11092.0,45.0
2021-01-05 09:33:57.171,0.1501,0.1505,30.0,0.149,10.0,11092.0,45.0
2021-01-05 09:33:57.671,0.1501,0.1505,20.0,0.1485,40.0,11092.0,45.0
2021-01-05 09:33:58.170,0.1501,0.1508,10.0,0.1485,40.0,11092.0,45.0
2021-01-05 09:33:58.670,0.1501,0.1508,10.0,0.1485,40.0,11092.0,45.0
2021-01-05 09:33:59.140,0.1501,0.1508,10.0,0.1485,20.0,11092.0,45.0
2021-01-05 09:33:59.690,0.1501,0.1508,20.0,0.1485,10.0,11092.0,45.0
2021-01-05 09:34:00.191,0.1501,0.1508,20.0,0.1485,10.0,11092.0,45.0
2021-01-05 09:34:00.671,0.1501,0.1501,10.0,0.1482,10.0,11092.0,45.0
2021-01-05 09:34:01.081,0.1501,0.1501,30.0,0.1482,10.0,11092.0,45.0
2021-01-05 09:34:01.640,0.1501,0.1501,30.0,0.1482,10.0,11092.0,45.0
2021-01-05 09:34:02.170,0.1501,0.1501,30.0,0.1482,10.0,11092.0,45.0
2021-01-05 09:34:02.671,0.1501,0.1501,30.0,0.1482,10.0,11092.0,45.0
2021-01-05 09:34:03.171,0.1501,0.1501,30.0,0.1482,10.0,11092.0,45.0
2021-01-05 09:34:03.670,0.1501,0.1501,30.0,0.1486,1.0,11092.0,45.0
2021-01-05 09:34:04.120,0.1501,0.1501,30.0,0.1486,1.0,11092.0,45.0
2021-01-05 09:34:04.671,0.1501,0.1501,30.0,0.1486,1.0,11092.0,45.0
2021-01-05 09:34:05.121,0.1501,0.1501,30.0,0.1486,1.0,11092.0,45.0
2021-01-05 09:34:05.630,0.1501,0.1501,30.0,0.1486,1.0,11092.0,45.0
2021-01-05 09:34:06.681,0.1501,0.1501,30.0,0.1486,1.0,11092.0,45.0
2021-01-05 09:34:07.130,0.1501,0.1501,30.0,0.1486,1.0,11092.0,45.0
2021-01-05 09:34:08.171,0.1501,0.1494,10.0,0.1486,1.0,11092.0,45.0
2021-01-05 09:34:08.690,0.1501,0.1494,30.0,0.1486,1.0,11092.0,45.0
2021-01-05 09:34:09.670,0.1501,0.1494,30.0,0.1486,1.0,11092.0,45.0
2021-01-05 09:34:10.140,0.1501,0.1494,30.0,0.1486,1.0,11092.0,45.0
2021-01-05 09:34:10.690,0.1501,0.1494,10.0,0.1486,1.0,11092.0,45.0
2021-01-05 09:34:11.151,0.1501,0.1494,10.0,0.1481,10.0,11092.0,45.0
2021-01-05 09:34:11.681,0.1501,0.1498,10.0,0.1483,10.0,11092.0,45.0
2021-01-05 09:34:12.081,0.1501,0.1498,10.0,0.1483,10.0,11092.0,45.0
2021-01-05 09:34:12.640,0.1501,0.1498,10.0,0.1483,10.0,11092.0,45.0
2021-01-05 09:34:13.191,0.1501,0.1498,30.0,0.1483,10.0,11092.0,45.0
2021-01-05 09:34:13.521,0.1501,0.1498,30.0,0.1483,10.0,11092.0,45.0
2021-01-05 09:34:14.181,0.1501,0.1498,10.0,0.1483,10.0,11092.0,45.0
2021-01-05 09:34:14.691,0.1501,0.1498,10.0,0.1483,10.0,11092.0,45.0
2021-01-05 09:34:15.181,0.1501,0.1504,20.0,0.1488,10.0,11092.0,45.0
2021-01-05 09:34:15.681,0.1501,0.1503,20.0,0.1488,10.0,11092.0,45.0
2021-01-05 09:34:16.630,0.1501,0.1503,20.0,0.1488,10.0,11092.0,45.0
2021-01-05 09:34:17.070,0.1501,0.1503,20.0,0.1488,10.0,11092.0,45.0
2021-01-05 09:34:17.690,0.1501,0.1499,10.0,0.1484,20.0,11092.0,45.0
2021-01-05 09:34:18.201,0.1501,0.1499,10.0,0.1484,20.0,11092.0,45.0
2021-01-05 09:34:18.620,0.1501,0.1499,30.0,0.1484,20.0,11092.0,45.0
2021-01-05 09:34:19.700,0.1501,0.1499,30.0,0.1484,10.0,11092.0,45.0
2021-01-05 09:34:20.180,0.1501,0.1499,30.0,0.1484,10.0,11092.0,45.0
2021-01-05 09:34:20.651,0.1501,0.1499,30.0,0.1484,20.0,11092.0,45.0
2021-01-05 09:34:21.690,0.1501,0.1499,30.0,0.1484,10.0,11092.0,45.0
2021-01-05 09:34:22.151,0.1501,0.1499,30.0,0.1484,10.0,11092.0,45.0
2021-01-05 09:34:22.651,0.1501,0.1499,30.0,0.1484,10.0,11092.0,45.0
2021-01-05 09:34:24.600,0.1501,0.1499,30.0,0.1484,10.0,11092.0,45.0
2021-01-05 09:34:25.171,0.1501,0.1499,30.0,0.1484,10.0,11092.0,45.0
2021-01-05 09:34:25.671,0.1501,0.1499,30.0,0.1484,10.0,11092.0,45.0
2021-01-05 09:34:26.641,0.1501,0.1493,10.0,0.1482,11.0,11092.0,45.0
2021-01-05 09:34:27.150,0.1501,0.1491,12.0,0.1482,13.0,11092.0,45.0
2021-01-05 09:34:27.690,0.1501,0.1491,12.0,0.1482,13.0,11092.0,45.0
2021-01-05 09:34:28.120,0.1501,0.149,10.0,0.1482,13.0,11092.0,45.0
2021-01-05 09:34:28.621,0.1501,0.1491,22.0,0.1482,13.0,11092.0,45.0
2021-01-05 09:34:29.601,0.1501,0.1491,22.0,0.1482,13.0,11092.0,45.0
2021-01-05 09:34:30.170,0.1501,0.1491,22.0,0.1482,13.0,11092.0,45.0
2021-01-05 09:34:30.681,0.1501,0.1491,10.0,0.1484,12.0,11092.0,45.0
2021-01-05 09:34:31.190,0.1501,0.1491,10.0,0.1484,12.0,11092.0,45.0
2021-01-05 09:34:31.280,0.1501,0.1491,22.0,0.1482,13.0,11092.0,45.0
2021-01-05 09:34:32.690,0.1501,0.1491,10.0,0.1484,12.0,11092.0,45.0
2021-01-05 09:34:33.090,0.1501,0.1491,10.0,0.1484,12.0,11092.0,45.0
2021-01-05 09:34:33.691,0.1501,0.1491,22.0,0.1482,13.0,11092.0,45.0
2021-01-05 09:34:34.171,0.1501,0.1491,42.0,0.1482,13.0,11092.0,45.0
2021-01-05 09:34:34.640,0.1501,0.1491,42.0,0.1482,13.0,11092.0,45.0
2021-01-05 09:34:35.130,0.1501,0.1489,12.0,0.1482,1.0,11092.0,45.0
2021-01-05 09:34:35.670,0.1501,0.1489,12.0,0.1482,1.0,11092.0,45.0
2021-01-05 09:34:36.171,0.1501,0.1489,12.0,0.1482,1.0,11092.0,45.0
2021-01-05 09:34:36.680,0.1501,0.1489,12.0,0.1482,1.0,11092.0,45.0
2021-01-05 09:34:37.161,0.1501,0.1489,12.0,0.1482,1.0,11092.0,45.0
2021-01-05 09:34:37.700,0.1501,0.1488,10.0,0.1474,22.0,11092.0,45.0
2021-01-05 09:34:37.940,0.1501,0.1487,12.0,0.1478,1.0,11092.0,45.0
2021-01-05 09:34:38.611,0.1501,0.1487,10.0,0.1479,12.0,11092.0,45.0
2021-01-05 09:34:39.091,0.1501,0.1487,10.0,0.1479,12.0,11092.0,45.0
2021-01-05 09:34:39.470,0.1501,0.1487,10.0,0.1479,12.0,11092.0,45.0
2021-01-05 09:34:40.171,0.1501,0.1486,12.0,0.1478,1.0,11092.0,45.0
2021-01-05 09:34:40.651,0.1501,0.1487,10.0,0.148,12.0,11092.0,45.0
2021-01-05 09:34:41.201,0.148,0.1487,10.0,0.1478,1.0,11092.0,57.0
2021-01-05 09:34:41.700,0.148,0.1485,12.0,0.1478,1.0,11092.0,57.0
2021-01-05 09:34:42.171,0.148,0.1485,12.0,0.1478,1.0,11092.0,57.0
2021-01-05 09:34:42.680,0.148,0.1485,32.0,0.1475,10.0,11092.0,57.0
2021-01-05 09:34:43.191,0.148,0.1483,12.0,0.1475,20.0,11092.0,57.0
2021-01-05 09:34:43.671,0.148,0.1483,12.0,0.1477,10.0,11092.0,57.0
2021-01-05 09:34:44.071,0.148,0.1483,12.0,0.1477,10.0,11092.0,57.0
2021-01-05 09:34:44.651,0.148,0.1483,12.0,0.1477,10.0,11092.0,57.0
2021-01-05 09:34:45.200,0.148,0.1483,12.0,0.1476,10.0,11092.0,57.0
2021-01-05 09:34:45.721,0.148,0.1483,12.0,0.1476,10.0,11092.0,57.0
2021-01-05 09:34:46.140,0.148,0.1483,12.0,0.1475,10.0,11092.0,57.0
2021-01-05 09:34:46.660,0.148,0.1482,12.0,0.1476,10.0,11092.0,57.0
2021-01-05 09:34:47.181,0.148,0.1483,12.0,0.1477,1.0,11092.0,57.0
2021-01-05 09:34:47.701,0.148,0.1482,12.0,0.1477,1.0,11092.0,57.0
2021-01-05 09:34:48.141,0.148,0.1481,12.0,0.1478,1.0,11092.0,57.0
2021-01-05 09:34:48.700,0.148,0.148,12.0,0.1478,1.0,11092.0,57.0
2021-01-05 09:34:49.171,0.148,0.1481,12.0,0.1478,1.0,11092.0,57.0
2021-01-05 09:34:49.701,0.148,0.1481,12.0,0.1478,1.0,11092.0,57.0
2021-01-05 09:34:50.220,0.148,0.1482,20.0,0.1478,1.0,11092.0,57.0
2021-01-05 09:34:50.700,0.148,0.1482,12.0,0.1478,1.0,11092.0,57.0
2021-01-05 09:34:51.200,0.148,0.1484,10.0,0.1478,1.0,11092.0,57.0
2021-01-05 09:34:51.200,0.148,0.1482,22.0,0.1478,1.0,11092.0,57.0
2021-01-05 09:34:52.220,0.148,0.1481,12.0,0.1478,1.0,11092.0,57.0
2021-01-05 09:34:52.650,0.148,0.1482,10.0,0.1478,1.0,11092.0,57.0
2021-01-05 09:34:53.180,0.148,0.1482,10.0,0.1478,1.0,11092.0,57.0
2021-01-05 09:34:53.651,0.148,0.148,12.0,0.1478,1.0,11092.0,57.0
2021-01-05 09:34:54.170,0.1478,0.148,12.0,0.1477,1.0,11092.0,58.0
2021-01-05 09:34:54.631,0.1477,0.1479,12.0,0.1477,1.0,11093.0,59.0
2021-01-05 09:34:55.040,0.1477,0.1478,10.0,0.147,11.0,11093.0,60.0
2021-01-05 09:34:55.680,0.1477,0.1476,12.0,0.1471,1.0,11093.0,60.0
2021-01-05 09:34:55.991,0.1477,0.1476,12.0,0.1471,1.0,11093.0,60.0
2021-01-05 09:34:56.681,0.1477,0.1475,12.0,0.1471,1.0,11093.0,60.0
2021-01-05 09:34:57.171,0.1477,0.1476,12.0,0.1471,1.0,11093.0,60.0
2021-01-05 09:34:57.670,0.1477,0.1476,12.0,0.1471,1.0,11093.0,60.0
2021-01-05 09:34:58.160,0.1477,0.1476,12.0,0.147,1.0,11093.0,60.0
2021-01-05 09:34:58.640,0.1477,0.1475,10.0,0.147,1.0,11093.0,60.0
2021-01-05 09:34:59.151,0.1477,0.1474,22.0,0.147,1.0,11093.0,60.0
2021-01-05 09:35:00.160,0.1477,0.1472,10.0,0.147,1.0,11093.0,60.0
2021-01-05 09:35:00.630,0.1477,0.1472,10.0,0.147,1.0,11093.0,60.0
2021-01-05 09:35:00.640,0.1477,0.1472,10.0,0.147,1.0,11093.0,60.0
2021-01-05 09:35:01.610,0.1477,0.1472,10.0,0.147,1.0,11093.0,60.0
2021-01-05 09:35:02.160,0.1477,0.1472,10.0,0.147,1.0,11093.0,60.0
2021-01-05 09:35:02.680,0.1477,0.1472,10.0,0.147,1.0,11093.0,60.0
2021-01-05 09:35:03.180,0.1477,0.1474,10.0,0.147,1.0,11093.0,60.0
2021-01-05 09:35:03.660,0.1477,0.1481,12.0,0.1472,12.0,11093.0,60.0
2021-01-05 09:35:04.061,0.1477,0.1479,6.0,0.147,1.0,11093.0,60.0
2021-01-05 09:35:04.661,0.1477,0.1477,12.0,0.147,1.0,11093.0,60.0
2021-01-05 09:35:05.180,0.1477,0.1476,10.0,0.147,1.0,11093.0,60.0
2021-01-05 09:35:05.671,0.1477,0.1477,32.0,0.147,1.0,11093.0,60.0
2021-01-05 09:35:06.180,0.1477,0.1477,42.0,0.147,1.0,11093.0,60.0
2021-01-05 09:35:06.680,0.147,0.1475,12.0,0.1466,13.0,11093.0,61.0
2021-01-05 09:35:07.131,0.147,0.1475,12.0,0.1466,1.0,11093.0,61.0
2021-01-05 09:35:07.650,0.147,0.1475,12.0,0.1466,1.0,11093.0,61.0
2021-01-05 09:35:08.171,0.147,0.1474,23.0,0.1466,1.0,11093.0,61.0
2021-01-05 09:35:09.191,0.147,0.1472,12.0,0.1462,1.0,11093.0,61.0
2021-01-05 09:35:09.700,0.147,0.1471,13.0,0.1462,1.0,11093.0,61.0
2021-01-05 09:35:10.180,0.147,0.1469,12.0,0.1462,1.0,11093.0,61.0
2021-01-05 09:35:10.691,0.147,0.1469,12.0,0.1462,11.0,11093.0,61.0
2021-01-05 09:35:11.120,0.147,0.1469,20.0,0.1462,1.0,11093.0,61.0
2021-01-05 09:35:11.680,0.147,0.1468,12.0,0.1462,1.0,11093.0,61.0
2021-01-05 09:35:12.101,0.147,0.1468,12.0,0.1462,11.0,11093.0,61.0
2021-01-05 09:35:12.691,0.147,0.1468,12.0,0.1462,1.0,11093.0,61.0
2021-01-05 09:35:13.181,0.147,0.1469,20.0,0.1462,1.0,11093.0,61.0
2021-01-05 09:35:13.640,0.147,0.1477,10.0,0.1466,10.0,11093.0,61.0
2021-01-05 09:35:14.191,0.147,0.1476,12.0,0.1467,12.0,11093.0,61.0
2021-01-05 09:35:14.700,0.147,0.1478,32.0,0.1465,12.0,11093.0,61.0
2021-01-05 09:35:15.200,0.147,0.1479,16.0,0.1466,13.0,11093.0,61.0
2021-01-05 09:35:15.701,0.147,0.1477,10.0,0.1468,12.0,11093.0,61.0
2021-01-05 09:35:16.201,0.147,0.1477,10.0,0.1468,12.0,11093.0,61.0
2021-01-05 09:35:16.681,0.147,0.1478,10.0,0.1469,22.0,11093.0,61.0
2021-01-05 09:35:17.190,0.147,0.1478,22.0,0.1469,22.0,11093.0,61.0
2021-01-05 09:35:17.670,0.147,0.1478,22.0,0.147,1.0,11093.0,61.0
2021-01-05 09:35:18.681,0.147,0.1479,6.0,0.1472,12.0,11093.0,61.0
2021-01-05 09:35:19.180,0.147,0.1479,6.0,0.1472,12.0,11093.0,61.0
2021-01-05 09:35:20.170,0.147,0.1479,6.0,0.1472,12.0,11093.0,61.0
2021-01-05 09:35:20.681,0.147,0.1479,16.0,0.1473,12.0,11093.0,61.0
2021-01-05 09:35:21.180,0.147,0.1479,16.0,0.1472,12.0,11093.0,61.0
2021-01-05 09:35:21.601,0.147,0.1479,16.0,0.1471,22.0,11093.0,61.0
2021-01-05 09:35:22.171,0.147,0.1479,36.0,0.1468,10.0,11093.0,61.0
2021-01-05 09:35:22.650,0.147,0.1477,12.0,0.1467,32.0,11093.0,61.0
2021-01-05 09:35:23.130,0.147,0.1477,12.0,0.1467,35.0,11093.0,61.0
2021-01-05 09:35:23.680,0.147,0.1477,12.0,0.1469,10.0,11093.0,61.0
2021-01-05 09:35:24.171,0.147,0.1477,12.0,0.1467,23.0,11093.0,61.0
2021-01-05 09:35:24.671,0.147,0.1477,12.0,0.1467,20.0,11093.0,61.0
2021-01-05 09:35:25.170,0.147,0.1477,12.0,0.1468,13.0,11093.0,61.0
2021-01-05 09:35:25.660,0.147,0.1477,22.0,0.1468,10.0,11093.0,61.0
2021-01-05 09:35:26.171,0.147,0.1475,12.0,0.1468,10.0,11093.0,61.0
2021-01-05 09:35:26.651,0.147,0.1476,22.0,0.1467,10.0,11093.0,61.0
2021-01-05 09:35:27.101,0.147,0.1476,12.0,0.1467,20.0,11093.0,61.0
2021-01-05 09:35:27.641,0.147,0.1476,10.0,0.1467,20.0,11093.0,61.0
2021-01-05 09:35:27.941,0.147,0.1477,10.0,0.1469,12.0,11093.0,61.0
2021-01-05 09:35:28.680,0.147,0.1477,22.0,0.1467,32.0,11093.0,61.0
2021-01-05 09:35:29.160,0.147,0.1475,12.0,0.1468,13.0,11093.0,61.0
2021-01-05 09:35:29.641,0.147,0.1475,12.0,0.147,10.0,11093.0,61.0
2021-01-05 09:35:30.121,0.147,0.1477,12.0,0.1469,10.0,11093.0,61.0
2021-01-05 09:35:30.690,0.147,0.1476,12.0,0.1469,10.0,11093.0,61.0
2021-01-05 09:35:31.170,0.147,0.1475,18.0,0.1469,10.0,11093.0,61.0
2021-01-05 09:35:32.161,0.147,0.1475,18.0,0.1468,10.0,11093.0,61.0
2021-01-05 09:35:32.630,0.147,0.1475,18.0,0.1469,10.0,11093.0,61.0
2021-01-05 09:35:33.191,0.147,0.1473,12.0,0.1468,10.0,11093.0,61.0
2021-01-05 09:35:33.640,0.1473,0.1473,11.0,0.1467,20.0,11093.0,63.0
2021-01-05 09:35:34.190,0.1473,0.1473,12.0,0.1467,10.0,11093.0,63.0
2021-01-05 09:35:34.691,0.1473,0.1473,12.0,0.1466,10.0,11093.0,63.0
2021-01-05 09:35:35.200,0.1473,0.1473,12.0,0.1467,10.0,11093.0,63.0
2021-01-05 09:35:35.600,0.1473,0.1473,12.0,0.1468,10.0,11093.0,63.0
2021-01-05 09:35:36.101,0.1473,0.1473,12.0,0.1468,10.0,11093.0,63.0
2021-01-05 09:35:36.601,0.1473,0.1472,12.0,0.1467,10.0,11093.0,63.0
2021-01-05 09:35:37.640,0.1473,0.1472,12.0,0.1466,10.0,11093.0,63.0
2021-01-05 09:35:38.670,0.1473,0.1472,12.0,0.1468,10.0,11093.0,63.0
2021-01-05 09:35:40.191,0.1473,0.1474,12.0,0.1467,10.0,11093.0,63.0
2021-01-05 09:35:40.691,0.1473,0.1473,12.0,0.1467,11.0,11093.0,63.0
2021-01-05 09:35:41.680,0.1473,0.1473,12.0,0.1467,11.0,11093.0,63.0
2021-01-05 09:35:42.160,0.1473,0.1471,6.0,0.1467,11.0,11093.0,63.0
2021-01-05 09:35:42.670,0.1473,0.1471,6.0,0.1467,1.0,11093.0,63.0
2021-01-05 09:35:43.190,0.1473,0.147,12.0,0.1463,10.0,11093.0,63.0
2021-01-05 09:35:43.661,0.1473,0.1471,6.0,0.1464,13.0,11093.0,63.0
2021-01-05 09:35:44.101,0.1473,0.1471,6.0,0.1464,13.0,11093.0,63.0
2021-01-05 09:35:44.600,0.1473,0.1469,12.0,0.1463,20.0,11093.0,63.0
2021-01-05 09:35:45.071,0.1473,0.1469,12.0,0.1463,33.0,11093.0,63.0
2021-01-05 09:35:45.670,0.1473,0.1469,12.0,0.1463,20.0,11093.0,63.0
2021-01-05 09:35:46.170,0.1473,0.1469,12.0,0.1463,20.0,11093.0,63.0
2021-01-05 09:35:46.700,0.1473,0.1469,12.0,0.1463,10.0,11093.0,63.0
2021-01-05 09:35:47.201,0.1473,0.1469,12.0,0.1463,10.0,11093.0,63.0
2021-01-05 09:35:48.181,0.1473,0.1469,12.0,0.1462,10.0,11093.0,63.0
2021-01-05 09:35:48.700,0.1473,0.1469,12.0,0.1464,10.0,11093.0,63.0
2021-01-05 09:35:49.190,0.1473,0.1469,12.0,0.1462,10.0,11093.0,63.0
2021-01-05 09:35:50.121,0.1473,0.1469,12.0,0.1462,10.0,11093.0,63.0
2021-01-05 09:35:50.680,0.1473,0.1469,12.0,0.1461,10.0,11093.0,63.0
2021-01-05 09:35:51.180,0.1473,0.1468,12.0,0.1461,10.0,11093.0,63.0
2021-01-05 09:35:51.710,0.1473,0.1468,12.0,0.1463,10.0,11093.0,63.0
2021-01-05 09:35:52.190,0.1473,0.1469,12.0,0.1463,10.0,11093.0,63.0
2021-01-05 09:35:53.111,0.1473,0.1469,12.0,0.1463,20.0,11093.0,63.0
2021-01-05 09:35:54.161,0.1473,0.1469,6.0,0.1463,20.0,11093.0,63.0
2021-01-05 09:35:54.640,0.1473,0.1469,6.0,0.1464,13.0,11093.0,63.0
2021-01-05 09:35:55.181,0.1469,0.1469,1.0,0.1464,13.0,11093.0,68.0
2021-01-05 09:35:55.691,0.1469,0.1478,10.0,0.1464,13.0,11093.0,69.0
2021-01-05 09:35:56.071,0.1469,0.1476,12.0,0.1464,13.0,11093.0,69.0
2021-01-05 09:35:56.661,0.1464,0.1475,12.0,0.1465,10.0,11093.0,73.0
2021-01-05 09:35:57.141,0.1464,0.1474,12.0,0.1465,22.0,11093.0,73.0
2021-01-05 09:35:57.681,0.1464,0.1474,12.0,0.1466,13.0,11093.0,73.0
2021-01-05 09:35:58.150,0.1464,0.1475,12.0,0.1466,13.0,11093.0,73.0
2021-01-05 09:35:58.701,0.1464,0.1474,12.0,0.1466,13.0,11093.0,73.0
2021-01-05 09:35:59.160,0.1464,0.1474,12.0,0.1466,13.0,11093.0,73.0
2021-01-05 09:36:00.201,0.1464,0.1474,12.0,0.1464,10.0,11093.0,73.0
2021-01-05 09:36:00.680,0.1464,0.1474,12.0,0.1466,10.0,11093.0,73.0
2021-01-05 09:36:01.181,0.1464,0.1473,12.0,0.1466,10.0,11093.0,73.0
2021-01-05 09:36:01.671,0.1464,0.1473,12.0,0.1466,10.0,11093.0,73.0
2021-01-05 09:36:02.170,0.1464,0.1473,12.0,0.1466,10.0,11093.0,73.0
2021-01-05 09:36:02.630,0.1464,0.1473,12.0,0.1466,10.0,11093.0,73.0
2021-01-05 09:36:03.150,0.1464,0.1475,12.0,0.1467,13.0,11093.0,73.0
2021-01-05 09:36:03.700,0.1464,0.1477,12.0,0.1467,13.0,11093.0,73.0
2021-01-05 09:36:04.201,0.1464,0.1477,12.0,0.1467,13.0,11093.0,73.0
2021-01-05 09:36:04.670,0.1464,0.1477,12.0,0.1468,10.0,11093.0,73.0
2021-01-05 09:36:05.150,0.1464,0.1477,12.0,0.1467,10.0,11093.0,73.0
2021-01-05 09:36:05.690,0.1464,0.1477,12.0,0.1467,10.0,11093.0,73.0
2021-01-05 09:36:06.180,0.1464,0.1476,12.0,0.1467,23.0,11093.0,73.0
2021-01-05 09:36:06.700,0.1464,0.1477,12.0,0.1467,23.0,11093.0,73.0
2021-01-05 09:36:07.640,0.1464,0.1477,12.0,0.1467,10.0,11093.0,73.0
2021-01-05 09:36:08.170,0.1464,0.1477,12.0,0.1468,13.0,11093.0,73.0
2021-01-05 09:36:09.161,0.1464,0.1478,12.0,0.1469,22.0,11093.0,73.0
2021-01-05 09:36:09.691,0.1464,0.1478,12.0,0.1469,22.0,11093.0,73.0
2021-01-05 09:36:10.101,0.1464,0.148,12.0,0.1471,12.0,11093.0,73.0
2021-01-05 09:36:10.671,0.1464,0.1482,10.0,0.1471,12.0,11093.0,73.0
2021-01-05 09:36:11.180,0.1464,0.148,12.0,0.1469,10.0,11093.0,73.0
2021-01-05 09:36:11.651,0.1464,0.148,22.0,0.147,13.0,11093.0,73.0
2021-01-05 09:36:12.181,0.1464,0.1478,12.0,0.147,13.0,11093.0,73.0
2021-01-05 09:36:12.690,0.1464,0.1478,12.0,0.147,13.0,11093.0,73.0
2021-01-05 09:36:14.150,0.1464,0.1478,12.0,0.1471,10.0,11093.0,73.0
2021-01-05 09:36:14.611,0.1464,0.1479,12.0,0.147,10.0,11093.0,73.0
2021-01-05 09:36:15.170,0.1464,0.1479,12.0,0.1471,13.0,11093.0,73.0
2021-01-05 09:36:15.660,0.1464,0.148,12.0,0.1471,13.0,11093.0,73.0
2021-01-05 09:36:16.150,0.1464,0.148,12.0,0.1472,10.0,11093.0,73.0
2021-01-05 09:36:16.680,0.1464,0.1481,12.0,0.1472,10.0,11093.0,73.0
2021-01-05 09:36:18.680,0.1464,0.1481,12.0,0.1472,10.0,11093.0,73.0
2021-01-05 09:36:19.151,0.1464,0.1482,12.0,0.1472,23.0,11093.0,73.0
2021-01-05 09:36:19.691,0.1464,0.1481,12.0,0.1472,10.0,11093.0,73.0
2021-01-05 09:36:20.161,0.1464,0.1482,12.0,0.1473,13.0,11093.0,73.0
2021-01-05 09:36:21.120,0.1464,0.1482,12.0,0.1473,13.0,11093.0,73.0
2021-01-05 09:36:21.691,0.1464,0.1483,12.0,0.1474,10.0,11093.0,73.0
2021-01-05 09:36:22.171,0.1464,0.1483,12.0,0.1473,10.0,11093.0,73.0
2021-01-05 09:36:22.501,0.1464,0.1483,12.0,0.1473,23.0,11093.0,73.0
2021-01-05 09:36:23.681,0.1464,0.1483,22.0,0.1473,10.0,11093.0,73.0
2021-01-05 09:36:24.171,0.1464,0.1481,22.0,0.1472,10.0,11093.0,73.0
2021-01-05 09:36:24.701,0.1464,0.1479,12.0,0.1472,10.0,11093.0,73.0
2021-01-05 09:36:25.191,0.1464,0.1479,12.0,0.1471,10.0,11093.0,73.0
2021-01-05 09:36:25.650,0.1464,0.1479,12.0,0.1473,10.0,11093.0,73.0
2021-01-05 09:36:26.171,0.1464,0.148,12.0,0.1473,10.0,11093.0,73.0
2021-01-05 09:36:26.651,0.1464,0.148,12.0,0.1472,10.0,11093.0,73.0
2021-01-05 09:36:27.160,0.1464,0.1479,12.0,0.1472,10.0,11093.0,73.0
2021-01-05 09:36:27.690,0.1464,0.1479,12.0,0.1471,10.0,11093.0,73.0
2021-01-05 09:36:28.190,0.1464,0.1478,12.0,0.1471,10.0,11093.0,73.0
2021-01-05 09:36:28.681,0.1464,0.1478,12.0,0.1469,20.0,11093.0,73.0
2021-01-05 09:36:29.100,0.1464,0.1477,10.0,0.1468,10.0,11093.0,73.0
2021-01-05 09:36:29.661,0.1464,0.1475,12.0,0.1468,23.0,11093.0,73.0
2021-01-05 09:36:30.700,0.1464,0.1475,12.0,0.1468,10.0,11093.0,73.0
2021-01-05 09:36:31.181,0.1464,0.1478,12.0,0.1469,13.0,11093.0,73.0
2021-01-05 09:36:31.690,0.1464,0.1478,12.0,0.1469,13.0,11093.0,73.0
2021-01-05 09:36:33.200,0.1464,0.1478,12.0,0.147,10.0,11093.0,73.0
2021-01-05 09:36:33.670,0.1464,0.1478,12.0,0.1469,10.0,11093.0,73.0
2021-01-05 09:36:34.091,0.1464,0.1479,12.0,0.1469,23.0,11093.0,73.0
2021-01-05 09:36:35.150,0.1464,0.1478,12.0,0.1469,23.0,11093.0,73.0
2021-01-05 09:36:35.701,0.1464,0.148,12.0,0.1469,23.0,11093.0,73.0
2021-01-05 09:36:36.191,0.1464,0.148,12.0,0.1469,23.0,11093.0,73.0
2021-01-05 09:36:36.700,0.1464,0.1479,22.0,0.1469,10.0,11093.0,73.0
2021-01-05 09:36:37.190,0.1464,0.1477,12.0,0.1469,10.0,11093.0,73.0
2021-01-05 09:36:37.691,0.1464,0.1478,12.0,0.1469,10.0,11093.0,73.0
2021-01-05 09:36:38.041,0.1464,0.1478,12.0,0.1469,23.0,11093.0,73.0
2021-01-05 09:36:39.090,0.1464,0.1478,12.0,0.1469,10.0,11093.0,73.0
2021-01-05 09:36:40.191,0.1464,0.1478,12.0,0.1469,10.0,11093.0,73.0
2021-01-05 09:36:40.700,0.1464,0.1479,10.0,0.1469,23.0,11093.0,73.0
2021-01-05 09:36:41.201,0.1464,0.1477,12.0,0.1469,23.0,11093.0,73.0
2021-01-05 09:36:41.641,0.1464,0.1479,12.0,0.1469,23.0,11093.0,73.0
2021-01-05 09:36:42.200,0.1464,0.1479,12.0,0.1469,23.0,11093.0,73.0
2021-01-05 09:36:42.690,0.1464,0.1478,12.0,0.1469,23.0,11093.0,73.0
2021-01-05 09:36:43.111,0.1464,0.1478,12.0,0.1469,23.0,11093.0,73.0
2021-01-05 09:36:43.700,0.1464,0.1479,12.0,0.1469,23.0,11093.0,73.0
2021-01-05 09:36:44.200,0.1464,0.1478,12.0,0.1469,10.0,11093.0,73.0
2021-01-05 09:36:44.680,0.1464,0.1478,12.0,0.1469,23.0,11093.0,73.0
2021-01-05 09:36:45.191,0.1464,0.1476,10.0,0.1469,10.0,11093.0,73.0
2021-01-05 09:36:45.631,0.1464,0.1474,12.0,0.1469,10.0,11093.0,73.0
2021-01-05 09:36:46.190,0.1464,0.1474,12.0,0.1468,20.0,11093.0,73.0
2021-01-05 09:36:46.651,0.1464,0.1474,12.0,0.1468,10.0,11093.0,73.0
2021-01-05 09:36:47.130,0.1464,0.1474,12.0,0.1467,20.0,11093.0,73.0
2021-01-05 09:36:47.660,0.1464,0.1474,12.0,0.1467,10.0,11093.0,73.0
2021-01-05 09:36:48.130,0.1464,0.1473,12.0,0.1467,10.0,11093.0,73.0
2021-01-05 09:36:48.630,0.1464,0.1473,12.0,0.1468,10.0,11093.0,73.0
2021-01-05 09:36:49.181,0.1464,0.1474,12.0,0.1467,10.0,11093.0,73.0
2021-01-05 09:36:49.700,0.1464,0.1473,12.0,0.1467,20.0,11093.0,73.0
2021-01-05 09:36:50.201,0.1464,0.1474,12.0,0.1467,20.0,11093.0,73.0
2021-01-05 09:36:50.670,0.1464,0.1474,12.0,0.1467,10.0,11093.0,73.0
2021-01-05 09:36:51.171,0.1464,0.1474,12.0,0.1467,20.0,11093.0,73.0
2021-01-05 09:36:51.671,0.1464,0.1474,12.0,0.1467,10.0,11093.0,73.0
2021-01-05 09:36:52.180,0.1464,0.1474,12.0,0.1467,20.0,11093.0,73.0
2021-01-05 09:36:53.191,0.1464,0.1474,12.0,0.1467,10.0,11093.0,73.0
2021-01-05 09:36:53.680,0.1464,0.1473,12.0,0.1467,10.0,11093.0,73.0
2021-01-05 09:36:54.180,0.1464,0.1473,12.0,0.1468,10.0,11093.0,73.0
2021-01-05 09:36:54.631,0.1464,0.1474,12.0,0.1467,20.0,11093.0,73.0
2021-01-05 09:36:55.171,0.1477,0.1482,20.0,0.1477,8.0,11127.0,117.0
2021-01-05 09:36:55.651,0.1477,0.1478,10.0,0.1477,32.0,11133.0,123.0
2021-01-05 09:36:56.141,0.1477,0.1478,10.0,0.1477,22.0,11143.0,133.0
2021-01-05 09:36:56.691,0.1477,0.1478,10.0,0.1477,12.0,11153.0,143.0
2021-01-05 09:36:57.171,0.1477,0.1478,10.0,0.1477,2.0,11163.0,153.0
2021-01-05 09:36:57.601,0.1477,0.1478,10.0,0.1476,8.0,11165.0,155.0
2021-01-05 09:36:58.160,0.1477,0.1478,10.0,0.1476,8.0,11165.0,155.0
2021-01-05 09:36:58.230,0.1477,0.1478,10.0,0.1476,8.0,11165.0,155.0
2021-01-05 09:36:59.181,0.1476,0.1478,22.0,0.1476,3.0,11170.0,160.0
2021-01-05 09:36:59.690,0.1476,0.1476,12.0,0.147,10.0,11173.0,163.0
2021-01-05 09:37:00.160,0.1476,0.1476,12.0,0.1468,10.0,11173.0,163.0
2021-01-05 09:37:01.081,0.1476,0.1476,12.0,0.1468,10.0,11173.0,163.0
2021-01-05 09:37:01.630,0.1476,0.1477,10.0,0.1469,22.0,11173.0,163.0
2021-01-05 09:37:02.191,0.1476,0.1478,32.0,0.1469,12.0,11173.0,163.0
2021-01-05 09:37:02.640,0.1476,0.1478,10.0,0.1468,10.0,11173.0,163.0
2021-01-05 09:37:03.151,0.1476,0.1477,10.0,0.1468,23.0,11173.0,163.0
2021-01-05 09:37:03.630,0.1476,0.1478,10.0,0.147,12.0,11173.0,163.0
2021-01-05 09:37:04.200,0.1476,0.1481,10.0,0.147,12.0,11173.0,163.0
2021-01-05 09:37:04.690,0.1476,0.1481,10.0,0.147,12.0,11173.0,163.0
2021-01-05 09:37:05.140,0.1476,0.1481,10.0,0.1471,13.0,11173.0,163.0
2021-01-05 09:37:05.701,0.1476,0.1482,10.0,0.1473,12.0,11173.0,163.0
2021-01-05 09:37:06.171,0.1476,0.1482,10.0,0.1472,10.0,11173.0,163.0
2021-01-05 09:37:06.171,0.1476,0.1484,10.0,0.1474,12.0,11173.0,163.0
2021-01-05 09:37:07.180,0.1476,0.1483,12.0,0.1474,12.0,11173.0,163.0
2021-01-05 09:37:07.681,0.1476,0.1483,22.0,0.1474,22.0,11173.0,163.0
2021-01-05 09:37:08.200,0.1476,0.1481,12.0,0.1472,22.0,11173.0,163.0
2021-01-05 09:37:08.630,0.1476,0.1481,12.0,0.1472,12.0,11173.0,163.0
2021-01-05 09:37:09.170,0.1476,0.1479,10.0,0.147,10.0,11173.0,163.0
2021-01-05 09:37:09.660,0.1476,0.1479,10.0,0.147,22.0,11173.0,163.0
2021-01-05 09:37:10.121,0.1476,0.1479,10.0,0.147,22.0,11173.0,163.0
2021-01-05 09:37:10.701,0.1476,0.1479,10.0,0.1472,12.0,11173.0,163.0
2021-01-05 09:37:12.131,0.1476,0.1479,10.0,0.1472,12.0,11173.0,163.0
2021-01-05 09:37:12.131,0.1476,0.1481,10.0,0.1473,13.0,11173.0,163.0
2021-01-05 09:37:13.181,0.1476,0.1481,10.0,0.1474,12.0,11173.0,163.0
2021-01-05 09:37:13.621,0.1476,0.148,10.0,0.1472,12.0,11173.0,163.0
2021-01-05 09:37:14.171,0.1476,0.1481,10.0,0.1472,25.0,11173.0,163.0
2021-01-05 09:37:14.651,0.1476,0.1481,23.0,0.1472,12.0,11173.0,163.0
2021-01-05 09:37:15.160,0.147,0.148,12.0,0.147,11.0,11173.0,164.0
2021-01-05 09:37:15.671,0.147,0.1479,10.0,0.1471,13.0,11173.0,164.0
2021-01-05 09:37:16.501,0.147,0.1482,10.0,0.1471,13.0,11173.0,164.0
2021-01-05 09:37:17.200,0.147,0.1481,10.0,0.1473,12.0,11173.0,164.0
2021-01-05 09:37:17.671,0.147,0.1481,10.0,0.1473,12.0,11173.0,164.0
2021-01-05 09:37:18.061,0.147,0.1481,10.0,0.1473,12.0,11173.0,164.0
2021-01-05 09:37:18.710,0.147,0.1481,10.0,0.1473,12.0,11173.0,164.0
2021-01-05 09:37:19.131,0.147,0.1481,23.0,0.1473,12.0,11173.0,164.0
2021-01-05 09:37:19.711,0.147,0.1481,10.0,0.1473,12.0,11173.0,164.0
2021-01-05 09:37:21.200,0.147,0.1482,22.0,0.1473,22.0,11173.0,164.0
2021-01-05 09:37:21.701,0.147,0.1483,10.0,0.1475,12.0,11173.0,164.0
2021-01-05 09:37:22.030,0.147,0.1483,10.0,0.1475,12.0,11173.0,164.0
2021-01-05 09:37:22.620,0.147,0.1483,10.0,0.1476,13.0,11173.0,164.0
2021-01-05 09:37:23.150,0.147,0.1484,22.0,0.1476,13.0,11173.0,164.0
2021-01-05 09:37:23.690,0.147,0.1484,22.0,0.1476,13.0,11173.0,164.0
2021-01-05 09:37:24.080,0.147,0.1484,22.0,0.1476,13.0,11173.0,164.0
2021-01-05 09:37:24.631,0.147,0.1484,22.0,0.1476,13.0,11173.0,164.0
2021-01-05 09:37:25.200,0.147,0.1483,12.0,0.1476,13.0,11173.0,164.0
2021-01-05 09:37:26.650,0.147,0.1484,22.0,0.1476,13.0,11173.0,164.0
2021-01-05 09:37:28.081,0.147,0.1483,10.0,0.1476,13.0,11173.0,164.0
2021-01-05 09:37:29.130,0.147,0.1483,22.0,0.1476,13.0,11173.0,164.0
2021-01-05 09:37:30.150,0.147,0.1485,32.0,0.1476,35.0,11173.0,164.0
2021-01-05 09:37:30.650,0.147,0.1483,22.0,0.1476,13.0,11173.0,164.0
2021-01-05 09:37:31.190,0.147,0.1484,10.0,0.1476,13.0,11173.0,164.0
2021-01-05 09:37:31.701,0.147,0.1484,10.0,0.1476,25.0,11173.0,164.0
2021-01-05 09:37:32.141,0.147,0.1483,10.0,0.1476,12.0,11173.0,164.0
2021-01-05 09:37:32.651,0.147,0.1483,10.0,0.1474,12.0,11173.0,164.0
2021-01-05 09:37:33.180,0.147,0.148,10.0,0.1472,12.0,11173.0,164.0
2021-01-05 09:37:33.681,0.147,0.148,10.0,0.1472,12.0,11173.0,164.0
2021-01-05 09:37:33.750,0.147,0.1483,10.0,0.1473,12.0,11173.0,164.0
2021-01-05 09:37:34.500,0.147,0.1483,23.0,0.1474,12.0,11173.0,164.0
2021-01-05 09:37:35.170,0.147,0.1483,10.0,0.1474,12.0,11173.0,164.0
2021-01-05 09:37:35.650,0.147,0.1483,10.0,0.1474,35.0,11173.0,164.0
2021-01-05 09:37:36.200,0.147,0.1483,10.0,0.1474,12.0,11173.0,164.0
2021-01-05 09:37:36.671,0.147,0.1483,10.0,0.1475,13.0,11173.0,164.0
2021-01-05 09:37:37.180,0.147,0.1483,10.0,0.1475,13.0,11173.0,164.0
2021-01-05 09:37:37.691,0.147,0.1484,22.0,0.1475,13.0,11173.0,164.0
2021-01-05 09:37:38.161,0.147,0.1484,10.0,0.1477,12.0,11173.0,164.0
2021-01-05 09:37:39.170,0.147,0.1485,10.0,0.1478,25.0,11173.0,164.0
2021-01-05 09:37:39.641,0.147,0.1485,10.0,0.1478,25.0,11173.0,164.0
2021-01-05 09:37:40.701,0.147,0.1486,10.0,0.1478,25.0,11173.0,164.0
2021-01-05 09:37:41.131,0.147,0.1485,10.0,0.1478,25.0,11173.0,164.0
2021-01-05 09:37:42.130,0.147,0.1487,10.0,0.148,12.0,11173.0,164.0
2021-01-05 09:37:42.691,0.147,0.1487,10.0,0.148,12.0,11173.0,164.0
2021-01-05 09:37:43.181,0.147,0.1487,10.0,0.148,25.0,11173.0,164.0
2021-01-05 09:37:43.671,0.147,0.1488,20.0,0.1482,12.0,11173.0,164.0
2021-01-05 09:37:44.190,0.147,0.1488,20.0,0.148,12.0,11173.0,164.0
2021-01-05 09:37:44.651,0.147,0.1488,10.0,0.1481,23.0,11173.0,164.0
2021-01-05 09:37:45.191,0.147,0.149,20.0,0.1482,12.0,11173.0,164.0
2021-01-05 09:37:45.650,0.147,0.149,20.0,0.1483,12.0,11173.0,164.0
2021-01-05 09:37:46.161,0.147,0.149,20.0,0.1482,12.0,11173.0,164.0
2021-01-05 09:37:46.601,0.147,0.149,20.0,0.1482,12.0,11173.0,164.0
2021-01-05 09:37:47.210,0.147,0.149,20.0,0.1482,13.0,11173.0,164.0
2021-01-05 09:37:47.661,0.147,0.149,20.0,0.1481,12.0,11173.0,164.0
2021-01-05 09:37:48.201,0.147,0.149,33.0,0.148,12.0,11173.0,164.0
2021-01-05 09:37:48.700,0.147,0.149,33.0,0.1481,13.0,11173.0,164.0
2021-01-05 09:37:49.190,0.147,0.149,33.0,0.1481,25.0,11173.0,164.0
2021-01-05 09:37:49.670,0.147,0.149,33.0,0.1481,25.0,11173.0,164.0
2021-01-05 09:37:51.691,0.147,0.149,20.0,0.1481,12.0,11173.0,164.0
2021-01-05 09:37:52.191,0.147,0.1489,13.0,0.148,12.0,11173.0,164.0
2021-01-05 09:37:52.660,0.147,0.1489,25.0,0.148,25.0,11173.0,164.0
2021-01-05 09:37:53.680,0.147,0.1488,10.0,0.148,12.0,11173.0,164.0
2021-01-05 09:37:54.160,0.147,0.1489,22.0,0.148,12.0,11173.0,164.0
2021-01-05 09:37:54.640,0.147,0.1489,22.0,0.148,25.0,11173.0,164.0
2021-01-05 09:37:55.190,0.147,0.1489,22.0,0.148,12.0,11173.0,164.0
2021-01-05 09:37:55.691,0.147,0.1489,35.0,0.1481,13.0,11173.0,164.0
2021-01-05 09:37:56.121,0.147,0.1489,35.0,0.1481,13.0,11173.0,164.0
2021-01-05 09:37:56.611,0.147,0.1489,22.0,0.1481,13.0,11173.0,164.0
2021-01-05 09:37:57.170,0.147,0.1489,10.0,0.1482,12.0,11173.0,164.0
2021-01-05 09:37:57.601,0.147,0.149,20.0,0.1483,12.0,11173.0,164.0
2021-01-05 09:37:58.141,0.147,0.1489,10.0,0.1484,25.0,11173.0,164.0
2021-01-05 09:37:58.640,0.147,0.1489,10.0,0.1488,2.0,11173.0,164.0
2021-01-05 09:37:59.161,0.147,0.1489,10.0,0.1488,2.0,11173.0,164.0
2021-01-05 09:37:59.651,0.147,0.1489,10.0,0.1488,2.0,11173.0,164.0
2021-01-05 09:38:01.180,0.147,0.1489,10.0,0.1488,2.0,11173.0,164.0
2021-01-05 09:38:02.190,0.147,0.1489,10.0,0.1488,2.0,11173.0,164.0
2021-01-05 09:38:02.680,0.147,0.1489,10.0,0.1488,2.0,11173.0,164.0
2021-01-05 09:38:03.191,0.147,0.1489,10.0,0.1488,2.0,11173.0,164.0
2021-01-05 09:38:03.981,0.1488,0.1488,12.0,0.1479,24.0,11175.0,166.0
2021-01-05 09:38:04.680,0.1488,0.1488,12.0,0.1479,14.0,11175.0,166.0
2021-01-05 09:38:05.181,0.1488,0.1487,10.0,0.1479,14.0,11175.0,166.0
2021-01-05 09:38:05.621,0.1488,0.1488,10.0,0.148,12.0,11175.0,166.0
2021-01-05 09:38:06.151,0.1488,0.1488,10.0,0.1481,13.0,11175.0,166.0
2021-01-05 09:38:07.200,0.1488,0.1488,10.0,0.1478,10.0,11175.0,166.0
2021-01-05 09:38:07.590,0.1488,0.1487,12.0,0.1479,13.0,11175.0,166.0
2021-01-05 09:38:08.021,0.1488,0.1487,25.0,0.1479,13.0,11175.0,166.0
2021-01-05 09:38:09.160,0.1488,0.1485,12.0,0.1477,10.0,11175.0,166.0
2021-01-05 09:38:09.590,0.1488,0.1486,22.0,0.1478,13.0,11175.0,166.0
2021-01-05 09:38:10.180,0.1488,0.1484,12.0,0.1477,10.0,11175.0,166.0
2021-01-05 09:38:10.670,0.1488,0.1485,12.0,0.1477,13.0,11175.0,166.0
2021-01-05 09:38:11.141,0.1488,0.1485,12.0,0.1475,20.0,11175.0,166.0
2021-01-05 09:38:11.701,0.1488,0.1485,12.0,0.1478,10.0,11175.0,166.0
2021-01-05 09:38:12.191,0.1488,0.1488,12.0,0.148,10.0,11175.0,166.0
2021-01-05 09:38:12.531,0.1488,0.1487,10.0,0.1478,10.0,11175.0,166.0
2021-01-05 09:38:13.110,0.1488,0.1488,10.0,0.1479,13.0,11175.0,166.0
2021-01-05 09:38:13.690,0.1488,0.1486,22.0,0.1479,13.0,11175.0,166.0
2021-01-05 09:38:14.141,0.1488,0.1485,12.0,0.1479,13.0,11175.0,166.0
2021-01-05 09:38:14.691,0.1488,0.1486,12.0,0.1476,20.0,11175.0,166.0
2021-01-05 09:38:15.150,0.1488,0.1485,13.0,0.1477,13.0,11175.0,166.0
2021-01-05 09:38:15.730,0.1488,0.1483,12.0,0.1477,10.0,11175.0,166.0
2021-01-05 09:38:16.210,0.1488,0.1483,12.0,0.1477,23.0,11175.0,166.0
2021-01-05 09:38:16.721,0.1488,0.1485,12.0,0.1477,23.0,11175.0,166.0
2021-01-05 09:38:17.190,0.1488,0.1485,25.0,0.1477,23.0,11175.0,166.0
2021-01-05 09:38:17.701,0.1488,0.1484,12.0,0.1477,23.0,11175.0,166.0
2021-01-05 09:38:18.231,0.1488,0.1484,12.0,0.1477,13.0,11175.0,166.0
2021-01-05 09:38:18.600,0.1488,0.1484,22.0,0.1477,13.0,11175.0,166.0
2021-01-05 09:38:19.230,0.1488,0.1482,12.0,0.1475,10.0,11175.0,166.0
2021-01-05 09:38:19.670,0.1488,0.1482,12.0,0.1476,13.0,11175.0,166.0
2021-01-05 09:38:20.231,0.1488,0.1482,12.0,0.1476,13.0,11175.0,166.0
2021-01-05 09:38:20.671,0.1488,0.1482,12.0,0.1474,10.0,11175.0,166.0
2021-01-05 09:38:21.240,0.1488,0.1482,12.0,0.1475,13.0,11175.0,166.0
2021-01-05 09:38:21.670,0.1488,0.1481,10.0,0.1473,10.0,11175.0,166.0
2021-01-05 09:38:22.210,0.1488,0.1482,12.0,0.1473,13.0,11175.0,166.0
2021-01-05 09:38:22.661,0.1488,0.1482,35.0,0.1473,13.0,11175.0,166.0
2021-01-05 09:38:22.971,0.1488,0.148,22.0,0.1472,10.0,11175.0,166.0
2021-01-05 09:38:23.681,0.1488,0.148,22.0,0.1473,13.0,11175.0,166.0
2021-01-05 09:38:24.671,0.1488,0.148,52.0,0.1471,24.0,11175.0,166.0
2021-01-05 09:38:25.101,0.1488,0.148,10.0,0.1471,24.0,11175.0,166.0
2021-01-05 09:38:25.700,0.1488,0.148,10.0,0.1473,12.0,11175.0,166.0
2021-01-05 09:38:26.100,0.1488,0.148,52.0,0.1471,36.0,11175.0,166.0
2021-01-05 09:38:26.701,0.1488,0.1478,12.0,0.1471,24.0,11175.0,166.0
2021-01-05 09:38:27.151,0.1488,0.148,10.0,0.1473,12.0,11175.0,166.0
2021-01-05 09:38:27.691,0.1488,0.1482,10.0,0.1473,25.0,11175.0,166.0
2021-01-05 09:38:28.171,0.1488,0.148,12.0,0.1472,10.0,11175.0,166.0
2021-01-05 09:38:28.680,0.1488,0.148,12.0,0.1472,23.0,11175.0,166.0
2021-01-05 09:38:29.191,0.1488,0.148,12.0,0.1472,23.0,11175.0,166.0
2021-01-05 09:38:29.641,0.1488,0.148,12.0,0.1472,23.0,11175.0,166.0
2021-01-05 09:38:30.061,0.1481,0.148,12.0,0.1473,6.0,11195.0,186.0
2021-01-05 09:38:30.670,0.148,0.1483,20.0,0.1475,12.0,11225.0,216.0
2021-01-05 09:38:31.181,0.1483,0.1483,23.0,0.1475,12.0,11245.0,236.0
2021-01-05 09:38:31.640,0.1483,0.1483,13.0,0.1475,12.0,11265.0,266.0
2021-01-05 09:38:32.090,0.1482,0.1482,3.0,0.1475,12.0,11275.0,286.0
2021-01-05 09:38:32.701,0.1483,0.1481,12.0,0.1473,6.0,11295.0,319.0
2021-01-05 09:38:33.191,0.1481,0.1484,10.0,0.1473,6.0,11305.0,339.0
2021-01-05 09:38:33.700,0.1483,0.1483,5.0,0.1468,20.0,11329.0,375.0
2021-01-05 09:38:34.201,0.1483,0.1473,6.0,0.1467,20.0,11329.0,375.0
2021-01-05 09:38:35.200,0.1483,0.1473,6.0,0.1469,12.0,11329.0,375.0
2021-01-05 09:38:35.700,0.1483,0.1473,6.0,0.147,12.0,11329.0,375.0
2021-01-05 09:38:36.130,0.1483,0.1473,6.0,0.1469,12.0,11329.0,375.0
2021-01-05 09:38:36.691,0.1483,0.1473,6.0,0.147,25.0,11329.0,375.0
2021-01-05 09:38:37.160,0.1483,0.1473,6.0,0.147,13.0,11329.0,375.0
2021-01-05 09:38:37.680,0.1483,0.1475,20.0,0.1469,12.0,11329.0,375.0
2021-01-05 09:38:38.161,0.1483,0.1475,10.0,0.1466,22.0,11329.0,375.0
2021-01-05 09:38:38.660,0.1469,0.1476,20.0,0.1469,8.0,11329.0,377.0
2021-01-05 09:38:39.161,0.1469,0.1478,10.0,0.1469,8.0,11329.0,377.0
2021-01-05 09:38:39.661,0.1469,0.1477,25.0,0.1469,8.0,11329.0,377.0
2021-01-05 09:38:40.201,0.1475,0.1475,2.0,0.1464,10.0,11349.0,397.0
2021-01-05 09:38:40.591,0.1479,0.1476,12.0,0.1465,35.0,11361.0,417.0
2021-01-05 09:38:41.190,0.1476,0.1476,3.0,0.1467,22.0,11391.0,447.0
2021-01-05 09:38:41.640,0.1479,0.1475,10.0,0.1468,12.0,11411.0,467.0
2021-01-05 09:38:42.191,0.1468,0.1468,2.0,0.1465,10.0,11421.0,487.0
2021-01-05 09:38:42.591,0.148,0.148,10.0,0.1468,2.0,11449.0,517.0
2021-01-05 09:38:43.150,0.148,0.1481,12.0,0.147,12.0,11459.0,537.0
2021-01-05 09:38:43.651,0.1479,0.1479,2.0,0.1468,12.0,11489.0,567.0
2021-01-05 09:38:44.200,0.1479,0.1481,20.0,0.1466,10.0,11499.0,577.0
2021-01-05 09:38:44.690,0.1479,0.1481,20.0,0.1468,22.0,11499.0,577.0
2021-01-05 09:38:45.201,0.1479,0.1481,20.0,0.147,12.0,11499.0,577.0
2021-01-05 09:38:45.580,0.1479,0.1481,20.0,0.1471,13.0,11499.0,577.0
2021-01-05 09:38:46.200,0.1479,0.1486,34.0,0.1473,12.0,11499.0,577.0
2021-01-05 09:38:46.521,0.1479,0.1486,34.0,0.1473,12.0,11499.0,577.0
2021-01-05 09:38:47.140,0.1479,0.1486,20.0,0.1474,13.0,11499.0,577.0
2021-01-05 09:38:47.601,0.1479,0.1485,10.0,0.1476,12.0,11499.0,577.0
2021-01-05 09:38:48.110,0.1479,0.1486,10.0,0.1476,12.0,11499.0,577.0
2021-01-05 09:38:48.650,0.1479,0.1486,10.0,0.1477,13.0,11499.0,577.0
2021-01-05 09:38:49.130,0.1479,0.1486,10.0,0.1479,12.0,11499.0,577.0
2021-01-05 09:38:49.691,0.1479,0.1486,10.0,0.1479,12.0,11499.0,577.0
2021-01-05 09:38:50.110,0.1479,0.1479,12.0,0.1476,22.0,11499.0,577.0
2021-01-05 09:38:50.651,0.1479,0.1479,6.0,0.1478,12.0,11495.0,583.0
2021-01-05 09:38:51.170,0.1478,0.1479,6.0,0.1476,22.0,11483.0,595.0
2021-01-05 09:38:51.691,0.1478,0.1479,6.0,0.1478,12.0,11483.0,595.0
2021-01-05 09:38:52.140,0.1487,0.1487,16.0,0.1473,24.0,11495.0,637.0
2021-01-05 09:38:52.671,0.1485,0.1485,2.0,0.1474,10.0,11515.0,657.0
2021-01-05 09:38:53.191,0.1485,0.1485,12.0,0.1474,10.0,11545.0,687.0
2021-01-05 09:38:53.620,0.1484,0.1484,2.0,0.1475,13.0,11565.0,707.0
2021-01-05 09:38:54.200,0.1487,0.1487,5.0,0.1475,25.0,11595.0,737.0
2021-01-05 09:38:54.690,0.1488,0.1488,22.0,0.1476,12.0,11615.0,757.0
2021-01-05 09:38:55.001,0.1486,0.1487,3.0,0.1472,12.0,11635.0,777.0
2021-01-05 09:38:55.700,0.1488,0.1488,10.0,0.1473,13.0,11665.0,807.0
2021-01-05 09:38:56.190,0.1488,0.1487,13.0,0.1475,12.0,11665.0,807.0
2021-01-05 09:38:56.661,0.1488,0.1487,23.0,0.1475,12.0,11665.0,807.0
2021-01-05 09:38:57.200,0.1488,0.1487,23.0,0.1473,12.0,11665.0,807.0
2021-01-05 09:38:57.640,0.1488,0.1487,23.0,0.1474,13.0,11665.0,807.0
2021-01-05 09:38:58.161,0.1488,0.1487,33.0,0.1476,12.0,11665.0,807.0
2021-01-05 09:38:58.670,0.1488,0.1487,10.0,0.1476,12.0,11665.0,807.0
2021-01-05 09:38:59.060,0.1477,0.1488,10.0,0.1477,1.0,11653.0,819.0
2021-01-05 09:39:00.140,0.1479,0.1488,10.0,0.1481,12.0,11641.0,831.0
2021-01-05 09:39:00.660,0.1481,0.1488,10.0,0.1482,25.0,11641.0,832.0
2021-01-05 09:39:01.120,0.1482,0.1488,10.0,0.1477,10.0,11641.0,833.0
2021-01-05 09:39:01.700,0.1482,0.1488,10.0,0.1479,12.0,11641.0,833.0
2021-01-05 09:39:02.170,0.1482,0.1488,10.0,0.148,12.0,11641.0,833.0
2021-01-05 09:39:02.660,0.1482,0.1488,10.0,0.148,12.0,11641.0,833.0
2021-01-05 09:39:03.150,0.1482,0.1488,10.0,0.1479,12.0,11641.0,833.0
2021-01-05 09:39:03.671,0.1482,0.1488,10.0,0.148,25.0,11641.0,833.0
2021-01-05 09:39:04.161,0.1482,0.1489,20.0,0.1482,12.0,11641.0,833.0
2021-01-05 09:39:04.610,0.1482,0.1489,20.0,0.1482,12.0,11641.0,833.0
2021-01-05 09:39:05.211,0.1482,0.1489,20.0,0.1483,13.0,11641.0,833.0
2021-01-05 09:39:05.701,0.1482,0.1489,20.0,0.1485,12.0,11641.0,833.0
2021-01-05 09:39:06.191,0.1485,0.1489,20.0,0.1484,12.0,11641.0,834.0
2021-01-05 09:39:06.191,0.1485,0.1489,20.0,0.1481,12.0,11641.0,834.0
2021-01-05 09:39:07.050,0.1485,0.1489,20.0,0.1481,12.0,11641.0,834.0
2021-01-05 09:39:07.680,0.1485,0.1489,20.0,0.1482,25.0,11641.0,834.0
2021-01-05 09:39:08.131,0.1485,0.1489,20.0,0.1484,12.0,11641.0,834.0
2021-01-05 09:39:08.690,0.1485,0.1489,20.0,0.1484,12.0,11641.0,834.0
2021-01-05 09:39:09.161,0.1485,0.1484,12.0,0.1481,12.0,11641.0,834.0
2021-01-05 09:39:09.601,0.1485,0.1484,12.0,0.148,12.0,11641.0,834.0
2021-01-05 09:39:10.191,0.1485,0.1484,12.0,0.148,25.0,11641.0,834.0
2021-01-05 09:39:10.721,0.1485,0.1484,12.0,0.1482,12.0,11641.0,834.0
2021-01-05 09:39:11.201,0.1482,0.1483,10.0,0.148,12.0,11641.0,835.0
2021-01-05 09:39:11.701,0.1482,0.1484,12.0,0.1478,12.0,11641.0,835.0
2021-01-05 09:39:12.150,0.1482,0.1484,12.0,0.148,12.0,11641.0,835.0
2021-01-05 09:39:12.690,0.1482,0.1484,12.0,0.1481,12.0,11641.0,835.0
2021-01-05 09:39:13.170,0.1482,0.1485,10.0,0.1478,12.0,11641.0,835.0
2021-01-05 09:39:13.720,0.1478,0.1486,10.0,0.1479,13.0,11629.0,847.0
2021-01-05 09:39:14.160,0.1478,0.1484,10.0,0.1479,13.0,11629.0,847.0
2021-01-05 09:39:15.220,0.1478,0.1483,10.0,0.1478,12.0,11629.0,847.0
2021-01-05 09:39:15.720,0.1478,0.1483,10.0,0.1478,25.0,11629.0,847.0
2021-01-05 09:39:16.711,0.1478,0.1483,10.0,0.1478,25.0,11629.0,847.0
2021-01-05 09:39:17.191,0.1478,0.1483,10.0,0.1478,25.0,11629.0,847.0
2021-01-05 09:39:17.650,0.1478,0.1483,10.0,0.1478,12.0,11629.0,847.0
2021-01-05 09:39:17.721,0.1478,0.148,1.0,0.1479,13.0,11629.0,847.0
2021-01-05 09:39:18.671,0.148,0.1483,10.0,0.1479,13.0,11629.0,848.0
2021-01-05 09:39:20.221,0.148,0.1483,10.0,0.1478,12.0,11629.0,848.0
2021-01-05 09:39:20.741,0.148,0.1483,10.0,0.1478,13.0,11629.0,848.0
2021-01-05 09:39:21.231,0.148,0.1483,10.0,0.1478,25.0,11629.0,848.0
2021-01-05 09:39:21.671,0.148,0.1483,10.0,0.1478,25.0,11629.0,848.0
2021-01-05 09:39:22.651,0.1478,0.1478,13.0,0.1476,12.0,11617.0,860.0
2021-01-05 09:39:23.200,0.1478,0.1483,10.0,0.1478,2.0,11604.0,873.0
2021-01-05 09:39:24.151,0.1478,0.1483,10.0,0.1479,12.0,11604.0,873.0
2021-01-05 09:39:25.210,0.1478,0.1483,10.0,0.1478,13.0,11604.0,873.0
2021-01-05 09:39:25.700,0.1478,0.148,12.0,0.1478,13.0,11604.0,873.0
2021-01-05 09:39:26.130,0.1478,0.148,12.0,0.1478,13.0,11604.0,873.0
2021-01-05 09:39:27.210,0.1478,0.148,12.0,0.1477,12.0,11604.0,873.0
2021-01-05 09:39:27.711,0.1478,0.148,12.0,0.1476,12.0,11604.0,873.0
2021-01-05 09:39:28.201,0.1478,0.148,12.0,0.1477,13.0,11604.0,873.0
2021-01-05 09:39:28.710,0.1478,0.148,12.0,0.1477,25.0,11604.0,873.0
2021-01-05 09:39:29.231,0.1483,0.1483,2.0,0.1477,13.0,11622.0,903.0
2021-01-05 09:39:29.721,0.1483,0.1483,2.0,0.1478,12.0,11622.0,903.0
2021-01-05 09:39:30.220,0.1483,0.1483,2.0,0.1479,12.0,11622.0,903.0
2021-01-05 09:39:30.721,0.1483,0.1483,2.0,0.1477,20.0,11622.0,903.0
2021-01-05 09:39:31.121,0.1483,0.1483,2.0,0.1478,13.0,11622.0,903.0
2021-01-05 09:39:31.121,0.1483,0.1483,2.0,0.148,12.0,11622.0,903.0
2021-01-05 09:39:32.141,0.1483,0.1483,2.0,0.1479,12.0,11622.0,903.0
2021-01-05 09:39:32.700,0.1483,0.1483,2.0,0.1479,12.0,11622.0,903.0
2021-01-05 09:39:34.210,0.1483,0.1483,2.0,0.1479,12.0,11622.0,903.0
2021-01-05 09:39:34.681,0.1483,0.1482,10.0,0.148,12.0,11622.0,903.0
2021-01-05 09:39:35.171,0.1483,0.1482,10.0,0.1481,12.0,11622.0,903.0
2021-01-05 09:39:35.701,0.1483,0.1483,12.0,0.1481,12.0,11622.0,903.0
2021-01-05 09:39:36.231,0.1483,0.1482,10.0,0.1479,25.0,11622.0,903.0
2021-01-05 09:39:36.660,0.1483,0.1482,10.0,0.1481,12.0,11622.0,903.0
2021-01-05 09:39:37.221,0.1483,0.1483,12.0,0.148,10.0,11622.0,903.0
2021-01-05 09:39:37.730,0.1483,0.1483,12.0,0.1479,12.0,11622.0,903.0
2021-01-05 09:39:39.241,0.1483,0.1483,12.0,0.1478,20.0,11622.0,903.0
2021-01-05 09:39:39.751,0.1483,0.1483,12.0,0.1478,20.0,11622.0,903.0
2021-01-05 09:39:41.220,0.1483,0.1483,2.0,0.1478,20.0,11622.0,903.0
2021-01-05 09:39:41.750,0.1483,0.1482,10.0,0.1475,12.0,11622.0,903.0
2021-01-05 09:39:42.210,0.1483,0.1483,12.0,0.1476,13.0,11622.0,903.0
2021-01-05 09:39:42.740,0.1483,0.1483,2.0,0.1476,25.0,11622.0,903.0
2021-01-05 09:39:43.191,0.1483,0.1483,2.0,0.1478,12.0,11622.0,903.0
2021-01-05 09:39:43.570,0.1485,0.1489,12.0,0.1486,18.0,11634.0,915.0
2021-01-05 09:39:44.121,0.1486,0.1488,13.0,0.1486,13.0,11639.0,920.0
2021-01-05 09:39:44.680,0.1486,0.1488,13.0,0.1486,25.0,11644.0,938.0
2021-01-05 09:39:44.930,0.1486,0.1487,12.0,0.1486,4.0,11652.0,959.0
2021-01-05 09:39:45.750,0.1486,0.1486,11.0,0.1474,20.0,11656.0,963.0
2021-01-05 09:39:46.040,0.1486,0.1485,13.0,0.1474,20.0,11656.0,963.0
2021-01-05 09:39:46.711,0.1486,0.1485,13.0,0.1475,12.0,11656.0,963.0
2021-01-05 09:39:47.250,0.1486,0.1485,13.0,0.1473,12.0,11656.0,963.0
2021-01-05 09:39:47.731,0.1486,0.1483,12.0,0.1471,30.0,11656.0,963.0
2021-01-05 09:39:48.221,0.1486,0.1483,12.0,0.1472,13.0,11656.0,963.0
2021-01-05 09:39:48.720,0.1486,0.1482,13.0,0.1472,13.0,11656.0,963.0
2021-01-05 09:39:49.241,0.1486,0.148,12.0,0.1472,13.0,11656.0,963.0
2021-01-05 09:39:49.711,0.1486,0.1479,12.0,0.1471,20.0,11656.0,963.0
2021-01-05 09:39:50.121,0.1486,0.1479,12.0,0.1471,33.0,11656.0,963.0
2021-01-05 09:39:50.710,0.1486,0.1479,22.0,0.1471,20.0,11656.0,963.0
2021-01-05 09:39:51.241,0.1486,0.148,10.0,0.1468,10.0,11656.0,963.0
2021-01-05 09:39:51.730,0.1486,0.1479,13.0,0.1468,10.0,11656.0,963.0
2021-01-05 09:39:52.251,0.1486,0.1478,12.0,0.1468,10.0,11656.0,963.0
2021-01-05 09:39:52.670,0.1486,0.1477,12.0,0.1469,13.0,11656.0,963.0
2021-01-05 09:39:53.181,0.1486,0.1476,12.0,0.1469,13.0,11656.0,963.0
2021-01-05 09:39:53.630,0.1486,0.1479,10.0,0.1471,12.0,11656.0,963.0
2021-01-05 09:39:54.191,0.1486,0.1477,10.0,0.1471,20.0,11656.0,963.0
2021-01-05 09:39:54.691,0.1486,0.1477,10.0,0.1471,20.0,11656.0,963.0
2021-01-05 09:39:55.181,0.1486,0.1477,10.0,0.1468,20.0,11656.0,963.0
2021-01-05 09:39:55.461,0.1486,0.1477,22.0,0.1469,13.0,11656.0,963.0
2021-01-05 09:39:56.120,0.1486,0.1475,12.0,0.1469,13.0,11656.0,963.0
2021-01-05 09:39:56.691,0.1486,0.1477,10.0,0.1469,13.0,11656.0,963.0
2021-01-05 09:39:57.181,0.1486,0.1476,12.0,0.1469,13.0,11656.0,963.0
2021-01-05 09:39:57.580,0.1486,0.1475,10.0,0.1469,13.0,11656.0,963.0
2021-01-05 09:39:58.201,0.1486,0.1476,22.0,0.1468,10.0,11656.0,963.0
2021-01-05 09:39:58.600,0.1486,0.1476,10.0,0.1469,13.0,11656.0,963.0
2021-01-05 09:39:59.061,0.1486,0.1476,10.0,0.1469,13.0,11656.0,963.0
2021-01-05 09:40:00.610,0.1486,0.1476,10.0,0.147,10.0,11656.0,963.0
2021-01-05 09:40:01.201,0.1486,0.1476,10.0,0.147,10.0,11656.0,963.0
2021-01-05 09:40:01.570,0.1486,0.1476,10.0,0.147,10.0,11656.0,963.0
2021-01-05 09:40:02.200,0.1486,0.1476,10.0,0.147,10.0,11656.0,963.0
2021-01-05 09:40:02.671,0.1486,0.1478,10.0,0.1471,13.0,11656.0,963.0
2021-01-05 09:40:03.140,0.1486,0.1478,10.0,0.1471,25.0,11656.0,963.0
2021-01-05 09:40:03.691,0.1486,0.1476,10.0,0.1471,13.0,11656.0,963.0
2021-01-05 09:40:04.160,0.1486,0.1476,10.0,0.147,26.0,11656.0,963.0
2021-01-05 09:40:04.700,0.1486,0.1477,10.0,0.1471,13.0,11656.0,963.0
2021-01-05 09:40:05.170,0.1486,0.1477,10.0,0.147,26.0,11656.0,963.0
2021-01-05 09:40:05.701,0.1486,0.1477,10.0,0.1471,13.0,11656.0,963.0
2021-01-05 09:40:06.200,0.1486,0.1478,10.0,0.1471,13.0,11656.0,963.0
2021-01-05 09:40:06.701,0.1486,0.1479,10.0,0.1471,13.0,11656.0,963.0
2021-01-05 09:40:07.191,0.1486,0.1479,10.0,0.1472,12.0,11656.0,963.0
2021-01-05 09:40:07.700,0.1486,0.1479,10.0,0.1472,12.0,11656.0,963.0
2021-01-05 09:40:08.200,0.148,0.1489,24.0,0.148,20.0,11666.0,973.0
2021-01-05 09:40:08.690,0.148,0.1487,12.0,0.148,20.0,11666.0,973.0
2021-01-05 09:40:09.191,0.148,0.1487,12.0,0.148,20.0,11666.0,973.0
2021-01-05 09:40:09.441,0.148,0.1488,12.0,0.148,20.0,11666.0,973.0
2021-01-05 09:40:10.150,0.148,0.149,12.0,0.148,20.0,11666.0,973.0
2021-01-05 09:40:10.680,0.148,0.1489,13.0,0.148,20.0,11666.0,973.0
2021-01-05 09:40:11.170,0.148,0.1487,12.0,0.148,20.0,11666.0,973.0
2021-01-05 09:40:11.671,0.148,0.1487,12.0,0.148,20.0,11666.0,973.0
2021-01-05 09:40:12.190,0.148,0.1488,12.0,0.148,20.0,11666.0,973.0
2021-01-05 09:40:12.680,0.148,0.1488,12.0,0.148,20.0,11666.0,973.0
2021-01-05 09:40:13.170,0.148,0.1492,12.0,0.148,20.0,11666.0,973.0
2021-01-05 09:40:13.431,0.148,0.1489,10.0,0.148,30.0,11666.0,973.0
2021-01-05 09:40:14.150,0.148,0.1489,10.0,0.148,30.0,11666.0,973.0
2021-01-05 09:40:14.701,0.148,0.1489,10.0,0.1481,13.0,11666.0,973.0
2021-01-05 09:40:15.120,0.148,0.1489,10.0,0.1481,13.0,11666.0,973.0
2021-01-05 09:40:15.690,0.148,0.149,22.0,0.1482,10.0,11666.0,973.0
2021-01-05 09:40:16.140,0.148,0.149,22.0,0.1482,10.0,11666.0,973.0
2021-01-05 09:40:16.140,0.148,0.1488,12.0,0.1482,10.0,11666.0,973.0
2021-01-05 09:40:17.191,0.148,0.1489,12.0,0.1482,10.0,11666.0,973.0
2021-01-05 09:40:18.161,0.148,0.1488,10.0,0.1482,10.0,11666.0,973.0
2021-01-05 09:40:18.701,0.148,0.1489,22.0,0.1482,10.0,11666.0,973.0
2021-01-05 09:40:19.711,0.148,0.1487,12.0,0.1482,10.0,11666.0,973.0
2021-01-05 09:40:20.191,0.1488,0.1494,21.0,0.1492,10.0,11676.0,983.0
2021-01-05 09:40:20.691,0.1492,0.1491,12.0,0.1482,10.0,11686.0,993.0
2021-01-05 09:40:21.021,0.1492,0.1489,12.0,0.1477,10.0,11686.0,993.0
2021-01-05 09:40:21.701,0.1492,0.1488,13.0,0.1476,10.0,11686.0,993.0
2021-01-05 09:40:22.210,0.1492,0.1486,12.0,0.1477,10.0,11686.0,993.0
2021-01-05 09:40:22.591,0.1492,0.1486,12.0,0.1476,23.0,11686.0,993.0
2021-01-05 09:40:23.150,0.1492,0.1485,13.0,0.1476,10.0,11686.0,993.0
2021-01-05 09:40:23.701,0.1492,0.1483,12.0,0.1476,10.0,11686.0,993.0
2021-01-05 09:40:24.160,0.1492,0.1483,12.0,0.1476,10.0,11686.0,993.0
2021-01-05 09:40:24.681,0.1492,0.1485,12.0,0.1474,10.0,11686.0,993.0
2021-01-05 09:40:25.121,0.1492,0.1485,12.0,0.1475,23.0,11686.0,993.0
2021-01-05 09:40:25.570,0.1492,0.1485,25.0,0.1475,13.0,11686.0,993.0
2021-01-05 09:40:26.181,0.1492,0.1483,12.0,0.1475,13.0,11686.0,993.0
2021-01-05 09:40:26.650,0.1492,0.1482,12.0,0.1475,13.0,11686.0,993.0
2021-01-05 09:40:27.140,0.1492,0.1482,10.0,0.1473,30.0,11686.0,993.0
2021-01-05 09:40:27.701,0.1492,0.148,12.0,0.1474,13.0,11686.0,993.0
2021-01-05 09:40:28.110,0.1492,0.148,12.0,0.1473,10.0,11686.0,993.0
2021-01-05 09:40:28.690,0.1492,0.148,12.0,0.1474,13.0,11686.0,993.0
2021-01-05 09:40:29.170,0.1492,0.148,12.0,0.1474,13.0,11686.0,993.0
2021-01-05 09:40:30.160,0.1492,0.148,12.0,0.1474,13.0,11686.0,993.0
2021-01-05 09:40:32.140,0.148,0.148,2.0,0.1472,10.0,11716.0,1023.0
2021-01-05 09:40:32.611,0.1484,0.1489,10.0,0.1475,10.0,11736.0,1043.0
2021-01-05 09:40:33.191,0.1488,0.1491,20.0,0.149,7.0,11759.0,1066.0
2021-01-05 09:40:33.681,0.149,0.1491,32.0,0.149,6.0,11773.0,1087.0
2021-01-05 09:40:34.171,0.149,0.1491,45.0,0.149,19.0,11783.0,1104.0
2021-01-05 09:40:34.601,0.149,0.1491,45.0,0.149,29.0,11793.0,1114.0
2021-01-05 09:40:35.201,0.149,0.1491,45.0,0.149,49.0,11803.0,1124.0
2021-01-05 09:40:35.681,0.149,0.1491,45.0,0.149,39.0,11833.0,1154.0
2021-01-05 09:40:36.161,0.149,0.1491,45.0,0.149,29.0,11843.0,1164.0
2021-01-05 09:40:36.620,0.149,0.149,30.0,0.1481,10.0,11853.0,1193.0
2021-01-05 09:40:37.201,0.149,0.149,30.0,0.148,10.0,11853.0,1193.0
2021-01-05 09:40:37.510,0.149,0.1489,25.0,0.1479,10.0,11853.0,1193.0
2021-01-05 09:40:38.130,0.149,0.1489,25.0,0.1481,10.0,11853.0,1193.0
2021-01-05 09:40:38.651,0.149,0.149,40.0,0.1481,10.0,11853.0,1193.0
2021-01-05 09:40:39.681,0.149,0.149,26.0,0.1482,10.0,11853.0,1197.0
2021-01-05 09:40:40.151,0.149,0.149,39.0,0.1483,10.0,11853.0,1197.0
2021-01-05 09:40:40.670,0.149,0.149,26.0,0.1483,10.0,11853.0,1197.0
2021-01-05 09:40:41.191,0.149,0.149,26.0,0.1484,10.0,11853.0,1197.0
2021-01-05 09:40:41.640,0.149,0.1492,12.0,0.1486,10.0,11853.0,1197.0
2021-01-05 09:40:42.201,0.149,0.1491,13.0,0.1486,10.0,11853.0,1197.0
2021-01-05 09:40:43.191,0.149,0.1492,12.0,0.1486,10.0,11853.0,1197.0
2021-01-05 09:40:44.620,0.149,0.1492,22.0,0.1486,10.0,11853.0,1197.0
2021-01-05 09:40:45.131,0.149,0.1492,35.0,0.1486,10.0,11853.0,1197.0
2021-01-05 09:40:46.161,0.149,0.1492,23.0,0.1486,10.0,11853.0,1197.0
2021-01-05 09:40:48.700,0.149,0.1492,13.0,0.1486,20.0,11853.0,1197.0
2021-01-05 09:40:49.111,0.149,0.1494,43.0,0.1485,10.0,11853.0,1197.0
2021-01-05 09:40:49.640,0.149,0.1493,13.0,0.1485,10.0,11853.0,1197.0
2021-01-05 09:40:50.181,0.149,0.1493,13.0,0.1486,10.0,11853.0,1197.0
2021-01-05 09:40:50.671,0.149,0.1493,13.0,0.1485,10.0,11853.0,1197.0
2021-01-05 09:40:51.601,0.149,0.1493,13.0,0.1486,10.0,11853.0,1197.0
2021-01-05 09:40:52.081,0.149,0.1493,13.0,0.149,30.0,11853.0,1197.0
2021-01-05 09:40:52.650,0.149,0.1493,13.0,0.149,50.0,11853.0,1197.0
2021-01-05 09:40:53.140,0.149,0.1493,13.0,0.149,80.0,11853.0,1197.0
2021-01-05 09:40:53.651,0.149,0.1493,13.0,0.149,100.0,11853.0,1197.0
2021-01-05 09:40:54.141,0.149,0.1493,13.0,0.149,130.0,11853.0,1197.0
2021-01-05 09:40:54.661,0.149,0.1493,13.0,0.149,150.0,11853.0,1197.0
2021-01-05 09:40:55.111,0.149,0.1493,23.0,0.149,180.0,11853.0,1197.0
2021-01-05 09:40:55.240,0.149,0.1491,12.0,0.149,200.0,11853.0,1197.0
2021-01-05 09:40:56.121,0.149,0.1493,10.0,0.149,200.0,11853.0,1197.0
2021-01-05 09:40:56.711,0.149,0.1491,10.0,0.149,200.0,11853.0,1197.0
2021-01-05 09:40:57.701,0.149,0.1493,10.0,0.149,199.0,11854.0,1198.0
2021-01-05 09:40:58.200,0.149,0.1492,13.0,0.149,199.0,11854.0,1198.0
2021-01-05 09:40:58.721,0.149,0.1492,13.0,0.149,199.0,11854.0,1198.0
2021-01-05 09:40:58.980,0.149,0.1492,23.0,0.149,199.0,11854.0,1198.0
2021-01-05 09:40:59.721,0.149,0.1492,13.0,0.149,199.0,11854.0,1198.0
2021-01-05 09:41:00.150,0.149,0.1493,10.0,0.149,199.0,11854.0,1198.0
2021-01-05 09:41:00.571,0.149,0.1493,23.0,0.149,199.0,11854.0,1198.0
2021-01-05 09:41:01.160,0.149,0.1491,10.0,0.149,199.0,11854.0,1198.0
2021-01-05 09:41:01.650,0.149,0.1494,11.0,0.149,199.0,11854.0,1198.0
2021-01-05 09:41:03.110,0.149,0.1493,10.0,0.149,199.0,11854.0,1198.0
2021-01-05 09:41:03.721,0.149,0.1493,23.0,0.149,199.0,11854.0,1198.0
2021-01-05 09:41:04.180,0.149,0.1494,13.0,0.149,199.0,11854.0,1198.0
2021-01-05 09:41:04.680,0.149,0.1492,10.0,0.149,199.0,11854.0,1198.0
2021-01-05 09:41:05.220,0.149,0.1493,10.0,0.149,199.0,11854.0,1198.0
2021-01-05 09:41:05.660,0.149,0.1493,10.0,0.149,199.0,11854.0,1198.0
2021-01-05 09:41:06.620,0.149,0.1492,1.0,0.149,199.0,11854.0,1198.0
2021-01-05 09:41:07.100,0.149,0.1492,13.0,0.149,199.0,11854.0,1198.0
2021-01-05 09:41:07.611,0.149,0.1492,26.0,0.149,179.0,11874.0,1218.0
2021-01-05 09:41:08.201,0.149,0.1492,1.0,0.149,167.0,11886.0,1230.0
2021-01-05 09:41:08.701,0.149,0.1491,13.0,0.149,167.0,11886.0,1230.0
2021-01-05 09:41:09.210,0.149,0.1491,13.0,0.149,167.0,11886.0,1230.0
2021-01-05 09:41:09.650,0.149,0.1491,13.0,0.149,167.0,11886.0,1230.0
2021-01-05 09:41:10.220,0.149,0.1491,13.0,0.149,167.0,11886.0,1230.0
2021-01-05 09:41:10.710,0.149,0.1491,13.0,0.149,167.0,11886.0,1230.0
2021-01-05 09:41:11.210,0.149,0.1491,25.0,0.149,157.0,11896.0,1240.0
2021-01-05 09:41:11.711,0.149,0.1491,35.0,0.149,157.0,11896.0,1240.0
2021-01-05 09:41:12.151,0.149,0.1491,35.0,0.149,157.0,11896.0,1240.0
2021-01-05 09:41:12.710,0.149,0.1491,35.0,0.149,157.0,11896.0,1240.0
2021-01-05 09:41:13.161,0.149,0.1491,23.0,0.149,157.0,11896.0,1240.0
2021-01-05 09:41:13.701,0.149,0.1491,10.0,0.149,157.0,11896.0,1240.0
2021-01-05 09:41:14.160,0.149,0.1491,23.0,0.149,157.0,11896.0,1240.0
2021-01-05 09:41:14.671,0.149,0.1491,10.0,0.149,157.0,11896.0,1240.0
2021-01-05 09:41:15.180,0.149,0.1492,1.0,0.149,157.0,11896.0,1240.0
2021-01-05 09:41:15.601,0.149,0.1492,14.0,0.149,157.0,11896.0,1240.0
2021-01-05 09:41:17.180,0.149,0.1491,12.0,0.149,157.0,11896.0,1240.0
2021-01-05 09:41:17.670,0.149,0.1491,12.0,0.149,157.0,11896.0,1240.0
2021-01-05 09:41:18.200,0.149,0.1492,1.0,0.149,157.0,11896.0,1240.0
2021-01-05 09:41:18.600,0.149,0.1492,1.0,0.149,147.0,11906.0,1250.0
2021-01-05 09:41:19.161,0.149,0.1491,35.0,0.149,147.0,11906.0,1250.0
2021-01-05 09:41:19.601,0.149,0.1491,25.0,0.149,147.0,11906.0,1250.0
2021-01-05 09:41:20.721,0.149,0.1491,22.0,0.149,147.0,11906.0,1250.0
2021-01-05 09:41:21.190,0.149,0.1491,12.0,0.149,147.0,11906.0,1250.0
2021-01-05 09:41:22.700,0.149,0.1491,12.0,0.149,147.0,11906.0,1250.0
2021-01-05 09:41:23.061,0.149,0.1491,25.0,0.149,147.0,11906.0,1250.0
2021-01-05 09:41:23.610,0.149,0.1491,25.0,0.149,142.0,11911.0,1255.0
2021-01-05 09:41:24.171,0.149,0.1491,12.0,0.149,142.0,11911.0,1255.0
2021-01-05 09:41:25.120,0.149,0.1491,12.0,0.149,142.0,11911.0,1255.0
2021-01-05 09:41:25.641,0.149,0.1491,25.0,0.149,142.0,11911.0,1255.0
2021-01-05 09:41:26.670,0.149,0.1491,25.0,0.149,137.0,11916.0,1260.0
2021-01-05 09:41:27.131,0.149,0.1491,25.0,0.149,127.0,11926.0,1270.0
2021-01-05 09:41:27.710,0.149,0.1491,13.0,0.149,80.0,11973.0,1317.0
2021-01-05 09:41:28.171,0.149,0.1491,13.0,0.149,65.0,11988.0,1332.0
2021-01-05 09:41:28.540,0.149,0.1491,13.0,0.149,50.0,12003.0,1347.0
2021-01-05 09:41:29.070,0.149,0.1491,13.0,0.1481,10.0,12003.0,1397.0
2021-01-05 09:41:29.690,0.149,0.149,50.0,0.1482,10.0,12003.0,1397.0
2021-01-05 09:41:30.180,0.149,0.1489,13.0,0.1482,10.0,12003.0,1397.0
2021-01-05 09:41:30.670,0.149,0.1489,13.0,0.1481,10.0,12003.0,1397.0
2021-01-05 09:41:31.181,0.149,0.1489,13.0,0.1482,10.0,12003.0,1397.0
2021-01-05 09:41:31.700,0.149,0.1489,13.0,0.1482,10.0,12003.0,1397.0
2021-01-05 09:41:32.670,0.149,0.149,50.0,0.1482,10.0,12003.0,1397.0
2021-01-05 09:41:33.000,0.149,0.1489,13.0,0.1482,10.0,12003.0,1397.0
2021-01-05 09:41:33.680,0.149,0.1491,2.0,0.1482,10.0,12003.0,1397.0
2021-01-05 09:41:34.120,0.149,0.149,13.0,0.1482,23.0,12003.0,1397.0
2021-01-05 09:41:35.221,0.149,0.149,13.0,0.1482,10.0,12003.0,1397.0
2021-01-05 09:41:35.721,0.149,0.149,13.0,0.1482,10.0,12003.0,1397.0
2021-01-05 09:41:36.070,0.149,0.149,13.0,0.1482,10.0,12003.0,1397.0
2021-01-05 09:41:36.720,0.149,0.1488,12.0,0.1481,10.0,12003.0,1397.0
2021-01-05 09:41:37.210,0.149,0.1488,22.0,0.1476,12.0,12003.0,1397.0
2021-01-05 09:41:37.711,0.149,0.1481,10.0,0.1476,13.0,12003.0,1397.0
2021-01-05 09:41:38.220,0.149,0.1481,20.0,0.1476,10.0,12003.0,1397.0
2021-01-05 09:41:38.650,0.1481,0.1481,19.0,0.1477,12.0,12002.0,1398.0
2021-01-05 09:41:40.231,0.1481,0.1481,18.0,0.1477,12.0,12001.0,1399.0
2021-01-05 09:41:41.130,0.1481,0.1481,18.0,0.1478,22.0,12001.0,1399.0
2021-01-05 09:41:41.730,0.1481,0.1481,10.0,0.1479,12.0,12001.0,1399.0
2021-01-05 09:41:42.201,0.1481,0.1481,10.0,0.1479,12.0,12001.0,1399.0
2021-01-05 09:41:42.600,0.1481,0.1489,10.0,0.1479,22.0,12000.0,1400.0
2021-01-05 09:41:43.080,0.1481,0.1488,13.0,0.148,12.0,12000.0,1400.0
2021-01-05 09:41:44.671,0.1488,0.1488,3.0,0.148,22.0,12010.0,1410.0
2021-01-05 09:41:45.190,0.1488,0.1491,26.0,0.148,12.0,12030.0,1430.0
2021-01-05 09:41:45.660,0.1488,0.1491,26.0,0.149,30.0,12030.0,1430.0
2021-01-05 09:41:46.241,0.149,0.1491,26.0,0.149,10.0,12070.0,1470.0
2021-01-05 09:41:46.661,0.149,0.1491,26.0,0.149,20.0,12080.0,1490.0
2021-01-05 09:41:47.201,0.149,0.1491,26.0,0.149,18.0,12102.0,1512.0
2021-01-05 09:41:47.741,0.149,0.1491,26.0,0.149,38.0,12112.0,1522.0
2021-01-05 09:41:48.081,0.149,0.1491,16.0,0.149,26.0,12144.0,1554.0
2021-01-05 09:41:48.740,0.149,0.149,9.0,0.148,12.0,12160.0,1600.0
2021-01-05 09:41:49.191,0.149,0.149,22.0,0.1481,23.0,12160.0,1600.0
2021-01-05 09:41:49.620,0.149,0.149,9.0,0.1479,12.0,12160.0,1600.0
2021-01-05 09:41:50.231,0.149,0.1489,13.0,0.1479,25.0,12160.0,1600.0
2021-01-05 09:41:51.251,0.149,0.1489,23.0,0.1481,12.0,12160.0,1600.0
2021-01-05 09:41:51.760,0.149,0.1489,23.0,0.1481,12.0,12160.0,1600.0
2021-01-05 09:41:52.261,0.149,0.1489,23.0,0.1478,10.0,12160.0,1600.0
2021-01-05 09:41:52.321,0.149,0.1489,23.0,0.148,12.0,12160.0,1600.0
2021-01-05 09:41:53.151,0.149,0.1489,23.0,0.148,12.0,12160.0,1600.0
2021-01-05 09:41:53.681,0.149,0.1489,23.0,0.1479,12.0,12160.0,1600.0
2021-01-05 09:41:53.950,0.149,0.1489,23.0,0.1479,12.0,12160.0,1600.0
2021-01-05 09:41:55.101,0.149,0.1487,10.0,0.1478,12.0,12160.0,1600.0
2021-01-05 09:41:55.671,0.149,0.1487,10.0,0.1478,12.0,12160.0,1600.0
2021-01-05 09:41:55.911,0.149,0.1487,20.0,0.1479,13.0,12160.0,1600.0
2021-01-05 09:41:56.680,0.149,0.1486,10.0,0.148,12.0,12160.0,1600.0
2021-01-05 09:41:57.110,0.149,0.1486,33.0,0.1477,22.0,12160.0,1600.0
2021-01-05 09:41:57.640,0.149,0.1486,10.0,0.1477,22.0,12160.0,1600.0
2021-01-05 09:41:58.140,0.149,0.1486,10.0,0.1478,13.0,12160.0,1600.0
2021-01-05 09:41:58.630,0.149,0.1485,10.0,0.1478,13.0,12160.0,1600.0
2021-01-05 09:41:59.131,0.149,0.1486,20.0,0.1478,13.0,12160.0,1600.0
2021-01-05 09:41:59.700,0.149,0.1486,20.0,0.1477,12.0,12160.0,1600.0
2021-01-05 09:42:00.151,0.149,0.1485,13.0,0.1477,12.0,12160.0,1600.0
2021-01-05 09:42:00.701,0.149,0.1484,10.0,0.1477,12.0,12160.0,1600.0
2021-01-05 09:42:01.181,0.149,0.1484,10.0,0.1477,12.0,12160.0,1600.0
2021-01-05 09:42:01.651,0.149,0.1484,13.0,0.1477,12.0,12160.0,1600.0
2021-01-05 09:42:02.201,0.149,0.1484,13.0,0.1476,12.0,12160.0,1600.0
2021-01-05 09:42:02.710,0.149,0.1484,13.0,0.1477,12.0,12160.0,1600.0
2021-01-05 09:42:03.161,0.149,0.1484,13.0,0.1476,22.0,12160.0,1600.0
2021-01-05 09:42:03.690,0.149,0.1484,23.0,0.1477,12.0,12160.0,1600.0
2021-01-05 09:42:04.110,0.149,0.1484,23.0,0.1477,12.0,12160.0,1600.0
2021-01-05 09:42:04.641,0.149,0.1484,13.0,0.1477,12.0,12160.0,1600.0
2021-01-05 09:42:05.211,0.149,0.1484,23.0,0.1477,12.0,12160.0,1600.0
2021-01-05 09:42:05.711,0.149,0.1484,10.0,0.1477,12.0,12160.0,1600.0
2021-01-05 09:42:06.181,0.149,0.1483,13.0,0.1477,12.0,12160.0,1600.0
2021-01-05 09:42:06.690,0.149,0.1484,10.0,0.1476,12.0,12160.0,1600.0
2021-01-05 09:42:07.230,0.149,0.1484,10.0,0.1477,12.0,12160.0,1600.0
2021-01-05 09:42:07.691,0.149,0.1483,13.0,0.1476,12.0,12160.0,1600.0
2021-01-05 09:42:08.220,0.149,0.1484,10.0,0.1476,12.0,12160.0,1600.0
2021-01-05 09:42:09.230,0.149,0.1483,13.0,0.1477,12.0,12160.0,1600.0
2021-01-05 09:42:09.570,0.149,0.1483,14.0,0.1475,12.0,12160.0,1600.0
2021-01-05 09:42:10.200,0.149,0.1482,20.0,0.1475,12.0,12160.0,1600.0
2021-01-05 09:42:10.681,0.149,0.1482,20.0,0.1475,12.0,12160.0,1600.0
2021-01-05 09:42:11.211,0.149,0.1481,13.0,0.1474,12.0,12160.0,1600.0
2021-01-05 09:42:11.691,0.149,0.148,10.0,0.1474,12.0,12160.0,1600.0
2021-01-05 09:42:12.210,0.149,0.1481,10.0,0.1474,12.0,12160.0,1600.0
2021-01-05 09:42:12.721,0.149,0.148,13.0,0.1473,12.0,12160.0,1600.0
2021-01-05 09:42:13.211,0.149,0.1481,10.0,0.1473,12.0,12160.0,1600.0
2021-01-05 09:42:13.731,0.149,0.1481,10.0,0.1474,12.0,12160.0,1600.0
2021-01-05 09:42:14.150,0.149,0.1481,10.0,0.1475,12.0,12160.0,1600.0
2021-01-05 09:42:14.671,0.149,0.1481,10.0,0.1475,12.0,12160.0,1600.0
2021-01-05 09:42:15.151,0.149,0.1482,10.0,0.1475,12.0,12160.0,1600.0
2021-01-05 09:42:15.650,0.149,0.1482,23.0,0.1475,12.0,12160.0,1600.0
2021-01-05 09:42:16.181,0.149,0.1482,23.0,0.1475,12.0,12160.0,1600.0
2021-01-05 09:42:16.181,0.149,0.1482,10.0,0.1475,12.0,12160.0,1600.0
2021-01-05 09:42:17.241,0.149,0.1482,23.0,0.1475,12.0,12160.0,1600.0
2021-01-05 09:42:18.100,0.149,0.1483,11.0,0.1475,12.0,12160.0,1600.0
2021-01-05 09:42:18.701,0.149,0.1483,1.0,0.1476,12.0,12160.0,1600.0
2021-01-05 09:42:19.210,0.149,0.1483,1.0,0.1477,12.0,12160.0,1600.0
2021-01-05 09:42:19.210,0.149,0.1483,1.0,0.1477,12.0,12160.0,1600.0
2021-01-05 09:42:21.621,0.149,0.1483,1.0,0.1477,12.0,12160.0,1600.0
2021-01-05 09:42:22.221,0.149,0.1482,10.0,0.1473,10.0,12160.0,1600.0
2021-01-05 09:42:22.570,0.149,0.1482,10.0,0.1475,12.0,12160.0,1600.0
2021-01-05 09:42:23.170,0.149,0.1482,10.0,0.1476,12.0,12160.0,1600.0
2021-01-05 09:42:23.631,0.149,0.1482,10.0,0.1473,10.0,12160.0,1600.0
2021-01-05 09:42:24.151,0.149,0.1482,20.0,0.1474,25.0,12160.0,1600.0
2021-01-05 09:42:24.670,0.149,0.1482,20.0,0.1474,12.0,12160.0,1600.0
2021-01-05 09:42:25.200,0.149,0.1482,33.0,0.1474,12.0,12160.0,1600.0
2021-01-05 09:42:25.511,0.149,0.1482,20.0,0.1474,12.0,12160.0,1600.0
2021-01-05 09:42:25.940,0.149,0.1482,20.0,0.1474,12.0,12160.0,1600.0
2021-01-05 09:42:26.701,0.149,0.1482,10.0,0.1474,12.0,12160.0,1600.0
2021-01-05 09:42:27.171,0.149,0.1482,23.0,0.1474,12.0,12160.0,1600.0
2021-01-05 09:42:27.571,0.149,0.1482,23.0,0.1475,12.0,12160.0,1600.0
2021-01-05 09:42:28.641,0.149,0.1482,10.0,0.1475,12.0,12160.0,1600.0
2021-01-05 09:42:30.710,0.149,0.1483,1.0,0.1475,22.0,12160.0,1600.0
2021-01-05 09:42:31.200,0.149,0.1482,10.0,0.1476,12.0,12160.0,1600.0
2021-01-05 09:42:31.720,0.149,0.1482,10.0,0.1475,12.0,12160.0,1600.0
2021-01-05 09:42:32.721,0.149,0.1482,10.0,0.1475,12.0,12160.0,1600.0
2021-01-05 09:42:33.121,0.149,0.1482,20.0,0.1475,12.0,12160.0,1600.0
2021-01-05 09:42:34.210,0.149,0.1482,10.0,0.1475,12.0,12160.0,1600.0
2021-01-05 09:42:34.731,0.149,0.1482,10.0,0.1476,12.0,12160.0,1600.0
2021-01-05 09:42:35.701,0.149,0.1482,10.0,0.1475,12.0,12160.0,1600.0
2021-01-05 09:42:36.141,0.149,0.1482,23.0,0.1475,12.0,12160.0,1600.0
2021-01-05 09:42:36.650,0.149,0.1482,23.0,0.1475,12.0,12160.0,1600.0
2021-01-05 09:42:37.251,0.149,0.1482,20.0,0.1475,12.0,12160.0,1600.0
2021-01-05 09:42:37.751,0.149,0.1481,13.0,0.1475,12.0,12160.0,1600.0
2021-01-05 09:42:38.200,0.149,0.1482,20.0,0.1475,12.0,12160.0,1600.0
2021-01-05 09:42:38.661,0.149,0.1481,13.0,0.1475,12.0,12160.0,1600.0
2021-01-05 09:42:40.221,0.149,0.1481,13.0,0.1475,12.0,12160.0,1600.0
2021-01-05 09:42:40.721,0.149,0.1481,13.0,0.1474,12.0,12160.0,1600.0
2021-01-05 09:42:41.731,0.149,0.1481,23.0,0.1473,12.0,12160.0,1600.0
2021-01-05 09:42:42.250,0.149,0.1481,23.0,0.1473,12.0,12160.0,1600.0
2021-01-05 09:42:42.711,0.149,0.1481,13.0,0.1473,22.0,12160.0,1600.0
2021-01-05 09:42:43.251,0.149,0.1481,23.0,0.1473,12.0,12160.0,1600.0
2021-01-05 09:42:43.741,0.149,0.1481,13.0,0.1474,22.0,12160.0,1600.0
2021-01-05 09:42:44.211,0.149,0.1481,13.0,0.1474,12.0,12160.0,1600.0
2021-01-05 09:42:44.751,0.149,0.148,10.0,0.1471,22.0,12160.0,1600.0
2021-01-05 09:42:45.191,0.149,0.1481,10.0,0.148,20.0,12160.0,1600.0
2021-01-05 09:42:45.650,0.148,0.1481,23.0,0.148,35.0,12165.0,1605.0
2021-01-05 09:42:46.240,0.148,0.1481,23.0,0.148,55.0,12175.0,1615.0
2021-01-05 09:42:46.741,0.148,0.1481,23.0,0.148,70.0,12180.0,1620.0
2021-01-05 09:42:47.160,0.148,0.1481,23.0,0.148,95.0,12185.0,1625.0
2021-01-05 09:42:47.690,0.148,0.1481,23.0,0.148,110.0,12190.0,1630.0
2021-01-05 09:42:48.171,0.148,0.1481,23.0,0.148,140.0,12190.0,1630.0
2021-01-05 09:42:48.720,0.148,0.1482,10.0,0.148,160.0,12190.0,1630.0
2021-01-05 09:42:49.110,0.148,0.1482,23.0,0.148,170.0,12190.0,1630.0
2021-01-05 09:42:50.720,0.148,0.1481,10.0,0.148,170.0,12190.0,1630.0
2021-01-05 09:42:51.060,0.148,0.1482,10.0,0.148,170.0,12190.0,1630.0
2021-01-05 09:42:51.761,0.148,0.1482,10.0,0.148,169.0,12191.0,1631.0
2021-01-05 09:42:54.191,0.148,0.1482,10.0,0.148,169.0,12191.0,1631.0
2021-01-05 09:42:55.190,0.148,0.1483,11.0,0.148,169.0,12191.0,1631.0
2021-01-05 09:42:55.701,0.148,0.1482,10.0,0.148,169.0,12191.0,1631.0
2021-01-05 09:42:56.191,0.148,0.1482,10.0,0.148,169.0,12191.0,1631.0
2021-01-05 09:42:56.650,0.148,0.1482,10.0,0.148,169.0,12191.0,1631.0
2021-01-05 09:42:58.220,0.148,0.1482,10.0,0.148,149.0,12211.0,1651.0
2021-01-05 09:42:58.731,0.148,0.1483,11.0,0.148,149.0,12211.0,1651.0
2021-01-05 09:42:59.230,0.148,0.1483,1.0,0.148,149.0,12211.0,1651.0
2021-01-05 09:42:59.730,0.148,0.1482,10.0,0.148,149.0,12211.0,1651.0
2021-01-05 09:43:00.200,0.148,0.1483,11.0,0.148,149.0,12211.0,1651.0
2021-01-05 09:43:00.721,0.148,0.1483,24.0,0.148,149.0,12211.0,1651.0
2021-01-05 09:43:01.701,0.148,0.1483,24.0,0.148,149.0,12211.0,1651.0
2021-01-05 09:43:02.150,0.148,0.1483,11.0,0.148,149.0,12211.0,1651.0
2021-01-05 09:43:02.681,0.148,0.1482,13.0,0.148,149.0,12211.0,1651.0
2021-01-05 09:43:02.681,0.148,0.1483,11.0,0.148,149.0,12211.0,1651.0
2021-01-05 09:43:04.240,0.148,0.1482,13.0,0.148,149.0,12211.0,1651.0
2021-01-05 09:43:04.740,0.148,0.1483,11.0,0.148,149.0,12211.0,1651.0
2021-01-05 09:43:05.251,0.148,0.1483,11.0,0.148,149.0,12211.0,1651.0
2021-01-05 09:43:05.731,0.148,0.1483,11.0,0.148,149.0,12211.0,1651.0
2021-01-05 09:43:06.171,0.148,0.1483,1.0,0.148,149.0,12211.0,1651.0
2021-01-05 09:43:06.730,0.148,0.1483,11.0,0.148,149.0,12211.0,1651.0
2021-01-05 09:43:07.231,0.148,0.1483,1.0,0.148,149.0,12211.0,1651.0
2021-01-05 09:43:07.710,0.148,0.1483,11.0,0.148,149.0,12211.0,1651.0
2021-01-05 09:43:08.200,0.148,0.1483,1.0,0.148,149.0,12211.0,1651.0
2021-01-05 09:43:08.701,0.148,0.1483,1.0,0.148,149.0,12211.0,1651.0
2021-01-05 09:43:09.740,0.148,0.1483,1.0,0.148,149.0,12211.0,1651.0
2021-01-05 09:43:10.150,0.148,0.1483,11.0,0.148,149.0,12211.0,1651.0
2021-01-05 09:43:11.250,0.148,0.1483,11.0,0.148,149.0,12211.0,1651.0
2021-01-05 09:43:11.750,0.148,0.1483,11.0,0.148,149.0,12211.0,1651.0
2021-01-05 09:43:12.171,0.148,0.1483,1.0,0.148,149.0,12211.0,1651.0
2021-01-05 09:43:13.210,0.148,0.1483,1.0,0.148,149.0,12211.0,1651.0
2021-01-05 09:43:13.740,0.148,0.1483,1.0,0.148,149.0,12211.0,1651.0
2021-01-05 09:43:14.270,0.148,0.1483,1.0,0.148,149.0,12211.0,1651.0
2021-01-05 09:43:15.241,0.1483,0.1486,2.0,0.148,149.0,12211.0,1652.0
2021-01-05 09:43:15.460,0.1483,0.1486,2.0,0.148,159.0,12211.0,1652.0
2021-01-05 09:43:16.270,0.1483,0.1486,2.0,0.148,149.0,12211.0,1652.0
2021-01-05 09:43:16.720,0.1483,0.1486,12.0,0.148,149.0,12211.0,1652.0
2021-01-05 09:43:17.271,0.1483,0.1486,15.0,0.148,149.0,12211.0,1652.0
2021-01-05 09:43:17.771,0.1483,0.1485,10.0,0.148,149.0,12211.0,1652.0
2021-01-05 09:43:18.270,0.1483,0.1486,2.0,0.148,149.0,12211.0,1652.0
2021-01-05 09:43:19.761,0.1483,0.1486,2.0,0.148,149.0,12211.0,1652.0
2021-01-05 09:43:20.281,0.1483,0.1486,2.0,0.148,149.0,12211.0,1652.0
2021-01-05 09:43:20.731,0.1483,0.1486,15.0,0.148,149.0,12211.0,1652.0
2021-01-05 09:43:21.271,0.1483,0.1486,2.0,0.148,149.0,12211.0,1652.0
2021-01-05 09:43:21.701,0.1483,0.1485,13.0,0.148,149.0,12211.0,1652.0
2021-01-05 09:43:22.281,0.1483,0.1485,13.0,0.148,149.0,12211.0,1652.0
2021-01-05 09:43:22.671,0.1483,0.1485,13.0,0.148,149.0,12211.0,1652.0
2021-01-05 09:43:23.190,0.1483,0.1485,13.0,0.148,149.0,12211.0,1652.0
2021-01-05 09:43:23.651,0.1483,0.1485,13.0,0.148,149.0,12211.0,1652.0
2021-01-05 09:43:24.120,0.1483,0.1486,12.0,0.148,149.0,12211.0,1652.0
2021-01-05 09:43:24.631,0.1483,0.1485,13.0,0.148,149.0,12211.0,1652.0
2021-01-05 09:43:25.201,0.1483,0.1485,23.0,0.148,149.0,12211.0,1652.0
2021-01-05 09:43:25.701,0.1483,0.1485,23.0,0.148,149.0,12211.0,1652.0
2021-01-05 09:43:26.621,0.1483,0.1485,13.0,0.148,149.0,12211.0,1652.0
2021-01-05 09:43:27.190,0.1483,0.1484,10.0,0.148,149.0,12211.0,1652.0
2021-01-05 09:43:27.591,0.1483,0.1485,10.0,0.148,149.0,12211.0,1652.0
2021-01-05 09:43:28.700,0.1483,0.1485,10.0,0.148,149.0,12211.0,1652.0
2021-01-05 09:43:29.080,0.1483,0.1484,13.0,0.148,149.0,12211.0,1652.0
2021-01-05 09:43:31.111,0.1483,0.1484,13.0,0.148,149.0,12211.0,1652.0
2021-01-05 09:43:31.720,0.1483,0.1483,10.0,0.148,149.0,12211.0,1652.0
2021-01-05 09:43:32.181,0.1483,0.1483,10.0,0.148,149.0,12211.0,1652.0
2021-01-05 09:43:32.680,0.1483,0.1484,10.0,0.148,149.0,12211.0,1652.0
2021-01-05 09:43:33.141,0.1483,0.1484,10.0,0.148,149.0,12211.0,1652.0
2021-01-05 09:43:33.600,0.1483,0.1484,23.0,0.148,149.0,12211.0,1652.0
2021-01-05 09:43:34.691,0.1483,0.1484,23.0,0.148,149.0,12211.0,1652.0
2021-01-05 09:43:35.160,0.1483,0.1484,23.0,0.148,149.0,12211.0,1652.0
2021-01-05 09:43:35.681,0.1483,0.1484,23.0,0.148,149.0,12211.0,1652.0
2021-01-05 09:43:36.661,0.1483,0.1484,23.0,0.148,149.0,12211.0,1652.0
2021-01-05 09:43:37.181,0.1483,0.1484,23.0,0.148,149.0,12211.0,1652.0
2021-01-05 09:43:37.631,0.1483,0.1484,23.0,0.148,149.0,12211.0,1652.0
2021-01-05 09:43:38.221,0.1483,0.1484,23.0,0.148,149.0,12211.0,1652.0
2021-01-05 09:43:39.241,0.1483,0.1484,10.0,0.148,149.0,12211.0,1652.0
2021-01-05 09:43:39.700,0.1483,0.1483,13.0,0.148,149.0,12211.0,1652.0
2021-01-05 09:43:40.731,0.1483,0.1484,10.0,0.148,149.0,12211.0,1652.0
2021-01-05 09:43:42.741,0.1483,0.1484,10.0,0.148,149.0,12211.0,1652.0
2021-01-05 09:43:43.231,0.1483,0.1485,10.0,0.148,149.0,12211.0,1652.0
2021-01-05 09:43:43.371,0.1483,0.1483,10.0,0.148,149.0,12211.0,1652.0
2021-01-05 09:43:43.990,0.1483,0.1483,10.0,0.148,149.0,12211.0,1652.0
2021-01-05 09:43:44.670,0.1483,0.1484,10.0,0.148,149.0,12211.0,1652.0
2021-01-05 09:43:45.221,0.1483,0.1484,10.0,0.148,149.0,12211.0,1652.0
2021-01-05 09:43:46.151,0.1483,0.1484,10.0,0.148,149.0,12211.0,1652.0
2021-01-05 09:43:46.750,0.1483,0.1484,23.0,0.148,149.0,12211.0,1652.0
2021-01-05 09:43:47.250,0.1483,0.1484,23.0,0.148,149.0,12211.0,1652.0
2021-01-05 09:43:47.661,0.1483,0.1484,23.0,0.148,149.0,12211.0,1652.0
2021-01-05 09:43:48.220,0.1483,0.1484,23.0,0.148,149.0,12211.0,1652.0
2021-01-05 09:43:48.641,0.1483,0.1484,10.0,0.148,149.0,12211.0,1652.0
2021-01-05 09:43:49.601,0.1483,0.1484,10.0,0.148,149.0,12211.0,1652.0
2021-01-05 09:43:50.721,0.1484,0.1484,10.0,0.148,149.0,12211.0,1653.0
2021-01-05 09:43:51.660,0.1484,0.1484,10.0,0.148,149.0,12211.0,1653.0
2021-01-05 09:43:53.201,0.1484,0.1484,10.0,0.148,149.0,12211.0,1653.0
2021-01-05 09:43:53.610,0.1484,0.1484,23.0,0.148,149.0,12211.0,1653.0
2021-01-05 09:43:55.660,0.1484,0.1484,23.0,0.148,149.0,12211.0,1653.0
2021-01-05 09:43:56.200,0.1484,0.1484,10.0,0.148,149.0,12211.0,1653.0
2021-01-05 09:43:56.721,0.1484,0.1484,23.0,0.148,149.0,12211.0,1653.0
2021-01-05 09:43:57.230,0.1484,0.1484,10.0,0.148,149.0,12211.0,1653.0
2021-01-05 09:43:57.650,0.1484,0.1484,10.0,0.148,149.0,12211.0,1653.0
2021-01-05 09:43:58.140,0.1484,0.1484,10.0,0.148,149.0,12211.0,1653.0
2021-01-05 09:43:59.170,0.1484,0.1484,10.0,0.148,149.0,12211.0,1653.0
2021-01-05 09:44:00.131,0.1484,0.1484,10.0,0.148,149.0,12211.0,1653.0
2021-01-05 09:44:00.701,0.1484,0.1484,23.0,0.148,149.0,12211.0,1653.0
2021-01-05 09:44:01.160,0.1484,0.1484,33.0,0.148,149.0,12211.0,1653.0
2021-01-05 09:44:02.711,0.1484,0.1484,20.0,0.148,149.0,12211.0,1653.0
2021-01-05 09:44:03.241,0.1484,0.1484,33.0,0.148,149.0,12211.0,1653.0
2021-01-05 09:44:03.291,0.1484,0.1484,10.0,0.148,149.0,12211.0,1653.0
2021-01-05 09:44:04.230,0.1484,0.1484,9.0,0.148,149.0,12211.0,1654.0
2021-01-05 09:44:04.751,0.1484,0.1484,8.0,0.148,149.0,12211.0,1655.0
2021-01-05 09:44:05.231,0.1484,0.1484,8.0,0.148,149.0,12211.0,1655.0
2021-01-05 09:44:05.761,0.1484,0.1484,10.0,0.148,149.0,12211.0,1655.0
2021-01-05 09:44:06.261,0.1484,0.1484,10.0,0.148,149.0,12211.0,1655.0
2021-01-05 09:44:06.770,0.1484,0.1484,10.0,0.148,149.0,12211.0,1655.0
2021-01-05 09:44:07.281,0.1484,0.1484,10.0,0.148,149.0,12211.0,1655.0
2021-01-05 09:44:07.750,0.1484,0.1484,10.0,0.148,149.0,12211.0,1655.0
2021-01-05 09:44:08.261,0.1484,0.1484,10.0,0.148,149.0,12211.0,1655.0
2021-01-05 09:44:11.271,0.1484,0.1484,10.0,0.148,149.0,12211.0,1655.0
2021-01-05 09:44:11.770,0.1484,0.1484,23.0,0.148,149.0,12211.0,1655.0
2021-01-05 09:44:12.270,0.1484,0.1484,10.0,0.148,149.0,12211.0,1655.0
2021-01-05 09:44:12.781,0.1484,0.1481,4.0,0.148,149.0,12211.0,1655.0
2021-01-05 09:44:13.230,0.1481,0.1481,3.0,0.148,149.0,12211.0,1656.0
2021-01-05 09:44:14.781,0.1481,0.1481,3.0,0.148,149.0,12211.0,1656.0
2021-01-05 09:44:15.280,0.1481,0.1481,3.0,0.148,149.0,12211.0,1656.0
2021-01-05 09:44:15.780,0.1481,0.1481,3.0,0.148,149.0,12211.0,1656.0
2021-01-05 09:44:16.281,0.1481,0.1481,3.0,0.148,149.0,12211.0,1656.0
2021-01-05 09:44:17.280,0.1481,0.1481,3.0,0.148,149.0,12211.0,1656.0
2021-01-05 09:44:17.770,0.1481,0.1481,3.0,0.148,149.0,12211.0,1656.0
2021-01-05 09:44:18.231,0.1481,0.1481,3.0,0.148,149.0,12211.0,1656.0
2021-01-05 09:44:18.780,0.1481,0.1481,3.0,0.148,149.0,12211.0,1656.0
2021-01-05 09:44:19.261,0.148,0.1481,3.0,0.148,139.0,12221.0,1666.0
2021-01-05 09:44:19.801,0.148,0.1481,3.0,0.148,119.0,12241.0,1686.0
2021-01-05 09:44:20.271,0.148,0.1481,3.0,0.148,109.0,12251.0,1696.0
2021-01-05 09:44:20.801,0.1485,0.1486,2.0,0.1485,5.0,12276.0,1721.0
2021-01-05 09:44:21.270,0.148,0.1486,25.0,0.148,99.0,12291.0,1736.0
2021-01-05 09:44:21.760,0.148,0.1486,24.0,0.148,99.0,12291.0,1736.0
2021-01-05 09:44:22.131,0.148,0.1481,10.0,0.148,99.0,12291.0,1736.0
2021-01-05 09:44:22.661,0.148,0.1481,10.0,0.148,99.0,12291.0,1736.0
2021-01-05 09:44:23.130,0.148,0.1481,10.0,0.148,99.0,12291.0,1736.0
2021-01-05 09:44:25.660,0.148,0.1483,10.0,0.148,99.0,12291.0,1736.0
2021-01-05 09:44:26.201,0.148,0.1482,10.0,0.148,99.0,12291.0,1736.0
2021-01-05 09:44:26.701,0.148,0.1484,10.0,0.148,99.0,12291.0,1736.0
2021-01-05 09:44:27.201,0.148,0.1483,23.0,0.148,99.0,12291.0,1736.0
2021-01-05 09:44:28.680,0.148,0.1483,23.0,0.148,99.0,12291.0,1736.0
2021-01-05 09:44:29.200,0.148,0.1483,10.0,0.148,99.0,12291.0,1736.0
2021-01-05 09:44:29.640,0.148,0.1484,10.0,0.148,99.0,12291.0,1736.0
2021-01-05 09:44:30.201,0.148,0.1484,23.0,0.148,99.0,12291.0,1736.0
2021-01-05 09:44:30.720,0.148,0.1483,10.0,0.148,99.0,12291.0,1736.0
2021-01-05 09:44:31.231,0.148,0.1483,10.0,0.148,99.0,12291.0,1736.0
2021-01-05 09:44:32.220,0.148,0.1484,10.0,0.148,99.0,12291.0,1736.0
2021-01-05 09:44:33.240,0.148,0.1484,10.0,0.148,99.0,12291.0,1736.0
2021-01-05 09:44:33.730,0.148,0.1485,20.0,0.148,99.0,12291.0,1736.0
2021-01-05 09:44:34.141,0.148,0.1484,13.0,0.148,99.0,12291.0,1736.0
2021-01-05 09:44:35.740,0.148,0.1484,23.0,0.148,99.0,12291.0,1736.0
2021-01-05 09:44:36.220,0.148,0.1484,23.0,0.148,99.0,12291.0,1736.0
2021-01-05 09:44:36.741,0.148,0.1484,23.0,0.148,99.0,12291.0,1736.0
2021-01-05 09:44:37.240,0.148,0.1484,23.0,0.148,99.0,12291.0,1736.0
2021-01-05 09:44:37.751,0.148,0.1484,23.0,0.148,99.0,12291.0,1736.0
2021-01-05 09:44:38.201,0.148,0.1484,23.0,0.148,99.0,12291.0,1736.0
2021-01-05 09:44:39.661,0.148,0.1484,23.0,0.148,99.0,12291.0,1736.0
2021-01-05 09:44:40.250,0.148,0.1484,10.0,0.148,99.0,12291.0,1736.0
2021-01-05 09:44:40.740,0.148,0.1483,13.0,0.148,99.0,12291.0,1736.0
2021-01-05 09:44:41.251,0.148,0.1483,13.0,0.148,99.0,12291.0,1736.0
2021-01-05 09:44:41.730,0.148,0.1484,10.0,0.148,99.0,12291.0,1736.0
2021-01-05 09:44:42.250,0.148,0.1484,23.0,0.148,99.0,12291.0,1736.0
2021-01-05 09:44:42.731,0.148,0.1484,10.0,0.148,99.0,12291.0,1736.0
2021-01-05 09:44:43.251,0.148,0.1483,13.0,0.148,99.0,12291.0,1736.0
2021-01-05 09:44:44.260,0.148,0.1482,10.0,0.148,99.0,12291.0,1736.0
2021-01-05 09:44:44.761,0.148,0.1483,10.0,0.148,99.0,12291.0,1736.0
2021-01-05 09:44:45.261,0.148,0.1482,13.0,0.148,99.0,12291.0,1736.0
2021-01-05 09:44:45.760,0.148,0.1481,10.0,0.148,99.0,12291.0,1736.0
2021-01-05 09:44:46.271,0.148,0.1483,30.0,0.148,99.0,12291.0,1736.0
2021-01-05 09:44:46.390,0.148,0.1481,10.0,0.148,79.0,12311.0,1756.0
2021-01-05 09:44:47.251,0.148,0.1482,10.0,0.148,79.0,12311.0,1756.0
2021-01-05 09:44:47.770,0.148,0.1481,13.0,0.148,79.0,12311.0,1756.0
2021-01-05 09:44:48.281,0.148,0.1481,13.0,0.148,69.0,12321.0,1766.0
2021-01-05 09:44:48.780,0.148,0.1481,13.0,0.148,39.0,12351.0,1796.0
2021-01-05 09:44:49.270,0.148,0.1483,20.0,0.148,39.0,12351.0,1796.0
2021-01-05 09:44:49.800,0.148,0.1483,20.0,0.148,29.0,12361.0,1806.0
2021-01-05 09:44:50.300,0.148,0.1482,13.0,0.148,19.0,12371.0,1816.0
2021-01-05 09:44:50.811,0.148,0.1482,13.0,0.148,9.0,12381.0,1826.0
2021-01-05 09:44:51.650,0.148,0.1482,23.0,0.148,9.0,12381.0,1826.0
2021-01-05 09:44:52.311,0.148,0.1482,23.0,0.1473,10.0,12390.0,1835.0
2021-01-05 09:44:52.711,0.148,0.1482,23.0,0.1473,10.0,12390.0,1835.0
2021-01-05 09:44:53.201,0.148,0.1482,13.0,0.1473,10.0,12390.0,1835.0
2021-01-05 09:44:53.621,0.148,0.1482,23.0,0.1473,10.0,12390.0,1835.0
2021-01-05 09:44:55.150,0.148,0.1482,13.0,0.1473,10.0,12390.0,1835.0
2021-01-05 09:44:55.700,0.148,0.1482,13.0,0.1473,10.0,12390.0,1835.0
2021-01-05 09:44:56.220,0.148,0.1481,10.0,0.1472,10.0,12390.0,1835.0
2021-01-05 09:44:56.720,0.148,0.1482,12.0,0.1474,10.0,12390.0,1835.0
2021-01-05 09:44:57.160,0.148,0.1481,13.0,0.1474,10.0,12390.0,1835.0
2021-01-05 09:44:57.431,0.148,0.1481,13.0,0.1473,10.0,12390.0,1835.0
2021-01-05 09:44:58.120,0.148,0.1481,13.0,0.1475,10.0,12390.0,1835.0
2021-01-05 09:44:58.720,0.148,0.1481,13.0,0.1474,10.0,12390.0,1835.0
2021-01-05 09:44:59.091,0.148,0.1482,10.0,0.1474,10.0,12390.0,1835.0
2021-01-05 09:44:59.711,0.148,0.1482,10.0,0.1476,10.0,12390.0,1835.0
2021-01-05 09:45:00.061,0.148,0.1481,13.0,0.1476,10.0,12390.0,1835.0
2021-01-05 09:45:00.061,0.148,0.1479,12.0,0.1476,10.0,12390.0,1835.0
2021-01-05 09:45:01.221,0.1479,0.1481,12.0,0.1477,10.0,12390.0,1838.0
2021-01-05 09:45:01.680,0.1479,0.1482,10.0,0.1475,10.0,12390.0,1838.0
2021-01-05 09:45:02.061,0.1479,0.1485,10.0,0.1476,22.0,12390.0,1838.0
2021-01-05 09:45:02.710,0.1479,0.1484,13.0,0.1476,10.0,12390.0,1838.0
2021-01-05 09:45:03.190,0.1479,0.1484,13.0,0.1476,10.0,12390.0,1838.0
2021-01-05 09:45:03.680,0.1479,0.1484,13.0,0.1475,10.0,12390.0,1838.0
2021-01-05 09:45:05.221,0.1479,0.1484,23.0,0.1475,10.0,12390.0,1838.0
2021-01-05 09:45:05.720,0.1479,0.1484,23.0,0.1475,10.0,12390.0,1838.0
2021-01-05 09:45:06.220,0.1479,0.1484,10.0,0.1475,10.0,12390.0,1838.0
2021-01-05 09:45:06.721,0.1479,0.1484,10.0,0.1475,23.0,12390.0,1838.0
2021-01-05 09:45:07.130,0.1479,0.1483,25.0,0.1475,10.0,12390.0,1838.0
2021-01-05 09:45:07.720,0.1479,0.1483,25.0,0.1475,10.0,12390.0,1838.0
2021-01-05 09:45:08.181,0.1479,0.1483,25.0,0.1472,10.0,12390.0,1838.0
2021-01-05 09:45:09.190,0.1479,0.1483,13.0,0.1474,12.0,12390.0,1838.0
2021-01-05 09:45:09.720,0.1479,0.1482,12.0,0.1473,10.0,12390.0,1838.0
2021-01-05 09:45:10.200,0.1479,0.1482,22.0,0.1472,10.0,12390.0,1838.0
2021-01-05 09:45:10.700,0.1479,0.1481,13.0,0.1472,10.0,12390.0,1838.0
2021-01-05 09:45:11.091,0.1479,0.148,12.0,0.1472,10.0,12390.0,1838.0
2021-01-05 09:45:11.720,0.1479,0.1481,10.0,0.1472,20.0,12390.0,1838.0
2021-01-05 09:45:12.150,0.1479,0.1481,23.0,0.1472,10.0,12390.0,1838.0
2021-01-05 09:45:13.220,0.1479,0.1481,10.0,0.1472,10.0,12390.0,1838.0
2021-01-05 09:45:14.701,0.1479,0.1481,10.0,0.1472,10.0,12390.0,1838.0
2021-01-05 09:45:15.230,0.1481,0.1481,13.0,0.1472,10.0,12400.0,1848.0
2021-01-05 09:45:15.721,0.1481,0.1482,12.0,0.1472,23.0,12400.0,1848.0
2021-01-05 09:45:16.230,0.1481,0.1484,12.0,0.1479,10.0,12400.0,1848.0
2021-01-05 09:45:16.741,0.1481,0.1485,12.0,0.1479,10.0,12400.0,1848.0
2021-01-05 09:45:17.220,0.1481,0.1484,13.0,0.1479,10.0,12400.0,1848.0
2021-01-05 09:45:17.731,0.1481,0.1484,13.0,0.1479,10.0,12400.0,1848.0
2021-01-05 09:45:18.161,0.1481,0.1484,13.0,0.148,10.0,12400.0,1848.0
2021-01-05 09:45:19.191,0.1481,0.1483,12.0,0.148,10.0,12400.0,1848.0
2021-01-05 09:45:19.731,0.1481,0.1483,12.0,0.148,10.0,12400.0,1848.0
2021-01-05 09:45:20.240,0.1481,0.1482,13.0,0.148,10.0,12400.0,1848.0
2021-01-05 09:45:20.691,0.1481,0.1481,12.0,0.1478,10.0,12400.0,1848.0
2021-01-05 09:45:21.160,0.1481,0.1481,12.0,0.1475,10.0,12400.0,1848.0
2021-01-05 09:45:21.731,0.1481,0.1483,22.0,0.1475,10.0,12400.0,1848.0
2021-01-05 09:45:22.240,0.1481,0.148,10.0,0.1475,10.0,12400.0,1848.0
2021-01-05 09:45:22.710,0.1481,0.1481,10.0,0.1475,10.0,12400.0,1848.0
2021-01-05 09:45:24.201,0.1481,0.1481,10.0,0.1475,10.0,12400.0,1848.0
2021-01-05 09:45:24.701,0.1481,0.1479,12.0,0.1475,10.0,12400.0,1848.0
2021-01-05 09:45:25.131,0.1481,0.1481,10.0,0.1475,10.0,12400.0,1848.0
2021-01-05 09:45:25.590,0.1481,0.148,13.0,0.1475,22.0,12400.0,1848.0
2021-01-05 09:45:26.220,0.1481,0.1479,10.0,0.1475,10.0,12400.0,1848.0
2021-01-05 09:45:26.681,0.1481,0.148,10.0,0.1475,10.0,12400.0,1848.0
2021-01-05 09:45:27.211,0.1481,0.1478,10.0,0.1475,10.0,12400.0,1848.0
2021-01-05 09:45:27.671,0.1481,0.1479,10.0,0.1475,10.0,12400.0,1848.0
