,last,ask1,asize1,bid1,bsize1,oi,volume
2021-01-05 09:25:00.080,,0.7965,1.0,0.7113,1.0,707.0,
2021-01-05 09:30:00.451,,0.7965,1.0,0.7113,1.0,707.0,
2021-01-05 09:30:00.991,,0.8095,1.0,0.7001,1.0,707.0,
2021-01-05 09:30:00.991,,0.82,1.0,0.7001,1.0,707.0,
2021-01-05 09:30:01.990,,0.82,1.0,0.7001,1.0,707.0,
2021-01-05 09:30:02.511,,0.82,1.0,0.7528,20.0,707.0,
2021-01-05 09:30:03.010,,0.7657,20.0,0.7538,20.0,707.0,
2021-01-05 09:30:03.471,,0.7649,20.0,0.7528,20.0,707.0,
2021-01-05 09:30:03.980,,0.7649,20.0,0.7001,1.0,707.0,
2021-01-05 09:30:04.430,,0.7649,20.0,0.7529,20.0,707.0,
2021-01-05 09:30:05.010,,0.82,1.0,0.7529,20.0,707.0,
2021-01-05 09:30:05.481,,0.7662,20.0,0.7543,20.0,707.0,
2021-01-05 09:30:05.990,,0.82,1.0,0.7543,20.0,707.0,
2021-01-05 09:30:07.471,,0.7692,20.0,0.7573,20.0,707.0,
2021-01-05 09:30:11.000,,0.77,20.0,0.7581,20.0,707.0,
2021-01-05 09:30:13.000,,0.769,20.0,0.7573,20.0,707.0,
2021-01-05 09:30:13.501,,0.769,20.0,0.7566,20.0,707.0,
2021-01-05 09:30:15.520,,0.7683,20.0,0.7566,20.0,707.0,
2021-01-05 09:30:15.991,,0.7683,20.0,0.7566,20.0,707.0,
2021-01-05 09:30:16.531,,0.769,20.0,0.7566,20.0,707.0,
2021-01-05 09:30:17.021,,0.769,20.0,0.7001,1.0,707.0,
2021-01-05 09:30:17.641,,0.7677,20.0,0.7558,20.0,707.0,
2021-01-05 09:30:18.231,,0.7667,20.0,0.7558,20.0,707.0,
2021-01-05 09:30:19.251,,0.7667,20.0,0.7545,20.0,707.0,
2021-01-05 09:30:22.240,,0.7676,20.0,0.7557,20.0,707.0,
2021-01-05 09:30:24.161,,0.7684,20.0,0.7565,20.0,707.0,
2021-01-05 09:30:24.661,,0.7684,20.0,0.7565,20.0,707.0,
2021-01-05 09:30:25.160,,0.7684,20.0,0.7565,20.0,707.0,
2021-01-05 09:30:25.671,,0.7691,20.0,0.7572,20.0,707.0,
2021-01-05 09:30:28.161,,0.7691,20.0,0.7572,20.0,707.0,
2021-01-05 09:30:30.171,,0.7691,20.0,0.7565,20.0,707.0,
2021-01-05 09:30:30.620,,0.7683,20.0,0.7565,20.0,707.0,
2021-01-05 09:30:32.140,,0.7683,20.0,0.7558,20.0,707.0,
2021-01-05 09:30:32.631,,0.7672,20.0,0.7558,20.0,707.0,
2021-01-05 09:30:36.170,,0.7683,20.0,0.7558,20.0,707.0,
2021-01-05 09:30:36.691,,0.7674,20.0,0.7558,20.0,707.0,
2021-01-05 09:30:39.680,,0.7674,20.0,0.7574,10.0,707.0,
2021-01-05 09:30:40.170,,0.7674,20.0,0.7574,30.0,707.0,
2021-01-05 09:30:42.671,,0.7674,20.0,0.7574,30.0,707.0,
2021-01-05 09:30:43.180,,0.7674,20.0,0.7574,30.0,707.0,
2021-01-05 09:30:43.681,,0.7667,20.0,0.7574,30.0,707.0,
2021-01-05 09:30:46.200,,0.7659,20.0,0.7574,30.0,707.0,
2021-01-05 09:30:50.171,,0.765,20.0,0.7574,30.0,707.0,
2021-01-05 09:30:50.720,,0.7659,20.0,0.7574,30.0,707.0,
2021-01-05 09:30:52.651,,0.7651,20.0,0.7574,30.0,707.0,
2021-01-05 09:30:59.640,,0.7659,20.0,0.7574,30.0,707.0,
2021-01-05 09:31:00.161,,0.7652,20.0,0.7574,30.0,707.0,
2021-01-05 09:31:01.150,,0.7659,20.0,0.7574,30.0,707.0,
2021-01-05 09:31:02.170,,0.7711,10.0,0.7574,10.0,707.0,
2021-01-05 09:31:02.681,,0.7667,20.0,0.7574,30.0,707.0,
2021-01-05 09:31:03.680,,0.7674,20.0,0.7574,30.0,707.0,
2021-01-05 09:31:05.670,,0.7674,20.0,0.7574,30.0,707.0,
2021-01-05 09:31:06.681,,0.7663,20.0,0.7574,30.0,707.0,
2021-01-05 09:31:08.650,,0.7654,20.0,0.7574,10.0,707.0,
2021-01-05 09:31:09.101,,0.7663,20.0,0.7574,10.0,707.0,
2021-01-05 09:31:18.720,,0.7656,20.0,0.7569,20.0,707.0,
2021-01-05 09:31:19.150,,0.7663,20.0,0.7527,14.0,707.0,
2021-01-05 09:31:19.721,,0.7656,20.0,0.7536,20.0,707.0,
2021-01-05 09:31:21.671,,0.7663,20.0,0.7536,20.0,707.0,
2021-01-05 09:31:22.211,,0.7663,20.0,0.7544,20.0,707.0,
2021-01-05 09:31:22.620,,0.7657,10.0,0.7558,10.0,707.0,
2021-01-05 09:31:23.171,,0.7652,10.0,0.7568,10.0,707.0,
2021-01-05 09:31:23.640,,0.7652,30.0,0.7568,30.0,707.0,
2021-01-05 09:31:24.660,,0.7652,30.0,0.7568,30.0,707.0,
2021-01-05 09:31:25.150,,0.7649,10.0,0.7568,30.0,707.0,
2021-01-05 09:31:25.640,,0.7646,10.0,0.7568,30.0,707.0,
2021-01-05 09:31:26.141,,0.7652,30.0,0.7568,30.0,707.0,
2021-01-05 09:31:26.681,,0.7652,40.0,0.7568,30.0,707.0,
2021-01-05 09:31:27.171,,0.765,10.0,0.7568,30.0,707.0,
2021-01-05 09:31:27.601,,0.765,10.0,0.7568,30.0,707.0,
2021-01-05 09:31:28.610,,0.7652,30.0,0.7568,30.0,707.0,
2021-01-05 09:31:29.171,,0.765,10.0,0.7568,30.0,707.0,
2021-01-05 09:31:30.170,,0.765,10.0,0.7568,30.0,707.0,
2021-01-05 09:31:30.671,,0.7647,10.0,0.7568,30.0,707.0,
2021-01-05 09:31:31.150,,0.7651,10.0,0.7568,30.0,707.0,
2021-01-05 09:31:31.661,,0.765,10.0,0.7568,30.0,707.0,
2021-01-05 09:31:32.191,,0.765,10.0,0.7568,30.0,707.0,
2021-01-05 09:31:32.671,,0.7651,10.0,0.7568,30.0,707.0,
2021-01-05 09:31:33.190,,0.7651,10.0,0.7568,30.0,707.0,
2021-01-05 09:31:33.680,,0.7651,10.0,0.7568,30.0,707.0,
2021-01-05 09:31:34.181,,0.7648,10.0,0.7568,30.0,707.0,
2021-01-05 09:31:34.681,,0.7652,30.0,0.7568,30.0,707.0,
2021-01-05 09:31:35.670,,0.765,10.0,0.7568,30.0,707.0,
2021-01-05 09:31:36.181,,0.7652,40.0,0.7568,30.0,707.0,
2021-01-05 09:31:36.690,,0.7652,30.0,0.7568,30.0,707.0,
2021-01-05 09:31:37.191,,0.7651,10.0,0.7568,30.0,707.0,
2021-01-05 09:31:38.190,,0.7641,20.0,0.7568,30.0,707.0,
2021-01-05 09:31:39.210,,0.7641,20.0,0.7568,10.0,707.0,
2021-01-05 09:31:39.710,,0.7641,20.0,0.7568,10.0,707.0,
2021-01-05 09:31:40.200,,0.7622,10.0,0.7558,20.0,707.0,
2021-01-05 09:31:40.711,,0.7622,30.0,0.7547,20.0,707.0,
2021-01-05 09:31:41.191,,0.7622,30.0,0.754,30.0,707.0,
2021-01-05 09:31:41.700,,0.7622,30.0,0.754,30.0,707.0,
2021-01-05 09:31:42.211,,0.7622,30.0,0.754,20.0,707.0,
2021-01-05 09:31:43.191,,0.7622,30.0,0.754,20.0,707.0,
2021-01-05 09:31:43.710,,0.7622,30.0,0.7541,10.0,707.0,
2021-01-05 09:31:44.190,,0.7622,30.0,0.7541,10.0,707.0,
2021-01-05 09:31:44.691,,0.7622,30.0,0.7545,10.0,707.0,
2021-01-05 09:31:45.170,,0.7622,30.0,0.754,20.0,707.0,
2021-01-05 09:31:45.700,,0.7622,30.0,0.754,20.0,707.0,
2021-01-05 09:31:46.171,,0.7622,30.0,0.754,20.0,707.0,
2021-01-05 09:31:46.701,,0.7622,30.0,0.754,20.0,707.0,
2021-01-05 09:31:47.191,,0.7622,30.0,0.754,20.0,707.0,
2021-01-05 09:31:47.711,,0.7622,30.0,0.754,20.0,707.0,
2021-01-05 09:31:48.211,,0.7622,30.0,0.754,20.0,707.0,
2021-01-05 09:31:49.711,,0.7622,30.0,0.754,20.0,707.0,
2021-01-05 09:31:50.191,,0.7621,10.0,0.754,20.0,707.0,
2021-01-05 09:31:50.710,,0.7589,10.0,0.7538,20.0,707.0,
2021-01-05 09:31:51.210,,0.7589,30.0,0.7529,30.0,707.0,
2021-01-05 09:31:52.220,,0.7589,30.0,0.7529,30.0,707.0,
2021-01-05 09:31:52.621,,0.7589,30.0,0.7529,30.0,707.0,
2021-01-05 09:31:53.171,,0.7589,30.0,0.7529,30.0,707.0,
2021-01-05 09:31:53.530,,0.7589,30.0,0.7529,30.0,707.0,
2021-01-05 09:31:54.151,,0.7589,30.0,0.7529,30.0,707.0,
2021-01-05 09:31:54.641,,0.7589,30.0,0.7529,30.0,707.0,
2021-01-05 09:31:55.150,,0.7589,30.0,0.7529,30.0,707.0,
2021-01-05 09:31:55.670,,0.7589,30.0,0.7529,30.0,707.0,
2021-01-05 09:31:57.171,,0.7589,30.0,0.7529,30.0,707.0,
2021-01-05 09:31:58.171,,0.7589,30.0,0.7529,30.0,707.0,
2021-01-05 09:31:59.180,,0.7589,30.0,0.7529,30.0,707.0,
2021-01-05 09:31:59.660,,0.7589,30.0,0.7529,30.0,707.0,
2021-01-05 09:32:00.150,,0.7589,30.0,0.7529,30.0,707.0,
2021-01-05 09:32:00.650,,0.7589,30.0,0.7529,30.0,707.0,
2021-01-05 09:32:01.170,,0.7589,30.0,0.7529,30.0,707.0,
2021-01-05 09:32:01.670,,0.7589,30.0,0.7529,30.0,707.0,
2021-01-05 09:32:02.171,,0.7589,30.0,0.7529,30.0,707.0,
2021-01-05 09:32:02.671,,0.7589,30.0,0.7529,30.0,707.0,
2021-01-05 09:32:03.180,,0.7589,10.0,0.7529,10.0,707.0,
2021-01-05 09:32:03.641,,0.7589,30.0,0.7529,30.0,707.0,
2021-01-05 09:32:04.161,,0.7589,30.0,0.7529,30.0,707.0,
2021-01-05 09:32:04.661,,0.7589,20.0,0.7529,20.0,707.0,
2021-01-05 09:32:05.141,,0.7589,20.0,0.7509,30.0,707.0,
2021-01-05 09:32:05.660,,0.7589,20.0,0.7509,30.0,707.0,
2021-01-05 09:32:06.161,,0.7589,20.0,0.7509,30.0,707.0,
2021-01-05 09:32:06.680,,0.7593,30.0,0.7509,30.0,707.0,
2021-01-05 09:32:07.070,,0.7593,30.0,0.7509,30.0,707.0,
2021-01-05 09:32:08.171,,0.7593,30.0,0.7509,30.0,707.0,
2021-01-05 09:32:08.670,,0.7593,30.0,0.7509,30.0,707.0,
2021-01-05 09:32:09.141,,0.7589,10.0,0.7509,30.0,707.0,
2021-01-05 09:32:10.161,,0.7593,30.0,0.7509,30.0,707.0,
2021-01-05 09:32:10.630,,0.7593,30.0,0.7509,30.0,707.0,
2021-01-05 09:32:11.170,,0.759,10.0,0.7509,30.0,707.0,
2021-01-05 09:32:11.650,,0.7593,30.0,0.7509,30.0,707.0,
2021-01-05 09:32:12.161,,0.7593,30.0,0.7509,30.0,707.0,
2021-01-05 09:32:12.670,,0.7584,10.0,0.7535,10.0,707.0,
2021-01-05 09:32:13.171,,0.7584,30.0,0.7535,10.0,707.0,
2021-01-05 09:32:14.660,,0.7584,20.0,0.7518,10.0,707.0,
2021-01-05 09:32:15.171,,0.759,10.0,0.7519,1.0,707.0,
2021-01-05 09:32:15.671,,0.759,10.0,0.7519,1.0,707.0,
2021-01-05 09:32:16.151,,0.759,10.0,0.7519,1.0,707.0,
2021-01-05 09:32:17.161,,0.759,10.0,0.7519,1.0,707.0,
2021-01-05 09:32:17.651,,0.759,10.0,0.7519,1.0,707.0,
2021-01-05 09:32:18.670,,0.759,20.0,0.7519,1.0,707.0,
2021-01-05 09:32:19.670,,0.759,20.0,0.7519,1.0,707.0,
2021-01-05 09:32:20.671,,0.759,10.0,0.7519,1.0,707.0,
2021-01-05 09:32:21.171,,0.759,10.0,0.7519,1.0,707.0,
2021-01-05 09:32:21.680,,0.759,10.0,0.7519,1.0,707.0,
2021-01-05 09:32:22.181,,0.759,10.0,0.7519,1.0,707.0,
2021-01-05 09:32:22.660,,0.759,10.0,0.7519,1.0,707.0,
2021-01-05 09:32:23.140,,0.759,10.0,0.7519,1.0,707.0,
2021-01-05 09:32:24.160,,0.759,10.0,0.7519,1.0,707.0,
2021-01-05 09:32:25.170,,0.759,10.0,0.7519,1.0,707.0,
2021-01-05 09:32:25.670,,0.759,10.0,0.7519,1.0,707.0,
2021-01-05 09:32:26.171,,0.759,10.0,0.7519,1.0,707.0,
2021-01-05 09:32:26.650,,0.759,30.0,0.7519,1.0,707.0,
2021-01-05 09:32:28.630,,0.7568,10.0,0.752,10.0,707.0,
2021-01-05 09:32:29.180,,0.7568,30.0,0.752,10.0,707.0,
2021-01-05 09:32:30.171,,0.7568,30.0,0.752,10.0,707.0,
2021-01-05 09:32:31.151,,0.7568,30.0,0.752,10.0,707.0,
2021-01-05 09:32:31.691,,0.7568,30.0,0.752,10.0,707.0,
2021-01-05 09:32:32.121,,0.7568,30.0,0.752,10.0,707.0,
2021-01-05 09:32:33.671,,0.7568,30.0,0.752,10.0,707.0,
2021-01-05 09:32:34.171,,0.7568,30.0,0.752,10.0,707.0,
2021-01-05 09:32:34.691,,0.7568,30.0,0.752,10.0,707.0,
2021-01-05 09:32:36.190,,0.7568,30.0,0.752,30.0,707.0,
2021-01-05 09:32:38.670,,0.7568,30.0,0.752,30.0,707.0,
2021-01-05 09:32:39.200,,0.7568,30.0,0.752,30.0,707.0,
2021-01-05 09:32:39.630,,0.7568,30.0,0.752,30.0,707.0,
2021-01-05 09:32:40.151,,0.7568,30.0,0.752,30.0,707.0,
2021-01-05 09:32:41.690,,0.7568,30.0,0.752,30.0,707.0,
2021-01-05 09:32:42.201,,0.7568,30.0,0.752,30.0,707.0,
2021-01-05 09:32:42.700,,0.7568,30.0,0.752,30.0,707.0,
2021-01-05 09:32:43.190,,0.7568,30.0,0.752,30.0,707.0,
2021-01-05 09:32:43.580,,0.7568,30.0,0.752,30.0,707.0,
2021-01-05 09:32:44.151,,0.7568,30.0,0.752,30.0,707.0,
2021-01-05 09:32:44.700,,0.7568,30.0,0.752,30.0,707.0,
2021-01-05 09:32:45.580,,0.7568,30.0,0.752,30.0,707.0,
2021-01-05 09:32:46.160,,0.7568,30.0,0.752,30.0,707.0,
2021-01-05 09:32:46.610,,0.7568,30.0,0.752,30.0,707.0,
2021-01-05 09:32:47.701,,0.7568,30.0,0.752,30.0,707.0,
2021-01-05 09:32:48.181,,0.7568,30.0,0.752,10.0,707.0,
2021-01-05 09:32:48.690,,0.7568,30.0,0.752,10.0,707.0,
2021-01-05 09:32:49.190,,0.7568,30.0,0.752,10.0,707.0,
2021-01-05 09:32:49.670,,0.7561,10.0,0.7489,10.0,707.0,
2021-01-05 09:32:50.171,,0.7561,10.0,0.7489,10.0,707.0,
2021-01-05 09:32:50.700,,0.7561,10.0,0.7489,10.0,707.0,
2021-01-05 09:32:51.170,,0.7561,30.0,0.7489,10.0,707.0,
2021-01-05 09:32:51.701,,0.7561,20.0,0.7489,10.0,707.0,
2021-01-05 09:32:52.191,,0.7561,30.0,0.7489,10.0,707.0,
2021-01-05 09:32:53.161,,0.7561,30.0,0.7489,10.0,707.0,
2021-01-05 09:32:53.641,,0.7561,30.0,0.7489,10.0,707.0,
2021-01-05 09:32:54.181,,0.7561,30.0,0.7489,30.0,707.0,
2021-01-05 09:32:54.671,,0.7561,30.0,0.7489,30.0,707.0,
2021-01-05 09:32:55.170,,0.7561,30.0,0.7489,30.0,707.0,
2021-01-05 09:32:55.670,,0.7561,30.0,0.7489,30.0,707.0,
2021-01-05 09:32:56.150,,0.7561,30.0,0.7489,30.0,707.0,
2021-01-05 09:32:56.611,,0.7561,30.0,0.7489,10.0,707.0,
2021-01-05 09:32:57.130,,0.7561,30.0,0.7489,10.0,707.0,
2021-01-05 09:32:57.600,,0.7561,30.0,0.7489,10.0,707.0,
2021-01-05 09:32:58.171,,0.7561,30.0,0.7489,30.0,707.0,
2021-01-05 09:32:58.651,,0.7561,30.0,0.7489,10.0,707.0,
2021-01-05 09:32:59.621,,0.756,3.0,0.7489,10.0,707.0,
2021-01-05 09:33:00.651,,0.756,3.0,0.7489,10.0,707.0,
2021-01-05 09:33:01.141,,0.756,3.0,0.7489,10.0,707.0,
2021-01-05 09:33:01.661,,0.756,23.0,0.7489,30.0,707.0,
2021-01-05 09:33:02.620,,0.756,23.0,0.7512,10.0,707.0,
2021-01-05 09:33:03.171,,0.756,23.0,0.7512,30.0,707.0,
2021-01-05 09:33:03.681,,0.756,23.0,0.7512,20.0,707.0,
2021-01-05 09:33:04.140,,0.756,3.0,0.7506,10.0,707.0,
2021-01-05 09:33:04.651,,0.756,23.0,0.7506,30.0,707.0,
2021-01-05 09:33:05.181,,0.756,3.0,0.7506,10.0,707.0,
2021-01-05 09:33:05.690,,0.756,3.0,0.7506,10.0,707.0,
2021-01-05 09:33:06.170,,0.756,3.0,0.7506,30.0,707.0,
2021-01-05 09:33:07.171,,0.756,3.0,0.7506,30.0,707.0,
2021-01-05 09:33:07.601,,0.756,3.0,0.7506,30.0,707.0,
2021-01-05 09:33:08.191,,0.756,3.0,0.7506,30.0,707.0,
2021-01-05 09:33:08.681,,0.756,3.0,0.7506,30.0,707.0,
2021-01-05 09:33:09.181,,0.756,23.0,0.7506,30.0,707.0,
2021-01-05 09:33:09.630,,0.756,3.0,0.7506,30.0,707.0,
2021-01-05 09:33:10.180,,0.756,3.0,0.7506,30.0,707.0,
2021-01-05 09:33:10.681,,0.756,3.0,0.7531,10.0,707.0,
2021-01-05 09:33:11.180,,0.756,3.0,0.7531,30.0,707.0,
2021-01-05 09:33:11.670,,0.756,3.0,0.7531,30.0,707.0,
2021-01-05 09:33:12.181,,0.756,3.0,0.7531,30.0,707.0,
2021-01-05 09:33:12.650,,0.756,3.0,0.7531,30.0,707.0,
2021-01-05 09:33:13.100,,0.756,3.0,0.7531,30.0,707.0,
2021-01-05 09:33:13.691,,0.756,3.0,0.7531,30.0,707.0,
2021-01-05 09:33:14.160,,0.756,3.0,0.7531,30.0,707.0,
2021-01-05 09:33:14.650,,0.756,3.0,0.7531,30.0,707.0,
2021-01-05 09:33:15.140,,0.756,3.0,0.7531,30.0,707.0,
2021-01-05 09:33:16.181,,0.756,3.0,0.7531,30.0,707.0,
2021-01-05 09:33:16.671,,0.756,3.0,0.7531,30.0,707.0,
2021-01-05 09:33:17.190,,0.756,3.0,0.7531,30.0,707.0,
2021-01-05 09:33:18.160,,0.756,3.0,0.7531,30.0,707.0,
2021-01-05 09:33:18.680,,0.756,3.0,0.7531,30.0,707.0,
2021-01-05 09:33:19.191,,0.756,3.0,0.7531,30.0,707.0,
2021-01-05 09:33:19.660,,0.756,3.0,0.7531,30.0,707.0,
2021-01-05 09:33:19.950,,0.756,3.0,0.7546,10.0,707.0,
2021-01-05 09:33:20.680,,0.756,3.0,0.7546,10.0,707.0,
2021-01-05 09:33:21.160,,0.756,3.0,0.7546,30.0,707.0,
2021-01-05 09:33:21.681,,0.756,3.0,0.7546,10.0,707.0,
2021-01-05 09:33:22.150,,0.756,3.0,0.7546,30.0,707.0,
2021-01-05 09:33:22.670,,0.756,3.0,0.7546,10.0,707.0,
2021-01-05 09:33:23.151,,0.756,3.0,0.7546,30.0,707.0,
2021-01-05 09:33:23.660,,0.756,3.0,0.7546,10.0,707.0,
2021-01-05 09:33:24.171,,0.756,3.0,0.7546,30.0,707.0,
2021-01-05 09:33:24.661,,0.756,3.0,0.7546,10.0,707.0,
2021-01-05 09:33:25.151,,0.756,3.0,0.7546,30.0,707.0,
2021-01-05 09:33:25.671,,0.756,3.0,0.7546,30.0,707.0,
2021-01-05 09:33:26.161,,0.756,3.0,0.7546,30.0,707.0,
2021-01-05 09:33:26.651,,0.756,3.0,0.7546,30.0,707.0,
2021-01-05 09:33:27.171,,0.756,3.0,0.7546,10.0,707.0,
2021-01-05 09:33:27.681,,0.756,3.0,0.7546,10.0,707.0,
2021-01-05 09:33:28.180,,0.756,3.0,0.7546,10.0,707.0,
2021-01-05 09:33:28.670,,0.756,3.0,0.7546,10.0,707.0,
2021-01-05 09:33:29.171,,0.756,3.0,0.7546,10.0,707.0,
2021-01-05 09:33:30.180,,0.756,3.0,0.7546,10.0,707.0,
2021-01-05 09:33:31.680,,0.756,3.0,0.7546,10.0,707.0,
2021-01-05 09:33:32.170,,0.756,3.0,0.7546,10.0,707.0,
2021-01-05 09:33:32.620,,0.756,3.0,0.7546,10.0,707.0,
2021-01-05 09:33:33.680,,0.756,3.0,0.7546,10.0,707.0,
2021-01-05 09:33:36.681,,0.7581,20.0,0.7546,10.0,707.0,
2021-01-05 09:33:37.190,,0.7581,20.0,0.7546,10.0,707.0,
2021-01-05 09:33:37.640,,0.7594,10.0,0.7546,10.0,707.0,
2021-01-05 09:33:38.621,,0.7594,30.0,0.7546,10.0,707.0,
2021-01-05 09:33:39.201,,0.7594,30.0,0.7546,10.0,707.0,
2021-01-05 09:33:39.641,,0.7594,30.0,0.7546,10.0,707.0,
2021-01-05 09:33:40.160,,0.7594,30.0,0.7546,10.0,707.0,
2021-01-05 09:33:40.690,,0.7594,20.0,0.7543,20.0,707.0,
2021-01-05 09:33:41.161,,0.7594,20.0,0.7543,20.0,707.0,
2021-01-05 09:33:41.691,,0.76,10.0,0.7534,20.0,707.0,
2021-01-05 09:33:42.160,,0.7594,20.0,0.7534,20.0,707.0,
2021-01-05 09:33:42.640,,0.7596,10.0,0.7534,20.0,707.0,
2021-01-05 09:33:43.180,,0.76,10.0,0.7534,20.0,707.0,
2021-01-05 09:33:43.180,,0.7594,10.0,0.7534,20.0,707.0,
2021-01-05 09:33:44.110,,0.7594,30.0,0.7534,20.0,707.0,
2021-01-05 09:33:44.671,,0.7594,20.0,0.7534,20.0,707.0,
2021-01-05 09:33:45.180,,0.7594,20.0,0.7534,20.0,707.0,
2021-01-05 09:33:45.660,,0.7594,20.0,0.7534,20.0,707.0,
2021-01-05 09:33:46.161,,0.7593,10.0,0.7534,20.0,707.0,
2021-01-05 09:33:46.680,,0.759,10.0,0.7534,20.0,707.0,
2021-01-05 09:33:47.191,,0.7589,10.0,0.7534,20.0,707.0,
2021-01-05 09:33:48.171,,0.759,10.0,0.7534,20.0,707.0,
2021-01-05 09:33:49.120,,0.7588,10.0,0.7534,20.0,707.0,
2021-01-05 09:33:49.681,,0.7588,10.0,0.7528,10.0,707.0,
2021-01-05 09:33:50.130,,0.7578,10.0,0.7527,20.0,707.0,
2021-01-05 09:33:50.670,,0.7578,30.0,0.7506,30.0,707.0,
2021-01-05 09:33:51.141,,0.7578,30.0,0.7506,30.0,707.0,
2021-01-05 09:33:51.581,,0.7578,30.0,0.7506,30.0,707.0,
2021-01-05 09:33:52.190,,0.7578,30.0,0.7506,30.0,707.0,
2021-01-05 09:33:52.661,,0.7578,30.0,0.7506,30.0,707.0,
2021-01-05 09:33:53.650,,0.7578,30.0,0.7506,30.0,707.0,
2021-01-05 09:33:54.180,,0.7578,30.0,0.7506,30.0,707.0,
2021-01-05 09:33:54.610,,0.7578,30.0,0.7506,30.0,707.0,
2021-01-05 09:33:55.181,,0.7578,30.0,0.7506,30.0,707.0,
2021-01-05 09:33:55.650,,0.7578,30.0,0.7506,30.0,707.0,
2021-01-05 09:33:56.120,,0.7578,30.0,0.7506,30.0,707.0,
2021-01-05 09:33:56.681,,0.7578,30.0,0.7507,3.0,707.0,
2021-01-05 09:33:57.171,,0.7578,30.0,0.7507,3.0,707.0,
2021-01-05 09:33:57.671,,0.7578,30.0,0.7507,3.0,707.0,
2021-01-05 09:33:58.170,,0.7578,40.0,0.7507,3.0,707.0,
2021-01-05 09:33:58.670,,0.7577,10.0,0.7507,3.0,707.0,
2021-01-05 09:33:59.140,,0.7574,10.0,0.7506,30.0,707.0,
2021-01-05 09:33:59.690,,0.7574,10.0,0.7507,3.0,707.0,
2021-01-05 09:34:00.191,,0.7572,10.0,0.7507,3.0,707.0,
2021-01-05 09:34:00.671,,0.757,10.0,0.7507,3.0,707.0,
2021-01-05 09:34:01.081,,0.757,30.0,0.7507,3.0,707.0,
2021-01-05 09:34:01.661,,0.757,20.0,0.7507,3.0,707.0,
2021-01-05 09:34:02.170,,0.757,20.0,0.7507,3.0,707.0,
2021-01-05 09:34:02.671,,0.7574,10.0,0.7507,3.0,707.0,
2021-01-05 09:34:03.171,,0.7572,10.0,0.7507,3.0,707.0,
2021-01-05 09:34:03.670,,0.7572,10.0,0.7507,4.0,707.0,
2021-01-05 09:34:05.121,,0.757,10.0,0.7507,4.0,707.0,
2021-01-05 09:34:06.191,,0.757,30.0,0.7507,4.0,707.0,
2021-01-05 09:34:06.671,,0.7547,10.0,0.7507,4.0,707.0,
2021-01-05 09:34:07.130,,0.7547,30.0,0.7507,4.0,707.0,
2021-01-05 09:34:07.651,,0.7547,30.0,0.7507,1.0,707.0,
2021-01-05 09:34:08.171,,0.7547,30.0,0.7507,1.0,707.0,
2021-01-05 09:34:08.690,,0.7547,30.0,0.7507,1.0,707.0,
2021-01-05 09:34:09.170,,0.7547,30.0,0.7507,1.0,707.0,
2021-01-05 09:34:09.670,,0.7547,30.0,0.7499,30.0,707.0,
2021-01-05 09:34:10.140,,0.7547,30.0,0.7499,30.0,707.0,
2021-01-05 09:34:10.690,,0.7547,30.0,0.75,1.0,707.0,
2021-01-05 09:34:11.681,,0.7547,30.0,0.75,1.0,707.0,
2021-01-05 09:34:12.121,,0.7547,30.0,0.75,1.0,707.0,
2021-01-05 09:34:12.640,,0.7547,30.0,0.75,1.0,707.0,
2021-01-05 09:34:13.191,,0.7547,30.0,0.75,1.0,707.0,
2021-01-05 09:34:13.681,,0.7547,30.0,0.75,1.0,707.0,
2021-01-05 09:34:14.181,,0.7547,30.0,0.75,1.0,707.0,
2021-01-05 09:34:14.691,,0.7563,10.0,0.7514,10.0,707.0,
2021-01-05 09:34:15.181,,0.7563,10.0,0.7514,10.0,707.0,
2021-01-05 09:34:15.681,,0.7563,30.0,0.7515,1.0,707.0,
2021-01-05 09:34:16.190,,0.7563,10.0,0.7515,1.0,707.0,
2021-01-05 09:34:16.620,,0.7563,30.0,0.7515,21.0,707.0,
2021-01-05 09:34:17.181,,0.7563,30.0,0.7515,21.0,707.0,
2021-01-05 09:34:18.201,,0.7563,30.0,0.7515,1.0,707.0,
2021-01-05 09:34:18.620,,0.7563,30.0,0.7515,1.0,707.0,
2021-01-05 09:34:19.041,,0.7563,30.0,0.7515,1.0,707.0,
2021-01-05 09:34:19.700,,0.7563,30.0,0.7515,1.0,707.0,
2021-01-05 09:34:20.180,,0.7563,30.0,0.7515,1.0,707.0,
2021-01-05 09:34:21.690,,0.7548,10.0,0.7515,1.0,707.0,
2021-01-05 09:34:22.151,,0.7548,30.0,0.7508,20.0,707.0,
2021-01-05 09:34:22.651,,0.7548,30.0,0.7509,1.0,707.0,
2021-01-05 09:34:23.181,,0.7548,30.0,0.7509,1.0,707.0,
2021-01-05 09:34:24.380,,0.7548,30.0,0.7509,1.0,707.0,
2021-01-05 09:34:25.171,,0.7548,30.0,0.7509,1.0,707.0,
2021-01-05 09:34:26.641,,0.7548,30.0,0.7509,1.0,707.0,
2021-01-05 09:34:28.621,,0.7548,30.0,0.7509,1.0,707.0,
2021-01-05 09:34:30.170,,0.7548,30.0,0.7509,1.0,707.0,
2021-01-05 09:34:30.681,,0.7548,30.0,0.7509,1.0,707.0,
2021-01-05 09:34:31.190,,0.7548,30.0,0.7509,1.0,707.0,
2021-01-05 09:34:31.691,,0.7548,30.0,0.7509,1.0,707.0,
2021-01-05 09:34:32.690,,0.7548,30.0,0.7504,20.0,707.0,
2021-01-05 09:34:33.090,,0.7548,30.0,0.751,1.0,707.0,
2021-01-05 09:34:33.691,,0.7548,30.0,0.7499,10.0,707.0,
2021-01-05 09:34:34.640,,0.7548,30.0,0.75,1.0,707.0,
2021-01-05 09:34:35.130,,0.7548,30.0,0.75,1.0,707.0,
2021-01-05 09:34:35.670,,0.7533,10.0,0.75,1.0,707.0,
2021-01-05 09:34:36.680,,0.7533,30.0,0.75,1.0,707.0,
2021-01-05 09:34:37.700,,0.7533,30.0,0.75,1.0,707.0,
2021-01-05 09:34:38.171,,0.7533,30.0,0.75,1.0,707.0,
2021-01-05 09:34:38.690,,0.7533,30.0,0.7488,20.0,707.0,
2021-01-05 09:34:39.091,,0.7533,20.0,0.7501,1.0,707.0,
2021-01-05 09:34:39.470,,0.7532,3.0,0.7489,1.0,707.0,
2021-01-05 09:34:40.171,,0.7532,3.0,0.7489,1.0,707.0,
2021-01-05 09:34:40.651,,0.7532,3.0,0.7489,1.0,707.0,
2021-01-05 09:34:41.201,,0.7532,3.0,0.7489,1.0,707.0,
2021-01-05 09:34:41.700,,0.7532,3.0,0.7489,1.0,707.0,
2021-01-05 09:34:42.171,,0.7532,3.0,0.7489,1.0,707.0,
2021-01-05 09:34:42.680,,0.7532,3.0,0.7481,20.0,707.0,
2021-01-05 09:34:43.191,,0.7532,3.0,0.7482,1.0,707.0,
2021-01-05 09:34:43.660,,0.7532,3.0,0.7482,21.0,707.0,
2021-01-05 09:34:44.701,,0.7532,3.0,0.7482,21.0,707.0,
2021-01-05 09:34:45.200,,0.7532,3.0,0.7482,21.0,707.0,
2021-01-05 09:34:45.721,,0.7532,3.0,0.7482,21.0,707.0,
2021-01-05 09:34:46.140,,0.7517,10.0,0.7482,21.0,707.0,
2021-01-05 09:34:46.660,,0.7517,30.0,0.7482,21.0,707.0,
2021-01-05 09:34:47.701,,0.7517,30.0,0.7482,21.0,707.0,
2021-01-05 09:34:48.141,,0.7517,30.0,0.7483,1.0,707.0,
2021-01-05 09:34:48.700,,0.7517,30.0,0.7483,1.0,707.0,
2021-01-05 09:34:49.171,,0.7517,33.0,0.7483,1.0,707.0,
2021-01-05 09:34:49.701,,0.7517,33.0,0.7483,1.0,707.0,
2021-01-05 09:34:50.220,,0.7517,33.0,0.7483,1.0,707.0,
2021-01-05 09:34:51.200,,0.7517,33.0,0.7483,1.0,707.0,
2021-01-05 09:34:52.220,,0.7517,33.0,0.7483,1.0,707.0,
2021-01-05 09:34:52.650,,0.7517,33.0,0.7483,1.0,707.0,
2021-01-05 09:34:53.180,,0.7517,33.0,0.7483,1.0,707.0,
2021-01-05 09:34:53.651,,0.7517,33.0,0.7483,1.0,707.0,
2021-01-05 09:34:54.170,,0.7517,33.0,0.7483,1.0,707.0,
2021-01-05 09:34:54.631,,0.7517,13.0,0.7483,1.0,707.0,
2021-01-05 09:34:55.161,,0.7501,10.0,0.7483,1.0,707.0,
2021-01-05 09:34:55.680,,0.7501,13.0,0.7483,1.0,707.0,
2021-01-05 09:34:56.131,0.7483,0.7501,13.0,0.7482,1.0,707.0,1.0
2021-01-05 09:34:56.681,0.7483,0.7501,13.0,0.7482,1.0,707.0,1.0
2021-01-05 09:34:57.171,0.7483,0.7501,13.0,0.7457,20.0,707.0,1.0
2021-01-05 09:34:57.670,0.7483,0.7501,13.0,0.7458,1.0,707.0,1.0
2021-01-05 09:34:58.160,0.7483,0.7501,13.0,0.7459,1.0,707.0,1.0
2021-01-05 09:34:58.640,0.7483,0.7501,13.0,0.7459,1.0,707.0,1.0
2021-01-05 09:34:59.170,0.7483,0.7501,13.0,0.7453,1.0,707.0,1.0
2021-01-05 09:35:00.160,0.7483,0.7501,13.0,0.7454,1.0,707.0,1.0
2021-01-05 09:35:00.640,0.7483,0.7501,13.0,0.7454,1.0,707.0,1.0
2021-01-05 09:35:00.640,0.7483,0.7501,13.0,0.7454,1.0,707.0,1.0
2021-01-05 09:35:01.620,0.7483,0.7501,13.0,0.7454,1.0,707.0,1.0
2021-01-05 09:35:02.680,0.7483,0.7501,13.0,0.7454,1.0,707.0,1.0
2021-01-05 09:35:03.180,0.7483,0.7501,13.0,0.7454,1.0,707.0,1.0
2021-01-05 09:35:03.660,0.7483,0.7501,3.0,0.746,10.0,707.0,1.0
2021-01-05 09:35:04.181,0.7483,0.7501,3.0,0.746,20.0,707.0,1.0
2021-01-05 09:35:05.180,0.7483,0.7501,3.0,0.7454,1.0,707.0,1.0
2021-01-05 09:35:05.671,0.7483,0.75,3.0,0.7454,1.0,707.0,1.0
2021-01-05 09:35:06.680,0.7483,0.75,3.0,0.7454,1.0,707.0,1.0
2021-01-05 09:35:07.131,0.7483,0.75,3.0,0.7454,1.0,707.0,1.0
2021-01-05 09:35:07.650,0.7483,0.75,3.0,0.7454,1.0,707.0,1.0
2021-01-05 09:35:08.190,0.7483,0.75,3.0,0.7454,1.0,707.0,1.0
2021-01-05 09:35:09.191,0.7483,0.7487,14.0,0.7454,1.0,707.0,1.0
2021-01-05 09:35:09.700,0.7483,0.7486,3.0,0.7454,1.0,707.0,1.0
2021-01-05 09:35:10.180,0.7483,0.7486,23.0,0.7454,1.0,707.0,1.0
2021-01-05 09:35:10.691,0.7483,0.7486,23.0,0.7454,1.0,707.0,1.0
2021-01-05 09:35:11.160,0.7483,0.7486,23.0,0.7454,1.0,707.0,1.0
2021-01-05 09:35:11.680,0.7483,0.7486,23.0,0.7453,1.0,707.0,1.0
2021-01-05 09:35:12.101,0.7483,0.7486,23.0,0.7442,20.0,707.0,1.0
2021-01-05 09:35:12.691,0.7483,0.7486,23.0,0.7443,1.0,707.0,1.0
2021-01-05 09:35:13.160,0.7483,0.7486,23.0,0.7443,20.0,707.0,1.0
2021-01-05 09:35:13.640,0.7483,0.7486,3.0,0.7451,10.0,707.0,1.0
2021-01-05 09:35:14.191,0.7483,0.7486,3.0,0.7451,10.0,707.0,1.0
2021-01-05 09:35:14.691,0.7451,0.7486,3.0,0.7444,2.0,709.0,3.0
2021-01-05 09:35:15.200,0.7451,0.7486,3.0,0.7444,22.0,709.0,3.0
2021-01-05 09:35:15.701,0.7451,0.7486,3.0,0.7444,22.0,709.0,3.0
2021-01-05 09:35:16.201,0.7451,0.7486,3.0,0.7444,22.0,709.0,3.0
2021-01-05 09:35:16.681,0.7451,0.7486,3.0,0.7444,22.0,709.0,3.0
2021-01-05 09:35:17.680,0.7451,0.7486,3.0,0.7445,1.0,709.0,3.0
2021-01-05 09:35:18.681,0.7451,0.7486,3.0,0.7445,1.0,709.0,3.0
2021-01-05 09:35:19.641,0.7451,0.7486,3.0,0.7445,1.0,709.0,3.0
2021-01-05 09:35:20.120,0.7451,0.7486,3.0,0.7448,14.0,709.0,3.0
2021-01-05 09:35:20.690,0.7451,0.7486,3.0,0.7448,14.0,709.0,3.0
2021-01-05 09:35:21.180,0.7451,0.7486,3.0,0.7448,14.0,709.0,3.0
2021-01-05 09:35:21.620,0.7451,0.7485,3.0,0.7445,1.0,709.0,3.0
2021-01-05 09:35:22.171,0.7451,0.7485,3.0,0.7445,1.0,709.0,3.0
2021-01-05 09:35:22.650,0.7451,0.7485,3.0,0.7444,22.0,709.0,3.0
2021-01-05 09:35:23.680,0.7451,0.7485,3.0,0.745,10.0,709.0,3.0
2021-01-05 09:35:24.171,0.7451,0.7485,3.0,0.745,10.0,709.0,3.0
2021-01-05 09:35:24.671,0.7451,0.7485,3.0,0.745,10.0,709.0,3.0
2021-01-05 09:35:25.170,0.7451,0.7485,3.0,0.745,10.0,709.0,3.0
2021-01-05 09:35:25.660,0.7451,0.7485,3.0,0.745,10.0,709.0,3.0
2021-01-05 09:35:26.651,0.7451,0.7485,3.0,0.745,10.0,709.0,3.0
2021-01-05 09:35:27.641,0.7451,0.7485,3.0,0.745,10.0,709.0,3.0
2021-01-05 09:35:28.171,0.7451,0.7485,3.0,0.745,10.0,709.0,3.0
2021-01-05 09:35:29.641,0.7451,0.7485,3.0,0.7447,10.0,709.0,3.0
2021-01-05 09:35:30.121,0.7451,0.7485,3.0,0.7447,10.0,709.0,3.0
2021-01-05 09:35:30.690,0.7451,0.7485,3.0,0.7447,10.0,709.0,3.0
2021-01-05 09:35:31.170,0.7451,0.7485,3.0,0.7447,10.0,709.0,3.0
2021-01-05 09:35:31.700,0.7451,0.7485,3.0,0.7447,10.0,709.0,3.0
2021-01-05 09:35:32.161,0.7451,0.7484,3.0,0.7447,10.0,709.0,3.0
2021-01-05 09:35:32.691,0.7451,0.7484,3.0,0.7447,10.0,709.0,3.0
2021-01-05 09:35:33.191,0.7451,0.7484,3.0,0.7447,10.0,709.0,3.0
2021-01-05 09:35:33.650,0.7451,0.7484,3.0,0.7447,10.0,709.0,3.0
2021-01-05 09:35:34.190,0.7451,0.7484,3.0,0.7447,10.0,709.0,3.0
2021-01-05 09:35:34.691,0.7451,0.7484,3.0,0.7444,22.0,709.0,3.0
2021-01-05 09:35:35.631,0.7451,0.7484,3.0,0.7444,22.0,709.0,3.0
2021-01-05 09:35:36.620,0.7451,0.7484,3.0,0.7444,22.0,709.0,3.0
2021-01-05 09:35:38.651,0.7451,0.7484,3.0,0.7444,22.0,709.0,3.0
2021-01-05 09:35:40.191,0.7451,0.7484,3.0,0.7444,22.0,709.0,3.0
2021-01-05 09:35:40.691,0.7451,0.7484,3.0,0.7444,22.0,709.0,3.0
2021-01-05 09:35:41.190,0.7451,0.7484,3.0,0.7444,22.0,709.0,3.0
2021-01-05 09:35:42.160,0.7451,0.7483,3.0,0.7444,22.0,709.0,3.0
2021-01-05 09:35:42.670,0.7451,0.7483,3.0,0.7444,22.0,709.0,3.0
2021-01-05 09:35:43.190,0.7451,0.7483,3.0,0.7444,22.0,709.0,3.0
2021-01-05 09:35:44.101,0.7451,0.7483,3.0,0.7444,22.0,709.0,3.0
2021-01-05 09:35:45.670,0.7451,0.7483,3.0,0.7444,21.0,709.0,3.0
2021-01-05 09:35:46.170,0.7451,0.7483,3.0,0.7444,21.0,709.0,3.0
2021-01-05 09:35:47.691,0.7451,0.7474,14.0,0.7444,1.0,709.0,3.0
2021-01-05 09:35:48.181,0.7451,0.7473,3.0,0.7437,20.0,709.0,3.0
2021-01-05 09:35:48.650,0.7451,0.7473,23.0,0.7438,1.0,709.0,3.0
2021-01-05 09:35:49.180,0.7451,0.7473,23.0,0.7438,20.0,709.0,3.0
2021-01-05 09:35:49.701,0.7451,0.7473,23.0,0.7439,1.0,709.0,3.0
2021-01-05 09:35:50.121,0.7451,0.7473,23.0,0.7437,20.0,709.0,3.0
2021-01-05 09:35:50.680,0.7451,0.7473,23.0,0.744,1.0,709.0,3.0
2021-01-05 09:35:51.180,0.7451,0.7473,23.0,0.7428,10.0,709.0,3.0
2021-01-05 09:35:51.710,0.7451,0.7473,23.0,0.7429,1.0,709.0,3.0
2021-01-05 09:35:52.190,0.7451,0.7473,23.0,0.743,1.0,709.0,3.0
2021-01-05 09:35:54.161,0.7451,0.7473,23.0,0.743,1.0,709.0,3.0
2021-01-05 09:35:54.640,0.7451,0.7473,23.0,0.743,1.0,709.0,3.0
2021-01-05 09:35:55.181,0.7451,0.7473,3.0,0.7442,10.0,709.0,3.0
2021-01-05 09:35:55.381,0.7451,0.7473,3.0,0.7442,30.0,709.0,3.0
2021-01-05 09:35:56.121,0.7451,0.7473,3.0,0.7443,3.0,709.0,3.0
2021-01-05 09:35:56.690,0.7451,0.7473,3.0,0.7443,3.0,709.0,3.0
2021-01-05 09:35:57.160,0.7451,0.7473,3.0,0.7443,2.0,709.0,3.0
2021-01-05 09:35:57.681,0.7451,0.7473,3.0,0.7443,2.0,709.0,3.0
2021-01-05 09:35:59.160,0.7451,0.7473,3.0,0.7443,2.0,709.0,3.0
2021-01-05 09:36:00.201,0.7451,0.7472,3.0,0.7443,2.0,709.0,3.0
2021-01-05 09:36:00.680,0.7451,0.7472,3.0,0.7443,1.0,709.0,3.0
2021-01-05 09:36:01.671,0.7451,0.7472,3.0,0.7443,1.0,709.0,3.0
2021-01-05 09:36:02.170,0.7451,0.7472,3.0,0.7443,1.0,709.0,3.0
2021-01-05 09:36:02.701,0.7451,0.7472,3.0,0.7444,1.0,709.0,3.0
2021-01-05 09:36:03.200,0.7451,0.7472,3.0,0.7444,1.0,709.0,3.0
2021-01-05 09:36:03.700,0.7451,0.7472,3.0,0.7444,2.0,709.0,3.0
2021-01-05 09:36:04.971,0.7451,0.7472,3.0,0.7444,1.0,709.0,3.0
2021-01-05 09:36:05.690,0.7451,0.7472,3.0,0.7444,1.0,709.0,3.0
2021-01-05 09:36:07.640,0.7451,0.7472,3.0,0.7448,10.0,709.0,3.0
2021-01-05 09:36:08.170,0.7451,0.7472,3.0,0.7448,30.0,709.0,3.0
2021-01-05 09:36:09.161,0.7451,0.7472,3.0,0.7448,30.0,709.0,3.0
2021-01-05 09:36:10.101,0.7451,0.7472,3.0,0.7449,1.0,709.0,3.0
2021-01-05 09:36:10.671,0.7451,0.7472,3.0,0.7449,1.0,709.0,3.0
2021-01-05 09:36:11.651,0.7451,0.7472,3.0,0.7449,1.0,709.0,3.0
2021-01-05 09:36:12.690,0.7451,0.7472,3.0,0.7448,30.0,709.0,3.0
2021-01-05 09:36:14.150,0.7451,0.7472,3.0,0.7448,30.0,709.0,3.0
2021-01-05 09:36:15.170,0.7451,0.7472,3.0,0.7448,31.0,709.0,3.0
2021-01-05 09:36:18.680,0.7472,0.7489,14.0,0.7448,31.0,712.0,6.0
2021-01-05 09:36:19.151,0.7472,0.7489,14.0,0.7448,31.0,712.0,6.0
2021-01-05 09:36:19.691,0.7472,0.7489,14.0,0.7448,30.0,712.0,6.0
2021-01-05 09:36:21.120,0.7472,0.7489,14.0,0.7448,30.0,712.0,6.0
2021-01-05 09:36:21.691,0.7472,0.7489,14.0,0.7449,1.0,712.0,6.0
2021-01-05 09:36:23.191,0.7472,0.7489,14.0,0.7448,30.0,712.0,6.0
2021-01-05 09:36:23.681,0.7472,0.7489,14.0,0.7448,30.0,712.0,6.0
2021-01-05 09:36:24.171,0.7472,0.7489,14.0,0.7448,30.0,712.0,6.0
2021-01-05 09:36:25.191,0.7472,0.7489,17.0,0.7448,30.0,712.0,6.0
2021-01-05 09:36:25.690,0.7472,0.7489,17.0,0.7448,30.0,712.0,6.0
2021-01-05 09:36:26.651,0.7472,0.7489,17.0,0.7448,30.0,712.0,6.0
2021-01-05 09:36:27.070,0.7472,0.7489,17.0,0.7448,20.0,712.0,6.0
2021-01-05 09:36:27.690,0.7472,0.7489,17.0,0.7448,20.0,712.0,6.0
2021-01-05 09:36:28.190,0.7472,0.7489,17.0,0.7444,1.0,712.0,6.0
2021-01-05 09:36:29.100,0.7472,0.7489,17.0,0.7443,1.0,712.0,6.0
2021-01-05 09:36:29.661,0.7472,0.7489,37.0,0.7444,20.0,712.0,6.0
2021-01-05 09:36:30.161,0.7472,0.7489,17.0,0.7444,20.0,712.0,6.0
2021-01-05 09:36:30.700,0.7472,0.7489,37.0,0.7431,1.0,712.0,6.0
2021-01-05 09:36:31.181,0.7472,0.7489,17.0,0.7431,1.0,712.0,6.0
2021-01-05 09:36:31.690,0.7472,0.7489,37.0,0.7432,1.0,712.0,6.0
2021-01-05 09:36:32.130,0.7472,0.7489,17.0,0.7432,1.0,712.0,6.0
2021-01-05 09:36:32.660,0.7472,0.7489,37.0,0.7432,1.0,712.0,6.0
2021-01-05 09:36:33.200,0.7472,0.7489,17.0,0.7432,1.0,712.0,6.0
2021-01-05 09:36:33.670,0.7472,0.7489,37.0,0.7432,1.0,712.0,6.0
2021-01-05 09:36:34.091,0.7472,0.7489,17.0,0.7432,1.0,712.0,6.0
2021-01-05 09:36:35.150,0.7472,0.7489,37.0,0.7432,1.0,712.0,6.0
2021-01-05 09:36:35.701,0.7472,0.7488,3.0,0.7432,1.0,712.0,6.0
2021-01-05 09:36:36.191,0.7472,0.7488,3.0,0.7432,1.0,712.0,6.0
2021-01-05 09:36:36.700,0.7472,0.7477,10.0,0.7432,1.0,712.0,6.0
2021-01-05 09:36:37.190,0.7472,0.7477,10.0,0.7432,1.0,712.0,6.0
2021-01-05 09:36:40.191,0.7472,0.7477,10.0,0.7432,1.0,712.0,6.0
2021-01-05 09:36:40.700,0.7472,0.7477,10.0,0.7432,1.0,712.0,6.0
2021-01-05 09:36:41.201,0.7472,0.7477,10.0,0.7432,1.0,712.0,6.0
2021-01-05 09:36:41.641,0.7472,0.7477,10.0,0.7432,1.0,712.0,6.0
2021-01-05 09:36:42.200,0.7472,0.7477,10.0,0.7432,1.0,712.0,6.0
2021-01-05 09:36:42.690,0.7472,0.7477,10.0,0.7433,1.0,712.0,6.0
2021-01-05 09:36:43.180,0.7472,0.7477,10.0,0.7433,1.0,712.0,6.0
2021-01-05 09:36:43.700,0.7472,0.7477,10.0,0.7434,1.0,712.0,6.0
2021-01-05 09:36:44.200,0.7472,0.7477,10.0,0.743,20.0,712.0,6.0
2021-01-05 09:36:45.191,0.7472,0.7477,10.0,0.7431,2.0,712.0,6.0
2021-01-05 09:36:45.631,0.7472,0.7477,10.0,0.7431,2.0,712.0,6.0
2021-01-05 09:36:46.190,0.7472,0.7477,10.0,0.7431,2.0,712.0,6.0
2021-01-05 09:36:46.651,0.7472,0.7477,10.0,0.7431,2.0,712.0,6.0
2021-01-05 09:36:47.130,0.7472,0.7475,14.0,0.7431,2.0,712.0,6.0
2021-01-05 09:36:47.660,0.7472,0.7461,10.0,0.7431,1.0,712.0,6.0
2021-01-05 09:36:48.630,0.7472,0.7461,10.0,0.7432,1.0,712.0,6.0
2021-01-05 09:36:49.181,0.7472,0.7461,10.0,0.7432,1.0,712.0,6.0
2021-01-05 09:36:49.700,0.7472,0.7461,10.0,0.7433,1.0,712.0,6.0
2021-01-05 09:36:53.680,0.7472,0.7461,10.0,0.7433,1.0,712.0,6.0
2021-01-05 09:36:54.180,0.7472,0.7461,10.0,0.7434,1.0,712.0,6.0
2021-01-05 09:36:54.631,0.7472,0.7461,10.0,0.7434,1.0,712.0,6.0
2021-01-05 09:36:55.141,0.7472,0.7461,10.0,0.7435,1.0,712.0,6.0
2021-01-05 09:36:56.141,0.7472,0.7461,10.0,0.7436,1.0,712.0,6.0
2021-01-05 09:36:56.691,0.7472,0.7461,10.0,0.7436,1.0,712.0,6.0
2021-01-05 09:36:57.171,0.7472,0.7461,10.0,0.7437,1.0,712.0,6.0
2021-01-05 09:36:57.601,0.7472,0.7461,10.0,0.7437,20.0,712.0,6.0
2021-01-05 09:36:58.160,0.7472,0.7461,10.0,0.7438,1.0,712.0,6.0
2021-01-05 09:36:58.431,0.7472,0.7461,10.0,0.7438,21.0,712.0,6.0
2021-01-05 09:36:59.181,0.7472,0.7461,10.0,0.7438,21.0,712.0,6.0
2021-01-05 09:36:59.690,0.7472,0.7461,10.0,0.7438,21.0,712.0,6.0
2021-01-05 09:37:01.031,0.7472,0.7461,10.0,0.7438,21.0,712.0,6.0
2021-01-05 09:37:01.630,0.7472,0.7461,10.0,0.7439,1.0,712.0,6.0
2021-01-05 09:37:02.191,0.7472,0.7475,24.0,0.7439,1.0,712.0,6.0
2021-01-05 09:37:03.151,0.7472,0.7475,24.0,0.7439,1.0,712.0,6.0
2021-01-05 09:37:03.630,0.7472,0.7475,24.0,0.7439,1.0,712.0,6.0
2021-01-05 09:37:04.200,0.7472,0.7475,14.0,0.7439,21.0,712.0,6.0
2021-01-05 09:37:05.140,0.7472,0.7476,3.0,0.7439,21.0,712.0,6.0
2021-01-05 09:37:05.660,0.7472,0.7476,3.0,0.7439,21.0,712.0,6.0
2021-01-05 09:37:06.700,0.7472,0.7476,3.0,0.7439,21.0,712.0,6.0
2021-01-05 09:37:07.180,0.7472,0.7476,3.0,0.7439,21.0,712.0,6.0
2021-01-05 09:37:07.681,0.7472,0.7476,3.0,0.7439,21.0,712.0,6.0
2021-01-05 09:37:08.200,0.7472,0.7476,3.0,0.7439,21.0,712.0,6.0
2021-01-05 09:37:08.630,0.7472,0.7475,3.0,0.7439,21.0,712.0,6.0
2021-01-05 09:37:09.170,0.7472,0.7475,3.0,0.7439,21.0,712.0,6.0
2021-01-05 09:37:09.660,0.7472,0.7475,13.0,0.7439,21.0,712.0,6.0
2021-01-05 09:37:10.140,0.7472,0.7475,13.0,0.7439,21.0,712.0,6.0
2021-01-05 09:37:10.701,0.7472,0.7475,13.0,0.7439,21.0,712.0,6.0
2021-01-05 09:37:13.681,0.7472,0.7475,13.0,0.7439,21.0,712.0,6.0
2021-01-05 09:37:14.171,0.7472,0.7475,13.0,0.7439,21.0,712.0,6.0
2021-01-05 09:37:15.160,0.7472,0.7475,13.0,0.7439,21.0,712.0,6.0
2021-01-05 09:37:16.461,0.7472,0.7475,3.0,0.7439,21.0,712.0,6.0
2021-01-05 09:37:23.150,0.7472,0.7475,3.0,0.7439,21.0,712.0,6.0
2021-01-05 09:37:23.701,0.7472,0.7475,3.0,0.7439,21.0,712.0,6.0
2021-01-05 09:37:24.080,0.7472,0.7475,3.0,0.7439,21.0,712.0,6.0
2021-01-05 09:37:24.631,0.7472,0.7475,3.0,0.7439,21.0,712.0,6.0
2021-01-05 09:37:25.200,0.7472,0.7475,3.0,0.7439,21.0,712.0,6.0
2021-01-05 09:37:26.650,0.7472,0.7475,3.0,0.7439,21.0,712.0,6.0
2021-01-05 09:37:29.130,0.7472,0.7475,3.0,0.7439,21.0,712.0,6.0
2021-01-05 09:37:30.191,0.7472,0.7475,3.0,0.7439,21.0,712.0,6.0
2021-01-05 09:37:30.650,0.7472,0.7475,3.0,0.7439,21.0,712.0,6.0
2021-01-05 09:37:31.190,0.7472,0.7475,3.0,0.7439,21.0,712.0,6.0
2021-01-05 09:37:32.651,0.7472,0.7475,3.0,0.7439,21.0,712.0,6.0
2021-01-05 09:37:33.180,0.7472,0.7475,3.0,0.7439,21.0,712.0,6.0
2021-01-05 09:37:35.650,0.7472,0.7475,3.0,0.7439,21.0,712.0,6.0
2021-01-05 09:37:37.691,0.7472,0.7475,3.0,0.7439,21.0,712.0,6.0
2021-01-05 09:37:38.651,0.7472,0.7475,3.0,0.7439,21.0,712.0,6.0
2021-01-05 09:37:39.170,0.7472,0.7475,3.0,0.7439,21.0,712.0,6.0
2021-01-05 09:37:39.700,0.7472,0.7475,3.0,0.744,1.0,712.0,6.0
2021-01-05 09:37:42.130,0.7475,0.7487,14.0,0.744,1.0,715.0,9.0
2021-01-05 09:37:42.691,0.7475,0.7487,14.0,0.7449,10.0,715.0,9.0
2021-01-05 09:37:43.181,0.7475,0.7487,14.0,0.7449,30.0,715.0,9.0
2021-01-05 09:37:43.671,0.7475,0.7495,14.0,0.745,2.0,715.0,9.0
2021-01-05 09:37:44.651,0.7475,0.7495,14.0,0.745,2.0,715.0,9.0
2021-01-05 09:37:45.650,0.7475,0.7495,14.0,0.745,2.0,715.0,9.0
2021-01-05 09:37:46.601,0.7475,0.7495,14.0,0.745,2.0,715.0,9.0
2021-01-05 09:37:47.661,0.7475,0.7495,14.0,0.745,2.0,715.0,9.0
2021-01-05 09:37:48.201,0.7475,0.7495,14.0,0.745,2.0,715.0,9.0
2021-01-05 09:37:48.700,0.7475,0.7495,14.0,0.745,2.0,715.0,9.0
2021-01-05 09:37:49.670,0.7475,0.7495,14.0,0.745,2.0,715.0,9.0
2021-01-05 09:37:50.220,0.7475,0.7495,14.0,0.745,2.0,715.0,9.0
2021-01-05 09:37:51.691,0.7475,0.7495,14.0,0.745,2.0,715.0,9.0
2021-01-05 09:37:52.191,0.7475,0.7495,14.0,0.745,2.0,715.0,9.0
2021-01-05 09:37:53.680,0.7475,0.7495,14.0,0.745,2.0,715.0,9.0
2021-01-05 09:37:54.170,0.7475,0.7495,14.0,0.745,2.0,715.0,9.0
2021-01-05 09:37:56.121,0.7475,0.7495,14.0,0.745,2.0,715.0,9.0
2021-01-05 09:37:56.611,0.7475,0.7495,14.0,0.745,2.0,715.0,9.0
2021-01-05 09:37:57.170,0.7475,0.7495,14.0,0.745,2.0,715.0,9.0
2021-01-05 09:37:57.601,0.7475,0.7495,14.0,0.745,2.0,715.0,9.0
2021-01-05 09:37:58.640,0.7475,0.7495,14.0,0.745,2.0,715.0,9.0
2021-01-05 09:38:04.090,0.7475,0.7495,14.0,0.745,2.0,715.0,9.0
2021-01-05 09:38:07.200,0.7475,0.7485,14.0,0.745,1.0,715.0,9.0
2021-01-05 09:38:07.690,0.7475,0.7485,14.0,0.745,1.0,715.0,9.0
2021-01-05 09:38:08.670,0.7475,0.7485,14.0,0.7449,30.0,715.0,9.0
2021-01-05 09:38:09.160,0.7475,0.7485,14.0,0.7449,30.0,715.0,9.0
2021-01-05 09:38:10.180,0.7475,0.7485,14.0,0.7449,30.0,715.0,9.0
2021-01-05 09:38:10.670,0.7475,0.7485,14.0,0.7449,30.0,715.0,9.0
2021-01-05 09:38:11.141,0.7475,0.7485,14.0,0.7449,30.0,715.0,9.0
2021-01-05 09:38:11.701,0.7475,0.7485,14.0,0.7449,30.0,715.0,9.0
2021-01-05 09:38:12.191,0.7475,0.7485,14.0,0.7449,10.0,715.0,9.0
2021-01-05 09:38:12.531,0.7475,0.7485,14.0,0.7449,20.0,715.0,9.0
2021-01-05 09:38:13.690,0.7475,0.7485,14.0,0.7439,20.0,715.0,9.0
2021-01-05 09:38:14.141,0.7475,0.7485,14.0,0.7439,20.0,715.0,9.0
2021-01-05 09:38:14.691,0.7475,0.7485,14.0,0.7439,20.0,715.0,9.0
2021-01-05 09:38:15.150,0.7475,0.7474,14.0,0.7439,20.0,715.0,9.0
2021-01-05 09:38:15.730,0.7475,0.7474,14.0,0.7439,20.0,715.0,9.0
2021-01-05 09:38:16.210,0.7475,0.7474,14.0,0.7439,20.0,715.0,9.0
2021-01-05 09:38:17.190,0.7475,0.7474,14.0,0.7439,20.0,715.0,9.0
2021-01-05 09:38:18.231,0.7475,0.7474,14.0,0.7439,20.0,715.0,9.0
2021-01-05 09:38:18.660,0.7475,0.7474,14.0,0.7439,20.0,715.0,9.0
2021-01-05 09:38:19.670,0.7475,0.7474,14.0,0.7439,20.0,715.0,9.0
2021-01-05 09:38:20.231,0.7475,0.7474,14.0,0.7439,20.0,715.0,9.0
2021-01-05 09:38:20.690,0.7475,0.7474,14.0,0.7439,20.0,715.0,9.0
2021-01-05 09:38:21.670,0.7475,0.7474,17.0,0.7434,10.0,715.0,9.0
2021-01-05 09:38:22.210,0.7475,0.7474,17.0,0.7434,10.0,715.0,9.0
2021-01-05 09:38:22.531,0.7475,0.7464,14.0,0.7434,10.0,715.0,9.0
2021-01-05 09:38:23.201,0.7475,0.7464,14.0,0.7434,30.0,715.0,9.0
2021-01-05 09:38:24.141,0.7475,0.7464,14.0,0.7434,20.0,715.0,9.0
2021-01-05 09:38:24.690,0.7475,0.7464,14.0,0.7419,30.0,715.0,9.0
2021-01-05 09:38:25.101,0.7475,0.7464,14.0,0.7419,31.0,715.0,9.0
2021-01-05 09:38:26.100,0.7475,0.7464,14.0,0.7419,31.0,715.0,9.0
2021-01-05 09:38:26.701,0.7475,0.7464,14.0,0.7419,31.0,715.0,9.0
2021-01-05 09:38:27.691,0.7475,0.7464,14.0,0.7419,31.0,715.0,9.0
2021-01-05 09:38:28.171,0.7475,0.7464,14.0,0.7419,21.0,715.0,9.0
2021-01-05 09:38:28.680,0.7475,0.7464,14.0,0.7419,21.0,715.0,9.0
2021-01-05 09:38:29.191,0.7475,0.7464,14.0,0.7419,21.0,715.0,9.0
2021-01-05 09:38:29.641,0.7475,0.7464,14.0,0.7419,21.0,715.0,9.0
2021-01-05 09:38:30.190,0.7475,0.7464,14.0,0.7419,20.0,715.0,9.0
2021-01-05 09:38:31.181,0.7475,0.7464,14.0,0.7408,34.0,715.0,9.0
2021-01-05 09:38:31.650,0.7475,0.7464,14.0,0.7409,1.0,715.0,9.0
2021-01-05 09:38:32.171,0.7475,0.7464,14.0,0.7409,1.0,715.0,9.0
2021-01-05 09:38:32.701,0.7475,0.7464,14.0,0.7409,1.0,715.0,9.0
2021-01-05 09:38:33.191,0.7475,0.7453,14.0,0.7409,1.0,715.0,9.0
2021-01-05 09:38:33.700,0.7475,0.7453,34.0,0.7409,21.0,715.0,9.0
2021-01-05 09:38:34.201,0.7475,0.7453,34.0,0.7409,20.0,715.0,9.0
2021-01-05 09:38:35.200,0.7475,0.7445,14.0,0.7402,30.0,715.0,9.0
2021-01-05 09:38:35.700,0.7475,0.7445,34.0,0.7402,30.0,715.0,9.0
2021-01-05 09:38:36.180,0.7475,0.7445,14.0,0.7402,30.0,715.0,9.0
2021-01-05 09:38:36.691,0.7475,0.7445,34.0,0.7402,30.0,715.0,9.0
2021-01-05 09:38:37.160,0.7475,0.7445,34.0,0.7402,30.0,715.0,9.0
2021-01-05 09:38:37.680,0.7475,0.7445,34.0,0.7402,30.0,715.0,9.0
2021-01-05 09:38:38.161,0.7475,0.7445,34.0,0.7402,30.0,715.0,9.0
2021-01-05 09:38:39.161,0.7475,0.7444,3.0,0.7402,20.0,715.0,9.0
2021-01-05 09:38:39.661,0.7475,0.7444,3.0,0.7386,34.0,715.0,9.0
2021-01-05 09:38:39.901,0.7475,0.743,14.0,0.7386,20.0,715.0,9.0
2021-01-05 09:38:40.591,0.7475,0.743,14.0,0.738,10.0,715.0,9.0
2021-01-05 09:38:41.190,0.7475,0.743,14.0,0.7381,1.0,715.0,9.0
2021-01-05 09:38:41.670,0.7475,0.743,14.0,0.7381,1.0,715.0,9.0
2021-01-05 09:38:42.191,0.7475,0.743,14.0,0.7381,1.0,715.0,9.0
2021-01-05 09:38:43.190,0.7475,0.743,14.0,0.7381,1.0,715.0,9.0
2021-01-05 09:38:43.701,0.7475,0.743,14.0,0.7381,1.0,715.0,9.0
2021-01-05 09:38:44.200,0.7475,0.743,14.0,0.7381,1.0,715.0,9.0
2021-01-05 09:38:44.690,0.7475,0.743,14.0,0.7382,1.0,715.0,9.0
2021-01-05 09:38:45.580,0.7475,0.743,14.0,0.7382,1.0,715.0,9.0
2021-01-05 09:38:46.200,0.7475,0.7444,3.0,0.7382,1.0,715.0,9.0
2021-01-05 09:38:46.210,0.7475,0.7442,14.0,0.7384,14.0,715.0,9.0
2021-01-05 09:38:47.140,0.7475,0.7441,3.0,0.7384,14.0,715.0,9.0
2021-01-05 09:38:48.110,0.7475,0.7441,3.0,0.7395,10.0,715.0,9.0
2021-01-05 09:38:48.650,0.7475,0.7441,3.0,0.7395,30.0,715.0,9.0
2021-01-05 09:38:49.130,0.7475,0.7441,3.0,0.7396,16.0,715.0,9.0
2021-01-05 09:38:49.670,0.7475,0.7441,3.0,0.7396,16.0,715.0,9.0
2021-01-05 09:38:50.110,0.7475,0.7441,3.0,0.7396,16.0,715.0,9.0
2021-01-05 09:38:51.170,0.7475,0.7441,3.0,0.7396,16.0,715.0,9.0
2021-01-05 09:38:51.691,0.7475,0.7441,3.0,0.7396,16.0,715.0,9.0
2021-01-05 09:38:52.150,0.7475,0.7441,3.0,0.7396,2.0,715.0,9.0
2021-01-05 09:38:52.630,0.7475,0.7441,3.0,0.7396,1.0,715.0,9.0
2021-01-05 09:38:53.191,0.7475,0.7441,3.0,0.7395,30.0,715.0,9.0
2021-01-05 09:38:54.200,0.7475,0.7441,3.0,0.7395,30.0,715.0,9.0
2021-01-05 09:38:54.690,0.7475,0.7441,3.0,0.7395,20.0,715.0,9.0
2021-01-05 09:38:55.001,0.7475,0.7441,3.0,0.7396,10.0,715.0,9.0
2021-01-05 09:38:55.650,0.7475,0.7441,3.0,0.7396,30.0,715.0,9.0
2021-01-05 09:38:56.190,0.7475,0.7441,3.0,0.7396,20.0,715.0,9.0
2021-01-05 09:38:57.200,0.7475,0.744,3.0,0.7385,34.0,715.0,9.0
2021-01-05 09:38:57.640,0.7475,0.744,3.0,0.7386,1.0,715.0,9.0
2021-01-05 09:38:58.190,0.7475,0.744,3.0,0.7386,1.0,715.0,9.0
2021-01-05 09:38:58.670,0.7475,0.744,3.0,0.7387,1.0,715.0,9.0
2021-01-05 09:38:59.060,0.7475,0.744,3.0,0.7395,10.0,715.0,9.0
2021-01-05 09:39:00.140,0.7475,0.744,3.0,0.7396,1.0,715.0,9.0
2021-01-05 09:39:00.660,0.7475,0.744,3.0,0.7396,2.0,715.0,9.0
2021-01-05 09:39:01.160,0.7475,0.744,3.0,0.7396,2.0,715.0,9.0
2021-01-05 09:39:02.201,0.7475,0.744,3.0,0.7396,2.0,715.0,9.0
2021-01-05 09:39:02.660,0.7475,0.744,3.0,0.7396,2.0,715.0,9.0
2021-01-05 09:39:03.150,0.7475,0.744,3.0,0.7396,2.0,715.0,9.0
2021-01-05 09:39:04.161,0.7475,0.744,3.0,0.7396,2.0,715.0,9.0
2021-01-05 09:39:08.690,0.7475,0.744,3.0,0.7396,2.0,715.0,9.0
2021-01-05 09:39:09.161,0.7475,0.744,3.0,0.7396,2.0,715.0,9.0
2021-01-05 09:39:09.601,0.7475,0.744,3.0,0.7403,10.0,715.0,9.0
2021-01-05 09:39:10.191,0.7475,0.744,3.0,0.7403,30.0,715.0,9.0
2021-01-05 09:39:10.660,0.7475,0.744,3.0,0.7403,30.0,715.0,9.0
2021-01-05 09:39:11.201,0.7475,0.7438,14.0,0.7403,20.0,715.0,9.0
2021-01-05 09:39:12.220,0.7475,0.7438,14.0,0.7396,2.0,715.0,9.0
2021-01-05 09:39:13.720,0.7475,0.7438,14.0,0.7396,2.0,715.0,9.0
2021-01-05 09:39:14.160,0.7475,0.7438,14.0,0.7396,2.0,715.0,9.0
2021-01-05 09:39:15.220,0.7475,0.7438,14.0,0.7396,1.0,715.0,9.0
2021-01-05 09:39:15.720,0.7475,0.7438,14.0,0.7395,20.0,715.0,9.0
2021-01-05 09:39:16.711,0.7475,0.7438,14.0,0.7395,1.0,715.0,9.0
2021-01-05 09:39:17.191,0.7475,0.7438,14.0,0.7395,20.0,715.0,9.0
2021-01-05 09:39:17.650,0.7475,0.7438,14.0,0.7395,20.0,715.0,9.0
2021-01-05 09:39:18.221,0.7475,0.7438,14.0,0.7396,1.0,715.0,9.0
2021-01-05 09:39:18.671,0.7475,0.7438,14.0,0.7396,2.0,715.0,9.0
2021-01-05 09:39:20.221,0.7475,0.7438,14.0,0.7396,1.0,715.0,9.0
2021-01-05 09:39:20.741,0.7475,0.7438,14.0,0.7395,20.0,715.0,9.0
2021-01-05 09:39:21.231,0.7475,0.7438,14.0,0.7394,1.0,715.0,9.0
2021-01-05 09:39:21.671,0.7475,0.7437,3.0,0.7385,30.0,715.0,9.0
2021-01-05 09:39:22.211,0.7475,0.7437,3.0,0.7394,20.0,715.0,9.0
2021-01-05 09:39:22.651,0.7475,0.7437,3.0,0.7386,1.0,715.0,9.0
2021-01-05 09:39:23.200,0.7475,0.7437,3.0,0.7387,1.0,715.0,9.0
2021-01-05 09:39:23.710,0.7475,0.7437,3.0,0.7387,1.0,715.0,9.0
2021-01-05 09:39:24.151,0.7475,0.7437,3.0,0.7387,1.0,715.0,9.0
2021-01-05 09:39:25.210,0.7475,0.7437,3.0,0.7389,1.0,715.0,9.0
2021-01-05 09:39:25.690,0.7475,0.7437,3.0,0.7389,1.0,715.0,9.0
2021-01-05 09:39:26.130,0.7475,0.7437,3.0,0.739,1.0,715.0,9.0
2021-01-05 09:39:26.641,0.7475,0.7437,3.0,0.7385,30.0,715.0,9.0
2021-01-05 09:39:27.210,0.7475,0.7437,3.0,0.7386,2.0,715.0,9.0
2021-01-05 09:39:29.231,0.7475,0.7437,3.0,0.7386,2.0,715.0,9.0
2021-01-05 09:39:29.721,0.7475,0.7437,3.0,0.7386,2.0,715.0,9.0
2021-01-05 09:39:30.220,0.7475,0.7437,3.0,0.7386,2.0,715.0,9.0
2021-01-05 09:39:30.721,0.7475,0.7437,3.0,0.7386,2.0,715.0,9.0
2021-01-05 09:39:31.121,0.7475,0.7437,3.0,0.7386,2.0,715.0,9.0
2021-01-05 09:39:32.141,0.7475,0.7437,3.0,0.7386,2.0,715.0,9.0
2021-01-05 09:39:32.700,0.7475,0.7437,3.0,0.7386,2.0,715.0,9.0
2021-01-05 09:39:34.210,0.7475,0.7437,3.0,0.7386,2.0,715.0,9.0
2021-01-05 09:39:34.681,0.7475,0.7437,3.0,0.7386,2.0,715.0,9.0
2021-01-05 09:39:35.701,0.7475,0.7437,3.0,0.741,10.0,715.0,9.0
2021-01-05 09:39:36.231,0.7475,0.7437,3.0,0.741,30.0,715.0,9.0
2021-01-05 09:39:36.660,0.7475,0.7437,3.0,0.741,30.0,715.0,9.0
2021-01-05 09:39:37.221,0.7475,0.7437,3.0,0.741,30.0,715.0,9.0
2021-01-05 09:39:37.730,0.7475,0.7437,3.0,0.7411,1.0,715.0,9.0
2021-01-05 09:39:39.241,0.7475,0.7437,3.0,0.741,30.0,715.0,9.0
2021-01-05 09:39:41.220,0.7475,0.7437,3.0,0.7411,1.0,715.0,9.0
2021-01-05 09:39:41.750,0.7475,0.7437,3.0,0.7411,1.0,715.0,9.0
2021-01-05 09:39:42.210,0.7475,0.7437,3.0,0.7411,1.0,715.0,9.0
2021-01-05 09:39:42.740,0.7475,0.7437,3.0,0.7411,1.0,715.0,9.0
2021-01-05 09:39:43.191,0.7475,0.7437,3.0,0.7411,1.0,715.0,9.0
2021-01-05 09:39:43.660,0.7475,0.7437,3.0,0.7411,1.0,715.0,9.0
2021-01-05 09:39:44.231,0.7475,0.7437,3.0,0.7411,1.0,715.0,9.0
2021-01-05 09:39:44.680,0.7475,0.7437,3.0,0.7411,1.0,715.0,9.0
2021-01-05 09:39:45.251,0.7475,0.7437,3.0,0.7411,1.0,715.0,9.0
2021-01-05 09:39:45.750,0.7475,0.7437,3.0,0.741,20.0,715.0,9.0
2021-01-05 09:39:46.190,0.7475,0.7437,3.0,0.7401,30.0,715.0,9.0
2021-01-05 09:39:46.691,0.7475,0.7435,14.0,0.7401,30.0,715.0,9.0
2021-01-05 09:39:48.720,0.7475,0.7435,14.0,0.7401,30.0,715.0,9.0
2021-01-05 09:39:49.241,0.7475,0.7435,14.0,0.7401,30.0,715.0,9.0
2021-01-05 09:39:50.710,0.7475,0.7435,14.0,0.7401,30.0,715.0,9.0
2021-01-05 09:39:51.241,0.7475,0.7435,14.0,0.7398,20.0,715.0,9.0
2021-01-05 09:39:51.291,0.7475,0.7424,14.0,0.7398,20.0,715.0,9.0
2021-01-05 09:39:52.251,0.7475,0.7424,14.0,0.7398,20.0,715.0,9.0
2021-01-05 09:39:52.251,0.7475,0.7424,14.0,0.7398,20.0,715.0,9.0
2021-01-05 09:39:53.630,0.7475,0.7435,14.0,0.7414,10.0,715.0,9.0
2021-01-05 09:39:54.191,0.7475,0.7435,14.0,0.7414,10.0,715.0,9.0
2021-01-05 09:39:54.191,0.7475,0.7435,14.0,0.7414,10.0,715.0,9.0
2021-01-05 09:39:55.181,0.7414,0.7435,34.0,0.7414,5.0,720.0,14.0
2021-01-05 09:39:55.640,0.7414,0.7435,34.0,0.7408,20.0,725.0,19.0
2021-01-05 09:39:56.120,0.7414,0.7434,3.0,0.7399,1.0,725.0,19.0
2021-01-05 09:39:56.691,0.7414,0.7434,3.0,0.7387,10.0,725.0,19.0
2021-01-05 09:39:57.181,0.7414,0.7434,3.0,0.7398,20.0,725.0,19.0
2021-01-05 09:39:57.580,0.7414,0.7434,3.0,0.7387,30.0,725.0,19.0
2021-01-05 09:39:58.201,0.7414,0.7434,3.0,0.7388,1.0,725.0,19.0
2021-01-05 09:39:59.061,0.7414,0.7434,3.0,0.7388,1.0,725.0,19.0
2021-01-05 09:40:00.631,0.7414,0.7434,3.0,0.7388,1.0,725.0,19.0
2021-01-05 09:40:01.201,0.7414,0.7434,3.0,0.7388,1.0,725.0,19.0
2021-01-05 09:40:01.570,0.7414,0.7434,3.0,0.7388,1.0,725.0,19.0
2021-01-05 09:40:02.200,0.7414,0.7434,3.0,0.7412,10.0,725.0,19.0
2021-01-05 09:40:02.671,0.7414,0.7434,3.0,0.7412,10.0,725.0,19.0
2021-01-05 09:40:03.171,0.7414,0.7434,3.0,0.7412,10.0,725.0,19.0
2021-01-05 09:40:03.691,0.7414,0.7434,3.0,0.7412,10.0,725.0,19.0
2021-01-05 09:40:04.160,0.7414,0.7434,3.0,0.7412,10.0,725.0,19.0
2021-01-05 09:40:04.700,0.7414,0.7434,3.0,0.7412,10.0,725.0,19.0
2021-01-05 09:40:06.200,0.7414,0.7434,3.0,0.7412,10.0,725.0,19.0
2021-01-05 09:40:06.701,0.7414,0.7434,3.0,0.7412,10.0,725.0,19.0
2021-01-05 09:40:08.200,0.7414,0.7446,14.0,0.7413,1.0,725.0,19.0
2021-01-05 09:40:09.191,0.7414,0.7452,20.0,0.7413,1.0,725.0,19.0
2021-01-05 09:40:09.691,0.7414,0.7452,20.0,0.7408,20.0,725.0,19.0
2021-01-05 09:40:10.150,0.7414,0.7452,20.0,0.7409,1.0,725.0,19.0
2021-01-05 09:40:10.680,0.7414,0.7452,20.0,0.7408,20.0,725.0,19.0
2021-01-05 09:40:11.170,0.7414,0.7452,20.0,0.7408,20.0,725.0,19.0
2021-01-05 09:40:11.671,0.7414,0.7452,20.0,0.7408,20.0,725.0,19.0
2021-01-05 09:40:12.190,0.7414,0.7452,20.0,0.7408,20.0,725.0,19.0
2021-01-05 09:40:12.680,0.7414,0.7452,20.0,0.7409,1.0,725.0,19.0
2021-01-05 09:40:13.170,0.7414,0.7452,20.0,0.7409,1.0,725.0,19.0
2021-01-05 09:40:13.400,0.7414,0.7457,14.0,0.741,1.0,725.0,19.0
2021-01-05 09:40:14.150,0.7414,0.7457,14.0,0.741,1.0,725.0,19.0
2021-01-05 09:40:16.140,0.7414,0.7457,14.0,0.7428,10.0,725.0,19.0
2021-01-05 09:40:16.610,0.7414,0.7457,14.0,0.7428,30.0,725.0,19.0
2021-01-05 09:40:17.191,0.7414,0.7457,14.0,0.7428,30.0,725.0,19.0
2021-01-05 09:40:17.621,0.7414,0.7457,14.0,0.7428,30.0,725.0,19.0
2021-01-05 09:40:18.161,0.7414,0.7457,14.0,0.7428,30.0,725.0,19.0
2021-01-05 09:40:19.711,0.7414,0.7457,14.0,0.7428,30.0,725.0,19.0
2021-01-05 09:40:20.191,0.7414,0.7457,14.0,0.7428,30.0,725.0,19.0
2021-01-05 09:40:20.691,0.7414,0.7457,14.0,0.7428,10.0,725.0,19.0
2021-01-05 09:40:21.200,0.7414,0.7457,24.0,0.7421,20.0,725.0,19.0
2021-01-05 09:40:21.701,0.7414,0.7457,24.0,0.741,1.0,725.0,19.0
2021-01-05 09:40:22.210,0.7414,0.7457,24.0,0.7408,30.0,725.0,19.0
2021-01-05 09:40:22.591,0.7414,0.7457,24.0,0.7408,30.0,725.0,19.0
2021-01-05 09:40:23.200,0.7414,0.7457,27.0,0.7408,30.0,725.0,19.0
2021-01-05 09:40:24.681,0.7414,0.7457,27.0,0.7408,30.0,725.0,19.0
2021-01-05 09:40:25.121,0.7414,0.7457,27.0,0.7408,30.0,725.0,19.0
2021-01-05 09:40:26.650,0.7414,0.7457,27.0,0.7408,30.0,725.0,19.0
2021-01-05 09:40:27.140,0.7414,0.7457,27.0,0.7408,30.0,725.0,19.0
2021-01-05 09:40:27.701,0.7414,0.7446,14.0,0.7408,30.0,725.0,19.0
2021-01-05 09:40:28.110,0.7414,0.7446,14.0,0.7408,30.0,725.0,19.0
2021-01-05 09:40:28.690,0.7414,0.7446,34.0,0.7408,30.0,725.0,19.0
2021-01-05 09:40:29.170,0.7414,0.7446,14.0,0.7408,30.0,725.0,19.0
2021-01-05 09:40:29.681,0.7414,0.7446,34.0,0.7408,30.0,725.0,19.0
2021-01-05 09:40:32.611,0.7414,0.7446,34.0,0.7408,30.0,725.0,19.0
2021-01-05 09:40:33.191,0.7414,0.7446,34.0,0.7408,30.0,725.0,19.0
2021-01-05 09:40:33.531,0.7414,0.7446,14.0,0.7412,10.0,725.0,19.0
2021-01-05 09:40:34.171,0.7414,0.7454,20.0,0.7412,10.0,725.0,19.0
2021-01-05 09:40:38.130,0.7414,0.7454,20.0,0.7412,10.0,725.0,19.0
2021-01-05 09:40:39.681,0.7414,0.7454,20.0,0.7412,10.0,725.0,19.0
2021-01-05 09:40:40.151,0.7414,0.7454,20.0,0.7412,10.0,725.0,19.0
2021-01-05 09:40:41.191,0.7414,0.7457,17.0,0.7412,10.0,725.0,19.0
2021-01-05 09:40:41.640,0.7414,0.7457,17.0,0.7412,10.0,725.0,19.0
2021-01-05 09:40:42.180,0.7414,0.7457,17.0,0.7412,10.0,725.0,19.0
2021-01-05 09:40:44.610,0.7414,0.7457,17.0,0.7412,10.0,725.0,19.0
2021-01-05 09:40:48.700,0.7414,0.7457,17.0,0.7412,10.0,725.0,19.0
2021-01-05 09:40:49.111,0.7414,0.7457,17.0,0.7412,10.0,725.0,19.0
2021-01-05 09:40:50.181,0.7414,0.7457,17.0,0.7412,10.0,725.0,19.0
2021-01-05 09:40:54.661,0.7414,0.7457,17.0,0.7412,10.0,725.0,19.0
2021-01-05 09:40:55.111,0.7414,0.7457,17.0,0.7412,10.0,725.0,19.0
2021-01-05 09:40:55.681,0.7414,0.7457,17.0,0.7412,10.0,725.0,19.0
2021-01-05 09:40:56.711,0.7414,0.7457,17.0,0.7412,10.0,725.0,19.0
2021-01-05 09:40:57.180,0.7414,0.7457,17.0,0.7412,10.0,725.0,19.0
2021-01-05 09:40:57.560,0.7414,0.7457,17.0,0.7409,1.0,725.0,19.0
2021-01-05 09:40:58.980,0.7414,0.7457,17.0,0.7409,1.0,725.0,19.0
2021-01-05 09:40:59.650,0.7414,0.7457,17.0,0.741,1.0,725.0,19.0
2021-01-05 09:41:01.041,0.7414,0.7457,17.0,0.741,1.0,725.0,19.0
2021-01-05 09:41:01.650,0.7414,0.7457,17.0,0.741,1.0,725.0,19.0
2021-01-05 09:41:02.661,0.7414,0.7457,17.0,0.741,1.0,725.0,19.0
2021-01-05 09:41:03.110,0.7414,0.7457,17.0,0.741,1.0,725.0,19.0
2021-01-05 09:41:04.180,0.7414,0.7457,17.0,0.7409,1.0,725.0,19.0
2021-01-05 09:41:04.680,0.7414,0.7457,17.0,0.7408,20.0,725.0,19.0
2021-01-05 09:41:05.220,0.7414,0.7457,17.0,0.741,1.0,725.0,19.0
2021-01-05 09:41:06.221,0.7414,0.7457,17.0,0.741,1.0,725.0,19.0
2021-01-05 09:41:07.100,0.7414,0.7457,17.0,0.7408,20.0,725.0,19.0
2021-01-05 09:41:07.631,0.7414,0.7457,17.0,0.7408,20.0,725.0,19.0
2021-01-05 09:41:08.201,0.7414,0.7456,3.0,0.7408,20.0,725.0,19.0
2021-01-05 09:41:08.651,0.7414,0.7456,3.0,0.7414,10.0,725.0,19.0
2021-01-05 09:41:09.661,0.7414,0.7456,3.0,0.7414,10.0,725.0,19.0
2021-01-05 09:41:10.220,0.7414,0.7456,3.0,0.7414,10.0,725.0,19.0
2021-01-05 09:41:10.710,0.7414,0.7456,3.0,0.7408,20.0,725.0,19.0
2021-01-05 09:41:11.210,0.7414,0.7456,3.0,0.7408,20.0,725.0,19.0
2021-01-05 09:41:11.711,0.7414,0.7456,3.0,0.7399,34.0,725.0,19.0
2021-01-05 09:41:12.151,0.7414,0.7446,14.0,0.7408,20.0,725.0,19.0
2021-01-05 09:41:12.710,0.7414,0.7446,14.0,0.7399,20.0,725.0,19.0
2021-01-05 09:41:13.161,0.7414,0.7446,14.0,0.74,1.0,725.0,19.0
2021-01-05 09:41:13.701,0.7414,0.7446,14.0,0.74,2.0,725.0,19.0
2021-01-05 09:41:14.160,0.7414,0.7446,14.0,0.74,2.0,725.0,19.0
2021-01-05 09:41:14.671,0.7414,0.7446,14.0,0.74,22.0,725.0,19.0
2021-01-05 09:41:15.180,0.7414,0.7446,14.0,0.74,22.0,725.0,19.0
2021-01-05 09:41:17.211,0.7414,0.7446,14.0,0.74,22.0,725.0,19.0
2021-01-05 09:41:18.200,0.7414,0.7446,14.0,0.74,22.0,725.0,19.0
2021-01-05 09:41:18.600,0.7414,0.7446,14.0,0.74,22.0,725.0,19.0
2021-01-05 09:41:19.161,0.7414,0.7446,14.0,0.74,22.0,725.0,19.0
2021-01-05 09:41:20.070,0.7414,0.7446,14.0,0.74,22.0,725.0,19.0
2021-01-05 09:41:22.190,0.7414,0.7446,14.0,0.74,21.0,725.0,19.0
2021-01-05 09:41:22.700,0.7414,0.7446,14.0,0.74,21.0,725.0,19.0
2021-01-05 09:41:23.061,0.7414,0.7446,14.0,0.74,21.0,725.0,19.0
2021-01-05 09:41:24.171,0.7414,0.7446,14.0,0.74,21.0,725.0,19.0
2021-01-05 09:41:24.651,0.7414,0.7446,14.0,0.74,21.0,725.0,19.0
2021-01-05 09:41:25.120,0.7414,0.7446,14.0,0.74,21.0,725.0,19.0
2021-01-05 09:41:25.641,0.7414,0.7446,14.0,0.74,20.0,725.0,19.0
2021-01-05 09:41:27.131,0.7414,0.7446,14.0,0.74,20.0,725.0,19.0
2021-01-05 09:41:27.710,0.7414,0.7446,14.0,0.74,20.0,725.0,19.0
2021-01-05 09:41:28.171,0.7414,0.7446,14.0,0.74,20.0,725.0,19.0
2021-01-05 09:41:28.540,0.7414,0.7446,14.0,0.74,20.0,725.0,19.0
2021-01-05 09:41:29.690,0.7414,0.7446,14.0,0.74,20.0,725.0,19.0
2021-01-05 09:41:31.700,0.7414,0.7446,14.0,0.74,20.0,725.0,19.0
2021-01-05 09:41:32.670,0.7414,0.7446,14.0,0.74,20.0,725.0,19.0
2021-01-05 09:41:33.171,0.7414,0.7446,14.0,0.74,20.0,725.0,19.0
2021-01-05 09:41:33.680,0.7414,0.7446,14.0,0.74,20.0,725.0,19.0
2021-01-05 09:41:34.120,0.7414,0.7446,14.0,0.74,20.0,725.0,19.0
2021-01-05 09:41:35.221,0.7414,0.7446,14.0,0.74,20.0,725.0,19.0
2021-01-05 09:41:35.721,0.7414,0.7446,34.0,0.74,20.0,725.0,19.0
2021-01-05 09:41:36.070,0.7414,0.7446,14.0,0.74,20.0,725.0,19.0
2021-01-05 09:41:36.720,0.7414,0.7436,14.0,0.74,20.0,725.0,19.0
2021-01-05 09:41:37.210,0.7414,0.7436,14.0,0.74,20.0,725.0,19.0
2021-01-05 09:41:37.711,0.7414,0.7436,14.0,0.74,20.0,725.0,19.0
2021-01-05 09:41:38.220,0.7414,0.7436,14.0,0.74,20.0,725.0,19.0
2021-01-05 09:41:38.710,0.7414,0.7436,14.0,0.7393,30.0,725.0,19.0
2021-01-05 09:41:39.221,0.7414,0.7436,14.0,0.7393,30.0,725.0,19.0
2021-01-05 09:41:41.130,0.7414,0.7436,14.0,0.7394,1.0,725.0,19.0
2021-01-05 09:41:41.730,0.7414,0.7436,14.0,0.7394,1.0,725.0,19.0
2021-01-05 09:41:42.690,0.7414,0.7436,14.0,0.7394,1.0,725.0,19.0
2021-01-05 09:41:45.190,0.7414,0.7436,14.0,0.7394,1.0,725.0,19.0
2021-01-05 09:41:45.701,0.7414,0.7436,14.0,0.7394,1.0,725.0,19.0
2021-01-05 09:41:46.661,0.7414,0.7436,14.0,0.7408,10.0,725.0,19.0
2021-01-05 09:41:47.201,0.7414,0.7436,14.0,0.7408,20.0,725.0,19.0
2021-01-05 09:41:48.181,0.7414,0.7436,14.0,0.7394,1.0,725.0,19.0
2021-01-05 09:41:48.740,0.7414,0.7436,14.0,0.7393,20.0,725.0,19.0
2021-01-05 09:41:49.191,0.7414,0.7436,14.0,0.7394,1.0,725.0,19.0
2021-01-05 09:41:49.750,0.7414,0.7436,14.0,0.7393,20.0,725.0,19.0
2021-01-05 09:41:50.231,0.7414,0.7436,14.0,0.7393,20.0,725.0,19.0
2021-01-05 09:41:51.251,0.7414,0.7436,14.0,0.7393,20.0,725.0,19.0
2021-01-05 09:41:51.760,0.7414,0.7436,14.0,0.7393,20.0,725.0,19.0
2021-01-05 09:41:52.261,0.7414,0.7436,14.0,0.7393,20.0,725.0,19.0
2021-01-05 09:41:52.690,0.7414,0.7436,14.0,0.7393,20.0,725.0,19.0
2021-01-05 09:41:53.201,0.7414,0.7436,14.0,0.7393,20.0,725.0,19.0
2021-01-05 09:41:55.160,0.7414,0.7436,14.0,0.7393,20.0,725.0,19.0
2021-01-05 09:41:55.671,0.7414,0.7436,14.0,0.7393,20.0,725.0,19.0
2021-01-05 09:41:56.151,0.7414,0.7434,10.0,0.7393,20.0,725.0,19.0
2021-01-05 09:41:56.680,0.7414,0.7434,10.0,0.7386,30.0,725.0,19.0
2021-01-05 09:41:57.110,0.7414,0.7434,10.0,0.7386,10.0,725.0,19.0
2021-01-05 09:41:57.640,0.7414,0.7434,10.0,0.7386,30.0,725.0,19.0
2021-01-05 09:41:58.140,0.7414,0.7434,10.0,0.7386,30.0,725.0,19.0
2021-01-05 09:41:58.151,0.7414,0.7434,10.0,0.7386,30.0,725.0,19.0
2021-01-05 09:41:59.131,0.7414,0.7434,10.0,0.7386,30.0,725.0,19.0
2021-01-05 09:41:59.700,0.7414,0.7434,10.0,0.7386,30.0,725.0,19.0
2021-01-05 09:42:00.151,0.7414,0.7434,10.0,0.7386,30.0,725.0,19.0
2021-01-05 09:42:00.701,0.7414,0.7426,14.0,0.7386,30.0,725.0,19.0
2021-01-05 09:42:01.181,0.7414,0.7426,14.0,0.7386,30.0,725.0,19.0
2021-01-05 09:42:04.110,0.7414,0.7426,14.0,0.7386,30.0,725.0,19.0
2021-01-05 09:42:04.641,0.7414,0.7426,14.0,0.7386,30.0,725.0,19.0
2021-01-05 09:42:06.181,0.7414,0.7426,14.0,0.7386,30.0,725.0,19.0
2021-01-05 09:42:06.690,0.7414,0.7426,14.0,0.7386,30.0,725.0,19.0
2021-01-05 09:42:07.230,0.7414,0.7426,14.0,0.7386,30.0,725.0,19.0
2021-01-05 09:42:09.230,0.7414,0.7426,14.0,0.7386,30.0,725.0,19.0
2021-01-05 09:42:11.211,0.7414,0.7426,14.0,0.7386,30.0,725.0,19.0
2021-01-05 09:42:12.210,0.7414,0.7415,14.0,0.7386,30.0,725.0,19.0
2021-01-05 09:42:12.721,0.7414,0.7415,14.0,0.7386,30.0,725.0,19.0
2021-01-05 09:42:12.721,0.7414,0.7415,14.0,0.7386,30.0,725.0,19.0
2021-01-05 09:42:14.150,0.7414,0.7415,14.0,0.7386,20.0,725.0,19.0
2021-01-05 09:42:15.151,0.7414,0.7415,14.0,0.7371,30.0,725.0,19.0
2021-01-05 09:42:15.650,0.7414,0.7415,14.0,0.7372,1.0,725.0,19.0
2021-01-05 09:42:16.181,0.7414,0.7415,14.0,0.7372,2.0,725.0,19.0
2021-01-05 09:42:16.181,0.7414,0.7415,14.0,0.7372,2.0,725.0,19.0
2021-01-05 09:42:17.241,0.7414,0.7415,14.0,0.7372,2.0,725.0,19.0
2021-01-05 09:42:18.701,0.7414,0.7415,14.0,0.7372,2.0,725.0,19.0
2021-01-05 09:42:19.210,0.7414,0.7425,14.0,0.7372,2.0,725.0,19.0
2021-01-05 09:42:20.150,0.7414,0.7425,14.0,0.7372,2.0,725.0,19.0
2021-01-05 09:42:20.751,0.7414,0.7425,14.0,0.7372,2.0,725.0,19.0
2021-01-05 09:42:22.221,0.7414,0.7425,14.0,0.7372,2.0,725.0,19.0
2021-01-05 09:42:23.170,0.7414,0.7425,14.0,0.7372,1.0,725.0,19.0
2021-01-05 09:42:23.631,0.7414,0.7425,14.0,0.7372,1.0,725.0,19.0
2021-01-05 09:42:24.151,0.7414,0.7425,14.0,0.7372,1.0,725.0,19.0
2021-01-05 09:42:25.511,0.7414,0.7425,17.0,0.7372,1.0,725.0,19.0
2021-01-05 09:42:26.130,0.7414,0.7425,17.0,0.7371,30.0,725.0,19.0
2021-01-05 09:42:27.171,0.7414,0.7425,17.0,0.7371,30.0,725.0,19.0
2021-01-05 09:42:27.651,0.7414,0.7425,17.0,0.7371,31.0,725.0,19.0
2021-01-05 09:42:28.130,0.7414,0.7425,17.0,0.7371,30.0,725.0,19.0
2021-01-05 09:42:30.710,0.7414,0.7425,17.0,0.7372,1.0,725.0,19.0
2021-01-05 09:42:31.200,0.7414,0.7425,17.0,0.7371,30.0,725.0,19.0
2021-01-05 09:42:32.081,0.7414,0.7425,17.0,0.7371,30.0,725.0,19.0
2021-01-05 09:42:34.210,0.7414,0.7425,17.0,0.7371,30.0,725.0,19.0
2021-01-05 09:42:35.701,0.7414,0.7425,17.0,0.7371,30.0,725.0,19.0
2021-01-05 09:42:36.650,0.7414,0.7425,17.0,0.7371,30.0,725.0,19.0
2021-01-05 09:42:37.251,0.7414,0.7425,17.0,0.7371,30.0,725.0,19.0
2021-01-05 09:42:40.221,0.7414,0.7424,3.0,0.7371,30.0,725.0,19.0
2021-01-05 09:42:40.721,0.7414,0.7424,23.0,0.7371,30.0,725.0,19.0
2021-01-05 09:42:41.731,0.7414,0.7424,23.0,0.7371,30.0,725.0,19.0
2021-01-05 09:42:42.250,0.7414,0.7414,14.0,0.7372,10.0,725.0,19.0
2021-01-05 09:42:42.711,0.7414,0.7414,14.0,0.7372,10.0,725.0,19.0
2021-01-05 09:42:43.251,0.7414,0.7414,14.0,0.7372,10.0,725.0,19.0
2021-01-05 09:42:43.741,0.7414,0.7414,14.0,0.7373,1.0,725.0,19.0
2021-01-05 09:42:44.211,0.7414,0.7414,14.0,0.7373,1.0,725.0,19.0
2021-01-05 09:42:44.751,0.7414,0.7414,14.0,0.7373,1.0,725.0,19.0
2021-01-05 09:42:45.191,0.7414,0.7414,14.0,0.7373,1.0,725.0,19.0
2021-01-05 09:42:45.650,0.7414,0.7414,14.0,0.7371,20.0,725.0,19.0
2021-01-05 09:42:46.240,0.7414,0.7414,14.0,0.7371,20.0,725.0,19.0
2021-01-05 09:42:46.741,0.7414,0.7414,14.0,0.7364,30.0,725.0,19.0
2021-01-05 09:42:47.231,0.7414,0.7414,14.0,0.7364,30.0,725.0,19.0
2021-01-05 09:42:48.171,0.7414,0.7414,14.0,0.7364,30.0,725.0,19.0
2021-01-05 09:42:48.720,0.7414,0.7414,14.0,0.7364,30.0,725.0,19.0
2021-01-05 09:42:49.750,0.7414,0.7414,14.0,0.7364,30.0,725.0,19.0
2021-01-05 09:42:49.980,0.7414,0.7414,14.0,0.7364,31.0,725.0,19.0
2021-01-05 09:42:51.060,0.7414,0.7414,14.0,0.7364,30.0,725.0,19.0
2021-01-05 09:42:56.191,0.7414,0.7414,14.0,0.7364,30.0,725.0,19.0
2021-01-05 09:42:56.650,0.7414,0.7414,14.0,0.7364,30.0,725.0,19.0
2021-01-05 09:42:58.220,0.7414,0.7414,14.0,0.7364,30.0,725.0,19.0
2021-01-05 09:42:58.731,0.7414,0.7414,14.0,0.7364,30.0,725.0,19.0
2021-01-05 09:42:59.230,0.7414,0.7414,14.0,0.7364,30.0,725.0,19.0
2021-01-05 09:42:59.730,0.7414,0.7414,14.0,0.7364,30.0,725.0,19.0
2021-01-05 09:43:00.200,0.7414,0.7414,14.0,0.7365,1.0,725.0,19.0
2021-01-05 09:43:00.721,0.7414,0.7414,14.0,0.7364,30.0,725.0,19.0
2021-01-05 09:43:01.211,0.7414,0.7414,14.0,0.7364,30.0,725.0,19.0
2021-01-05 09:43:01.701,0.7414,0.7414,14.0,0.7364,30.0,725.0,19.0
2021-01-05 09:43:02.150,0.7414,0.7414,14.0,0.7364,30.0,725.0,19.0
2021-01-05 09:43:02.681,0.7414,0.7414,24.0,0.7366,10.0,725.0,19.0
2021-01-05 09:43:03.701,0.7414,0.7414,24.0,0.7366,10.0,725.0,19.0
2021-01-05 09:43:04.740,0.7414,0.7414,24.0,0.7366,11.0,725.0,19.0
2021-01-05 09:43:05.251,0.7414,0.7414,24.0,0.7366,11.0,725.0,19.0
2021-01-05 09:43:05.681,0.7414,0.7414,24.0,0.7367,1.0,725.0,19.0
2021-01-05 09:43:06.171,0.7414,0.7414,14.0,0.7378,10.0,725.0,19.0
2021-01-05 09:43:06.680,0.7414,0.7414,14.0,0.7378,10.0,725.0,19.0
2021-01-05 09:43:07.231,0.7414,0.7414,14.0,0.7379,1.0,725.0,19.0
2021-01-05 09:43:07.710,0.7414,0.7414,14.0,0.7378,10.0,725.0,19.0
2021-01-05 09:43:08.181,0.7414,0.7414,14.0,0.7379,20.0,725.0,19.0
2021-01-05 09:43:08.701,0.7414,0.7414,14.0,0.7379,20.0,725.0,19.0
2021-01-05 09:43:09.231,0.7414,0.7414,14.0,0.7379,20.0,725.0,19.0
2021-01-05 09:43:09.740,0.7414,0.7414,14.0,0.7379,20.0,725.0,19.0
2021-01-05 09:43:10.150,0.7414,0.7414,14.0,0.7379,20.0,725.0,19.0
2021-01-05 09:43:11.750,0.7414,0.7414,14.0,0.7379,20.0,725.0,19.0
2021-01-05 09:43:13.210,0.7414,0.7414,14.0,0.7379,20.0,725.0,19.0
2021-01-05 09:43:13.740,0.7414,0.7414,14.0,0.7379,20.0,725.0,19.0
2021-01-05 09:43:14.270,0.7414,0.7414,14.0,0.738,1.0,725.0,19.0
2021-01-05 09:43:15.241,0.7414,0.7424,3.0,0.738,1.0,725.0,19.0
2021-01-05 09:43:16.720,0.7414,0.7424,3.0,0.738,1.0,725.0,19.0
2021-01-05 09:43:17.771,0.7414,0.7424,3.0,0.738,1.0,725.0,19.0
2021-01-05 09:43:18.270,0.7414,0.7424,3.0,0.738,1.0,725.0,19.0
2021-01-05 09:43:19.751,0.7414,0.7424,3.0,0.738,1.0,725.0,19.0
2021-01-05 09:43:20.731,0.7414,0.7424,3.0,0.738,1.0,725.0,19.0
2021-01-05 09:43:21.271,0.7414,0.7424,3.0,0.738,1.0,725.0,19.0
2021-01-05 09:43:23.201,0.7414,0.7424,23.0,0.7379,20.0,725.0,19.0
2021-01-05 09:43:23.651,0.7414,0.7424,23.0,0.7379,20.0,725.0,19.0
2021-01-05 09:43:24.120,0.7414,0.7424,23.0,0.7379,20.0,725.0,19.0
2021-01-05 09:43:25.201,0.7414,0.7424,23.0,0.7379,20.0,725.0,19.0
2021-01-05 09:43:25.701,0.7414,0.7424,23.0,0.7379,20.0,725.0,19.0
2021-01-05 09:43:26.181,0.7414,0.7424,23.0,0.7379,20.0,725.0,19.0
2021-01-05 09:43:26.621,0.7414,0.7424,23.0,0.7379,20.0,725.0,19.0
2021-01-05 09:43:27.190,0.7414,0.7424,23.0,0.7379,20.0,725.0,19.0
2021-01-05 09:43:27.620,0.7414,0.7424,23.0,0.7379,20.0,725.0,19.0
2021-01-05 09:43:29.660,0.7414,0.7424,23.0,0.7379,20.0,725.0,19.0
2021-01-05 09:43:31.111,0.7414,0.7424,23.0,0.7379,20.0,725.0,19.0
2021-01-05 09:43:31.720,0.7414,0.7424,23.0,0.7379,20.0,725.0,19.0
2021-01-05 09:43:32.701,0.7414,0.7415,14.0,0.7379,20.0,725.0,19.0
2021-01-05 09:43:33.141,0.7414,0.7415,14.0,0.7379,20.0,725.0,19.0
2021-01-05 09:43:33.441,0.7414,0.7415,14.0,0.7379,20.0,725.0,19.0
2021-01-05 09:43:34.221,0.7414,0.7415,14.0,0.7379,20.0,725.0,19.0
2021-01-05 09:43:34.230,0.7414,0.7415,14.0,0.7379,20.0,725.0,19.0
2021-01-05 09:43:35.160,0.7414,0.7415,14.0,0.7379,20.0,725.0,19.0
2021-01-05 09:43:36.661,0.7414,0.7415,14.0,0.738,1.0,725.0,19.0
2021-01-05 09:43:37.631,0.7414,0.7415,14.0,0.738,1.0,725.0,19.0
2021-01-05 09:43:38.221,0.7414,0.7415,14.0,0.738,1.0,725.0,19.0
2021-01-05 09:43:39.241,0.7414,0.7415,14.0,0.7379,20.0,725.0,19.0
2021-01-05 09:43:40.731,0.7414,0.7415,14.0,0.7379,20.0,725.0,19.0
2021-01-05 09:43:41.730,0.7414,0.7415,14.0,0.7379,20.0,725.0,19.0
2021-01-05 09:43:43.231,0.7414,0.7415,14.0,0.7379,20.0,725.0,19.0
2021-01-05 09:43:43.711,0.7414,0.7415,14.0,0.7379,21.0,725.0,19.0
2021-01-05 09:43:44.670,0.7414,0.7415,14.0,0.7379,21.0,725.0,19.0
2021-01-05 09:43:45.221,0.7414,0.7415,14.0,0.7379,21.0,725.0,19.0
2021-01-05 09:43:45.720,0.7414,0.7415,14.0,0.7379,20.0,725.0,19.0
2021-01-05 09:43:46.151,0.7414,0.7415,14.0,0.7379,20.0,725.0,19.0
2021-01-05 09:43:46.750,0.7414,0.7415,14.0,0.7379,20.0,725.0,19.0
2021-01-05 09:43:47.250,0.7414,0.7415,14.0,0.7379,20.0,725.0,19.0
2021-01-05 09:43:47.661,0.7414,0.7415,14.0,0.7379,20.0,725.0,19.0
2021-01-05 09:43:48.220,0.7414,0.7415,14.0,0.7379,20.0,725.0,19.0
2021-01-05 09:43:48.721,0.7414,0.7415,14.0,0.738,1.0,725.0,19.0
2021-01-05 09:43:49.221,0.7414,0.7415,14.0,0.738,1.0,725.0,19.0
2021-01-05 09:43:50.170,0.7414,0.7415,14.0,0.7381,1.0,725.0,19.0
2021-01-05 09:43:50.721,0.7414,0.7424,3.0,0.7381,1.0,725.0,19.0
2021-01-05 09:43:53.201,0.7414,0.7424,3.0,0.7381,1.0,725.0,19.0
2021-01-05 09:43:54.191,0.7414,0.7424,3.0,0.7381,1.0,725.0,19.0
2021-01-05 09:43:55.660,0.7414,0.7424,3.0,0.7381,1.0,725.0,19.0
2021-01-05 09:43:56.721,0.7414,0.7424,3.0,0.7381,1.0,725.0,19.0
2021-01-05 09:43:57.650,0.7414,0.7424,3.0,0.7381,1.0,725.0,19.0
2021-01-05 09:43:58.711,0.7414,0.7424,3.0,0.738,1.0,725.0,19.0
2021-01-05 09:43:59.170,0.7414,0.7424,3.0,0.738,1.0,725.0,19.0
2021-01-05 09:44:00.131,0.7414,0.7424,3.0,0.738,1.0,725.0,19.0
2021-01-05 09:44:03.750,0.7414,0.7424,3.0,0.738,1.0,725.0,19.0
2021-01-05 09:44:04.230,0.7414,0.7424,3.0,0.74,10.0,725.0,19.0
2021-01-05 09:44:04.751,0.7414,0.7424,3.0,0.7401,1.0,725.0,19.0
2021-01-05 09:44:05.260,0.7414,0.7424,3.0,0.7401,1.0,725.0,19.0
2021-01-05 09:44:05.681,0.7414,0.7424,3.0,0.7401,1.0,725.0,19.0
2021-01-05 09:44:06.261,0.7414,0.7424,3.0,0.7401,1.0,725.0,19.0
2021-01-05 09:44:06.770,0.7414,0.7424,3.0,0.74,30.0,725.0,19.0
2021-01-05 09:44:07.281,0.7414,0.7424,3.0,0.74,31.0,725.0,19.0
2021-01-05 09:44:07.750,0.7414,0.7424,3.0,0.74,31.0,725.0,19.0
2021-01-05 09:44:08.261,0.7414,0.7424,3.0,0.74,30.0,725.0,19.0
2021-01-05 09:44:08.760,0.7414,0.7424,3.0,0.74,30.0,725.0,19.0
2021-01-05 09:44:09.150,0.7414,0.7424,3.0,0.74,30.0,725.0,19.0
2021-01-05 09:44:09.780,0.7414,0.7424,3.0,0.74,30.0,725.0,19.0
2021-01-05 09:44:10.280,0.7414,0.7424,3.0,0.74,20.0,725.0,19.0
2021-01-05 09:44:10.781,0.7414,0.7424,3.0,0.7379,30.0,725.0,19.0
2021-01-05 09:44:11.271,0.7414,0.7424,3.0,0.738,2.0,725.0,19.0
2021-01-05 09:44:11.780,0.7414,0.7424,3.0,0.738,2.0,725.0,19.0
2021-01-05 09:44:12.270,0.7414,0.7424,3.0,0.738,2.0,725.0,19.0
2021-01-05 09:44:12.781,0.7414,0.7424,3.0,0.738,2.0,725.0,19.0
2021-01-05 09:44:14.781,0.7414,0.7424,3.0,0.738,2.0,725.0,19.0
2021-01-05 09:44:15.280,0.7414,0.7424,3.0,0.738,2.0,725.0,19.0
2021-01-05 09:44:15.780,0.7414,0.7424,3.0,0.738,2.0,725.0,19.0
2021-01-05 09:44:17.280,0.7414,0.7424,3.0,0.738,2.0,725.0,19.0
2021-01-05 09:44:17.770,0.7414,0.7424,3.0,0.738,2.0,725.0,19.0
2021-01-05 09:44:18.231,0.7414,0.7424,3.0,0.738,1.0,725.0,19.0
2021-01-05 09:44:19.261,0.7414,0.7424,3.0,0.738,1.0,725.0,19.0
2021-01-05 09:44:19.801,0.7414,0.7424,3.0,0.738,1.0,725.0,19.0
2021-01-05 09:44:20.300,0.7414,0.7424,3.0,0.738,1.0,725.0,19.0
2021-01-05 09:44:22.131,0.7414,0.7424,3.0,0.7381,1.0,725.0,19.0
2021-01-05 09:44:23.130,0.7414,0.7424,3.0,0.7381,1.0,725.0,19.0
2021-01-05 09:44:23.960,0.7414,0.7424,3.0,0.738,1.0,725.0,19.0
2021-01-05 09:44:25.660,0.7414,0.7424,3.0,0.7381,1.0,725.0,19.0
2021-01-05 09:44:26.201,0.7414,0.7424,3.0,0.7381,1.0,725.0,19.0
2021-01-05 09:44:26.701,0.7414,0.7424,3.0,0.7381,1.0,725.0,19.0
2021-01-05 09:44:27.201,0.7414,0.7424,3.0,0.7381,1.0,725.0,19.0
2021-01-05 09:44:28.680,0.7414,0.7424,3.0,0.7381,1.0,725.0,19.0
2021-01-05 09:44:29.200,0.7414,0.7424,3.0,0.7381,1.0,725.0,19.0
2021-01-05 09:44:29.631,0.7414,0.7425,14.0,0.7397,10.0,725.0,19.0
2021-01-05 09:44:30.201,0.7414,0.7425,14.0,0.7397,10.0,725.0,19.0
2021-01-05 09:44:30.720,0.7414,0.7425,14.0,0.7397,30.0,725.0,19.0
2021-01-05 09:44:32.220,0.7414,0.7439,20.0,0.7397,30.0,725.0,19.0
2021-01-05 09:44:32.691,0.7414,0.7436,14.0,0.7397,30.0,725.0,19.0
2021-01-05 09:44:33.730,0.7414,0.7436,14.0,0.7397,30.0,725.0,19.0
2021-01-05 09:44:34.141,0.7414,0.7436,14.0,0.7398,1.0,725.0,19.0
2021-01-05 09:44:34.520,0.7414,0.7436,14.0,0.7398,1.0,725.0,19.0
2021-01-05 09:44:35.740,0.7414,0.7436,14.0,0.7398,1.0,725.0,19.0
2021-01-05 09:44:37.240,0.7414,0.7436,14.0,0.7397,30.0,725.0,19.0
2021-01-05 09:44:37.751,0.7414,0.7436,14.0,0.7397,30.0,725.0,19.0
2021-01-05 09:44:38.201,0.7414,0.7436,14.0,0.7397,30.0,725.0,19.0
2021-01-05 09:44:40.740,0.7414,0.7436,14.0,0.7397,30.0,725.0,19.0
2021-01-05 09:44:41.251,0.7414,0.7436,14.0,0.7397,30.0,725.0,19.0
2021-01-05 09:44:42.250,0.7414,0.7436,14.0,0.7397,30.0,725.0,19.0
2021-01-05 09:44:43.251,0.7414,0.7436,14.0,0.7397,30.0,725.0,19.0
2021-01-05 09:44:44.260,0.7414,0.7436,14.0,0.7397,30.0,725.0,19.0
2021-01-05 09:44:44.661,0.7414,0.7436,14.0,0.7397,30.0,725.0,19.0
2021-01-05 09:44:45.261,0.7414,0.7436,14.0,0.7397,30.0,725.0,19.0
2021-01-05 09:44:45.280,0.7414,0.7436,14.0,0.7397,30.0,725.0,19.0
2021-01-05 09:44:46.271,0.7414,0.7436,14.0,0.7397,30.0,725.0,19.0
2021-01-05 09:44:46.771,0.7414,0.7436,14.0,0.7397,30.0,725.0,19.0
2021-01-05 09:44:47.251,0.7414,0.7436,14.0,0.7397,30.0,725.0,19.0
2021-01-05 09:44:47.770,0.7414,0.7436,14.0,0.7397,30.0,725.0,19.0
2021-01-05 09:44:49.270,0.7414,0.7436,14.0,0.7397,30.0,725.0,19.0
2021-01-05 09:44:50.300,0.7414,0.7436,14.0,0.7397,30.0,725.0,19.0
2021-01-05 09:44:50.811,0.7414,0.7436,14.0,0.7397,30.0,725.0,19.0
2021-01-05 09:44:51.270,0.7414,0.7436,14.0,0.7397,30.0,725.0,19.0
2021-01-05 09:44:51.810,0.7414,0.7436,14.0,0.7397,30.0,725.0,19.0
2021-01-05 09:44:53.201,0.7414,0.7436,14.0,0.7397,30.0,725.0,19.0
2021-01-05 09:44:54.970,0.7414,0.7436,14.0,0.7397,30.0,725.0,19.0
2021-01-05 09:44:55.700,0.7414,0.7436,14.0,0.7397,30.0,725.0,19.0
2021-01-05 09:44:56.220,0.7414,0.7436,14.0,0.7397,30.0,725.0,19.0
2021-01-05 09:44:56.720,0.7414,0.7436,14.0,0.7397,30.0,725.0,19.0
2021-01-05 09:44:58.120,0.7414,0.7436,14.0,0.7397,30.0,725.0,19.0
2021-01-05 09:44:58.720,0.7414,0.7436,14.0,0.7397,30.0,725.0,19.0
2021-01-05 09:44:59.190,0.7414,0.7436,14.0,0.7398,1.0,725.0,19.0
2021-01-05 09:44:59.711,0.7414,0.7436,14.0,0.7398,1.0,725.0,19.0
2021-01-05 09:45:00.591,0.7414,0.7436,14.0,0.7399,1.0,725.0,19.0
2021-01-05 09:45:00.831,0.7414,0.7436,14.0,0.7401,10.0,725.0,19.0
2021-01-05 09:45:01.680,0.7414,0.7436,14.0,0.7401,10.0,725.0,19.0
2021-01-05 09:45:03.680,0.7414,0.7436,14.0,0.7401,10.0,725.0,19.0
2021-01-05 09:45:04.191,0.7414,0.7436,14.0,0.7401,10.0,725.0,19.0
2021-01-05 09:45:05.221,0.7414,0.7439,3.0,0.7401,10.0,725.0,19.0
2021-01-05 09:45:05.720,0.7414,0.7439,3.0,0.7401,10.0,725.0,19.0
2021-01-05 09:45:06.220,0.7414,0.7439,3.0,0.7408,10.0,725.0,19.0
2021-01-05 09:45:06.721,0.7414,0.7439,3.0,0.7408,10.0,725.0,19.0
2021-01-05 09:45:07.130,0.7414,0.7439,3.0,0.7409,2.0,725.0,19.0
2021-01-05 09:45:07.720,0.7414,0.7439,3.0,0.7409,22.0,725.0,19.0
2021-01-05 09:45:08.181,0.7414,0.7439,3.0,0.7409,21.0,725.0,19.0
2021-01-05 09:45:09.190,0.7414,0.7439,3.0,0.741,1.0,725.0,19.0
2021-01-05 09:45:09.720,0.7414,0.7439,3.0,0.7411,1.0,725.0,19.0
2021-01-05 09:45:10.200,0.7414,0.7439,3.0,0.7411,1.0,725.0,19.0
2021-01-05 09:45:10.700,0.7414,0.7439,3.0,0.741,1.0,725.0,19.0
2021-01-05 09:45:11.091,0.7414,0.7439,3.0,0.741,1.0,725.0,19.0
2021-01-05 09:45:11.720,0.7414,0.7439,3.0,0.741,1.0,725.0,19.0
2021-01-05 09:45:12.150,0.7414,0.7439,3.0,0.741,1.0,725.0,19.0
2021-01-05 09:45:12.701,0.7414,0.7439,3.0,0.741,1.0,725.0,19.0
2021-01-05 09:45:13.220,0.7414,0.7447,14.0,0.741,1.0,725.0,19.0
2021-01-05 09:45:15.721,0.7414,0.7447,14.0,0.741,1.0,725.0,19.0
2021-01-05 09:45:16.230,0.7414,0.7447,14.0,0.741,1.0,725.0,19.0
2021-01-05 09:45:16.630,0.7414,0.746,14.0,0.743,10.0,725.0,19.0
2021-01-05 09:45:17.170,0.7414,0.746,14.0,0.743,10.0,725.0,19.0
2021-01-05 09:45:17.731,0.7414,0.746,14.0,0.743,10.0,725.0,19.0
2021-01-05 09:45:18.691,0.7414,0.746,14.0,0.743,30.0,725.0,19.0
2021-01-05 09:45:19.191,0.7414,0.746,14.0,0.743,30.0,725.0,19.0
2021-01-05 09:45:19.731,0.7414,0.746,34.0,0.743,10.0,725.0,19.0
2021-01-05 09:45:21.731,0.7414,0.746,34.0,0.743,10.0,725.0,19.0
2021-01-05 09:45:22.240,0.7414,0.746,34.0,0.743,10.0,725.0,19.0
2021-01-05 09:45:22.710,0.7414,0.746,34.0,0.743,10.0,725.0,19.0
2021-01-05 09:45:23.671,0.7414,0.746,34.0,0.743,10.0,725.0,19.0
2021-01-05 09:45:24.701,0.7414,0.746,34.0,0.743,10.0,725.0,19.0
2021-01-05 09:45:25.690,0.7414,0.746,34.0,0.743,10.0,725.0,19.0
2021-01-05 09:45:26.220,0.7414,0.746,34.0,0.7423,20.0,725.0,19.0
2021-01-05 09:45:26.681,0.7414,0.746,34.0,0.7413,30.0,725.0,19.0
2021-01-05 09:45:27.211,0.7414,0.746,34.0,0.7413,30.0,725.0,19.0
2021-01-05 09:45:27.711,0.7414,0.746,34.0,0.7413,30.0,725.0,19.0
2021-01-05 09:45:28.220,0.7414,0.746,34.0,0.7413,30.0,725.0,19.0
2021-01-05 09:45:29.140,0.7414,0.7449,14.0,0.7413,30.0,725.0,19.0
2021-01-05 09:45:30.210,0.7414,0.7449,34.0,0.7413,30.0,725.0,19.0
2021-01-05 09:45:30.251,0.7414,0.7449,14.0,0.7413,30.0,725.0,19.0
2021-01-05 09:45:31.211,0.7414,0.7449,34.0,0.7413,30.0,725.0,19.0
2021-01-05 09:45:32.160,0.7414,0.7449,34.0,0.7413,30.0,725.0,19.0
2021-01-05 09:45:34.220,0.7414,0.7449,34.0,0.7413,20.0,725.0,19.0
2021-01-05 09:45:35.170,0.7414,0.7449,34.0,0.7398,30.0,725.0,19.0
2021-01-05 09:45:35.701,0.7414,0.7449,34.0,0.7399,3.0,725.0,19.0
2021-01-05 09:45:36.240,0.7414,0.7449,34.0,0.7398,30.0,725.0,19.0
2021-01-05 09:45:37.241,0.7414,0.7449,34.0,0.7398,30.0,725.0,19.0
2021-01-05 09:45:39.210,0.7414,0.7449,34.0,0.7398,30.0,725.0,19.0
2021-01-05 09:45:39.710,0.7414,0.7449,34.0,0.7398,30.0,725.0,19.0
2021-01-05 09:45:40.240,0.7414,0.7449,34.0,0.7398,30.0,725.0,19.0
2021-01-05 09:45:42.240,0.7414,0.7449,34.0,0.7398,30.0,725.0,19.0
2021-01-05 09:45:42.711,0.7414,0.7449,34.0,0.7398,30.0,725.0,19.0
2021-01-05 09:45:43.220,0.7414,0.7449,34.0,0.7398,30.0,725.0,19.0
2021-01-05 09:45:43.731,0.7414,0.7449,34.0,0.7398,30.0,725.0,19.0
2021-01-05 09:45:44.201,0.7414,0.7449,34.0,0.7398,30.0,725.0,19.0
2021-01-05 09:45:45.220,0.7414,0.7449,34.0,0.7398,30.0,725.0,19.0
2021-01-05 09:45:45.681,0.7414,0.7449,34.0,0.7398,30.0,725.0,19.0
2021-01-05 09:45:46.751,0.7414,0.7449,34.0,0.7398,30.0,725.0,19.0
2021-01-05 09:45:47.241,0.7414,0.7449,34.0,0.7398,30.0,725.0,19.0
2021-01-05 09:45:48.201,0.7414,0.7449,34.0,0.7398,30.0,725.0,19.0
2021-01-05 09:45:48.741,0.7414,0.7449,34.0,0.7398,30.0,725.0,19.0
2021-01-05 09:45:50.251,0.7414,0.7449,34.0,0.7398,30.0,725.0,19.0
2021-01-05 09:45:50.750,0.7414,0.7449,34.0,0.7398,30.0,725.0,19.0
2021-01-05 09:45:51.221,0.7414,0.7449,34.0,0.7398,30.0,725.0,19.0
2021-01-05 09:45:54.191,0.7414,0.7449,37.0,0.7398,30.0,725.0,19.0
2021-01-05 09:45:54.710,0.7414,0.7449,37.0,0.7398,30.0,725.0,19.0
2021-01-05 09:45:55.230,0.7414,0.7449,37.0,0.7398,30.0,725.0,19.0
2021-01-05 09:45:55.711,0.7414,0.7449,37.0,0.7398,30.0,725.0,19.0
2021-01-05 09:45:58.231,0.7414,0.7449,37.0,0.7398,30.0,725.0,19.0
2021-01-05 09:45:58.711,0.7414,0.7449,37.0,0.7398,30.0,725.0,19.0
2021-01-05 09:45:59.230,0.7414,0.7449,37.0,0.7398,30.0,725.0,19.0
2021-01-05 09:46:00.730,0.7414,0.7437,14.0,0.7398,10.0,725.0,19.0
2021-01-05 09:46:01.230,0.7414,0.7437,14.0,0.7398,30.0,725.0,19.0
2021-01-05 09:46:02.221,0.7414,0.7437,14.0,0.7398,10.0,725.0,19.0
2021-01-05 09:46:03.731,0.7414,0.7437,14.0,0.7398,10.0,725.0,19.0
2021-01-05 09:46:03.841,0.7414,0.7437,14.0,0.7398,10.0,725.0,19.0
2021-01-05 09:46:05.691,0.7414,0.7437,14.0,0.7398,10.0,725.0,19.0
2021-01-05 09:46:06.221,0.7414,0.7437,14.0,0.7398,10.0,725.0,19.0
2021-01-05 09:46:06.690,0.7414,0.7437,14.0,0.7398,10.0,725.0,19.0
2021-01-05 09:46:07.741,0.7414,0.7437,14.0,0.7398,10.0,725.0,19.0
2021-01-05 09:46:10.221,0.7414,0.7435,10.0,0.7387,10.0,725.0,19.0
2021-01-05 09:46:10.720,0.7414,0.7435,10.0,0.7387,10.0,725.0,19.0
2021-01-05 09:46:11.671,0.7414,0.7435,10.0,0.7387,10.0,725.0,19.0
2021-01-05 09:46:12.190,0.7414,0.7434,3.0,0.7387,10.0,725.0,19.0
2021-01-05 09:46:12.680,0.7414,0.7434,23.0,0.7387,10.0,725.0,19.0
2021-01-05 09:46:14.230,0.7414,0.7425,14.0,0.7387,10.0,725.0,19.0
2021-01-05 09:46:17.221,0.7414,0.7425,17.0,0.7387,10.0,725.0,19.0
2021-01-05 09:46:20.210,0.7414,0.7425,17.0,0.7387,20.0,725.0,19.0
2021-01-05 09:46:20.731,0.7414,0.7425,17.0,0.7387,20.0,725.0,19.0
2021-01-05 09:46:21.240,0.7414,0.7425,17.0,0.7369,30.0,725.0,19.0
2021-01-05 09:46:21.611,0.7414,0.7425,17.0,0.7387,20.0,725.0,19.0
2021-01-05 09:46:22.220,0.7414,0.7425,17.0,0.7369,30.0,725.0,19.0
2021-01-05 09:46:22.690,0.7414,0.7425,17.0,0.7369,33.0,725.0,19.0
2021-01-05 09:46:23.201,0.7414,0.7425,17.0,0.7369,30.0,725.0,19.0
2021-01-05 09:46:27.201,0.7414,0.7424,3.0,0.7369,30.0,725.0,19.0
2021-01-05 09:46:31.210,0.7414,0.7424,3.0,0.7369,30.0,725.0,19.0
2021-01-05 09:46:32.701,0.7414,0.7424,3.0,0.7369,30.0,725.0,19.0
2021-01-05 09:46:33.660,0.7414,0.7424,3.0,0.7369,30.0,725.0,19.0
2021-01-05 09:46:35.721,0.7414,0.7424,3.0,0.7369,30.0,725.0,19.0
2021-01-05 09:46:36.730,0.7414,0.7424,3.0,0.7369,30.0,725.0,19.0
2021-01-05 09:46:37.241,0.7414,0.7423,3.0,0.7369,30.0,725.0,19.0
2021-01-05 09:46:37.750,0.7414,0.7423,3.0,0.7369,30.0,725.0,19.0
2021-01-05 09:46:38.201,0.7414,0.7423,3.0,0.7374,14.0,725.0,19.0
2021-01-05 09:46:38.741,0.7414,0.7423,3.0,0.7374,14.0,725.0,19.0
2021-01-05 09:46:39.210,0.7414,0.7423,3.0,0.7374,14.0,725.0,19.0
2021-01-05 09:46:40.211,0.7414,0.7423,3.0,0.7374,14.0,725.0,19.0
2021-01-05 09:46:40.670,0.7414,0.7423,3.0,0.7374,34.0,725.0,19.0
2021-01-05 09:46:41.250,0.7414,0.7423,3.0,0.7374,34.0,725.0,19.0
2021-01-05 09:46:41.730,0.7414,0.7423,3.0,0.7374,34.0,725.0,19.0
2021-01-05 09:46:42.230,0.7414,0.7423,3.0,0.7374,34.0,725.0,19.0
2021-01-05 09:46:47.230,0.7414,0.7422,3.0,0.7374,34.0,725.0,19.0
2021-01-05 09:46:47.701,0.7414,0.7422,3.0,0.7374,34.0,725.0,19.0
2021-01-05 09:46:49.251,0.7414,0.7422,3.0,0.7374,34.0,725.0,19.0
2021-01-05 09:46:50.170,0.7414,0.7422,3.0,0.7374,34.0,725.0,19.0
2021-01-05 09:46:52.711,0.7414,0.7422,3.0,0.7374,34.0,725.0,19.0
2021-01-05 09:46:53.201,0.7414,0.7422,3.0,0.7374,34.0,725.0,19.0
2021-01-05 09:46:54.221,0.7414,0.7422,3.0,0.7374,34.0,725.0,19.0
2021-01-05 09:46:54.701,0.7414,0.7422,3.0,0.7374,34.0,725.0,19.0
2021-01-05 09:46:56.711,0.7414,0.7422,3.0,0.7374,34.0,725.0,19.0
2021-01-05 09:46:57.080,0.7414,0.7422,3.0,0.7374,34.0,725.0,19.0
2021-01-05 09:46:57.741,0.7414,0.7422,3.0,0.7374,34.0,725.0,19.0
2021-01-05 09:46:58.131,0.7414,0.7422,3.0,0.7374,34.0,725.0,19.0
2021-01-05 09:46:58.720,0.7414,0.7422,3.0,0.7391,10.0,725.0,19.0
2021-01-05 09:46:59.041,0.7414,0.7422,3.0,0.7391,30.0,725.0,19.0
2021-01-05 09:47:00.251,0.7414,0.7422,3.0,0.7391,30.0,725.0,19.0
2021-01-05 09:47:00.741,0.7414,0.7422,3.0,0.7391,30.0,725.0,19.0
2021-01-05 09:47:01.210,0.7414,0.7422,3.0,0.7391,30.0,725.0,19.0
2021-01-05 09:47:01.721,0.7414,0.7422,3.0,0.7392,1.0,725.0,19.0
2021-01-05 09:47:02.230,0.7414,0.7422,3.0,0.7392,1.0,725.0,19.0
2021-01-05 09:47:02.741,0.7422,0.7441,14.0,0.7408,10.0,728.0,22.0
2021-01-05 09:47:03.220,0.7422,0.7441,14.0,0.7408,10.0,728.0,22.0
2021-01-05 09:47:03.220,0.7422,0.7441,14.0,0.7408,10.0,728.0,22.0
2021-01-05 09:47:03.740,0.7422,0.7441,14.0,0.7408,10.0,728.0,22.0
2021-01-05 09:47:04.751,0.7422,0.7441,14.0,0.7408,30.0,728.0,22.0
2021-01-05 09:47:05.250,0.7422,0.7441,14.0,0.7408,30.0,728.0,22.0
2021-01-05 09:47:05.750,0.7422,0.7441,14.0,0.7408,20.0,728.0,22.0
2021-01-05 09:47:06.251,0.7422,0.7452,14.0,0.7399,30.0,728.0,22.0
2021-01-05 09:47:06.491,0.7422,0.7452,14.0,0.7399,30.0,728.0,22.0
2021-01-05 09:47:07.221,0.7422,0.7452,14.0,0.7399,30.0,728.0,22.0
2021-01-05 09:47:07.740,0.7422,0.7452,14.0,0.74,1.0,728.0,22.0
2021-01-05 09:47:08.230,0.7422,0.7452,14.0,0.74,1.0,728.0,22.0
2021-01-05 09:47:08.700,0.7422,0.7452,14.0,0.7401,1.0,728.0,22.0
2021-01-05 09:47:09.751,0.7422,0.746,20.0,0.7408,14.0,728.0,22.0
2021-01-05 09:47:10.260,0.7422,0.746,20.0,0.7408,34.0,728.0,22.0
2021-01-05 09:47:10.721,0.7422,0.7463,14.0,0.7409,2.0,728.0,22.0
2021-01-05 09:47:11.751,0.7422,0.7463,14.0,0.7409,2.0,728.0,22.0
2021-01-05 09:47:12.731,0.7422,0.7463,14.0,0.7427,10.0,728.0,22.0
2021-01-05 09:47:13.201,0.7422,0.7463,14.0,0.7427,30.0,728.0,22.0
2021-01-05 09:47:14.220,0.7422,0.7463,14.0,0.7427,30.0,728.0,22.0
2021-01-05 09:47:15.230,0.7422,0.7463,14.0,0.7427,30.0,728.0,22.0
2021-01-05 09:47:15.701,0.7422,0.7465,3.0,0.7427,31.0,728.0,22.0
2021-01-05 09:47:16.731,0.7422,0.7465,3.0,0.7427,30.0,728.0,22.0
2021-01-05 09:47:17.251,0.7422,0.7465,3.0,0.7427,30.0,728.0,22.0
2021-01-05 09:47:17.760,0.7422,0.7465,3.0,0.7427,31.0,728.0,22.0
2021-01-05 09:47:18.221,0.7422,0.7465,3.0,0.7427,30.0,728.0,22.0
2021-01-05 09:47:18.621,0.7422,0.7465,3.0,0.7427,30.0,728.0,22.0
2021-01-05 09:47:19.111,0.7422,0.7465,3.0,0.7428,1.0,728.0,22.0
2021-01-05 09:47:19.760,0.7422,0.7465,3.0,0.7428,1.0,728.0,22.0
2021-01-05 09:47:20.160,0.7422,0.7465,3.0,0.7428,1.0,728.0,22.0
2021-01-05 09:47:20.730,0.7422,0.7465,3.0,0.7441,10.0,728.0,22.0
2021-01-05 09:47:21.260,0.7422,0.7465,3.0,0.7441,30.0,728.0,22.0
2021-01-05 09:47:21.760,0.7422,0.7465,3.0,0.7442,2.0,728.0,22.0
2021-01-05 09:47:22.240,0.7422,0.7465,3.0,0.7442,1.0,728.0,22.0
2021-01-05 09:47:22.580,0.7422,0.7465,3.0,0.7442,1.0,728.0,22.0
2021-01-05 09:47:23.151,0.7422,0.7465,3.0,0.7442,1.0,728.0,22.0
2021-01-05 09:47:23.710,0.7422,0.7465,3.0,0.7442,1.0,728.0,22.0
2021-01-05 09:47:24.221,0.7422,0.7465,3.0,0.7442,1.0,728.0,22.0
2021-01-05 09:47:25.241,0.7422,0.7465,3.0,0.7442,1.0,728.0,22.0
2021-01-05 09:47:25.710,0.7422,0.7465,3.0,0.7442,1.0,728.0,22.0
2021-01-05 09:47:26.680,0.7422,0.7465,3.0,0.7442,1.0,728.0,22.0
2021-01-05 09:47:27.721,0.7422,0.7482,20.0,0.7442,1.0,728.0,22.0
2021-01-05 09:47:28.230,0.7422,0.7484,14.0,0.7442,1.0,728.0,22.0
2021-01-05 09:47:29.181,0.7422,0.7484,14.0,0.7442,1.0,728.0,22.0
2021-01-05 09:47:30.720,0.7422,0.7484,14.0,0.7442,1.0,728.0,22.0
2021-01-05 09:47:31.181,0.7422,0.7484,14.0,0.7442,1.0,728.0,22.0
2021-01-05 09:47:31.711,0.7422,0.7484,14.0,0.7442,1.0,728.0,22.0
2021-01-05 09:47:32.681,0.7422,0.7484,14.0,0.7442,1.0,728.0,22.0
2021-01-05 09:47:34.231,0.7422,0.7484,17.0,0.7442,1.0,728.0,22.0
2021-01-05 09:47:34.750,0.7422,0.7484,17.0,0.7441,30.0,728.0,22.0
2021-01-05 09:47:35.221,0.7422,0.7484,17.0,0.7442,1.0,728.0,22.0
2021-01-05 09:47:35.740,0.7422,0.7484,17.0,0.7441,30.0,728.0,22.0
2021-01-05 09:47:36.241,0.7422,0.7484,17.0,0.7441,30.0,728.0,22.0
2021-01-05 09:47:36.721,0.7422,0.7484,17.0,0.7441,20.0,728.0,22.0
2021-01-05 09:47:36.721,0.7422,0.7484,17.0,0.7442,1.0,728.0,22.0
2021-01-05 09:47:37.761,0.7422,0.7484,17.0,0.7435,1.0,728.0,22.0
2021-01-05 09:47:38.191,0.7422,0.7484,17.0,0.7435,1.0,728.0,22.0
2021-01-05 09:47:38.700,0.7422,0.7484,17.0,0.7435,1.0,728.0,22.0
2021-01-05 09:47:39.261,0.7422,0.7484,17.0,0.7435,1.0,728.0,22.0
2021-01-05 09:47:39.751,0.7422,0.7484,17.0,0.7435,1.0,728.0,22.0
2021-01-05 09:47:40.260,0.7422,0.7484,17.0,0.7435,1.0,728.0,22.0
2021-01-05 09:47:40.761,0.7422,0.7484,17.0,0.7435,1.0,728.0,22.0
2021-01-05 09:47:41.261,0.7422,0.7484,17.0,0.7435,1.0,728.0,22.0
2021-01-05 09:47:41.731,0.7422,0.7484,17.0,0.7435,1.0,728.0,22.0
2021-01-05 09:47:41.731,0.7422,0.7484,17.0,0.7435,1.0,728.0,22.0
2021-01-05 09:47:46.260,0.7422,0.7484,17.0,0.7435,1.0,728.0,22.0
2021-01-05 09:47:47.270,0.7422,0.7484,17.0,0.7435,1.0,728.0,22.0
2021-01-05 09:47:49.260,0.7422,0.7484,17.0,0.7435,1.0,728.0,22.0
2021-01-05 09:47:49.771,0.7422,0.7483,3.0,0.7435,1.0,728.0,22.0
2021-01-05 09:47:50.271,0.7422,0.7483,3.0,0.7435,1.0,728.0,22.0
2021-01-05 09:47:50.751,0.7422,0.7483,3.0,0.7435,1.0,728.0,22.0
2021-01-05 09:47:51.250,0.7422,0.7483,3.0,0.7434,30.0,728.0,22.0
2021-01-05 09:47:51.781,0.7422,0.7483,23.0,0.7434,30.0,728.0,22.0
2021-01-05 09:47:52.730,0.7422,0.7483,3.0,0.7434,30.0,728.0,22.0
2021-01-05 09:47:53.231,0.7422,0.7483,23.0,0.7434,30.0,728.0,22.0
2021-01-05 09:47:54.230,0.7422,0.7483,3.0,0.7434,30.0,728.0,22.0
2021-01-05 09:47:54.741,0.7422,0.7483,3.0,0.7434,30.0,728.0,22.0
2021-01-05 09:47:55.231,0.7422,0.7471,14.0,0.7434,30.0,728.0,22.0
2021-01-05 09:47:55.740,0.7422,0.7471,14.0,0.7434,20.0,728.0,22.0
2021-01-05 09:47:56.251,0.7422,0.7471,14.0,0.7434,20.0,728.0,22.0
2021-01-05 09:47:56.751,0.7422,0.7471,14.0,0.7416,34.0,728.0,22.0
2021-01-05 09:47:57.250,0.7422,0.7471,14.0,0.7417,1.0,728.0,22.0
2021-01-05 09:47:57.750,0.7422,0.7471,14.0,0.7417,1.0,728.0,22.0
2021-01-05 09:47:58.261,0.7422,0.7471,14.0,0.7417,1.0,728.0,22.0
2021-01-05 09:47:58.781,0.7422,0.7471,14.0,0.7418,3.0,728.0,22.0
2021-01-05 09:47:59.231,0.7422,0.7471,14.0,0.7418,3.0,728.0,22.0
2021-01-05 09:47:59.751,0.7422,0.7471,14.0,0.7417,1.0,728.0,22.0
2021-01-05 09:48:00.791,0.7422,0.7481,10.0,0.7417,1.0,728.0,22.0
2021-01-05 09:48:01.261,0.7422,0.7481,10.0,0.7427,14.0,728.0,22.0
2021-01-05 09:48:01.791,0.7422,0.7481,10.0,0.7428,1.0,728.0,22.0
2021-01-05 09:48:02.231,0.7422,0.7481,10.0,0.7428,2.0,728.0,22.0
2021-01-05 09:48:02.781,0.7422,0.7482,14.0,0.7436,10.0,728.0,22.0
2021-01-05 09:48:02.781,0.7422,0.7482,14.0,0.7436,30.0,728.0,22.0
2021-01-05 09:48:03.290,0.7422,0.7482,14.0,0.7437,2.0,728.0,22.0
2021-01-05 09:48:04.790,0.7422,0.7482,14.0,0.7437,2.0,728.0,22.0
2021-01-05 09:48:05.261,0.7422,0.7482,14.0,0.7437,2.0,728.0,22.0
2021-01-05 09:48:06.291,0.7422,0.7482,14.0,0.7437,2.0,728.0,22.0
2021-01-05 09:48:06.781,0.7422,0.7482,14.0,0.7437,2.0,728.0,22.0
2021-01-05 09:48:07.760,0.7422,0.7482,14.0,0.7437,2.0,728.0,22.0
2021-01-05 09:48:08.281,0.7422,0.7483,3.0,0.7437,2.0,728.0,22.0
2021-01-05 09:48:08.761,0.7422,0.7483,3.0,0.7439,14.0,728.0,22.0
2021-01-05 09:48:09.291,0.7422,0.7483,3.0,0.7439,14.0,728.0,22.0
2021-01-05 09:48:09.751,0.7422,0.7483,3.0,0.7439,14.0,728.0,22.0
2021-01-05 09:48:10.171,0.7422,0.7483,3.0,0.7439,14.0,728.0,22.0
2021-01-05 09:48:10.801,0.7422,0.7483,3.0,0.7439,14.0,728.0,22.0
2021-01-05 09:48:11.291,0.7422,0.7483,3.0,0.7439,14.0,728.0,22.0
2021-01-05 09:48:11.791,0.7422,0.7483,3.0,0.7439,14.0,728.0,22.0
2021-01-05 09:48:12.300,0.7422,0.7483,3.0,0.7439,14.0,728.0,22.0
2021-01-05 09:48:12.751,0.7422,0.7483,3.0,0.7439,14.0,728.0,22.0
2021-01-05 09:48:13.281,0.7422,0.7482,3.0,0.7439,14.0,728.0,22.0
2021-01-05 09:48:13.760,0.7422,0.7482,3.0,0.7439,14.0,728.0,22.0
2021-01-05 09:48:14.300,0.7422,0.7482,3.0,0.7439,14.0,728.0,22.0
2021-01-05 09:48:15.260,0.7422,0.7482,3.0,0.7437,3.0,728.0,22.0
2021-01-05 09:48:15.310,0.7422,0.748,14.0,0.7436,10.0,728.0,22.0
2021-01-05 09:48:16.321,0.7422,0.7479,3.0,0.7436,10.0,728.0,22.0
2021-01-05 09:48:16.801,0.7422,0.7479,3.0,0.7436,30.0,728.0,22.0
2021-01-05 09:48:18.330,0.7422,0.7479,3.0,0.7436,20.0,728.0,22.0
2021-01-05 09:48:18.831,0.7422,0.7469,14.0,0.7416,20.0,728.0,22.0
2021-01-05 09:48:19.271,0.7422,0.7469,14.0,0.7417,4.0,728.0,22.0
2021-01-05 09:48:19.800,0.7422,0.7469,14.0,0.7417,1.0,728.0,22.0
2021-01-05 09:48:20.261,0.7422,0.7469,14.0,0.7417,1.0,728.0,22.0
2021-01-05 09:48:20.791,0.7422,0.7469,14.0,0.7417,1.0,728.0,22.0
2021-01-05 09:48:21.340,0.7422,0.7469,14.0,0.7417,1.0,728.0,22.0
2021-01-05 09:48:21.800,0.7422,0.7469,14.0,0.7418,1.0,728.0,22.0
2021-01-05 09:48:23.021,0.7422,0.7469,14.0,0.7417,1.0,728.0,22.0
2021-01-05 09:48:23.730,0.7422,0.7469,14.0,0.7417,2.0,728.0,22.0
2021-01-05 09:48:23.970,0.7422,0.7469,14.0,0.7417,2.0,728.0,22.0
2021-01-05 09:48:26.101,0.7422,0.7462,10.0,0.7417,1.0,728.0,22.0
2021-01-05 09:48:26.621,0.7422,0.7462,10.0,0.7416,20.0,728.0,22.0
2021-01-05 09:48:27.181,0.7422,0.7462,10.0,0.7416,20.0,728.0,22.0
2021-01-05 09:48:27.701,0.7422,0.7462,10.0,0.7416,21.0,728.0,22.0
2021-01-05 09:48:28.181,0.7422,0.7455,14.0,0.7413,10.0,728.0,22.0
2021-01-05 09:48:28.731,0.7422,0.7455,14.0,0.7416,20.0,728.0,22.0
2021-01-05 09:48:29.121,0.7422,0.7455,14.0,0.7416,20.0,728.0,22.0
2021-01-05 09:48:30.210,0.7422,0.7455,14.0,0.7416,20.0,728.0,22.0
2021-01-05 09:48:31.140,0.7422,0.7455,14.0,0.7416,20.0,728.0,22.0
2021-01-05 09:48:32.200,0.7422,0.7455,17.0,0.7413,10.0,728.0,22.0
2021-01-05 09:48:32.700,0.7422,0.7444,14.0,0.7412,20.0,728.0,22.0
2021-01-05 09:48:33.190,0.7422,0.7444,14.0,0.7412,20.0,728.0,22.0
2021-01-05 09:48:33.680,0.7422,0.7444,14.0,0.7389,34.0,728.0,22.0
2021-01-05 09:48:34.141,0.7422,0.7444,14.0,0.7389,34.0,728.0,22.0
2021-01-05 09:48:34.721,0.7422,0.7444,14.0,0.739,2.0,728.0,22.0
2021-01-05 09:48:35.220,0.7422,0.7444,14.0,0.739,2.0,728.0,22.0
2021-01-05 09:48:35.691,0.7422,0.7444,14.0,0.739,2.0,728.0,22.0
2021-01-05 09:48:36.730,0.7422,0.7444,14.0,0.739,5.0,728.0,22.0
2021-01-05 09:48:37.211,0.7422,0.7444,14.0,0.739,5.0,728.0,22.0
2021-01-05 09:48:37.491,0.7422,0.7454,14.0,0.7408,10.0,728.0,22.0
2021-01-05 09:48:38.211,0.7422,0.7454,14.0,0.7408,10.0,728.0,22.0
2021-01-05 09:48:39.201,0.7422,0.7454,14.0,0.7408,10.0,728.0,22.0
2021-01-05 09:48:39.600,0.7422,0.7454,14.0,0.7408,30.0,728.0,22.0
2021-01-05 09:48:41.231,0.7422,0.7454,14.0,0.7408,30.0,728.0,22.0
2021-01-05 09:48:41.681,0.7422,0.7454,14.0,0.7408,31.0,728.0,22.0
2021-01-05 09:48:42.190,0.7422,0.7454,14.0,0.7408,30.0,728.0,22.0
2021-01-05 09:48:44.701,0.7422,0.7454,37.0,0.7408,20.0,728.0,22.0
2021-01-05 09:48:45.400,0.7422,0.7454,37.0,0.7399,34.0,728.0,22.0
2021-01-05 09:48:46.011,0.7422,0.7454,37.0,0.7399,34.0,728.0,22.0
2021-01-05 09:48:46.391,0.7422,0.7454,37.0,0.7399,35.0,728.0,22.0
2021-01-05 09:48:47.021,0.7422,0.7454,17.0,0.7399,35.0,728.0,22.0
2021-01-05 09:48:47.440,0.7422,0.7454,17.0,0.7399,36.0,728.0,22.0
2021-01-05 09:48:47.911,0.7422,0.7454,17.0,0.7399,36.0,728.0,22.0
2021-01-05 09:48:48.330,0.7422,0.7454,17.0,0.7399,36.0,728.0,22.0
2021-01-05 09:48:49.010,0.7422,0.7454,17.0,0.7399,35.0,728.0,22.0
2021-01-05 09:48:49.361,0.7422,0.7454,17.0,0.7399,35.0,728.0,22.0
2021-01-05 09:48:50.030,0.7422,0.7454,17.0,0.7399,35.0,728.0,22.0
2021-01-05 09:48:51.031,0.7422,0.7454,17.0,0.7399,35.0,728.0,22.0
2021-01-05 09:48:51.540,0.7422,0.7454,17.0,0.7399,34.0,728.0,22.0
2021-01-05 09:48:52.510,0.7422,0.7441,14.0,0.7399,20.0,728.0,22.0
2021-01-05 09:48:52.700,0.7422,0.7441,14.0,0.7391,1.0,728.0,22.0
2021-01-05 09:48:53.150,0.7422,0.7441,14.0,0.7388,10.0,728.0,22.0
2021-01-05 09:48:54.091,0.7422,0.7441,14.0,0.7391,20.0,728.0,22.0
2021-01-05 09:48:55.201,0.7422,0.7441,14.0,0.7391,20.0,728.0,22.0
2021-01-05 09:48:56.200,0.7422,0.7438,10.0,0.7391,20.0,728.0,22.0
2021-01-05 09:48:57.171,0.7422,0.7438,13.0,0.7391,20.0,728.0,22.0
2021-01-05 09:48:58.160,0.7422,0.7438,3.0,0.7391,20.0,728.0,22.0
2021-01-05 09:48:59.161,0.7422,0.7438,3.0,0.7391,20.0,728.0,22.0
2021-01-05 09:49:02.790,0.7422,0.7438,3.0,0.7391,20.0,728.0,22.0
2021-01-05 09:49:03.291,0.7422,0.7438,3.0,0.7391,20.0,728.0,22.0
2021-01-05 09:49:03.791,0.7422,0.7438,3.0,0.7391,20.0,728.0,22.0
2021-01-05 09:49:04.290,0.7422,0.7438,3.0,0.7391,20.0,728.0,22.0
2021-01-05 09:49:05.301,0.7422,0.7438,3.0,0.7391,20.0,728.0,22.0
2021-01-05 09:49:05.790,0.7422,0.7438,3.0,0.7391,20.0,728.0,22.0
2021-01-05 09:49:06.311,0.7422,0.7438,3.0,0.7391,20.0,728.0,22.0
2021-01-05 09:49:06.820,0.7422,0.7437,3.0,0.7391,20.0,728.0,22.0
2021-01-05 09:49:07.291,0.7422,0.7437,3.0,0.7391,20.0,728.0,22.0
2021-01-05 09:49:08.251,0.7422,0.7437,3.0,0.7391,20.0,728.0,22.0
2021-01-05 09:49:08.791,0.7422,0.7437,3.0,0.7392,1.0,728.0,22.0
2021-01-05 09:49:09.320,0.7422,0.7437,3.0,0.7393,11.0,728.0,22.0
2021-01-05 09:49:09.821,0.7422,0.7437,3.0,0.7393,31.0,728.0,22.0
2021-01-05 09:49:10.330,0.7422,0.7437,3.0,0.7396,14.0,728.0,22.0
2021-01-05 09:49:11.341,0.7422,0.7437,3.0,0.7396,14.0,728.0,22.0
2021-01-05 09:49:11.850,0.7422,0.7437,3.0,0.7396,14.0,728.0,22.0
2021-01-05 09:49:12.850,0.7422,0.7437,3.0,0.7393,31.0,728.0,22.0
2021-01-05 09:49:13.310,0.7422,0.7437,3.0,0.7393,30.0,728.0,22.0
2021-01-05 09:49:13.851,0.7422,0.7437,3.0,0.7394,1.0,728.0,22.0
2021-01-05 09:49:14.261,0.7422,0.7437,3.0,0.7394,1.0,728.0,22.0
2021-01-05 09:49:15.340,0.7422,0.7437,3.0,0.7394,1.0,728.0,22.0
2021-01-05 09:49:15.851,0.7422,0.7437,3.0,0.7393,30.0,728.0,22.0
2021-01-05 09:49:16.821,0.7422,0.7437,3.0,0.7393,30.0,728.0,22.0
2021-01-05 09:49:17.300,0.7422,0.7437,3.0,0.7393,30.0,728.0,22.0
2021-01-05 09:49:20.291,0.7422,0.7437,3.0,0.7393,30.0,728.0,22.0
2021-01-05 09:49:20.840,0.7422,0.7437,3.0,0.7393,30.0,728.0,22.0
2021-01-05 09:49:21.330,0.7422,0.7436,3.0,0.7393,30.0,728.0,22.0
2021-01-05 09:49:21.831,0.7422,0.7436,3.0,0.7393,30.0,728.0,22.0
2021-01-05 09:49:22.300,0.7422,0.7436,3.0,0.7393,30.0,728.0,22.0
2021-01-05 09:49:22.600,0.7422,0.7436,3.0,0.7393,30.0,728.0,22.0
2021-01-05 09:49:23.201,0.7422,0.7436,3.0,0.7393,30.0,728.0,22.0
2021-01-05 09:49:23.710,0.7422,0.7436,3.0,0.7393,30.0,728.0,22.0
2021-01-05 09:49:24.671,0.7422,0.7436,3.0,0.7393,30.0,728.0,22.0
2021-01-05 09:49:25.080,0.7422,0.7434,10.0,0.7393,20.0,728.0,22.0
2021-01-05 09:49:25.710,0.7422,0.7434,10.0,0.7393,20.0,728.0,22.0
2021-01-05 09:49:26.171,0.7422,0.7434,10.0,0.7386,34.0,728.0,22.0
2021-01-05 09:49:29.210,0.7422,0.7434,10.0,0.7386,34.0,728.0,22.0
2021-01-05 09:49:30.140,0.7422,0.7436,3.0,0.7386,34.0,728.0,22.0
2021-01-05 09:49:30.640,0.7422,0.7436,3.0,0.7386,34.0,728.0,22.0
2021-01-05 09:49:31.621,0.7422,0.7435,3.0,0.7386,34.0,728.0,22.0
2021-01-05 09:49:32.701,0.7422,0.7435,23.0,0.7386,34.0,728.0,22.0
2021-01-05 09:49:33.621,0.7422,0.7435,23.0,0.7386,34.0,728.0,22.0
2021-01-05 09:49:34.710,0.7422,0.7429,10.0,0.7386,34.0,728.0,22.0
2021-01-05 09:49:36.171,0.7422,0.7429,10.0,0.7386,20.0,728.0,22.0
2021-01-05 09:49:37.260,0.7422,0.7429,13.0,0.7386,20.0,728.0,22.0
2021-01-05 09:49:37.680,0.7422,0.7429,13.0,0.7386,20.0,728.0,22.0
2021-01-05 09:49:38.180,0.7422,0.7429,13.0,0.7386,20.0,728.0,22.0
2021-01-05 09:49:38.720,0.7422,0.7429,13.0,0.7386,20.0,728.0,22.0
2021-01-05 09:49:39.761,0.7422,0.7429,13.0,0.7386,20.0,728.0,22.0
2021-01-05 09:49:40.581,0.7422,0.7429,13.0,0.7386,20.0,728.0,22.0
2021-01-05 09:49:41.211,0.7422,0.7429,13.0,0.7386,20.0,728.0,22.0
2021-01-05 09:49:42.700,0.7422,0.7429,13.0,0.7386,20.0,728.0,22.0
2021-01-05 09:49:43.741,0.7422,0.7429,13.0,0.7386,20.0,728.0,22.0
2021-01-05 09:49:44.760,0.7422,0.7429,13.0,0.7386,20.0,728.0,22.0
2021-01-05 09:49:46.170,0.7422,0.7429,13.0,0.7386,20.0,728.0,22.0
2021-01-05 09:49:46.610,0.7422,0.7429,13.0,0.7386,20.0,728.0,22.0
2021-01-05 09:49:47.161,0.7422,0.7428,3.0,0.7386,20.0,728.0,22.0
2021-01-05 09:49:47.691,0.7422,0.7428,3.0,0.7386,20.0,728.0,22.0
2021-01-05 09:49:48.260,0.7422,0.7428,3.0,0.7375,34.0,728.0,22.0
2021-01-05 09:49:48.761,0.7422,0.7428,3.0,0.7375,34.0,728.0,22.0
2021-01-05 09:49:49.741,0.7422,0.7428,3.0,0.7376,1.0,728.0,22.0
2021-01-05 09:49:50.221,0.7422,0.7428,3.0,0.7376,1.0,728.0,22.0
2021-01-05 09:49:51.070,0.7422,0.7428,3.0,0.7375,34.0,728.0,22.0
2021-01-05 09:49:51.760,0.7422,0.7428,3.0,0.7377,1.0,728.0,22.0
2021-01-05 09:49:52.260,0.7422,0.7428,3.0,0.7377,1.0,728.0,22.0
2021-01-05 09:49:53.220,0.7422,0.7428,3.0,0.7377,1.0,728.0,22.0
2021-01-05 09:49:53.731,0.7422,0.7428,3.0,0.7378,1.0,728.0,22.0
2021-01-05 09:49:54.231,0.7422,0.7428,3.0,0.7378,1.0,728.0,22.0
2021-01-05 09:49:54.721,0.7422,0.7428,3.0,0.7378,1.0,728.0,22.0
2021-01-05 09:49:55.681,0.7422,0.7428,3.0,0.7378,1.0,728.0,22.0
2021-01-05 09:49:56.230,0.7422,0.7428,3.0,0.7378,1.0,728.0,22.0
2021-01-05 09:49:56.701,0.7422,0.7428,3.0,0.7378,2.0,728.0,22.0
2021-01-05 09:49:57.141,0.7422,0.7428,3.0,0.7386,14.0,728.0,22.0
2021-01-05 09:49:57.631,0.7422,0.7428,3.0,0.7386,34.0,728.0,22.0
2021-01-05 09:49:57.631,0.7422,0.7428,3.0,0.7387,2.0,728.0,22.0
2021-01-05 09:49:58.680,0.7428,0.7441,14.0,0.7387,2.0,731.0,25.0
2021-01-05 09:49:59.220,0.7428,0.7441,14.0,0.7388,1.0,731.0,25.0
2021-01-05 09:49:59.731,0.7428,0.7441,14.0,0.7388,4.0,731.0,25.0
2021-01-05 09:50:00.230,0.7428,0.7441,14.0,0.7388,4.0,731.0,25.0
2021-01-05 09:50:00.720,0.7428,0.7441,14.0,0.7388,1.0,731.0,25.0
2021-01-05 09:50:01.231,0.7428,0.7441,14.0,0.7388,1.0,731.0,25.0
2021-01-05 09:50:02.241,0.7428,0.7441,14.0,0.7387,2.0,731.0,25.0
2021-01-05 09:50:02.680,0.7428,0.7452,14.0,0.7398,14.0,731.0,25.0
2021-01-05 09:50:03.210,0.7428,0.7452,14.0,0.7398,14.0,731.0,25.0
2021-01-05 09:50:03.730,0.7428,0.7452,14.0,0.7399,1.0,731.0,25.0
2021-01-05 09:50:04.241,0.7428,0.7452,14.0,0.7412,10.0,731.0,25.0
2021-01-05 09:50:04.691,0.7428,0.746,10.0,0.7412,10.0,731.0,25.0
2021-01-05 09:50:05.231,0.7428,0.746,10.0,0.7413,1.0,731.0,25.0
2021-01-05 09:50:05.690,0.7428,0.746,10.0,0.7413,2.0,731.0,25.0
2021-01-05 09:50:06.180,0.7428,0.746,10.0,0.7413,1.0,731.0,25.0
2021-01-05 09:50:06.710,0.7428,0.746,10.0,0.7414,1.0,731.0,25.0
2021-01-05 09:50:07.211,0.7428,0.746,10.0,0.7413,1.0,731.0,25.0
2021-01-05 09:50:07.740,0.7428,0.7454,14.0,0.7412,30.0,731.0,25.0
2021-01-05 09:50:08.251,0.7428,0.7454,14.0,0.7412,30.0,731.0,25.0
2021-01-05 09:50:08.700,0.7428,0.7454,14.0,0.7413,1.0,731.0,25.0
2021-01-05 09:50:09.640,0.7428,0.7454,14.0,0.7414,1.0,731.0,25.0
2021-01-05 09:50:11.240,0.7428,0.7454,14.0,0.7414,1.0,731.0,25.0
2021-01-05 09:50:11.761,0.7428,0.7454,14.0,0.7413,1.0,731.0,25.0
2021-01-05 09:50:12.170,0.7428,0.7454,14.0,0.7413,1.0,731.0,25.0
2021-01-05 09:50:12.761,0.7428,0.7454,14.0,0.7412,30.0,731.0,25.0
2021-01-05 09:50:13.230,0.7428,0.7454,14.0,0.7414,1.0,731.0,25.0
2021-01-05 09:50:13.670,0.7428,0.7454,14.0,0.7414,1.0,731.0,25.0
2021-01-05 09:50:14.241,0.7428,0.746,10.0,0.7414,1.0,731.0,25.0
2021-01-05 09:50:16.191,0.7428,0.746,10.0,0.7414,1.0,731.0,25.0
