,last,ask1,asize1,bid1,bsize1,oi,volume
2021-01-05 09:25:00.080,,0.7055,1.0,0.675,10.0,183.0,
2021-01-05 09:30:00.451,,0.6961,20.0,0.6751,1.0,183.0,
2021-01-05 09:30:00.991,,0.6988,20.0,0.6904,20.0,183.0,
2021-01-05 09:30:01.481,,0.6996,1.0,0.6877,20.0,183.0,
2021-01-05 09:30:01.990,,0.6996,21.0,0.6911,20.0,183.0,
2021-01-05 09:30:02.440,,0.6996,21.0,0.6922,20.0,183.0,
2021-01-05 09:30:03.010,,0.6996,21.0,0.6911,20.0,183.0,
2021-01-05 09:30:03.980,,0.6984,20.0,0.6899,20.0,183.0,
2021-01-05 09:30:04.430,,0.6996,21.0,0.6909,20.0,183.0,
2021-01-05 09:30:05.010,,0.6996,21.0,0.6925,20.0,183.0,
2021-01-05 09:30:05.990,,0.6996,1.0,0.6935,20.0,183.0,
2021-01-05 09:30:06.480,,0.6996,1.0,0.694,20.0,183.0,
2021-01-05 09:30:06.971,,0.6996,1.0,0.6961,20.0,183.0,
2021-01-05 09:30:08.001,,0.6996,1.0,0.6961,20.0,183.0,
2021-01-05 09:30:09.970,0.6996,0.7023,20.0,0.6961,20.0,183.0,1.0
2021-01-05 09:30:10.501,0.6996,0.7051,20.0,0.6967,20.0,183.0,1.0
2021-01-05 09:30:11.000,0.6996,0.7056,20.0,0.6972,20.0,183.0,1.0
2021-01-05 09:30:13.000,0.6996,0.7045,20.0,0.6961,20.0,183.0,1.0
2021-01-05 09:30:13.501,0.6996,0.704,20.0,0.6956,20.0,183.0,1.0
2021-01-05 09:30:13.941,0.6996,0.7045,20.0,0.6956,20.0,183.0,1.0
2021-01-05 09:30:15.040,0.6996,0.704,20.0,0.6956,20.0,183.0,1.0
2021-01-05 09:30:15.991,0.6996,0.704,20.0,0.6956,20.0,183.0,1.0
2021-01-05 09:30:17.021,0.6996,0.7029,20.0,0.6945,20.0,183.0,1.0
2021-01-05 09:30:18.231,0.6996,0.7016,20.0,0.6931,20.0,183.0,1.0
2021-01-05 09:30:19.251,0.6996,0.7011,20.0,0.6931,20.0,183.0,1.0
2021-01-05 09:30:19.741,0.6996,0.7011,20.0,0.6924,20.0,183.0,1.0
2021-01-05 09:30:20.740,0.6996,0.7016,20.0,0.6931,20.0,183.0,1.0
2021-01-05 09:30:21.241,0.6996,0.7016,20.0,0.6931,20.0,183.0,1.0
2021-01-05 09:30:21.741,0.6996,0.7016,20.0,0.6931,20.0,183.0,1.0
2021-01-05 09:30:22.240,0.6996,0.7025,20.0,0.6941,20.0,183.0,1.0
2021-01-05 09:30:22.671,0.6996,0.7025,20.0,0.6941,20.0,183.0,1.0
2021-01-05 09:30:23.170,0.6996,0.7025,20.0,0.6941,20.0,183.0,1.0
2021-01-05 09:30:23.670,0.6996,0.7031,20.0,0.6947,20.0,183.0,1.0
2021-01-05 09:30:24.140,0.6996,0.7036,20.0,0.6952,20.0,183.0,1.0
2021-01-05 09:30:25.160,0.6996,0.7046,20.0,0.6962,20.0,183.0,1.0
2021-01-05 09:30:27.671,0.6996,0.7041,20.0,0.6957,20.0,183.0,1.0
2021-01-05 09:30:28.161,0.6996,0.7041,20.0,0.6957,20.0,183.0,1.0
2021-01-05 09:30:28.670,0.6996,0.7046,20.0,0.6957,20.0,183.0,1.0
2021-01-05 09:30:29.150,0.6996,0.7046,20.0,0.6957,20.0,183.0,1.0
2021-01-05 09:30:29.650,0.6996,0.7046,20.0,0.6957,20.0,183.0,1.0
2021-01-05 09:30:30.171,0.6996,0.7041,20.0,0.6957,20.0,183.0,1.0
2021-01-05 09:30:30.620,0.6996,0.7035,20.0,0.6952,20.0,183.0,1.0
2021-01-05 09:30:31.631,0.6996,0.703,20.0,0.6946,20.0,183.0,1.0
2021-01-05 09:30:32.140,0.6996,0.703,20.0,0.6946,20.0,183.0,1.0
2021-01-05 09:30:32.551,0.6996,0.7023,20.0,0.6939,20.0,183.0,1.0
2021-01-05 09:30:33.171,0.6996,0.7023,20.0,0.6939,20.0,183.0,1.0
2021-01-05 09:30:33.671,0.6996,0.7023,20.0,0.6939,20.0,183.0,1.0
2021-01-05 09:30:36.170,0.6996,0.703,20.0,0.6946,20.0,183.0,1.0
2021-01-05 09:30:36.691,0.6996,0.703,20.0,0.6946,20.0,183.0,1.0
2021-01-05 09:30:37.171,0.6996,0.703,20.0,0.6939,20.0,183.0,1.0
2021-01-05 09:30:37.670,0.6996,0.703,20.0,0.6939,20.0,183.0,1.0
2021-01-05 09:30:38.141,0.6996,0.703,20.0,0.6944,20.0,183.0,1.0
2021-01-05 09:30:38.700,0.6996,0.7024,20.0,0.6939,20.0,183.0,1.0
2021-01-05 09:30:39.201,0.6996,0.7024,20.0,0.6939,20.0,183.0,1.0
2021-01-05 09:30:39.680,0.6996,0.703,20.0,0.6944,20.0,183.0,1.0
2021-01-05 09:30:40.170,0.6996,0.703,20.0,0.6944,20.0,183.0,1.0
2021-01-05 09:30:40.690,0.6996,0.703,20.0,0.6944,20.0,183.0,1.0
2021-01-05 09:30:42.671,0.6996,0.7022,20.0,0.6939,20.0,183.0,1.0
2021-01-05 09:30:43.180,0.6996,0.7022,20.0,0.6934,20.0,183.0,1.0
2021-01-05 09:30:43.681,0.6996,0.7022,20.0,0.6934,20.0,183.0,1.0
2021-01-05 09:30:44.181,0.6996,0.7013,20.0,0.6929,20.0,183.0,1.0
2021-01-05 09:30:44.650,0.6996,0.7013,20.0,0.6929,20.0,183.0,1.0
2021-01-05 09:30:45.161,0.6996,0.7013,20.0,0.6929,20.0,183.0,1.0
2021-01-05 09:30:46.200,0.6996,0.7008,20.0,0.6924,20.0,183.0,1.0
2021-01-05 09:30:46.701,0.6996,0.7008,20.0,0.6924,20.0,183.0,1.0
2021-01-05 09:30:47.191,0.6996,0.7008,20.0,0.6924,20.0,183.0,1.0
2021-01-05 09:30:47.691,0.6996,0.7,20.0,0.6918,30.0,183.0,1.0
2021-01-05 09:30:48.711,0.6996,0.7,20.0,0.6918,30.0,183.0,1.0
2021-01-05 09:30:50.171,0.6996,0.6995,20.0,0.6918,30.0,183.0,1.0
2021-01-05 09:30:50.720,0.6996,0.7,20.0,0.6918,30.0,183.0,1.0
2021-01-05 09:30:51.181,0.6996,0.6995,20.0,0.6918,30.0,183.0,1.0
2021-01-05 09:30:51.721,0.6996,0.7,20.0,0.6918,30.0,183.0,1.0
2021-01-05 09:30:53.120,0.6996,0.6995,20.0,0.6919,1.0,183.0,1.0
2021-01-05 09:30:53.660,0.6996,0.6995,20.0,0.6918,30.0,183.0,1.0
2021-01-05 09:30:55.081,0.6996,0.699,20.0,0.6918,20.0,183.0,1.0
2021-01-05 09:30:55.671,0.6996,0.699,20.0,0.6906,20.0,183.0,1.0
2021-01-05 09:30:56.170,0.6996,0.699,20.0,0.6906,20.0,183.0,1.0
2021-01-05 09:30:58.091,0.6996,0.6995,20.0,0.6912,20.0,183.0,1.0
2021-01-05 09:30:59.171,0.6996,0.7,20.0,0.6912,20.0,183.0,1.0
2021-01-05 09:30:59.640,0.6996,0.7,20.0,0.6917,20.0,183.0,1.0
2021-01-05 09:31:00.161,0.6996,0.7009,20.0,0.6925,20.0,183.0,1.0
2021-01-05 09:31:00.681,0.6996,0.6998,20.0,0.6917,20.0,183.0,1.0
2021-01-05 09:31:01.140,0.6996,0.7009,20.0,0.6925,20.0,183.0,1.0
2021-01-05 09:31:02.170,0.6996,0.7017,30.0,0.694,20.0,183.0,1.0
2021-01-05 09:31:02.681,0.6996,0.7017,30.0,0.6932,20.0,183.0,1.0
2021-01-05 09:31:03.680,0.6996,0.7017,30.0,0.6938,20.0,183.0,1.0
2021-01-05 09:31:04.181,0.6996,0.7017,20.0,0.6938,20.0,183.0,1.0
2021-01-05 09:31:04.671,0.6996,0.7023,20.0,0.6938,20.0,183.0,1.0
2021-01-05 09:31:05.190,0.6996,0.7023,20.0,0.6938,20.0,183.0,1.0
2021-01-05 09:31:05.661,0.6996,0.7023,20.0,0.6943,20.0,183.0,1.0
2021-01-05 09:31:06.160,0.6996,0.7018,20.0,0.6935,10.0,183.0,1.0
2021-01-05 09:31:06.681,0.6996,0.7018,20.0,0.6935,10.0,183.0,1.0
2021-01-05 09:31:07.190,0.6996,0.7009,20.0,0.6935,10.0,183.0,1.0
2021-01-05 09:31:07.670,0.6996,0.7009,20.0,0.6935,10.0,183.0,1.0
2021-01-05 09:31:08.200,0.6996,0.7009,20.0,0.6935,10.0,183.0,1.0
2021-01-05 09:31:08.650,0.6996,0.6997,20.0,0.6933,20.0,183.0,1.0
2021-01-05 09:31:09.101,0.6996,0.7009,20.0,0.6933,20.0,183.0,1.0
2021-01-05 09:31:09.701,0.6996,0.7009,20.0,0.6921,20.0,183.0,1.0
2021-01-05 09:31:10.200,0.6996,0.7004,20.0,0.6921,20.0,183.0,1.0
2021-01-05 09:31:10.690,0.6996,0.7004,20.0,0.6921,20.0,183.0,1.0
2021-01-05 09:31:12.621,0.6996,0.7009,20.0,0.6921,20.0,183.0,1.0
2021-01-05 09:31:13.170,0.6996,0.7002,20.0,0.6921,20.0,183.0,1.0
2021-01-05 09:31:14.200,0.6996,0.7002,20.0,0.6921,20.0,183.0,1.0
2021-01-05 09:31:15.110,0.6996,0.7009,20.0,0.6927,20.0,183.0,1.0
2021-01-05 09:31:15.710,0.6996,0.7009,20.0,0.6927,20.0,183.0,1.0
2021-01-05 09:31:16.180,0.6996,0.7009,20.0,0.6927,20.0,183.0,1.0
2021-01-05 09:31:17.201,0.6996,0.7004,20.0,0.6921,20.0,183.0,1.0
2021-01-05 09:31:18.201,0.6996,0.7004,20.0,0.6921,20.0,183.0,1.0
2021-01-05 09:31:19.150,0.6996,0.6992,20.0,0.6912,30.0,183.0,1.0
2021-01-05 09:31:19.721,0.6996,0.6997,20.0,0.6912,30.0,183.0,1.0
2021-01-05 09:31:20.171,0.6996,0.6997,20.0,0.6912,30.0,183.0,1.0
2021-01-05 09:31:20.691,0.6996,0.6989,20.0,0.6912,30.0,183.0,1.0
2021-01-05 09:31:21.221,0.6996,0.6997,20.0,0.6912,30.0,183.0,1.0
2021-01-05 09:31:21.671,0.6996,0.6997,20.0,0.6919,20.0,183.0,1.0
2021-01-05 09:31:22.211,0.6996,0.7004,20.0,0.6924,20.0,183.0,1.0
2021-01-05 09:31:22.620,0.6996,0.7004,20.0,0.6924,20.0,183.0,1.0
2021-01-05 09:31:23.171,0.6996,0.7002,10.0,0.6924,30.0,183.0,1.0
2021-01-05 09:31:23.640,0.6996,0.7002,10.0,0.6945,10.0,183.0,1.0
2021-01-05 09:31:24.161,0.6996,0.7002,10.0,0.6945,10.0,183.0,1.0
2021-01-05 09:31:24.610,0.6996,0.7002,10.0,0.6945,20.0,183.0,1.0
2021-01-05 09:31:25.150,0.6996,0.7002,10.0,0.6945,20.0,183.0,1.0
2021-01-05 09:31:25.640,0.6996,0.7002,10.0,0.6935,20.0,183.0,1.0
2021-01-05 09:31:26.141,0.6996,0.6999,20.0,0.6939,10.0,183.0,1.0
2021-01-05 09:31:26.520,0.6996,0.7002,10.0,0.6939,10.0,183.0,1.0
2021-01-05 09:31:27.171,0.6996,0.7002,10.0,0.6939,10.0,183.0,1.0
2021-01-05 09:31:27.590,0.6996,0.7002,10.0,0.6941,10.0,183.0,1.0
2021-01-05 09:31:28.091,0.6996,0.7002,10.0,0.6941,30.0,183.0,1.0
2021-01-05 09:31:28.610,0.6996,0.7002,10.0,0.6945,10.0,183.0,1.0
2021-01-05 09:31:29.171,0.6996,0.7002,10.0,0.6941,20.0,183.0,1.0
2021-01-05 09:31:30.170,0.6996,0.7002,10.0,0.6943,10.0,183.0,1.0
2021-01-05 09:31:30.671,0.6996,0.7002,10.0,0.6941,20.0,183.0,1.0
2021-01-05 09:31:31.150,0.6996,0.7002,10.0,0.6942,10.0,183.0,1.0
2021-01-05 09:31:31.661,0.6996,0.7002,10.0,0.6942,20.0,183.0,1.0
2021-01-05 09:31:32.191,0.6996,0.7002,10.0,0.6943,10.0,183.0,1.0
2021-01-05 09:31:32.671,0.6996,0.7002,10.0,0.6942,20.0,183.0,1.0
2021-01-05 09:31:33.190,0.6996,0.7002,10.0,0.6942,20.0,183.0,1.0
2021-01-05 09:31:34.681,0.6996,0.7002,10.0,0.6946,10.0,183.0,1.0
2021-01-05 09:31:35.190,0.6996,0.7002,10.0,0.6945,10.0,183.0,1.0
2021-01-05 09:31:35.670,0.6996,0.7002,10.0,0.6942,20.0,183.0,1.0
2021-01-05 09:31:36.181,0.6996,0.7002,10.0,0.6943,10.0,183.0,1.0
2021-01-05 09:31:36.690,0.6996,0.7002,10.0,0.6948,10.0,183.0,1.0
2021-01-05 09:31:37.191,0.6996,0.7002,10.0,0.6948,20.0,183.0,1.0
2021-01-05 09:31:37.620,0.6996,0.7002,10.0,0.6942,30.0,183.0,1.0
2021-01-05 09:31:38.190,0.6996,0.7002,10.0,0.6942,20.0,183.0,1.0
2021-01-05 09:31:39.210,0.6996,0.6995,20.0,0.6933,20.0,183.0,1.0
2021-01-05 09:31:39.710,0.6996,0.6995,20.0,0.6934,10.0,183.0,1.0
2021-01-05 09:31:40.200,0.6996,0.6995,20.0,0.6934,10.0,183.0,1.0
2021-01-05 09:31:40.711,0.6996,0.6973,10.0,0.6933,20.0,183.0,1.0
2021-01-05 09:31:41.191,0.6996,0.6973,30.0,0.6925,30.0,183.0,1.0
2021-01-05 09:31:41.700,0.6996,0.6973,30.0,0.6925,20.0,183.0,1.0
2021-01-05 09:31:42.211,0.6996,0.6973,30.0,0.6926,12.0,183.0,1.0
2021-01-05 09:31:43.191,0.6996,0.6973,30.0,0.693,10.0,183.0,1.0
2021-01-05 09:31:43.710,0.6996,0.6973,30.0,0.6932,10.0,183.0,1.0
2021-01-05 09:31:44.190,0.6996,0.6973,30.0,0.6932,30.0,183.0,1.0
2021-01-05 09:31:44.691,0.6996,0.6973,20.0,0.6939,10.0,183.0,1.0
2021-01-05 09:31:45.170,0.6996,0.6973,20.0,0.6939,20.0,183.0,1.0
2021-01-05 09:31:45.700,0.6996,0.6973,20.0,0.6933,10.0,183.0,1.0
2021-01-05 09:31:46.090,0.6996,0.6983,30.0,0.6932,20.0,183.0,1.0
2021-01-05 09:31:46.701,0.6996,0.6983,30.0,0.6924,30.0,183.0,1.0
2021-01-05 09:31:47.191,0.6996,0.6983,30.0,0.6929,10.0,183.0,1.0
2021-01-05 09:31:47.690,0.6996,0.6983,30.0,0.6929,20.0,183.0,1.0
2021-01-05 09:31:48.211,0.6996,0.6983,30.0,0.6924,22.0,183.0,1.0
2021-01-05 09:31:48.691,0.6996,0.6983,30.0,0.6924,20.0,183.0,1.0
2021-01-05 09:31:49.711,0.6996,0.6983,30.0,0.6924,20.0,183.0,1.0
2021-01-05 09:31:50.191,0.6996,0.6983,30.0,0.6924,20.0,183.0,1.0
2021-01-05 09:31:50.710,0.6996,0.6948,10.0,0.6914,10.0,183.0,1.0
2021-01-05 09:31:51.210,0.6996,0.6948,30.0,0.6917,10.0,183.0,1.0
2021-01-05 09:31:51.701,0.6996,0.6948,30.0,0.6917,30.0,183.0,1.0
2021-01-05 09:31:52.220,0.6996,0.6948,30.0,0.6917,30.0,183.0,1.0
2021-01-05 09:31:52.621,0.6996,0.6948,30.0,0.6917,20.0,183.0,1.0
2021-01-05 09:31:53.171,0.6996,0.6948,30.0,0.6897,30.0,183.0,1.0
2021-01-05 09:31:53.640,0.6996,0.6938,10.0,0.6902,10.0,183.0,1.0
2021-01-05 09:31:54.151,0.6996,0.6938,30.0,0.6902,30.0,183.0,1.0
2021-01-05 09:31:54.641,0.6996,0.6938,30.0,0.6903,10.0,183.0,1.0
2021-01-05 09:31:55.150,0.6996,0.6938,30.0,0.6903,10.0,183.0,1.0
2021-01-05 09:31:55.670,0.6996,0.6938,30.0,0.6902,20.0,183.0,1.0
2021-01-05 09:31:56.110,0.6996,0.6938,30.0,0.6898,12.0,183.0,1.0
2021-01-05 09:31:57.171,0.6996,0.6938,30.0,0.6898,12.0,183.0,1.0
2021-01-05 09:31:57.651,0.6996,0.6938,30.0,0.6898,12.0,183.0,1.0
2021-01-05 09:31:58.171,0.6996,0.6938,30.0,0.69,10.0,183.0,1.0
2021-01-05 09:31:59.180,0.6996,0.6938,30.0,0.69,2.0,183.0,1.0
2021-01-05 09:31:59.660,0.6996,0.6938,30.0,0.69,2.0,183.0,1.0
2021-01-05 09:32:00.150,0.6996,0.6938,30.0,0.6901,10.0,183.0,1.0
2021-01-05 09:32:00.650,0.6996,0.6938,30.0,0.69,2.0,183.0,1.0
2021-01-05 09:32:01.170,0.6996,0.6938,30.0,0.69,2.0,183.0,1.0
2021-01-05 09:32:01.670,0.6996,0.6938,30.0,0.6901,10.0,183.0,1.0
2021-01-05 09:32:02.171,0.6996,0.6938,10.0,0.6903,10.0,183.0,1.0
2021-01-05 09:32:02.671,0.6996,0.6938,10.0,0.6908,10.0,183.0,1.0
2021-01-05 09:32:03.180,0.6996,0.6938,10.0,0.6909,2.0,183.0,1.0
2021-01-05 09:32:03.641,0.6996,0.6938,10.0,0.6909,2.0,183.0,1.0
2021-01-05 09:32:04.090,0.6938,0.6953,20.0,0.691,10.0,183.0,11.0
2021-01-05 09:32:04.661,0.6938,0.6961,10.0,0.6908,20.0,183.0,11.0
2021-01-05 09:32:05.141,0.6938,0.6961,30.0,0.6903,20.0,183.0,11.0
2021-01-05 09:32:05.660,0.6938,0.6961,30.0,0.6902,10.0,183.0,11.0
2021-01-05 09:32:06.161,0.6938,0.6961,30.0,0.6902,20.0,183.0,11.0
2021-01-05 09:32:06.680,0.6938,0.6961,30.0,0.6899,2.0,183.0,11.0
2021-01-05 09:32:07.070,0.6938,0.6961,30.0,0.6899,22.0,183.0,11.0
2021-01-05 09:32:07.570,0.6938,0.6961,30.0,0.6899,32.0,183.0,11.0
2021-01-05 09:32:08.171,0.6938,0.6961,30.0,0.6899,32.0,183.0,11.0
2021-01-05 09:32:08.670,0.6938,0.6961,30.0,0.6899,22.0,183.0,11.0
2021-01-05 09:32:09.141,0.6938,0.6961,30.0,0.6899,22.0,183.0,11.0
2021-01-05 09:32:09.681,0.6938,0.6961,30.0,0.6899,22.0,183.0,11.0
2021-01-05 09:32:10.161,0.6938,0.6961,30.0,0.6899,22.0,183.0,11.0
2021-01-05 09:32:10.601,0.6938,0.6961,30.0,0.6899,22.0,183.0,11.0
2021-01-05 09:32:11.170,0.6938,0.6961,30.0,0.6899,22.0,183.0,11.0
2021-01-05 09:32:11.650,0.6938,0.6961,30.0,0.6899,22.0,183.0,11.0
2021-01-05 09:32:12.161,0.6938,0.6961,30.0,0.6899,32.0,183.0,11.0
2021-01-05 09:32:12.670,0.6938,0.6961,30.0,0.6901,10.0,183.0,11.0
2021-01-05 09:32:13.171,0.6938,0.6961,30.0,0.6902,2.0,183.0,11.0
2021-01-05 09:32:14.660,0.6938,0.6961,30.0,0.6902,2.0,183.0,11.0
2021-01-05 09:32:15.171,0.6938,0.6961,30.0,0.6902,2.0,183.0,11.0
2021-01-05 09:32:15.671,0.6938,0.6961,30.0,0.6902,2.0,183.0,11.0
2021-01-05 09:32:16.151,0.6938,0.6961,30.0,0.6902,2.0,183.0,11.0
2021-01-05 09:32:17.161,0.6938,0.6961,30.0,0.6902,2.0,183.0,11.0
2021-01-05 09:32:17.651,0.6938,0.6961,30.0,0.6902,2.0,183.0,11.0
2021-01-05 09:32:18.670,0.6938,0.6961,30.0,0.69,2.0,183.0,11.0
2021-01-05 09:32:20.671,0.6938,0.6961,30.0,0.69,2.0,183.0,11.0
2021-01-05 09:32:21.171,0.6938,0.6961,30.0,0.69,2.0,183.0,11.0
2021-01-05 09:32:21.680,0.6938,0.6961,30.0,0.6902,10.0,183.0,11.0
2021-01-05 09:32:22.181,0.6938,0.6961,30.0,0.6903,2.0,183.0,11.0
2021-01-05 09:32:22.660,0.6938,0.6961,30.0,0.6903,2.0,183.0,11.0
2021-01-05 09:32:23.180,0.6938,0.6961,20.0,0.6906,10.0,183.0,11.0
2021-01-05 09:32:23.670,0.6938,0.6961,20.0,0.6906,30.0,183.0,11.0
2021-01-05 09:32:24.091,0.6938,0.6961,20.0,0.6906,30.0,183.0,11.0
2021-01-05 09:32:25.170,0.6938,0.6961,20.0,0.6906,30.0,183.0,11.0
2021-01-05 09:32:25.670,0.6938,0.6961,20.0,0.6906,30.0,183.0,11.0
2021-01-05 09:32:26.171,0.6938,0.6949,10.0,0.6906,20.0,183.0,11.0
2021-01-05 09:32:26.650,0.6938,0.6949,30.0,0.6886,50.0,183.0,11.0
2021-01-05 09:32:27.151,0.6938,0.6949,30.0,0.6887,2.0,183.0,11.0
2021-01-05 09:32:28.171,0.6938,0.6949,30.0,0.6887,2.0,183.0,11.0
2021-01-05 09:32:28.630,0.6938,0.6949,30.0,0.6887,2.0,183.0,11.0
2021-01-05 09:32:30.171,0.6938,0.6949,30.0,0.6891,10.0,183.0,11.0
2021-01-05 09:32:30.671,0.6938,0.6949,30.0,0.6891,30.0,183.0,11.0
2021-01-05 09:32:31.151,0.6938,0.6949,30.0,0.6892,2.0,183.0,11.0
2021-01-05 09:32:31.691,0.6938,0.6949,30.0,0.6892,2.0,183.0,11.0
2021-01-05 09:32:32.121,0.6938,0.6949,30.0,0.6892,2.0,183.0,11.0
2021-01-05 09:32:33.671,0.6938,0.6949,30.0,0.6892,2.0,183.0,11.0
2021-01-05 09:32:34.171,0.6938,0.6949,30.0,0.6892,2.0,183.0,11.0
2021-01-05 09:32:34.691,0.6938,0.6949,30.0,0.6895,10.0,183.0,11.0
2021-01-05 09:32:35.170,0.6938,0.6949,30.0,0.6895,10.0,183.0,11.0
2021-01-05 09:32:35.671,0.6938,0.6949,30.0,0.6892,2.0,183.0,11.0
2021-01-05 09:32:37.150,0.6938,0.6949,30.0,0.6892,2.0,183.0,11.0
2021-01-05 09:32:38.190,0.6938,0.6949,30.0,0.6892,12.0,183.0,11.0
2021-01-05 09:32:39.200,0.6938,0.6949,30.0,0.6891,20.0,183.0,11.0
2021-01-05 09:32:39.630,0.6938,0.6949,30.0,0.6891,20.0,183.0,11.0
2021-01-05 09:32:41.690,0.6938,0.6949,30.0,0.6891,20.0,183.0,11.0
2021-01-05 09:32:42.201,0.6938,0.6949,30.0,0.6891,20.0,183.0,11.0
2021-01-05 09:32:42.700,0.6938,0.6949,30.0,0.6891,20.0,183.0,11.0
2021-01-05 09:32:43.131,0.6938,0.6949,30.0,0.6886,30.0,183.0,11.0
2021-01-05 09:32:43.580,0.6938,0.6949,30.0,0.6886,40.0,183.0,11.0
2021-01-05 09:32:44.700,0.6938,0.6949,30.0,0.689,10.0,183.0,11.0
2021-01-05 09:32:45.580,0.6938,0.6949,30.0,0.6886,30.0,183.0,11.0
2021-01-05 09:32:46.160,0.6938,0.6949,30.0,0.6886,40.0,183.0,11.0
2021-01-05 09:32:47.701,0.6938,0.6949,30.0,0.6886,30.0,183.0,11.0
2021-01-05 09:32:48.181,0.6938,0.6949,30.0,0.6886,30.0,183.0,11.0
2021-01-05 09:32:48.690,0.6938,0.693,10.0,0.6886,20.0,183.0,11.0
2021-01-05 09:32:49.190,0.6938,0.693,30.0,0.6886,20.0,183.0,11.0
2021-01-05 09:32:49.670,0.6938,0.6929,10.0,0.6873,20.0,183.0,11.0
2021-01-05 09:32:50.171,0.6938,0.6929,10.0,0.6867,20.0,183.0,11.0
2021-01-05 09:32:50.650,0.6938,0.6929,10.0,0.687,10.0,183.0,11.0
2021-01-05 09:32:51.170,0.6938,0.6929,10.0,0.6862,10.0,183.0,11.0
2021-01-05 09:32:51.701,0.6938,0.6929,10.0,0.687,20.0,183.0,11.0
2021-01-05 09:32:52.141,0.6938,0.6929,10.0,0.6861,10.0,183.0,11.0
2021-01-05 09:32:52.671,0.6938,0.6929,10.0,0.6862,10.0,183.0,11.0
2021-01-05 09:32:53.161,0.6938,0.6929,10.0,0.6865,10.0,183.0,11.0
2021-01-05 09:32:53.641,0.6938,0.6929,10.0,0.6866,10.0,183.0,11.0
2021-01-05 09:32:54.181,0.6938,0.6929,10.0,0.6871,10.0,183.0,11.0
2021-01-05 09:32:54.671,0.6938,0.6929,10.0,0.6873,10.0,183.0,11.0
2021-01-05 09:32:55.170,0.6938,0.6929,10.0,0.6872,2.0,183.0,11.0
2021-01-05 09:32:55.670,0.6938,0.6929,10.0,0.6872,2.0,183.0,11.0
2021-01-05 09:32:56.021,0.6938,0.6929,30.0,0.6872,2.0,183.0,11.0
2021-01-05 09:32:56.611,0.6938,0.6929,30.0,0.6871,20.0,183.0,11.0
2021-01-05 09:32:57.130,0.6938,0.6929,30.0,0.6873,2.0,183.0,11.0
2021-01-05 09:32:57.600,0.6938,0.6929,30.0,0.6873,2.0,183.0,11.0
2021-01-05 09:32:58.171,0.6938,0.6929,30.0,0.6873,2.0,183.0,11.0
2021-01-05 09:32:58.651,0.6938,0.6929,30.0,0.6873,2.0,183.0,11.0
2021-01-05 09:32:59.170,0.6938,0.6929,30.0,0.6873,2.0,183.0,11.0
2021-01-05 09:32:59.621,0.6938,0.6929,30.0,0.6874,2.0,183.0,11.0
2021-01-05 09:33:00.651,0.6938,0.6929,30.0,0.6874,2.0,183.0,11.0
2021-01-05 09:33:01.081,0.6938,0.6929,30.0,0.6874,2.0,183.0,11.0
2021-01-05 09:33:01.661,0.6938,0.6929,30.0,0.6874,2.0,183.0,11.0
2021-01-05 09:33:02.130,0.6938,0.6929,30.0,0.6874,2.0,183.0,11.0
2021-01-05 09:33:02.620,0.6938,0.6928,10.0,0.6874,2.0,183.0,11.0
2021-01-05 09:33:03.171,0.6938,0.6928,10.0,0.6878,30.0,183.0,11.0
2021-01-05 09:33:03.681,0.6938,0.6935,20.0,0.6879,2.0,183.0,11.0
2021-01-05 09:33:04.140,0.6938,0.6935,20.0,0.6885,20.0,183.0,11.0
2021-01-05 09:33:04.651,0.6938,0.6947,30.0,0.6885,30.0,183.0,11.0
2021-01-05 09:33:05.181,0.6938,0.6947,10.0,0.6891,20.0,183.0,11.0
2021-01-05 09:33:05.690,0.6938,0.6947,10.0,0.6892,2.0,183.0,11.0
2021-01-05 09:33:06.170,0.6938,0.6947,10.0,0.6899,20.0,183.0,11.0
2021-01-05 09:33:07.171,0.6938,0.6947,10.0,0.6899,20.0,183.0,11.0
2021-01-05 09:33:07.601,0.6938,0.6947,10.0,0.6899,20.0,183.0,11.0
2021-01-05 09:33:08.191,0.6938,0.6947,30.0,0.6892,2.0,183.0,11.0
2021-01-05 09:33:09.181,0.6938,0.6947,30.0,0.6892,2.0,183.0,11.0
2021-01-05 09:33:09.651,0.6938,0.6947,30.0,0.6892,2.0,183.0,11.0
2021-01-05 09:33:10.180,0.6938,0.6947,30.0,0.6892,2.0,183.0,11.0
2021-01-05 09:33:10.681,0.6938,0.6947,20.0,0.69,10.0,183.0,11.0
2021-01-05 09:33:11.180,0.6938,0.6947,20.0,0.6901,2.0,183.0,11.0
2021-01-05 09:33:11.670,0.6938,0.695,10.0,0.6901,2.0,183.0,11.0
2021-01-05 09:33:12.181,0.6938,0.6948,20.0,0.6901,2.0,183.0,11.0
2021-01-05 09:33:12.650,0.6938,0.6948,20.0,0.6901,2.0,183.0,11.0
2021-01-05 09:33:13.100,0.6938,0.6948,20.0,0.6901,2.0,183.0,11.0
2021-01-05 09:33:13.691,0.6938,0.6948,20.0,0.6901,2.0,183.0,11.0
2021-01-05 09:33:14.160,0.6938,0.6948,20.0,0.6901,2.0,183.0,11.0
2021-01-05 09:33:15.651,0.6938,0.695,10.0,0.6901,2.0,183.0,11.0
2021-01-05 09:33:15.881,0.6938,0.695,10.0,0.6901,2.0,183.0,11.0
2021-01-05 09:33:16.671,0.6938,0.695,10.0,0.6901,2.0,183.0,11.0
2021-01-05 09:33:17.190,0.6938,0.695,10.0,0.6907,20.0,183.0,11.0
2021-01-05 09:33:17.691,0.6938,0.695,10.0,0.6908,2.0,183.0,11.0
2021-01-05 09:33:18.160,0.6938,0.695,10.0,0.6908,2.0,183.0,11.0
2021-01-05 09:33:18.680,0.6938,0.695,10.0,0.6908,2.0,183.0,11.0
2021-01-05 09:33:19.191,0.6938,0.695,10.0,0.6908,2.0,183.0,11.0
2021-01-05 09:33:19.660,0.6938,0.6967,30.0,0.6916,10.0,183.0,11.0
2021-01-05 09:33:20.680,0.6938,0.6967,30.0,0.6916,10.0,183.0,11.0
2021-01-05 09:33:21.160,0.6938,0.6967,30.0,0.6916,10.0,183.0,11.0
2021-01-05 09:33:21.681,0.6938,0.6967,30.0,0.6916,10.0,183.0,11.0
2021-01-05 09:33:22.150,0.6938,0.6967,30.0,0.6916,10.0,183.0,11.0
2021-01-05 09:33:22.670,0.6938,0.6967,30.0,0.6917,2.0,183.0,11.0
2021-01-05 09:33:23.151,0.6938,0.6967,30.0,0.6917,2.0,183.0,11.0
2021-01-05 09:33:23.660,0.6938,0.6967,30.0,0.6917,2.0,183.0,11.0
2021-01-05 09:33:24.171,0.6938,0.6967,30.0,0.6917,2.0,183.0,11.0
2021-01-05 09:33:24.661,0.6938,0.6967,30.0,0.6917,2.0,183.0,11.0
2021-01-05 09:33:25.671,0.6938,0.6967,30.0,0.6917,2.0,183.0,11.0
2021-01-05 09:33:26.161,0.6938,0.6957,10.0,0.6917,2.0,183.0,11.0
2021-01-05 09:33:27.171,0.6938,0.6957,10.0,0.6917,2.0,183.0,11.0
2021-01-05 09:33:27.681,0.6938,0.6957,10.0,0.6917,2.0,183.0,11.0
2021-01-05 09:33:28.180,0.6938,0.6957,10.0,0.6917,2.0,183.0,11.0
2021-01-05 09:33:28.670,0.6938,0.6957,10.0,0.6917,2.0,183.0,11.0
2021-01-05 09:33:29.171,0.6938,0.6957,10.0,0.6917,2.0,183.0,11.0
2021-01-05 09:33:30.180,0.6938,0.6957,10.0,0.6917,2.0,183.0,11.0
2021-01-05 09:33:31.680,0.6938,0.6957,10.0,0.6917,2.0,183.0,11.0
2021-01-05 09:33:32.170,0.6938,0.6957,10.0,0.6917,2.0,183.0,11.0
2021-01-05 09:33:32.620,0.6938,0.6957,10.0,0.6918,2.0,183.0,11.0
2021-01-05 09:33:33.680,0.6938,0.6957,10.0,0.6918,22.0,183.0,11.0
2021-01-05 09:33:36.681,0.6938,0.6957,10.0,0.6918,22.0,183.0,11.0
2021-01-05 09:33:37.190,0.6938,0.6966,10.0,0.6918,22.0,183.0,11.0
2021-01-05 09:33:37.640,0.6938,0.6966,10.0,0.6918,22.0,183.0,11.0
2021-01-05 09:33:39.201,0.6938,0.6966,30.0,0.6918,22.0,183.0,11.0
2021-01-05 09:33:39.641,0.6938,0.6966,30.0,0.6918,22.0,183.0,11.0
2021-01-05 09:33:40.160,0.6938,0.6966,30.0,0.6918,22.0,183.0,11.0
2021-01-05 09:33:40.690,0.6938,0.6966,20.0,0.6918,22.0,183.0,11.0
2021-01-05 09:33:41.161,0.6938,0.6972,20.0,0.6918,22.0,183.0,11.0
2021-01-05 09:33:41.691,0.6938,0.6972,20.0,0.6918,22.0,183.0,11.0
2021-01-05 09:33:42.160,0.6938,0.6972,20.0,0.6918,22.0,183.0,11.0
2021-01-05 09:33:42.640,0.6938,0.6972,20.0,0.6919,2.0,183.0,11.0
2021-01-05 09:33:43.180,0.6938,0.6972,20.0,0.6919,2.0,183.0,11.0
2021-01-05 09:33:43.681,0.6938,0.6972,20.0,0.6919,2.0,183.0,11.0
2021-01-05 09:33:44.110,0.6938,0.6972,20.0,0.6919,2.0,183.0,11.0
2021-01-05 09:33:45.180,0.6938,0.6972,20.0,0.6919,2.0,183.0,11.0
2021-01-05 09:33:46.161,0.6938,0.6972,20.0,0.6919,2.0,183.0,11.0
2021-01-05 09:33:46.680,0.6938,0.6972,20.0,0.6918,20.0,183.0,11.0
2021-01-05 09:33:47.191,0.6938,0.6967,10.0,0.6913,20.0,183.0,11.0
2021-01-05 09:33:47.681,0.6938,0.6953,10.0,0.6913,22.0,183.0,11.0
2021-01-05 09:33:48.171,0.6938,0.6953,30.0,0.6913,22.0,183.0,11.0
2021-01-05 09:33:48.211,0.6938,0.6953,30.0,0.6913,22.0,183.0,11.0
2021-01-05 09:33:49.120,0.6938,0.6953,30.0,0.6913,20.0,183.0,11.0
2021-01-05 09:33:50.180,0.6938,0.6953,30.0,0.6913,20.0,183.0,11.0
2021-01-05 09:33:50.670,0.6938,0.6953,30.0,0.6908,22.0,183.0,11.0
2021-01-05 09:33:51.141,0.6938,0.6953,30.0,0.6909,2.0,183.0,11.0
2021-01-05 09:33:51.581,0.6938,0.6953,30.0,0.6909,2.0,183.0,11.0
2021-01-05 09:33:52.190,0.6938,0.6953,30.0,0.6909,2.0,183.0,11.0
2021-01-05 09:33:52.661,0.6938,0.6953,30.0,0.6909,2.0,183.0,11.0
2021-01-05 09:33:53.650,0.6938,0.6953,30.0,0.6909,2.0,183.0,11.0
2021-01-05 09:33:54.180,0.6938,0.6953,30.0,0.6909,2.0,183.0,11.0
2021-01-05 09:33:54.610,0.6938,0.6953,30.0,0.6909,2.0,183.0,11.0
2021-01-05 09:33:55.181,0.6938,0.6953,30.0,0.6909,2.0,183.0,11.0
2021-01-05 09:33:55.650,0.6938,0.6953,30.0,0.6909,2.0,183.0,11.0
2021-01-05 09:33:56.120,0.6938,0.6953,30.0,0.6909,2.0,183.0,11.0
2021-01-05 09:33:57.171,0.6938,0.6953,30.0,0.6909,2.0,183.0,11.0
2021-01-05 09:33:57.671,0.6938,0.6953,30.0,0.6908,20.0,183.0,11.0
2021-01-05 09:33:58.170,0.6938,0.6953,30.0,0.6901,22.0,183.0,11.0
2021-01-05 09:33:58.670,0.6938,0.6953,30.0,0.6901,20.0,183.0,11.0
2021-01-05 09:33:59.140,0.6938,0.6952,10.0,0.6901,20.0,183.0,11.0
2021-01-05 09:33:59.690,0.6938,0.6952,10.0,0.6881,30.0,183.0,11.0
2021-01-05 09:34:00.191,0.6938,0.6952,10.0,0.6882,2.0,183.0,11.0
2021-01-05 09:34:00.671,0.6938,0.6928,10.0,0.6882,2.0,183.0,11.0
2021-01-05 09:34:01.081,0.6938,0.6928,30.0,0.6882,2.0,183.0,11.0
2021-01-05 09:34:01.661,0.6938,0.6928,30.0,0.6882,2.0,183.0,11.0
2021-01-05 09:34:02.170,0.6938,0.6928,30.0,0.6882,2.0,183.0,11.0
2021-01-05 09:34:02.671,0.6938,0.6928,30.0,0.6882,2.0,183.0,11.0
2021-01-05 09:34:03.171,0.6938,0.6928,30.0,0.6882,2.0,183.0,11.0
2021-01-05 09:34:05.121,0.6938,0.6928,30.0,0.6882,2.0,183.0,11.0
2021-01-05 09:34:06.671,0.6938,0.6928,30.0,0.6882,2.0,183.0,11.0
2021-01-05 09:34:07.651,0.6938,0.6928,30.0,0.6881,20.0,183.0,11.0
2021-01-05 09:34:08.171,0.6938,0.6904,10.0,0.6881,20.0,183.0,11.0
2021-01-05 09:34:08.690,0.6938,0.6904,10.0,0.6868,30.0,183.0,11.0
2021-01-05 09:34:09.170,0.6938,0.6904,10.0,0.6869,2.0,183.0,11.0
2021-01-05 09:34:09.670,0.6938,0.6904,10.0,0.6869,2.0,183.0,11.0
2021-01-05 09:34:10.140,0.6938,0.6904,10.0,0.6869,2.0,183.0,11.0
2021-01-05 09:34:10.690,0.6938,0.6904,10.0,0.6869,2.0,183.0,11.0
2021-01-05 09:34:11.151,0.6938,0.6918,20.0,0.6869,2.0,183.0,11.0
2021-01-05 09:34:11.681,0.6938,0.6928,20.0,0.6874,10.0,183.0,11.0
2021-01-05 09:34:12.121,0.6938,0.6928,20.0,0.6873,20.0,183.0,11.0
2021-01-05 09:34:12.640,0.6938,0.6928,20.0,0.6873,20.0,183.0,11.0
2021-01-05 09:34:13.191,0.6938,0.6928,20.0,0.6874,2.0,183.0,11.0
2021-01-05 09:34:13.681,0.6938,0.6928,20.0,0.6874,32.0,183.0,11.0
2021-01-05 09:34:14.181,0.6938,0.6928,20.0,0.6878,10.0,183.0,11.0
2021-01-05 09:34:14.691,0.6938,0.6929,10.0,0.6884,20.0,183.0,11.0
2021-01-05 09:34:15.181,0.6938,0.6938,20.0,0.6893,10.0,183.0,11.0
2021-01-05 09:34:15.681,0.6938,0.6954,30.0,0.6893,30.0,183.0,11.0
2021-01-05 09:34:16.190,0.6938,0.6954,30.0,0.6893,30.0,183.0,11.0
2021-01-05 09:34:16.630,0.6938,0.6932,10.0,0.6893,20.0,183.0,11.0
2021-01-05 09:34:17.181,0.6938,0.6932,30.0,0.6884,20.0,183.0,11.0
2021-01-05 09:34:17.690,0.6938,0.6932,30.0,0.6884,20.0,183.0,11.0
2021-01-05 09:34:18.201,0.6938,0.6932,30.0,0.6884,20.0,183.0,11.0
2021-01-05 09:34:18.620,0.6938,0.6932,30.0,0.6884,22.0,183.0,11.0
2021-01-05 09:34:19.041,0.6938,0.6932,30.0,0.6884,22.0,183.0,11.0
2021-01-05 09:34:19.700,0.6938,0.6932,30.0,0.6884,22.0,183.0,11.0
2021-01-05 09:34:20.180,0.6938,0.6932,30.0,0.6884,22.0,183.0,11.0
2021-01-05 09:34:21.200,0.6938,0.6932,30.0,0.6884,22.0,183.0,11.0
2021-01-05 09:34:21.690,0.6938,0.6932,30.0,0.6884,20.0,183.0,11.0
2021-01-05 09:34:22.651,0.6938,0.6932,30.0,0.6878,30.0,183.0,11.0
2021-01-05 09:34:23.181,0.6938,0.6932,30.0,0.6879,2.0,183.0,11.0
2021-01-05 09:34:25.150,0.6938,0.6932,30.0,0.6879,2.0,183.0,11.0
2021-01-05 09:34:25.671,0.6938,0.6932,30.0,0.6879,2.0,183.0,11.0
2021-01-05 09:34:26.641,0.6938,0.6932,30.0,0.6879,2.0,183.0,11.0
2021-01-05 09:34:27.150,0.6938,0.6932,30.0,0.6878,32.0,183.0,11.0
2021-01-05 09:34:28.621,0.6938,0.6932,30.0,0.6878,30.0,183.0,11.0
2021-01-05 09:34:29.601,0.6938,0.6932,30.0,0.6878,30.0,183.0,11.0
2021-01-05 09:34:30.170,0.6938,0.6932,30.0,0.6878,30.0,183.0,11.0
2021-01-05 09:34:30.681,0.6938,0.6932,30.0,0.6878,30.0,183.0,11.0
2021-01-05 09:34:31.190,0.6938,0.6932,30.0,0.6878,30.0,183.0,11.0
2021-01-05 09:34:31.280,0.6938,0.6932,30.0,0.6878,30.0,183.0,11.0
2021-01-05 09:34:32.150,0.6938,0.6932,30.0,0.6878,30.0,183.0,11.0
2021-01-05 09:34:33.090,0.6938,0.6932,30.0,0.6878,30.0,183.0,11.0
2021-01-05 09:34:33.691,0.6938,0.6912,10.0,0.6878,20.0,183.0,11.0
2021-01-05 09:34:34.171,0.6938,0.6912,30.0,0.6869,22.0,183.0,11.0
2021-01-05 09:34:34.540,0.6938,0.6912,30.0,0.687,2.0,183.0,11.0
2021-01-05 09:34:35.130,0.6938,0.6912,30.0,0.6869,20.0,183.0,11.0
2021-01-05 09:34:35.691,0.6938,0.6912,30.0,0.6869,20.0,183.0,11.0
2021-01-05 09:34:36.171,0.6938,0.6912,30.0,0.6869,20.0,183.0,11.0
2021-01-05 09:34:36.680,0.6938,0.6912,30.0,0.6866,2.0,183.0,11.0
2021-01-05 09:34:37.700,0.6938,0.6912,30.0,0.6862,30.0,183.0,11.0
2021-01-05 09:34:37.940,0.6938,0.6912,30.0,0.6862,32.0,183.0,11.0
2021-01-05 09:34:38.690,0.6938,0.6912,30.0,0.6862,30.0,183.0,11.0
2021-01-05 09:34:39.091,0.6938,0.6912,20.0,0.6862,20.0,183.0,11.0
2021-01-05 09:34:40.171,0.6938,0.6912,20.0,0.6862,20.0,183.0,11.0
2021-01-05 09:34:40.651,0.6938,0.6912,20.0,0.6862,20.0,183.0,11.0
2021-01-05 09:34:41.201,0.6938,0.6911,10.0,0.6862,20.0,183.0,11.0
2021-01-05 09:34:41.700,0.6938,0.6911,10.0,0.6841,30.0,183.0,11.0
2021-01-05 09:34:42.171,0.6938,0.6911,10.0,0.6842,2.0,183.0,11.0
2021-01-05 09:34:44.151,0.6938,0.6911,10.0,0.6842,2.0,183.0,11.0
2021-01-05 09:34:44.701,0.6938,0.6911,10.0,0.6842,2.0,183.0,11.0
2021-01-05 09:34:45.200,0.6938,0.6911,10.0,0.6842,2.0,183.0,11.0
2021-01-05 09:34:45.721,0.6938,0.6911,10.0,0.6842,2.0,183.0,11.0
2021-01-05 09:34:46.140,0.6938,0.689,10.0,0.6842,2.0,183.0,11.0
2021-01-05 09:34:46.660,0.6938,0.689,10.0,0.6842,2.0,183.0,11.0
2021-01-05 09:34:47.181,0.6938,0.689,30.0,0.6842,2.0,183.0,11.0
2021-01-05 09:34:47.701,0.6938,0.689,30.0,0.6842,2.0,183.0,11.0
2021-01-05 09:34:49.701,0.6938,0.689,30.0,0.6842,2.0,183.0,11.0
2021-01-05 09:34:50.220,0.6938,0.689,30.0,0.6842,2.0,183.0,11.0
2021-01-05 09:34:50.700,0.6938,0.689,10.0,0.6842,2.0,183.0,11.0
2021-01-05 09:34:51.200,0.6938,0.689,10.0,0.6842,2.0,183.0,11.0
2021-01-05 09:34:51.701,0.6938,0.689,10.0,0.6842,2.0,183.0,11.0
2021-01-05 09:34:52.220,0.6938,0.689,10.0,0.6843,2.0,183.0,11.0
2021-01-05 09:34:52.650,0.6938,0.689,10.0,0.6843,2.0,183.0,11.0
2021-01-05 09:34:53.180,0.6938,0.689,10.0,0.6843,2.0,183.0,11.0
2021-01-05 09:34:53.651,0.6938,0.689,10.0,0.6843,2.0,183.0,11.0
2021-01-05 09:34:54.170,0.6938,0.689,30.0,0.6843,2.0,183.0,11.0
2021-01-05 09:34:54.631,0.6938,0.689,30.0,0.6843,2.0,183.0,11.0
2021-01-05 09:34:55.161,0.6938,0.6873,10.0,0.6823,20.0,183.0,11.0
2021-01-05 09:34:55.680,0.6938,0.6873,10.0,0.6842,20.0,183.0,11.0
2021-01-05 09:34:56.051,0.6938,0.6873,10.0,0.6824,22.0,183.0,11.0
2021-01-05 09:34:56.681,0.6938,0.6873,10.0,0.6824,22.0,183.0,11.0
2021-01-05 09:34:58.160,0.6938,0.6873,10.0,0.6824,22.0,183.0,11.0
2021-01-05 09:34:58.640,0.6938,0.6873,10.0,0.6824,22.0,183.0,11.0
2021-01-05 09:34:59.170,0.6938,0.6873,10.0,0.6824,22.0,183.0,11.0
2021-01-05 09:34:59.660,0.6938,0.6873,10.0,0.6824,22.0,183.0,11.0
2021-01-05 09:35:00.640,0.6938,0.6873,10.0,0.6824,22.0,183.0,11.0
2021-01-05 09:35:01.170,0.6938,0.6873,10.0,0.6824,22.0,183.0,11.0
2021-01-05 09:35:01.620,0.6938,0.6873,10.0,0.6824,22.0,183.0,11.0
2021-01-05 09:35:02.680,0.6938,0.6873,10.0,0.6824,22.0,183.0,11.0
2021-01-05 09:35:03.180,0.6938,0.6873,10.0,0.6824,22.0,183.0,11.0
2021-01-05 09:35:03.660,0.6938,0.6873,10.0,0.6824,22.0,183.0,11.0
2021-01-05 09:35:04.061,0.6938,0.6882,20.0,0.6824,22.0,183.0,11.0
2021-01-05 09:35:04.661,0.6938,0.6888,10.0,0.6824,22.0,183.0,11.0
2021-01-05 09:35:05.180,0.6938,0.6888,10.0,0.6824,22.0,183.0,11.0
2021-01-05 09:35:05.671,0.6938,0.6888,10.0,0.6825,2.0,183.0,11.0
2021-01-05 09:35:06.680,0.6938,0.6886,10.0,0.6825,2.0,183.0,11.0
2021-01-05 09:35:07.131,0.6938,0.6884,10.0,0.6825,2.0,183.0,11.0
2021-01-05 09:35:07.650,0.6938,0.6871,10.0,0.6824,20.0,183.0,11.0
2021-01-05 09:35:08.171,0.6938,0.6871,30.0,0.6824,20.0,183.0,11.0
2021-01-05 09:35:09.191,0.6938,0.6857,10.0,0.6824,20.0,183.0,11.0
2021-01-05 09:35:09.700,0.6938,0.6857,10.0,0.6824,20.0,183.0,11.0
2021-01-05 09:35:10.180,0.6938,0.6857,30.0,0.6805,30.0,183.0,11.0
2021-01-05 09:35:10.691,0.6938,0.6857,30.0,0.6806,2.0,183.0,11.0
2021-01-05 09:35:11.160,0.6938,0.6857,30.0,0.6806,2.0,183.0,11.0
2021-01-05 09:35:11.680,0.6938,0.6857,30.0,0.6806,2.0,183.0,11.0
2021-01-05 09:35:12.101,0.6938,0.6857,30.0,0.6806,2.0,183.0,11.0
2021-01-05 09:35:13.181,0.6938,0.6857,30.0,0.6806,2.0,183.0,11.0
2021-01-05 09:35:13.640,0.6938,0.6857,10.0,0.6814,10.0,183.0,11.0
2021-01-05 09:35:14.191,0.6938,0.6864,10.0,0.6821,10.0,183.0,11.0
2021-01-05 09:35:14.691,0.6938,0.6873,10.0,0.6822,20.0,183.0,11.0
2021-01-05 09:35:15.200,0.6938,0.6873,10.0,0.6822,20.0,183.0,11.0
2021-01-05 09:35:15.701,0.6938,0.6873,30.0,0.6822,20.0,183.0,11.0
2021-01-05 09:35:16.201,0.6938,0.6873,30.0,0.6822,20.0,183.0,11.0
2021-01-05 09:35:16.681,0.6938,0.6873,30.0,0.6822,20.0,183.0,11.0
2021-01-05 09:35:17.190,0.6938,0.6873,30.0,0.6823,2.0,183.0,11.0
2021-01-05 09:35:18.681,0.6938,0.6873,10.0,0.6823,2.0,183.0,11.0
2021-01-05 09:35:19.641,0.6938,0.6881,20.0,0.6833,10.0,183.0,11.0
2021-01-05 09:35:20.170,0.6938,0.6881,20.0,0.6833,30.0,183.0,11.0
2021-01-05 09:35:20.631,0.6938,0.6881,20.0,0.6833,30.0,183.0,11.0
2021-01-05 09:35:21.180,0.6938,0.6881,20.0,0.6833,30.0,183.0,11.0
2021-01-05 09:35:21.620,0.6938,0.6866,10.0,0.6827,20.0,183.0,11.0
2021-01-05 09:35:22.171,0.6938,0.6866,30.0,0.6822,20.0,183.0,11.0
2021-01-05 09:35:22.631,0.6938,0.6866,30.0,0.6823,2.0,183.0,11.0
2021-01-05 09:35:23.680,0.6938,0.6866,30.0,0.6822,20.0,183.0,11.0
2021-01-05 09:35:24.171,0.6938,0.6866,30.0,0.6822,22.0,183.0,11.0
2021-01-05 09:35:24.671,0.6938,0.6866,30.0,0.6822,22.0,183.0,11.0
2021-01-05 09:35:25.170,0.6938,0.6866,30.0,0.6822,22.0,183.0,11.0
2021-01-05 09:35:25.660,0.6938,0.6866,30.0,0.6822,20.0,183.0,11.0
2021-01-05 09:35:26.651,0.6938,0.686,10.0,0.6822,20.0,183.0,11.0
2021-01-05 09:35:27.130,0.6938,0.686,30.0,0.6822,20.0,183.0,11.0
2021-01-05 09:35:27.641,0.6938,0.686,30.0,0.6822,20.0,183.0,11.0
2021-01-05 09:35:28.680,0.6938,0.686,30.0,0.6823,2.0,183.0,11.0
2021-01-05 09:35:30.121,0.6938,0.686,30.0,0.6822,20.0,183.0,11.0
2021-01-05 09:35:30.690,0.6938,0.686,30.0,0.6822,20.0,183.0,11.0
2021-01-05 09:35:31.170,0.6938,0.686,30.0,0.6822,22.0,183.0,11.0
2021-01-05 09:35:31.700,0.6938,0.686,30.0,0.6822,22.0,183.0,11.0
2021-01-05 09:35:32.161,0.6938,0.686,30.0,0.6822,20.0,183.0,11.0
2021-01-05 09:35:33.191,0.6938,0.686,30.0,0.6822,20.0,183.0,11.0
2021-01-05 09:35:33.640,0.6938,0.6858,10.0,0.6822,20.0,183.0,11.0
2021-01-05 09:35:34.190,0.6938,0.6858,10.0,0.6806,32.0,183.0,11.0
2021-01-05 09:35:34.691,0.6938,0.6858,10.0,0.6807,2.0,183.0,11.0
2021-01-05 09:35:35.690,0.6938,0.6858,10.0,0.6807,2.0,183.0,11.0
2021-01-05 09:35:36.620,0.6938,0.6858,10.0,0.6807,2.0,183.0,11.0
2021-01-05 09:35:37.171,0.6938,0.6842,10.0,0.6807,2.0,183.0,11.0
2021-01-05 09:35:37.640,0.6938,0.6842,10.0,0.6807,2.0,183.0,11.0
2021-01-05 09:35:38.190,0.6938,0.6842,30.0,0.6807,2.0,183.0,11.0
2021-01-05 09:35:38.670,0.6938,0.6842,30.0,0.6807,2.0,183.0,11.0
2021-01-05 09:35:39.690,0.6938,0.6842,30.0,0.6807,2.0,183.0,11.0
2021-01-05 09:35:40.191,0.6938,0.6842,20.0,0.6807,2.0,183.0,11.0
2021-01-05 09:35:40.691,0.6938,0.6858,20.0,0.6807,2.0,183.0,11.0
2021-01-05 09:35:41.190,0.6938,0.6858,20.0,0.6807,2.0,183.0,11.0
2021-01-05 09:35:42.160,0.6938,0.6858,20.0,0.6807,2.0,183.0,11.0
2021-01-05 09:35:42.670,0.6938,0.6858,20.0,0.6807,2.0,183.0,11.0
2021-01-05 09:35:43.190,0.6938,0.6858,20.0,0.6807,2.0,183.0,11.0
2021-01-05 09:35:44.101,0.6938,0.6858,20.0,0.6807,2.0,183.0,11.0
2021-01-05 09:35:45.071,0.6938,0.6847,10.0,0.6806,22.0,183.0,11.0
2021-01-05 09:35:45.670,0.6938,0.6847,30.0,0.6806,20.0,183.0,11.0
2021-01-05 09:35:46.170,0.6938,0.6839,10.0,0.6806,20.0,183.0,11.0
2021-01-05 09:35:46.700,0.6938,0.6839,30.0,0.6796,30.0,183.0,11.0
2021-01-05 09:35:47.201,0.6938,0.6839,30.0,0.6797,2.0,183.0,11.0
2021-01-05 09:35:48.181,0.6938,0.6835,10.0,0.6796,20.0,183.0,11.0
2021-01-05 09:35:48.700,0.6938,0.6835,10.0,0.6797,2.0,183.0,11.0
2021-01-05 09:35:49.190,0.6938,0.6835,10.0,0.6796,20.0,183.0,11.0
2021-01-05 09:35:49.701,0.6938,0.6835,10.0,0.6793,2.0,183.0,11.0
2021-01-05 09:35:50.150,0.6938,0.6835,10.0,0.6791,2.0,183.0,11.0
2021-01-05 09:35:50.680,0.6938,0.6835,10.0,0.6791,2.0,183.0,11.0
2021-01-05 09:35:51.710,0.6938,0.6835,10.0,0.6791,2.0,183.0,11.0
2021-01-05 09:35:53.111,0.6938,0.6835,10.0,0.6791,2.0,183.0,11.0
2021-01-05 09:35:54.161,0.6938,0.6835,10.0,0.6791,2.0,183.0,11.0
2021-01-05 09:35:54.640,0.6938,0.6839,30.0,0.6793,10.0,183.0,11.0
2021-01-05 09:35:55.181,0.6938,0.6839,20.0,0.6795,10.0,183.0,11.0
2021-01-05 09:35:55.691,0.6938,0.6844,10.0,0.6795,30.0,183.0,11.0
2021-01-05 09:35:56.121,0.6938,0.6847,20.0,0.6803,10.0,183.0,11.0
2021-01-05 09:35:56.661,0.6938,0.6854,30.0,0.6804,2.0,183.0,11.0
2021-01-05 09:35:59.160,0.6938,0.6854,30.0,0.6804,2.0,183.0,11.0
2021-01-05 09:36:00.201,0.6938,0.6845,10.0,0.6803,20.0,183.0,11.0
2021-01-05 09:36:00.441,0.6938,0.6845,30.0,0.6795,30.0,183.0,11.0
2021-01-05 09:36:01.181,0.6938,0.6845,30.0,0.6796,2.0,183.0,11.0
2021-01-05 09:36:02.170,0.6938,0.6845,30.0,0.6796,2.0,183.0,11.0
2021-01-05 09:36:02.701,0.6938,0.6845,30.0,0.6796,2.0,183.0,11.0
2021-01-05 09:36:04.201,0.6938,0.6845,20.0,0.6803,10.0,183.0,11.0
2021-01-05 09:36:04.670,0.6938,0.6845,20.0,0.6804,2.0,183.0,11.0
2021-01-05 09:36:05.150,0.6938,0.6854,30.0,0.6804,22.0,183.0,11.0
2021-01-05 09:36:05.690,0.6938,0.6854,30.0,0.6804,22.0,183.0,11.0
2021-01-05 09:36:06.700,0.6938,0.6854,30.0,0.6804,22.0,183.0,11.0
2021-01-05 09:36:07.181,0.6938,0.6854,30.0,0.6804,22.0,183.0,11.0
2021-01-05 09:36:10.160,0.6938,0.6854,30.0,0.6804,22.0,183.0,11.0
2021-01-05 09:36:10.671,0.6938,0.6854,20.0,0.6813,10.0,183.0,11.0
2021-01-05 09:36:11.180,0.6938,0.6854,20.0,0.6814,2.0,183.0,11.0
2021-01-05 09:36:11.651,0.6938,0.6854,20.0,0.6813,30.0,183.0,11.0
2021-01-05 09:36:12.690,0.6938,0.6854,20.0,0.6813,30.0,183.0,11.0
2021-01-05 09:36:14.150,0.6938,0.6854,20.0,0.6813,30.0,183.0,11.0
2021-01-05 09:36:14.690,0.6938,0.6854,20.0,0.6813,30.0,183.0,11.0
2021-01-05 09:36:15.170,0.6938,0.6854,20.0,0.6813,30.0,183.0,11.0
2021-01-05 09:36:16.150,0.6938,0.6854,20.0,0.6813,30.0,183.0,11.0
2021-01-05 09:36:19.691,0.6938,0.6854,20.0,0.6814,2.0,183.0,11.0
2021-01-05 09:36:21.120,0.6938,0.6854,20.0,0.6814,2.0,183.0,11.0
2021-01-05 09:36:21.691,0.6938,0.6854,20.0,0.6814,2.0,183.0,11.0
2021-01-05 09:36:22.171,0.6938,0.6854,20.0,0.6814,2.0,183.0,11.0
2021-01-05 09:36:22.680,0.6938,0.6854,20.0,0.6814,2.0,183.0,11.0
2021-01-05 09:36:23.191,0.6938,0.6854,20.0,0.6814,2.0,183.0,11.0
2021-01-05 09:36:23.681,0.6938,0.6854,20.0,0.6814,2.0,183.0,11.0
2021-01-05 09:36:24.171,0.6938,0.6854,20.0,0.6813,20.0,183.0,11.0
2021-01-05 09:36:24.701,0.6938,0.6854,20.0,0.6813,20.0,183.0,11.0
2021-01-05 09:36:25.191,0.6938,0.6854,20.0,0.6813,20.0,183.0,11.0
2021-01-05 09:36:25.690,0.6938,0.6854,20.0,0.681,2.0,183.0,11.0
2021-01-05 09:36:26.651,0.6938,0.6854,20.0,0.681,20.0,183.0,11.0
2021-01-05 09:36:27.160,0.6938,0.6854,20.0,0.681,20.0,183.0,11.0
2021-01-05 09:36:27.690,0.6938,0.6854,20.0,0.6804,22.0,183.0,11.0
2021-01-05 09:36:28.120,0.6938,0.6843,10.0,0.6804,20.0,183.0,11.0
2021-01-05 09:36:28.601,0.6938,0.6843,10.0,0.6804,20.0,183.0,11.0
2021-01-05 09:36:29.171,0.6938,0.6843,30.0,0.6796,20.0,183.0,11.0
2021-01-05 09:36:29.661,0.6938,0.6843,10.0,0.6796,20.0,183.0,11.0
2021-01-05 09:36:30.161,0.6938,0.6843,30.0,0.6796,20.0,183.0,11.0
2021-01-05 09:36:30.700,0.6938,0.6843,10.0,0.6796,22.0,183.0,11.0
2021-01-05 09:36:31.181,0.6938,0.6843,30.0,0.6796,2.0,183.0,11.0
2021-01-05 09:36:31.690,0.6938,0.6843,10.0,0.6796,22.0,183.0,11.0
2021-01-05 09:36:32.130,0.6938,0.6843,30.0,0.6796,2.0,183.0,11.0
2021-01-05 09:36:32.660,0.6938,0.6843,10.0,0.6796,22.0,183.0,11.0
2021-01-05 09:36:33.200,0.6938,0.6843,30.0,0.6796,2.0,183.0,11.0
2021-01-05 09:36:33.670,0.6938,0.6843,10.0,0.6796,22.0,183.0,11.0
2021-01-05 09:36:34.091,0.6938,0.6843,30.0,0.6796,2.0,183.0,11.0
2021-01-05 09:36:35.150,0.6938,0.6843,30.0,0.6796,22.0,183.0,11.0
2021-01-05 09:36:35.701,0.6938,0.6843,30.0,0.6796,20.0,183.0,11.0
2021-01-05 09:36:36.191,0.6938,0.6843,30.0,0.6796,20.0,183.0,11.0
2021-01-05 09:36:36.700,0.6938,0.6835,10.0,0.6796,20.0,183.0,11.0
2021-01-05 09:36:37.190,0.6938,0.6835,10.0,0.6796,20.0,183.0,11.0
2021-01-05 09:36:37.601,0.6938,0.6835,30.0,0.6791,30.0,183.0,11.0
2021-01-05 09:36:37.970,0.6938,0.6835,10.0,0.6796,20.0,183.0,11.0
2021-01-05 09:36:38.640,0.6938,0.6835,30.0,0.6793,2.0,183.0,11.0
2021-01-05 09:36:39.660,0.6938,0.6835,30.0,0.6792,2.0,183.0,11.0
2021-01-05 09:36:40.191,0.6938,0.6835,30.0,0.6792,2.0,183.0,11.0
2021-01-05 09:36:40.700,0.6938,0.6835,30.0,0.6792,2.0,183.0,11.0
2021-01-05 09:36:41.201,0.6938,0.6835,30.0,0.6792,2.0,183.0,11.0
2021-01-05 09:36:41.641,0.6938,0.6835,30.0,0.6792,2.0,183.0,11.0
2021-01-05 09:36:42.690,0.6938,0.6835,30.0,0.6792,2.0,183.0,11.0
2021-01-05 09:36:43.180,0.6938,0.6835,30.0,0.6792,2.0,183.0,11.0
2021-01-05 09:36:43.700,0.6938,0.6835,30.0,0.6792,2.0,183.0,11.0
2021-01-05 09:36:44.200,0.6938,0.6835,30.0,0.6792,2.0,183.0,11.0
2021-01-05 09:36:45.191,0.6938,0.6827,10.0,0.6791,30.0,183.0,11.0
2021-01-05 09:36:45.631,0.6938,0.6827,10.0,0.6791,20.0,183.0,11.0
2021-01-05 09:36:46.190,0.6938,0.6827,30.0,0.6791,20.0,183.0,11.0
2021-01-05 09:36:46.651,0.6938,0.6827,10.0,0.6791,20.0,183.0,11.0
2021-01-05 09:36:47.130,0.6938,0.6827,30.0,0.6781,30.0,183.0,11.0
2021-01-05 09:36:47.660,0.6938,0.6827,10.0,0.6781,10.0,183.0,11.0
2021-01-05 09:36:48.130,0.6938,0.6827,30.0,0.6781,30.0,183.0,11.0
2021-01-05 09:36:48.630,0.6938,0.6827,10.0,0.6781,30.0,183.0,11.0
2021-01-05 09:36:49.181,0.6938,0.6822,10.0,0.6781,20.0,183.0,11.0
2021-01-05 09:36:49.700,0.6938,0.6822,10.0,0.6781,20.0,183.0,11.0
2021-01-05 09:36:50.201,0.6938,0.6822,30.0,0.6781,20.0,183.0,11.0
2021-01-05 09:36:50.670,0.6938,0.6822,10.0,0.6781,20.0,183.0,11.0
2021-01-05 09:36:51.171,0.6938,0.6822,10.0,0.6782,2.0,183.0,11.0
2021-01-05 09:36:51.671,0.6938,0.6822,10.0,0.6782,2.0,183.0,11.0
2021-01-05 09:36:52.180,0.6938,0.6822,30.0,0.6782,2.0,183.0,11.0
2021-01-05 09:36:52.691,0.6938,0.6822,30.0,0.6781,20.0,183.0,11.0
2021-01-05 09:36:53.191,0.6938,0.6822,30.0,0.6781,20.0,183.0,11.0
2021-01-05 09:36:53.680,0.6938,0.6822,30.0,0.6781,20.0,183.0,11.0
2021-01-05 09:36:54.180,0.6938,0.6822,30.0,0.6782,2.0,183.0,11.0
2021-01-05 09:36:54.631,0.6938,0.6822,30.0,0.6782,2.0,183.0,11.0
2021-01-05 09:36:55.171,0.6938,0.6822,30.0,0.6782,2.0,183.0,11.0
2021-01-05 09:36:55.651,0.6938,0.6822,30.0,0.6782,2.0,183.0,11.0
2021-01-05 09:36:56.691,0.6938,0.6822,30.0,0.6782,2.0,183.0,11.0
2021-01-05 09:36:57.630,0.6938,0.6822,30.0,0.6782,2.0,183.0,11.0
2021-01-05 09:36:58.610,0.6938,0.6822,20.0,0.6782,2.0,183.0,11.0
2021-01-05 09:36:59.181,0.6938,0.6822,20.0,0.6782,2.0,183.0,11.0
2021-01-05 09:36:59.690,0.6938,0.6827,30.0,0.6781,30.0,183.0,11.0
2021-01-05 09:37:00.151,0.6938,0.6827,30.0,0.6781,30.0,183.0,11.0
2021-01-05 09:37:01.640,0.6938,0.6827,30.0,0.6781,30.0,183.0,11.0
2021-01-05 09:37:02.191,0.6938,0.6827,30.0,0.6781,30.0,183.0,11.0
2021-01-05 09:37:02.640,0.6938,0.6827,30.0,0.6781,30.0,183.0,11.0
2021-01-05 09:37:03.151,0.6938,0.6827,30.0,0.6781,30.0,183.0,11.0
2021-01-05 09:37:03.630,0.6938,0.6827,30.0,0.6781,30.0,183.0,11.0
2021-01-05 09:37:04.200,0.6938,0.6832,10.0,0.6782,2.0,183.0,11.0
2021-01-05 09:37:05.701,0.6938,0.6834,20.0,0.6792,10.0,183.0,11.0
2021-01-05 09:37:06.171,0.6938,0.6843,30.0,0.6792,30.0,183.0,11.0
2021-01-05 09:37:06.700,0.6938,0.6843,30.0,0.6792,30.0,183.0,11.0
2021-01-05 09:37:07.180,0.6938,0.6843,30.0,0.6792,30.0,183.0,11.0
2021-01-05 09:37:07.681,0.6938,0.6843,30.0,0.6792,30.0,183.0,11.0
2021-01-05 09:37:08.200,0.6938,0.6843,30.0,0.6792,30.0,183.0,11.0
2021-01-05 09:37:08.630,0.6938,0.6843,30.0,0.6792,30.0,183.0,11.0
2021-01-05 09:37:09.170,0.6938,0.6826,10.0,0.6792,20.0,183.0,11.0
2021-01-05 09:37:09.660,0.6938,0.6826,30.0,0.6782,2.0,183.0,11.0
2021-01-05 09:37:10.140,0.6938,0.6826,30.0,0.6782,2.0,183.0,11.0
2021-01-05 09:37:10.701,0.6938,0.6826,10.0,0.6782,2.0,183.0,11.0
2021-01-05 09:37:11.201,0.6938,0.6826,10.0,0.6791,10.0,183.0,11.0
2021-01-05 09:37:12.131,0.6938,0.6826,10.0,0.6792,2.0,183.0,11.0
2021-01-05 09:37:12.261,0.6938,0.6826,10.0,0.6792,2.0,183.0,11.0
2021-01-05 09:37:13.181,0.6938,0.6834,20.0,0.6792,12.0,183.0,11.0
2021-01-05 09:37:13.681,0.6938,0.6834,20.0,0.6792,12.0,183.0,11.0
2021-01-05 09:37:14.171,0.6938,0.6841,10.0,0.6792,12.0,183.0,11.0
2021-01-05 09:37:15.160,0.6938,0.6833,10.0,0.6792,10.0,183.0,11.0
2021-01-05 09:37:15.671,0.6938,0.6833,30.0,0.6792,10.0,183.0,11.0
2021-01-05 09:37:16.501,0.6938,0.6833,30.0,0.6793,2.0,183.0,11.0
2021-01-05 09:37:17.200,0.6938,0.6833,30.0,0.6793,2.0,183.0,11.0
2021-01-05 09:37:17.671,0.6938,0.6833,30.0,0.6793,2.0,183.0,11.0
2021-01-05 09:37:18.710,0.6938,0.6833,30.0,0.6793,2.0,183.0,11.0
2021-01-05 09:37:19.131,0.6938,0.6833,30.0,0.6791,20.0,183.0,11.0
2021-01-05 09:37:19.711,0.6938,0.6833,30.0,0.6791,22.0,183.0,11.0
2021-01-05 09:37:20.211,0.6938,0.6833,30.0,0.6791,20.0,183.0,11.0
2021-01-05 09:37:21.200,0.6938,0.6833,30.0,0.6791,22.0,183.0,11.0
2021-01-05 09:37:21.701,0.6938,0.6833,30.0,0.6791,22.0,183.0,11.0
2021-01-05 09:37:22.030,0.6938,0.6833,20.0,0.6794,10.0,183.0,11.0
2021-01-05 09:37:22.641,0.6938,0.6843,30.0,0.6794,10.0,183.0,11.0
2021-01-05 09:37:23.150,0.6938,0.6843,30.0,0.6794,10.0,183.0,11.0
2021-01-05 09:37:23.661,0.6938,0.6843,30.0,0.6794,10.0,183.0,11.0
2021-01-05 09:37:24.080,0.6938,0.6843,30.0,0.6794,10.0,183.0,11.0
2021-01-05 09:37:24.771,0.6938,0.6843,30.0,0.6794,12.0,183.0,11.0
2021-01-05 09:37:26.650,0.6938,0.6843,30.0,0.6794,12.0,183.0,11.0
2021-01-05 09:37:27.130,0.6938,0.6843,30.0,0.6794,12.0,183.0,11.0
2021-01-05 09:37:29.130,0.6938,0.6843,30.0,0.6794,12.0,183.0,11.0
2021-01-05 09:37:30.191,0.6938,0.6843,30.0,0.6794,12.0,183.0,11.0
2021-01-05 09:37:30.650,0.6938,0.6843,30.0,0.6794,12.0,183.0,11.0
2021-01-05 09:37:31.190,0.6938,0.6843,30.0,0.6794,12.0,183.0,11.0
2021-01-05 09:37:32.181,0.6938,0.6843,30.0,0.6794,12.0,183.0,11.0
2021-01-05 09:37:32.651,0.6938,0.6843,30.0,0.6794,12.0,183.0,11.0
2021-01-05 09:37:33.180,0.6938,0.6831,10.0,0.6791,20.0,183.0,11.0
2021-01-05 09:37:33.701,0.6938,0.6831,10.0,0.6791,20.0,183.0,11.0
2021-01-05 09:37:34.200,0.6938,0.6831,10.0,0.6789,22.0,183.0,11.0
2021-01-05 09:37:34.340,0.6938,0.6831,30.0,0.6789,22.0,183.0,11.0
2021-01-05 09:37:35.170,0.6938,0.6831,30.0,0.6789,22.0,183.0,11.0
2021-01-05 09:37:35.650,0.6938,0.6831,30.0,0.6789,22.0,183.0,11.0
2021-01-05 09:37:36.200,0.6938,0.6831,30.0,0.6789,22.0,183.0,11.0
2021-01-05 09:37:37.691,0.6938,0.6831,20.0,0.6792,10.0,183.0,11.0
2021-01-05 09:37:38.651,0.6938,0.6839,30.0,0.6793,2.0,183.0,11.0
2021-01-05 09:37:39.170,0.6938,0.6839,30.0,0.6793,2.0,183.0,11.0
2021-01-05 09:37:40.701,0.6938,0.6839,30.0,0.6793,2.0,183.0,11.0
2021-01-05 09:37:42.691,0.6938,0.6839,20.0,0.6802,10.0,183.0,11.0
2021-01-05 09:37:43.181,0.6938,0.6848,10.0,0.6803,2.0,183.0,11.0
2021-01-05 09:37:43.671,0.6938,0.6848,10.0,0.6803,2.0,183.0,11.0
2021-01-05 09:37:44.651,0.6938,0.6848,10.0,0.6803,2.0,183.0,11.0
2021-01-05 09:37:45.191,0.6938,0.6848,10.0,0.6803,2.0,183.0,11.0
2021-01-05 09:37:45.650,0.6938,0.6848,10.0,0.6803,2.0,183.0,11.0
2021-01-05 09:37:47.210,0.6938,0.6848,10.0,0.6803,2.0,183.0,11.0
2021-01-05 09:37:47.661,0.6938,0.6848,10.0,0.6803,2.0,183.0,11.0
2021-01-05 09:37:48.201,0.6938,0.6848,10.0,0.6803,2.0,183.0,11.0
2021-01-05 09:37:48.700,0.6938,0.6848,10.0,0.6803,2.0,183.0,11.0
2021-01-05 09:37:49.670,0.6938,0.6848,10.0,0.6803,2.0,183.0,11.0
2021-01-05 09:37:50.220,0.6938,0.6848,10.0,0.6803,2.0,183.0,11.0
2021-01-05 09:37:51.691,0.6938,0.6848,10.0,0.6802,30.0,183.0,11.0
2021-01-05 09:37:52.191,0.6938,0.6848,10.0,0.6802,30.0,183.0,11.0
2021-01-05 09:37:52.660,0.6938,0.6848,10.0,0.6802,30.0,183.0,11.0
2021-01-05 09:37:53.680,0.6938,0.6848,10.0,0.6802,30.0,183.0,11.0
2021-01-05 09:37:54.170,0.6938,0.6848,10.0,0.6803,2.0,183.0,11.0
2021-01-05 09:37:56.611,0.6938,0.6848,10.0,0.6803,2.0,183.0,11.0
2021-01-05 09:37:57.170,0.6938,0.6848,10.0,0.6803,2.0,183.0,11.0
2021-01-05 09:37:57.601,0.6938,0.6848,10.0,0.6803,2.0,183.0,11.0
2021-01-05 09:37:58.141,0.6938,0.6848,10.0,0.6803,2.0,183.0,11.0
2021-01-05 09:37:59.161,0.6938,0.6848,10.0,0.6803,2.0,183.0,11.0
2021-01-05 09:37:59.670,0.6938,0.6848,10.0,0.6803,2.0,183.0,11.0
2021-01-05 09:38:02.190,0.6938,0.6848,10.0,0.6803,2.0,183.0,11.0
2021-01-05 09:38:04.190,0.6938,0.6848,10.0,0.6803,2.0,183.0,11.0
2021-01-05 09:38:05.181,0.6938,0.6836,10.0,0.6803,2.0,183.0,11.0
2021-01-05 09:38:05.681,0.6938,0.6836,10.0,0.6804,2.0,183.0,11.0
2021-01-05 09:38:06.151,0.6938,0.6836,30.0,0.6804,2.0,183.0,11.0
2021-01-05 09:38:06.691,0.6938,0.6836,10.0,0.6803,2.0,183.0,11.0
2021-01-05 09:38:07.200,0.6938,0.6836,40.0,0.6802,20.0,183.0,11.0
2021-01-05 09:38:07.590,0.6938,0.6836,40.0,0.6793,2.0,183.0,11.0
2021-01-05 09:38:08.021,0.6938,0.6836,40.0,0.6794,2.0,183.0,11.0
2021-01-05 09:38:09.160,0.6938,0.6836,40.0,0.6791,2.0,183.0,11.0
2021-01-05 09:38:09.681,0.6938,0.6827,10.0,0.6789,22.0,183.0,11.0
2021-01-05 09:38:10.180,0.6938,0.6827,30.0,0.6789,22.0,183.0,11.0
2021-01-05 09:38:10.370,0.6938,0.6827,30.0,0.6789,20.0,183.0,11.0
2021-01-05 09:38:11.141,0.6938,0.6827,30.0,0.6789,20.0,183.0,11.0
2021-01-05 09:38:11.701,0.6938,0.6827,30.0,0.6789,20.0,183.0,11.0
2021-01-05 09:38:12.191,0.6938,0.6827,30.0,0.6789,20.0,183.0,11.0
2021-01-05 09:38:12.691,0.6938,0.6827,30.0,0.6789,20.0,183.0,11.0
2021-01-05 09:38:13.110,0.6938,0.6827,30.0,0.6789,20.0,183.0,11.0
2021-01-05 09:38:13.690,0.6938,0.6827,30.0,0.679,2.0,183.0,11.0
2021-01-05 09:38:14.141,0.6938,0.6827,30.0,0.6787,2.0,183.0,11.0
2021-01-05 09:38:14.691,0.6938,0.6827,30.0,0.6785,2.0,183.0,11.0
2021-01-05 09:38:15.150,0.6938,0.6818,10.0,0.6777,20.0,183.0,11.0
2021-01-05 09:38:15.730,0.6938,0.6818,10.0,0.6778,2.0,183.0,11.0
2021-01-05 09:38:16.210,0.6938,0.6818,30.0,0.6778,2.0,183.0,11.0
2021-01-05 09:38:16.731,0.6938,0.6818,10.0,0.6778,2.0,183.0,11.0
2021-01-05 09:38:17.190,0.6938,0.6816,10.0,0.6778,2.0,183.0,11.0
2021-01-05 09:38:17.701,0.6938,0.6816,10.0,0.6778,2.0,183.0,11.0
2021-01-05 09:38:18.231,0.6938,0.6816,30.0,0.6778,2.0,183.0,11.0
2021-01-05 09:38:18.660,0.6938,0.6816,30.0,0.6778,2.0,183.0,11.0
2021-01-05 09:38:19.230,0.6938,0.6816,30.0,0.6778,2.0,183.0,11.0
2021-01-05 09:38:19.670,0.6938,0.6816,30.0,0.6778,2.0,183.0,11.0
2021-01-05 09:38:20.231,0.6938,0.6816,30.0,0.6778,2.0,183.0,11.0
2021-01-05 09:38:20.690,0.6938,0.6816,30.0,0.6778,2.0,183.0,11.0
2021-01-05 09:38:21.670,0.6938,0.6816,30.0,0.6771,10.0,183.0,11.0
2021-01-05 09:38:22.210,0.6938,0.6809,10.0,0.6771,2.0,183.0,11.0
2021-01-05 09:38:22.661,0.6938,0.6809,10.0,0.6771,2.0,183.0,11.0
2021-01-05 09:38:23.201,0.6938,0.68,10.0,0.6769,2.0,183.0,11.0
2021-01-05 09:38:24.141,0.6938,0.68,30.0,0.6765,20.0,183.0,11.0
2021-01-05 09:38:24.671,0.6938,0.68,30.0,0.6762,2.0,183.0,11.0
2021-01-05 09:38:25.101,0.6938,0.68,30.0,0.6762,2.0,183.0,11.0
2021-01-05 09:38:25.700,0.6938,0.68,30.0,0.6762,2.0,183.0,11.0
2021-01-05 09:38:26.100,0.6938,0.68,30.0,0.676,32.0,183.0,11.0
2021-01-05 09:38:26.701,0.6938,0.68,30.0,0.676,32.0,183.0,11.0
2021-01-05 09:38:28.171,0.6938,0.68,20.0,0.676,30.0,183.0,11.0
2021-01-05 09:38:28.680,0.6938,0.68,20.0,0.676,30.0,183.0,11.0
2021-01-05 09:38:29.191,0.6938,0.6805,10.0,0.676,30.0,183.0,11.0
2021-01-05 09:38:29.641,0.6938,0.6805,10.0,0.676,30.0,183.0,11.0
2021-01-05 09:38:30.190,0.6938,0.68,10.0,0.676,20.0,183.0,11.0
2021-01-05 09:38:30.670,0.6938,0.68,10.0,0.6761,2.0,183.0,11.0
2021-01-05 09:38:31.181,0.6938,0.68,30.0,0.6761,2.0,183.0,11.0
2021-01-05 09:38:31.700,0.6938,0.68,30.0,0.676,20.0,183.0,11.0
2021-01-05 09:38:32.171,0.6938,0.68,30.0,0.676,20.0,183.0,11.0
2021-01-05 09:38:32.701,0.6938,0.68,30.0,0.6754,20.0,183.0,11.0
2021-01-05 09:38:33.191,0.6938,0.68,30.0,0.6754,20.0,183.0,11.0
2021-01-05 09:38:33.700,0.6938,0.6787,10.0,0.6751,1.0,183.0,11.0
2021-01-05 09:38:34.201,0.6938,0.6787,30.0,0.6751,1.0,183.0,11.0
2021-01-05 09:38:35.200,0.6938,0.6787,30.0,0.6751,1.0,183.0,11.0
2021-01-05 09:38:35.700,0.6751,0.6776,10.0,0.6738,20.0,184.0,12.0
2021-01-05 09:38:36.180,0.6751,0.6776,10.0,0.6739,2.0,184.0,12.0
2021-01-05 09:38:36.691,0.6751,0.6776,30.0,0.6739,2.0,184.0,12.0
2021-01-05 09:38:37.050,0.6751,0.6776,30.0,0.6736,20.0,184.0,12.0
2021-01-05 09:38:37.680,0.6751,0.6776,30.0,0.6727,30.0,184.0,12.0
2021-01-05 09:38:38.161,0.6751,0.6776,30.0,0.6733,2.0,184.0,12.0
2021-01-05 09:38:38.660,0.6751,0.6776,30.0,0.6733,22.0,184.0,12.0
2021-01-05 09:38:39.161,0.6751,0.6766,10.0,0.6727,20.0,184.0,12.0
2021-01-05 09:38:39.661,0.6751,0.6766,30.0,0.6725,2.0,184.0,12.0
2021-01-05 09:38:40.141,0.6751,0.6766,30.0,0.6717,10.0,184.0,12.0
2021-01-05 09:38:40.591,0.6751,0.6756,10.0,0.6714,2.0,184.0,12.0
2021-01-05 09:38:41.190,0.6751,0.6756,30.0,0.6714,2.0,184.0,12.0
2021-01-05 09:38:41.670,0.6751,0.6756,30.0,0.6714,22.0,184.0,12.0
2021-01-05 09:38:42.191,0.6751,0.6756,30.0,0.6714,2.0,184.0,12.0
2021-01-05 09:38:42.700,0.6751,0.6756,30.0,0.6714,2.0,184.0,12.0
2021-01-05 09:38:43.190,0.6751,0.6756,30.0,0.6714,22.0,184.0,12.0
2021-01-05 09:38:43.701,0.6751,0.6756,30.0,0.6714,22.0,184.0,12.0
2021-01-05 09:38:44.200,0.6751,0.6756,30.0,0.6714,2.0,184.0,12.0
2021-01-05 09:38:44.690,0.6751,0.6756,30.0,0.6714,22.0,184.0,12.0
2021-01-05 09:38:45.201,0.6751,0.6756,30.0,0.6714,22.0,184.0,12.0
2021-01-05 09:38:45.580,0.6751,0.6756,20.0,0.6718,10.0,184.0,12.0
2021-01-05 09:38:46.200,0.6751,0.6766,30.0,0.6719,2.0,184.0,12.0
2021-01-05 09:38:46.631,0.6751,0.6766,30.0,0.6719,22.0,184.0,12.0
2021-01-05 09:38:47.140,0.6751,0.6766,30.0,0.6719,22.0,184.0,12.0
2021-01-05 09:38:47.691,0.6751,0.6766,30.0,0.6719,22.0,184.0,12.0
2021-01-05 09:38:48.200,0.6751,0.6766,20.0,0.6728,10.0,184.0,12.0
2021-01-05 09:38:48.650,0.6751,0.6776,30.0,0.6728,30.0,184.0,12.0
2021-01-05 09:38:49.130,0.6751,0.6776,30.0,0.6729,2.0,184.0,12.0
2021-01-05 09:38:49.691,0.6751,0.6776,30.0,0.6729,2.0,184.0,12.0
2021-01-05 09:38:50.110,0.6751,0.6776,30.0,0.6728,30.0,184.0,12.0
2021-01-05 09:38:50.651,0.6751,0.6776,30.0,0.6729,2.0,184.0,12.0
2021-01-05 09:38:51.170,0.6751,0.6776,30.0,0.6728,30.0,184.0,12.0
2021-01-05 09:38:51.691,0.6751,0.6776,30.0,0.6728,10.0,184.0,12.0
2021-01-05 09:38:52.150,0.6751,0.6767,10.0,0.6719,20.0,184.0,12.0
2021-01-05 09:38:52.630,0.6751,0.6767,10.0,0.6719,20.0,184.0,12.0
2021-01-05 09:38:53.191,0.6751,0.6767,30.0,0.6719,20.0,184.0,12.0
2021-01-05 09:38:54.200,0.6751,0.6767,30.0,0.6719,20.0,184.0,12.0
2021-01-05 09:38:54.690,0.6751,0.6754,10.0,0.6718,10.0,184.0,12.0
2021-01-05 09:38:55.191,0.6751,0.6754,30.0,0.6718,10.0,184.0,12.0
2021-01-05 09:38:55.650,0.6751,0.6754,30.0,0.6715,2.0,184.0,12.0
2021-01-05 09:38:56.190,0.6751,0.6754,20.0,0.6712,20.0,184.0,12.0
2021-01-05 09:38:56.661,0.6751,0.6754,20.0,0.6712,20.0,184.0,12.0
2021-01-05 09:38:57.200,0.6751,0.6754,20.0,0.6712,20.0,184.0,12.0
2021-01-05 09:38:57.640,0.6751,0.6754,20.0,0.6712,20.0,184.0,12.0
2021-01-05 09:38:58.161,0.6751,0.6754,20.0,0.6712,20.0,184.0,12.0
2021-01-05 09:38:58.670,0.6751,0.6754,20.0,0.6718,10.0,184.0,12.0
2021-01-05 09:38:59.060,0.6751,0.6762,30.0,0.6718,30.0,184.0,12.0
2021-01-05 09:38:59.700,0.6751,0.6762,30.0,0.6718,30.0,184.0,12.0
2021-01-05 09:39:00.660,0.6751,0.6762,30.0,0.6718,30.0,184.0,12.0
2021-01-05 09:39:01.160,0.6751,0.6762,30.0,0.6718,30.0,184.0,12.0
2021-01-05 09:39:02.201,0.6751,0.6762,30.0,0.6718,30.0,184.0,12.0
2021-01-05 09:39:02.660,0.6751,0.6762,30.0,0.6719,2.0,184.0,12.0
2021-01-05 09:39:03.150,0.6751,0.6762,30.0,0.6719,2.0,184.0,12.0
2021-01-05 09:39:04.161,0.6751,0.6762,30.0,0.6719,2.0,184.0,12.0
2021-01-05 09:39:04.610,0.6751,0.6762,30.0,0.6719,2.0,184.0,12.0
2021-01-05 09:39:05.701,0.6751,0.6761,10.0,0.6719,2.0,184.0,12.0
2021-01-05 09:39:08.131,0.6751,0.6761,10.0,0.6719,2.0,184.0,12.0
2021-01-05 09:39:08.690,0.6751,0.6761,10.0,0.6719,2.0,184.0,12.0
2021-01-05 09:39:09.161,0.6751,0.6761,10.0,0.6719,2.0,184.0,12.0
2021-01-05 09:39:09.601,0.6751,0.6761,10.0,0.675,10.0,184.0,12.0
2021-01-05 09:39:10.191,0.675,0.6761,10.0,0.6719,2.0,184.0,22.0
2021-01-05 09:39:10.660,0.675,0.6761,10.0,0.6719,2.0,184.0,22.0
2021-01-05 09:39:11.201,0.675,0.6762,20.0,0.6718,30.0,184.0,22.0
2021-01-05 09:39:11.701,0.675,0.6762,20.0,0.6718,30.0,184.0,22.0
2021-01-05 09:39:12.220,0.675,0.6762,20.0,0.6719,2.0,184.0,22.0
2021-01-05 09:39:13.720,0.675,0.6762,20.0,0.6719,2.0,184.0,22.0
2021-01-05 09:39:14.160,0.675,0.6762,20.0,0.6718,30.0,184.0,22.0
2021-01-05 09:39:15.220,0.675,0.6757,10.0,0.6718,20.0,184.0,22.0
2021-01-05 09:39:15.720,0.675,0.6757,10.0,0.6718,20.0,184.0,22.0
2021-01-05 09:39:16.121,0.675,0.6757,30.0,0.6716,2.0,184.0,22.0
2021-01-05 09:39:16.711,0.675,0.6757,30.0,0.6714,2.0,184.0,22.0
2021-01-05 09:39:17.191,0.675,0.6757,30.0,0.6712,22.0,184.0,22.0
2021-01-05 09:39:17.650,0.675,0.6757,30.0,0.6712,22.0,184.0,22.0
2021-01-05 09:39:18.221,0.675,0.6757,30.0,0.6712,22.0,184.0,22.0
2021-01-05 09:39:19.710,0.675,0.6757,30.0,0.6712,22.0,184.0,22.0
2021-01-05 09:39:20.221,0.675,0.6757,30.0,0.6712,22.0,184.0,22.0
2021-01-05 09:39:20.741,0.675,0.6757,30.0,0.6712,22.0,184.0,22.0
2021-01-05 09:39:21.231,0.675,0.6757,30.0,0.6712,22.0,184.0,22.0
2021-01-05 09:39:21.671,0.675,0.6757,30.0,0.6712,20.0,184.0,22.0
2021-01-05 09:39:22.211,0.675,0.6757,30.0,0.6712,20.0,184.0,22.0
2021-01-05 09:39:22.651,0.675,0.6757,30.0,0.6712,20.0,184.0,22.0
2021-01-05 09:39:23.200,0.675,0.6757,30.0,0.6713,2.0,184.0,22.0
2021-01-05 09:39:24.151,0.675,0.6757,30.0,0.6712,20.0,184.0,22.0
2021-01-05 09:39:24.670,0.675,0.6757,30.0,0.6712,20.0,184.0,22.0
2021-01-05 09:39:25.700,0.675,0.6757,30.0,0.6712,20.0,184.0,22.0
2021-01-05 09:39:26.130,0.675,0.6757,30.0,0.6712,20.0,184.0,22.0
2021-01-05 09:39:26.681,0.675,0.6757,30.0,0.6712,20.0,184.0,22.0
2021-01-05 09:39:27.210,0.675,0.6757,30.0,0.6712,20.0,184.0,22.0
2021-01-05 09:39:27.711,0.675,0.6757,30.0,0.6712,20.0,184.0,22.0
2021-01-05 09:39:28.220,0.675,0.6757,30.0,0.6712,20.0,184.0,22.0
2021-01-05 09:39:29.231,0.675,0.6757,30.0,0.6712,20.0,184.0,22.0
2021-01-05 09:39:29.721,0.675,0.6757,30.0,0.6713,2.0,184.0,22.0
2021-01-05 09:39:30.220,0.675,0.6757,30.0,0.6713,2.0,184.0,22.0
2021-01-05 09:39:30.721,0.675,0.6757,30.0,0.6713,2.0,184.0,22.0
2021-01-05 09:39:31.121,0.675,0.6757,30.0,0.6713,2.0,184.0,22.0
2021-01-05 09:39:31.701,0.675,0.6757,30.0,0.6713,2.0,184.0,22.0
2021-01-05 09:39:32.141,0.675,0.6757,30.0,0.6713,2.0,184.0,22.0
2021-01-05 09:39:32.700,0.675,0.6757,30.0,0.6713,2.0,184.0,22.0
2021-01-05 09:39:34.681,0.675,0.6757,30.0,0.6713,2.0,184.0,22.0
2021-01-05 09:39:35.701,0.675,0.6757,30.0,0.6713,2.0,184.0,22.0
2021-01-05 09:39:36.231,0.675,0.6757,30.0,0.6713,2.0,184.0,22.0
2021-01-05 09:39:36.660,0.675,0.6757,30.0,0.6713,2.0,184.0,22.0
2021-01-05 09:39:37.221,0.675,0.6757,30.0,0.6713,2.0,184.0,22.0
2021-01-05 09:39:39.241,0.675,0.6757,30.0,0.6713,2.0,184.0,22.0
2021-01-05 09:39:41.220,0.675,0.6757,30.0,0.6714,2.0,184.0,22.0
2021-01-05 09:39:41.750,0.675,0.6757,30.0,0.6712,30.0,184.0,22.0
2021-01-05 09:39:42.210,0.675,0.6757,30.0,0.6715,2.0,184.0,22.0
2021-01-05 09:39:42.740,0.675,0.6757,30.0,0.6715,2.0,184.0,22.0
2021-01-05 09:39:43.191,0.675,0.6757,20.0,0.6719,10.0,184.0,22.0
2021-01-05 09:39:43.570,0.675,0.6768,30.0,0.6719,30.0,184.0,22.0
2021-01-05 09:39:44.680,0.675,0.6768,30.0,0.6719,30.0,184.0,22.0
2021-01-05 09:39:45.251,0.675,0.6768,30.0,0.6719,30.0,184.0,22.0
2021-01-05 09:39:46.190,0.675,0.6768,30.0,0.6719,30.0,184.0,22.0
2021-01-05 09:39:46.711,0.675,0.6756,10.0,0.6712,20.0,184.0,22.0
2021-01-05 09:39:47.250,0.675,0.6756,10.0,0.6712,20.0,184.0,22.0
2021-01-05 09:39:47.731,0.675,0.6756,30.0,0.6712,20.0,184.0,22.0
2021-01-05 09:39:48.221,0.675,0.6756,30.0,0.6712,20.0,184.0,22.0
2021-01-05 09:39:48.720,0.675,0.6756,30.0,0.6712,20.0,184.0,22.0
2021-01-05 09:39:49.241,0.675,0.6756,30.0,0.6712,20.0,184.0,22.0
2021-01-05 09:39:49.711,0.675,0.6752,10.0,0.6712,20.0,184.0,22.0
2021-01-05 09:39:50.180,0.675,0.6752,10.0,0.6712,20.0,184.0,22.0
2021-01-05 09:39:50.710,0.675,0.6752,10.0,0.6707,10.0,184.0,22.0
2021-01-05 09:39:51.241,0.675,0.6745,10.0,0.6701,20.0,184.0,22.0
2021-01-05 09:39:51.730,0.675,0.6745,10.0,0.6701,20.0,184.0,22.0
2021-01-05 09:39:52.251,0.675,0.6745,30.0,0.6702,2.0,184.0,22.0
2021-01-05 09:39:52.670,0.675,0.6745,10.0,0.6702,2.0,184.0,22.0
2021-01-05 09:39:53.630,0.675,0.6745,10.0,0.6702,2.0,184.0,22.0
2021-01-05 09:39:54.191,0.675,0.6745,10.0,0.6702,2.0,184.0,22.0
2021-01-05 09:39:54.691,0.675,0.6745,30.0,0.6702,2.0,184.0,22.0
2021-01-05 09:39:55.181,0.675,0.6745,30.0,0.6701,20.0,184.0,22.0
2021-01-05 09:39:55.640,0.675,0.6745,30.0,0.6701,20.0,184.0,22.0
2021-01-05 09:39:56.120,0.675,0.6745,30.0,0.6701,20.0,184.0,22.0
2021-01-05 09:39:56.691,0.675,0.6745,30.0,0.6702,2.0,184.0,22.0
2021-01-05 09:39:57.181,0.675,0.6745,30.0,0.6702,2.0,184.0,22.0
2021-01-05 09:39:57.580,0.675,0.6745,30.0,0.6702,22.0,184.0,22.0
2021-01-05 09:39:58.201,0.675,0.6745,30.0,0.6702,22.0,184.0,22.0
2021-01-05 09:39:59.061,0.675,0.6745,30.0,0.6702,22.0,184.0,22.0
2021-01-05 09:40:00.631,0.675,0.6745,30.0,0.6702,22.0,184.0,22.0
2021-01-05 09:40:01.201,0.675,0.6745,30.0,0.6702,22.0,184.0,22.0
2021-01-05 09:40:01.570,0.675,0.6745,30.0,0.6708,10.0,184.0,22.0
2021-01-05 09:40:02.200,0.675,0.6745,20.0,0.6709,2.0,184.0,22.0
2021-01-05 09:40:02.671,0.675,0.6756,20.0,0.6709,2.0,184.0,22.0
2021-01-05 09:40:03.171,0.675,0.6756,20.0,0.6709,2.0,184.0,22.0
2021-01-05 09:40:03.691,0.675,0.6756,20.0,0.6709,2.0,184.0,22.0
2021-01-05 09:40:04.160,0.675,0.6756,20.0,0.6709,2.0,184.0,22.0
2021-01-05 09:40:04.700,0.675,0.6756,20.0,0.6709,2.0,184.0,22.0
2021-01-05 09:40:06.701,0.675,0.6756,20.0,0.6709,2.0,184.0,22.0
2021-01-05 09:40:08.200,0.675,0.6756,20.0,0.6709,2.0,184.0,22.0
2021-01-05 09:40:08.690,0.675,0.6756,20.0,0.6718,10.0,184.0,22.0
2021-01-05 09:40:09.191,0.675,0.6756,20.0,0.6719,2.0,184.0,22.0
2021-01-05 09:40:09.441,0.675,0.6756,20.0,0.6719,2.0,184.0,22.0
2021-01-05 09:40:10.150,0.675,0.6767,30.0,0.6718,30.0,184.0,22.0
2021-01-05 09:40:10.651,0.675,0.6767,30.0,0.6718,32.0,184.0,22.0
2021-01-05 09:40:11.671,0.675,0.6767,30.0,0.6718,32.0,184.0,22.0
2021-01-05 09:40:12.190,0.675,0.6767,30.0,0.6718,32.0,184.0,22.0
2021-01-05 09:40:12.680,0.675,0.6767,30.0,0.6718,32.0,184.0,22.0
2021-01-05 09:40:13.170,0.675,0.6767,30.0,0.6718,32.0,184.0,22.0
2021-01-05 09:40:13.700,0.675,0.6767,20.0,0.6729,10.0,184.0,22.0
2021-01-05 09:40:14.150,0.675,0.6775,30.0,0.6729,30.0,184.0,22.0
2021-01-05 09:40:14.701,0.675,0.6775,30.0,0.6736,10.0,184.0,22.0
2021-01-05 09:40:15.690,0.675,0.6775,30.0,0.6736,30.0,184.0,22.0
2021-01-05 09:40:16.610,0.675,0.6775,30.0,0.6736,30.0,184.0,22.0
2021-01-05 09:40:17.191,0.675,0.6775,30.0,0.6736,30.0,184.0,22.0
2021-01-05 09:40:17.661,0.675,0.6775,30.0,0.6736,30.0,184.0,22.0
2021-01-05 09:40:18.161,0.675,0.6775,30.0,0.6736,30.0,184.0,22.0
2021-01-05 09:40:18.701,0.675,0.6775,30.0,0.6736,30.0,184.0,22.0
2021-01-05 09:40:19.711,0.675,0.6775,30.0,0.6736,30.0,184.0,22.0
2021-01-05 09:40:20.191,0.675,0.6774,10.0,0.6729,30.0,184.0,22.0
2021-01-05 09:40:20.691,0.675,0.6774,10.0,0.6729,30.0,184.0,22.0
2021-01-05 09:40:21.200,0.675,0.6765,10.0,0.6729,20.0,184.0,22.0
2021-01-05 09:40:21.701,0.675,0.6765,30.0,0.6719,30.0,184.0,22.0
2021-01-05 09:40:22.210,0.675,0.6765,30.0,0.672,2.0,184.0,22.0
2021-01-05 09:40:22.591,0.675,0.6765,30.0,0.6719,30.0,184.0,22.0
2021-01-05 09:40:23.200,0.675,0.6765,30.0,0.6719,30.0,184.0,22.0
2021-01-05 09:40:23.701,0.675,0.6765,30.0,0.6719,30.0,184.0,22.0
2021-01-05 09:40:24.681,0.675,0.6765,30.0,0.6719,30.0,184.0,22.0
2021-01-05 09:40:25.121,0.675,0.6765,30.0,0.672,2.0,184.0,22.0
2021-01-05 09:40:25.570,0.675,0.6765,30.0,0.6719,30.0,184.0,22.0
2021-01-05 09:40:26.181,0.675,0.6765,30.0,0.672,2.0,184.0,22.0
2021-01-05 09:40:26.650,0.675,0.6765,30.0,0.6719,30.0,184.0,22.0
2021-01-05 09:40:27.140,0.675,0.6756,10.0,0.6719,30.0,184.0,22.0
2021-01-05 09:40:27.701,0.675,0.6756,20.0,0.6719,20.0,184.0,22.0
2021-01-05 09:40:28.110,0.675,0.6756,40.0,0.6719,20.0,184.0,22.0
2021-01-05 09:40:28.690,0.675,0.6756,20.0,0.671,30.0,184.0,22.0
2021-01-05 09:40:29.170,0.675,0.6756,40.0,0.6716,2.0,184.0,22.0
2021-01-05 09:40:30.160,0.675,0.6756,40.0,0.6716,20.0,184.0,22.0
2021-01-05 09:40:30.700,0.675,0.6756,40.0,0.6716,20.0,184.0,22.0
2021-01-05 09:40:31.101,0.675,0.6756,40.0,0.6714,2.0,184.0,22.0
2021-01-05 09:40:32.611,0.675,0.6756,40.0,0.6714,2.0,184.0,22.0
2021-01-05 09:40:33.191,0.675,0.6756,40.0,0.6714,2.0,184.0,22.0
2021-01-05 09:40:33.551,0.675,0.6756,30.0,0.6719,10.0,184.0,22.0
2021-01-05 09:40:34.171,0.675,0.6756,30.0,0.672,2.0,184.0,22.0
2021-01-05 09:40:34.601,0.675,0.6756,30.0,0.672,2.0,184.0,22.0
2021-01-05 09:40:35.201,0.675,0.6756,30.0,0.672,2.0,184.0,22.0
2021-01-05 09:40:36.161,0.675,0.6756,30.0,0.6719,30.0,184.0,22.0
2021-01-05 09:40:36.620,0.675,0.6756,30.0,0.6719,30.0,184.0,22.0
2021-01-05 09:40:37.700,0.675,0.6756,30.0,0.6719,30.0,184.0,22.0
2021-01-05 09:40:38.130,0.675,0.6756,30.0,0.6719,30.0,184.0,22.0
2021-01-05 09:40:38.651,0.675,0.6756,30.0,0.672,2.0,184.0,22.0
2021-01-05 09:40:40.151,0.675,0.6756,30.0,0.672,2.0,184.0,22.0
2021-01-05 09:40:41.191,0.675,0.6756,30.0,0.672,2.0,184.0,22.0
2021-01-05 09:40:41.640,0.675,0.6756,20.0,0.6721,10.0,184.0,22.0
2021-01-05 09:40:42.201,0.675,0.6765,30.0,0.6721,10.0,184.0,22.0
2021-01-05 09:40:43.621,0.675,0.6765,30.0,0.6722,2.0,184.0,22.0
2021-01-05 09:40:48.700,0.675,0.6765,30.0,0.6722,2.0,184.0,22.0
2021-01-05 09:40:49.111,0.675,0.6765,30.0,0.6722,2.0,184.0,22.0
2021-01-05 09:40:50.181,0.675,0.6765,30.0,0.6722,2.0,184.0,22.0
2021-01-05 09:40:50.671,0.675,0.6765,30.0,0.6722,2.0,184.0,22.0
2021-01-05 09:40:51.601,0.675,0.6765,30.0,0.6722,2.0,184.0,22.0
2021-01-05 09:40:53.651,0.675,0.6765,30.0,0.6723,2.0,184.0,22.0
2021-01-05 09:40:54.141,0.675,0.6765,30.0,0.6723,2.0,184.0,22.0
2021-01-05 09:40:54.661,0.675,0.6765,30.0,0.6723,2.0,184.0,22.0
2021-01-05 09:40:55.111,0.675,0.6765,30.0,0.6723,2.0,184.0,22.0
2021-01-05 09:40:56.711,0.675,0.6765,30.0,0.6723,2.0,184.0,22.0
2021-01-05 09:40:57.180,0.675,0.6765,30.0,0.6723,2.0,184.0,22.0
2021-01-05 09:40:57.710,0.675,0.6765,30.0,0.6723,2.0,184.0,22.0
2021-01-05 09:40:58.980,0.675,0.6765,30.0,0.6723,2.0,184.0,22.0
2021-01-05 09:40:59.721,0.675,0.6765,30.0,0.6723,2.0,184.0,22.0
2021-01-05 09:41:01.041,0.675,0.6765,30.0,0.6723,2.0,184.0,22.0
2021-01-05 09:41:01.650,0.675,0.6765,30.0,0.6723,2.0,184.0,22.0
2021-01-05 09:41:02.190,0.675,0.6765,30.0,0.6723,2.0,184.0,22.0
2021-01-05 09:41:02.661,0.675,0.6765,30.0,0.6723,2.0,184.0,22.0
2021-01-05 09:41:03.110,0.675,0.6765,30.0,0.6723,2.0,184.0,22.0
2021-01-05 09:41:03.721,0.675,0.6765,30.0,0.6724,2.0,184.0,22.0
2021-01-05 09:41:04.180,0.675,0.6765,30.0,0.6724,2.0,184.0,22.0
2021-01-05 09:41:04.680,0.675,0.6765,30.0,0.6724,22.0,184.0,22.0
2021-01-05 09:41:05.220,0.675,0.6765,30.0,0.6724,22.0,184.0,22.0
2021-01-05 09:41:05.660,0.675,0.6765,30.0,0.6724,22.0,184.0,22.0
2021-01-05 09:41:07.100,0.675,0.6765,30.0,0.6724,22.0,184.0,22.0
2021-01-05 09:41:08.201,0.675,0.6765,30.0,0.6724,20.0,184.0,22.0
2021-01-05 09:41:08.701,0.675,0.6765,30.0,0.6725,2.0,184.0,22.0
2021-01-05 09:41:09.210,0.675,0.6765,30.0,0.6724,20.0,184.0,22.0
2021-01-05 09:41:09.650,0.675,0.6765,30.0,0.6724,20.0,184.0,22.0
2021-01-05 09:41:10.220,0.675,0.6765,30.0,0.6724,20.0,184.0,22.0
2021-01-05 09:41:10.710,0.675,0.6765,30.0,0.672,2.0,184.0,22.0
2021-01-05 09:41:11.210,0.675,0.6756,10.0,0.6719,20.0,184.0,22.0
2021-01-05 09:41:11.711,0.675,0.6756,10.0,0.6719,20.0,184.0,22.0
2021-01-05 09:41:12.151,0.675,0.6756,30.0,0.6717,2.0,184.0,22.0
2021-01-05 09:41:12.710,0.675,0.6756,30.0,0.6717,2.0,184.0,22.0
2021-01-05 09:41:13.161,0.675,0.6756,30.0,0.6717,2.0,184.0,22.0
2021-01-05 09:41:13.711,0.675,0.6756,30.0,0.6717,2.0,184.0,22.0
2021-01-05 09:41:14.160,0.675,0.6756,30.0,0.6717,2.0,184.0,22.0
2021-01-05 09:41:14.671,0.675,0.6756,30.0,0.6717,2.0,184.0,22.0
2021-01-05 09:41:15.180,0.675,0.6756,20.0,0.6718,10.0,184.0,22.0
2021-01-05 09:41:15.651,0.675,0.6756,20.0,0.6719,2.0,184.0,22.0
2021-01-05 09:41:16.210,0.675,0.6764,10.0,0.6719,2.0,184.0,22.0
2021-01-05 09:41:16.500,0.675,0.6764,10.0,0.6719,22.0,184.0,22.0
2021-01-05 09:41:18.200,0.675,0.6764,10.0,0.6719,22.0,184.0,22.0
2021-01-05 09:41:18.600,0.675,0.6764,10.0,0.6719,22.0,184.0,22.0
2021-01-05 09:41:19.161,0.675,0.6755,10.0,0.6719,2.0,184.0,22.0
2021-01-05 09:41:19.960,0.675,0.6755,30.0,0.6719,2.0,184.0,22.0
2021-01-05 09:41:22.700,0.675,0.6755,30.0,0.6719,2.0,184.0,22.0
2021-01-05 09:41:23.641,0.675,0.6755,30.0,0.6719,2.0,184.0,22.0
2021-01-05 09:41:24.171,0.675,0.6755,30.0,0.6719,2.0,184.0,22.0
2021-01-05 09:41:24.651,0.675,0.6755,30.0,0.6719,22.0,184.0,22.0
2021-01-05 09:41:25.120,0.675,0.6755,30.0,0.6719,22.0,184.0,22.0
2021-01-05 09:41:25.641,0.675,0.6755,30.0,0.6719,22.0,184.0,22.0
2021-01-05 09:41:26.190,0.675,0.6755,40.0,0.6717,2.0,184.0,22.0
2021-01-05 09:41:27.131,0.675,0.6755,40.0,0.6717,2.0,184.0,22.0
2021-01-05 09:41:27.710,0.675,0.6755,40.0,0.6714,22.0,184.0,22.0
2021-01-05 09:41:28.171,0.675,0.6755,30.0,0.6715,2.0,184.0,22.0
2021-01-05 09:41:28.540,0.675,0.6755,30.0,0.6715,2.0,184.0,22.0
2021-01-05 09:41:29.690,0.675,0.6755,30.0,0.6715,2.0,184.0,22.0
2021-01-05 09:41:30.711,0.675,0.6755,30.0,0.6714,22.0,184.0,22.0
2021-01-05 09:41:31.181,0.675,0.6755,30.0,0.6716,2.0,184.0,22.0
2021-01-05 09:41:32.220,0.675,0.6755,30.0,0.6714,22.0,184.0,22.0
2021-01-05 09:41:32.670,0.675,0.6755,30.0,0.6717,2.0,184.0,22.0
2021-01-05 09:41:33.171,0.675,0.6755,30.0,0.6714,22.0,184.0,22.0
2021-01-05 09:41:33.680,0.675,0.6755,30.0,0.6718,2.0,184.0,22.0
2021-01-05 09:41:34.120,0.675,0.6755,30.0,0.6718,2.0,184.0,22.0
2021-01-05 09:41:35.221,0.675,0.6755,30.0,0.6715,2.0,184.0,22.0
2021-01-05 09:41:35.721,0.675,0.6755,30.0,0.6714,20.0,184.0,22.0
2021-01-05 09:41:36.070,0.675,0.6755,30.0,0.6711,2.0,184.0,22.0
2021-01-05 09:41:36.720,0.675,0.6744,10.0,0.6707,20.0,184.0,22.0
2021-01-05 09:41:37.210,0.675,0.6744,10.0,0.6711,2.0,184.0,22.0
2021-01-05 09:41:37.711,0.675,0.6736,10.0,0.6698,30.0,184.0,22.0
2021-01-05 09:41:38.220,0.675,0.6736,10.0,0.6699,2.0,184.0,22.0
2021-01-05 09:41:38.650,0.675,0.6736,30.0,0.6699,2.0,184.0,22.0
2021-01-05 09:41:39.221,0.675,0.6736,10.0,0.6699,2.0,184.0,22.0
2021-01-05 09:41:39.521,0.675,0.6736,30.0,0.6699,2.0,184.0,22.0
2021-01-05 09:41:40.231,0.675,0.6736,10.0,0.6699,2.0,184.0,22.0
2021-01-05 09:41:40.721,0.675,0.6736,30.0,0.6699,2.0,184.0,22.0
2021-01-05 09:41:41.130,0.675,0.6736,10.0,0.6699,2.0,184.0,22.0
2021-01-05 09:41:41.730,0.675,0.6736,30.0,0.6699,2.0,184.0,22.0
2021-01-05 09:41:42.201,0.675,0.6736,10.0,0.6699,2.0,184.0,22.0
2021-01-05 09:41:42.690,0.675,0.6744,20.0,0.6707,10.0,184.0,22.0
2021-01-05 09:41:43.080,0.675,0.6752,30.0,0.6708,2.0,184.0,22.0
2021-01-05 09:41:45.190,0.675,0.6752,30.0,0.6708,2.0,184.0,22.0
2021-01-05 09:41:45.701,0.675,0.6752,30.0,0.6708,2.0,184.0,22.0
2021-01-05 09:41:46.241,0.675,0.6752,30.0,0.6708,2.0,184.0,22.0
2021-01-05 09:41:46.661,0.675,0.6752,30.0,0.6708,2.0,184.0,22.0
2021-01-05 09:41:47.201,0.675,0.6752,20.0,0.6708,2.0,184.0,22.0
2021-01-05 09:41:48.181,0.675,0.6752,20.0,0.6707,30.0,184.0,22.0
2021-01-05 09:41:48.740,0.675,0.6744,10.0,0.6707,20.0,184.0,22.0
2021-01-05 09:41:49.191,0.675,0.6744,30.0,0.6707,20.0,184.0,22.0
2021-01-05 09:41:49.750,0.675,0.6744,30.0,0.6707,20.0,184.0,22.0
2021-01-05 09:41:50.231,0.675,0.6744,30.0,0.6699,2.0,184.0,22.0
2021-01-05 09:41:50.751,0.675,0.6744,30.0,0.67,2.0,184.0,22.0
2021-01-05 09:41:51.251,0.675,0.6744,30.0,0.67,2.0,184.0,22.0
2021-01-05 09:41:51.760,0.675,0.6744,30.0,0.67,2.0,184.0,22.0
2021-01-05 09:41:52.261,0.675,0.6744,30.0,0.67,2.0,184.0,22.0
2021-01-05 09:41:52.690,0.675,0.6744,30.0,0.6698,30.0,184.0,22.0
2021-01-05 09:41:53.201,0.675,0.6734,10.0,0.6698,20.0,184.0,22.0
2021-01-05 09:41:54.161,0.675,0.6734,30.0,0.6696,2.0,184.0,22.0
2021-01-05 09:41:54.670,0.675,0.6734,30.0,0.6696,22.0,184.0,22.0
2021-01-05 09:41:55.160,0.675,0.6734,30.0,0.6696,20.0,184.0,22.0
2021-01-05 09:41:55.671,0.675,0.6734,30.0,0.6696,2.0,184.0,22.0
2021-01-05 09:41:55.911,0.675,0.6727,10.0,0.6696,20.0,184.0,22.0
2021-01-05 09:41:56.680,0.675,0.6727,30.0,0.6696,20.0,184.0,22.0
2021-01-05 09:41:57.110,0.675,0.6727,30.0,0.6688,30.0,184.0,22.0
2021-01-05 09:41:57.640,0.675,0.6727,30.0,0.6689,2.0,184.0,22.0
2021-01-05 09:41:58.151,0.675,0.6727,30.0,0.6689,2.0,184.0,22.0
2021-01-05 09:41:58.660,0.675,0.6727,30.0,0.6689,2.0,184.0,22.0
2021-01-05 09:41:59.131,0.675,0.6727,30.0,0.6689,2.0,184.0,22.0
2021-01-05 09:41:59.700,0.675,0.6727,30.0,0.6689,2.0,184.0,22.0
2021-01-05 09:42:00.151,0.675,0.6727,30.0,0.6689,2.0,184.0,22.0
2021-01-05 09:42:00.701,0.675,0.6727,30.0,0.6689,2.0,184.0,22.0
2021-01-05 09:42:01.651,0.675,0.6727,30.0,0.6689,2.0,184.0,22.0
2021-01-05 09:42:02.201,0.675,0.6727,30.0,0.6689,2.0,184.0,22.0
2021-01-05 09:42:02.710,0.675,0.6727,30.0,0.6689,2.0,184.0,22.0
2021-01-05 09:42:03.161,0.675,0.6727,30.0,0.6689,2.0,184.0,22.0
2021-01-05 09:42:04.641,0.675,0.6727,30.0,0.6689,2.0,184.0,22.0
2021-01-05 09:42:05.211,0.675,0.6727,30.0,0.6689,2.0,184.0,22.0
2021-01-05 09:42:06.181,0.675,0.6727,30.0,0.6689,2.0,184.0,22.0
2021-01-05 09:42:06.690,0.675,0.6727,30.0,0.6689,2.0,184.0,22.0
2021-01-05 09:42:07.230,0.675,0.6727,30.0,0.6688,30.0,184.0,22.0
2021-01-05 09:42:08.220,0.675,0.6727,30.0,0.6689,2.0,184.0,22.0
2021-01-05 09:42:09.230,0.675,0.6727,30.0,0.6688,30.0,184.0,22.0
2021-01-05 09:42:09.570,0.675,0.6727,30.0,0.6688,32.0,184.0,22.0
2021-01-05 09:42:10.220,0.675,0.6727,30.0,0.6688,32.0,184.0,22.0
2021-01-05 09:42:11.211,0.675,0.6724,10.0,0.6688,20.0,184.0,22.0
2021-01-05 09:42:11.720,0.675,0.6724,10.0,0.6678,30.0,184.0,22.0
2021-01-05 09:42:12.210,0.675,0.6724,10.0,0.6679,2.0,184.0,22.0
2021-01-05 09:42:13.211,0.675,0.6724,10.0,0.6679,2.0,184.0,22.0
2021-01-05 09:42:13.731,0.675,0.6724,10.0,0.6679,2.0,184.0,22.0
2021-01-05 09:42:15.170,0.675,0.6724,10.0,0.6679,2.0,184.0,22.0
2021-01-05 09:42:16.181,0.675,0.6724,10.0,0.6679,2.0,184.0,22.0
2021-01-05 09:42:16.701,0.675,0.6724,10.0,0.6679,2.0,184.0,22.0
2021-01-05 09:42:18.701,0.675,0.6724,10.0,0.6679,2.0,184.0,22.0
2021-01-05 09:42:20.150,0.675,0.6724,10.0,0.6679,2.0,184.0,22.0
2021-01-05 09:42:21.621,0.675,0.6724,10.0,0.6679,2.0,184.0,22.0
2021-01-05 09:42:22.221,0.675,0.6724,10.0,0.668,2.0,184.0,22.0
2021-01-05 09:42:23.631,0.675,0.6724,10.0,0.668,2.0,184.0,22.0
2021-01-05 09:42:24.151,0.675,0.6724,10.0,0.668,2.0,184.0,22.0
2021-01-05 09:42:24.670,0.675,0.6724,10.0,0.668,2.0,184.0,22.0
2021-01-05 09:42:25.621,0.675,0.6724,10.0,0.668,2.0,184.0,22.0
2021-01-05 09:42:26.130,0.675,0.6724,10.0,0.668,2.0,184.0,22.0
2021-01-05 09:42:27.171,0.675,0.6724,10.0,0.668,2.0,184.0,22.0
2021-01-05 09:42:28.130,0.675,0.6724,10.0,0.668,2.0,184.0,22.0
2021-01-05 09:42:29.211,0.675,0.6724,10.0,0.668,2.0,184.0,22.0
2021-01-05 09:42:29.720,0.675,0.6724,10.0,0.668,2.0,184.0,22.0
2021-01-05 09:42:30.710,0.675,0.6724,10.0,0.668,2.0,184.0,22.0
2021-01-05 09:42:31.200,0.675,0.6724,10.0,0.668,2.0,184.0,22.0
2021-01-05 09:42:32.721,0.675,0.6724,10.0,0.6681,2.0,184.0,22.0
2021-01-05 09:42:34.210,0.675,0.6724,10.0,0.6681,2.0,184.0,22.0
2021-01-05 09:42:36.650,0.675,0.6724,10.0,0.6681,2.0,184.0,22.0
2021-01-05 09:42:37.251,0.675,0.6724,10.0,0.668,2.0,184.0,22.0
2021-01-05 09:42:38.661,0.675,0.6724,10.0,0.6681,2.0,184.0,22.0
2021-01-05 09:42:40.221,0.675,0.6724,10.0,0.6679,2.0,184.0,22.0
2021-01-05 09:42:41.161,0.675,0.6714,10.0,0.6679,2.0,184.0,22.0
2021-01-05 09:42:41.731,0.675,0.6714,10.0,0.6678,20.0,184.0,22.0
2021-01-05 09:42:42.250,0.675,0.6714,30.0,0.6678,20.0,184.0,22.0
2021-01-05 09:42:42.711,0.675,0.6714,30.0,0.6678,2.0,184.0,22.0
2021-01-05 09:42:43.251,0.675,0.6714,30.0,0.6678,20.0,184.0,22.0
2021-01-05 09:42:43.741,0.675,0.6714,30.0,0.6678,20.0,184.0,22.0
2021-01-05 09:42:44.211,0.675,0.6714,30.0,0.6678,20.0,184.0,22.0
2021-01-05 09:42:44.751,0.675,0.6714,30.0,0.6678,20.0,184.0,22.0
2021-01-05 09:42:45.191,0.675,0.6714,30.0,0.6679,2.0,184.0,22.0
2021-01-05 09:42:45.650,0.675,0.6714,30.0,0.6669,30.0,184.0,22.0
2021-01-05 09:42:46.240,0.675,0.6714,20.0,0.6679,20.0,184.0,22.0
2021-01-05 09:42:46.741,0.675,0.6714,20.0,0.667,2.0,184.0,22.0
2021-01-05 09:42:47.231,0.675,0.6714,20.0,0.667,2.0,184.0,22.0
2021-01-05 09:42:48.720,0.675,0.6714,20.0,0.667,2.0,184.0,22.0
2021-01-05 09:42:49.110,0.675,0.6714,20.0,0.667,2.0,184.0,22.0
2021-01-05 09:42:50.720,0.675,0.6714,20.0,0.667,2.0,184.0,22.0
2021-01-05 09:42:53.640,0.675,0.6714,20.0,0.667,2.0,184.0,22.0
2021-01-05 09:42:55.190,0.675,0.6714,20.0,0.667,2.0,184.0,22.0
2021-01-05 09:42:55.701,0.675,0.6714,20.0,0.667,2.0,184.0,22.0
2021-01-05 09:42:56.191,0.675,0.6714,20.0,0.6671,2.0,184.0,22.0
2021-01-05 09:42:56.650,0.675,0.6714,20.0,0.6671,2.0,184.0,22.0
2021-01-05 09:42:58.220,0.675,0.6714,20.0,0.667,2.0,184.0,22.0
2021-01-05 09:42:58.731,0.675,0.6714,20.0,0.6671,2.0,184.0,22.0
2021-01-05 09:42:59.230,0.675,0.6714,20.0,0.6671,2.0,184.0,22.0
2021-01-05 09:42:59.730,0.675,0.6714,20.0,0.6671,2.0,184.0,22.0
2021-01-05 09:43:00.200,0.675,0.6714,20.0,0.6671,2.0,184.0,22.0
2021-01-05 09:43:00.721,0.675,0.6714,20.0,0.6671,2.0,184.0,22.0
2021-01-05 09:43:01.211,0.675,0.6714,20.0,0.6671,2.0,184.0,22.0
2021-01-05 09:43:02.150,0.675,0.6714,20.0,0.6671,2.0,184.0,22.0
2021-01-05 09:43:02.681,0.675,0.6714,20.0,0.6669,30.0,184.0,22.0
2021-01-05 09:43:04.740,0.675,0.6714,20.0,0.667,2.0,184.0,22.0
2021-01-05 09:43:05.251,0.675,0.6714,20.0,0.667,2.0,184.0,22.0
2021-01-05 09:43:05.731,0.675,0.6714,20.0,0.667,2.0,184.0,22.0
2021-01-05 09:43:06.171,0.675,0.6714,20.0,0.667,2.0,184.0,22.0
2021-01-05 09:43:06.751,0.675,0.6714,20.0,0.667,2.0,184.0,22.0
2021-01-05 09:43:08.200,0.675,0.6714,20.0,0.667,2.0,184.0,22.0
2021-01-05 09:43:09.231,0.675,0.6714,20.0,0.667,2.0,184.0,22.0
2021-01-05 09:43:09.740,0.675,0.6714,20.0,0.667,2.0,184.0,22.0
2021-01-05 09:43:10.150,0.675,0.6714,20.0,0.667,2.0,184.0,22.0
2021-01-05 09:43:11.750,0.675,0.6714,20.0,0.667,2.0,184.0,22.0
2021-01-05 09:43:13.210,0.675,0.6714,20.0,0.667,2.0,184.0,22.0
2021-01-05 09:43:13.740,0.675,0.6714,20.0,0.667,2.0,184.0,22.0
2021-01-05 09:43:14.270,0.675,0.6714,20.0,0.6674,10.0,184.0,22.0
2021-01-05 09:43:15.241,0.675,0.672,20.0,0.6678,10.0,184.0,22.0
2021-01-05 09:43:15.771,0.675,0.672,20.0,0.6678,10.0,184.0,22.0
2021-01-05 09:43:16.270,0.675,0.672,20.0,0.6678,10.0,184.0,22.0
2021-01-05 09:43:16.720,0.675,0.672,20.0,0.6678,10.0,184.0,22.0
2021-01-05 09:43:17.771,0.675,0.672,20.0,0.6678,10.0,184.0,22.0
2021-01-05 09:43:18.270,0.675,0.672,20.0,0.6678,10.0,184.0,22.0
2021-01-05 09:43:18.741,0.675,0.672,20.0,0.6679,2.0,184.0,22.0
2021-01-05 09:43:19.751,0.675,0.672,20.0,0.6679,22.0,184.0,22.0
2021-01-05 09:43:21.271,0.675,0.672,20.0,0.6679,22.0,184.0,22.0
2021-01-05 09:43:21.701,0.675,0.672,20.0,0.6679,22.0,184.0,22.0
2021-01-05 09:43:22.281,0.675,0.672,20.0,0.6679,20.0,184.0,22.0
2021-01-05 09:43:22.671,0.675,0.672,20.0,0.668,2.0,184.0,22.0
2021-01-05 09:43:23.190,0.675,0.672,20.0,0.6679,20.0,184.0,22.0
2021-01-05 09:43:24.120,0.675,0.672,20.0,0.6679,20.0,184.0,22.0
2021-01-05 09:43:24.661,0.675,0.672,20.0,0.6679,20.0,184.0,22.0
2021-01-05 09:43:25.201,0.675,0.672,20.0,0.6679,20.0,184.0,22.0
2021-01-05 09:43:25.701,0.675,0.6715,10.0,0.6679,20.0,184.0,22.0
2021-01-05 09:43:26.181,0.675,0.6715,30.0,0.6675,2.0,184.0,22.0
2021-01-05 09:43:26.621,0.675,0.6715,30.0,0.6676,2.0,184.0,22.0
2021-01-05 09:43:27.190,0.675,0.6709,10.0,0.6675,2.0,184.0,22.0
2021-01-05 09:43:27.620,0.675,0.6709,30.0,0.6676,2.0,184.0,22.0
2021-01-05 09:43:29.660,0.675,0.6709,30.0,0.6676,2.0,184.0,22.0
2021-01-05 09:43:31.111,0.675,0.6709,30.0,0.6676,2.0,184.0,22.0
2021-01-05 09:43:31.161,0.675,0.6709,30.0,0.6676,2.0,184.0,22.0
2021-01-05 09:43:32.181,0.675,0.6709,30.0,0.6675,2.0,184.0,22.0
2021-01-05 09:43:32.701,0.675,0.6709,30.0,0.6675,2.0,184.0,22.0
2021-01-05 09:43:33.141,0.675,0.6709,30.0,0.6676,2.0,184.0,22.0
2021-01-05 09:43:34.221,0.675,0.6709,30.0,0.6676,2.0,184.0,22.0
2021-01-05 09:43:34.691,0.675,0.6709,30.0,0.6676,2.0,184.0,22.0
2021-01-05 09:43:35.160,0.675,0.6709,30.0,0.6676,2.0,184.0,22.0
2021-01-05 09:43:35.681,0.675,0.6709,20.0,0.6676,2.0,184.0,22.0
2021-01-05 09:43:36.661,0.675,0.6715,30.0,0.6676,2.0,184.0,22.0
2021-01-05 09:43:38.221,0.675,0.6715,30.0,0.6676,2.0,184.0,22.0
2021-01-05 09:43:38.680,0.675,0.6715,30.0,0.6676,2.0,184.0,22.0
2021-01-05 09:43:39.241,0.675,0.6715,30.0,0.6676,2.0,184.0,22.0
2021-01-05 09:43:40.731,0.675,0.6715,30.0,0.6676,2.0,184.0,22.0
2021-01-05 09:43:41.730,0.675,0.6715,30.0,0.6676,2.0,184.0,22.0
2021-01-05 09:43:43.231,0.675,0.6715,30.0,0.6677,2.0,184.0,22.0
2021-01-05 09:43:43.711,0.675,0.6715,30.0,0.6677,2.0,184.0,22.0
2021-01-05 09:43:44.251,0.675,0.6715,30.0,0.6677,2.0,184.0,22.0
2021-01-05 09:43:44.670,0.675,0.6715,30.0,0.6677,2.0,184.0,22.0
2021-01-05 09:43:45.221,0.675,0.6715,30.0,0.6677,2.0,184.0,22.0
2021-01-05 09:43:46.151,0.675,0.6715,30.0,0.6677,2.0,184.0,22.0
2021-01-05 09:43:46.750,0.675,0.6715,30.0,0.6677,2.0,184.0,22.0
2021-01-05 09:43:47.250,0.675,0.6715,30.0,0.6677,2.0,184.0,22.0
2021-01-05 09:43:48.220,0.675,0.6715,30.0,0.6677,2.0,184.0,22.0
2021-01-05 09:43:48.721,0.675,0.6715,30.0,0.6677,2.0,184.0,22.0
2021-01-05 09:43:49.601,0.675,0.6715,30.0,0.6677,2.0,184.0,22.0
2021-01-05 09:43:50.170,0.675,0.6715,20.0,0.6678,10.0,184.0,22.0
2021-01-05 09:43:50.721,0.675,0.6724,30.0,0.6679,2.0,184.0,22.0
2021-01-05 09:43:51.660,0.675,0.6724,30.0,0.6679,22.0,184.0,22.0
2021-01-05 09:43:52.200,0.675,0.6724,30.0,0.6679,22.0,184.0,22.0
2021-01-05 09:43:53.201,0.675,0.6724,30.0,0.6679,22.0,184.0,22.0
2021-01-05 09:43:53.931,0.675,0.6724,30.0,0.6679,22.0,184.0,22.0
2021-01-05 09:43:55.660,0.675,0.6724,30.0,0.6679,22.0,184.0,22.0
2021-01-05 09:43:57.650,0.675,0.6724,30.0,0.6679,22.0,184.0,22.0
2021-01-05 09:43:58.711,0.675,0.6724,30.0,0.6679,22.0,184.0,22.0
2021-01-05 09:43:59.170,0.675,0.6724,30.0,0.6679,22.0,184.0,22.0
2021-01-05 09:44:00.701,0.675,0.6724,30.0,0.668,2.0,184.0,22.0
2021-01-05 09:44:01.621,0.675,0.6724,30.0,0.668,2.0,184.0,22.0
2021-01-05 09:44:03.241,0.675,0.6724,30.0,0.668,2.0,184.0,22.0
2021-01-05 09:44:03.731,0.675,0.6724,20.0,0.6688,10.0,184.0,22.0
2021-01-05 09:44:04.230,0.675,0.6727,10.0,0.6689,2.0,184.0,22.0
2021-01-05 09:44:04.751,0.675,0.6727,10.0,0.6689,2.0,184.0,22.0
2021-01-05 09:44:05.260,0.675,0.6727,10.0,0.6689,2.0,184.0,22.0
2021-01-05 09:44:05.750,0.675,0.6731,20.0,0.6695,10.0,184.0,22.0
2021-01-05 09:44:06.261,0.675,0.6731,20.0,0.6695,30.0,184.0,22.0
2021-01-05 09:44:06.770,0.675,0.6731,20.0,0.6695,30.0,184.0,22.0
2021-01-05 09:44:07.281,0.675,0.6731,20.0,0.6695,20.0,184.0,22.0
2021-01-05 09:44:07.750,0.675,0.6731,20.0,0.6689,2.0,184.0,22.0
2021-01-05 09:44:08.261,0.675,0.6731,20.0,0.6689,2.0,184.0,22.0
2021-01-05 09:44:08.760,0.675,0.6743,40.0,0.6697,10.0,184.0,22.0
2021-01-05 09:44:09.150,0.675,0.6743,40.0,0.6698,2.0,184.0,22.0
2021-01-05 09:44:09.780,0.675,0.6743,40.0,0.6698,2.0,184.0,22.0
2021-01-05 09:44:09.790,0.675,0.6743,40.0,0.6698,2.0,184.0,22.0
2021-01-05 09:44:10.781,0.675,0.6743,40.0,0.6698,2.0,184.0,22.0
2021-01-05 09:44:11.271,0.675,0.6743,40.0,0.6698,2.0,184.0,22.0
2021-01-05 09:44:12.270,0.675,0.6743,40.0,0.6698,2.0,184.0,22.0
2021-01-05 09:44:12.781,0.675,0.6743,40.0,0.6698,2.0,184.0,22.0
2021-01-05 09:44:14.781,0.675,0.6743,40.0,0.6698,2.0,184.0,22.0
2021-01-05 09:44:15.280,0.675,0.6743,40.0,0.6698,2.0,184.0,22.0
2021-01-05 09:44:15.780,0.675,0.6743,40.0,0.6698,2.0,184.0,22.0
2021-01-05 09:44:16.281,0.675,0.6743,40.0,0.6698,2.0,184.0,22.0
2021-01-05 09:44:17.770,0.675,0.6743,40.0,0.6698,2.0,184.0,22.0
2021-01-05 09:44:18.231,0.675,0.6743,40.0,0.6697,30.0,184.0,22.0
2021-01-05 09:44:19.261,0.675,0.6743,40.0,0.6697,30.0,184.0,22.0
2021-01-05 09:44:19.801,0.675,0.6743,40.0,0.6697,30.0,184.0,22.0
2021-01-05 09:44:20.300,0.675,0.6743,40.0,0.6697,30.0,184.0,22.0
2021-01-05 09:44:20.801,0.675,0.6743,40.0,0.6697,30.0,184.0,22.0
2021-01-05 09:44:22.131,0.675,0.6743,40.0,0.6697,30.0,184.0,22.0
2021-01-05 09:44:22.580,0.675,0.6743,40.0,0.6697,30.0,184.0,22.0
2021-01-05 09:44:23.130,0.675,0.6743,40.0,0.6698,2.0,184.0,22.0
2021-01-05 09:44:25.660,0.675,0.6743,40.0,0.6698,2.0,184.0,22.0
2021-01-05 09:44:26.201,0.675,0.6743,40.0,0.6698,2.0,184.0,22.0
2021-01-05 09:44:26.701,0.675,0.6743,40.0,0.6698,2.0,184.0,22.0
2021-01-05 09:44:27.201,0.675,0.6743,40.0,0.6698,2.0,184.0,22.0
2021-01-05 09:44:28.680,0.675,0.6743,40.0,0.6698,2.0,184.0,22.0
2021-01-05 09:44:29.200,0.675,0.6743,40.0,0.6698,2.0,184.0,22.0
2021-01-05 09:44:29.640,0.675,0.6743,40.0,0.6698,2.0,184.0,22.0
2021-01-05 09:44:30.720,0.675,0.6743,40.0,0.6698,2.0,184.0,22.0
2021-01-05 09:44:32.691,0.675,0.6743,40.0,0.6698,2.0,184.0,22.0
2021-01-05 09:44:33.240,0.675,0.6743,40.0,0.6699,2.0,184.0,22.0
2021-01-05 09:44:33.730,0.675,0.6743,40.0,0.6699,2.0,184.0,22.0
2021-01-05 09:44:34.520,0.675,0.6743,30.0,0.6706,10.0,184.0,22.0
2021-01-05 09:44:35.221,0.675,0.6743,30.0,0.6707,2.0,184.0,22.0
2021-01-05 09:44:35.740,0.675,0.6743,30.0,0.6706,30.0,184.0,22.0
2021-01-05 09:44:36.220,0.675,0.6743,30.0,0.6706,30.0,184.0,22.0
2021-01-05 09:44:36.741,0.675,0.6743,30.0,0.6706,30.0,184.0,22.0
2021-01-05 09:44:37.240,0.675,0.6743,30.0,0.6706,30.0,184.0,22.0
2021-01-05 09:44:37.751,0.675,0.6743,30.0,0.6707,2.0,184.0,22.0
2021-01-05 09:44:38.201,0.675,0.6743,30.0,0.6706,30.0,184.0,22.0
2021-01-05 09:44:38.731,0.675,0.6743,30.0,0.6706,32.0,184.0,22.0
2021-01-05 09:44:39.661,0.675,0.6743,30.0,0.6706,32.0,184.0,22.0
2021-01-05 09:44:41.251,0.675,0.6743,30.0,0.6706,32.0,184.0,22.0
2021-01-05 09:44:43.251,0.675,0.6743,30.0,0.6706,32.0,184.0,22.0
2021-01-05 09:44:44.260,0.675,0.6743,30.0,0.6706,32.0,184.0,22.0
2021-01-05 09:44:44.761,0.675,0.6743,30.0,0.6706,32.0,184.0,22.0
2021-01-05 09:44:45.261,0.675,0.6743,30.0,0.6706,20.0,184.0,22.0
2021-01-05 09:44:45.760,0.675,0.6742,10.0,0.6706,20.0,184.0,22.0
2021-01-05 09:44:46.271,0.675,0.6742,10.0,0.6707,2.0,184.0,22.0
2021-01-05 09:44:46.771,0.675,0.6742,10.0,0.6699,2.0,184.0,22.0
2021-01-05 09:44:47.251,0.675,0.6742,10.0,0.67,2.0,184.0,22.0
2021-01-05 09:44:47.770,0.675,0.6742,10.0,0.67,2.0,184.0,22.0
2021-01-05 09:44:48.271,0.675,0.6742,10.0,0.67,2.0,184.0,22.0
2021-01-05 09:44:49.270,0.675,0.6742,10.0,0.67,2.0,184.0,22.0
2021-01-05 09:44:50.300,0.675,0.6742,10.0,0.6698,2.0,184.0,22.0
2021-01-05 09:44:50.811,0.675,0.6742,10.0,0.6699,2.0,184.0,22.0
2021-01-05 09:44:53.710,0.675,0.6742,10.0,0.6699,2.0,184.0,22.0
2021-01-05 09:44:55.150,0.675,0.6742,10.0,0.6699,2.0,184.0,22.0
2021-01-05 09:44:55.700,0.675,0.6742,10.0,0.6699,2.0,184.0,22.0
2021-01-05 09:44:56.220,0.675,0.6742,10.0,0.6699,2.0,184.0,22.0
2021-01-05 09:44:56.720,0.675,0.6742,10.0,0.6699,2.0,184.0,22.0
2021-01-05 09:44:58.120,0.675,0.6742,10.0,0.6699,2.0,184.0,22.0
2021-01-05 09:44:58.720,0.675,0.6743,30.0,0.6705,10.0,184.0,22.0
2021-01-05 09:44:59.190,0.675,0.6743,30.0,0.6706,2.0,184.0,22.0
2021-01-05 09:44:59.711,0.675,0.6743,30.0,0.6706,2.0,184.0,22.0
2021-01-05 09:45:00.591,0.675,0.6743,30.0,0.6706,2.0,184.0,22.0
2021-01-05 09:45:01.221,0.675,0.6743,30.0,0.6706,2.0,184.0,22.0
2021-01-05 09:45:01.680,0.675,0.675,20.0,0.6711,10.0,184.0,22.0
2021-01-05 09:45:02.061,0.675,0.675,20.0,0.6716,10.0,184.0,22.0
2021-01-05 09:45:02.710,0.675,0.675,20.0,0.6716,10.0,184.0,22.0
2021-01-05 09:45:03.121,0.675,0.6761,30.0,0.6716,30.0,184.0,22.0
2021-01-05 09:45:03.680,0.675,0.6761,30.0,0.6716,30.0,184.0,22.0
2021-01-05 09:45:04.191,0.675,0.6761,30.0,0.6717,2.0,184.0,22.0
2021-01-05 09:45:05.221,0.675,0.6761,30.0,0.6717,2.0,184.0,22.0
2021-01-05 09:45:05.720,0.675,0.6761,30.0,0.6725,10.0,184.0,22.0
2021-01-05 09:45:06.220,0.675,0.6761,20.0,0.6725,10.0,184.0,22.0
2021-01-05 09:45:06.721,0.675,0.6761,20.0,0.6725,30.0,184.0,22.0
2021-01-05 09:45:07.130,0.675,0.6771,30.0,0.6726,2.0,184.0,22.0
2021-01-05 09:45:07.651,0.675,0.6771,30.0,0.6726,2.0,184.0,22.0
2021-01-05 09:45:08.181,0.675,0.6771,30.0,0.6725,30.0,184.0,22.0
2021-01-05 09:45:09.190,0.675,0.6771,30.0,0.6727,2.0,184.0,22.0
2021-01-05 09:45:09.720,0.675,0.6771,30.0,0.6727,2.0,184.0,22.0
2021-01-05 09:45:10.200,0.675,0.6771,30.0,0.6727,2.0,184.0,22.0
2021-01-05 09:45:10.700,0.675,0.6771,30.0,0.6727,2.0,184.0,22.0
2021-01-05 09:45:11.091,0.675,0.6771,30.0,0.6727,2.0,184.0,22.0
2021-01-05 09:45:11.720,0.675,0.6771,30.0,0.6727,2.0,184.0,22.0
2021-01-05 09:45:12.150,0.675,0.6771,30.0,0.6727,2.0,184.0,22.0
2021-01-05 09:45:13.220,0.675,0.6771,30.0,0.6727,2.0,184.0,22.0
2021-01-05 09:45:13.681,0.675,0.6771,30.0,0.6727,2.0,184.0,22.0
2021-01-05 09:45:14.181,0.675,0.6771,30.0,0.6727,2.0,184.0,22.0
2021-01-05 09:45:15.230,0.675,0.6771,30.0,0.6727,2.0,184.0,22.0
2021-01-05 09:45:15.721,0.675,0.6771,20.0,0.6734,10.0,184.0,22.0
2021-01-05 09:45:16.230,0.675,0.678,10.0,0.6735,2.0,184.0,22.0
2021-01-05 09:45:16.630,0.675,0.678,10.0,0.6735,2.0,184.0,22.0
2021-01-05 09:45:17.731,0.675,0.678,10.0,0.6735,2.0,184.0,22.0
2021-01-05 09:45:18.691,0.675,0.678,10.0,0.6735,2.0,184.0,22.0
2021-01-05 09:45:19.191,0.675,0.678,10.0,0.6735,2.0,184.0,22.0
2021-01-05 09:45:19.731,0.675,0.678,10.0,0.6735,2.0,184.0,22.0
2021-01-05 09:45:21.191,0.675,0.6781,30.0,0.6735,2.0,184.0,22.0
2021-01-05 09:45:22.240,0.675,0.6781,30.0,0.6735,2.0,184.0,22.0
2021-01-05 09:45:22.710,0.675,0.6781,30.0,0.6735,2.0,184.0,22.0
2021-01-05 09:45:23.160,0.675,0.6781,30.0,0.6735,2.0,184.0,22.0
2021-01-05 09:45:23.671,0.675,0.6781,30.0,0.6735,2.0,184.0,22.0
2021-01-05 09:45:24.701,0.675,0.6781,30.0,0.6735,2.0,184.0,22.0
2021-01-05 09:45:25.690,0.675,0.6781,30.0,0.6735,2.0,184.0,22.0
2021-01-05 09:45:26.220,0.675,0.6781,30.0,0.6736,2.0,184.0,22.0
2021-01-05 09:45:26.681,0.675,0.6781,30.0,0.6736,2.0,184.0,22.0
2021-01-05 09:45:27.211,0.675,0.6781,30.0,0.6736,2.0,184.0,22.0
2021-01-05 09:45:27.711,0.675,0.6781,30.0,0.6736,2.0,184.0,22.0
2021-01-05 09:45:28.220,0.675,0.6781,30.0,0.6736,2.0,184.0,22.0
2021-01-05 09:45:29.140,0.675,0.6781,30.0,0.6736,2.0,184.0,22.0
2021-01-05 09:45:29.701,0.675,0.6772,10.0,0.6734,20.0,184.0,22.0
2021-01-05 09:45:30.541,0.675,0.6772,30.0,0.6734,20.0,184.0,22.0
2021-01-05 09:45:31.211,0.675,0.6772,30.0,0.6731,2.0,184.0,22.0
2021-01-05 09:45:31.701,0.675,0.6772,30.0,0.6731,22.0,184.0,22.0
2021-01-05 09:45:33.180,0.675,0.6765,10.0,0.6731,22.0,184.0,22.0
2021-01-05 09:45:33.670,0.675,0.6765,30.0,0.6731,22.0,184.0,22.0
2021-01-05 09:45:34.220,0.675,0.6765,30.0,0.6731,22.0,184.0,22.0
2021-01-05 09:45:34.690,0.675,0.6765,30.0,0.6731,22.0,184.0,22.0
2021-01-05 09:45:35.051,0.675,0.6765,30.0,0.6731,22.0,184.0,22.0
2021-01-05 09:45:35.731,0.675,0.6765,30.0,0.6731,20.0,184.0,22.0
2021-01-05 09:45:36.240,0.675,0.6765,30.0,0.6727,2.0,184.0,22.0
2021-01-05 09:45:37.241,0.675,0.6763,10.0,0.6725,22.0,184.0,22.0
2021-01-05 09:45:39.210,0.675,0.6763,10.0,0.6725,22.0,184.0,22.0
2021-01-05 09:45:39.710,0.675,0.6763,10.0,0.6725,20.0,184.0,22.0
2021-01-05 09:45:40.240,0.675,0.6763,10.0,0.6725,20.0,184.0,22.0
2021-01-05 09:45:40.730,0.675,0.6763,10.0,0.6723,2.0,184.0,22.0
2021-01-05 09:45:40.970,0.675,0.6763,10.0,0.6726,2.0,184.0,22.0
2021-01-05 09:45:42.240,0.675,0.6763,10.0,0.6723,22.0,184.0,22.0
2021-01-05 09:45:42.711,0.675,0.6763,10.0,0.6727,2.0,184.0,22.0
2021-01-05 09:45:43.220,0.675,0.6763,10.0,0.6723,22.0,184.0,22.0
2021-01-05 09:45:43.710,0.675,0.6763,10.0,0.6728,2.0,184.0,22.0
2021-01-05 09:45:44.201,0.675,0.6763,10.0,0.6728,2.0,184.0,22.0
2021-01-05 09:45:44.711,0.675,0.6763,10.0,0.6728,22.0,184.0,22.0
2021-01-05 09:45:45.220,0.675,0.6763,10.0,0.6723,22.0,184.0,22.0
2021-01-05 09:45:45.681,0.675,0.6763,10.0,0.6728,22.0,184.0,22.0
2021-01-05 09:45:46.230,0.675,0.6763,10.0,0.6728,2.0,184.0,22.0
2021-01-05 09:45:46.680,0.675,0.6763,10.0,0.6728,22.0,184.0,22.0
2021-01-05 09:45:47.241,0.675,0.6763,10.0,0.6728,2.0,184.0,22.0
2021-01-05 09:45:47.731,0.675,0.6763,10.0,0.6728,22.0,184.0,22.0
2021-01-05 09:45:48.201,0.675,0.6763,10.0,0.6723,22.0,184.0,22.0
2021-01-05 09:45:48.741,0.675,0.6763,10.0,0.6729,2.0,184.0,22.0
2021-01-05 09:45:49.221,0.675,0.6763,10.0,0.6729,2.0,184.0,22.0
2021-01-05 09:45:50.251,0.675,0.6763,10.0,0.6729,2.0,184.0,22.0
2021-01-05 09:45:50.750,0.675,0.6763,10.0,0.6726,2.0,184.0,22.0
2021-01-05 09:45:51.221,0.675,0.6763,10.0,0.6728,20.0,184.0,22.0
2021-01-05 09:45:54.191,0.675,0.6763,10.0,0.6728,20.0,184.0,22.0
2021-01-05 09:45:55.230,0.675,0.6763,10.0,0.6729,2.0,184.0,22.0
2021-01-05 09:45:55.711,0.675,0.6763,10.0,0.6728,20.0,184.0,22.0
2021-01-05 09:45:56.120,0.675,0.6763,10.0,0.6728,20.0,184.0,22.0
2021-01-05 09:45:56.631,0.675,0.6763,10.0,0.6725,2.0,184.0,22.0
2021-01-05 09:45:58.231,0.675,0.6763,10.0,0.6725,2.0,184.0,22.0
2021-01-05 09:45:58.711,0.675,0.6763,10.0,0.6723,22.0,184.0,22.0
2021-01-05 09:45:59.230,0.675,0.6763,10.0,0.6724,2.0,184.0,22.0
2021-01-05 09:46:00.210,0.675,0.6763,10.0,0.6724,2.0,184.0,22.0
2021-01-05 09:46:00.730,0.675,0.675,10.0,0.6712,2.0,184.0,22.0
2021-01-05 09:46:01.180,0.675,0.675,10.0,0.6713,2.0,184.0,22.0
2021-01-05 09:46:02.221,0.675,0.675,30.0,0.6713,2.0,184.0,22.0
2021-01-05 09:46:04.171,0.675,0.675,30.0,0.6713,2.0,184.0,22.0
2021-01-05 09:46:05.691,0.675,0.675,30.0,0.6713,2.0,184.0,22.0
2021-01-05 09:46:06.221,0.675,0.675,30.0,0.6713,2.0,184.0,22.0
2021-01-05 09:46:06.690,0.675,0.675,30.0,0.6713,2.0,184.0,22.0
2021-01-05 09:46:07.231,0.675,0.675,30.0,0.6713,2.0,184.0,22.0
2021-01-05 09:46:07.741,0.675,0.675,30.0,0.6712,2.0,184.0,22.0
2021-01-05 09:46:09.710,0.675,0.675,30.0,0.671,2.0,184.0,22.0
2021-01-05 09:46:10.230,0.675,0.674,10.0,0.6697,20.0,184.0,22.0
2021-01-05 09:46:10.720,0.675,0.674,30.0,0.6698,2.0,184.0,22.0
2021-01-05 09:46:11.721,0.675,0.674,30.0,0.6698,2.0,184.0,22.0
2021-01-05 09:46:12.190,0.675,0.674,30.0,0.6697,20.0,184.0,22.0
2021-01-05 09:46:12.680,0.675,0.6732,10.0,0.6697,20.0,184.0,22.0
2021-01-05 09:46:13.200,0.675,0.6732,10.0,0.6697,20.0,184.0,22.0
2021-01-05 09:46:13.550,0.675,0.6732,30.0,0.6697,20.0,184.0,22.0
2021-01-05 09:46:14.230,0.675,0.6732,10.0,0.6697,20.0,184.0,22.0
2021-01-05 09:46:15.231,0.675,0.6732,10.0,0.6697,20.0,184.0,22.0
2021-01-05 09:46:15.661,0.675,0.6732,30.0,0.6697,20.0,184.0,22.0
2021-01-05 09:46:16.041,0.675,0.6732,30.0,0.6697,20.0,184.0,22.0
2021-01-05 09:46:17.221,0.675,0.6732,30.0,0.6694,10.0,184.0,22.0
2021-01-05 09:46:17.751,0.675,0.6732,30.0,0.6694,10.0,184.0,22.0
2021-01-05 09:46:18.180,0.675,0.6732,30.0,0.6694,10.0,184.0,22.0
2021-01-05 09:46:20.210,0.675,0.6732,20.0,0.6694,10.0,184.0,22.0
2021-01-05 09:46:20.731,0.675,0.6732,20.0,0.6694,10.0,184.0,22.0
2021-01-05 09:46:21.240,0.675,0.674,30.0,0.6694,10.0,184.0,22.0
2021-01-05 09:46:21.611,0.675,0.6732,20.0,0.6694,10.0,184.0,22.0
2021-01-05 09:46:22.220,0.675,0.674,30.0,0.6694,10.0,184.0,22.0
2021-01-05 09:46:22.690,0.675,0.674,30.0,0.6694,10.0,184.0,22.0
2021-01-05 09:46:23.201,0.675,0.674,30.0,0.6694,10.0,184.0,22.0
2021-01-05 09:46:24.221,0.675,0.674,30.0,0.6694,10.0,184.0,22.0
2021-01-05 09:46:24.631,0.675,0.674,30.0,0.6694,10.0,184.0,22.0
2021-01-05 09:46:25.211,0.675,0.674,30.0,0.6694,10.0,184.0,22.0
2021-01-05 09:46:25.651,0.675,0.674,30.0,0.6694,10.0,184.0,22.0
2021-01-05 09:46:26.191,0.675,0.674,30.0,0.6694,10.0,184.0,22.0
2021-01-05 09:46:27.201,0.675,0.674,30.0,0.6694,10.0,184.0,22.0
2021-01-05 09:46:27.720,0.675,0.674,30.0,0.6694,10.0,184.0,22.0
2021-01-05 09:46:29.151,0.675,0.674,30.0,0.6694,10.0,184.0,22.0
2021-01-05 09:46:30.721,0.675,0.6731,10.0,0.6692,20.0,184.0,22.0
2021-01-05 09:46:31.210,0.675,0.6731,30.0,0.6685,30.0,184.0,22.0
2021-01-05 09:46:31.210,0.675,0.6731,30.0,0.6686,2.0,184.0,22.0
2021-01-05 09:46:32.701,0.675,0.6731,30.0,0.6686,2.0,184.0,22.0
2021-01-05 09:46:33.210,0.675,0.6731,30.0,0.6686,2.0,184.0,22.0
2021-01-05 09:46:33.660,0.675,0.6731,30.0,0.6685,30.0,184.0,22.0
2021-01-05 09:46:34.171,0.675,0.6731,30.0,0.6685,30.0,184.0,22.0
2021-01-05 09:46:35.231,0.675,0.6731,30.0,0.6685,30.0,184.0,22.0
2021-01-05 09:46:35.721,0.675,0.6731,30.0,0.6686,2.0,184.0,22.0
2021-01-05 09:46:36.221,0.675,0.6731,30.0,0.6686,2.0,184.0,22.0
2021-01-05 09:46:37.750,0.675,0.6731,30.0,0.6686,2.0,184.0,22.0
2021-01-05 09:46:38.201,0.675,0.6731,20.0,0.6694,10.0,184.0,22.0
2021-01-05 09:46:38.741,0.675,0.6731,20.0,0.6694,10.0,184.0,22.0
2021-01-05 09:46:39.210,0.675,0.6733,20.0,0.6694,10.0,184.0,22.0
2021-01-05 09:46:39.730,0.675,0.674,20.0,0.6694,30.0,184.0,22.0
2021-01-05 09:46:40.230,0.675,0.674,20.0,0.6694,30.0,184.0,22.0
2021-01-05 09:46:40.301,0.675,0.674,20.0,0.6695,2.0,184.0,22.0
2021-01-05 09:46:41.250,0.675,0.674,20.0,0.6694,30.0,184.0,22.0
2021-01-05 09:46:41.661,0.675,0.674,20.0,0.6694,30.0,184.0,22.0
2021-01-05 09:46:42.230,0.675,0.674,20.0,0.6695,2.0,184.0,22.0
2021-01-05 09:46:42.741,0.675,0.674,20.0,0.6694,30.0,184.0,22.0
2021-01-05 09:46:43.630,0.675,0.674,20.0,0.6694,32.0,184.0,22.0
2021-01-05 09:46:44.230,0.675,0.674,20.0,0.6694,30.0,184.0,22.0
2021-01-05 09:46:45.711,0.675,0.674,20.0,0.6694,30.0,184.0,22.0
2021-01-05 09:46:46.671,0.675,0.674,20.0,0.6694,30.0,184.0,22.0
2021-01-05 09:46:47.230,0.675,0.674,20.0,0.6694,30.0,184.0,22.0
2021-01-05 09:46:49.251,0.675,0.674,20.0,0.6694,30.0,184.0,22.0
2021-01-05 09:46:51.261,0.675,0.674,20.0,0.6695,2.0,184.0,22.0
2021-01-05 09:46:51.731,0.675,0.6739,10.0,0.6694,30.0,184.0,22.0
2021-01-05 09:46:52.711,0.675,0.6739,10.0,0.6694,30.0,184.0,22.0
2021-01-05 09:46:53.201,0.675,0.6739,10.0,0.6695,2.0,184.0,22.0
2021-01-05 09:46:53.681,0.675,0.6739,10.0,0.6694,30.0,184.0,22.0
2021-01-05 09:46:54.221,0.675,0.6739,10.0,0.6694,30.0,184.0,22.0
2021-01-05 09:46:54.701,0.675,0.6739,10.0,0.6695,2.0,184.0,22.0
2021-01-05 09:46:55.681,0.675,0.6739,10.0,0.6694,30.0,184.0,22.0
2021-01-05 09:46:56.221,0.675,0.6739,10.0,0.6694,32.0,184.0,22.0
2021-01-05 09:46:56.711,0.675,0.6739,10.0,0.6694,30.0,184.0,22.0
2021-01-05 09:46:57.080,0.675,0.6739,10.0,0.6694,30.0,184.0,22.0
2021-01-05 09:46:57.741,0.675,0.6739,10.0,0.6694,30.0,184.0,22.0
2021-01-05 09:46:58.720,0.675,0.6739,10.0,0.6694,30.0,184.0,22.0
2021-01-05 09:46:59.191,0.675,0.6739,10.0,0.6695,2.0,184.0,22.0
2021-01-05 09:47:00.741,0.675,0.6739,10.0,0.6695,2.0,184.0,22.0
2021-01-05 09:47:01.210,0.675,0.6739,10.0,0.6695,2.0,184.0,22.0
2021-01-05 09:47:01.721,0.675,0.6739,10.0,0.6707,10.0,184.0,22.0
2021-01-05 09:47:02.211,0.675,0.6753,10.0,0.6708,2.0,184.0,22.0
2021-01-05 09:47:02.741,0.675,0.6753,30.0,0.6708,22.0,184.0,22.0
2021-01-05 09:47:03.220,0.675,0.6753,10.0,0.6708,2.0,184.0,22.0
2021-01-05 09:47:03.740,0.675,0.6758,30.0,0.6716,10.0,184.0,22.0
2021-01-05 09:47:04.211,0.675,0.6758,30.0,0.6716,10.0,184.0,22.0
2021-01-05 09:47:04.751,0.675,0.6758,30.0,0.6716,30.0,184.0,22.0
2021-01-05 09:47:05.250,0.675,0.6758,30.0,0.6716,30.0,184.0,22.0
2021-01-05 09:47:05.750,0.675,0.6758,20.0,0.6716,30.0,184.0,22.0
2021-01-05 09:47:06.251,0.675,0.6763,30.0,0.6717,2.0,184.0,22.0
2021-01-05 09:47:06.391,0.675,0.6763,30.0,0.6717,2.0,184.0,22.0
2021-01-05 09:47:07.221,0.675,0.6763,20.0,0.6726,10.0,184.0,22.0
2021-01-05 09:47:07.740,0.675,0.6772,30.0,0.6726,30.0,184.0,22.0
2021-01-05 09:47:08.230,0.675,0.6772,30.0,0.6726,30.0,184.0,22.0
2021-01-05 09:47:09.751,0.675,0.6772,30.0,0.6726,30.0,184.0,22.0
2021-01-05 09:47:10.170,0.675,0.6772,20.0,0.6735,10.0,184.0,22.0
2021-01-05 09:47:10.721,0.675,0.6781,30.0,0.6735,30.0,184.0,22.0
2021-01-05 09:47:11.250,0.675,0.6781,30.0,0.6735,32.0,184.0,22.0
2021-01-05 09:47:11.751,0.675,0.6781,30.0,0.6735,32.0,184.0,22.0
2021-01-05 09:47:12.731,0.675,0.6781,30.0,0.6735,32.0,184.0,22.0
2021-01-05 09:47:13.201,0.675,0.6781,30.0,0.6735,30.0,184.0,22.0
