,last,ask1,asize1,bid1,bsize1,oi,volume
2021-01-05 09:25:00.080,,0.3618,1.0,0.3245,1.0,7718.0,
2021-01-05 09:30:00.451,,0.361,1.0,0.3245,1.0,7718.0,
2021-01-05 09:30:00.991,,0.361,1.0,0.3181,1.0,7718.0,
2021-01-05 09:30:01.481,,0.361,1.0,0.3181,1.0,7718.0,
2021-01-05 09:30:02.511,,0.3445,20.0,0.3354,20.0,7718.0,
2021-01-05 09:30:03.471,,0.3458,20.0,0.3367,20.0,7718.0,
2021-01-05 09:30:04.430,,0.3452,20.0,0.3361,20.0,7718.0,
2021-01-05 09:30:05.010,,0.3452,20.0,0.3181,1.0,7718.0,
2021-01-05 09:30:05.481,,0.3442,20.0,0.3351,20.0,7718.0,
2021-01-05 09:30:05.990,,0.3442,20.0,0.3181,1.0,7718.0,
2021-01-05 09:30:06.971,,0.3419,20.0,0.3328,20.0,7718.0,
2021-01-05 09:30:10.501,,0.3412,20.0,0.332,20.0,7718.0,
2021-01-05 09:30:11.521,,0.3407,20.0,0.3316,20.0,7718.0,
2021-01-05 09:30:13.000,,0.3412,20.0,0.3323,20.0,7718.0,
2021-01-05 09:30:13.501,,0.3417,20.0,0.3323,20.0,7718.0,
2021-01-05 09:30:15.520,,0.3417,20.0,0.3328,20.0,7718.0,
2021-01-05 09:30:17.021,,0.3423,20.0,0.3332,20.0,7718.0,
2021-01-05 09:30:18.231,,0.361,1.0,0.3332,20.0,7718.0,
2021-01-05 09:30:18.750,,0.3432,20.0,0.3341,20.0,7718.0,
2021-01-05 09:30:19.751,,0.3436,20.0,0.3345,20.0,7718.0,
2021-01-05 09:30:20.740,,0.3432,20.0,0.3341,20.0,7718.0,
2021-01-05 09:30:22.240,,0.3425,20.0,0.3333,20.0,7718.0,
2021-01-05 09:30:22.671,,0.3425,20.0,0.3341,20.0,7718.0,
2021-01-05 09:30:23.170,,0.3425,20.0,0.3337,20.0,7718.0,
2021-01-05 09:30:23.670,,0.3425,20.0,0.3333,20.0,7718.0,
2021-01-05 09:30:24.161,,0.3425,20.0,0.3181,1.0,7718.0,
2021-01-05 09:30:24.661,,0.3418,20.0,0.3327,20.0,7718.0,
2021-01-05 09:30:25.160,,0.3413,20.0,0.3322,20.0,7718.0,
2021-01-05 09:30:28.161,,0.3413,20.0,0.3322,20.0,7718.0,
2021-01-05 09:30:30.620,,0.3418,20.0,0.3322,20.0,7718.0,
2021-01-05 09:30:31.661,,0.3418,20.0,0.3329,20.0,7718.0,
2021-01-05 09:30:32.631,,0.3424,20.0,0.3333,20.0,7718.0,
2021-01-05 09:30:36.170,,0.3424,20.0,0.3329,20.0,7718.0,
2021-01-05 09:30:38.700,,0.3424,20.0,0.3343,10.0,7718.0,
2021-01-05 09:30:39.680,,0.3419,20.0,0.3343,30.0,7718.0,
2021-01-05 09:30:42.671,,0.3424,20.0,0.3343,30.0,7718.0,
2021-01-05 09:30:43.681,,0.3424,30.0,0.3343,30.0,7718.0,
2021-01-05 09:30:47.691,,0.3424,30.0,0.3356,10.0,7718.0,
2021-01-05 09:30:48.200,,0.3424,30.0,0.3356,30.0,7718.0,
2021-01-05 09:31:01.150,,0.3424,30.0,0.3356,30.0,7718.0,
2021-01-05 09:31:02.170,,0.342,20.0,0.3343,30.0,7718.0,
2021-01-05 09:31:02.681,,0.3421,10.0,0.3343,20.0,7718.0,
2021-01-05 09:31:04.671,,0.3419,20.0,0.3343,20.0,7718.0,
2021-01-05 09:31:08.650,,0.3419,20.0,0.3354,10.0,7718.0,
2021-01-05 09:31:09.101,,0.3419,30.0,0.3354,10.0,7718.0,
2021-01-05 09:31:09.701,,0.3419,30.0,0.3354,30.0,7718.0,
2021-01-05 09:31:12.711,,0.3419,30.0,0.3354,20.0,7718.0,
2021-01-05 09:31:18.720,,0.3409,10.0,0.3354,20.0,7718.0,
2021-01-05 09:31:19.150,,0.3409,20.0,0.3348,10.0,7718.0,
2021-01-05 09:31:19.721,,0.3409,10.0,0.3349,33.0,7718.0,
2021-01-05 09:31:20.171,,0.3409,30.0,0.3349,33.0,7718.0,
2021-01-05 09:31:20.701,,0.3409,10.0,0.3355,20.0,7718.0,
2021-01-05 09:31:21.221,,0.3409,10.0,0.3349,20.0,7718.0,
2021-01-05 09:31:22.211,,0.3409,10.0,0.3343,20.0,7718.0,
2021-01-05 09:31:22.620,,0.3385,10.0,0.3343,20.0,7718.0,
2021-01-05 09:31:23.171,,0.3379,10.0,0.3343,20.0,7718.0,
2021-01-05 09:31:23.640,,0.3379,10.0,0.3343,20.0,7718.0,
2021-01-05 09:31:24.161,,0.3379,10.0,0.3339,20.0,7718.0,
2021-01-05 09:31:24.660,,0.3379,10.0,0.3339,20.0,7718.0,
2021-01-05 09:31:25.150,,0.3384,10.0,0.3339,20.0,7718.0,
2021-01-05 09:31:25.640,,0.3386,30.0,0.3343,20.0,7718.0,
2021-01-05 09:31:26.141,,0.3381,10.0,0.3343,20.0,7718.0,
2021-01-05 09:31:26.681,,0.3381,10.0,0.3339,20.0,7718.0,
2021-01-05 09:31:27.171,,0.3384,10.0,0.3339,20.0,7718.0,
2021-01-05 09:31:27.601,,0.338,10.0,0.3339,20.0,7718.0,
2021-01-05 09:31:28.091,,0.338,10.0,0.3339,20.0,7718.0,
2021-01-05 09:31:28.610,,0.3377,10.0,0.3339,20.0,7718.0,
2021-01-05 09:31:29.171,,0.3381,10.0,0.3334,20.0,7718.0,
2021-01-05 09:31:30.170,,0.3377,10.0,0.3334,20.0,7718.0,
2021-01-05 09:31:30.671,,0.3381,10.0,0.3334,20.0,7718.0,
2021-01-05 09:31:31.150,,0.3378,10.0,0.3334,20.0,7718.0,
2021-01-05 09:31:31.661,,0.3379,10.0,0.3334,20.0,7718.0,
2021-01-05 09:31:32.191,,0.3377,10.0,0.3334,20.0,7718.0,
2021-01-05 09:31:32.671,,0.3377,10.0,0.3334,20.0,7718.0,
2021-01-05 09:31:33.190,,0.3377,20.0,0.3334,20.0,7718.0,
2021-01-05 09:31:33.680,,0.3377,10.0,0.3334,20.0,7718.0,
2021-01-05 09:31:34.181,,0.3376,10.0,0.3334,20.0,7718.0,
2021-01-05 09:31:34.681,,0.3372,10.0,0.3334,20.0,7718.0,
2021-01-05 09:31:35.670,,0.3374,10.0,0.3345,10.0,7718.0,
2021-01-05 09:31:36.041,,0.3372,10.0,0.3345,20.0,7718.0,
2021-01-05 09:31:36.690,,0.337,10.0,0.3334,20.0,7718.0,
2021-01-05 09:31:37.191,,0.3373,10.0,0.3334,20.0,7718.0,
2021-01-05 09:31:38.190,,0.3376,10.0,0.3338,10.0,7718.0,
2021-01-05 09:31:39.210,,0.3379,10.0,0.3339,3.0,7718.0,
2021-01-05 09:31:39.710,,0.3378,10.0,0.3339,3.0,7718.0,
2021-01-05 09:31:40.200,,0.3381,10.0,0.3339,3.0,7718.0,
2021-01-05 09:31:40.711,,0.3381,10.0,0.3339,3.0,7718.0,
2021-01-05 09:31:41.191,,0.3381,10.0,0.3339,3.0,7718.0,
2021-01-05 09:31:41.700,,0.3381,10.0,0.3339,3.0,7718.0,
2021-01-05 09:31:42.211,,0.3377,10.0,0.3338,30.0,7718.0,
2021-01-05 09:31:43.191,,0.3375,10.0,0.3338,30.0,7718.0,
2021-01-05 09:31:43.690,,0.3374,10.0,0.3373,30.0,7718.0,
2021-01-05 09:31:44.190,0.3373,0.3374,10.0,0.3373,20.0,7728.0,10.0
2021-01-05 09:31:44.691,0.3373,0.3374,10.0,0.3373,10.0,7738.0,20.0
2021-01-05 09:31:45.170,0.3373,0.3378,10.0,0.3375,1.0,7738.0,20.0
2021-01-05 09:31:45.700,0.3373,0.3378,10.0,0.3375,1.0,7738.0,20.0
2021-01-05 09:31:46.701,0.3373,0.3385,10.0,0.3375,1.0,7738.0,20.0
2021-01-05 09:31:47.191,0.3373,0.3388,10.0,0.3375,1.0,7738.0,20.0
2021-01-05 09:31:49.221,0.3373,0.3388,30.0,0.3375,1.0,7738.0,20.0
2021-01-05 09:31:50.191,0.3373,0.3388,20.0,0.3375,1.0,7738.0,20.0
2021-01-05 09:31:50.710,0.3373,0.3388,10.0,0.3375,1.0,7738.0,20.0
2021-01-05 09:31:51.210,0.3373,0.3388,10.0,0.3375,1.0,7738.0,20.0
2021-01-05 09:31:51.701,0.3373,0.339,10.0,0.3388,1.0,7738.0,20.0
2021-01-05 09:31:52.191,0.3373,0.339,10.0,0.3388,1.0,7738.0,20.0
2021-01-05 09:31:52.621,0.3373,0.3392,10.0,0.3388,1.0,7738.0,20.0
2021-01-05 09:31:53.171,0.3373,0.3393,10.0,0.3388,1.0,7738.0,20.0
2021-01-05 09:31:53.530,0.3373,0.3398,10.0,0.3388,1.0,7738.0,20.0
2021-01-05 09:31:54.151,0.3373,0.3397,10.0,0.3388,1.0,7738.0,20.0
2021-01-05 09:31:55.150,0.3373,0.3398,10.0,0.3392,10.0,7738.0,20.0
2021-01-05 09:31:55.670,0.3373,0.34,10.0,0.3392,10.0,7738.0,20.0
2021-01-05 09:31:56.110,0.3373,0.34,10.0,0.3392,10.0,7738.0,20.0
2021-01-05 09:31:57.171,0.3373,0.34,10.0,0.3392,10.0,7738.0,20.0
2021-01-05 09:31:58.171,0.3373,0.34,10.0,0.3392,10.0,7738.0,20.0
2021-01-05 09:31:59.180,0.3373,0.3401,20.0,0.3392,10.0,7738.0,20.0
2021-01-05 09:31:59.660,0.3392,0.3401,20.0,0.3388,1.0,7748.0,30.0
2021-01-05 09:32:00.150,0.3392,0.3401,20.0,0.3388,1.0,7748.0,30.0
2021-01-05 09:32:00.650,0.3392,0.3401,20.0,0.3388,1.0,7748.0,30.0
2021-01-05 09:32:01.170,0.3392,0.3401,20.0,0.3388,1.0,7748.0,30.0
2021-01-05 09:32:01.670,0.3392,0.3401,20.0,0.3388,1.0,7748.0,30.0
2021-01-05 09:32:02.171,0.3388,0.3393,10.0,0.3375,1.0,7748.0,31.0
2021-01-05 09:32:02.671,0.3388,0.3388,10.0,0.3375,1.0,7748.0,31.0
2021-01-05 09:32:03.180,0.3388,0.3388,40.0,0.3375,1.0,7748.0,31.0
2021-01-05 09:32:04.161,0.3388,0.3388,40.0,0.3375,1.0,7748.0,31.0
2021-01-05 09:32:04.661,0.3388,0.3388,30.0,0.3375,1.0,7748.0,31.0
2021-01-05 09:32:05.141,0.3388,0.3388,30.0,0.3375,1.0,7748.0,31.0
2021-01-05 09:32:05.660,0.3388,0.3388,20.0,0.3375,1.0,7748.0,31.0
2021-01-05 09:32:06.161,0.3388,0.3393,20.0,0.3375,1.0,7748.0,31.0
2021-01-05 09:32:06.680,0.3388,0.3395,10.0,0.3375,1.0,7748.0,31.0
2021-01-05 09:32:07.070,0.3388,0.3395,30.0,0.3373,10.0,7748.0,31.0
2021-01-05 09:32:08.171,0.3388,0.3395,30.0,0.3373,10.0,7748.0,31.0
2021-01-05 09:32:08.670,0.3388,0.3399,40.0,0.3373,10.0,7748.0,31.0
2021-01-05 09:32:09.141,0.3388,0.3399,30.0,0.3373,10.0,7748.0,31.0
2021-01-05 09:32:09.681,0.3388,0.3399,30.0,0.3373,10.0,7748.0,31.0
2021-01-05 09:32:10.161,0.3388,0.3399,30.0,0.3373,10.0,7748.0,31.0
2021-01-05 09:32:10.630,0.3388,0.3397,10.0,0.3373,10.0,7748.0,31.0
2021-01-05 09:32:11.170,0.3388,0.3399,40.0,0.3373,10.0,7748.0,31.0
2021-01-05 09:32:11.650,0.3388,0.3399,40.0,0.3373,10.0,7748.0,31.0
2021-01-05 09:32:12.161,0.3388,0.3393,10.0,0.3373,10.0,7748.0,31.0
2021-01-05 09:32:12.670,0.3388,0.3393,30.0,0.3373,10.0,7748.0,31.0
2021-01-05 09:32:13.171,0.3373,0.3393,40.0,0.3365,10.0,7758.0,41.0
2021-01-05 09:32:13.680,0.3373,0.3393,30.0,0.3358,30.0,7758.0,41.0
2021-01-05 09:32:14.560,0.3373,0.3393,30.0,0.3358,30.0,7758.0,41.0
2021-01-05 09:32:15.171,0.3373,0.3393,20.0,0.3358,30.0,7758.0,41.0
2021-01-05 09:32:15.671,0.3373,0.3393,20.0,0.3363,10.0,7758.0,41.0
2021-01-05 09:32:16.451,0.3373,0.3393,20.0,0.3363,30.0,7758.0,41.0
2021-01-05 09:32:17.161,0.3373,0.3393,20.0,0.3363,30.0,7758.0,41.0
2021-01-05 09:32:17.651,0.3373,0.3393,20.0,0.3363,30.0,7758.0,41.0
2021-01-05 09:32:18.670,0.3373,0.3393,20.0,0.3363,30.0,7758.0,41.0
2021-01-05 09:32:19.670,0.3373,0.3393,20.0,0.3373,10.0,7758.0,41.0
2021-01-05 09:32:20.151,0.3373,0.3393,20.0,0.3373,10.0,7758.0,41.0
2021-01-05 09:32:20.600,0.3373,0.3393,20.0,0.337,10.0,7758.0,41.0
2021-01-05 09:32:21.171,0.3373,0.3393,20.0,0.3367,10.0,7758.0,41.0
2021-01-05 09:32:21.680,0.3373,0.3393,30.0,0.3365,10.0,7758.0,41.0
2021-01-05 09:32:22.181,0.3373,0.3393,30.0,0.3365,10.0,7758.0,41.0
2021-01-05 09:32:22.481,0.3373,0.339,10.0,0.3362,10.0,7758.0,41.0
2021-01-05 09:32:23.140,0.3373,0.339,10.0,0.3362,10.0,7758.0,41.0
2021-01-05 09:32:24.160,0.3373,0.339,10.0,0.3362,10.0,7758.0,41.0
2021-01-05 09:32:24.640,0.3373,0.3391,10.0,0.3365,10.0,7758.0,41.0
2021-01-05 09:32:25.170,0.3373,0.3391,10.0,0.3368,10.0,7758.0,41.0
2021-01-05 09:32:25.670,0.3373,0.3391,10.0,0.3368,10.0,7758.0,41.0
2021-01-05 09:32:26.171,0.3373,0.3391,10.0,0.3372,10.0,7758.0,41.0
2021-01-05 09:32:26.650,0.3373,0.3391,10.0,0.3372,10.0,7758.0,41.0
2021-01-05 09:32:27.151,0.3373,0.3391,10.0,0.3369,10.0,7758.0,41.0
2021-01-05 09:32:29.180,0.3373,0.3391,10.0,0.3369,10.0,7758.0,41.0
2021-01-05 09:32:30.171,0.3373,0.3395,10.0,0.3369,10.0,7758.0,41.0
2021-01-05 09:32:31.151,0.3373,0.3395,10.0,0.3369,10.0,7758.0,41.0
2021-01-05 09:32:31.691,0.3373,0.3395,10.0,0.3369,10.0,7758.0,41.0
2021-01-05 09:32:32.121,0.3373,0.3395,10.0,0.3369,10.0,7758.0,41.0
2021-01-05 09:32:33.141,0.3373,0.3395,10.0,0.3369,10.0,7758.0,41.0
2021-01-05 09:32:34.691,0.3373,0.3394,10.0,0.3366,10.0,7758.0,41.0
2021-01-05 09:32:35.170,0.3373,0.3395,10.0,0.3368,10.0,7758.0,41.0
2021-01-05 09:32:35.671,0.3373,0.3395,10.0,0.3368,10.0,7758.0,41.0
2021-01-05 09:32:36.190,0.3373,0.3395,30.0,0.3368,30.0,7758.0,41.0
2021-01-05 09:32:38.190,0.3373,0.3395,30.0,0.3368,30.0,7758.0,41.0
2021-01-05 09:32:39.200,0.3373,0.3395,30.0,0.3368,30.0,7758.0,41.0
2021-01-05 09:32:39.630,0.3373,0.3395,30.0,0.3371,10.0,7758.0,41.0
2021-01-05 09:32:40.151,0.3373,0.3395,30.0,0.3371,10.0,7758.0,41.0
2021-01-05 09:32:41.690,0.3373,0.3395,30.0,0.3371,10.0,7758.0,41.0
2021-01-05 09:32:42.201,0.3373,0.3395,30.0,0.3371,10.0,7758.0,41.0
2021-01-05 09:32:42.700,0.3373,0.3395,30.0,0.3371,10.0,7758.0,41.0
2021-01-05 09:32:43.190,0.3373,0.3395,30.0,0.3371,10.0,7758.0,41.0
2021-01-05 09:32:43.580,0.3373,0.3395,30.0,0.3371,10.0,7758.0,41.0
2021-01-05 09:32:44.151,0.3373,0.3395,30.0,0.3371,10.0,7758.0,41.0
2021-01-05 09:32:44.700,0.3373,0.3394,10.0,0.3366,10.0,7758.0,41.0
2021-01-05 09:32:45.580,0.3373,0.3395,30.0,0.337,10.0,7758.0,41.0
2021-01-05 09:32:46.160,0.3373,0.3395,30.0,0.337,10.0,7758.0,41.0
2021-01-05 09:32:47.201,0.3373,0.3395,20.0,0.337,10.0,7758.0,41.0
2021-01-05 09:32:47.701,0.3373,0.3395,20.0,0.3373,10.0,7758.0,41.0
2021-01-05 09:32:48.181,0.3373,0.3395,20.0,0.3373,10.0,7758.0,41.0
2021-01-05 09:32:48.690,0.3373,0.3395,20.0,0.3376,10.0,7758.0,41.0
2021-01-05 09:32:48.690,0.3373,0.3395,20.0,0.3376,10.0,7758.0,41.0
2021-01-05 09:32:49.611,0.3373,0.3396,10.0,0.3377,10.0,7758.0,41.0
2021-01-05 09:32:50.171,0.3373,0.3403,10.0,0.3386,10.0,7758.0,41.0
2021-01-05 09:32:50.700,0.3373,0.3407,10.0,0.3374,10.0,7758.0,41.0
2021-01-05 09:32:51.170,0.3373,0.3409,10.0,0.3381,10.0,7758.0,41.0
2021-01-05 09:32:51.701,0.3373,0.3409,10.0,0.3387,10.0,7758.0,41.0
2021-01-05 09:32:52.191,0.3373,0.341,10.0,0.3387,10.0,7758.0,41.0
2021-01-05 09:32:52.671,0.3373,0.3414,10.0,0.3387,10.0,7758.0,41.0
2021-01-05 09:32:53.161,0.3373,0.3413,10.0,0.3379,10.0,7758.0,41.0
2021-01-05 09:32:53.641,0.3373,0.3414,10.0,0.3379,10.0,7758.0,41.0
2021-01-05 09:32:54.181,0.3373,0.3413,10.0,0.3374,10.0,7758.0,41.0
2021-01-05 09:32:54.671,0.3373,0.3412,10.0,0.3374,10.0,7758.0,41.0
2021-01-05 09:32:55.170,0.3373,0.3414,20.0,0.3374,10.0,7758.0,41.0
2021-01-05 09:32:56.150,0.3373,0.3414,10.0,0.3387,10.0,7758.0,41.0
2021-01-05 09:32:56.611,0.3373,0.3414,10.0,0.339,10.0,7758.0,41.0
2021-01-05 09:32:57.151,0.3373,0.3414,10.0,0.3387,10.0,7758.0,41.0
2021-01-05 09:32:57.600,0.3373,0.3412,10.0,0.3384,10.0,7758.0,41.0
2021-01-05 09:32:57.600,0.3373,0.3412,10.0,0.3387,10.0,7758.0,41.0
2021-01-05 09:32:58.651,0.3373,0.3414,10.0,0.3387,10.0,7758.0,41.0
2021-01-05 09:32:59.170,0.3373,0.3414,10.0,0.3387,10.0,7758.0,41.0
2021-01-05 09:32:59.621,0.3373,0.3414,10.0,0.339,10.0,7758.0,41.0
2021-01-05 09:33:00.180,0.3373,0.3414,10.0,0.339,10.0,7758.0,41.0
2021-01-05 09:33:01.141,0.3373,0.3414,40.0,0.3386,10.0,7758.0,41.0
2021-01-05 09:33:01.661,0.3373,0.341,10.0,0.3382,10.0,7758.0,41.0
2021-01-05 09:33:02.130,0.3373,0.341,30.0,0.3382,10.0,7758.0,41.0
2021-01-05 09:33:02.570,0.3373,0.341,30.0,0.3382,10.0,7758.0,41.0
2021-01-05 09:33:03.171,0.3373,0.3403,10.0,0.3375,10.0,7758.0,41.0
2021-01-05 09:33:03.681,0.3373,0.3403,30.0,0.3372,10.0,7758.0,41.0
2021-01-05 09:33:04.140,0.3373,0.3404,10.0,0.337,30.0,7758.0,41.0
2021-01-05 09:33:04.651,0.3373,0.3403,20.0,0.337,30.0,7758.0,41.0
2021-01-05 09:33:05.181,0.3373,0.3403,20.0,0.337,30.0,7758.0,41.0
2021-01-05 09:33:05.690,0.3373,0.3403,20.0,0.337,30.0,7758.0,41.0
2021-01-05 09:33:06.170,0.3373,0.3398,10.0,0.337,30.0,7758.0,41.0
2021-01-05 09:33:06.681,0.3373,0.3398,20.0,0.337,30.0,7758.0,41.0
2021-01-05 09:33:07.171,0.3373,0.3398,40.0,0.337,30.0,7758.0,41.0
2021-01-05 09:33:07.601,0.3373,0.3398,20.0,0.337,30.0,7758.0,41.0
2021-01-05 09:33:08.191,0.3373,0.3398,20.0,0.337,30.0,7758.0,41.0
2021-01-05 09:33:08.681,0.3373,0.3396,10.0,0.337,30.0,7758.0,41.0
2021-01-05 09:33:09.181,0.3373,0.3396,10.0,0.337,30.0,7758.0,41.0
2021-01-05 09:33:09.630,0.3373,0.3398,30.0,0.3371,10.0,7758.0,41.0
2021-01-05 09:33:10.180,0.3373,0.3398,30.0,0.3371,10.0,7758.0,41.0
2021-01-05 09:33:10.681,0.3373,0.3394,10.0,0.337,30.0,7758.0,41.0
2021-01-05 09:33:11.180,0.3373,0.3394,30.0,0.337,30.0,7758.0,41.0
2021-01-05 09:33:11.670,0.3373,0.3394,30.0,0.3373,3.0,7758.0,41.0
2021-01-05 09:33:12.181,0.3373,0.3394,30.0,0.3373,3.0,7758.0,41.0
2021-01-05 09:33:12.650,0.3373,0.3394,20.0,0.3373,3.0,7758.0,41.0
2021-01-05 09:33:12.650,0.3373,0.3394,20.0,0.3373,3.0,7758.0,41.0
2021-01-05 09:33:13.691,0.3373,0.3397,20.0,0.3373,3.0,7758.0,41.0
2021-01-05 09:33:14.160,0.3373,0.3397,20.0,0.3373,3.0,7758.0,41.0
2021-01-05 09:33:14.650,0.3373,0.3373,2.0,0.337,30.0,7758.0,44.0
2021-01-05 09:33:15.140,0.3373,0.3382,10.0,0.337,30.0,7756.0,46.0
2021-01-05 09:33:15.651,0.3373,0.3383,20.0,0.337,30.0,7756.0,46.0
2021-01-05 09:33:16.181,0.3373,0.3383,20.0,0.337,30.0,7756.0,46.0
2021-01-05 09:33:16.671,0.3373,0.3383,20.0,0.337,30.0,7756.0,46.0
2021-01-05 09:33:17.190,0.3373,0.3383,20.0,0.337,30.0,7756.0,46.0
2021-01-05 09:33:18.680,0.3373,0.3383,30.0,0.337,30.0,7756.0,46.0
2021-01-05 09:33:19.191,0.3373,0.3383,30.0,0.337,30.0,7756.0,46.0
2021-01-05 09:33:19.641,0.337,0.3383,40.0,0.337,9.0,7777.0,67.0
2021-01-05 09:33:19.950,0.337,0.3383,40.0,0.337,9.0,7777.0,67.0
2021-01-05 09:33:20.680,0.337,0.3383,40.0,0.337,9.0,7777.0,67.0
2021-01-05 09:33:21.681,0.337,0.3383,40.0,0.337,9.0,7777.0,67.0
2021-01-05 09:33:22.150,0.337,0.3383,40.0,0.337,9.0,7777.0,67.0
2021-01-05 09:33:22.670,0.337,0.3383,40.0,0.337,8.0,7778.0,68.0
2021-01-05 09:33:23.051,0.337,0.338,10.0,0.337,8.0,7778.0,68.0
2021-01-05 09:33:23.660,0.337,0.338,10.0,0.337,8.0,7778.0,68.0
2021-01-05 09:33:24.171,0.337,0.338,10.0,0.337,8.0,7778.0,68.0
2021-01-05 09:33:24.651,0.337,0.3381,10.0,0.337,8.0,7778.0,68.0
2021-01-05 09:33:25.151,0.337,0.3383,20.0,0.337,8.0,7778.0,68.0
2021-01-05 09:33:25.581,0.337,0.3383,20.0,0.337,8.0,7778.0,68.0
2021-01-05 09:33:26.161,0.337,0.3383,20.0,0.337,8.0,7778.0,68.0
2021-01-05 09:33:27.171,0.337,0.3385,20.0,0.337,8.0,7778.0,68.0
2021-01-05 09:33:27.571,0.337,0.3385,20.0,0.337,8.0,7778.0,68.0
2021-01-05 09:33:28.180,0.337,0.3389,30.0,0.337,8.0,7778.0,68.0
2021-01-05 09:33:28.670,0.337,0.3388,10.0,0.337,8.0,7778.0,68.0
2021-01-05 09:33:29.171,0.337,0.3388,10.0,0.337,8.0,7778.0,68.0
2021-01-05 09:33:30.180,0.337,0.3388,10.0,0.337,8.0,7778.0,68.0
2021-01-05 09:33:31.680,0.337,0.3388,10.0,0.337,8.0,7778.0,68.0
2021-01-05 09:33:32.620,0.337,0.3388,10.0,0.337,8.0,7778.0,68.0
2021-01-05 09:33:33.680,0.337,0.3388,10.0,0.337,8.0,7778.0,68.0
2021-01-05 09:33:36.681,0.337,0.3388,10.0,0.337,8.0,7778.0,68.0
2021-01-05 09:33:37.190,0.337,0.3385,10.0,0.337,8.0,7778.0,68.0
2021-01-05 09:33:37.640,0.337,0.3383,10.0,0.3363,10.0,7786.0,76.0
2021-01-05 09:33:38.571,0.337,0.3383,10.0,0.3361,10.0,7786.0,76.0
2021-01-05 09:33:39.201,0.337,0.3383,10.0,0.3361,10.0,7786.0,76.0
2021-01-05 09:33:39.641,0.337,0.3385,20.0,0.3361,10.0,7786.0,76.0
2021-01-05 09:33:39.661,0.337,0.3385,20.0,0.3361,10.0,7786.0,76.0
2021-01-05 09:33:40.690,0.337,0.3385,20.0,0.3361,10.0,7786.0,76.0
2021-01-05 09:33:41.161,0.337,0.3385,20.0,0.3361,10.0,7786.0,76.0
2021-01-05 09:33:41.691,0.337,0.3385,20.0,0.3369,1.0,7786.0,76.0
2021-01-05 09:33:42.160,0.337,0.3385,20.0,0.3369,1.0,7786.0,76.0
2021-01-05 09:33:42.600,0.337,0.3385,20.0,0.3369,1.0,7786.0,76.0
2021-01-05 09:33:43.180,0.337,0.3389,30.0,0.3369,1.0,7786.0,76.0
2021-01-05 09:33:43.681,0.337,0.3389,30.0,0.3369,1.0,7786.0,76.0
2021-01-05 09:33:44.110,0.337,0.3389,30.0,0.3369,1.0,7786.0,76.0
2021-01-05 09:33:44.671,0.337,0.3389,30.0,0.3369,1.0,7786.0,76.0
2021-01-05 09:33:45.180,0.337,0.3389,30.0,0.3369,1.0,7786.0,76.0
2021-01-05 09:33:45.660,0.337,0.3389,30.0,0.3369,1.0,7786.0,76.0
2021-01-05 09:33:46.161,0.337,0.3389,30.0,0.3369,1.0,7786.0,76.0
2021-01-05 09:33:46.680,0.337,0.3389,30.0,0.3369,1.0,7786.0,76.0
2021-01-05 09:33:47.191,0.337,0.3394,30.0,0.3369,21.0,7786.0,76.0
2021-01-05 09:33:48.680,0.337,0.3394,30.0,0.3369,21.0,7786.0,76.0
2021-01-05 09:33:49.120,0.337,0.3394,30.0,0.3369,21.0,7786.0,76.0
2021-01-05 09:33:50.130,0.337,0.3394,10.0,0.3378,10.0,7786.0,76.0
2021-01-05 09:33:50.670,0.337,0.3394,10.0,0.3378,10.0,7786.0,76.0
2021-01-05 09:33:51.141,0.337,0.3394,10.0,0.3378,10.0,7786.0,76.0
2021-01-05 09:33:51.571,0.337,0.3394,10.0,0.3373,20.0,7786.0,76.0
2021-01-05 09:33:52.190,0.337,0.3394,30.0,0.3372,10.0,7786.0,76.0
2021-01-05 09:33:52.661,0.337,0.3394,10.0,0.3372,10.0,7786.0,76.0
2021-01-05 09:33:53.650,0.337,0.3394,30.0,0.3372,10.0,7786.0,76.0
2021-01-05 09:33:54.180,0.337,0.3394,30.0,0.3369,31.0,7786.0,76.0
2021-01-05 09:33:55.650,0.337,0.3398,30.0,0.3372,10.0,7786.0,76.0
2021-01-05 09:33:56.120,0.337,0.3398,30.0,0.3372,10.0,7786.0,76.0
2021-01-05 09:33:57.171,0.337,0.3398,30.0,0.3369,21.0,7786.0,76.0
2021-01-05 09:33:57.671,0.337,0.3398,30.0,0.3369,21.0,7786.0,76.0
2021-01-05 09:33:58.170,0.337,0.3398,20.0,0.3369,21.0,7786.0,76.0
2021-01-05 09:33:58.670,0.337,0.3403,30.0,0.337,13.0,7786.0,76.0
2021-01-05 09:33:59.140,0.337,0.3403,10.0,0.3372,10.0,7786.0,76.0
2021-01-05 09:33:59.690,0.337,0.3406,3.0,0.3372,20.0,7786.0,76.0
2021-01-05 09:34:00.191,0.337,0.3406,3.0,0.3373,13.0,7786.0,76.0
2021-01-05 09:34:00.671,0.337,0.3407,20.0,0.3373,33.0,7786.0,76.0
2021-01-05 09:34:01.081,0.337,0.3408,10.0,0.3373,33.0,7786.0,76.0
2021-01-05 09:34:01.661,0.337,0.3408,10.0,0.3373,33.0,7786.0,76.0
2021-01-05 09:34:02.170,0.337,0.3408,10.0,0.3373,33.0,7786.0,76.0
2021-01-05 09:34:02.671,0.337,0.3407,13.0,0.3373,33.0,7786.0,76.0
2021-01-05 09:34:03.171,0.337,0.3407,13.0,0.3373,33.0,7786.0,76.0
2021-01-05 09:34:03.670,0.337,0.3407,33.0,0.3373,33.0,7786.0,76.0
2021-01-05 09:34:04.120,0.337,0.3407,20.0,0.3373,33.0,7786.0,76.0
2021-01-05 09:34:05.121,0.337,0.3408,10.0,0.3373,33.0,7786.0,76.0
2021-01-05 09:34:06.671,0.337,0.3408,10.0,0.3383,10.0,7786.0,76.0
2021-01-05 09:34:07.130,0.337,0.3408,10.0,0.3383,40.0,7786.0,76.0
2021-01-05 09:34:08.171,0.337,0.3408,10.0,0.3389,10.0,7786.0,76.0
2021-01-05 09:34:08.630,0.337,0.3406,1.0,0.3389,30.0,7786.0,76.0
2021-01-05 09:34:09.170,0.337,0.3406,1.0,0.3389,30.0,7786.0,76.0
2021-01-05 09:34:09.670,0.337,0.3408,10.0,0.3389,20.0,7786.0,76.0
2021-01-05 09:34:10.140,0.337,0.3408,10.0,0.3389,20.0,7786.0,76.0
2021-01-05 09:34:10.690,0.337,0.3407,10.0,0.3383,30.0,7786.0,76.0
2021-01-05 09:34:11.151,0.337,0.3407,20.0,0.3383,20.0,7786.0,76.0
2021-01-05 09:34:11.681,0.337,0.34,10.0,0.3383,20.0,7786.0,76.0
2021-01-05 09:34:12.081,0.337,0.34,10.0,0.3383,20.0,7786.0,76.0
2021-01-05 09:34:12.621,0.337,0.3403,10.0,0.3383,20.0,7786.0,76.0
2021-01-05 09:34:13.191,0.337,0.3403,20.0,0.3383,20.0,7786.0,76.0
2021-01-05 09:34:13.500,0.337,0.3403,20.0,0.3383,20.0,7786.0,76.0
2021-01-05 09:34:14.181,0.337,0.3398,10.0,0.3379,20.0,7786.0,76.0
2021-01-05 09:34:14.691,0.337,0.3395,10.0,0.3379,20.0,7786.0,76.0
2021-01-05 09:34:15.181,0.337,0.3389,10.0,0.3373,10.0,7786.0,76.0
2021-01-05 09:34:15.681,0.337,0.3393,10.0,0.3373,20.0,7786.0,76.0
2021-01-05 09:34:16.190,0.337,0.3394,10.0,0.3373,20.0,7786.0,76.0
2021-01-05 09:34:16.630,0.337,0.3397,10.0,0.3374,10.0,7786.0,76.0
2021-01-05 09:34:16.970,0.337,0.3399,10.0,0.3374,20.0,7786.0,76.0
2021-01-05 09:34:17.690,0.337,0.3399,10.0,0.3377,10.0,7786.0,76.0
2021-01-05 09:34:18.201,0.337,0.3399,10.0,0.338,10.0,7786.0,76.0
2021-01-05 09:34:18.201,0.337,0.3399,10.0,0.338,20.0,7786.0,76.0
2021-01-05 09:34:19.041,0.337,0.3399,10.0,0.338,30.0,7786.0,76.0
2021-01-05 09:34:19.700,0.337,0.3403,10.0,0.338,20.0,7786.0,76.0
2021-01-05 09:34:19.961,0.337,0.3404,10.0,0.338,10.0,7786.0,76.0
2021-01-05 09:34:20.651,0.337,0.3404,10.0,0.338,30.0,7786.0,76.0
2021-01-05 09:34:21.690,0.337,0.3404,10.0,0.3382,10.0,7786.0,76.0
2021-01-05 09:34:22.151,0.337,0.3404,10.0,0.3382,10.0,7786.0,76.0
2021-01-05 09:34:23.181,0.337,0.3404,10.0,0.3382,10.0,7786.0,76.0
2021-01-05 09:34:24.600,0.337,0.3403,10.0,0.3382,10.0,7786.0,76.0
2021-01-05 09:34:25.171,0.337,0.3404,20.0,0.3382,20.0,7786.0,76.0
2021-01-05 09:34:25.671,0.337,0.3404,20.0,0.3385,10.0,7786.0,76.0
2021-01-05 09:34:26.170,0.337,0.3404,20.0,0.3385,30.0,7786.0,76.0
2021-01-05 09:34:26.641,0.337,0.3404,20.0,0.3385,30.0,7786.0,76.0
2021-01-05 09:34:27.150,0.337,0.3404,20.0,0.3385,20.0,7786.0,76.0
2021-01-05 09:34:27.690,0.337,0.3404,20.0,0.3382,10.0,7786.0,76.0
2021-01-05 09:34:28.120,0.337,0.3404,20.0,0.3381,10.0,7786.0,76.0
2021-01-05 09:34:28.621,0.337,0.3404,20.0,0.3381,20.0,7786.0,76.0
2021-01-05 09:34:29.601,0.337,0.3404,20.0,0.3381,10.0,7786.0,76.0
2021-01-05 09:34:30.170,0.337,0.3404,20.0,0.3382,10.0,7786.0,76.0
2021-01-05 09:34:30.671,0.337,0.3404,20.0,0.338,30.0,7786.0,76.0
2021-01-05 09:34:31.190,0.337,0.3404,20.0,0.3381,20.0,7786.0,76.0
2021-01-05 09:34:31.691,0.337,0.3404,20.0,0.3386,1.0,7786.0,76.0
2021-01-05 09:34:32.150,0.337,0.3404,20.0,0.3386,21.0,7786.0,76.0
2021-01-05 09:34:33.691,0.337,0.3404,20.0,0.3387,10.0,7786.0,76.0
2021-01-05 09:34:34.640,0.337,0.3404,20.0,0.3387,10.0,7786.0,76.0
2021-01-05 09:34:35.130,0.337,0.3404,20.0,0.3388,10.0,7786.0,76.0
2021-01-05 09:34:35.670,0.337,0.3404,20.0,0.339,10.0,7786.0,76.0
2021-01-05 09:34:36.680,0.337,0.3404,20.0,0.339,30.0,7786.0,76.0
2021-01-05 09:34:37.161,0.3404,0.3408,10.0,0.339,30.0,7786.0,86.0
2021-01-05 09:34:37.700,0.3404,0.3408,10.0,0.3393,10.0,7786.0,86.0
2021-01-05 09:34:38.171,0.3404,0.3411,10.0,0.3404,20.0,7786.0,86.0
2021-01-05 09:34:38.690,0.3404,0.3411,10.0,0.3404,20.0,7786.0,86.0
2021-01-05 09:34:39.070,0.3404,0.3408,1.0,0.3404,20.0,7786.0,86.0
2021-01-05 09:34:39.470,0.3404,0.341,10.0,0.3404,20.0,7786.0,86.0
2021-01-05 09:34:40.171,0.3404,0.3416,10.0,0.3404,20.0,7786.0,86.0
2021-01-05 09:34:40.651,0.3404,0.3415,1.0,0.3404,20.0,7786.0,86.0
2021-01-05 09:34:41.201,0.3404,0.3415,1.0,0.3404,20.0,7786.0,86.0
2021-01-05 09:34:41.700,0.3404,0.3415,1.0,0.3404,20.0,7786.0,86.0
2021-01-05 09:34:42.171,0.3404,0.3415,1.0,0.3404,20.0,7786.0,86.0
2021-01-05 09:34:42.680,0.3404,0.3416,10.0,0.3404,30.0,7786.0,86.0
2021-01-05 09:34:43.191,0.3404,0.3416,10.0,0.3404,30.0,7786.0,86.0
2021-01-05 09:34:43.671,0.3404,0.3417,10.0,0.3404,30.0,7786.0,86.0
2021-01-05 09:34:44.651,0.3404,0.3417,10.0,0.3404,30.0,7786.0,86.0
2021-01-05 09:34:45.200,0.3404,0.3417,10.0,0.3404,30.0,7786.0,86.0
2021-01-05 09:34:45.721,0.3404,0.3417,10.0,0.3404,30.0,7786.0,86.0
2021-01-05 09:34:46.140,0.3404,0.3417,10.0,0.3404,40.0,7786.0,86.0
2021-01-05 09:34:46.660,0.3404,0.3418,10.0,0.3404,40.0,7786.0,86.0
2021-01-05 09:34:47.181,0.3404,0.3418,20.0,0.3417,1.0,7786.0,86.0
2021-01-05 09:34:47.701,0.3417,0.342,10.0,0.3406,10.0,7786.0,87.0
2021-01-05 09:34:48.141,0.3417,0.3418,1.0,0.3404,40.0,7786.0,87.0
2021-01-05 09:34:48.700,0.3417,0.3418,1.0,0.3404,40.0,7786.0,87.0
2021-01-05 09:34:49.701,0.3418,0.3419,20.0,0.3404,40.0,7786.0,88.0
2021-01-05 09:34:50.161,0.3418,0.3416,10.0,0.3404,30.0,7786.0,88.0
2021-01-05 09:34:50.700,0.3418,0.3416,10.0,0.3404,30.0,7786.0,88.0
2021-01-05 09:34:51.200,0.3418,0.3418,20.0,0.3404,30.0,7786.0,88.0
2021-01-05 09:34:51.701,0.3418,0.3415,10.0,0.3404,20.0,7786.0,88.0
2021-01-05 09:34:52.220,0.3418,0.3418,15.0,0.3404,30.0,7791.0,93.0
2021-01-05 09:34:52.550,0.3418,0.3418,20.0,0.3404,20.0,7791.0,93.0
2021-01-05 09:34:53.180,0.3418,0.3418,20.0,0.3404,20.0,7791.0,93.0
2021-01-05 09:34:53.651,0.3418,0.3418,10.0,0.3405,10.0,7791.0,93.0
2021-01-05 09:34:54.170,0.3418,0.3418,10.0,0.3404,30.0,7791.0,93.0
2021-01-05 09:34:54.631,0.3418,0.3418,10.0,0.3407,10.0,7791.0,93.0
2021-01-05 09:34:55.161,0.3418,0.3419,1.0,0.3418,10.0,7791.0,93.0
2021-01-05 09:34:55.680,0.3419,0.3423,10.0,0.3418,10.0,7792.0,94.0
2021-01-05 09:34:56.051,0.3423,0.3429,10.0,0.3423,2.0,7795.0,97.0
2021-01-05 09:34:56.681,0.3423,0.3428,1.0,0.3423,2.0,7795.0,97.0
2021-01-05 09:34:57.171,0.3423,0.3428,1.0,0.3423,2.0,7795.0,97.0
2021-01-05 09:34:57.670,0.3428,0.3432,10.0,0.3423,2.0,7795.0,98.0
2021-01-05 09:34:58.131,0.3428,0.3431,1.0,0.3423,2.0,7795.0,98.0
2021-01-05 09:34:58.640,0.3428,0.3431,1.0,0.3423,2.0,7795.0,98.0
2021-01-05 09:34:59.151,0.3428,0.3431,1.0,0.3424,10.0,7795.0,98.0
2021-01-05 09:34:59.660,0.3428,0.3435,20.0,0.3423,10.0,7795.0,98.0
2021-01-05 09:35:00.160,0.3428,0.3432,1.0,0.3424,10.0,7795.0,98.0
2021-01-05 09:35:00.630,0.3428,0.3437,10.0,0.3424,10.0,7795.0,98.0
2021-01-05 09:35:00.640,0.3428,0.3433,1.0,0.3424,10.0,7795.0,98.0
2021-01-05 09:35:01.620,0.3428,0.3433,1.0,0.3422,10.0,7795.0,98.0
2021-01-05 09:35:02.680,0.3428,0.3433,1.0,0.3419,10.0,7795.0,98.0
2021-01-05 09:35:03.180,0.3428,0.3432,23.0,0.3419,10.0,7795.0,98.0
2021-01-05 09:35:03.660,0.3428,0.3432,13.0,0.3412,10.0,7795.0,98.0
2021-01-05 09:35:04.061,0.3428,0.3432,13.0,0.3412,10.0,7795.0,98.0
2021-01-05 09:35:05.180,0.3428,0.3431,10.0,0.3412,10.0,7795.0,98.0
2021-01-05 09:35:05.671,0.3428,0.3432,10.0,0.3412,10.0,7795.0,98.0
2021-01-05 09:35:06.680,0.3428,0.3433,1.0,0.3412,10.0,7795.0,98.0
2021-01-05 09:35:07.131,0.3428,0.3433,1.0,0.3412,10.0,7795.0,98.0
2021-01-05 09:35:07.650,0.3428,0.3433,1.0,0.3419,10.0,7795.0,98.0
2021-01-05 09:35:08.171,0.3428,0.3436,1.0,0.342,10.0,7795.0,98.0
2021-01-05 09:35:09.191,0.3428,0.3437,1.0,0.3429,10.0,7795.0,98.0
2021-01-05 09:35:09.700,0.3437,0.3447,24.0,0.3429,10.0,7795.0,99.0
2021-01-05 09:35:10.180,0.3437,0.3446,1.0,0.3429,10.0,7795.0,99.0
2021-01-05 09:35:10.691,0.3437,0.3445,13.0,0.3436,10.0,7795.0,99.0
2021-01-05 09:35:11.160,0.3437,0.3445,13.0,0.3436,10.0,7795.0,99.0
2021-01-05 09:35:11.671,0.3437,0.3445,13.0,0.3442,10.0,7795.0,99.0
2021-01-05 09:35:12.101,0.3437,0.3445,13.0,0.3442,10.0,7795.0,99.0
2021-01-05 09:35:12.660,0.3442,0.3442,1.0,0.3439,10.0,7795.0,101.0
2021-01-05 09:35:13.181,0.3442,0.3439,3.0,0.3434,10.0,7795.0,101.0
2021-01-05 09:35:13.640,0.3434,0.3439,3.0,0.3428,10.0,7795.0,102.0
2021-01-05 09:35:14.191,0.3434,0.3434,1.0,0.3422,10.0,7795.0,102.0
2021-01-05 09:35:14.700,0.3434,0.3434,1.0,0.3425,10.0,7795.0,102.0
2021-01-05 09:35:15.171,0.3434,0.3433,13.0,0.3427,10.0,7795.0,102.0
2021-01-05 09:35:15.701,0.3434,0.3438,1.0,0.3425,10.0,7795.0,102.0
2021-01-05 09:35:16.151,0.3434,0.3437,1.0,0.3428,10.0,7795.0,102.0
2021-01-05 09:35:16.660,0.3434,0.3437,1.0,0.3425,10.0,7795.0,102.0
2021-01-05 09:35:17.680,0.3434,0.3437,1.0,0.3425,10.0,7795.0,102.0
2021-01-05 09:35:18.170,0.3434,0.3437,1.0,0.3434,9.0,7795.0,102.0
2021-01-05 09:35:18.641,0.3437,0.3438,1.0,0.3437,14.0,7806.0,115.0
2021-01-05 09:35:19.161,0.3438,0.3438,5.0,0.3437,7.0,7821.0,134.0
2021-01-05 09:35:19.641,0.3434,0.3438,5.0,0.3434,3.0,7827.0,144.0
2021-01-05 09:35:20.170,0.3434,0.3436,10.0,0.3434,3.0,7827.0,144.0
2021-01-05 09:35:20.681,0.3436,0.3442,20.0,0.3434,3.0,7827.0,154.0
2021-01-05 09:35:21.180,0.3441,0.3441,9.0,0.3435,10.0,7827.0,155.0
2021-01-05 09:35:21.601,0.3439,0.3446,10.0,0.3441,1.0,7828.0,159.0
2021-01-05 09:35:22.171,0.3439,0.3446,10.0,0.344,10.0,7828.0,159.0
2021-01-05 09:35:22.521,0.3439,0.3445,1.0,0.3441,9.0,7828.0,159.0
2021-01-05 09:35:23.130,0.3439,0.3445,1.0,0.3441,9.0,7828.0,159.0
2021-01-05 09:35:23.680,0.3439,0.3445,1.0,0.3441,9.0,7828.0,159.0
2021-01-05 09:35:24.171,0.3439,0.3443,10.0,0.3441,9.0,7828.0,159.0
2021-01-05 09:35:24.671,0.3439,0.3445,1.0,0.3442,10.0,7828.0,159.0
2021-01-05 09:35:25.170,0.3439,0.3445,1.0,0.3442,10.0,7828.0,159.0
2021-01-05 09:35:25.660,0.3439,0.3445,1.0,0.3442,10.0,7828.0,159.0
2021-01-05 09:35:26.171,0.3439,0.3452,10.0,0.3442,10.0,7828.0,159.0
2021-01-05 09:35:26.651,0.3439,0.3451,1.0,0.3442,10.0,7828.0,159.0
2021-01-05 09:35:27.120,0.3439,0.3451,11.0,0.3442,10.0,7828.0,159.0
2021-01-05 09:35:27.641,0.3439,0.3451,11.0,0.3441,9.0,7828.0,159.0
2021-01-05 09:35:28.171,0.3439,0.3451,11.0,0.3441,9.0,7828.0,159.0
2021-01-05 09:35:29.641,0.3439,0.3451,1.0,0.3441,19.0,7828.0,159.0
2021-01-05 09:35:30.121,0.3439,0.3451,1.0,0.3441,19.0,7828.0,159.0
2021-01-05 09:35:30.690,0.3439,0.3451,1.0,0.3441,19.0,7828.0,159.0
2021-01-05 09:35:31.170,0.3439,0.3451,1.0,0.3441,19.0,7828.0,159.0
2021-01-05 09:35:31.700,0.3439,0.3451,1.0,0.3441,19.0,7828.0,159.0
2021-01-05 09:35:32.161,0.3439,0.3451,1.0,0.3441,19.0,7828.0,159.0
2021-01-05 09:35:32.691,0.3439,0.3451,1.0,0.3441,19.0,7828.0,159.0
2021-01-05 09:35:33.160,0.3451,0.3457,30.0,0.3441,19.0,7828.0,160.0
2021-01-05 09:35:33.640,0.3451,0.3456,1.0,0.3452,2.0,7828.0,160.0
2021-01-05 09:35:33.650,0.3451,0.3456,1.0,0.3452,2.0,7828.0,160.0
2021-01-05 09:35:34.691,0.3451,0.3456,1.0,0.3452,2.0,7828.0,160.0
2021-01-05 09:35:35.200,0.3451,0.3456,1.0,0.3452,2.0,7828.0,160.0
2021-01-05 09:35:35.600,0.3451,0.3456,1.0,0.3452,2.0,7828.0,160.0
2021-01-05 09:35:36.180,0.3451,0.3457,1.0,0.3452,2.0,7828.0,160.0
2021-01-05 09:35:36.620,0.3451,0.3462,1.0,0.3444,10.0,7828.0,160.0
2021-01-05 09:35:37.171,0.3451,0.3462,14.0,0.3445,13.0,7828.0,160.0
2021-01-05 09:35:37.640,0.3451,0.3461,10.0,0.3446,10.0,7828.0,160.0
2021-01-05 09:35:38.190,0.3451,0.3461,10.0,0.3446,10.0,7828.0,160.0
2021-01-05 09:35:38.651,0.3451,0.3462,12.0,0.3445,10.0,7828.0,160.0
2021-01-05 09:35:39.140,0.3451,0.3461,13.0,0.3445,10.0,7828.0,160.0
2021-01-05 09:35:39.690,0.3461,0.3461,12.0,0.3459,1.0,7828.0,161.0
2021-01-05 09:35:40.191,0.3461,0.3461,11.0,0.3445,10.0,7828.0,163.0
2021-01-05 09:35:40.691,0.3461,0.3461,9.0,0.3445,10.0,7828.0,165.0
2021-01-05 09:35:41.190,0.3461,0.3461,9.0,0.3444,10.0,7828.0,165.0
2021-01-05 09:35:42.160,0.3461,0.3461,9.0,0.3446,10.0,7828.0,165.0
2021-01-05 09:35:42.670,0.3461,0.346,10.0,0.3447,10.0,7828.0,165.0
2021-01-05 09:35:43.190,0.3461,0.3462,12.0,0.3445,10.0,7828.0,165.0
2021-01-05 09:35:43.661,0.3461,0.3461,23.0,0.3446,10.0,7828.0,165.0
2021-01-05 09:35:44.101,0.3461,0.3461,13.0,0.3445,10.0,7828.0,165.0
2021-01-05 09:35:44.600,0.3461,0.3462,2.0,0.3445,10.0,7828.0,165.0
2021-01-05 09:35:45.071,0.3461,0.3462,1.0,0.3446,13.0,7828.0,165.0
2021-01-05 09:35:45.670,0.3461,0.3462,1.0,0.3446,13.0,7828.0,165.0
2021-01-05 09:35:46.170,0.3461,0.3462,1.0,0.3449,10.0,7828.0,165.0
2021-01-05 09:35:46.700,0.3461,0.3467,10.0,0.3449,10.0,7828.0,165.0
2021-01-05 09:35:47.201,0.3461,0.347,20.0,0.345,13.0,7828.0,165.0
2021-01-05 09:35:47.691,0.3461,0.347,20.0,0.3453,10.0,7828.0,165.0
2021-01-05 09:35:48.181,0.3461,0.3469,1.0,0.3453,10.0,7828.0,165.0
2021-01-05 09:35:48.700,0.3461,0.3469,1.0,0.345,30.0,7828.0,165.0
2021-01-05 09:35:49.180,0.3461,0.3469,1.0,0.3454,10.0,7828.0,165.0
2021-01-05 09:35:49.701,0.3461,0.3469,1.0,0.3454,10.0,7828.0,165.0
2021-01-05 09:35:50.121,0.3461,0.3469,1.0,0.3455,13.0,7828.0,165.0
2021-01-05 09:35:50.680,0.3461,0.3469,1.0,0.3456,10.0,7828.0,165.0
2021-01-05 09:35:51.710,0.3461,0.3469,11.0,0.3457,10.0,7828.0,165.0
2021-01-05 09:35:52.190,0.3461,0.3469,24.0,0.3457,10.0,7828.0,165.0
2021-01-05 09:35:53.111,0.3461,0.3469,1.0,0.3457,10.0,7828.0,165.0
2021-01-05 09:35:54.161,0.3461,0.3469,11.0,0.3457,10.0,7828.0,165.0
2021-01-05 09:35:54.640,0.3461,0.3469,1.0,0.3457,10.0,7828.0,165.0
2021-01-05 09:35:55.181,0.3461,0.3468,13.0,0.3448,10.0,7828.0,165.0
2021-01-05 09:35:55.381,0.3461,0.3468,13.0,0.3448,10.0,7828.0,165.0
2021-01-05 09:35:56.121,0.3461,0.3468,13.0,0.3455,10.0,7828.0,165.0
2021-01-05 09:35:56.690,0.3461,0.3468,13.0,0.3455,10.0,7828.0,165.0
2021-01-05 09:35:57.681,0.3461,0.3467,10.0,0.3455,10.0,7828.0,165.0
2021-01-05 09:35:58.150,0.3461,0.3467,10.0,0.3455,10.0,7828.0,165.0
2021-01-05 09:35:59.160,0.3461,0.3469,2.0,0.3455,10.0,7828.0,165.0
2021-01-05 09:36:00.201,0.3461,0.3469,2.0,0.3455,10.0,7828.0,165.0
2021-01-05 09:36:00.680,0.3461,0.3469,1.0,0.3456,13.0,7828.0,165.0
2021-01-05 09:36:01.181,0.3461,0.3475,30.0,0.3456,13.0,7828.0,165.0
2021-01-05 09:36:01.671,0.3461,0.3474,14.0,0.3456,13.0,7828.0,165.0
2021-01-05 09:36:02.170,0.3461,0.3473,10.0,0.3457,10.0,7828.0,165.0
2021-01-05 09:36:02.701,0.3461,0.3473,1.0,0.3456,10.0,7828.0,165.0
2021-01-05 09:36:03.150,0.3461,0.3472,13.0,0.3456,10.0,7828.0,165.0
2021-01-05 09:36:03.700,0.3461,0.3472,13.0,0.3456,10.0,7828.0,165.0
2021-01-05 09:36:04.201,0.3461,0.3472,13.0,0.3456,10.0,7828.0,165.0
2021-01-05 09:36:04.670,0.3461,0.3471,10.0,0.3456,10.0,7828.0,165.0
2021-01-05 09:36:05.150,0.3461,0.3471,20.0,0.3456,10.0,7828.0,165.0
2021-01-05 09:36:05.690,0.3461,0.347,13.0,0.3456,10.0,7828.0,165.0
2021-01-05 09:36:06.700,0.3461,0.347,13.0,0.3456,10.0,7828.0,165.0
2021-01-05 09:36:06.940,0.3461,0.347,13.0,0.3456,10.0,7828.0,165.0
2021-01-05 09:36:07.640,0.3461,0.347,13.0,0.3456,10.0,7828.0,165.0
2021-01-05 09:36:09.161,0.3461,0.3469,10.0,0.3456,10.0,7828.0,165.0
2021-01-05 09:36:09.691,0.3461,0.3469,10.0,0.3456,10.0,7828.0,165.0
2021-01-05 09:36:10.101,0.3461,0.3468,13.0,0.3455,10.0,7828.0,165.0
2021-01-05 09:36:10.671,0.3461,0.3468,13.0,0.3454,10.0,7828.0,165.0
2021-01-05 09:36:11.180,0.3461,0.3468,13.0,0.3453,10.0,7828.0,165.0
2021-01-05 09:36:11.651,0.3461,0.3468,13.0,0.3457,10.0,7828.0,165.0
2021-01-05 09:36:12.690,0.3461,0.347,10.0,0.3456,10.0,7828.0,165.0
2021-01-05 09:36:13.190,0.3461,0.3469,13.0,0.3456,10.0,7828.0,165.0
2021-01-05 09:36:14.150,0.3461,0.3469,13.0,0.3456,10.0,7828.0,165.0
2021-01-05 09:36:14.690,0.3461,0.3469,13.0,0.3456,10.0,7828.0,165.0
2021-01-05 09:36:15.170,0.3461,0.3469,23.0,0.3456,10.0,7828.0,165.0
2021-01-05 09:36:18.680,0.3461,0.3469,23.0,0.3455,10.0,7828.0,165.0
2021-01-05 09:36:19.151,0.3461,0.3469,23.0,0.3457,10.0,7828.0,165.0
2021-01-05 09:36:19.691,0.3461,0.3469,23.0,0.3455,10.0,7828.0,165.0
2021-01-05 09:36:21.120,0.3461,0.3469,33.0,0.3454,10.0,7828.0,165.0
2021-01-05 09:36:21.691,0.3461,0.3469,33.0,0.3453,10.0,7828.0,165.0
2021-01-05 09:36:22.171,0.3461,0.3469,33.0,0.3455,10.0,7828.0,165.0
2021-01-05 09:36:22.680,0.3461,0.3469,33.0,0.3454,10.0,7828.0,165.0
2021-01-05 09:36:23.191,0.3461,0.3469,23.0,0.3455,10.0,7828.0,165.0
2021-01-05 09:36:23.681,0.3461,0.3469,23.0,0.3455,10.0,7828.0,165.0
2021-01-05 09:36:24.171,0.3461,0.347,10.0,0.3455,10.0,7828.0,165.0
2021-01-05 09:36:25.191,0.3461,0.3471,20.0,0.3455,10.0,7828.0,165.0
2021-01-05 09:36:25.650,0.3461,0.3469,10.0,0.3455,23.0,7828.0,165.0
2021-01-05 09:36:26.171,0.3461,0.3469,10.0,0.3455,23.0,7828.0,165.0
2021-01-05 09:36:26.651,0.3461,0.3471,30.0,0.3455,10.0,7828.0,165.0
2021-01-05 09:36:27.070,0.3461,0.3471,30.0,0.3456,13.0,7828.0,165.0
2021-01-05 09:36:27.690,0.3461,0.3471,20.0,0.3456,13.0,7828.0,165.0
2021-01-05 09:36:28.190,0.3461,0.3473,1.0,0.3456,13.0,7828.0,165.0
2021-01-05 09:36:28.681,0.3461,0.3473,1.0,0.3456,13.0,7828.0,165.0
2021-01-05 09:36:29.171,0.3461,0.3479,10.0,0.3457,10.0,7828.0,165.0
2021-01-05 09:36:29.590,0.3461,0.3479,30.0,0.3457,10.0,7828.0,165.0
2021-01-05 09:36:30.161,0.3461,0.3479,30.0,0.346,10.0,7828.0,165.0
2021-01-05 09:36:30.700,0.3461,0.3479,20.0,0.346,10.0,7828.0,165.0
2021-01-05 09:36:31.690,0.3461,0.3478,1.0,0.346,10.0,7828.0,165.0
2021-01-05 09:36:32.130,0.3461,0.3478,1.0,0.3461,13.0,7828.0,165.0
2021-01-05 09:36:33.200,0.3461,0.3478,11.0,0.3461,23.0,7828.0,165.0
2021-01-05 09:36:33.670,0.3461,0.3478,11.0,0.3462,10.0,7828.0,165.0
2021-01-05 09:36:34.091,0.3461,0.3478,1.0,0.3461,10.0,7828.0,165.0
2021-01-05 09:36:35.150,0.3461,0.3477,10.0,0.3462,13.0,7828.0,165.0
2021-01-05 09:36:35.701,0.3461,0.3478,11.0,0.3462,13.0,7828.0,165.0
2021-01-05 09:36:36.191,0.3461,0.3478,1.0,0.3462,13.0,7828.0,165.0
2021-01-05 09:36:36.700,0.3461,0.3478,1.0,0.3463,20.0,7828.0,165.0
2021-01-05 09:36:37.190,0.3461,0.3478,1.0,0.3463,10.0,7828.0,165.0
2021-01-05 09:36:37.691,0.3461,0.3478,1.0,0.3464,13.0,7828.0,165.0
2021-01-05 09:36:38.120,0.3461,0.3478,1.0,0.3464,23.0,7828.0,165.0
2021-01-05 09:36:40.191,0.3478,0.3478,5.0,0.3464,23.0,7834.0,171.0
2021-01-05 09:36:40.700,0.3478,0.3479,20.0,0.3464,23.0,7834.0,171.0
2021-01-05 09:36:41.201,0.3478,0.3479,20.0,0.3464,23.0,7834.0,171.0
2021-01-05 09:36:41.641,0.3478,0.3479,43.0,0.3464,10.0,7834.0,171.0
2021-01-05 09:36:42.200,0.3478,0.3479,20.0,0.3464,10.0,7834.0,171.0
2021-01-05 09:36:42.690,0.3478,0.3479,43.0,0.3464,10.0,7834.0,171.0
2021-01-05 09:36:43.111,0.3478,0.3479,33.0,0.3464,10.0,7834.0,171.0
2021-01-05 09:36:43.700,0.3478,0.3479,33.0,0.3464,20.0,7834.0,171.0
2021-01-05 09:36:44.200,0.3478,0.3479,20.0,0.3464,20.0,7834.0,171.0
2021-01-05 09:36:44.680,0.3478,0.3479,20.0,0.3464,33.0,7834.0,171.0
2021-01-05 09:36:45.191,0.3478,0.3479,20.0,0.3468,10.0,7834.0,171.0
2021-01-05 09:36:45.631,0.3478,0.3484,30.0,0.3468,23.0,7834.0,171.0
2021-01-05 09:36:46.190,0.3478,0.3486,10.0,0.3471,10.0,7834.0,171.0
2021-01-05 09:36:46.190,0.3478,0.3487,30.0,0.3472,13.0,7834.0,171.0
2021-01-05 09:36:47.130,0.3478,0.3487,21.0,0.3474,10.0,7834.0,171.0
2021-01-05 09:36:47.660,0.3478,0.3488,10.0,0.3474,10.0,7834.0,171.0
2021-01-05 09:36:48.130,0.3478,0.3488,10.0,0.3478,10.0,7834.0,171.0
2021-01-05 09:36:48.630,0.3478,0.3487,10.0,0.3474,20.0,7834.0,171.0
2021-01-05 09:36:49.170,0.3478,0.3487,1.0,0.3478,10.0,7834.0,171.0
2021-01-05 09:36:50.190,0.3478,0.3488,1.0,0.3478,10.0,7834.0,171.0
2021-01-05 09:36:50.670,0.3478,0.3488,1.0,0.3478,10.0,7834.0,171.0
2021-01-05 09:36:51.171,0.3478,0.3488,1.0,0.3476,10.0,7834.0,171.0
2021-01-05 09:36:51.671,0.3478,0.3488,1.0,0.3479,10.0,7834.0,171.0
2021-01-05 09:36:52.180,0.3478,0.3491,30.0,0.3479,10.0,7834.0,171.0
2021-01-05 09:36:53.191,0.3478,0.349,1.0,0.3479,10.0,7834.0,171.0
2021-01-05 09:36:53.631,0.3478,0.3491,20.0,0.3479,10.0,7834.0,171.0
2021-01-05 09:36:54.120,0.3478,0.349,10.0,0.3478,10.0,7834.0,171.0
2021-01-05 09:36:54.631,0.3478,0.349,23.0,0.3476,10.0,7834.0,171.0
2021-01-05 09:36:55.141,0.3478,0.349,10.0,0.3478,10.0,7834.0,171.0
2021-01-05 09:36:55.651,0.3478,0.3489,13.0,0.3476,9.0,7834.0,172.0
2021-01-05 09:36:56.141,0.3478,0.3489,23.0,0.3475,10.0,7834.0,172.0
2021-01-05 09:36:56.691,0.3478,0.3489,23.0,0.3477,10.0,7834.0,172.0
2021-01-05 09:36:57.630,0.3478,0.3488,10.0,0.3474,10.0,7834.0,172.0
2021-01-05 09:36:58.160,0.3478,0.3488,10.0,0.3474,10.0,7834.0,172.0
2021-01-05 09:36:58.431,0.3478,0.3487,13.0,0.3474,10.0,7834.0,172.0
2021-01-05 09:36:59.081,0.3478,0.3487,20.0,0.3474,10.0,7834.0,172.0
2021-01-05 09:36:59.690,0.3478,0.3487,20.0,0.3474,23.0,7834.0,172.0
2021-01-05 09:37:00.151,0.3478,0.3489,1.0,0.3474,10.0,7834.0,172.0
2021-01-05 09:37:00.700,0.3478,0.3491,30.0,0.3475,13.0,7834.0,172.0
2021-01-05 09:37:01.081,0.3478,0.3491,30.0,0.3475,13.0,7834.0,172.0
2021-01-05 09:37:01.081,0.3478,0.3489,10.0,0.3474,20.0,7834.0,172.0
2021-01-05 09:37:02.191,0.3478,0.349,1.0,0.3475,10.0,7834.0,172.0
2021-01-05 09:37:02.640,0.3478,0.3489,13.0,0.3474,20.0,7834.0,172.0
2021-01-05 09:37:03.151,0.3478,0.3489,13.0,0.3476,10.0,7834.0,172.0
2021-01-05 09:37:03.630,0.3478,0.3488,10.0,0.3474,20.0,7834.0,172.0
2021-01-05 09:37:04.200,0.3478,0.3488,20.0,0.3474,10.0,7834.0,172.0
2021-01-05 09:37:04.690,0.3478,0.3487,13.0,0.3472,10.0,7834.0,172.0
2021-01-05 09:37:05.140,0.3478,0.3487,13.0,0.3472,10.0,7834.0,172.0
2021-01-05 09:37:05.701,0.3478,0.3486,10.0,0.3469,10.0,7834.0,172.0
2021-01-05 09:37:06.171,0.3478,0.3486,10.0,0.3469,10.0,7834.0,172.0
2021-01-05 09:37:06.700,0.3478,0.3485,13.0,0.3467,10.0,7834.0,172.0
2021-01-05 09:37:07.180,0.3478,0.3485,23.0,0.3468,10.0,7834.0,172.0
2021-01-05 09:37:07.681,0.3478,0.3484,10.0,0.3467,10.0,7834.0,172.0
2021-01-05 09:37:08.200,0.3478,0.3485,10.0,0.3469,10.0,7834.0,172.0
2021-01-05 09:37:08.630,0.3478,0.3486,10.0,0.3468,10.0,7834.0,172.0
2021-01-05 09:37:09.170,0.3478,0.3488,10.0,0.3469,13.0,7834.0,172.0
2021-01-05 09:37:09.660,0.3478,0.3488,10.0,0.3469,13.0,7834.0,172.0
2021-01-05 09:37:10.121,0.3478,0.3488,33.0,0.347,10.0,7834.0,172.0
2021-01-05 09:37:10.701,0.3478,0.3485,10.0,0.3469,10.0,7834.0,172.0
2021-01-05 09:37:11.201,0.3478,0.3484,13.0,0.3469,10.0,7834.0,172.0
2021-01-05 09:37:11.700,0.3478,0.3484,13.0,0.3469,10.0,7834.0,172.0
2021-01-05 09:37:12.131,0.3478,0.3485,30.0,0.3469,10.0,7834.0,172.0
2021-01-05 09:37:12.261,0.3478,0.3483,10.0,0.3467,10.0,7834.0,172.0
2021-01-05 09:37:13.181,0.3478,0.3483,10.0,0.3467,13.0,7834.0,172.0
2021-01-05 09:37:13.681,0.3478,0.3482,13.0,0.3469,10.0,7834.0,172.0
2021-01-05 09:37:14.171,0.3478,0.3482,13.0,0.347,13.0,7834.0,172.0
2021-01-05 09:37:14.651,0.3478,0.3483,30.0,0.347,13.0,7834.0,172.0
2021-01-05 09:37:15.160,0.3478,0.3483,20.0,0.347,23.0,7834.0,172.0
2021-01-05 09:37:15.671,0.3478,0.3483,20.0,0.347,23.0,7834.0,172.0
2021-01-05 09:37:16.461,0.3478,0.3482,10.0,0.347,13.0,7834.0,172.0
2021-01-05 09:37:17.200,0.3478,0.3483,30.0,0.3471,10.0,7834.0,172.0
2021-01-05 09:37:17.671,0.3478,0.3482,13.0,0.347,10.0,7834.0,172.0
2021-01-05 09:37:18.710,0.3478,0.3482,13.0,0.3472,10.0,7834.0,172.0
2021-01-05 09:37:18.891,0.3478,0.3483,20.0,0.3472,13.0,7834.0,172.0
2021-01-05 09:37:19.711,0.3478,0.3483,33.0,0.3473,10.0,7834.0,172.0
2021-01-05 09:37:20.211,0.3478,0.3487,11.0,0.3472,10.0,7834.0,172.0
2021-01-05 09:37:20.691,0.3478,0.3486,13.0,0.3473,13.0,7834.0,172.0
2021-01-05 09:37:21.200,0.3478,0.3484,10.0,0.3472,10.0,7834.0,172.0
2021-01-05 09:37:21.701,0.3478,0.3482,10.0,0.347,10.0,7834.0,172.0
2021-01-05 09:37:22.030,0.3478,0.3481,13.0,0.3471,10.0,7834.0,172.0
2021-01-05 09:37:23.150,0.3478,0.3481,23.0,0.3469,10.0,7834.0,172.0
2021-01-05 09:37:23.661,0.3478,0.3481,13.0,0.347,10.0,7834.0,172.0
2021-01-05 09:37:24.080,0.3478,0.3481,13.0,0.3471,10.0,7834.0,172.0
2021-01-05 09:37:24.631,0.3478,0.3481,13.0,0.347,10.0,7834.0,172.0
2021-01-05 09:37:25.200,0.3478,0.3481,13.0,0.3472,10.0,7834.0,172.0
2021-01-05 09:37:25.670,0.3478,0.3483,20.0,0.3471,10.0,7834.0,172.0
2021-01-05 09:37:26.170,0.3478,0.3482,13.0,0.3471,10.0,7834.0,172.0
2021-01-05 09:37:26.650,0.3478,0.3481,10.0,0.3469,10.0,7834.0,172.0
2021-01-05 09:37:27.130,0.3478,0.3483,20.0,0.3471,10.0,7834.0,172.0
2021-01-05 09:37:27.551,0.3478,0.3482,13.0,0.3471,10.0,7834.0,172.0
2021-01-05 09:37:28.151,0.3478,0.3482,23.0,0.3469,10.0,7834.0,172.0
2021-01-05 09:37:28.560,0.3478,0.3482,23.0,0.3469,23.0,7834.0,172.0
2021-01-05 09:37:29.130,0.3478,0.3482,13.0,0.3469,10.0,7834.0,172.0
2021-01-05 09:37:29.691,0.3478,0.3482,13.0,0.347,13.0,7834.0,172.0
2021-01-05 09:37:30.191,0.3478,0.348,10.0,0.3467,20.0,7834.0,172.0
2021-01-05 09:37:30.590,0.3478,0.348,20.0,0.347,10.0,7834.0,172.0
2021-01-05 09:37:31.190,0.3478,0.3479,1.0,0.3469,10.0,7834.0,172.0
2021-01-05 09:37:31.691,0.3478,0.3479,1.0,0.347,13.0,7834.0,172.0
2021-01-05 09:37:31.950,0.3478,0.3479,1.0,0.347,13.0,7834.0,172.0
2021-01-05 09:37:32.651,0.3478,0.348,20.0,0.347,13.0,7834.0,172.0
2021-01-05 09:37:33.180,0.3478,0.3488,20.0,0.347,13.0,7834.0,172.0
2021-01-05 09:37:33.681,0.3478,0.3486,10.0,0.347,13.0,7834.0,172.0
2021-01-05 09:37:34.200,0.3478,0.3485,10.0,0.347,13.0,7834.0,172.0
2021-01-05 09:37:35.170,0.3478,0.3484,10.0,0.3469,24.0,7834.0,172.0
2021-01-05 09:37:35.650,0.3478,0.3482,10.0,0.3469,10.0,7834.0,172.0
2021-01-05 09:37:36.140,0.3478,0.3484,30.0,0.347,13.0,7834.0,172.0
2021-01-05 09:37:36.671,0.3478,0.3482,10.0,0.347,13.0,7834.0,172.0
2021-01-05 09:37:37.180,0.3478,0.3482,23.0,0.347,13.0,7834.0,172.0
2021-01-05 09:37:37.691,0.3478,0.3482,10.0,0.347,13.0,7834.0,172.0
2021-01-05 09:37:38.161,0.3478,0.3481,13.0,0.347,13.0,7834.0,172.0
2021-01-05 09:37:38.651,0.3478,0.3481,13.0,0.3467,10.0,7834.0,172.0
2021-01-05 09:37:39.170,0.3478,0.3481,13.0,0.3467,10.0,7834.0,172.0
2021-01-05 09:37:39.641,0.3478,0.3481,13.0,0.3465,10.0,7834.0,172.0
2021-01-05 09:37:40.161,0.3478,0.3481,13.0,0.3466,13.0,7834.0,172.0
2021-01-05 09:37:40.701,0.3478,0.348,10.0,0.3466,13.0,7834.0,172.0
2021-01-05 09:37:41.131,0.3478,0.348,20.0,0.3466,23.0,7834.0,172.0
2021-01-05 09:37:41.660,0.3478,0.3479,13.0,0.3466,13.0,7834.0,172.0
2021-01-05 09:37:42.130,0.3478,0.3479,14.0,0.3466,23.0,7834.0,172.0
2021-01-05 09:37:43.181,0.3478,0.3479,14.0,0.3466,10.0,7834.0,172.0
2021-01-05 09:37:43.671,0.3478,0.3479,14.0,0.3464,10.0,7834.0,172.0
2021-01-05 09:37:44.190,0.3478,0.3479,14.0,0.3464,23.0,7834.0,172.0
2021-01-05 09:37:44.651,0.3478,0.3478,10.0,0.3463,10.0,7834.0,172.0
2021-01-05 09:37:45.191,0.3478,0.3477,13.0,0.3463,10.0,7834.0,172.0
2021-01-05 09:37:45.191,0.3478,0.3477,13.0,0.3462,10.0,7834.0,172.0
2021-01-05 09:37:46.601,0.3478,0.3476,10.0,0.3461,20.0,7834.0,172.0
2021-01-05 09:37:47.210,0.3478,0.3477,10.0,0.3462,23.0,7834.0,172.0
2021-01-05 09:37:47.661,0.3478,0.3477,10.0,0.3462,23.0,7834.0,172.0
2021-01-05 09:37:48.201,0.3478,0.3477,10.0,0.3462,23.0,7834.0,172.0
2021-01-05 09:37:48.700,0.3478,0.3477,23.0,0.3462,23.0,7834.0,172.0
2021-01-05 09:37:49.190,0.3478,0.3477,10.0,0.3462,23.0,7834.0,172.0
2021-01-05 09:37:49.670,0.3478,0.3477,23.0,0.3462,13.0,7834.0,172.0
2021-01-05 09:37:50.220,0.3478,0.3477,10.0,0.3463,10.0,7834.0,172.0
2021-01-05 09:37:50.721,0.3478,0.3477,10.0,0.3463,10.0,7834.0,172.0
2021-01-05 09:37:51.100,0.3478,0.3477,10.0,0.3464,13.0,7834.0,172.0
2021-01-05 09:37:51.691,0.3478,0.3479,11.0,0.3464,13.0,7834.0,172.0
2021-01-05 09:37:52.191,0.3478,0.3476,10.0,0.3464,13.0,7834.0,172.0
2021-01-05 09:37:52.660,0.3478,0.3479,10.0,0.3465,10.0,7834.0,172.0
2021-01-05 09:37:53.161,0.3478,0.3479,10.0,0.3465,10.0,7834.0,172.0
2021-01-05 09:37:53.620,0.3478,0.3479,10.0,0.3466,13.0,7834.0,172.0
2021-01-05 09:37:54.170,0.3478,0.3477,10.0,0.3466,13.0,7834.0,172.0
2021-01-05 09:37:55.190,0.3478,0.3477,10.0,0.3464,10.0,7834.0,172.0
2021-01-05 09:37:56.121,0.3478,0.3477,10.0,0.3464,10.0,7834.0,172.0
2021-01-05 09:37:56.611,0.3478,0.3477,10.0,0.3465,13.0,7834.0,172.0
2021-01-05 09:37:57.170,0.3478,0.3476,13.0,0.3465,13.0,7834.0,172.0
2021-01-05 09:37:57.601,0.3478,0.3475,10.0,0.3461,10.0,7834.0,172.0
2021-01-05 09:37:58.100,0.3478,0.3476,30.0,0.3462,13.0,7834.0,172.0
2021-01-05 09:37:58.640,0.3478,0.3475,13.0,0.3462,13.0,7834.0,172.0
2021-01-05 09:37:59.161,0.3478,0.3475,13.0,0.3463,10.0,7834.0,172.0
2021-01-05 09:38:00.100,0.3478,0.3476,30.0,0.3464,13.0,7834.0,172.0
2021-01-05 09:38:00.680,0.3478,0.3476,30.0,0.3464,13.0,7834.0,172.0
2021-01-05 09:38:01.180,0.3478,0.3476,10.0,0.3464,13.0,7834.0,172.0
2021-01-05 09:38:01.681,0.3478,0.3476,23.0,0.3464,13.0,7834.0,172.0
2021-01-05 09:38:02.181,0.3478,0.3477,10.0,0.3465,10.0,7834.0,172.0
2021-01-05 09:38:02.680,0.3478,0.3476,10.0,0.3464,10.0,7834.0,172.0
2021-01-05 09:38:03.191,0.3478,0.3476,10.0,0.3464,10.0,7834.0,172.0
2021-01-05 09:38:03.691,0.3478,0.3476,10.0,0.3465,13.0,7834.0,172.0
2021-01-05 09:38:04.090,0.3478,0.348,20.0,0.3465,14.0,7834.0,172.0
2021-01-05 09:38:04.680,0.3478,0.3478,10.0,0.3465,14.0,7834.0,172.0
2021-01-05 09:38:05.181,0.3478,0.348,10.0,0.3466,10.0,7834.0,172.0
2021-01-05 09:38:05.621,0.3478,0.348,10.0,0.3467,13.0,7834.0,172.0
2021-01-05 09:38:06.151,0.3478,0.3479,13.0,0.3467,13.0,7834.0,172.0
2021-01-05 09:38:06.691,0.3478,0.3479,10.0,0.3467,23.0,7834.0,172.0
2021-01-05 09:38:07.200,0.3478,0.3482,1.0,0.3467,23.0,7834.0,172.0
2021-01-05 09:38:07.690,0.3478,0.3482,1.0,0.347,14.0,7834.0,172.0
2021-01-05 09:38:08.151,0.3478,0.3483,10.0,0.347,14.0,7834.0,172.0
2021-01-05 09:38:09.160,0.3478,0.3487,10.0,0.347,24.0,7834.0,172.0
2021-01-05 09:38:09.611,0.3478,0.3487,10.0,0.3471,10.0,7834.0,172.0
2021-01-05 09:38:10.180,0.3478,0.3488,10.0,0.3474,14.0,7834.0,172.0
2021-01-05 09:38:10.670,0.3478,0.3489,10.0,0.3474,14.0,7834.0,172.0
2021-01-05 09:38:11.141,0.3478,0.3487,10.0,0.3474,14.0,7834.0,172.0
2021-01-05 09:38:11.701,0.3478,0.3489,10.0,0.3474,14.0,7834.0,172.0
2021-01-05 09:38:11.701,0.3478,0.3484,10.0,0.3473,10.0,7834.0,172.0
2021-01-05 09:38:12.531,0.3478,0.3489,24.0,0.3475,10.0,7834.0,172.0
2021-01-05 09:38:13.110,0.3478,0.349,10.0,0.3475,10.0,7834.0,172.0
2021-01-05 09:38:13.690,0.3478,0.3489,13.0,0.3476,13.0,7834.0,172.0
2021-01-05 09:38:14.141,0.3478,0.3492,10.0,0.3477,10.0,7834.0,172.0
2021-01-05 09:38:14.691,0.3478,0.3493,10.0,0.3476,24.0,7834.0,172.0
2021-01-05 09:38:15.150,0.3478,0.3495,10.0,0.3476,24.0,7834.0,172.0
2021-01-05 09:38:15.150,0.3478,0.3495,13.0,0.3478,10.0,7834.0,172.0
2021-01-05 09:38:16.210,0.3478,0.3495,10.0,0.3479,13.0,7834.0,172.0
2021-01-05 09:38:16.731,0.3478,0.3494,13.0,0.3479,23.0,7834.0,172.0
2021-01-05 09:38:17.190,0.3478,0.3494,13.0,0.3479,13.0,7834.0,172.0
2021-01-05 09:38:18.231,0.3478,0.3495,10.0,0.348,10.0,7834.0,172.0
2021-01-05 09:38:18.660,0.3478,0.3494,13.0,0.3481,13.0,7834.0,172.0
2021-01-05 09:38:19.190,0.3478,0.3497,14.0,0.3481,23.0,7834.0,172.0
2021-01-05 09:38:19.670,0.3478,0.3497,14.0,0.3481,13.0,7834.0,172.0
2021-01-05 09:38:20.231,0.3478,0.3497,14.0,0.3482,10.0,7834.0,172.0
2021-01-05 09:38:20.671,0.3478,0.3499,10.0,0.3482,10.0,7834.0,172.0
2021-01-05 09:38:21.240,0.3478,0.3498,13.0,0.3483,13.0,7834.0,172.0
2021-01-05 09:38:21.670,0.3478,0.3502,24.0,0.3487,10.0,7834.0,172.0
2021-01-05 09:38:22.210,0.3478,0.3502,14.0,0.349,10.0,7834.0,172.0
2021-01-05 09:38:22.531,0.3478,0.3504,10.0,0.3491,13.0,7834.0,172.0
2021-01-05 09:38:23.201,0.3478,0.3505,10.0,0.3491,13.0,7834.0,172.0
2021-01-05 09:38:23.681,0.3478,0.3505,10.0,0.3492,10.0,7834.0,172.0
2021-01-05 09:38:24.141,0.3478,0.3507,14.0,0.3493,10.0,7834.0,172.0
2021-01-05 09:38:24.671,0.3478,0.3508,20.0,0.3494,23.0,7834.0,172.0
2021-01-05 09:38:25.101,0.3478,0.3507,23.0,0.3494,13.0,7834.0,172.0
2021-01-05 09:38:25.700,0.3478,0.3507,23.0,0.3495,10.0,7834.0,172.0
2021-01-05 09:38:26.100,0.3478,0.3507,13.0,0.3494,20.0,7834.0,172.0
2021-01-05 09:38:26.701,0.3478,0.3507,13.0,0.3495,13.0,7834.0,172.0
2021-01-05 09:38:27.691,0.3478,0.3507,13.0,0.3494,10.0,7834.0,172.0
2021-01-05 09:38:28.171,0.3478,0.3507,13.0,0.3496,10.0,7834.0,172.0
2021-01-05 09:38:28.680,0.3478,0.3507,13.0,0.3497,10.0,7834.0,172.0
2021-01-05 09:38:29.191,0.3478,0.3507,13.0,0.3496,10.0,7834.0,172.0
2021-01-05 09:38:29.621,0.3478,0.3507,13.0,0.3496,23.0,7834.0,172.0
2021-01-05 09:38:30.190,0.3478,0.3512,10.0,0.3496,10.0,7834.0,172.0
2021-01-05 09:38:30.670,0.3478,0.3509,10.0,0.3496,10.0,7834.0,172.0
2021-01-05 09:38:31.181,0.3478,0.3511,10.0,0.3496,10.0,7834.0,172.0
2021-01-05 09:38:31.700,0.3478,0.3512,10.0,0.3496,10.0,7834.0,172.0
2021-01-05 09:38:32.171,0.3478,0.3511,13.0,0.3497,13.0,7834.0,172.0
2021-01-05 09:38:32.701,0.3478,0.3511,13.0,0.3497,13.0,7834.0,172.0
2021-01-05 09:38:33.191,0.3478,0.3517,10.0,0.3497,13.0,7834.0,172.0
2021-01-05 09:38:33.700,0.3478,0.3516,13.0,0.3498,20.0,7834.0,172.0
2021-01-05 09:38:34.201,0.3478,0.3524,10.0,0.3501,14.0,7834.0,172.0
2021-01-05 09:38:35.200,0.3478,0.3523,13.0,0.351,10.0,7834.0,172.0
2021-01-05 09:38:35.700,0.3478,0.3527,10.0,0.3511,13.0,7834.0,172.0
2021-01-05 09:38:36.130,0.3478,0.3525,10.0,0.3511,23.0,7834.0,172.0
2021-01-05 09:38:36.691,0.3478,0.3527,10.0,0.3512,10.0,7834.0,172.0
2021-01-05 09:38:37.160,0.3478,0.3528,10.0,0.3511,20.0,7834.0,172.0
2021-01-05 09:38:37.680,0.3478,0.3533,10.0,0.3516,10.0,7834.0,172.0
2021-01-05 09:38:38.161,0.3478,0.3529,10.0,0.3517,13.0,7834.0,172.0
2021-01-05 09:38:38.601,0.3478,0.3533,10.0,0.3517,13.0,7834.0,172.0
2021-01-05 09:38:39.161,0.3478,0.3533,10.0,0.3517,14.0,7834.0,172.0
2021-01-05 09:38:39.661,0.3478,0.3533,10.0,0.3517,14.0,7834.0,172.0
2021-01-05 09:38:40.141,0.3478,0.3537,20.0,0.3525,10.0,7834.0,172.0
2021-01-05 09:38:40.591,0.3478,0.3541,10.0,0.3526,23.0,7834.0,172.0
2021-01-05 09:38:41.190,0.3478,0.3541,23.0,0.3526,13.0,7834.0,172.0
2021-01-05 09:38:41.580,0.3478,0.3544,10.0,0.3527,10.0,7834.0,172.0
2021-01-05 09:38:42.191,0.3478,0.3541,10.0,0.3526,10.0,7834.0,172.0
2021-01-05 09:38:42.700,0.3478,0.3544,10.0,0.3527,13.0,7834.0,172.0
2021-01-05 09:38:43.190,0.3478,0.3543,23.0,0.3527,13.0,7834.0,172.0
2021-01-05 09:38:43.620,0.3478,0.3543,13.0,0.3528,10.0,7834.0,172.0
2021-01-05 09:38:44.200,0.3478,0.3543,13.0,0.3527,10.0,7834.0,172.0
2021-01-05 09:38:44.690,0.3478,0.3543,23.0,0.3527,10.0,7834.0,172.0
2021-01-05 09:38:45.201,0.3478,0.3543,13.0,0.3527,10.0,7834.0,172.0
2021-01-05 09:38:45.580,0.3478,0.3542,10.0,0.3527,10.0,7834.0,172.0
2021-01-05 09:38:46.200,0.3478,0.3543,10.0,0.3527,10.0,7834.0,172.0
2021-01-05 09:38:46.631,0.3478,0.3542,13.0,0.3528,13.0,7834.0,172.0
2021-01-05 09:38:47.140,0.3528,0.3542,13.0,0.3527,10.0,7834.0,173.0
2021-01-05 09:38:47.691,0.3543,0.3543,3.0,0.3527,10.0,7834.0,193.0
2021-01-05 09:38:48.110,0.3527,0.3541,10.0,0.3526,4.0,7834.0,200.0
2021-01-05 09:38:48.650,0.3527,0.354,13.0,0.3526,4.0,7834.0,200.0
2021-01-05 09:38:49.130,0.3527,0.354,13.0,0.3521,10.0,7834.0,200.0
2021-01-05 09:38:49.670,0.3527,0.3542,44.0,0.3528,10.0,7834.0,200.0
2021-01-05 09:38:50.091,0.3528,0.3542,44.0,0.3526,9.0,7834.0,201.0
2021-01-05 09:38:50.651,0.3528,0.3542,44.0,0.3526,9.0,7834.0,201.0
2021-01-05 09:38:51.170,0.3528,0.3542,20.0,0.3526,10.0,7834.0,201.0
2021-01-05 09:38:51.691,0.3528,0.3545,14.0,0.3527,13.0,7834.0,201.0
2021-01-05 09:38:52.140,0.3528,0.3549,10.0,0.3527,24.0,7834.0,201.0
2021-01-05 09:38:52.630,0.3528,0.3548,13.0,0.3527,24.0,7834.0,201.0
2021-01-05 09:38:53.160,0.3528,0.3549,10.0,0.3527,34.0,7834.0,201.0
2021-01-05 09:38:54.190,0.3528,0.3548,13.0,0.3529,13.0,7834.0,201.0
2021-01-05 09:38:54.690,0.3528,0.3548,13.0,0.3537,10.0,7834.0,201.0
2021-01-05 09:38:55.001,0.3528,0.3548,13.0,0.3534,20.0,7834.0,201.0
2021-01-05 09:38:55.650,0.3528,0.3551,20.0,0.3535,23.0,7834.0,201.0
2021-01-05 09:38:56.190,0.3528,0.3551,10.0,0.3537,14.0,7834.0,201.0
2021-01-05 09:38:56.661,0.3528,0.3552,10.0,0.3537,14.0,7834.0,201.0
2021-01-05 09:38:57.200,0.3528,0.355,10.0,0.3537,14.0,7834.0,201.0
2021-01-05 09:38:57.640,0.3528,0.3553,10.0,0.3537,14.0,7834.0,201.0
2021-01-05 09:38:58.190,0.3528,0.355,10.0,0.3537,24.0,7834.0,201.0
2021-01-05 09:38:58.670,0.3528,0.3551,10.0,0.3537,10.0,7834.0,201.0
2021-01-05 09:38:59.060,0.3538,0.355,13.0,0.3537,10.0,7834.0,206.0
2021-01-05 09:38:59.700,0.3538,0.355,13.0,0.3537,10.0,7834.0,206.0
2021-01-05 09:39:00.601,0.3538,0.3549,10.0,0.3537,10.0,7834.0,206.0
2021-01-05 09:39:01.120,0.3538,0.355,10.0,0.3537,20.0,7834.0,206.0
2021-01-05 09:39:01.700,0.3538,0.3549,13.0,0.3538,13.0,7834.0,206.0
2021-01-05 09:39:02.201,0.3538,0.3549,13.0,0.3538,13.0,7834.0,206.0
2021-01-05 09:39:02.660,0.3538,0.3552,15.0,0.3538,23.0,7834.0,206.0
2021-01-05 09:39:03.150,0.3538,0.3549,10.0,0.3538,13.0,7834.0,206.0
2021-01-05 09:39:03.671,0.3538,0.3548,13.0,0.3538,13.0,7834.0,206.0
2021-01-05 09:39:04.161,0.3538,0.3548,13.0,0.3536,10.0,7834.0,206.0
2021-01-05 09:39:04.610,0.3538,0.3548,13.0,0.3537,13.0,7834.0,206.0
2021-01-05 09:39:05.211,0.3538,0.3548,13.0,0.3537,13.0,7834.0,206.0
2021-01-05 09:39:05.701,0.3538,0.3548,13.0,0.3537,13.0,7834.0,206.0
2021-01-05 09:39:07.200,0.3538,0.3547,10.0,0.3535,20.0,7834.0,206.0
2021-01-05 09:39:07.680,0.3538,0.3548,30.0,0.3536,10.0,7834.0,206.0
2021-01-05 09:39:08.131,0.3538,0.3547,23.0,0.3536,13.0,7834.0,206.0
2021-01-05 09:39:08.690,0.3538,0.3547,13.0,0.3537,10.0,7834.0,206.0
2021-01-05 09:39:09.161,0.3538,0.3547,13.0,0.3536,10.0,7834.0,206.0
2021-01-05 09:39:09.601,0.3538,0.3552,25.0,0.3538,10.0,7834.0,206.0
2021-01-05 09:39:10.191,0.3538,0.3547,10.0,0.3537,10.0,7834.0,206.0
2021-01-05 09:39:10.721,0.3538,0.3551,10.0,0.3538,23.0,7834.0,206.0
2021-01-05 09:39:11.201,0.3538,0.3554,10.0,0.3538,23.0,7834.0,206.0
2021-01-05 09:39:11.701,0.3538,0.3552,10.0,0.3538,23.0,7834.0,206.0
2021-01-05 09:39:12.220,0.3538,0.3551,10.0,0.3538,23.0,7834.0,206.0
2021-01-05 09:39:12.690,0.3538,0.3555,10.0,0.3538,10.0,7834.0,206.0
2021-01-05 09:39:13.161,0.3538,0.3554,13.0,0.3539,13.0,7834.0,206.0
2021-01-05 09:39:13.720,0.3538,0.3553,10.0,0.354,10.0,7834.0,206.0
2021-01-05 09:39:14.160,0.3538,0.3555,20.0,0.3539,20.0,7834.0,206.0
2021-01-05 09:39:15.220,0.3538,0.356,30.0,0.354,14.0,7834.0,206.0
2021-01-05 09:39:15.720,0.3538,0.3559,23.0,0.3541,10.0,7834.0,206.0
2021-01-05 09:39:16.121,0.3538,0.3559,13.0,0.3542,10.0,7834.0,206.0
2021-01-05 09:39:16.711,0.3538,0.3559,13.0,0.3543,13.0,7834.0,206.0
2021-01-05 09:39:17.191,0.3538,0.3559,13.0,0.3544,10.0,7834.0,206.0
2021-01-05 09:39:17.650,0.3538,0.3559,13.0,0.3543,10.0,7834.0,206.0
2021-01-05 09:39:18.221,0.3538,0.3558,10.0,0.3543,10.0,7834.0,206.0
2021-01-05 09:39:18.671,0.3538,0.3558,10.0,0.3543,10.0,7834.0,206.0
2021-01-05 09:39:18.980,0.3538,0.3557,13.0,0.3543,10.0,7834.0,206.0
2021-01-05 09:39:20.221,0.3538,0.3557,13.0,0.3543,10.0,7834.0,206.0
2021-01-05 09:39:20.741,0.3538,0.356,30.0,0.3544,13.0,7834.0,206.0
2021-01-05 09:39:21.231,0.3538,0.3559,10.0,0.3544,13.0,7834.0,206.0
2021-01-05 09:39:21.231,0.3538,0.3558,13.0,0.3545,10.0,7834.0,206.0
2021-01-05 09:39:22.211,0.3538,0.3558,13.0,0.3545,10.0,7834.0,206.0
2021-01-05 09:39:22.651,0.3538,0.356,30.0,0.3546,13.0,7834.0,206.0
2021-01-05 09:39:23.200,0.3538,0.3559,13.0,0.3546,13.0,7834.0,206.0
2021-01-05 09:39:24.151,0.3538,0.356,30.0,0.3547,10.0,7834.0,206.0
2021-01-05 09:39:25.210,0.3538,0.356,43.0,0.3548,13.0,7834.0,206.0
2021-01-05 09:39:25.690,0.3538,0.356,43.0,0.3548,13.0,7834.0,206.0
2021-01-05 09:39:26.130,0.3538,0.356,10.0,0.3548,13.0,7834.0,206.0
2021-01-05 09:39:26.681,0.3538,0.3563,10.0,0.3548,13.0,7834.0,206.0
2021-01-05 09:39:27.210,0.3538,0.3559,10.0,0.3548,13.0,7834.0,206.0
2021-01-05 09:39:27.711,0.3538,0.356,10.0,0.3548,13.0,7834.0,206.0
2021-01-05 09:39:28.220,0.3538,0.3559,10.0,0.3548,13.0,7834.0,206.0
2021-01-05 09:39:28.710,0.3538,0.3559,10.0,0.3548,13.0,7834.0,206.0
2021-01-05 09:39:28.960,0.3538,0.3561,10.0,0.3549,10.0,7834.0,206.0
2021-01-05 09:39:29.721,0.3538,0.3558,10.0,0.3545,10.0,7834.0,206.0
2021-01-05 09:39:30.220,0.3538,0.3558,10.0,0.3542,10.0,7834.0,206.0
2021-01-05 09:39:30.721,0.3538,0.3557,13.0,0.3547,10.0,7834.0,206.0
2021-01-05 09:39:31.121,0.3547,0.3557,13.0,0.354,9.0,7834.0,207.0
2021-01-05 09:39:31.701,0.3547,0.3556,10.0,0.3541,13.0,7834.0,207.0
2021-01-05 09:39:32.141,0.3556,0.3557,9.0,0.3541,13.0,7834.0,208.0
2021-01-05 09:39:32.631,0.3556,0.3556,13.0,0.3542,10.0,7834.0,208.0
2021-01-05 09:39:33.180,0.3556,0.3556,13.0,0.3542,10.0,7834.0,208.0
2021-01-05 09:39:33.530,0.3556,0.3556,13.0,0.3543,13.0,7834.0,208.0
2021-01-05 09:39:34.210,0.3556,0.3555,10.0,0.3543,13.0,7834.0,208.0
2021-01-05 09:39:34.681,0.3556,0.3556,10.0,0.3543,13.0,7834.0,208.0
2021-01-05 09:39:35.171,0.3556,0.3555,13.0,0.3543,13.0,7834.0,208.0
2021-01-05 09:39:35.701,0.3556,0.3554,10.0,0.3543,13.0,7834.0,208.0
2021-01-05 09:39:36.231,0.3556,0.3555,10.0,0.3543,13.0,7834.0,208.0
2021-01-05 09:39:36.660,0.3556,0.3554,13.0,0.3543,13.0,7834.0,208.0
2021-01-05 09:39:37.221,0.3556,0.3554,13.0,0.3537,34.0,7834.0,208.0
2021-01-05 09:39:37.730,0.3556,0.3554,13.0,0.3537,34.0,7834.0,208.0
2021-01-05 09:39:38.650,0.3556,0.3554,13.0,0.3537,24.0,7834.0,208.0
2021-01-05 09:39:39.241,0.3556,0.3553,10.0,0.3537,24.0,7834.0,208.0
2021-01-05 09:39:39.751,0.3556,0.3553,10.0,0.3537,24.0,7834.0,208.0
2021-01-05 09:39:40.200,0.3556,0.3553,23.0,0.3537,24.0,7834.0,208.0
2021-01-05 09:39:41.220,0.3556,0.3553,10.0,0.3534,20.0,7834.0,208.0
2021-01-05 09:39:41.750,0.3556,0.3553,10.0,0.3538,10.0,7834.0,208.0
2021-01-05 09:39:42.210,0.3556,0.3553,10.0,0.3534,20.0,7834.0,208.0
2021-01-05 09:39:42.740,0.3556,0.3552,13.0,0.3535,13.0,7834.0,208.0
2021-01-05 09:39:43.191,0.3556,0.3552,13.0,0.3535,13.0,7834.0,208.0
2021-01-05 09:39:43.570,0.3556,0.3551,10.0,0.3532,14.0,7834.0,208.0
2021-01-05 09:39:44.231,0.3556,0.3551,10.0,0.3532,14.0,7834.0,208.0
2021-01-05 09:39:44.680,0.3556,0.355,13.0,0.3532,24.0,7834.0,208.0
2021-01-05 09:39:45.251,0.3556,0.355,13.0,0.3534,10.0,7834.0,208.0
2021-01-05 09:39:45.750,0.3556,0.355,23.0,0.3534,10.0,7834.0,208.0
2021-01-05 09:39:46.190,0.3556,0.355,13.0,0.3536,10.0,7834.0,208.0
2021-01-05 09:39:46.691,0.3556,0.355,13.0,0.3537,13.0,7834.0,208.0
2021-01-05 09:39:47.250,0.3556,0.355,13.0,0.3537,13.0,7834.0,208.0
2021-01-05 09:39:47.731,0.3556,0.355,23.0,0.3537,23.0,7834.0,208.0
2021-01-05 09:39:48.221,0.3556,0.355,23.0,0.3537,13.0,7834.0,208.0
2021-01-05 09:39:48.720,0.3556,0.355,23.0,0.3537,13.0,7834.0,208.0
2021-01-05 09:39:49.241,0.3556,0.355,23.0,0.3537,13.0,7834.0,208.0
2021-01-05 09:39:49.711,0.3556,0.355,23.0,0.3537,13.0,7834.0,208.0
2021-01-05 09:39:50.710,0.3556,0.355,10.0,0.3537,23.0,7834.0,208.0
2021-01-05 09:39:51.241,0.3556,0.3552,10.0,0.3537,23.0,7834.0,208.0
2021-01-05 09:39:51.730,0.3556,0.3553,10.0,0.3539,14.0,7834.0,208.0
2021-01-05 09:39:52.251,0.3556,0.3553,10.0,0.3539,14.0,7834.0,208.0
2021-01-05 09:39:52.670,0.3556,0.3553,23.0,0.3539,24.0,7834.0,208.0
2021-01-05 09:39:53.181,0.3556,0.3553,10.0,0.3539,10.0,7834.0,208.0
2021-01-05 09:39:53.630,0.3556,0.3552,13.0,0.3535,10.0,7834.0,208.0
2021-01-05 09:39:54.191,0.3556,0.3552,13.0,0.3536,23.0,7834.0,208.0
2021-01-05 09:39:54.691,0.3556,0.3551,10.0,0.3536,33.0,7834.0,208.0
2021-01-05 09:39:55.181,0.3556,0.3552,10.0,0.3537,10.0,7834.0,208.0
2021-01-05 09:39:55.640,0.3556,0.3552,10.0,0.3536,20.0,7834.0,208.0
2021-01-05 09:39:56.120,0.3556,0.3557,10.0,0.3539,14.0,7834.0,208.0
2021-01-05 09:39:56.691,0.3556,0.3552,10.0,0.3539,34.0,7834.0,208.0
2021-01-05 09:39:57.181,0.3556,0.3552,10.0,0.3539,14.0,7834.0,208.0
2021-01-05 09:39:57.580,0.3556,0.3552,10.0,0.3536,10.0,7834.0,208.0
2021-01-05 09:39:58.170,0.3556,0.3552,10.0,0.3534,20.0,7834.0,208.0
2021-01-05 09:39:58.600,0.3556,0.3551,13.0,0.3535,13.0,7834.0,208.0
2021-01-05 09:39:59.061,0.3556,0.3551,13.0,0.3535,13.0,7834.0,208.0
2021-01-05 09:40:00.631,0.3556,0.355,10.0,0.3536,10.0,7834.0,208.0
2021-01-05 09:40:01.201,0.3556,0.3551,10.0,0.3534,10.0,7834.0,208.0
2021-01-05 09:40:01.570,0.3556,0.3546,10.0,0.3532,30.0,7834.0,208.0
2021-01-05 09:40:02.200,0.3556,0.3546,10.0,0.3532,10.0,7834.0,208.0
2021-01-05 09:40:02.671,0.3556,0.3541,10.0,0.3528,10.0,7834.0,208.0
2021-01-05 09:40:03.171,0.3556,0.3541,10.0,0.3528,10.0,7834.0,208.0
2021-01-05 09:40:03.691,0.3556,0.354,13.0,0.3529,10.0,7834.0,208.0
2021-01-05 09:40:04.160,0.3556,0.3547,14.0,0.353,10.0,7834.0,208.0
2021-01-05 09:40:04.700,0.3556,0.3546,10.0,0.3531,13.0,7834.0,208.0
2021-01-05 09:40:05.170,0.3556,0.3545,13.0,0.353,10.0,7834.0,208.0
2021-01-05 09:40:05.701,0.3556,0.3544,10.0,0.353,23.0,7834.0,208.0
2021-01-05 09:40:06.200,0.3556,0.3545,10.0,0.3529,10.0,7834.0,208.0
2021-01-05 09:40:06.600,0.3556,0.3544,13.0,0.3529,33.0,7834.0,208.0
2021-01-05 09:40:07.700,0.3556,0.3544,13.0,0.3529,20.0,7834.0,208.0
2021-01-05 09:40:08.200,0.3556,0.3543,10.0,0.3529,20.0,7834.0,208.0
2021-01-05 09:40:08.690,0.3556,0.3543,10.0,0.3524,20.0,7834.0,208.0
2021-01-05 09:40:09.191,0.3556,0.3542,13.0,0.3525,23.0,7834.0,208.0
2021-01-05 09:40:10.150,0.3556,0.3541,10.0,0.3525,23.0,7834.0,208.0
2021-01-05 09:40:10.680,0.3556,0.3541,10.0,0.3525,23.0,7834.0,208.0
2021-01-05 09:40:11.170,0.3556,0.354,13.0,0.3525,23.0,7834.0,208.0
2021-01-05 09:40:11.671,0.3556,0.3541,10.0,0.3525,10.0,7834.0,208.0
2021-01-05 09:40:12.190,0.3556,0.354,13.0,0.3526,13.0,7834.0,208.0
2021-01-05 09:40:12.680,0.3556,0.3539,10.0,0.3522,10.0,7834.0,208.0
2021-01-05 09:40:13.170,0.3556,0.3543,20.0,0.3523,13.0,7834.0,208.0
2021-01-05 09:40:13.431,0.3556,0.354,10.0,0.3523,13.0,7834.0,208.0
2021-01-05 09:40:14.150,0.3556,0.3539,13.0,0.3523,13.0,7834.0,208.0
2021-01-05 09:40:14.701,0.3556,0.3539,13.0,0.3519,10.0,7834.0,208.0
2021-01-05 09:40:15.120,0.3556,0.3539,33.0,0.352,13.0,7834.0,208.0
2021-01-05 09:40:15.690,0.3556,0.3533,10.0,0.3521,10.0,7834.0,208.0
2021-01-05 09:40:16.140,0.3556,0.3533,10.0,0.3521,10.0,7834.0,208.0
2021-01-05 09:40:16.610,0.3556,0.3533,10.0,0.3522,23.0,7834.0,208.0
2021-01-05 09:40:17.191,0.3556,0.3533,20.0,0.3522,13.0,7834.0,208.0
2021-01-05 09:40:17.661,0.3556,0.3533,20.0,0.3517,10.0,7834.0,208.0
2021-01-05 09:40:18.120,0.3556,0.3532,13.0,0.3518,13.0,7834.0,208.0
2021-01-05 09:40:19.711,0.3556,0.3532,10.0,0.3519,10.0,7834.0,208.0
2021-01-05 09:40:20.191,0.3556,0.3535,10.0,0.3519,20.0,7834.0,208.0
2021-01-05 09:40:20.691,0.3556,0.3537,10.0,0.352,23.0,7834.0,208.0
2021-01-05 09:40:21.200,0.3556,0.3537,10.0,0.352,23.0,7834.0,208.0
2021-01-05 09:40:21.701,0.3556,0.3537,10.0,0.352,33.0,7834.0,208.0
2021-01-05 09:40:22.210,0.3556,0.3535,10.0,0.352,23.0,7834.0,208.0
2021-01-05 09:40:22.210,0.3556,0.3537,10.0,0.352,23.0,7834.0,208.0
2021-01-05 09:40:23.200,0.3556,0.3537,10.0,0.3522,14.0,7834.0,208.0
2021-01-05 09:40:23.701,0.3556,0.3537,10.0,0.3522,14.0,7834.0,208.0
2021-01-05 09:40:24.681,0.3556,0.3537,10.0,0.3523,10.0,7834.0,208.0
2021-01-05 09:40:25.121,0.3556,0.3537,10.0,0.3524,13.0,7834.0,208.0
2021-01-05 09:40:25.570,0.3556,0.3537,10.0,0.3524,13.0,7834.0,208.0
2021-01-05 09:40:26.181,0.3556,0.3537,10.0,0.3524,13.0,7834.0,208.0
2021-01-05 09:40:26.650,0.3556,0.3538,10.0,0.3525,10.0,7834.0,208.0
2021-01-05 09:40:27.101,0.3556,0.3539,10.0,0.3524,16.0,7834.0,208.0
2021-01-05 09:40:27.701,0.3556,0.3542,10.0,0.3525,13.0,7834.0,208.0
2021-01-05 09:40:28.110,0.3556,0.3539,10.0,0.3525,19.0,7834.0,208.0
2021-01-05 09:40:28.690,0.3556,0.354,10.0,0.3525,19.0,7834.0,208.0
2021-01-05 09:40:29.170,0.3556,0.3538,10.0,0.3525,19.0,7834.0,208.0
2021-01-05 09:40:30.160,0.3556,0.354,10.0,0.3525,19.0,7834.0,208.0
2021-01-05 09:40:32.611,0.3556,0.3541,10.0,0.3526,10.0,7834.0,208.0
2021-01-05 09:40:33.191,0.3556,0.3539,10.0,0.3526,6.0,7834.0,208.0
2021-01-05 09:40:33.681,0.3556,0.354,10.0,0.3526,16.0,7834.0,208.0
2021-01-05 09:40:34.171,0.3556,0.3539,13.0,0.3526,16.0,7834.0,208.0
2021-01-05 09:40:34.601,0.3556,0.3539,13.0,0.3527,13.0,7834.0,208.0
2021-01-05 09:40:35.201,0.3556,0.3541,10.0,0.3527,23.0,7834.0,208.0
2021-01-05 09:40:36.161,0.3556,0.3541,10.0,0.3527,29.0,7834.0,208.0
2021-01-05 09:40:36.620,0.3556,0.3545,10.0,0.3527,19.0,7834.0,208.0
2021-01-05 09:40:37.201,0.3556,0.3545,10.0,0.3527,6.0,7834.0,208.0
2021-01-05 09:40:37.700,0.3556,0.3544,13.0,0.3528,23.0,7834.0,208.0
2021-01-05 09:40:38.130,0.3556,0.3544,23.0,0.3528,13.0,7834.0,208.0
2021-01-05 09:40:38.641,0.3556,0.3544,23.0,0.3529,10.0,7834.0,208.0
2021-01-05 09:40:39.041,0.3556,0.3544,23.0,0.3529,10.0,7834.0,208.0
2021-01-05 09:40:39.681,0.3556,0.3543,10.0,0.353,13.0,7834.0,208.0
2021-01-05 09:40:40.061,0.3556,0.3541,10.0,0.353,19.0,7834.0,208.0
2021-01-05 09:40:40.670,0.3556,0.3541,10.0,0.353,6.0,7834.0,208.0
2021-01-05 09:40:41.191,0.3556,0.354,13.0,0.353,6.0,7834.0,208.0
2021-01-05 09:40:41.640,0.3556,0.354,13.0,0.353,6.0,7834.0,208.0
2021-01-05 09:40:43.621,0.3556,0.3541,10.0,0.353,6.0,7834.0,208.0
2021-01-05 09:40:44.161,0.3556,0.354,13.0,0.353,6.0,7834.0,208.0
2021-01-05 09:40:46.161,0.3556,0.354,13.0,0.353,6.0,7834.0,208.0
2021-01-05 09:40:48.700,0.3556,0.3539,10.0,0.353,6.0,7834.0,208.0
2021-01-05 09:40:49.111,0.3556,0.3542,20.0,0.3531,10.0,7834.0,208.0
2021-01-05 09:40:49.640,0.3556,0.3541,13.0,0.3531,10.0,7834.0,208.0
2021-01-05 09:40:50.181,0.3556,0.3541,13.0,0.353,10.0,7834.0,208.0
2021-01-05 09:40:50.671,0.3556,0.3541,13.0,0.3531,10.0,7834.0,208.0
2021-01-05 09:40:51.601,0.3556,0.3541,13.0,0.353,10.0,7834.0,208.0
2021-01-05 09:40:53.171,0.3556,0.3541,13.0,0.353,10.0,7834.0,208.0
2021-01-05 09:40:53.651,0.3556,0.354,10.0,0.3527,10.0,7834.0,208.0
2021-01-05 09:40:54.141,0.3556,0.3541,10.0,0.3529,10.0,7834.0,208.0
2021-01-05 09:40:54.661,0.3556,0.354,13.0,0.3525,10.0,7834.0,208.0
2021-01-05 09:40:55.111,0.3556,0.354,13.0,0.353,10.0,7834.0,208.0
2021-01-05 09:40:55.681,0.3556,0.3543,24.0,0.353,10.0,7834.0,208.0
2021-01-05 09:40:56.121,0.3556,0.3541,10.0,0.3531,13.0,7834.0,208.0
2021-01-05 09:40:56.711,0.3556,0.3545,20.0,0.3531,23.0,7834.0,208.0
2021-01-05 09:40:57.180,0.3556,0.3546,10.0,0.3531,13.0,7834.0,208.0
2021-01-05 09:40:57.560,0.3556,0.3545,23.0,0.3532,10.0,7834.0,208.0
2021-01-05 09:40:58.200,0.3556,0.3545,23.0,0.3532,10.0,7834.0,208.0
2021-01-05 09:40:58.721,0.3556,0.3545,23.0,0.3533,13.0,7834.0,208.0
2021-01-05 09:40:58.980,0.3556,0.3545,13.0,0.3533,13.0,7834.0,208.0
2021-01-05 09:40:59.650,0.3556,0.3544,10.0,0.3531,10.0,7834.0,208.0
2021-01-05 09:41:00.150,0.3556,0.3544,10.0,0.3532,13.0,7834.0,208.0
2021-01-05 09:41:00.571,0.3556,0.3544,10.0,0.3532,13.0,7834.0,208.0
2021-01-05 09:41:01.041,0.3556,0.3543,13.0,0.3532,13.0,7834.0,208.0
2021-01-05 09:41:01.650,0.3556,0.3543,13.0,0.3532,13.0,7834.0,208.0
2021-01-05 09:41:02.190,0.3556,0.3543,13.0,0.3532,23.0,7834.0,208.0
2021-01-05 09:41:02.661,0.3556,0.3543,13.0,0.3532,23.0,7834.0,208.0
2021-01-05 09:41:03.110,0.3556,0.3547,20.0,0.3532,23.0,7834.0,208.0
2021-01-05 09:41:03.721,0.3556,0.3546,13.0,0.3532,23.0,7834.0,208.0
2021-01-05 09:41:04.180,0.3556,0.3546,13.0,0.3532,23.0,7834.0,208.0
2021-01-05 09:41:04.680,0.3556,0.3546,13.0,0.3532,23.0,7834.0,208.0
2021-01-05 09:41:05.220,0.3556,0.3546,13.0,0.3532,23.0,7834.0,208.0
2021-01-05 09:41:06.221,0.3556,0.3546,13.0,0.3532,23.0,7834.0,208.0
2021-01-05 09:41:06.620,0.3556,0.3547,10.0,0.3532,23.0,7834.0,208.0
2021-01-05 09:41:07.100,0.3556,0.3547,23.0,0.3532,23.0,7834.0,208.0
2021-01-05 09:41:07.611,0.3556,0.3547,10.0,0.3532,23.0,7834.0,208.0
2021-01-05 09:41:08.201,0.3556,0.3547,10.0,0.3532,23.0,7834.0,208.0
2021-01-05 09:41:08.651,0.3556,0.3547,43.0,0.3532,23.0,7834.0,208.0
2021-01-05 09:41:09.210,0.3556,0.3547,43.0,0.3532,23.0,7834.0,208.0
2021-01-05 09:41:09.650,0.3556,0.3547,13.0,0.3532,43.0,7834.0,208.0
2021-01-05 09:41:10.220,0.3556,0.3547,23.0,0.3532,43.0,7834.0,208.0
2021-01-05 09:41:10.710,0.3556,0.3547,10.0,0.3532,43.0,7834.0,208.0
2021-01-05 09:41:11.210,0.3556,0.3547,10.0,0.3532,43.0,7834.0,208.0
2021-01-05 09:41:11.711,0.3556,0.3547,10.0,0.3532,43.0,7834.0,208.0
2021-01-05 09:41:12.151,0.3556,0.3547,10.0,0.3536,14.0,7834.0,208.0
2021-01-05 09:41:12.710,0.3556,0.3547,10.0,0.3536,14.0,7834.0,208.0
2021-01-05 09:41:12.710,0.3556,0.3547,10.0,0.3537,10.0,7834.0,208.0
2021-01-05 09:41:13.711,0.3556,0.3546,13.0,0.3535,10.0,7834.0,208.0
2021-01-05 09:41:14.160,0.3556,0.3549,10.0,0.3538,10.0,7834.0,208.0
2021-01-05 09:41:14.671,0.3556,0.3548,23.0,0.3536,10.0,7834.0,208.0
2021-01-05 09:41:15.180,0.3556,0.3548,23.0,0.3531,14.0,7834.0,208.0
2021-01-05 09:41:17.211,0.3556,0.3548,23.0,0.3531,14.0,7834.0,208.0
2021-01-05 09:41:17.670,0.3556,0.3548,23.0,0.3531,14.0,7834.0,208.0
2021-01-05 09:41:18.141,0.3556,0.3546,10.0,0.3534,10.0,7834.0,208.0
2021-01-05 09:41:18.600,0.3556,0.3548,20.0,0.3535,13.0,7834.0,208.0
2021-01-05 09:41:19.161,0.3556,0.3547,13.0,0.3535,23.0,7834.0,208.0
2021-01-05 09:41:19.601,0.3556,0.3547,13.0,0.3535,13.0,7834.0,208.0
2021-01-05 09:41:20.070,0.3556,0.3547,23.0,0.3535,13.0,7834.0,208.0
2021-01-05 09:41:20.721,0.3556,0.3547,23.0,0.3535,23.0,7834.0,208.0
2021-01-05 09:41:21.190,0.3556,0.3547,23.0,0.3535,13.0,7834.0,208.0
2021-01-05 09:41:22.600,0.3556,0.3548,10.0,0.3535,13.0,7834.0,208.0
2021-01-05 09:41:23.061,0.3556,0.3548,23.0,0.3535,13.0,7834.0,208.0
2021-01-05 09:41:24.150,0.3556,0.3547,13.0,0.3535,13.0,7834.0,208.0
2021-01-05 09:41:25.120,0.3556,0.3547,13.0,0.3535,13.0,7834.0,208.0
2021-01-05 09:41:25.641,0.3556,0.3548,10.0,0.3535,13.0,7834.0,208.0
2021-01-05 09:41:26.190,0.3556,0.3548,10.0,0.3535,13.0,7834.0,208.0
2021-01-05 09:41:26.651,0.3556,0.3548,10.0,0.3536,14.0,7834.0,208.0
2021-01-05 09:41:27.131,0.3556,0.3548,10.0,0.3536,24.0,7834.0,208.0
2021-01-05 09:41:27.710,0.3556,0.3548,10.0,0.3536,14.0,7834.0,208.0
2021-01-05 09:41:28.171,0.3556,0.3552,10.0,0.3536,14.0,7834.0,208.0
2021-01-05 09:41:28.540,0.3556,0.3551,13.0,0.3537,10.0,7834.0,208.0
2021-01-05 09:41:29.070,0.3556,0.3551,13.0,0.3538,13.0,7834.0,208.0
2021-01-05 09:41:29.690,0.3556,0.3551,13.0,0.3538,13.0,7834.0,208.0
2021-01-05 09:41:30.180,0.3556,0.3551,13.0,0.3538,23.0,7834.0,208.0
2021-01-05 09:41:30.670,0.3556,0.3555,10.0,0.3538,13.0,7834.0,208.0
2021-01-05 09:41:31.181,0.3556,0.3554,13.0,0.3539,10.0,7834.0,208.0
2021-01-05 09:41:31.700,0.3556,0.3554,13.0,0.3538,10.0,7834.0,208.0
2021-01-05 09:41:32.220,0.3556,0.3554,13.0,0.3539,13.0,7834.0,208.0
2021-01-05 09:41:32.670,0.3556,0.3554,23.0,0.3539,13.0,7834.0,208.0
2021-01-05 09:41:33.171,0.3556,0.3554,13.0,0.3539,13.0,7834.0,208.0
2021-01-05 09:41:33.680,0.3556,0.3554,13.0,0.3539,13.0,7834.0,208.0
2021-01-05 09:41:33.990,0.3556,0.3553,10.0,0.354,10.0,7834.0,208.0
2021-01-05 09:41:34.720,0.3556,0.3553,10.0,0.354,10.0,7834.0,208.0
2021-01-05 09:41:35.221,0.3556,0.3552,13.0,0.3541,13.0,7834.0,208.0
2021-01-05 09:41:35.721,0.3556,0.3557,24.0,0.3541,13.0,7834.0,208.0
2021-01-05 09:41:36.070,0.3556,0.3557,10.0,0.3541,13.0,7834.0,208.0
2021-01-05 09:41:36.720,0.3556,0.3557,10.0,0.3541,13.0,7834.0,208.0
2021-01-05 09:41:37.210,0.3556,0.3556,13.0,0.3541,13.0,7834.0,208.0
2021-01-05 09:41:37.711,0.3556,0.3557,10.0,0.3541,13.0,7834.0,208.0
2021-01-05 09:41:38.220,0.3556,0.3557,10.0,0.3542,10.0,7834.0,208.0
2021-01-05 09:41:38.650,0.3556,0.3556,13.0,0.3541,10.0,7834.0,208.0
2021-01-05 09:41:39.221,0.3556,0.3556,13.0,0.3542,13.0,7834.0,208.0
2021-01-05 09:41:40.740,0.3556,0.3556,13.0,0.3542,13.0,7834.0,208.0
2021-01-05 09:41:41.130,0.3556,0.3556,23.0,0.3542,13.0,7834.0,208.0
2021-01-05 09:41:41.730,0.3556,0.3556,23.0,0.3543,10.0,7834.0,208.0
2021-01-05 09:41:41.801,0.3556,0.3556,23.0,0.3543,10.0,7834.0,208.0
2021-01-05 09:41:42.690,0.3543,0.3553,10.0,0.3542,9.0,7834.0,209.0
2021-01-05 09:41:43.080,0.3543,0.3553,10.0,0.3542,9.0,7834.0,209.0
2021-01-05 09:41:43.720,0.3543,0.3552,13.0,0.3542,9.0,7834.0,209.0
2021-01-05 09:41:44.671,0.3543,0.3552,13.0,0.3544,10.0,7834.0,209.0
2021-01-05 09:41:45.171,0.3543,0.3552,13.0,0.3543,10.0,7834.0,209.0
2021-01-05 09:41:45.701,0.3543,0.3552,13.0,0.3542,10.0,7834.0,209.0
2021-01-05 09:41:46.241,0.3543,0.3552,23.0,0.3544,10.0,7834.0,209.0
2021-01-05 09:41:46.661,0.3543,0.3552,23.0,0.3543,10.0,7834.0,209.0
2021-01-05 09:41:47.201,0.3543,0.3552,10.0,0.3544,13.0,7834.0,209.0
2021-01-05 09:41:47.741,0.3543,0.3556,10.0,0.3543,10.0,7834.0,209.0
2021-01-05 09:41:48.181,0.3543,0.3556,10.0,0.3544,13.0,7834.0,209.0
2021-01-05 09:41:49.191,0.3543,0.3559,10.0,0.3544,13.0,7834.0,209.0
2021-01-05 09:41:49.750,0.3543,0.3562,10.0,0.3545,10.0,7834.0,209.0
2021-01-05 09:41:50.231,0.3543,0.3562,10.0,0.3547,14.0,7834.0,209.0
2021-01-05 09:41:50.661,0.3543,0.3564,10.0,0.3547,14.0,7834.0,209.0
2021-01-05 09:41:51.251,0.3543,0.3563,13.0,0.3547,14.0,7834.0,209.0
2021-01-05 09:41:51.760,0.3543,0.3563,13.0,0.3548,10.0,7834.0,209.0
2021-01-05 09:41:52.261,0.3543,0.3563,13.0,0.3549,13.0,7834.0,209.0
2021-01-05 09:41:52.690,0.3543,0.3564,10.0,0.3549,13.0,7834.0,209.0
2021-01-05 09:41:53.201,0.3543,0.3564,10.0,0.355,10.0,7834.0,209.0
2021-01-05 09:41:53.681,0.3543,0.3568,14.0,0.355,10.0,7834.0,209.0
2021-01-05 09:41:54.161,0.3543,0.3568,14.0,0.3551,13.0,7834.0,209.0
2021-01-05 09:41:54.591,0.3543,0.357,20.0,0.3551,13.0,7834.0,209.0
2021-01-05 09:41:55.160,0.3543,0.3569,13.0,0.3551,14.0,7834.0,209.0
2021-01-05 09:41:55.671,0.3543,0.3569,13.0,0.3552,10.0,7834.0,209.0
2021-01-05 09:41:56.151,0.3543,0.3569,13.0,0.3553,13.0,7834.0,209.0
2021-01-05 09:41:56.680,0.3543,0.3565,10.0,0.3553,13.0,7834.0,209.0
2021-01-05 09:41:57.110,0.3543,0.3569,10.0,0.3553,13.0,7834.0,209.0
2021-01-05 09:41:57.640,0.3543,0.3567,10.0,0.3554,10.0,7834.0,209.0
2021-01-05 09:41:58.140,0.3543,0.3567,10.0,0.3553,10.0,7834.0,209.0
2021-01-05 09:41:58.660,0.3543,0.3566,13.0,0.3554,13.0,7834.0,209.0
2021-01-05 09:41:59.131,0.3543,0.3566,13.0,0.3554,13.0,7834.0,209.0
2021-01-05 09:41:59.700,0.3543,0.3566,13.0,0.3554,13.0,7834.0,209.0
2021-01-05 09:42:00.151,0.3543,0.3566,13.0,0.3554,13.0,7834.0,209.0
2021-01-05 09:42:00.701,0.3543,0.357,10.0,0.3555,10.0,7834.0,209.0
2021-01-05 09:42:01.181,0.3543,0.3569,13.0,0.3555,10.0,7834.0,209.0
2021-01-05 09:42:01.651,0.3543,0.3569,13.0,0.3556,13.0,7834.0,209.0
2021-01-05 09:42:02.201,0.3543,0.3569,13.0,0.3556,13.0,7834.0,209.0
2021-01-05 09:42:02.710,0.3543,0.3569,13.0,0.3556,13.0,7834.0,209.0
2021-01-05 09:42:03.161,0.3543,0.3569,13.0,0.3556,13.0,7834.0,209.0
2021-01-05 09:42:03.161,0.3543,0.3569,13.0,0.3557,10.0,7834.0,209.0
2021-01-05 09:42:04.110,0.3543,0.3569,13.0,0.3557,10.0,7834.0,209.0
2021-01-05 09:42:04.500,0.3543,0.3569,13.0,0.3557,10.0,7834.0,209.0
2021-01-05 09:42:05.211,0.3543,0.3569,13.0,0.3557,10.0,7834.0,209.0
2021-01-05 09:42:05.711,0.3543,0.3569,23.0,0.3557,23.0,7834.0,209.0
2021-01-05 09:42:06.181,0.3543,0.3569,13.0,0.3557,23.0,7834.0,209.0
2021-01-05 09:42:06.690,0.3543,0.3569,13.0,0.3557,10.0,7834.0,209.0
2021-01-05 09:42:07.230,0.3543,0.3569,13.0,0.3557,10.0,7834.0,209.0
2021-01-05 09:42:07.691,0.3543,0.3569,13.0,0.3558,13.0,7834.0,209.0
2021-01-05 09:42:08.220,0.3543,0.3569,13.0,0.3557,10.0,7834.0,209.0
2021-01-05 09:42:09.230,0.3543,0.3569,13.0,0.3557,10.0,7834.0,209.0
2021-01-05 09:42:09.570,0.3543,0.3569,13.0,0.3558,13.0,7834.0,209.0
2021-01-05 09:42:10.220,0.3543,0.3569,13.0,0.3558,13.0,7834.0,209.0
2021-01-05 09:42:10.971,0.3543,0.3574,10.0,0.356,1.0,7834.0,209.0
2021-01-05 09:42:11.651,0.3543,0.3573,13.0,0.3561,10.0,7834.0,209.0
2021-01-05 09:42:12.210,0.3543,0.3577,10.0,0.3562,13.0,7834.0,209.0
2021-01-05 09:42:12.721,0.3543,0.3576,13.0,0.3562,13.0,7834.0,209.0
2021-01-05 09:42:13.191,0.3543,0.3576,13.0,0.3563,10.0,7834.0,209.0
2021-01-05 09:42:13.211,0.3543,0.3576,13.0,0.3563,10.0,7834.0,209.0
2021-01-05 09:42:14.671,0.3543,0.3576,13.0,0.3563,10.0,7834.0,209.0
2021-01-05 09:42:15.151,0.3543,0.3576,23.0,0.3563,10.0,7834.0,209.0
2021-01-05 09:42:15.650,0.3543,0.3576,23.0,0.3563,10.0,7834.0,209.0
2021-01-05 09:42:16.181,0.3543,0.3576,13.0,0.3563,10.0,7834.0,209.0
2021-01-05 09:42:16.701,0.3543,0.3576,13.0,0.3563,10.0,7834.0,209.0
2021-01-05 09:42:17.241,0.3543,0.3576,13.0,0.3563,10.0,7834.0,209.0
2021-01-05 09:42:17.681,0.3543,0.3576,13.0,0.3563,23.0,7834.0,209.0
2021-01-05 09:42:18.100,0.3543,0.3576,13.0,0.3563,10.0,7834.0,209.0
2021-01-05 09:42:18.701,0.3543,0.3576,13.0,0.3563,10.0,7834.0,209.0
2021-01-05 09:42:19.210,0.3543,0.3571,10.0,0.3563,10.0,7834.0,209.0
2021-01-05 09:42:19.721,0.3543,0.3571,10.0,0.3563,10.0,7834.0,209.0
2021-01-05 09:42:20.150,0.3543,0.357,13.0,0.3563,10.0,7834.0,209.0
2021-01-05 09:42:20.751,0.3543,0.357,13.0,0.3563,10.0,7834.0,209.0
2021-01-05 09:42:21.231,0.3543,0.3571,10.0,0.3563,10.0,7834.0,209.0
2021-01-05 09:42:21.621,0.3543,0.3569,10.0,0.3563,10.0,7834.0,209.0
2021-01-05 09:42:22.221,0.3543,0.3573,10.0,0.3563,23.0,7834.0,209.0
2021-01-05 09:42:22.570,0.3543,0.3573,10.0,0.3563,10.0,7834.0,209.0
2021-01-05 09:42:23.170,0.3543,0.3573,10.0,0.3564,13.0,7834.0,209.0
2021-01-05 09:42:23.631,0.3543,0.3573,10.0,0.3565,10.0,7834.0,209.0
2021-01-05 09:42:24.151,0.3543,0.3577,30.0,0.3564,10.0,7834.0,209.0
2021-01-05 09:42:24.670,0.3543,0.3576,13.0,0.3564,10.0,7834.0,209.0
2021-01-05 09:42:25.200,0.3543,0.3576,13.0,0.3564,10.0,7834.0,209.0
2021-01-05 09:42:25.511,0.3543,0.3576,13.0,0.3564,10.0,7834.0,209.0
2021-01-05 09:42:26.130,0.3543,0.3576,13.0,0.3564,23.0,7834.0,209.0
2021-01-05 09:42:26.701,0.3543,0.3576,13.0,0.3564,10.0,7834.0,209.0
2021-01-05 09:42:27.171,0.3543,0.3576,13.0,0.3565,13.0,7834.0,209.0
2021-01-05 09:42:28.641,0.3543,0.3576,13.0,0.3564,10.0,7834.0,209.0
2021-01-05 09:42:29.100,0.3543,0.3576,13.0,0.3565,13.0,7834.0,209.0
2021-01-05 09:42:29.720,0.3543,0.3576,13.0,0.3565,13.0,7834.0,209.0
2021-01-05 09:42:30.710,0.3543,0.3576,13.0,0.3566,10.0,7834.0,209.0
2021-01-05 09:42:31.200,0.3543,0.3579,20.0,0.3566,10.0,7834.0,209.0
2021-01-05 09:42:31.720,0.3543,0.3578,13.0,0.3567,13.0,7834.0,209.0
2021-01-05 09:42:33.121,0.3543,0.3578,13.0,0.3567,13.0,7834.0,209.0
2021-01-05 09:42:34.210,0.3543,0.3578,13.0,0.3566,10.0,7834.0,209.0
2021-01-05 09:42:34.731,0.3543,0.3578,13.0,0.3566,10.0,7834.0,209.0
2021-01-05 09:42:35.001,0.3543,0.3578,13.0,0.3566,10.0,7834.0,209.0
2021-01-05 09:42:35.701,0.3543,0.3578,13.0,0.3566,23.0,7834.0,209.0
2021-01-05 09:42:36.200,0.3543,0.3578,13.0,0.3566,23.0,7834.0,209.0
2021-01-05 09:42:36.650,0.3543,0.3578,23.0,0.3566,10.0,7834.0,209.0
2021-01-05 09:42:37.251,0.3543,0.3578,13.0,0.3566,23.0,7834.0,209.0
2021-01-05 09:42:38.200,0.3543,0.358,10.0,0.3566,10.0,7834.0,209.0
2021-01-05 09:42:38.661,0.3543,0.3579,13.0,0.3566,23.0,7834.0,209.0
2021-01-05 09:42:40.221,0.3543,0.3579,13.0,0.3566,10.0,7834.0,209.0
2021-01-05 09:42:40.721,0.3543,0.3579,13.0,0.3567,13.0,7834.0,209.0
2021-01-05 09:42:41.731,0.3543,0.3579,13.0,0.3567,13.0,7834.0,209.0
2021-01-05 09:42:42.250,0.3543,0.3579,13.0,0.3567,13.0,7834.0,209.0
2021-01-05 09:42:42.711,0.3543,0.3579,13.0,0.3567,13.0,7834.0,209.0
2021-01-05 09:42:43.251,0.3543,0.3579,13.0,0.3568,10.0,7834.0,209.0
2021-01-05 09:42:43.741,0.3543,0.3579,23.0,0.3567,11.0,7834.0,209.0
2021-01-05 09:42:44.211,0.3543,0.3579,13.0,0.3567,11.0,7834.0,209.0
2021-01-05 09:42:44.751,0.3543,0.3579,13.0,0.3568,13.0,7834.0,209.0
2021-01-05 09:42:45.191,0.3543,0.3579,13.0,0.3568,13.0,7834.0,209.0
2021-01-05 09:42:45.650,0.3543,0.3581,10.0,0.3568,13.0,7834.0,209.0
2021-01-05 09:42:46.240,0.3543,0.358,13.0,0.3568,13.0,7834.0,209.0
2021-01-05 09:42:46.741,0.3543,0.358,13.0,0.3568,13.0,7834.0,209.0
2021-01-05 09:42:47.160,0.3543,0.3584,10.0,0.3568,13.0,7834.0,209.0
2021-01-05 09:42:47.690,0.3543,0.3583,13.0,0.3568,13.0,7834.0,209.0
2021-01-05 09:42:48.171,0.3543,0.3583,13.0,0.3569,10.0,7834.0,209.0
2021-01-05 09:42:48.720,0.3543,0.3583,23.0,0.3569,10.0,7834.0,209.0
2021-01-05 09:42:49.110,0.3543,0.3583,23.0,0.357,13.0,7834.0,209.0
2021-01-05 09:42:50.261,0.3543,0.3583,13.0,0.357,13.0,7834.0,209.0
2021-01-05 09:42:50.720,0.3543,0.3583,13.0,0.357,13.0,7834.0,209.0
2021-01-05 09:42:51.060,0.3543,0.3583,13.0,0.3571,10.0,7834.0,209.0
2021-01-05 09:42:51.761,0.3543,0.3583,13.0,0.3571,10.0,7834.0,209.0
2021-01-05 09:42:52.251,0.3543,0.3583,13.0,0.3572,13.0,7834.0,209.0
2021-01-05 09:42:52.601,0.3543,0.3583,13.0,0.3572,13.0,7834.0,209.0
2021-01-05 09:42:53.640,0.3543,0.3583,13.0,0.3572,13.0,7834.0,209.0
2021-01-05 09:42:54.191,0.3543,0.3587,44.0,0.3572,13.0,7834.0,209.0
2021-01-05 09:42:55.190,0.3543,0.3585,10.0,0.3573,10.0,7834.0,209.0
2021-01-05 09:42:55.701,0.3543,0.3584,13.0,0.3572,10.0,7834.0,209.0
2021-01-05 09:42:56.191,0.3543,0.3584,13.0,0.3573,13.0,7834.0,209.0
2021-01-05 09:42:56.650,0.3543,0.3584,13.0,0.3573,13.0,7834.0,209.0
2021-01-05 09:42:57.171,0.3543,0.3586,10.0,0.3573,13.0,7834.0,209.0
2021-01-05 09:42:58.220,0.3543,0.3586,10.0,0.3573,13.0,7834.0,209.0
2021-01-05 09:42:58.731,0.3543,0.3586,10.0,0.3573,13.0,7834.0,209.0
2021-01-05 09:42:59.230,0.3543,0.3583,10.0,0.3574,10.0,7834.0,209.0
2021-01-05 09:42:59.730,0.3543,0.3587,40.0,0.3573,10.0,7834.0,209.0
2021-01-05 09:43:00.131,0.3543,0.3586,13.0,0.3574,13.0,7834.0,209.0
2021-01-05 09:43:00.721,0.3543,0.3586,13.0,0.3574,13.0,7834.0,209.0
2021-01-05 09:43:01.201,0.3543,0.3584,10.0,0.3574,13.0,7834.0,209.0
2021-01-05 09:43:01.701,0.3543,0.3584,10.0,0.3574,13.0,7834.0,209.0
2021-01-05 09:43:02.150,0.3543,0.3584,10.0,0.3574,13.0,7834.0,209.0
2021-01-05 09:43:02.681,0.3543,0.3588,10.0,0.3574,13.0,7834.0,209.0
2021-01-05 09:43:03.241,0.3543,0.3589,10.0,0.3574,13.0,7834.0,209.0
2021-01-05 09:43:03.701,0.3543,0.3589,23.0,0.3574,13.0,7834.0,209.0
2021-01-05 09:43:04.240,0.3543,0.3589,23.0,0.3586,1.0,7834.0,209.0
2021-01-05 09:43:04.271,0.3586,0.3586,11.0,0.3576,10.0,7835.0,210.0
2021-01-05 09:43:05.251,0.3586,0.3586,11.0,0.3575,10.0,7835.0,210.0
2021-01-05 09:43:05.681,0.3586,0.3582,10.0,0.3573,10.0,7835.0,210.0
2021-01-05 09:43:06.171,0.3586,0.3586,30.0,0.3572,10.0,7835.0,210.0
2021-01-05 09:43:06.680,0.3586,0.3585,13.0,0.3573,10.0,7835.0,210.0
2021-01-05 09:43:07.231,0.3586,0.3585,13.0,0.3572,10.0,7835.0,210.0
2021-01-05 09:43:07.710,0.3586,0.3585,13.0,0.3573,10.0,7835.0,210.0
2021-01-05 09:43:08.181,0.3586,0.3585,23.0,0.3572,10.0,7835.0,210.0
2021-01-05 09:43:09.231,0.3586,0.3585,13.0,0.3573,10.0,7835.0,210.0
2021-01-05 09:43:09.740,0.3586,0.3584,10.0,0.3571,10.0,7835.0,210.0
2021-01-05 09:43:10.150,0.3586,0.3587,14.0,0.3574,10.0,7835.0,210.0
2021-01-05 09:43:10.720,0.3586,0.3587,14.0,0.3574,23.0,7835.0,210.0
2021-01-05 09:43:11.750,0.3586,0.3587,14.0,0.3573,10.0,7835.0,210.0
2021-01-05 09:43:12.171,0.3586,0.3587,14.0,0.3574,13.0,7835.0,210.0
2021-01-05 09:43:13.210,0.3586,0.3586,10.0,0.3573,10.0,7835.0,210.0
2021-01-05 09:43:13.740,0.3586,0.3585,13.0,0.3572,10.0,7835.0,210.0
2021-01-05 09:43:14.270,0.3586,0.3585,23.0,0.357,10.0,7835.0,210.0
2021-01-05 09:43:15.241,0.3586,0.3585,23.0,0.357,10.0,7835.0,210.0
2021-01-05 09:43:15.771,0.3586,0.3584,10.0,0.357,10.0,7835.0,210.0
2021-01-05 09:43:16.270,0.3586,0.3585,10.0,0.357,10.0,7835.0,210.0
2021-01-05 09:43:16.501,0.3586,0.3584,13.0,0.357,23.0,7835.0,210.0
2021-01-05 09:43:17.271,0.3586,0.3584,13.0,0.357,10.0,7835.0,210.0
2021-01-05 09:43:17.690,0.3586,0.3584,13.0,0.3571,13.0,7835.0,210.0
2021-01-05 09:43:18.120,0.3586,0.3583,10.0,0.3571,13.0,7835.0,210.0
2021-01-05 09:43:18.741,0.3586,0.3583,10.0,0.357,10.0,7835.0,210.0
2021-01-05 09:43:19.261,0.3586,0.3582,13.0,0.357,23.0,7835.0,210.0
2021-01-05 09:43:20.731,0.3586,0.3582,33.0,0.357,10.0,7835.0,210.0
2021-01-05 09:43:21.271,0.3586,0.3582,13.0,0.3572,10.0,7835.0,210.0
2021-01-05 09:43:21.701,0.3586,0.3582,13.0,0.357,10.0,7835.0,210.0
2021-01-05 09:43:22.281,0.3586,0.3587,34.0,0.3573,10.0,7835.0,210.0
2021-01-05 09:43:22.610,0.3586,0.3586,10.0,0.3572,10.0,7835.0,210.0
2021-01-05 09:43:23.190,0.3586,0.3585,13.0,0.3573,13.0,7835.0,210.0
2021-01-05 09:43:23.651,0.3586,0.3585,23.0,0.3573,13.0,7835.0,210.0
2021-01-05 09:43:24.120,0.3586,0.3585,13.0,0.3573,13.0,7835.0,210.0
2021-01-05 09:43:25.201,0.3586,0.3585,13.0,0.3573,13.0,7835.0,210.0
2021-01-05 09:43:25.701,0.3586,0.3587,20.0,0.3574,10.0,7835.0,210.0
2021-01-05 09:43:26.181,0.3586,0.3587,20.0,0.3573,10.0,7835.0,210.0
2021-01-05 09:43:26.621,0.3586,0.3587,20.0,0.3574,13.0,7835.0,210.0
2021-01-05 09:43:27.190,0.3586,0.3587,20.0,0.3574,13.0,7835.0,210.0
2021-01-05 09:43:27.591,0.3586,0.3587,30.0,0.3574,13.0,7835.0,210.0
2021-01-05 09:43:28.091,0.3586,0.3586,13.0,0.3574,13.0,7835.0,210.0
2021-01-05 09:43:29.660,0.3586,0.3586,13.0,0.3575,10.0,7835.0,210.0
2021-01-05 09:43:30.050,0.3586,0.3586,13.0,0.3574,10.0,7835.0,210.0
2021-01-05 09:43:30.701,0.3586,0.3586,13.0,0.3575,13.0,7835.0,210.0
2021-01-05 09:43:31.080,0.3586,0.3586,13.0,0.3575,13.0,7835.0,210.0
2021-01-05 09:43:31.720,0.3586,0.3586,13.0,0.3576,10.0,7835.0,210.0
2021-01-05 09:43:32.181,0.3586,0.3586,13.0,0.3576,10.0,7835.0,210.0
2021-01-05 09:43:32.701,0.3586,0.3587,20.0,0.3575,10.0,7835.0,210.0
2021-01-05 09:43:33.141,0.3586,0.3587,30.0,0.3575,10.0,7835.0,210.0
2021-01-05 09:43:33.670,0.3586,0.3586,13.0,0.3575,23.0,7835.0,210.0
2021-01-05 09:43:34.221,0.3586,0.3586,13.0,0.3575,10.0,7835.0,210.0
2021-01-05 09:43:34.230,0.3586,0.3586,13.0,0.3576,13.0,7835.0,210.0
2021-01-05 09:43:35.160,0.3586,0.3586,13.0,0.3575,10.0,7835.0,210.0
2021-01-05 09:43:35.681,0.3586,0.3586,13.0,0.3575,10.0,7835.0,210.0
2021-01-05 09:43:36.221,0.3586,0.3586,13.0,0.3575,23.0,7835.0,210.0
2021-01-05 09:43:36.661,0.3586,0.3586,13.0,0.3572,10.0,7835.0,210.0
2021-01-05 09:43:37.181,0.3586,0.3586,13.0,0.3573,13.0,7835.0,210.0
2021-01-05 09:43:37.631,0.3586,0.3586,23.0,0.3573,13.0,7835.0,210.0
2021-01-05 09:43:38.221,0.3586,0.3586,13.0,0.3574,10.0,7835.0,210.0
2021-01-05 09:43:39.241,0.3586,0.3587,20.0,0.3574,13.0,7835.0,210.0
2021-01-05 09:43:39.711,0.3586,0.3586,13.0,0.3574,13.0,7835.0,210.0
2021-01-05 09:43:40.731,0.3586,0.3586,23.0,0.3574,13.0,7835.0,210.0
2021-01-05 09:43:41.730,0.3586,0.3586,13.0,0.3574,13.0,7835.0,210.0
2021-01-05 09:43:42.191,0.3586,0.3586,23.0,0.3574,13.0,7835.0,210.0
2021-01-05 09:43:43.231,0.3586,0.3586,23.0,0.357,14.0,7835.0,210.0
2021-01-05 09:43:43.711,0.3586,0.3586,23.0,0.3573,10.0,7835.0,210.0
2021-01-05 09:43:43.990,0.3586,0.3586,23.0,0.3573,10.0,7835.0,210.0
2021-01-05 09:43:44.670,0.3586,0.3586,23.0,0.357,10.0,7835.0,210.0
2021-01-05 09:43:45.221,0.3586,0.3586,23.0,0.3572,10.0,7835.0,210.0
2021-01-05 09:43:45.720,0.3586,0.3586,23.0,0.3573,10.0,7835.0,210.0
2021-01-05 09:43:46.151,0.3586,0.3586,23.0,0.3574,13.0,7835.0,210.0
2021-01-05 09:43:46.750,0.3586,0.3586,23.0,0.3574,13.0,7835.0,210.0
2021-01-05 09:43:47.250,0.3586,0.3586,23.0,0.3574,13.0,7835.0,210.0
2021-01-05 09:43:48.220,0.3586,0.3586,23.0,0.3569,10.0,7835.0,210.0
2021-01-05 09:43:48.641,0.3586,0.3586,23.0,0.357,13.0,7835.0,210.0
2021-01-05 09:43:49.221,0.3586,0.3586,23.0,0.3567,11.0,7835.0,210.0
2021-01-05 09:43:49.601,0.3586,0.3586,23.0,0.3569,10.0,7835.0,210.0
2021-01-05 09:43:50.170,0.3586,0.3586,23.0,0.3567,1.0,7835.0,210.0
2021-01-05 09:43:50.721,0.3586,0.3583,14.0,0.3567,1.0,7835.0,210.0
2021-01-05 09:43:51.221,0.3586,0.3583,24.0,0.3567,1.0,7835.0,210.0
2021-01-05 09:43:51.660,0.3586,0.3582,10.0,0.3567,1.0,7835.0,210.0
2021-01-05 09:43:52.200,0.3586,0.3581,13.0,0.3567,1.0,7835.0,210.0
2021-01-05 09:43:52.681,0.3586,0.3581,13.0,0.3567,1.0,7835.0,210.0
2021-01-05 09:43:53.201,0.3586,0.3581,13.0,0.3567,1.0,7835.0,210.0
2021-01-05 09:43:54.191,0.3586,0.358,10.0,0.3567,1.0,7835.0,210.0
2021-01-05 09:43:54.680,0.3586,0.3578,14.0,0.3567,1.0,7835.0,210.0
2021-01-05 09:43:54.980,0.3586,0.3578,34.0,0.3567,1.0,7835.0,210.0
2021-01-05 09:43:55.660,0.3586,0.3577,10.0,0.3567,1.0,7835.0,210.0
2021-01-05 09:43:56.190,0.3586,0.3576,13.0,0.3567,1.0,7835.0,210.0
2021-01-05 09:43:56.721,0.3586,0.3576,13.0,0.3567,1.0,7835.0,210.0
2021-01-05 09:43:57.650,0.3586,0.3575,10.0,0.3567,1.0,7835.0,210.0
2021-01-05 09:43:58.140,0.3586,0.3576,10.0,0.3567,1.0,7835.0,210.0
2021-01-05 09:43:58.711,0.3586,0.3575,13.0,0.3567,1.0,7835.0,210.0
2021-01-05 09:43:59.170,0.3586,0.3575,13.0,0.3567,1.0,7835.0,210.0
2021-01-05 09:44:00.131,0.3586,0.3575,23.0,0.3567,1.0,7835.0,210.0
2021-01-05 09:44:00.701,0.3567,0.3571,10.0,0.356,1.0,7836.0,211.0
2021-01-05 09:44:01.160,0.3567,0.3571,30.0,0.356,1.0,7836.0,211.0
2021-01-05 09:44:01.621,0.3567,0.357,13.0,0.356,1.0,7836.0,211.0
2021-01-05 09:44:02.201,0.3567,0.357,23.0,0.356,1.0,7836.0,211.0
2021-01-05 09:44:02.711,0.3567,0.3569,10.0,0.356,1.0,7836.0,211.0
2021-01-05 09:44:03.241,0.356,0.3569,10.0,0.3555,10.0,7837.0,212.0
2021-01-05 09:44:03.750,0.356,0.3565,10.0,0.3555,13.0,7837.0,212.0
2021-01-05 09:44:04.230,0.356,0.3565,10.0,0.3546,10.0,7837.0,212.0
2021-01-05 09:44:04.230,0.356,0.3564,13.0,0.3547,13.0,7837.0,212.0
2021-01-05 09:44:05.260,0.356,0.3564,13.0,0.3551,10.0,7837.0,212.0
2021-01-05 09:44:05.681,0.356,0.356,10.0,0.3547,10.0,7837.0,212.0
2021-01-05 09:44:06.261,0.356,0.356,30.0,0.3548,13.0,7837.0,212.0
2021-01-05 09:44:07.281,0.356,0.3556,10.0,0.3548,13.0,7837.0,212.0
2021-01-05 09:44:07.750,0.356,0.3558,10.0,0.3544,14.0,7837.0,212.0
2021-01-05 09:44:08.230,0.356,0.3557,13.0,0.3539,14.0,7837.0,212.0
2021-01-05 09:44:08.760,0.356,0.3557,13.0,0.3539,14.0,7837.0,212.0
2021-01-05 09:44:09.050,0.356,0.3557,13.0,0.3539,14.0,7837.0,212.0
2021-01-05 09:44:09.780,0.356,0.3557,23.0,0.3539,24.0,7837.0,212.0
2021-01-05 09:44:10.280,0.356,0.3557,23.0,0.3539,24.0,7837.0,212.0
2021-01-05 09:44:12.270,0.356,0.3557,24.0,0.3539,10.0,7837.0,212.0
2021-01-05 09:44:12.781,0.356,0.3557,24.0,0.354,13.0,7837.0,212.0
2021-01-05 09:44:14.781,0.356,0.3557,24.0,0.354,13.0,7837.0,212.0
2021-01-05 09:44:15.280,0.356,0.3557,24.0,0.354,13.0,7837.0,212.0
2021-01-05 09:44:15.780,0.356,0.3557,24.0,0.354,13.0,7837.0,212.0
2021-01-05 09:44:16.281,0.356,0.3557,24.0,0.354,13.0,7837.0,212.0
2021-01-05 09:44:17.280,0.356,0.3557,24.0,0.354,13.0,7837.0,212.0
2021-01-05 09:44:17.770,0.356,0.3557,24.0,0.354,13.0,7837.0,212.0
2021-01-05 09:44:18.231,0.356,0.3557,10.0,0.354,23.0,7837.0,212.0
2021-01-05 09:44:18.780,0.356,0.3557,10.0,0.354,23.0,7837.0,212.0
2021-01-05 09:44:19.261,0.356,0.3556,13.0,0.354,23.0,7837.0,212.0
2021-01-05 09:44:19.801,0.356,0.3556,33.0,0.354,13.0,7837.0,212.0
2021-01-05 09:44:20.780,0.356,0.3556,33.0,0.354,13.0,7837.0,212.0
2021-01-05 09:44:21.270,0.356,0.3556,33.0,0.354,13.0,7837.0,212.0
2021-01-05 09:44:21.760,0.356,0.3556,33.0,0.354,13.0,7837.0,212.0
2021-01-05 09:44:22.131,0.356,0.3556,33.0,0.354,13.0,7837.0,212.0
2021-01-05 09:44:23.130,0.356,0.3556,33.0,0.354,13.0,7837.0,212.0
2021-01-05 09:44:23.960,0.356,0.3556,33.0,0.354,13.0,7837.0,212.0
2021-01-05 09:44:25.041,0.356,0.3556,33.0,0.354,13.0,7837.0,212.0
2021-01-05 09:44:25.660,0.356,0.3555,10.0,0.354,23.0,7837.0,212.0
2021-01-05 09:44:26.201,0.356,0.3556,30.0,0.354,23.0,7837.0,212.0
2021-01-05 09:44:26.701,0.356,0.3555,13.0,0.3538,10.0,7837.0,212.0
2021-01-05 09:44:27.201,0.356,0.3555,13.0,0.354,10.0,7837.0,212.0
2021-01-05 09:44:28.680,0.356,0.3554,10.0,0.354,10.0,7837.0,212.0
2021-01-05 09:44:29.200,0.356,0.3555,10.0,0.3539,10.0,7837.0,212.0
2021-01-05 09:44:29.631,0.356,0.3554,10.0,0.3537,10.0,7837.0,212.0
2021-01-05 09:44:30.201,0.356,0.355,10.0,0.3538,13.0,7837.0,212.0
2021-01-05 09:44:30.491,0.356,0.3553,10.0,0.3539,10.0,7837.0,212.0
2021-01-05 09:44:31.231,0.356,0.3552,13.0,0.3539,10.0,7837.0,212.0
2021-01-05 09:44:31.730,0.356,0.3552,13.0,0.3539,10.0,7837.0,212.0
2021-01-05 09:44:31.971,0.356,0.3551,10.0,0.3537,10.0,7837.0,212.0
2021-01-05 09:44:32.691,0.356,0.3551,10.0,0.3535,10.0,7837.0,212.0
2021-01-05 09:44:33.240,0.356,0.3547,10.0,0.3535,10.0,7837.0,212.0
2021-01-05 09:44:33.730,0.356,0.3547,10.0,0.3534,10.0,7837.0,212.0
2021-01-05 09:44:34.141,0.356,0.3546,13.0,0.3534,10.0,7837.0,212.0
2021-01-05 09:44:34.510,0.356,0.3546,23.0,0.3533,10.0,7837.0,212.0
2021-01-05 09:44:35.221,0.356,0.3546,43.0,0.3533,10.0,7837.0,212.0
2021-01-05 09:44:35.671,0.356,0.3546,33.0,0.3533,10.0,7837.0,212.0
2021-01-05 09:44:36.220,0.356,0.3546,43.0,0.3533,10.0,7837.0,212.0
2021-01-05 09:44:37.231,0.356,0.354,1.0,0.3533,10.0,7837.0,212.0
2021-01-05 09:44:37.751,0.356,0.354,1.0,0.353,10.0,7837.0,212.0
2021-01-05 09:44:38.201,0.356,0.354,1.0,0.3533,10.0,7837.0,212.0
2021-01-05 09:44:39.661,0.356,0.354,1.0,0.353,23.0,7837.0,212.0
2021-01-05 09:44:40.220,0.356,0.354,1.0,0.353,10.0,7837.0,212.0
2021-01-05 09:44:40.740,0.356,0.354,14.0,0.353,10.0,7837.0,212.0
2021-01-05 09:44:41.211,0.356,0.354,1.0,0.3528,10.0,7837.0,212.0
2021-01-05 09:44:41.730,0.356,0.3539,13.0,0.3528,10.0,7837.0,212.0
2021-01-05 09:44:42.250,0.356,0.3539,13.0,0.3529,23.0,7837.0,212.0
2021-01-05 09:44:42.640,0.356,0.354,1.0,0.3529,23.0,7837.0,212.0
2021-01-05 09:44:43.251,0.356,0.354,14.0,0.3529,23.0,7837.0,212.0
2021-01-05 09:44:43.760,0.356,0.354,13.0,0.3529,23.0,7837.0,212.0
2021-01-05 09:44:44.260,0.356,0.3541,20.0,0.3529,23.0,7837.0,212.0
2021-01-05 09:44:44.761,0.356,0.3539,10.0,0.3529,13.0,7837.0,212.0
2021-01-05 09:44:45.261,0.353,0.3543,10.0,0.3529,13.0,7837.0,222.0
2021-01-05 09:44:45.760,0.353,0.3546,30.0,0.3529,13.0,7837.0,222.0
2021-01-05 09:44:46.271,0.353,0.3544,10.0,0.3529,13.0,7837.0,222.0
2021-01-05 09:44:46.771,0.353,0.3546,40.0,0.3529,13.0,7837.0,222.0
2021-01-05 09:44:47.251,0.353,0.3546,30.0,0.3529,13.0,7837.0,222.0
2021-01-05 09:44:49.270,0.353,0.3546,30.0,0.3529,13.0,7837.0,222.0
2021-01-05 09:44:49.800,0.353,0.3545,13.0,0.3529,13.0,7837.0,222.0
2021-01-05 09:44:50.300,0.353,0.3545,13.0,0.353,10.0,7837.0,222.0
2021-01-05 09:44:50.811,0.353,0.3545,13.0,0.353,10.0,7837.0,222.0
2021-01-05 09:44:51.231,0.353,0.3545,13.0,0.3531,13.0,7837.0,222.0
2021-01-05 09:44:51.810,0.353,0.3545,13.0,0.3531,13.0,7837.0,222.0
2021-01-05 09:44:52.311,0.353,0.3545,13.0,0.3531,13.0,7837.0,222.0
2021-01-05 09:44:53.201,0.353,0.3545,23.0,0.3532,10.0,7837.0,222.0
2021-01-05 09:44:53.621,0.353,0.3545,13.0,0.3531,10.0,7837.0,222.0
2021-01-05 09:44:54.201,0.353,0.3545,13.0,0.3531,23.0,7837.0,222.0
2021-01-05 09:44:54.960,0.353,0.3545,13.0,0.3531,10.0,7837.0,222.0
2021-01-05 09:44:55.700,0.353,0.3545,13.0,0.3531,10.0,7837.0,222.0
2021-01-05 09:44:56.171,0.353,0.3545,13.0,0.3531,23.0,7837.0,222.0
2021-01-05 09:44:56.641,0.353,0.3545,13.0,0.3531,10.0,7837.0,222.0
2021-01-05 09:44:57.680,0.353,0.3545,33.0,0.3531,10.0,7837.0,222.0
2021-01-05 09:44:58.120,0.353,0.3545,33.0,0.3531,10.0,7837.0,222.0
2021-01-05 09:44:58.720,0.3531,0.3543,14.0,0.352,10.0,7837.0,232.0
2021-01-05 09:44:59.190,0.3531,0.3543,14.0,0.3521,13.0,7837.0,232.0
2021-01-05 09:44:59.711,0.3531,0.3543,14.0,0.3521,13.0,7837.0,232.0
2021-01-05 09:45:00.061,0.3531,0.3543,24.0,0.3521,13.0,7837.0,232.0
2021-01-05 09:45:00.591,0.3531,0.3542,10.0,0.3521,13.0,7837.0,232.0
2021-01-05 09:45:01.221,0.3531,0.3538,14.0,0.352,10.0,7837.0,232.0
2021-01-05 09:45:01.680,0.3531,0.3535,10.0,0.352,10.0,7837.0,232.0
2021-01-05 09:45:02.061,0.3531,0.3534,13.0,0.3513,14.0,7837.0,232.0
2021-01-05 09:45:02.621,0.3531,0.353,10.0,0.3513,14.0,7837.0,232.0
2021-01-05 09:45:03.190,0.3531,0.353,30.0,0.3513,14.0,7837.0,232.0
2021-01-05 09:45:03.680,0.3531,0.3529,13.0,0.3513,14.0,7837.0,232.0
2021-01-05 09:45:04.191,0.3531,0.3529,13.0,0.3514,10.0,7837.0,232.0
2021-01-05 09:45:04.700,0.3531,0.3521,10.0,0.3515,13.0,7837.0,232.0
2021-01-05 09:45:05.221,0.3531,0.3515,9.0,0.3514,10.0,7837.0,232.0
2021-01-05 09:45:05.720,0.3514,0.3515,9.0,0.3514,8.0,7837.0,234.0
2021-01-05 09:45:06.220,0.3514,0.3515,9.0,0.3514,8.0,7837.0,234.0
2021-01-05 09:45:06.721,0.3514,0.3515,9.0,0.3504,10.0,7837.0,242.0
2021-01-05 09:45:07.130,0.3515,0.3521,10.0,0.3512,10.0,7837.0,243.0
2021-01-05 09:45:07.651,0.3515,0.352,13.0,0.3513,10.0,7837.0,243.0
2021-01-05 09:45:08.181,0.3515,0.3524,30.0,0.3512,10.0,7837.0,243.0
2021-01-05 09:45:08.700,0.3515,0.3515,10.0,0.3503,10.0,7837.0,243.0
2021-01-05 09:45:09.190,0.3515,0.3517,10.0,0.3505,10.0,7837.0,243.0
2021-01-05 09:45:09.720,0.3515,0.3515,10.0,0.3503,10.0,7837.0,243.0
2021-01-05 09:45:10.200,0.3515,0.3517,10.0,0.3505,10.0,7837.0,243.0
2021-01-05 09:45:10.700,0.3515,0.3518,10.0,0.3505,10.0,7837.0,243.0
