,last,ask1,asize1,bid1,bsize1,oi,volume
2021-01-05 09:25:00.080,,0.7497,1.0,0.7163,1.0,450.0,
2021-01-05 09:30:00.451,,0.7556,1.0,0.7267,20.0,450.0,
2021-01-05 09:30:00.991,,0.7324,20.0,0.7238,20.0,450.0,
2021-01-05 09:30:01.481,,0.7324,20.0,0.7017,1.0,450.0,
2021-01-05 09:30:01.990,,0.7317,20.0,0.7231,20.0,450.0,
2021-01-05 09:30:02.440,,0.7306,20.0,0.7221,20.0,450.0,
2021-01-05 09:30:03.010,,0.7317,20.0,0.723,20.0,450.0,
2021-01-05 09:30:03.980,,0.7327,20.0,0.7241,20.0,450.0,
2021-01-05 09:30:04.430,,0.7316,20.0,0.723,20.0,450.0,
2021-01-05 09:30:05.010,,0.73,20.0,0.7213,20.0,450.0,
2021-01-05 09:30:05.990,,0.729,20.0,0.2953,3.0,450.0,
2021-01-05 09:30:06.480,,0.73,20.0,0.2954,65.0,450.0,
2021-01-05 09:30:15.991,,0.73,20.0,0.2954,65.0,450.0,
2021-01-05 09:30:16.531,,0.73,20.0,0.2955,1.0,450.0,
2021-01-05 09:30:19.251,,1.1802,3.0,0.2955,1.0,450.0,
2021-01-05 09:30:19.751,,1.1801,65.0,0.2955,1.0,450.0,
2021-01-05 09:30:20.240,,1.1801,65.0,0.2954,65.0,450.0,
2021-01-05 09:30:20.740,,1.1801,65.0,0.2954,65.0,450.0,
2021-01-05 09:30:21.741,,1.18,1.0,0.2954,65.0,450.0,
2021-01-05 09:30:22.240,,1.1666,22.0,0.2954,65.0,450.0,
2021-01-05 09:30:22.671,,1.1665,60.0,0.2954,65.0,450.0,
2021-01-05 09:30:23.170,,1.1665,60.0,0.2954,65.0,450.0,
2021-01-05 09:30:23.670,,1.1665,61.0,0.2954,65.0,450.0,
2021-01-05 09:30:25.671,,0.7295,10.0,0.7113,10.0,450.0,
2021-01-05 09:30:26.171,,0.7259,20.0,0.7173,20.0,450.0,
2021-01-05 09:30:26.670,,0.7259,20.0,0.7173,20.0,450.0,
2021-01-05 09:30:27.170,,0.7259,20.0,0.7173,20.0,450.0,
2021-01-05 09:30:28.670,,0.7259,20.0,0.7173,20.0,450.0,
2021-01-05 09:30:30.620,,0.7268,20.0,0.7181,20.0,450.0,
2021-01-05 09:30:31.631,,0.7274,20.0,0.7188,20.0,450.0,
2021-01-05 09:30:32.631,,0.7281,20.0,0.7195,20.0,450.0,
2021-01-05 09:30:36.170,,0.7273,20.0,0.7188,20.0,450.0,
2021-01-05 09:30:38.700,,0.7281,20.0,0.7188,20.0,450.0,
2021-01-05 09:30:39.201,,0.7275,20.0,0.7188,20.0,450.0,
2021-01-05 09:30:42.671,,0.7281,20.0,0.7188,20.0,450.0,
2021-01-05 09:30:43.180,,0.7281,20.0,0.7195,20.0,450.0,
2021-01-05 09:30:43.681,,0.7281,20.0,0.7195,20.0,450.0,
2021-01-05 09:30:45.710,,0.7287,20.0,0.7201,20.0,450.0,
2021-01-05 09:30:46.671,,0.7293,20.0,0.7207,20.0,450.0,
2021-01-05 09:30:47.691,,0.7293,20.0,0.7214,20.0,450.0,
2021-01-05 09:30:48.200,,0.7293,20.0,0.7214,20.0,450.0,
2021-01-05 09:30:48.711,,0.7293,20.0,0.7214,20.0,450.0,
2021-01-05 09:30:50.720,,0.7293,20.0,0.7207,20.0,450.0,
2021-01-05 09:30:52.651,,0.7293,20.0,0.7216,20.0,450.0,
2021-01-05 09:30:58.660,,0.7293,20.0,0.7207,20.0,450.0,
2021-01-05 09:30:59.640,,0.7286,20.0,0.72,20.0,450.0,
2021-01-05 09:31:00.681,,0.7286,20.0,0.72,20.0,450.0,
2021-01-05 09:31:01.150,,0.7286,20.0,0.72,20.0,450.0,
2021-01-05 09:31:02.170,,0.7286,20.0,0.7163,10.0,450.0,
2021-01-05 09:31:02.681,,0.7278,20.0,0.7195,20.0,450.0,
2021-01-05 09:31:03.680,,0.7271,20.0,0.7185,20.0,450.0,
2021-01-05 09:31:06.160,,0.7278,20.0,0.7191,20.0,450.0,
2021-01-05 09:31:07.190,,0.7284,20.0,0.7198,20.0,450.0,
2021-01-05 09:31:08.650,,0.7295,30.0,0.7212,20.0,450.0,
2021-01-05 09:31:09.101,,0.7295,30.0,0.7204,20.0,450.0,
2021-01-05 09:31:09.701,,0.7295,30.0,0.7204,20.0,450.0,
2021-01-05 09:31:12.621,,0.7286,20.0,0.7198,20.0,450.0,
2021-01-05 09:31:13.170,,0.7295,30.0,0.7207,20.0,450.0,
2021-01-05 09:31:13.710,,0.7295,30.0,0.7207,20.0,450.0,
2021-01-05 09:31:14.200,,0.7295,30.0,0.7207,20.0,450.0,
2021-01-05 09:31:15.110,,0.7284,20.0,0.7198,20.0,450.0,
2021-01-05 09:31:17.201,,0.7295,30.0,0.7205,20.0,450.0,
2021-01-05 09:31:18.201,,0.7295,30.0,0.7205,20.0,450.0,
2021-01-05 09:31:19.150,,0.7295,30.0,0.7218,20.0,450.0,
2021-01-05 09:31:19.721,,0.7295,30.0,0.7212,20.0,450.0,
2021-01-05 09:31:21.671,,0.7295,30.0,0.7205,20.0,450.0,
2021-01-05 09:31:22.211,,0.7287,20.0,0.7205,20.0,450.0,
2021-01-05 09:31:22.620,,0.7287,20.0,0.7205,20.0,450.0,
2021-01-05 09:31:23.171,,0.7269,10.0,0.7205,20.0,450.0,
2021-01-05 09:31:23.640,,0.7269,30.0,0.7205,20.0,450.0,
2021-01-05 09:31:24.660,,0.7269,30.0,0.7205,20.0,450.0,
2021-01-05 09:31:25.640,,0.7269,30.0,0.7211,20.0,450.0,
2021-01-05 09:31:26.681,,0.7269,30.0,0.7205,20.0,450.0,
2021-01-05 09:31:34.681,,0.7269,30.0,0.7199,20.0,450.0,
2021-01-05 09:31:35.190,,0.7269,30.0,0.7199,20.0,450.0,
2021-01-05 09:31:36.181,,0.7269,30.0,0.7205,20.0,450.0,
2021-01-05 09:31:37.191,,0.7269,30.0,0.7206,2.0,450.0,
2021-01-05 09:31:38.190,,0.7269,30.0,0.7214,20.0,450.0,
2021-01-05 09:31:39.210,,0.7269,30.0,0.7215,2.0,450.0,
2021-01-05 09:31:39.710,,0.7269,30.0,0.7215,2.0,450.0,
2021-01-05 09:31:40.711,,0.7274,10.0,0.7222,20.0,450.0,
2021-01-05 09:31:41.700,,0.7287,20.0,0.7222,20.0,450.0,
2021-01-05 09:31:42.211,,0.7287,20.0,0.7223,2.0,450.0,
2021-01-05 09:31:44.691,,0.727,10.0,0.7223,2.0,450.0,
2021-01-05 09:31:45.170,,0.727,30.0,0.7223,2.0,450.0,
2021-01-05 09:31:45.700,,0.7278,20.0,0.7223,2.0,450.0,
2021-01-05 09:31:46.171,,0.7287,20.0,0.7223,2.0,450.0,
2021-01-05 09:31:49.711,,0.7287,20.0,0.7223,2.0,450.0,
2021-01-05 09:31:50.191,,0.7287,20.0,0.7223,2.0,450.0,
2021-01-05 09:31:50.710,,0.729,20.0,0.7238,10.0,450.0,
2021-01-05 09:31:51.210,,0.729,20.0,0.7239,1.0,450.0,
2021-01-05 09:31:51.701,,0.729,20.0,0.7239,1.0,450.0,
2021-01-05 09:31:52.621,,0.7295,10.0,0.7243,20.0,450.0,
2021-01-05 09:31:53.171,,0.7297,20.0,0.7243,20.0,450.0,
2021-01-05 09:31:53.640,,0.7297,20.0,0.725,10.0,450.0,
2021-01-05 09:31:54.151,,0.7297,20.0,0.725,30.0,450.0,
2021-01-05 09:31:54.681,,0.7304,30.0,0.725,30.0,450.0,
2021-01-05 09:31:55.150,,0.7304,30.0,0.725,30.0,450.0,
2021-01-05 09:31:56.110,,0.7304,30.0,0.7251,2.0,450.0,
2021-01-05 09:31:57.171,,0.7304,20.0,0.7251,2.0,450.0,
2021-01-05 09:31:58.171,,0.7317,30.0,0.7251,2.0,450.0,
2021-01-05 09:31:59.180,,0.7317,20.0,0.7251,2.0,450.0,
2021-01-05 09:32:04.150,,0.7311,20.0,0.7251,2.0,450.0,
2021-01-05 09:32:04.661,,0.7317,20.0,0.7251,2.0,450.0,
2021-01-05 09:32:05.660,,0.7317,20.0,0.7251,2.0,450.0,
2021-01-05 09:32:06.161,,0.7317,20.0,0.7252,2.0,450.0,
2021-01-05 09:32:06.680,,0.7324,30.0,0.7252,22.0,450.0,
2021-01-05 09:32:07.070,,0.7324,30.0,0.7252,22.0,450.0,
2021-01-05 09:32:11.170,,0.7324,20.0,0.7252,22.0,450.0,
2021-01-05 09:32:16.151,,0.7324,20.0,0.7253,2.0,450.0,
2021-01-05 09:32:20.151,,0.7324,20.0,0.7259,10.0,450.0,
2021-01-05 09:32:20.671,,0.7324,20.0,0.7259,30.0,450.0,
2021-01-05 09:32:21.171,,0.7324,20.0,0.726,2.0,450.0,
2021-01-05 09:32:21.680,,0.7314,10.0,0.726,2.0,450.0,
2021-01-05 09:32:22.181,,0.7314,30.0,0.726,2.0,450.0,
2021-01-05 09:32:24.160,,0.7314,30.0,0.726,2.0,450.0,
2021-01-05 09:32:31.151,,0.7314,30.0,0.7261,2.0,450.0,
2021-01-05 09:32:31.631,,0.7314,20.0,0.7261,2.0,450.0,
2021-01-05 09:32:32.121,,0.7321,10.0,0.7261,2.0,450.0,
2021-01-05 09:32:34.171,,0.7321,10.0,0.7261,2.0,450.0,
2021-01-05 09:32:41.200,,0.7321,10.0,0.7262,1.0,450.0,
2021-01-05 09:32:48.690,,0.7324,20.0,0.7267,10.0,450.0,
2021-01-05 09:32:49.190,,0.7331,30.0,0.7268,2.0,450.0,
2021-01-05 09:32:49.670,,0.7331,10.0,0.7278,20.0,450.0,
2021-01-05 09:32:50.171,,0.7331,10.0,0.7292,20.0,450.0,
2021-01-05 09:32:50.700,,0.7337,20.0,0.7272,10.0,450.0,
2021-01-05 09:32:51.170,,0.7351,10.0,0.7283,20.0,450.0,
2021-01-05 09:32:51.701,,0.7344,10.0,0.7283,20.0,450.0,
2021-01-05 09:32:52.191,,0.7344,10.0,0.7293,20.0,450.0,
2021-01-05 09:32:52.671,,0.7344,10.0,0.7284,2.0,450.0,
2021-01-05 09:32:53.161,,0.7349,20.0,0.7284,2.0,450.0,
2021-01-05 09:32:53.641,,0.7356,20.0,0.7284,2.0,450.0,
2021-01-05 09:32:54.181,,0.7356,10.0,0.7284,2.0,450.0,
2021-01-05 09:32:55.170,,0.7356,10.0,0.7284,2.0,450.0,
2021-01-05 09:32:56.611,,0.7356,10.0,0.7284,2.0,450.0,
2021-01-05 09:33:01.671,,0.7353,20.0,0.7284,2.0,450.0,
2021-01-05 09:33:02.130,,0.7353,20.0,0.7285,2.0,450.0,
2021-01-05 09:33:02.651,,0.7347,20.0,0.7285,2.0,450.0,
2021-01-05 09:33:03.171,,0.7334,10.0,0.7285,2.0,450.0,
2021-01-05 09:33:03.681,,0.7334,10.0,0.7283,22.0,450.0,
2021-01-05 09:33:04.140,,0.7332,20.0,0.7283,20.0,450.0,
2021-01-05 09:33:04.651,,0.7332,20.0,0.7275,20.0,450.0,
2021-01-05 09:33:05.181,,0.7332,20.0,0.7276,2.0,450.0,
2021-01-05 09:33:05.690,,0.7324,20.0,0.7273,2.0,450.0,
2021-01-05 09:33:06.170,,0.7318,20.0,0.7268,20.0,450.0,
2021-01-05 09:33:06.681,,0.7318,20.0,0.727,2.0,450.0,
2021-01-05 09:33:07.171,,0.7318,20.0,0.7262,1.0,450.0,
2021-01-05 09:33:07.601,,0.7318,20.0,0.7271,2.0,450.0,
2021-01-05 09:33:08.191,,0.7324,20.0,0.7271,2.0,450.0,
2021-01-05 09:33:09.181,,0.7333,20.0,0.7271,2.0,450.0,
2021-01-05 09:33:10.180,,0.7327,20.0,0.7271,2.0,450.0,
2021-01-05 09:33:10.681,,0.7308,10.0,0.727,20.0,450.0,
2021-01-05 09:33:11.180,,0.7308,30.0,0.727,20.0,450.0,
2021-01-05 09:33:11.670,,0.7308,30.0,0.727,20.0,450.0,
2021-01-05 09:33:12.650,,0.7308,30.0,0.7271,2.0,450.0,
2021-01-05 09:33:13.691,,0.7308,30.0,0.7271,2.0,450.0,
2021-01-05 09:33:15.651,,0.7308,30.0,0.7268,2.0,450.0,
2021-01-05 09:33:16.671,,0.7308,30.0,0.7262,1.0,450.0,
2021-01-05 09:33:17.190,,0.7308,30.0,0.7262,1.0,450.0,
2021-01-05 09:33:17.691,,0.7308,30.0,0.7262,1.0,450.0,
2021-01-05 09:33:18.160,,0.7308,30.0,0.7253,20.0,450.0,
2021-01-05 09:33:18.680,,0.7308,30.0,0.7259,2.0,450.0,
2021-01-05 09:33:19.191,,0.7308,30.0,0.7259,2.0,450.0,
2021-01-05 09:33:19.660,,0.7308,30.0,0.7246,30.0,450.0,
2021-01-05 09:33:20.171,,0.7289,10.0,0.7247,2.0,450.0,
2021-01-05 09:33:20.680,,0.7289,10.0,0.7247,2.0,450.0,
2021-01-05 09:33:21.160,,0.7289,30.0,0.7247,2.0,450.0,
2021-01-05 09:33:21.681,,0.7289,10.0,0.7247,2.0,450.0,
2021-01-05 09:33:22.150,,0.7289,30.0,0.7247,2.0,450.0,
2021-01-05 09:33:22.670,,0.7289,10.0,0.7247,2.0,450.0,
2021-01-05 09:33:23.151,,0.7289,30.0,0.7247,2.0,450.0,
2021-01-05 09:33:23.660,,0.7289,10.0,0.7247,2.0,450.0,
2021-01-05 09:33:24.171,,0.7289,30.0,0.7247,2.0,450.0,
2021-01-05 09:33:26.161,,0.7289,20.0,0.7247,2.0,450.0,
2021-01-05 09:33:27.171,,0.7301,20.0,0.7247,2.0,450.0,
2021-01-05 09:33:28.670,,0.7301,20.0,0.7247,2.0,450.0,
2021-01-05 09:33:30.180,,0.7301,20.0,0.7248,2.0,450.0,
2021-01-05 09:33:30.670,,0.7301,20.0,0.7248,2.0,450.0,
2021-01-05 09:33:37.640,,0.7288,10.0,0.7247,2.0,450.0,
2021-01-05 09:33:38.120,,0.7288,10.0,0.7247,2.0,450.0,
2021-01-05 09:33:38.621,,0.7288,30.0,0.7247,2.0,450.0,
2021-01-05 09:33:39.201,,0.7288,10.0,0.7248,2.0,450.0,
2021-01-05 09:33:39.641,,0.7288,30.0,0.7248,2.0,450.0,
2021-01-05 09:33:40.160,,0.7288,10.0,0.7248,2.0,450.0,
2021-01-05 09:33:40.690,,0.7288,20.0,0.7248,2.0,450.0,
2021-01-05 09:33:41.161,,0.7301,20.0,0.7248,2.0,450.0,
2021-01-05 09:33:42.640,,0.7301,20.0,0.7248,2.0,450.0,
2021-01-05 09:33:43.681,,0.7301,20.0,0.7248,2.0,450.0,
2021-01-05 09:33:46.680,,0.7301,20.0,0.7254,10.0,450.0,
2021-01-05 09:33:47.191,,0.7313,30.0,0.7255,2.0,450.0,
2021-01-05 09:33:47.681,,0.7313,30.0,0.7255,2.0,450.0,
2021-01-05 09:33:50.130,,0.7313,20.0,0.7255,2.0,450.0,
2021-01-05 09:33:52.661,,0.7313,20.0,0.7255,2.0,450.0,
2021-01-05 09:33:53.171,,0.732,30.0,0.7255,2.0,450.0,
2021-01-05 09:33:53.650,,0.732,30.0,0.7255,2.0,450.0,
2021-01-05 09:33:54.610,,0.732,30.0,0.7255,2.0,450.0,
2021-01-05 09:33:57.171,,0.732,30.0,0.7256,2.0,450.0,
2021-01-05 09:33:58.170,,0.732,20.0,0.7266,10.0,450.0,
2021-01-05 09:33:58.670,,0.7328,30.0,0.7266,30.0,450.0,
2021-01-05 09:33:59.140,,0.7328,20.0,0.7266,30.0,450.0,
2021-01-05 09:34:00.191,,0.7328,20.0,0.7279,10.0,450.0,
2021-01-05 09:34:00.671,,0.7337,30.0,0.7279,30.0,450.0,
2021-01-05 09:34:01.140,,0.7337,30.0,0.728,1.0,450.0,
2021-01-05 09:34:01.661,,0.7337,20.0,0.728,1.0,450.0,
2021-01-05 09:34:02.170,,0.7337,20.0,0.728,1.0,450.0,
2021-01-05 09:34:06.681,,0.7337,20.0,0.7291,10.0,450.0,
2021-01-05 09:34:07.130,,0.7345,30.0,0.7292,2.0,450.0,
2021-01-05 09:34:07.651,,0.7345,30.0,0.7292,2.0,450.0,
2021-01-05 09:34:08.171,,0.7345,20.0,0.7295,10.0,450.0,
2021-01-05 09:34:08.690,,0.7352,30.0,0.7296,2.0,450.0,
2021-01-05 09:34:09.170,,0.7352,30.0,0.7296,2.0,450.0,
2021-01-05 09:34:10.140,,0.7352,30.0,0.7296,2.0,450.0,
2021-01-05 09:34:11.681,,0.734,10.0,0.7296,2.0,450.0,
2021-01-05 09:34:12.121,,0.734,30.0,0.7296,2.0,450.0,
2021-01-05 09:34:12.640,,0.734,30.0,0.7296,2.0,450.0,
2021-01-05 09:34:14.181,,0.734,30.0,0.7292,2.0,450.0,
2021-01-05 09:34:14.691,,0.7336,10.0,0.7285,20.0,450.0,
2021-01-05 09:34:15.181,,0.7336,10.0,0.7286,2.0,450.0,
2021-01-05 09:34:15.681,,0.7336,10.0,0.7286,22.0,450.0,
2021-01-05 09:34:17.690,,0.734,30.0,0.7286,22.0,450.0,
2021-01-05 09:34:18.620,,0.734,30.0,0.7286,22.0,450.0,
2021-01-05 09:34:21.690,,0.734,20.0,0.7292,10.0,450.0,
2021-01-05 09:34:22.151,,0.7348,10.0,0.7293,2.0,450.0,
2021-01-05 09:34:22.651,,0.7348,10.0,0.7293,2.0,450.0,
2021-01-05 09:34:24.600,,0.7348,10.0,0.7293,2.0,450.0,
2021-01-05 09:34:32.150,,0.7348,10.0,0.7294,2.0,450.0,
2021-01-05 09:34:33.691,,0.7352,20.0,0.7299,10.0,450.0,
2021-01-05 09:34:34.171,,0.7352,20.0,0.7299,30.0,450.0,
2021-01-05 09:34:35.670,,0.7352,20.0,0.7299,30.0,450.0,
2021-01-05 09:34:36.171,,0.7352,20.0,0.73,2.0,450.0,
2021-01-05 09:34:37.700,,0.7352,20.0,0.731,10.0,450.0,
2021-01-05 09:34:38.171,,0.7352,20.0,0.731,30.0,450.0,
2021-01-05 09:34:38.611,,0.7352,20.0,0.7312,10.0,450.0,
2021-01-05 09:34:39.091,,0.7352,20.0,0.7312,10.0,450.0,
2021-01-05 09:34:40.171,,0.7356,10.0,0.7312,10.0,450.0,
2021-01-05 09:34:40.651,,0.7356,10.0,0.7312,10.0,450.0,
2021-01-05 09:34:41.201,,0.7356,30.0,0.7313,2.0,450.0,
2021-01-05 09:34:41.700,,0.7356,10.0,0.7313,2.0,450.0,
2021-01-05 09:34:45.721,,0.7356,10.0,0.7313,2.0,450.0,
2021-01-05 09:34:47.701,,0.7356,10.0,0.7327,10.0,450.0,
2021-01-05 09:34:48.141,,0.7356,10.0,0.7328,1.0,450.0,
2021-01-05 09:34:49.701,,0.7356,10.0,0.7328,1.0,450.0,
2021-01-05 09:34:51.701,,0.7356,30.0,0.7328,1.0,450.0,
2021-01-05 09:34:53.180,,0.7356,10.0,0.7328,1.0,450.0,
2021-01-05 09:34:54.170,,0.7356,10.0,0.7328,1.0,450.0,
2021-01-05 09:34:54.631,0.7356,0.7376,20.0,0.7328,1.0,450.0,10.0
2021-01-05 09:34:55.161,0.7356,0.7382,30.0,0.7328,1.0,450.0,10.0
2021-01-05 09:34:55.591,0.7356,0.7382,10.0,0.7341,10.0,450.0,10.0
2021-01-05 09:34:56.051,0.7356,0.7382,10.0,0.7348,10.0,450.0,10.0
2021-01-05 09:34:56.681,0.7356,0.7382,10.0,0.7348,30.0,450.0,10.0
2021-01-05 09:34:57.171,0.7356,0.7382,10.0,0.7348,30.0,450.0,10.0
2021-01-05 09:34:57.670,0.7356,0.7382,10.0,0.7348,30.0,450.0,10.0
2021-01-05 09:34:58.160,0.7356,0.7399,20.0,0.7349,2.0,450.0,10.0
2021-01-05 09:34:59.151,0.7356,0.7405,30.0,0.7349,2.0,450.0,10.0
2021-01-05 09:35:00.160,0.7356,0.7405,20.0,0.7349,2.0,450.0,10.0
2021-01-05 09:35:00.630,0.7356,0.7405,20.0,0.7355,10.0,450.0,10.0
2021-01-05 09:35:01.080,0.7356,0.7405,20.0,0.7356,2.0,450.0,10.0
2021-01-05 09:35:03.660,0.7356,0.7405,20.0,0.7356,2.0,450.0,10.0
2021-01-05 09:35:04.181,0.7356,0.7405,20.0,0.7356,2.0,450.0,10.0
2021-01-05 09:35:04.661,0.7356,0.7405,20.0,0.7356,2.0,450.0,10.0
2021-01-05 09:35:05.671,0.7356,0.7405,20.0,0.7356,22.0,450.0,10.0
2021-01-05 09:35:07.131,0.7356,0.7405,20.0,0.7356,22.0,450.0,10.0
2021-01-05 09:35:07.650,0.7356,0.7405,20.0,0.7365,10.0,450.0,10.0
2021-01-05 09:35:08.190,0.7356,0.7415,30.0,0.7366,2.0,450.0,10.0
2021-01-05 09:35:09.191,0.7356,0.7415,20.0,0.7378,10.0,450.0,10.0
2021-01-05 09:35:09.700,0.7356,0.7415,20.0,0.7378,10.0,450.0,10.0
2021-01-05 09:35:10.180,0.7356,0.7421,30.0,0.7378,30.0,450.0,10.0
2021-01-05 09:35:10.691,0.7356,0.7421,20.0,0.7378,30.0,450.0,10.0
2021-01-05 09:35:10.960,0.7356,0.7427,30.0,0.7378,30.0,450.0,10.0
2021-01-05 09:35:12.101,0.7356,0.7427,30.0,0.7378,30.0,450.0,10.0
2021-01-05 09:35:13.181,0.7356,0.7427,30.0,0.7379,2.0,450.0,10.0
2021-01-05 09:35:13.640,0.7356,0.7418,10.0,0.7378,10.0,450.0,10.0
2021-01-05 09:35:14.191,0.7356,0.7411,10.0,0.7366,2.0,450.0,10.0
2021-01-05 09:35:14.691,0.7356,0.7411,10.0,0.7362,10.0,450.0,10.0
2021-01-05 09:35:15.200,0.7356,0.7411,30.0,0.7363,2.0,450.0,10.0
2021-01-05 09:35:15.701,0.7356,0.7411,10.0,0.7363,2.0,450.0,10.0
2021-01-05 09:35:16.151,0.7356,0.7411,30.0,0.7363,2.0,450.0,10.0
2021-01-05 09:35:18.681,0.7356,0.7411,30.0,0.7363,2.0,450.0,10.0
2021-01-05 09:35:19.180,0.7356,0.7401,10.0,0.7363,2.0,450.0,10.0
2021-01-05 09:35:19.641,0.7356,0.7401,30.0,0.7361,2.0,450.0,10.0
2021-01-05 09:35:20.681,0.7356,0.7401,30.0,0.7361,2.0,450.0,10.0
2021-01-05 09:35:21.620,0.7356,0.7411,20.0,0.7365,10.0,450.0,10.0
2021-01-05 09:35:22.171,0.7356,0.7411,20.0,0.7366,2.0,450.0,10.0
2021-01-05 09:35:22.581,0.7356,0.7411,20.0,0.7366,2.0,450.0,10.0
2021-01-05 09:35:23.130,0.7356,0.7411,20.0,0.7366,22.0,450.0,10.0
2021-01-05 09:35:27.641,0.7356,0.7411,20.0,0.7366,22.0,450.0,10.0
2021-01-05 09:35:32.161,0.7356,0.7411,20.0,0.7367,1.0,450.0,10.0
2021-01-05 09:35:33.191,0.7356,0.7411,20.0,0.7375,10.0,450.0,10.0
2021-01-05 09:35:33.650,0.7356,0.7417,20.0,0.7375,30.0,450.0,10.0
2021-01-05 09:35:34.190,0.7356,0.7424,30.0,0.7376,2.0,450.0,10.0
2021-01-05 09:35:35.631,0.7356,0.7424,20.0,0.7386,10.0,450.0,10.0
2021-01-05 09:35:36.581,0.7356,0.7436,30.0,0.7386,30.0,450.0,10.0
2021-01-05 09:35:37.171,0.7356,0.7436,30.0,0.7387,2.0,450.0,10.0
2021-01-05 09:35:38.651,0.7356,0.7436,30.0,0.7387,2.0,450.0,10.0
2021-01-05 09:35:40.191,0.7356,0.7436,30.0,0.7386,30.0,450.0,10.0
2021-01-05 09:35:40.691,0.7356,0.7436,30.0,0.7386,32.0,450.0,10.0
2021-01-05 09:35:41.190,0.7356,0.7436,30.0,0.7386,32.0,450.0,10.0
2021-01-05 09:35:41.680,0.7356,0.7426,10.0,0.7386,20.0,450.0,10.0
2021-01-05 09:35:42.160,0.7356,0.7426,10.0,0.7387,2.0,450.0,10.0
2021-01-05 09:35:42.410,0.7356,0.7426,30.0,0.7387,2.0,450.0,10.0
2021-01-05 09:35:43.661,0.7356,0.7426,30.0,0.7386,20.0,450.0,10.0
2021-01-05 09:35:44.101,0.7356,0.7426,30.0,0.7386,2.0,450.0,10.0
2021-01-05 09:35:45.071,0.7356,0.7436,20.0,0.7389,10.0,450.0,10.0
2021-01-05 09:35:45.670,0.7356,0.7436,20.0,0.7389,10.0,450.0,10.0
2021-01-05 09:35:46.170,0.7356,0.7436,20.0,0.739,2.0,450.0,10.0
2021-01-05 09:35:46.700,0.7356,0.7436,20.0,0.7399,10.0,450.0,10.0
2021-01-05 09:35:47.201,0.7356,0.7448,30.0,0.7399,30.0,450.0,10.0
2021-01-05 09:35:47.591,0.7356,0.7448,30.0,0.7399,30.0,450.0,10.0
2021-01-05 09:35:48.181,0.7356,0.7448,30.0,0.7399,30.0,450.0,10.0
2021-01-05 09:35:49.190,0.7356,0.7448,30.0,0.74,2.0,450.0,10.0
2021-01-05 09:35:54.640,0.7356,0.7448,30.0,0.74,2.0,450.0,10.0
2021-01-05 09:35:55.181,0.7356,0.7438,10.0,0.74,2.0,450.0,10.0
2021-01-05 09:35:55.691,0.7356,0.7438,30.0,0.7393,20.0,450.0,10.0
2021-01-05 09:35:56.140,0.7356,0.7438,30.0,0.7394,2.0,450.0,10.0
2021-01-05 09:35:57.681,0.7356,0.7438,30.0,0.7394,2.0,450.0,10.0
2021-01-05 09:36:00.201,0.7356,0.7438,20.0,0.7399,10.0,450.0,10.0
2021-01-05 09:36:00.680,0.7356,0.7448,20.0,0.7399,30.0,450.0,10.0
2021-01-05 09:36:01.181,0.7356,0.7448,20.0,0.74,2.0,450.0,10.0
2021-01-05 09:36:02.170,0.7356,0.7448,20.0,0.74,2.0,450.0,10.0
2021-01-05 09:36:03.150,0.7356,0.7438,10.0,0.7394,2.0,450.0,10.0
2021-01-05 09:36:03.700,0.7356,0.7438,30.0,0.7394,2.0,450.0,10.0
2021-01-05 09:36:04.201,0.7356,0.7438,30.0,0.7394,2.0,450.0,10.0
2021-01-05 09:36:04.620,0.7356,0.7438,30.0,0.7394,2.0,450.0,10.0
2021-01-05 09:36:06.180,0.7356,0.7438,30.0,0.7395,2.0,450.0,10.0
2021-01-05 09:36:09.161,0.7356,0.7438,30.0,0.7395,2.0,450.0,10.0
2021-01-05 09:36:10.160,0.7356,0.7426,10.0,0.7393,20.0,450.0,10.0
2021-01-05 09:36:10.671,0.7356,0.7426,10.0,0.7387,20.0,450.0,10.0
2021-01-05 09:36:11.180,0.7356,0.7426,30.0,0.7388,2.0,450.0,10.0
2021-01-05 09:36:16.150,0.7356,0.7426,30.0,0.7388,2.0,450.0,10.0
2021-01-05 09:36:18.680,0.7356,0.7426,30.0,0.7387,20.0,450.0,10.0
2021-01-05 09:36:19.151,0.7356,0.7426,30.0,0.7389,2.0,450.0,10.0
2021-01-05 09:36:19.691,0.7356,0.7426,30.0,0.7388,2.0,450.0,10.0
2021-01-05 09:36:20.161,0.7356,0.7426,30.0,0.7389,20.0,450.0,10.0
2021-01-05 09:36:20.690,0.7356,0.7426,30.0,0.7389,20.0,450.0,10.0
2021-01-05 09:36:21.120,0.7356,0.7426,30.0,0.7389,20.0,450.0,10.0
2021-01-05 09:36:21.691,0.7356,0.7426,30.0,0.7389,20.0,450.0,10.0
2021-01-05 09:36:22.171,0.7356,0.7426,30.0,0.7379,30.0,450.0,10.0
2021-01-05 09:36:22.680,0.7356,0.7426,30.0,0.738,2.0,450.0,10.0
2021-01-05 09:36:25.191,0.7356,0.7426,30.0,0.738,2.0,450.0,10.0
2021-01-05 09:36:25.650,0.7356,0.7426,20.0,0.738,2.0,450.0,10.0
2021-01-05 09:36:27.070,0.7356,0.7426,20.0,0.7389,10.0,450.0,10.0
2021-01-05 09:36:27.690,0.7356,0.7426,20.0,0.739,2.0,450.0,10.0
2021-01-05 09:36:28.190,0.7356,0.7438,20.0,0.739,2.0,450.0,10.0
2021-01-05 09:36:28.681,0.7356,0.7438,20.0,0.739,2.0,450.0,10.0
2021-01-05 09:36:29.171,0.7356,0.7438,20.0,0.74,10.0,450.0,10.0
2021-01-05 09:36:30.161,0.7356,0.7448,20.0,0.74,30.0,450.0,10.0
2021-01-05 09:36:30.700,0.7356,0.7448,20.0,0.74,30.0,450.0,10.0
2021-01-05 09:36:32.660,0.7356,0.7448,20.0,0.7401,2.0,450.0,10.0
2021-01-05 09:36:36.700,0.7356,0.7448,20.0,0.7401,2.0,450.0,10.0
2021-01-05 09:36:37.190,0.7356,0.7448,20.0,0.7401,2.0,450.0,10.0
2021-01-05 09:36:41.201,0.7356,0.7448,20.0,0.7401,2.0,450.0,10.0
2021-01-05 09:36:42.200,0.7356,0.7448,20.0,0.7401,2.0,450.0,10.0
2021-01-05 09:36:42.690,0.7356,0.7448,20.0,0.7402,1.0,450.0,10.0
2021-01-05 09:36:45.191,0.7356,0.7448,20.0,0.7402,1.0,450.0,10.0
2021-01-05 09:36:46.190,0.7356,0.7448,20.0,0.741,10.0,450.0,10.0
2021-01-05 09:36:46.651,0.7356,0.7448,20.0,0.7411,2.0,450.0,10.0
2021-01-05 09:36:47.130,0.7356,0.7459,30.0,0.7411,2.0,450.0,10.0
2021-01-05 09:36:47.660,0.7356,0.7459,10.0,0.7411,2.0,450.0,10.0
2021-01-05 09:36:48.130,0.7356,0.7459,30.0,0.7411,2.0,450.0,10.0
2021-01-05 09:36:48.630,0.7356,0.7459,10.0,0.7411,2.0,450.0,10.0
2021-01-05 09:36:49.181,0.7356,0.7459,30.0,0.7411,2.0,450.0,10.0
2021-01-05 09:36:49.700,0.7356,0.7459,10.0,0.7411,2.0,450.0,10.0
2021-01-05 09:36:50.201,0.7356,0.7459,30.0,0.7411,2.0,450.0,10.0
2021-01-05 09:36:50.670,0.7356,0.7459,10.0,0.7411,2.0,450.0,10.0
2021-01-05 09:36:53.680,0.7356,0.7469,10.0,0.742,10.0,450.0,10.0
2021-01-05 09:36:54.180,0.7356,0.7469,10.0,0.7421,2.0,450.0,10.0
2021-01-05 09:36:54.631,0.7356,0.7469,10.0,0.7421,2.0,450.0,10.0
2021-01-05 09:36:55.651,0.7356,0.7469,10.0,0.742,30.0,450.0,10.0
2021-01-05 09:36:56.141,0.7356,0.7459,10.0,0.7421,2.0,450.0,10.0
2021-01-05 09:36:57.601,0.7356,0.7459,30.0,0.7421,2.0,450.0,10.0
2021-01-05 09:37:02.640,0.7356,0.7459,30.0,0.742,22.0,450.0,10.0
2021-01-05 09:37:04.200,0.7356,0.7459,30.0,0.7411,2.0,450.0,10.0
2021-01-05 09:37:04.690,0.7356,0.7459,30.0,0.7412,2.0,450.0,10.0
2021-01-05 09:37:05.701,0.7356,0.7448,10.0,0.7404,20.0,450.0,10.0
2021-01-05 09:37:06.131,0.7356,0.7448,30.0,0.7409,2.0,450.0,10.0
2021-01-05 09:37:06.700,0.7356,0.7448,30.0,0.7409,2.0,450.0,10.0
2021-01-05 09:37:08.630,0.7356,0.7448,30.0,0.7409,2.0,450.0,10.0
2021-01-05 09:37:09.170,0.7356,0.7448,20.0,0.741,10.0,450.0,10.0
2021-01-05 09:37:09.660,0.7356,0.7459,30.0,0.741,30.0,450.0,10.0
2021-01-05 09:37:10.121,0.7356,0.7459,30.0,0.7411,2.0,450.0,10.0
2021-01-05 09:37:10.701,0.7356,0.7459,30.0,0.7411,2.0,450.0,10.0
2021-01-05 09:37:11.201,0.7356,0.7449,10.0,0.7411,2.0,450.0,10.0
2021-01-05 09:37:12.131,0.7356,0.7449,10.0,0.7409,2.0,450.0,10.0
2021-01-05 09:37:13.181,0.7356,0.7449,30.0,0.7409,2.0,450.0,10.0
2021-01-05 09:37:14.171,0.7356,0.7449,30.0,0.7409,2.0,450.0,10.0
2021-01-05 09:37:16.190,0.7356,0.7449,30.0,0.741,2.0,450.0,10.0
2021-01-05 09:37:17.200,0.7356,0.7449,30.0,0.741,22.0,450.0,10.0
2021-01-05 09:37:20.211,0.7356,0.7449,30.0,0.741,22.0,450.0,10.0
2021-01-05 09:37:22.030,0.7356,0.7449,30.0,0.741,20.0,450.0,10.0
2021-01-05 09:37:22.641,0.7356,0.7449,30.0,0.7404,20.0,450.0,10.0
2021-01-05 09:37:23.150,0.7356,0.7449,30.0,0.7405,2.0,450.0,10.0
2021-01-05 09:37:24.631,0.7356,0.7449,30.0,0.7405,2.0,450.0,10.0
2021-01-05 09:37:28.151,0.7356,0.7449,30.0,0.7405,3.0,450.0,10.0
2021-01-05 09:37:30.191,0.7356,0.7449,30.0,0.7405,1.0,450.0,10.0
2021-01-05 09:37:31.691,0.7356,0.7449,30.0,0.7406,2.0,450.0,10.0
2021-01-05 09:37:33.701,0.7356,0.7449,30.0,0.7406,2.0,450.0,10.0
2021-01-05 09:37:38.651,0.7356,0.7449,30.0,0.7405,1.0,450.0,10.0
2021-01-05 09:37:39.170,0.7356,0.744,10.0,0.7405,1.0,450.0,10.0
2021-01-05 09:37:39.700,0.7356,0.744,10.0,0.7405,1.0,450.0,10.0
2021-01-05 09:37:40.161,0.7356,0.744,30.0,0.7405,1.0,450.0,10.0
2021-01-05 09:37:40.701,0.7356,0.744,30.0,0.7405,1.0,450.0,10.0
2021-01-05 09:37:42.130,0.7356,0.744,30.0,0.7405,1.0,450.0,10.0
2021-01-05 09:37:42.691,0.7356,0.744,30.0,0.7405,1.0,450.0,10.0
2021-01-05 09:37:44.190,0.7356,0.743,10.0,0.7405,1.0,450.0,10.0
2021-01-05 09:37:44.651,0.7356,0.743,30.0,0.7405,1.0,450.0,10.0
2021-01-05 09:37:45.191,0.7356,0.743,30.0,0.7405,1.0,450.0,10.0
2021-01-05 09:37:48.201,0.7356,0.743,30.0,0.7405,1.0,450.0,10.0
2021-01-05 09:37:48.691,0.7356,0.743,30.0,0.7405,1.0,450.0,10.0
2021-01-05 09:37:49.670,0.7356,0.743,30.0,0.7405,1.0,450.0,10.0
2021-01-05 09:37:51.691,0.7356,0.743,20.0,0.7405,21.0,450.0,10.0
2021-01-05 09:37:52.191,0.7356,0.743,20.0,0.7405,21.0,450.0,10.0
2021-01-05 09:37:52.660,0.7356,0.7436,10.0,0.7405,21.0,450.0,10.0
2021-01-05 09:37:54.170,0.7356,0.7436,10.0,0.7405,21.0,450.0,10.0
2021-01-05 09:37:56.121,0.7356,0.7436,10.0,0.7405,1.0,450.0,10.0
2021-01-05 09:37:57.170,0.7356,0.743,10.0,0.7405,1.0,450.0,10.0
2021-01-05 09:37:57.601,0.7405,0.743,30.0,0.7392,20.0,451.0,11.0
2021-01-05 09:37:58.091,0.7405,0.743,30.0,0.7384,30.0,451.0,11.0
2021-01-05 09:37:58.640,0.7405,0.743,30.0,0.7385,2.0,451.0,11.0
2021-01-05 09:37:59.161,0.7405,0.743,30.0,0.7386,3.0,451.0,11.0
2021-01-05 09:38:00.680,0.7405,0.743,30.0,0.7387,2.0,451.0,11.0
2021-01-05 09:38:02.680,0.7405,0.743,30.0,0.7387,2.0,451.0,11.0
2021-01-05 09:38:07.200,0.7405,0.7436,10.0,0.7397,10.0,451.0,11.0
2021-01-05 09:38:07.690,0.7405,0.7436,10.0,0.7398,2.0,451.0,11.0
2021-01-05 09:38:09.160,0.7405,0.7436,10.0,0.7398,2.0,451.0,11.0
2021-01-05 09:38:09.611,0.7405,0.7446,20.0,0.7406,10.0,451.0,11.0
2021-01-05 09:38:10.180,0.7405,0.7453,30.0,0.7406,30.0,451.0,11.0
2021-01-05 09:38:10.370,0.7405,0.7453,30.0,0.7406,30.0,451.0,11.0
2021-01-05 09:38:11.141,0.7405,0.7453,30.0,0.7406,30.0,451.0,11.0
2021-01-05 09:38:11.701,0.7405,0.7453,30.0,0.7407,2.0,451.0,11.0
2021-01-05 09:38:12.191,0.7405,0.7453,30.0,0.7406,30.0,451.0,11.0
2021-01-05 09:38:12.691,0.7405,0.7453,30.0,0.7407,2.0,451.0,11.0
2021-01-05 09:38:15.150,0.7405,0.7459,30.0,0.7415,10.0,451.0,11.0
2021-01-05 09:38:15.730,0.7405,0.7459,30.0,0.7416,1.0,451.0,11.0
2021-01-05 09:38:17.190,0.7405,0.7459,20.0,0.7416,1.0,451.0,11.0
2021-01-05 09:38:21.670,0.7405,0.7465,10.0,0.7424,10.0,451.0,11.0
2021-01-05 09:38:22.210,0.7405,0.7467,20.0,0.7425,2.0,451.0,11.0
2021-01-05 09:38:22.661,0.7405,0.7467,20.0,0.7425,2.0,451.0,11.0
2021-01-05 09:38:23.800,0.7405,0.7467,20.0,0.7425,2.0,451.0,11.0
2021-01-05 09:38:24.671,0.7405,0.7467,20.0,0.7433,10.0,451.0,11.0
2021-01-05 09:38:25.101,0.7405,0.7482,30.0,0.7433,30.0,451.0,11.0
2021-01-05 09:38:25.670,0.7405,0.7482,30.0,0.7434,2.0,451.0,11.0
2021-01-05 09:38:26.100,0.7405,0.7482,30.0,0.7434,2.0,451.0,11.0
2021-01-05 09:38:26.701,0.7405,0.7482,30.0,0.7433,30.0,451.0,11.0
2021-01-05 09:38:27.201,0.7405,0.7482,30.0,0.7434,2.0,451.0,11.0
2021-01-05 09:38:28.171,0.7405,0.7482,30.0,0.7434,2.0,451.0,11.0
2021-01-05 09:38:30.190,0.7405,0.7482,30.0,0.7434,2.0,451.0,11.0
2021-01-05 09:38:33.191,0.7405,0.7482,20.0,0.7445,10.0,451.0,11.0
2021-01-05 09:38:33.700,0.7405,0.7491,20.0,0.7446,2.0,451.0,11.0
2021-01-05 09:38:34.201,0.7405,0.7491,20.0,0.7446,2.0,451.0,11.0
2021-01-05 09:38:35.200,0.7405,0.7506,40.0,0.7458,2.0,451.0,11.0
2021-01-05 09:38:35.700,0.7405,0.7506,40.0,0.7458,2.0,451.0,11.0
2021-01-05 09:38:36.130,0.7405,0.7506,40.0,0.7458,2.0,451.0,11.0
2021-01-05 09:38:36.691,0.7405,0.7506,40.0,0.7458,2.0,451.0,11.0
2021-01-05 09:38:37.680,0.7405,0.7506,30.0,0.7458,2.0,451.0,11.0
2021-01-05 09:38:38.660,0.7405,0.7506,20.0,0.7467,10.0,451.0,11.0
2021-01-05 09:38:39.161,0.7405,0.7512,20.0,0.7468,2.0,451.0,11.0
2021-01-05 09:38:40.201,0.7405,0.7527,10.0,0.7481,10.0,451.0,11.0
2021-01-05 09:38:41.190,0.7405,0.7528,20.0,0.7481,30.0,451.0,11.0
2021-01-05 09:38:42.700,0.7405,0.7528,20.0,0.7482,1.0,451.0,11.0
2021-01-05 09:38:44.200,0.7405,0.7528,20.0,0.7483,1.0,451.0,11.0
2021-01-05 09:38:44.621,0.7405,0.7528,20.0,0.7483,1.0,451.0,11.0
2021-01-05 09:38:46.200,0.7405,0.752,10.0,0.7483,1.0,451.0,11.0
2021-01-05 09:38:46.631,0.7405,0.752,30.0,0.7484,2.0,451.0,11.0
2021-01-05 09:38:47.140,0.7405,0.752,30.0,0.7483,1.0,451.0,11.0
2021-01-05 09:38:48.200,0.7405,0.751,10.0,0.7483,1.0,451.0,11.0
2021-01-05 09:38:48.650,0.7405,0.751,30.0,0.7483,1.0,451.0,11.0
2021-01-05 09:38:49.130,0.7405,0.751,30.0,0.7483,1.0,451.0,11.0
2021-01-05 09:38:49.670,0.7405,0.751,30.0,0.7483,1.0,451.0,11.0
2021-01-05 09:38:51.170,0.7405,0.751,30.0,0.7483,1.0,451.0,11.0
2021-01-05 09:38:51.691,0.7405,0.751,30.0,0.7483,1.0,451.0,11.0
2021-01-05 09:38:52.150,0.7405,0.751,20.0,0.7483,1.0,451.0,11.0
2021-01-05 09:38:52.671,0.7405,0.752,20.0,0.7483,1.0,451.0,11.0
2021-01-05 09:38:53.620,0.7405,0.752,20.0,0.7483,1.0,451.0,11.0
2021-01-05 09:38:55.700,0.7405,0.7526,20.0,0.7483,11.0,451.0,11.0
2021-01-05 09:38:56.190,0.7405,0.7526,20.0,0.7484,2.0,451.0,11.0
2021-01-05 09:38:58.670,0.7405,0.7521,10.0,0.7484,2.0,451.0,11.0
2021-01-05 09:38:59.060,0.7405,0.7521,10.0,0.7483,1.0,451.0,11.0
2021-01-05 09:38:59.700,0.7405,0.7521,10.0,0.7483,3.0,451.0,11.0
2021-01-05 09:39:00.660,0.7405,0.7521,10.0,0.7483,1.0,451.0,11.0
2021-01-05 09:39:01.160,0.7405,0.7521,10.0,0.7483,1.0,451.0,11.0
2021-01-05 09:39:02.170,0.7405,0.7521,10.0,0.7483,1.0,451.0,11.0
2021-01-05 09:39:02.660,0.7405,0.7521,10.0,0.7484,2.0,451.0,11.0
2021-01-05 09:39:03.150,0.7405,0.7521,10.0,0.7483,1.0,451.0,11.0
2021-01-05 09:39:04.161,0.7405,0.7521,10.0,0.7483,1.0,451.0,11.0
2021-01-05 09:39:07.200,0.7405,0.7521,10.0,0.7483,1.0,451.0,11.0
2021-01-05 09:39:09.601,0.7405,0.7521,10.0,0.7483,1.0,451.0,11.0
2021-01-05 09:39:10.191,0.7405,0.7521,10.0,0.7483,1.0,451.0,11.0
2021-01-05 09:39:10.721,0.7405,0.7521,10.0,0.7483,1.0,451.0,11.0
2021-01-05 09:39:13.720,0.7405,0.7521,10.0,0.7483,1.0,451.0,11.0
2021-01-05 09:39:15.220,0.7405,0.7526,20.0,0.7483,1.0,451.0,11.0
2021-01-05 09:39:15.720,0.7405,0.7526,20.0,0.7483,1.0,451.0,11.0
2021-01-05 09:39:16.711,0.7405,0.7526,20.0,0.7484,2.0,451.0,11.0
2021-01-05 09:39:19.710,0.7405,0.7526,20.0,0.7484,2.0,451.0,11.0
2021-01-05 09:39:20.741,0.7405,0.7526,20.0,0.7484,2.0,451.0,11.0
2021-01-05 09:39:26.681,0.7405,0.7526,20.0,0.7485,1.0,451.0,11.0
2021-01-05 09:39:27.210,0.7405,0.7526,20.0,0.7485,21.0,451.0,11.0
2021-01-05 09:39:35.701,0.7405,0.7526,20.0,0.7485,21.0,451.0,11.0
2021-01-05 09:39:36.660,0.7405,0.7526,20.0,0.7486,2.0,451.0,11.0
2021-01-05 09:39:37.221,0.7405,0.7526,20.0,0.7486,2.0,451.0,11.0
2021-01-05 09:39:41.220,0.7405,0.7526,20.0,0.7485,21.0,451.0,11.0
2021-01-05 09:39:41.750,0.7405,0.7526,20.0,0.7486,2.0,451.0,11.0
2021-01-05 09:39:42.210,0.7405,0.7526,20.0,0.7483,1.0,451.0,11.0
2021-01-05 09:39:42.740,0.7405,0.7521,10.0,0.7484,2.0,451.0,11.0
2021-01-05 09:39:43.191,0.7405,0.7521,10.0,0.7483,1.0,451.0,11.0
2021-01-05 09:39:43.660,0.7405,0.7521,10.0,0.7483,1.0,451.0,11.0
2021-01-05 09:39:44.231,0.7405,0.7521,10.0,0.7483,1.0,451.0,11.0
2021-01-05 09:39:44.680,0.7405,0.7521,10.0,0.7483,1.0,451.0,11.0
2021-01-05 09:39:46.711,0.7405,0.7526,20.0,0.7483,11.0,451.0,11.0
2021-01-05 09:39:47.250,0.7405,0.7526,20.0,0.7483,11.0,451.0,11.0
2021-01-05 09:39:47.731,0.7405,0.7532,30.0,0.7483,11.0,451.0,11.0
2021-01-05 09:39:48.221,0.7405,0.7532,10.0,0.7484,2.0,451.0,11.0
2021-01-05 09:39:48.720,0.7405,0.7532,30.0,0.7484,2.0,451.0,11.0
2021-01-05 09:39:49.711,0.7405,0.7532,30.0,0.7484,2.0,451.0,11.0
2021-01-05 09:39:50.710,0.7405,0.7532,30.0,0.7484,2.0,451.0,11.0
2021-01-05 09:39:51.241,0.7405,0.7541,20.0,0.7495,10.0,451.0,11.0
2021-01-05 09:39:51.730,0.7405,0.7541,20.0,0.7495,10.0,451.0,11.0
2021-01-05 09:39:52.251,0.7405,0.7541,20.0,0.7495,30.0,451.0,11.0
2021-01-05 09:39:52.670,0.7405,0.7541,20.0,0.7495,10.0,451.0,11.0
2021-01-05 09:39:53.181,0.7405,0.7541,20.0,0.7496,1.0,451.0,11.0
2021-01-05 09:39:53.630,0.7405,0.7541,20.0,0.7496,1.0,451.0,11.0
2021-01-05 09:39:54.191,0.7405,0.7541,20.0,0.7496,21.0,451.0,11.0
2021-01-05 09:39:56.691,0.7405,0.7542,10.0,0.7496,1.0,451.0,11.0
2021-01-05 09:39:57.181,0.7405,0.7542,30.0,0.7496,21.0,451.0,11.0
2021-01-05 09:39:58.170,0.7405,0.7542,20.0,0.7496,21.0,451.0,11.0
2021-01-05 09:39:59.061,0.7405,0.7542,20.0,0.7496,21.0,451.0,11.0
2021-01-05 09:40:00.181,0.7405,0.7542,20.0,0.7496,21.0,451.0,11.0
2021-01-05 09:40:01.570,0.7405,0.7534,10.0,0.7496,1.0,451.0,11.0
2021-01-05 09:40:02.200,0.7405,0.7534,30.0,0.7496,1.0,451.0,11.0
2021-01-05 09:40:02.671,0.7405,0.7534,30.0,0.7486,10.0,451.0,11.0
2021-01-05 09:40:03.171,0.7405,0.7534,30.0,0.7495,1.0,451.0,11.0
2021-01-05 09:40:03.691,0.7405,0.7534,30.0,0.7495,1.0,451.0,11.0
2021-01-05 09:40:06.701,0.7405,0.7534,30.0,0.7486,30.0,451.0,11.0
2021-01-05 09:40:07.191,0.7405,0.7534,30.0,0.7487,1.0,451.0,11.0
2021-01-05 09:40:07.700,0.7405,0.7525,10.0,0.7487,1.0,451.0,11.0
2021-01-05 09:40:08.200,0.7405,0.7523,10.0,0.7487,1.0,451.0,11.0
2021-01-05 09:40:08.690,0.7405,0.7523,10.0,0.7486,20.0,451.0,11.0
2021-01-05 09:40:09.191,0.7405,0.7516,10.0,0.7483,1.0,451.0,11.0
2021-01-05 09:40:09.691,0.7405,0.7516,10.0,0.7483,1.0,451.0,11.0
2021-01-05 09:40:10.150,0.7405,0.7516,30.0,0.7484,2.0,451.0,11.0
2021-01-05 09:40:10.680,0.7405,0.7516,30.0,0.7484,2.0,451.0,11.0
2021-01-05 09:40:11.170,0.7405,0.7516,30.0,0.7483,3.0,451.0,11.0
2021-01-05 09:40:12.190,0.7405,0.7516,30.0,0.7483,1.0,451.0,11.0
2021-01-05 09:40:12.680,0.7405,0.7516,30.0,0.7483,1.0,451.0,11.0
2021-01-05 09:40:13.170,0.7405,0.7516,30.0,0.7483,1.0,451.0,11.0
2021-01-05 09:40:13.700,0.7405,0.7516,30.0,0.7483,1.0,451.0,11.0
2021-01-05 09:40:14.701,0.7405,0.7503,10.0,0.7483,1.0,451.0,11.0
2021-01-05 09:40:15.120,0.7405,0.7503,10.0,0.7483,1.0,451.0,11.0
2021-01-05 09:40:15.690,0.7405,0.7503,30.0,0.7483,1.0,451.0,11.0
2021-01-05 09:40:20.191,0.7405,0.7503,20.0,0.7483,3.0,451.0,11.0
2021-01-05 09:40:20.691,0.7405,0.7503,20.0,0.7483,3.0,451.0,11.0
2021-01-05 09:40:21.200,0.7405,0.751,20.0,0.7483,3.0,451.0,11.0
2021-01-05 09:40:21.701,0.7405,0.7516,30.0,0.7483,3.0,451.0,11.0
2021-01-05 09:40:22.210,0.7405,0.7516,30.0,0.7483,1.0,451.0,11.0
2021-01-05 09:40:22.591,0.7405,0.7516,30.0,0.7484,1.0,451.0,11.0
2021-01-05 09:40:23.701,0.7405,0.7516,20.0,0.7484,1.0,451.0,11.0
2021-01-05 09:40:24.681,0.7405,0.7525,30.0,0.7484,1.0,451.0,11.0
2021-01-05 09:40:25.121,0.7405,0.7525,30.0,0.7484,1.0,451.0,11.0
2021-01-05 09:40:26.181,0.7405,0.7525,30.0,0.7484,3.0,451.0,11.0
2021-01-05 09:40:26.650,0.7405,0.7525,30.0,0.7484,3.0,451.0,11.0
2021-01-05 09:40:27.701,0.7405,0.7525,20.0,0.7484,3.0,451.0,11.0
2021-01-05 09:40:33.681,0.7405,0.7525,20.0,0.7484,1.0,451.0,11.0
2021-01-05 09:40:34.171,0.7405,0.7525,20.0,0.7484,1.0,451.0,11.0
2021-01-05 09:40:39.041,0.7405,0.7525,20.0,0.7485,2.0,451.0,11.0
2021-01-05 09:40:39.681,0.7405,0.7525,20.0,0.7484,1.0,451.0,11.0
2021-01-05 09:40:40.151,0.7405,0.7525,20.0,0.7484,1.0,451.0,11.0
2021-01-05 09:40:41.191,0.7405,0.7517,10.0,0.7484,1.0,451.0,11.0
2021-01-05 09:40:41.640,0.7405,0.7517,20.0,0.7484,1.0,451.0,11.0
2021-01-05 09:40:42.180,0.7405,0.7517,20.0,0.7484,1.0,451.0,11.0
2021-01-05 09:40:43.191,0.7405,0.7517,40.0,0.7484,1.0,451.0,11.0
2021-01-05 09:40:44.161,0.7405,0.7517,40.0,0.7484,1.0,451.0,11.0
2021-01-05 09:40:48.700,0.7405,0.7517,40.0,0.7484,1.0,451.0,11.0
2021-01-05 09:40:49.111,0.7405,0.7517,40.0,0.7484,1.0,451.0,11.0
2021-01-05 09:40:53.651,0.7405,0.7517,40.0,0.7484,1.0,451.0,11.0
2021-01-05 09:40:55.111,0.7405,0.7517,40.0,0.7484,1.0,451.0,11.0
2021-01-05 09:40:56.711,0.7405,0.7517,30.0,0.7484,21.0,451.0,11.0
2021-01-05 09:40:59.650,0.7405,0.7517,30.0,0.7484,1.0,451.0,11.0
2021-01-05 09:41:01.041,0.7405,0.7517,30.0,0.7484,21.0,451.0,11.0
2021-01-05 09:41:01.650,0.7405,0.7517,30.0,0.7484,1.0,451.0,11.0
2021-01-05 09:41:03.110,0.7405,0.7517,30.0,0.7484,21.0,451.0,11.0
2021-01-05 09:41:07.100,0.7405,0.7517,30.0,0.7484,21.0,451.0,11.0
2021-01-05 09:41:08.201,0.7405,0.7517,20.0,0.7484,23.0,451.0,11.0
2021-01-05 09:41:08.701,0.7405,0.7517,20.0,0.7484,21.0,451.0,11.0
2021-01-05 09:41:09.210,0.7405,0.7527,30.0,0.7484,21.0,451.0,11.0
2021-01-05 09:41:09.650,0.7405,0.7517,20.0,0.7484,23.0,451.0,11.0
2021-01-05 09:41:10.220,0.7405,0.7527,30.0,0.7484,23.0,451.0,11.0
2021-01-05 09:41:11.711,0.7405,0.7527,30.0,0.7484,21.0,451.0,11.0
2021-01-05 09:41:12.151,0.7405,0.7527,30.0,0.7485,2.0,451.0,11.0
2021-01-05 09:41:12.710,0.7405,0.7527,30.0,0.7484,21.0,451.0,11.0
2021-01-05 09:41:13.711,0.7405,0.7527,30.0,0.7484,21.0,451.0,11.0
2021-01-05 09:41:14.160,0.7405,0.7527,30.0,0.7485,2.0,451.0,11.0
2021-01-05 09:41:14.671,0.7405,0.7527,30.0,0.7484,21.0,451.0,11.0
2021-01-05 09:41:17.211,0.7405,0.7527,30.0,0.7484,21.0,451.0,11.0
2021-01-05 09:41:18.141,0.7405,0.7527,30.0,0.7484,21.0,451.0,11.0
2021-01-05 09:41:19.161,0.7405,0.7527,30.0,0.7485,2.0,451.0,11.0
2021-01-05 09:41:20.070,0.7405,0.7527,30.0,0.7484,21.0,451.0,11.0
2021-01-05 09:41:20.721,0.7405,0.7527,30.0,0.7484,21.0,451.0,11.0
2021-01-05 09:41:21.551,0.7405,0.7527,30.0,0.7484,21.0,451.0,11.0
2021-01-05 09:41:22.190,0.7405,0.7527,30.0,0.7485,2.0,451.0,11.0
2021-01-05 09:41:23.061,0.7405,0.7527,30.0,0.7485,2.0,451.0,11.0
2021-01-05 09:41:24.171,0.7405,0.7527,30.0,0.7484,21.0,451.0,11.0
2021-01-05 09:41:24.651,0.7405,0.7527,30.0,0.7484,21.0,451.0,11.0
2021-01-05 09:41:26.190,0.7405,0.7527,30.0,0.7484,21.0,451.0,11.0
2021-01-05 09:41:26.670,0.7405,0.7527,30.0,0.7485,2.0,451.0,11.0
2021-01-05 09:41:27.131,0.7405,0.7527,20.0,0.7487,10.0,451.0,11.0
2021-01-05 09:41:28.171,0.7405,0.7535,30.0,0.7487,10.0,451.0,11.0
2021-01-05 09:41:29.690,0.7405,0.7535,30.0,0.7488,2.0,451.0,11.0
2021-01-05 09:41:30.670,0.7405,0.7535,30.0,0.7488,2.0,451.0,11.0
2021-01-05 09:41:32.670,0.7405,0.7535,30.0,0.7488,2.0,451.0,11.0
2021-01-05 09:41:33.680,0.7405,0.7535,30.0,0.7487,10.0,451.0,11.0
2021-01-05 09:41:34.720,0.7405,0.7535,30.0,0.7487,12.0,451.0,11.0
2021-01-05 09:41:36.720,0.7405,0.7535,30.0,0.7487,12.0,451.0,11.0
2021-01-05 09:41:37.711,0.7405,0.7541,20.0,0.7499,10.0,451.0,11.0
2021-01-05 09:41:38.220,0.7405,0.7541,20.0,0.7499,10.0,451.0,11.0
2021-01-05 09:41:38.650,0.7405,0.7547,30.0,0.7499,30.0,451.0,11.0
2021-01-05 09:41:39.221,0.7405,0.7547,10.0,0.7499,30.0,451.0,11.0
2021-01-05 09:41:39.521,0.7405,0.7547,30.0,0.7499,31.0,451.0,11.0
2021-01-05 09:41:40.231,0.7405,0.7547,10.0,0.7499,30.0,451.0,11.0
2021-01-05 09:41:40.721,0.7405,0.7547,30.0,0.7499,30.0,451.0,11.0
2021-01-05 09:41:41.130,0.7405,0.7547,10.0,0.7499,30.0,451.0,11.0
2021-01-05 09:41:41.730,0.7405,0.7547,30.0,0.7499,30.0,451.0,11.0
2021-01-05 09:41:42.101,0.7405,0.7538,10.0,0.7499,20.0,451.0,11.0
2021-01-05 09:41:42.690,0.7405,0.7537,10.0,0.7499,20.0,451.0,11.0
2021-01-05 09:41:43.080,0.7405,0.7537,10.0,0.7489,10.0,451.0,11.0
2021-01-05 09:41:43.720,0.7405,0.7537,10.0,0.7489,11.0,451.0,11.0
2021-01-05 09:41:44.671,0.7405,0.7537,10.0,0.7489,11.0,451.0,11.0
2021-01-05 09:41:47.201,0.7405,0.7538,30.0,0.7489,11.0,451.0,11.0
2021-01-05 09:41:48.181,0.7405,0.7538,30.0,0.7489,11.0,451.0,11.0
2021-01-05 09:41:50.231,0.7405,0.7538,20.0,0.7501,10.0,451.0,11.0
2021-01-05 09:41:50.751,0.7405,0.7538,20.0,0.7502,2.0,451.0,11.0
2021-01-05 09:41:51.251,0.7405,0.7538,20.0,0.7501,30.0,451.0,11.0
2021-01-05 09:41:51.760,0.7405,0.7538,20.0,0.7501,30.0,451.0,11.0
2021-01-05 09:41:52.261,0.7405,0.7547,20.0,0.7502,2.0,451.0,11.0
2021-01-05 09:41:53.201,0.7405,0.7547,20.0,0.7502,2.0,451.0,11.0
2021-01-05 09:41:55.160,0.7405,0.7547,20.0,0.751,10.0,451.0,11.0
2021-01-05 09:41:55.671,0.7405,0.7559,40.0,0.751,30.0,451.0,11.0
2021-01-05 09:41:56.151,0.7405,0.7559,30.0,0.7511,2.0,451.0,11.0
2021-01-05 09:41:56.661,0.7405,0.7559,30.0,0.7511,2.0,451.0,11.0
2021-01-05 09:42:06.181,0.7405,0.7559,30.0,0.7512,2.0,451.0,11.0
2021-01-05 09:42:11.211,0.7405,0.7559,20.0,0.7521,10.0,451.0,11.0
2021-01-05 09:42:11.720,0.7405,0.7559,20.0,0.7522,2.0,451.0,11.0
2021-01-05 09:42:12.210,0.7405,0.7559,20.0,0.7522,2.0,451.0,11.0
2021-01-05 09:42:13.211,0.7405,0.7559,20.0,0.7522,2.0,451.0,11.0
2021-01-05 09:42:13.560,0.7405,0.7559,20.0,0.7522,2.0,451.0,11.0
2021-01-05 09:42:14.150,0.7405,0.7569,30.0,0.7522,2.0,451.0,11.0
2021-01-05 09:42:18.701,0.7405,0.7569,30.0,0.7522,2.0,451.0,11.0
2021-01-05 09:42:19.210,0.7405,0.7569,30.0,0.7521,32.0,451.0,11.0
2021-01-05 09:42:20.751,0.7405,0.7569,30.0,0.7521,32.0,451.0,11.0
2021-01-05 09:42:21.621,0.7405,0.7569,30.0,0.7521,32.0,451.0,11.0
2021-01-05 09:42:26.701,0.7405,0.7569,30.0,0.7521,32.0,451.0,11.0
2021-01-05 09:42:29.211,0.7405,0.7569,30.0,0.7522,2.0,451.0,11.0
2021-01-05 09:42:30.220,0.7405,0.7569,30.0,0.7523,1.0,451.0,11.0
2021-01-05 09:42:31.200,0.7405,0.7569,30.0,0.7524,11.0,451.0,11.0
2021-01-05 09:42:32.721,0.7405,0.7569,30.0,0.7524,11.0,451.0,11.0
2021-01-05 09:42:41.161,0.7405,0.7569,20.0,0.7531,10.0,451.0,11.0
2021-01-05 09:42:42.250,0.7405,0.7569,20.0,0.7531,10.0,451.0,11.0
2021-01-05 09:42:42.711,0.7405,0.7569,20.0,0.7531,10.0,451.0,11.0
2021-01-05 09:42:43.251,0.7405,0.7579,30.0,0.7532,2.0,451.0,11.0
2021-01-05 09:42:44.211,0.7405,0.7579,30.0,0.7532,22.0,451.0,11.0
2021-01-05 09:42:45.191,0.7405,0.7579,30.0,0.7532,22.0,451.0,11.0
2021-01-05 09:42:45.650,0.7405,0.7579,30.0,0.7532,22.0,451.0,11.0
2021-01-05 09:42:53.190,0.7405,0.7579,30.0,0.7533,2.0,451.0,11.0
2021-01-05 09:42:55.190,0.7405,0.7579,30.0,0.7533,2.0,451.0,11.0
2021-01-05 09:42:57.661,0.7405,0.7579,20.0,0.7541,10.0,451.0,11.0
2021-01-05 09:42:58.220,0.7405,0.759,30.0,0.7542,2.0,451.0,11.0
2021-01-05 09:43:00.721,0.7405,0.759,30.0,0.7542,2.0,451.0,11.0
2021-01-05 09:43:05.681,0.7405,0.759,30.0,0.7541,30.0,451.0,11.0
2021-01-05 09:43:06.171,0.7405,0.759,30.0,0.7541,30.0,451.0,11.0
2021-01-05 09:43:06.680,0.7405,0.7581,10.0,0.7541,20.0,451.0,11.0
2021-01-05 09:43:07.710,0.7405,0.7581,30.0,0.7541,20.0,451.0,11.0
2021-01-05 09:43:08.181,0.7405,0.7581,30.0,0.7541,20.0,451.0,11.0
2021-01-05 09:43:08.701,0.7405,0.7581,30.0,0.7533,12.0,451.0,11.0
2021-01-05 09:43:08.701,0.7405,0.7581,30.0,0.7538,2.0,451.0,11.0
2021-01-05 09:43:09.740,0.7405,0.7581,30.0,0.7538,20.0,451.0,11.0
2021-01-05 09:43:10.150,0.7405,0.7581,30.0,0.7539,2.0,451.0,11.0
2021-01-05 09:43:10.761,0.7405,0.7581,30.0,0.7539,22.0,451.0,11.0
2021-01-05 09:43:13.210,0.7405,0.7581,30.0,0.7539,20.0,451.0,11.0
2021-01-05 09:43:13.740,0.7405,0.7581,30.0,0.7539,20.0,451.0,11.0
2021-01-05 09:43:14.270,0.7405,0.7581,30.0,0.7533,10.0,451.0,11.0
2021-01-05 09:43:15.241,0.7405,0.7576,10.0,0.7533,10.0,451.0,11.0
2021-01-05 09:43:15.771,0.7405,0.7576,10.0,0.7533,10.0,451.0,11.0
2021-01-05 09:43:16.270,0.7405,0.7576,10.0,0.7533,10.0,451.0,11.0
2021-01-05 09:43:17.271,0.7405,0.7576,10.0,0.7534,2.0,451.0,11.0
2021-01-05 09:43:18.270,0.7405,0.7576,10.0,0.7533,10.0,451.0,11.0
2021-01-05 09:43:19.751,0.7405,0.7576,10.0,0.7533,12.0,451.0,11.0
2021-01-05 09:43:20.731,0.7405,0.7576,10.0,0.7533,10.0,451.0,11.0
2021-01-05 09:43:21.271,0.7405,0.7576,10.0,0.7534,2.0,451.0,11.0
2021-01-05 09:43:23.651,0.7405,0.7576,10.0,0.7534,2.0,451.0,11.0
2021-01-05 09:43:25.701,0.7405,0.7576,10.0,0.7534,2.0,451.0,11.0
2021-01-05 09:43:31.111,0.7405,0.7576,10.0,0.7535,2.0,451.0,11.0
2021-01-05 09:43:35.681,0.7405,0.7581,30.0,0.7535,2.0,451.0,11.0
2021-01-05 09:43:37.631,0.7405,0.7581,30.0,0.7535,2.0,451.0,11.0
2021-01-05 09:43:41.231,0.7405,0.7581,30.0,0.7536,2.0,451.0,11.0
2021-01-05 09:43:48.721,0.7405,0.7581,30.0,0.7533,12.0,451.0,11.0
2021-01-05 09:43:49.601,0.7405,0.7581,30.0,0.7533,12.0,451.0,11.0
2021-01-05 09:43:50.170,0.7405,0.7581,30.0,0.7533,10.0,451.0,11.0
2021-01-05 09:43:50.721,0.7405,0.7581,20.0,0.7532,20.0,451.0,11.0
2021-01-05 09:43:51.221,0.7405,0.7572,10.0,0.7532,20.0,451.0,11.0
2021-01-05 09:43:51.660,0.7405,0.7572,30.0,0.7532,20.0,451.0,11.0
2021-01-05 09:43:52.200,0.7405,0.7572,30.0,0.7532,20.0,451.0,11.0
2021-01-05 09:43:52.681,0.7405,0.7572,30.0,0.7525,22.0,451.0,11.0
2021-01-05 09:43:53.201,0.7405,0.7572,30.0,0.7526,2.0,451.0,11.0
2021-01-05 09:43:54.191,0.7405,0.7572,40.0,0.7526,2.0,451.0,11.0
2021-01-05 09:43:55.660,0.7405,0.7572,40.0,0.7526,2.0,451.0,11.0
2021-01-05 09:44:03.241,0.7405,0.7572,40.0,0.7525,22.0,451.0,11.0
2021-01-05 09:44:03.731,0.7405,0.7572,40.0,0.7525,20.0,451.0,11.0
2021-01-05 09:44:04.230,0.7405,0.756,10.0,0.7523,1.0,451.0,11.0
2021-01-05 09:44:04.751,0.7405,0.756,30.0,0.7523,1.0,451.0,11.0
2021-01-05 09:44:05.260,0.7405,0.756,30.0,0.7523,1.0,451.0,11.0
2021-01-05 09:44:05.750,0.7405,0.7554,10.0,0.7523,1.0,451.0,11.0
2021-01-05 09:44:06.261,0.7405,0.7554,30.0,0.7523,1.0,451.0,11.0
2021-01-05 09:44:06.770,0.7405,0.7554,30.0,0.7523,1.0,451.0,11.0
2021-01-05 09:44:07.281,0.7405,0.7554,20.0,0.7523,1.0,451.0,11.0
2021-01-05 09:44:07.750,0.7405,0.756,30.0,0.7523,1.0,451.0,11.0
2021-01-05 09:44:08.760,0.7405,0.756,30.0,0.7523,1.0,451.0,11.0
2021-01-05 09:44:09.150,0.7405,0.756,30.0,0.7523,1.0,451.0,11.0
2021-01-05 09:44:18.231,0.7405,0.756,30.0,0.7523,1.0,451.0,11.0
2021-01-05 09:44:19.781,0.7405,0.756,30.0,0.7523,1.0,451.0,11.0
2021-01-05 09:44:20.300,0.7405,0.756,30.0,0.7523,1.0,451.0,11.0
2021-01-05 09:44:29.631,0.7405,0.755,10.0,0.7523,1.0,451.0,11.0
2021-01-05 09:44:30.720,0.7405,0.755,30.0,0.7523,1.0,451.0,11.0
2021-01-05 09:44:32.220,0.7405,0.755,30.0,0.7523,1.0,451.0,11.0
2021-01-05 09:44:32.680,0.7405,0.755,30.0,0.7523,1.0,451.0,11.0
2021-01-05 09:44:40.250,0.7405,0.755,30.0,0.7523,1.0,451.0,11.0
2021-01-05 09:44:40.750,0.7523,0.7548,10.0,0.7506,20.0,452.0,12.0
2021-01-05 09:44:41.251,0.7523,0.754,10.0,0.7506,20.0,452.0,12.0
2021-01-05 09:44:41.730,0.7523,0.754,10.0,0.7503,2.0,452.0,12.0
2021-01-05 09:44:42.250,0.7523,0.754,10.0,0.7503,22.0,452.0,12.0
2021-01-05 09:44:42.731,0.7523,0.754,30.0,0.7503,22.0,452.0,12.0
2021-01-05 09:44:43.251,0.7523,0.754,30.0,0.7503,22.0,452.0,12.0
2021-01-05 09:44:44.761,0.7523,0.754,30.0,0.7503,20.0,452.0,12.0
2021-01-05 09:44:45.261,0.7523,0.754,20.0,0.7504,2.0,452.0,12.0
2021-01-05 09:44:45.760,0.7523,0.7548,10.0,0.7504,22.0,452.0,12.0
2021-01-05 09:44:46.771,0.7523,0.7548,10.0,0.7504,22.0,452.0,12.0
2021-01-05 09:44:49.800,0.7523,0.7548,10.0,0.7504,22.0,452.0,12.0
2021-01-05 09:44:50.300,0.7523,0.7548,10.0,0.7504,22.0,452.0,12.0
2021-01-05 09:44:52.711,0.7523,0.7548,10.0,0.7504,22.0,452.0,12.0
2021-01-05 09:44:54.960,0.7523,0.7548,10.0,0.7505,2.0,452.0,12.0
2021-01-05 09:44:58.720,0.7523,0.7548,10.0,0.7504,20.0,452.0,12.0
2021-01-05 09:44:59.190,0.7523,0.7543,10.0,0.7504,20.0,452.0,12.0
2021-01-05 09:44:59.711,0.7523,0.7543,10.0,0.7504,20.0,452.0,12.0
2021-01-05 09:45:00.061,0.7523,0.7543,30.0,0.7504,20.0,452.0,12.0
2021-01-05 09:45:00.591,0.7523,0.7543,30.0,0.7504,20.0,452.0,12.0
2021-01-05 09:45:01.221,0.7523,0.7543,30.0,0.7496,20.0,452.0,12.0
2021-01-05 09:45:01.680,0.7523,0.7543,30.0,0.7496,20.0,452.0,12.0
2021-01-05 09:45:02.061,0.7523,0.7533,10.0,0.7496,20.0,452.0,12.0
2021-01-05 09:45:03.680,0.7523,0.7533,30.0,0.7496,20.0,452.0,12.0
2021-01-05 09:45:04.191,0.7523,0.7529,10.0,0.7496,20.0,452.0,12.0
2021-01-05 09:45:04.700,0.7523,0.7529,10.0,0.7485,30.0,452.0,12.0
2021-01-05 09:45:05.221,0.7523,0.7529,10.0,0.7485,30.0,452.0,12.0
2021-01-05 09:45:05.720,0.7523,0.7523,10.0,0.7485,20.0,452.0,12.0
2021-01-05 09:45:06.220,0.7523,0.7523,10.0,0.7485,20.0,452.0,12.0
2021-01-05 09:45:06.721,0.7523,0.7523,30.0,0.7475,30.0,452.0,12.0
2021-01-05 09:45:07.130,0.7523,0.7523,10.0,0.7486,2.0,452.0,12.0
2021-01-05 09:45:07.540,0.7523,0.7523,10.0,0.7486,22.0,452.0,12.0
2021-01-05 09:45:08.700,0.7523,0.7523,30.0,0.7475,30.0,452.0,12.0
2021-01-05 09:45:09.190,0.7523,0.7523,30.0,0.7485,2.0,452.0,12.0
2021-01-05 09:45:09.720,0.7523,0.7523,30.0,0.7482,2.0,452.0,12.0
2021-01-05 09:45:10.200,0.7523,0.7523,30.0,0.7482,22.0,452.0,12.0
2021-01-05 09:45:10.700,0.7523,0.7523,30.0,0.7482,2.0,452.0,12.0
2021-01-05 09:45:11.091,0.7523,0.7523,30.0,0.7482,22.0,452.0,12.0
2021-01-05 09:45:11.720,0.7523,0.7523,30.0,0.7482,2.0,452.0,12.0
2021-01-05 09:45:12.150,0.7523,0.7523,30.0,0.7475,30.0,452.0,12.0
2021-01-05 09:45:15.230,0.7523,0.7523,30.0,0.7475,30.0,452.0,12.0
2021-01-05 09:45:15.721,0.7523,0.7511,10.0,0.7469,20.0,452.0,12.0
2021-01-05 09:45:16.230,0.7523,0.7511,10.0,0.7469,20.0,452.0,12.0
2021-01-05 09:45:16.630,0.7523,0.7508,10.0,0.7462,30.0,452.0,12.0
2021-01-05 09:45:17.731,0.7523,0.7508,10.0,0.7462,30.0,452.0,12.0
2021-01-05 09:45:18.691,0.7523,0.7508,10.0,0.7462,30.0,452.0,12.0
2021-01-05 09:45:19.191,0.7523,0.7508,10.0,0.7462,30.0,452.0,12.0
2021-01-05 09:45:21.191,0.7523,0.7511,30.0,0.7462,30.0,452.0,12.0
2021-01-05 09:45:22.240,0.7523,0.7511,30.0,0.7462,30.0,452.0,12.0
2021-01-05 09:45:22.710,0.7523,0.7511,30.0,0.7463,2.0,452.0,12.0
2021-01-05 09:45:23.160,0.7523,0.7511,30.0,0.7463,2.0,452.0,12.0
2021-01-05 09:45:24.201,0.7523,0.7511,30.0,0.7463,2.0,452.0,12.0
2021-01-05 09:45:25.131,0.7523,0.7511,30.0,0.7462,30.0,452.0,12.0
2021-01-05 09:45:26.681,0.7523,0.7511,30.0,0.7462,30.0,452.0,12.0
2021-01-05 09:45:27.211,0.7523,0.7511,30.0,0.7462,30.0,452.0,12.0
2021-01-05 09:45:27.711,0.7523,0.7511,30.0,0.7462,30.0,452.0,12.0
2021-01-05 09:45:30.191,0.7523,0.7511,20.0,0.7471,10.0,452.0,12.0
2021-01-05 09:45:30.700,0.7523,0.752,10.0,0.7472,2.0,452.0,12.0
2021-01-05 09:45:31.680,0.7523,0.752,10.0,0.7472,2.0,452.0,12.0
2021-01-05 09:45:32.151,0.7523,0.752,10.0,0.7472,2.0,452.0,12.0
2021-01-05 09:45:33.180,0.7523,0.752,10.0,0.7472,2.0,452.0,12.0
2021-01-05 09:45:36.730,0.7523,0.752,10.0,0.7472,2.0,452.0,12.0
2021-01-05 09:45:40.970,0.7523,0.752,10.0,0.7473,2.0,452.0,12.0
2021-01-05 09:45:43.710,0.7523,0.752,10.0,0.7473,2.0,452.0,12.0
2021-01-05 09:45:51.250,0.7523,0.752,10.0,0.7474,2.0,452.0,12.0
2021-01-05 09:45:52.641,0.7523,0.752,10.0,0.7474,2.0,452.0,12.0
2021-01-05 09:46:00.730,0.7523,0.7532,20.0,0.7486,10.0,452.0,12.0
2021-01-05 09:46:01.180,0.7523,0.7532,20.0,0.7486,11.0,452.0,12.0
2021-01-05 09:46:01.670,0.7523,0.7532,20.0,0.7486,31.0,452.0,12.0
2021-01-05 09:46:03.731,0.7523,0.7532,20.0,0.7486,31.0,452.0,12.0
2021-01-05 09:46:09.181,0.7523,0.7532,20.0,0.7486,31.0,452.0,12.0
2021-01-05 09:46:10.221,0.7523,0.7544,10.0,0.7499,10.0,452.0,12.0
2021-01-05 09:46:10.720,0.7523,0.7544,10.0,0.75,2.0,452.0,12.0
2021-01-05 09:46:13.681,0.7523,0.7544,10.0,0.75,2.0,452.0,12.0
2021-01-05 09:46:17.221,0.7523,0.7546,20.0,0.7503,10.0,452.0,12.0
2021-01-05 09:46:17.751,0.7523,0.7552,20.0,0.7508,10.0,452.0,12.0
2021-01-05 09:46:18.721,0.7523,0.7552,20.0,0.7508,30.0,452.0,12.0
2021-01-05 09:46:20.210,0.7523,0.7552,20.0,0.7508,30.0,452.0,12.0
2021-01-05 09:46:20.691,0.7523,0.7552,20.0,0.7509,2.0,452.0,12.0
2021-01-05 09:46:21.011,0.7523,0.7552,20.0,0.7509,2.0,452.0,12.0
2021-01-05 09:46:30.721,0.7523,0.7552,20.0,0.751,2.0,452.0,12.0
2021-01-05 09:46:32.701,0.7523,0.7552,20.0,0.751,2.0,452.0,12.0
2021-01-05 09:46:38.201,0.7523,0.7547,10.0,0.751,2.0,452.0,12.0
2021-01-05 09:46:38.741,0.7523,0.7547,10.0,0.751,2.0,452.0,12.0
2021-01-05 09:46:39.210,0.7523,0.7547,10.0,0.7508,20.0,452.0,12.0
2021-01-05 09:46:39.730,0.7523,0.7547,10.0,0.7508,20.0,452.0,12.0
2021-01-05 09:46:40.670,0.7523,0.7547,10.0,0.7508,20.0,452.0,12.0
2021-01-05 09:46:43.630,0.7523,0.7547,10.0,0.7509,2.0,452.0,12.0
2021-01-05 09:46:45.161,0.7523,0.7547,20.0,0.7509,2.0,452.0,12.0
2021-01-05 09:46:46.251,0.7523,0.7547,20.0,0.7508,20.0,452.0,12.0
2021-01-05 09:46:46.671,0.7523,0.7547,20.0,0.751,2.0,452.0,12.0
2021-01-05 09:46:49.251,0.7523,0.7547,20.0,0.751,2.0,452.0,12.0
2021-01-05 09:46:53.201,0.7523,0.7547,20.0,0.7508,22.0,452.0,12.0
2021-01-05 09:46:54.701,0.7523,0.7547,20.0,0.7508,22.0,452.0,12.0
2021-01-05 09:46:57.641,0.7523,0.7547,20.0,0.7508,20.0,452.0,12.0
2021-01-05 09:46:58.131,0.7523,0.7547,20.0,0.7509,2.0,452.0,12.0
2021-01-05 09:46:58.720,0.7523,0.7547,20.0,0.7508,20.0,452.0,12.0
2021-01-05 09:46:59.191,0.7523,0.7547,20.0,0.7508,20.0,452.0,12.0
2021-01-05 09:47:00.741,0.7523,0.7547,20.0,0.7508,20.0,452.0,12.0
2021-01-05 09:47:01.210,0.7523,0.7547,20.0,0.75,2.0,452.0,12.0
2021-01-05 09:47:01.721,0.7523,0.7533,10.0,0.7499,20.0,452.0,12.0
2021-01-05 09:47:02.230,0.7523,0.7533,30.0,0.7487,20.0,452.0,12.0
2021-01-05 09:47:02.741,0.7523,0.7527,10.0,0.7488,2.0,452.0,12.0
2021-01-05 09:47:03.220,0.7523,0.7527,10.0,0.7488,2.0,452.0,12.0
2021-01-05 09:47:03.740,0.7523,0.7523,10.0,0.7488,20.0,452.0,12.0
2021-01-05 09:47:04.211,0.7523,0.7523,10.0,0.7488,20.0,452.0,12.0
2021-01-05 09:47:05.250,0.7523,0.7523,30.0,0.7489,2.0,452.0,12.0
2021-01-05 09:47:05.750,0.7523,0.7523,30.0,0.7488,20.0,452.0,12.0
2021-01-05 09:47:06.251,0.7523,0.7523,30.0,0.7488,20.0,452.0,12.0
2021-01-05 09:47:06.750,0.7523,0.7514,10.0,0.7478,20.0,452.0,12.0
2021-01-05 09:47:07.221,0.7523,0.7514,30.0,0.7465,40.0,452.0,12.0
2021-01-05 09:47:07.740,0.7523,0.7514,30.0,0.7479,2.0,452.0,12.0
2021-01-05 09:47:08.230,0.7523,0.7514,30.0,0.7477,22.0,452.0,12.0
2021-01-05 09:47:08.700,0.7523,0.7514,30.0,0.7477,20.0,452.0,12.0
2021-01-05 09:47:09.221,0.7523,0.7514,30.0,0.7477,20.0,452.0,12.0
2021-01-05 09:47:09.751,0.7523,0.7504,10.0,0.7465,20.0,452.0,12.0
2021-01-05 09:47:10.260,0.7523,0.7504,30.0,0.7466,2.0,452.0,12.0
2021-01-05 09:47:10.721,0.7523,0.7504,30.0,0.7466,22.0,452.0,12.0
2021-01-05 09:47:11.250,0.7523,0.7504,30.0,0.7466,22.0,452.0,12.0
2021-01-05 09:47:11.751,0.7523,0.7504,30.0,0.7466,20.0,452.0,12.0
2021-01-05 09:47:12.241,0.7523,0.7504,30.0,0.7456,30.0,452.0,12.0
2021-01-05 09:47:12.731,0.7523,0.7495,10.0,0.7457,2.0,452.0,12.0
2021-01-05 09:47:13.201,0.7523,0.7495,30.0,0.7457,2.0,452.0,12.0
2021-01-05 09:47:14.721,0.7523,0.7495,30.0,0.7457,2.0,452.0,12.0
2021-01-05 09:47:15.230,0.7523,0.7495,30.0,0.7457,2.0,452.0,12.0
2021-01-05 09:47:15.701,0.7523,0.7495,30.0,0.7456,20.0,452.0,12.0
2021-01-05 09:47:17.251,0.7523,0.7495,30.0,0.7456,20.0,452.0,12.0
2021-01-05 09:47:17.760,0.7523,0.7495,30.0,0.7456,20.0,452.0,12.0
2021-01-05 09:47:19.111,0.7523,0.7488,10.0,0.7456,20.0,452.0,12.0
2021-01-05 09:47:19.731,0.7523,0.7484,10.0,0.7446,20.0,452.0,12.0
2021-01-05 09:47:20.231,0.7523,0.7484,10.0,0.7443,2.0,452.0,12.0
2021-01-05 09:47:20.761,0.7523,0.7484,10.0,0.7443,22.0,452.0,12.0
2021-01-05 09:47:21.760,0.7523,0.7484,10.0,0.7443,20.0,452.0,12.0
2021-01-05 09:47:22.240,0.7523,0.7484,10.0,0.7444,2.0,452.0,12.0
2021-01-05 09:47:23.151,0.7523,0.7484,10.0,0.7443,20.0,452.0,12.0
2021-01-05 09:47:23.710,0.7523,0.7484,10.0,0.7444,2.0,452.0,12.0
2021-01-05 09:47:24.221,0.7523,0.7484,10.0,0.7441,2.0,452.0,12.0
2021-01-05 09:47:24.680,0.7523,0.7484,10.0,0.7441,22.0,452.0,12.0
2021-01-05 09:47:25.241,0.7523,0.7484,10.0,0.7441,20.0,452.0,12.0
2021-01-05 09:47:25.710,0.7523,0.7484,10.0,0.7438,2.0,452.0,12.0
2021-01-05 09:47:27.721,0.7523,0.7475,10.0,0.7436,2.0,452.0,12.0
2021-01-05 09:47:28.230,0.7523,0.7475,30.0,0.7435,20.0,452.0,12.0
2021-01-05 09:47:28.710,0.7523,0.7475,30.0,0.7435,20.0,452.0,12.0
2021-01-05 09:47:30.720,0.7523,0.7475,30.0,0.7435,20.0,452.0,12.0
2021-01-05 09:47:31.181,0.7523,0.7475,30.0,0.7435,20.0,452.0,12.0
2021-01-05 09:47:32.170,0.7523,0.7469,10.0,0.7435,20.0,452.0,12.0
2021-01-05 09:47:32.681,0.7523,0.7469,30.0,0.7435,20.0,452.0,12.0
2021-01-05 09:47:34.750,0.7523,0.7469,30.0,0.7435,20.0,452.0,12.0
2021-01-05 09:47:35.221,0.7523,0.7469,30.0,0.7427,30.0,452.0,12.0
2021-01-05 09:47:35.740,0.7523,0.7469,30.0,0.7428,2.0,452.0,12.0
2021-01-05 09:47:36.241,0.7523,0.7469,20.0,0.7428,2.0,452.0,12.0
2021-01-05 09:47:36.721,0.7523,0.7469,20.0,0.7428,2.0,452.0,12.0
2021-01-05 09:47:37.251,0.7523,0.7475,30.0,0.7428,2.0,452.0,12.0
2021-01-05 09:47:39.261,0.7523,0.7475,30.0,0.7428,2.0,452.0,12.0
2021-01-05 09:47:40.761,0.7523,0.7475,30.0,0.7428,2.0,452.0,12.0
2021-01-05 09:47:41.701,0.7523,0.7475,30.0,0.7427,30.0,452.0,12.0
2021-01-05 09:47:44.260,0.7523,0.7475,30.0,0.7427,30.0,452.0,12.0
2021-01-05 09:47:46.260,0.7523,0.7475,30.0,0.7427,30.0,452.0,12.0
2021-01-05 09:47:46.761,0.7523,0.7475,30.0,0.7427,30.0,452.0,12.0
2021-01-05 09:47:49.260,0.7523,0.7475,30.0,0.7428,2.0,452.0,12.0
2021-01-05 09:47:50.751,0.7523,0.7475,30.0,0.7428,2.0,452.0,12.0
2021-01-05 09:47:51.781,0.7523,0.7475,20.0,0.7428,2.0,452.0,12.0
2021-01-05 09:47:52.240,0.7523,0.7488,10.0,0.744,10.0,452.0,12.0
2021-01-05 09:47:52.730,0.7523,0.7488,10.0,0.744,10.0,452.0,12.0
2021-01-05 09:47:53.221,0.7523,0.7488,10.0,0.7441,2.0,452.0,12.0
2021-01-05 09:47:54.230,0.7523,0.7479,10.0,0.7437,20.0,452.0,12.0
2021-01-05 09:47:54.741,0.7523,0.7479,10.0,0.7441,2.0,452.0,12.0
2021-01-05 09:47:55.231,0.7523,0.7486,20.0,0.7441,32.0,452.0,12.0
2021-01-05 09:47:55.740,0.7523,0.7489,10.0,0.7441,32.0,452.0,12.0
2021-01-05 09:47:56.251,0.7523,0.7489,10.0,0.7441,32.0,452.0,12.0
2021-01-05 09:47:56.751,0.7523,0.7492,30.0,0.7451,10.0,452.0,12.0
2021-01-05 09:47:57.250,0.7523,0.7492,30.0,0.7451,10.0,452.0,12.0
2021-01-05 09:47:57.750,0.7523,0.7492,30.0,0.7441,22.0,452.0,12.0
2021-01-05 09:47:58.261,0.7523,0.7485,10.0,0.7441,20.0,452.0,12.0
2021-01-05 09:47:58.781,0.7523,0.7485,10.0,0.7441,20.0,452.0,12.0
2021-01-05 09:47:59.200,0.7523,0.7485,10.0,0.7441,20.0,452.0,12.0
2021-01-05 09:47:59.751,0.7523,0.7485,10.0,0.7441,20.0,452.0,12.0
2021-01-05 09:48:00.260,0.7523,0.7485,30.0,0.7441,20.0,452.0,12.0
2021-01-05 09:48:00.791,0.7523,0.7485,20.0,0.7434,20.0,452.0,12.0
2021-01-05 09:48:01.261,0.7523,0.7476,10.0,0.7431,2.0,452.0,12.0
2021-01-05 09:48:01.791,0.7523,0.7476,30.0,0.7429,2.0,452.0,12.0
2021-01-05 09:48:02.781,0.7523,0.7476,20.0,0.7428,20.0,452.0,12.0
2021-01-05 09:48:03.261,0.7523,0.7466,10.0,0.7428,20.0,452.0,12.0
2021-01-05 09:48:03.791,0.7523,0.7466,30.0,0.7428,20.0,452.0,12.0
2021-01-05 09:48:03.791,0.7523,0.7466,30.0,0.7428,20.0,452.0,12.0
2021-01-05 09:48:04.790,0.7523,0.7466,30.0,0.7428,22.0,452.0,12.0
2021-01-05 09:48:06.300,0.7523,0.7466,30.0,0.7428,20.0,452.0,12.0
2021-01-05 09:48:06.781,0.7523,0.7466,30.0,0.7427,2.0,452.0,12.0
2021-01-05 09:48:06.781,0.7523,0.7466,30.0,0.7427,2.0,452.0,12.0
2021-01-05 09:48:07.760,0.7523,0.7466,30.0,0.7425,20.0,452.0,12.0
2021-01-05 09:48:08.281,0.7523,0.7466,30.0,0.7418,30.0,452.0,12.0
2021-01-05 09:48:09.291,0.7523,0.7466,30.0,0.7418,30.0,452.0,12.0
2021-01-05 09:48:10.231,0.7523,0.7466,20.0,0.7418,20.0,452.0,12.0
2021-01-05 09:48:10.801,0.7523,0.7459,10.0,0.7418,20.0,452.0,12.0
2021-01-05 09:48:11.301,0.7523,0.7459,30.0,0.7418,2.0,452.0,12.0
2021-01-05 09:48:12.300,0.7523,0.7459,30.0,0.7418,22.0,452.0,12.0
2021-01-05 09:48:13.251,0.7523,0.7459,30.0,0.7418,22.0,452.0,12.0
2021-01-05 09:48:13.760,0.7523,0.7459,30.0,0.7418,22.0,452.0,12.0
2021-01-05 09:48:14.791,0.7523,0.7459,20.0,0.7418,22.0,452.0,12.0
2021-01-05 09:48:15.310,0.7523,0.7468,10.0,0.7422,10.0,452.0,12.0
2021-01-05 09:48:15.831,0.7523,0.7474,20.0,0.7418,22.0,452.0,12.0
2021-01-05 09:48:16.321,0.7523,0.7474,20.0,0.7432,10.0,452.0,12.0
2021-01-05 09:48:16.801,0.7523,0.7474,20.0,0.7433,2.0,452.0,12.0
2021-01-05 09:48:17.811,0.7523,0.7474,20.0,0.7433,2.0,452.0,12.0
2021-01-05 09:48:18.221,0.7523,0.7488,10.0,0.7442,10.0,452.0,12.0
2021-01-05 09:48:18.831,0.7523,0.7488,10.0,0.7443,2.0,452.0,12.0
2021-01-05 09:48:19.271,0.7523,0.7488,10.0,0.7443,2.0,452.0,12.0
2021-01-05 09:48:20.791,0.7523,0.7488,10.0,0.7443,2.0,452.0,12.0
2021-01-05 09:48:21.340,0.7523,0.7488,10.0,0.7443,2.0,452.0,12.0
2021-01-05 09:48:26.621,0.7523,0.7492,20.0,0.7453,10.0,452.0,12.0
2021-01-05 09:48:27.181,0.7523,0.7492,20.0,0.7454,2.0,452.0,12.0
2021-01-05 09:48:27.701,0.7523,0.7499,40.0,0.7454,2.0,452.0,12.0
2021-01-05 09:48:28.041,0.7523,0.7506,10.0,0.7463,10.0,452.0,12.0
2021-01-05 09:48:28.731,0.7523,0.7508,10.0,0.7462,10.0,452.0,12.0
2021-01-05 09:48:29.121,0.7523,0.7508,10.0,0.7463,20.0,452.0,12.0
2021-01-05 09:48:30.210,0.7523,0.7508,10.0,0.7464,1.0,452.0,12.0
2021-01-05 09:48:32.200,0.7523,0.7517,10.0,0.7472,10.0,452.0,12.0
2021-01-05 09:48:32.700,0.7523,0.7518,10.0,0.7472,10.0,452.0,12.0
2021-01-05 09:48:33.190,0.7523,0.7518,10.0,0.7472,30.0,452.0,12.0
2021-01-05 09:48:33.680,0.7523,0.7518,10.0,0.7472,10.0,452.0,12.0
2021-01-05 09:48:34.141,0.7523,0.7518,10.0,0.7473,2.0,452.0,12.0
2021-01-05 09:48:34.721,0.7523,0.7518,30.0,0.7473,2.0,452.0,12.0
2021-01-05 09:48:35.220,0.7523,0.7518,10.0,0.7473,22.0,452.0,12.0
2021-01-05 09:48:35.691,0.7523,0.7518,30.0,0.7473,22.0,452.0,12.0
2021-01-05 09:48:36.210,0.7523,0.7518,10.0,0.7473,22.0,452.0,12.0
2021-01-05 09:48:36.730,0.7523,0.7518,30.0,0.7473,22.0,452.0,12.0
2021-01-05 09:48:37.211,0.7523,0.7518,10.0,0.7473,20.0,452.0,12.0
2021-01-05 09:48:37.491,0.7523,0.7512,10.0,0.7473,20.0,452.0,12.0
2021-01-05 09:48:38.211,0.7523,0.7509,10.0,0.7473,20.0,452.0,12.0
2021-01-05 09:48:38.690,0.7523,0.7509,10.0,0.7464,1.0,452.0,12.0
2021-01-05 09:48:40.670,0.7523,0.7509,10.0,0.7465,2.0,452.0,12.0
2021-01-05 09:48:42.190,0.7523,0.7509,10.0,0.7465,2.0,452.0,12.0
2021-01-05 09:48:42.661,0.7523,0.7509,10.0,0.7465,2.0,452.0,12.0
2021-01-05 09:48:45.020,0.7523,0.7512,20.0,0.7472,10.0,452.0,12.0
2021-01-05 09:48:45.531,0.7523,0.7518,30.0,0.7473,2.0,452.0,12.0
2021-01-05 09:48:47.021,0.7523,0.7518,30.0,0.7472,30.0,452.0,12.0
2021-01-05 09:48:47.511,0.7523,0.7518,30.0,0.7472,32.0,452.0,12.0
2021-01-05 09:48:47.911,0.7523,0.7518,30.0,0.7472,32.0,452.0,12.0
2021-01-05 09:48:50.030,0.7523,0.7518,30.0,0.7472,32.0,452.0,12.0
2021-01-05 09:48:52.510,0.7523,0.7518,20.0,0.7481,10.0,452.0,12.0
2021-01-05 09:48:52.700,0.7523,0.7527,10.0,0.7482,2.0,452.0,12.0
2021-01-05 09:48:53.150,0.7523,0.7527,10.0,0.7482,2.0,452.0,12.0
2021-01-05 09:48:53.711,0.7523,0.7527,10.0,0.7482,22.0,452.0,12.0
2021-01-05 09:48:54.681,0.7523,0.7527,10.0,0.7482,22.0,452.0,12.0
2021-01-05 09:48:55.680,0.7523,0.7529,20.0,0.749,10.0,452.0,12.0
2021-01-05 09:48:56.200,0.7523,0.7529,20.0,0.7491,2.0,452.0,12.0
2021-01-05 09:48:56.700,0.7523,0.7536,20.0,0.7491,2.0,452.0,12.0
2021-01-05 09:48:57.171,0.7523,0.7536,10.0,0.7491,2.0,452.0,12.0
2021-01-05 09:48:57.680,0.7523,0.7536,30.0,0.7491,2.0,452.0,12.0
2021-01-05 09:48:58.160,0.7523,0.7536,10.0,0.7491,2.0,452.0,12.0
2021-01-05 09:48:58.750,0.7523,0.7536,10.0,0.7491,2.0,452.0,12.0
2021-01-05 09:49:06.290,0.7523,0.7536,10.0,0.7492,2.0,452.0,12.0
2021-01-05 09:49:08.830,0.7523,0.7536,10.0,0.749,32.0,452.0,12.0
2021-01-05 09:49:09.821,0.7523,0.7537,20.0,0.7482,20.0,452.0,12.0
2021-01-05 09:49:10.330,0.7523,0.7521,10.0,0.7476,10.0,452.0,12.0
2021-01-05 09:49:10.831,0.7523,0.7521,30.0,0.7477,2.0,452.0,12.0
2021-01-05 09:49:11.341,0.7523,0.7521,10.0,0.7477,2.0,452.0,12.0
2021-01-05 09:49:11.850,0.7523,0.7521,10.0,0.7477,2.0,452.0,12.0
2021-01-05 09:49:12.270,0.7523,0.753,20.0,0.7477,2.0,452.0,12.0
2021-01-05 09:49:12.850,0.7523,0.753,10.0,0.7485,10.0,452.0,12.0
2021-01-05 09:49:13.310,0.7523,0.753,30.0,0.7485,30.0,452.0,12.0
2021-01-05 09:49:14.261,0.7523,0.753,30.0,0.7485,30.0,452.0,12.0
2021-01-05 09:49:15.851,0.7523,0.753,30.0,0.7486,2.0,452.0,12.0
2021-01-05 09:49:19.801,0.7523,0.753,30.0,0.7486,2.0,452.0,12.0
2021-01-05 09:49:20.840,0.7523,0.753,10.0,0.7486,2.0,452.0,12.0
2021-01-05 09:49:21.330,0.7523,0.7533,20.0,0.7486,2.0,452.0,12.0
2021-01-05 09:49:21.831,0.7523,0.7539,10.0,0.7493,10.0,452.0,12.0
2021-01-05 09:49:22.150,0.7523,0.7539,30.0,0.7494,1.0,452.0,12.0
2021-01-05 09:49:22.600,0.7523,0.7539,30.0,0.7494,1.0,452.0,12.0
2021-01-05 09:49:23.201,0.7523,0.7539,30.0,0.7494,1.0,452.0,12.0
2021-01-05 09:49:32.701,0.7523,0.7539,20.0,0.7503,10.0,452.0,12.0
2021-01-05 09:49:33.191,0.7523,0.7549,30.0,0.7503,30.0,452.0,12.0
2021-01-05 09:49:34.171,0.7523,0.7549,30.0,0.7503,30.0,452.0,12.0
2021-01-05 09:49:34.701,0.7523,0.7549,30.0,0.7504,2.0,452.0,12.0
2021-01-05 09:49:35.120,0.7523,0.7549,30.0,0.7504,2.0,452.0,12.0
2021-01-05 09:49:36.171,0.7523,0.7549,30.0,0.7504,2.0,452.0,12.0
2021-01-05 09:49:38.760,0.7523,0.7549,20.0,0.7513,10.0,452.0,12.0
2021-01-05 09:49:39.231,0.7523,0.7549,20.0,0.7514,2.0,452.0,12.0
2021-01-05 09:49:39.761,0.7523,0.7549,20.0,0.7514,2.0,452.0,12.0
2021-01-05 09:49:40.581,0.7523,0.7553,10.0,0.7514,2.0,452.0,12.0
2021-01-05 09:49:43.741,0.7523,0.7553,10.0,0.7514,2.0,452.0,12.0
2021-01-05 09:49:47.691,0.7523,0.7555,20.0,0.7514,2.0,452.0,12.0
2021-01-05 09:49:49.741,0.7523,0.7555,20.0,0.7515,2.0,452.0,12.0
2021-01-05 09:49:51.760,0.7523,0.7555,20.0,0.7514,2.0,452.0,12.0
2021-01-05 09:49:52.260,0.7523,0.7549,10.0,0.7514,2.0,452.0,12.0
2021-01-05 09:49:52.711,0.7523,0.7549,10.0,0.7515,2.0,452.0,12.0
2021-01-05 09:49:53.220,0.7523,0.7549,30.0,0.7513,20.0,452.0,12.0
2021-01-05 09:49:53.731,0.7523,0.7549,30.0,0.7513,20.0,452.0,12.0
2021-01-05 09:49:54.231,0.7523,0.7549,30.0,0.7504,2.0,452.0,12.0
2021-01-05 09:49:54.721,0.7523,0.754,10.0,0.7505,2.0,452.0,12.0
2021-01-05 09:49:55.681,0.7523,0.754,30.0,0.7505,2.0,452.0,12.0
2021-01-05 09:49:56.701,0.7523,0.754,30.0,0.7503,20.0,452.0,12.0
2021-01-05 09:49:57.141,0.7523,0.754,30.0,0.7503,20.0,452.0,12.0
2021-01-05 09:49:57.631,0.7523,0.7531,10.0,0.7495,22.0,452.0,12.0
2021-01-05 09:49:58.240,0.7523,0.7531,10.0,0.7496,2.0,452.0,12.0
2021-01-05 09:49:58.680,0.7523,0.7531,30.0,0.7495,20.0,452.0,12.0
2021-01-05 09:49:59.220,0.7523,0.7531,30.0,0.7485,30.0,452.0,12.0
2021-01-05 09:49:59.731,0.7523,0.7522,10.0,0.7485,20.0,452.0,12.0
2021-01-05 09:50:00.591,0.7523,0.7522,30.0,0.7485,20.0,452.0,12.0
2021-01-05 09:50:02.680,0.7523,0.7522,30.0,0.7485,20.0,452.0,12.0
2021-01-05 09:50:03.730,0.7523,0.7522,30.0,0.7476,30.0,452.0,12.0
2021-01-05 09:50:04.241,0.7523,0.7507,10.0,0.7465,20.0,452.0,12.0
2021-01-05 09:50:04.710,0.7523,0.7507,10.0,0.7465,20.0,452.0,12.0
2021-01-05 09:50:05.231,0.7523,0.7497,10.0,0.7462,2.0,452.0,12.0
2021-01-05 09:50:06.180,0.7523,0.7497,30.0,0.7462,2.0,452.0,12.0
2021-01-05 09:50:07.211,0.7523,0.7507,20.0,0.7462,12.0,452.0,12.0
2021-01-05 09:50:08.251,0.7523,0.7507,20.0,0.7479,7.0,452.0,12.0
2021-01-05 09:50:08.700,0.7523,0.7507,20.0,0.7462,12.0,452.0,12.0
2021-01-05 09:50:09.640,0.7523,0.7507,20.0,0.7462,10.0,452.0,12.0
2021-01-05 09:50:10.210,0.7523,0.7507,20.0,0.7462,10.0,452.0,12.0
2021-01-05 09:50:12.170,0.7523,0.7507,20.0,0.7462,10.0,452.0,12.0
2021-01-05 09:50:13.670,0.7523,0.7499,10.0,0.7458,20.0,452.0,12.0
2021-01-05 09:50:14.241,0.7523,0.7499,10.0,0.7458,20.0,452.0,12.0
2021-01-05 09:50:14.700,0.7523,0.7499,30.0,0.7458,20.0,452.0,12.0
2021-01-05 09:50:15.211,0.7523,0.7499,10.0,0.7458,20.0,452.0,12.0
2021-01-05 09:50:15.741,0.7523,0.7499,30.0,0.7458,20.0,452.0,12.0
2021-01-05 09:50:16.160,0.7523,0.7499,10.0,0.7458,20.0,452.0,12.0
2021-01-05 09:50:16.761,0.7523,0.7499,30.0,0.7459,2.0,452.0,12.0
2021-01-05 09:50:17.230,0.7523,0.7499,10.0,0.7459,2.0,452.0,12.0
2021-01-05 09:50:17.691,0.7523,0.7499,30.0,0.7458,20.0,452.0,12.0
2021-01-05 09:50:18.271,0.7523,0.7499,30.0,0.746,2.0,452.0,12.0
2021-01-05 09:50:18.740,0.7523,0.7499,30.0,0.746,2.0,452.0,12.0
2021-01-05 09:50:19.260,0.7523,0.7499,30.0,0.7459,2.0,452.0,12.0
2021-01-05 09:50:20.680,0.7523,0.7499,10.0,0.7459,2.0,452.0,12.0
2021-01-05 09:50:21.251,0.7523,0.7506,20.0,0.7463,10.0,452.0,12.0
2021-01-05 09:50:21.681,0.7523,0.7506,20.0,0.7464,2.0,452.0,12.0
2021-01-05 09:50:22.250,0.7523,0.7506,20.0,0.7464,2.0,452.0,12.0
2021-01-05 09:50:22.661,0.7523,0.7506,20.0,0.7468,6.0,452.0,12.0
2021-01-05 09:50:23.220,0.7523,0.7506,20.0,0.7464,22.0,452.0,12.0
2021-01-05 09:50:23.710,0.7523,0.7506,20.0,0.7464,22.0,452.0,12.0
2021-01-05 09:50:24.240,0.7523,0.7506,20.0,0.7464,22.0,452.0,12.0
2021-01-05 09:50:27.661,0.7523,0.7508,10.0,0.7464,22.0,452.0,12.0
2021-01-05 09:50:28.731,0.7523,0.7512,20.0,0.7473,10.0,452.0,12.0
2021-01-05 09:50:29.150,0.7523,0.7519,30.0,0.7474,2.0,452.0,12.0
2021-01-05 09:50:31.140,0.7523,0.7519,30.0,0.7474,2.0,452.0,12.0
2021-01-05 09:50:35.240,0.7523,0.7519,30.0,0.7474,2.0,452.0,12.0
2021-01-05 09:50:36.241,0.7523,0.751,10.0,0.7474,2.0,452.0,12.0
2021-01-05 09:50:36.681,0.7523,0.751,30.0,0.7474,2.0,452.0,12.0
2021-01-05 09:50:37.711,0.7523,0.751,30.0,0.7474,2.0,452.0,12.0
2021-01-05 09:50:39.190,0.7523,0.751,30.0,0.7475,2.0,452.0,12.0
2021-01-05 09:50:39.591,0.7523,0.751,30.0,0.7474,2.0,452.0,12.0
2021-01-05 09:50:40.511,0.7523,0.751,40.0,0.7473,20.0,452.0,12.0
2021-01-05 09:50:41.731,0.7523,0.751,40.0,0.7472,2.0,452.0,12.0
2021-01-05 09:50:42.260,0.7523,0.751,40.0,0.7472,2.0,452.0,12.0
2021-01-05 09:50:42.730,0.7523,0.751,40.0,0.7472,2.0,452.0,12.0
2021-01-05 09:50:43.760,0.7523,0.751,40.0,0.7464,32.0,452.0,12.0
2021-01-05 09:50:44.250,0.7523,0.751,40.0,0.747,20.0,452.0,12.0
2021-01-05 09:50:44.751,0.7523,0.751,40.0,0.7465,2.0,452.0,12.0
2021-01-05 09:50:45.681,0.7523,0.751,40.0,0.7465,2.0,452.0,12.0
2021-01-05 09:50:49.771,0.7523,0.751,30.0,0.7465,2.0,452.0,12.0
2021-01-05 09:50:54.230,0.7523,0.751,30.0,0.7466,2.0,452.0,12.0
2021-01-05 09:50:54.680,0.7523,0.7501,10.0,0.7466,2.0,452.0,12.0
2021-01-05 09:50:55.221,0.7523,0.7501,30.0,0.7466,2.0,452.0,12.0
2021-01-05 09:50:57.680,0.7523,0.7501,30.0,0.7466,2.0,452.0,12.0
2021-01-05 09:51:00.260,0.7523,0.751,20.0,0.7467,10.0,452.0,12.0
2021-01-05 09:51:00.710,0.7523,0.751,20.0,0.7501,10.0,452.0,12.0
2021-01-05 09:51:01.190,0.7501,0.751,20.0,0.7468,1.0,452.0,13.0
2021-01-05 09:51:01.670,0.7501,0.751,20.0,0.7468,1.0,452.0,13.0
2021-01-05 09:51:05.230,0.7501,0.7504,10.0,0.7468,1.0,452.0,13.0
2021-01-05 09:51:05.751,0.7501,0.7504,30.0,0.7468,1.0,452.0,13.0
2021-01-05 09:51:06.740,0.7501,0.7504,30.0,0.7468,1.0,452.0,13.0
2021-01-05 09:51:07.251,0.7501,0.7504,30.0,0.7468,1.0,452.0,13.0
2021-01-05 09:51:09.251,0.7501,0.7504,30.0,0.7468,1.0,452.0,13.0
2021-01-05 09:51:10.761,0.7501,0.7504,30.0,0.7469,1.0,452.0,13.0
2021-01-05 09:51:11.270,0.7501,0.751,20.0,0.7469,1.0,452.0,13.0
2021-01-05 09:51:11.781,0.7501,0.751,20.0,0.7471,10.0,452.0,13.0
2021-01-05 09:51:12.271,0.7501,0.751,20.0,0.7472,2.0,452.0,13.0
2021-01-05 09:51:12.791,0.7501,0.751,20.0,0.7472,2.0,452.0,13.0
2021-01-05 09:51:13.291,0.7501,0.753,10.0,0.7472,2.0,452.0,13.0
2021-01-05 09:51:14.280,0.7501,0.753,30.0,0.7505,20.0,452.0,13.0
2021-01-05 09:51:15.250,0.7501,0.753,20.0,0.7486,2.0,452.0,13.0
2021-01-05 09:51:16.730,0.7501,0.753,20.0,0.7486,2.0,452.0,13.0
2021-01-05 09:51:17.310,0.7501,0.753,20.0,0.7486,2.0,452.0,13.0
2021-01-05 09:51:18.311,0.7501,0.753,20.0,0.7486,2.0,452.0,13.0
2021-01-05 09:51:18.791,0.7501,0.7522,10.0,0.7486,2.0,452.0,13.0
2021-01-05 09:51:19.281,0.7501,0.7522,30.0,0.7486,2.0,452.0,13.0
2021-01-05 09:51:19.800,0.7501,0.7522,30.0,0.7485,20.0,452.0,13.0
2021-01-05 09:51:20.261,0.7501,0.7522,30.0,0.7485,22.0,452.0,13.0
2021-01-05 09:51:21.290,0.7501,0.7522,30.0,0.7485,22.0,452.0,13.0
2021-01-05 09:51:21.780,0.7501,0.7522,10.0,0.7485,22.0,452.0,13.0
2021-01-05 09:51:22.301,0.7501,0.7529,20.0,0.7485,22.0,452.0,13.0
2021-01-05 09:51:22.560,0.7501,0.7529,20.0,0.7487,10.0,452.0,13.0
2021-01-05 09:51:23.121,0.7501,0.7533,10.0,0.7487,10.0,452.0,13.0
2021-01-05 09:51:24.251,0.7501,0.7533,30.0,0.7488,2.0,452.0,13.0
2021-01-05 09:51:24.760,0.7501,0.7533,30.0,0.7488,2.0,452.0,13.0
2021-01-05 09:51:26.771,0.7501,0.7533,30.0,0.7488,2.0,452.0,13.0
2021-01-05 09:51:27.161,0.7501,0.7533,30.0,0.7488,2.0,452.0,13.0
2021-01-05 09:51:28.250,0.7501,0.7533,10.0,0.7488,2.0,452.0,13.0
2021-01-05 09:51:29.271,0.7501,0.7541,20.0,0.7488,2.0,452.0,13.0
2021-01-05 09:51:29.770,0.7501,0.7541,30.0,0.7496,10.0,452.0,13.0
2021-01-05 09:51:30.241,0.7501,0.7541,30.0,0.7497,2.0,452.0,13.0
2021-01-05 09:51:32.780,0.7501,0.7541,30.0,0.7497,2.0,452.0,13.0
2021-01-05 09:51:33.291,0.7501,0.7541,30.0,0.7497,2.0,452.0,13.0
2021-01-05 09:51:39.281,0.7501,0.7541,30.0,0.7497,2.0,452.0,13.0
2021-01-05 09:51:40.240,0.7501,0.7541,30.0,0.7498,1.0,452.0,13.0
2021-01-05 09:51:40.791,0.7501,0.7541,20.0,0.7498,1.0,452.0,13.0
2021-01-05 09:51:41.281,0.7501,0.7541,20.0,0.7504,10.0,452.0,13.0
2021-01-05 09:51:41.690,0.7501,0.7541,20.0,0.7505,1.0,452.0,13.0
2021-01-05 09:51:42.251,0.7501,0.7541,20.0,0.7505,1.0,452.0,13.0
2021-01-05 09:51:42.601,0.7501,0.755,30.0,0.7505,1.0,452.0,13.0
2021-01-05 09:51:43.761,0.7501,0.755,30.0,0.7505,1.0,452.0,13.0
2021-01-05 09:51:44.261,0.7501,0.755,30.0,0.7505,1.0,452.0,13.0
2021-01-05 09:51:46.270,0.7501,0.754,10.0,0.7505,1.0,452.0,13.0
2021-01-05 09:51:46.800,0.7501,0.754,30.0,0.7505,1.0,452.0,13.0
2021-01-05 09:51:48.771,0.7501,0.754,30.0,0.7505,1.0,452.0,13.0
2021-01-05 09:51:49.281,0.7501,0.754,30.0,0.7505,1.0,452.0,13.0
2021-01-05 09:51:50.331,0.7501,0.754,30.0,0.7505,1.0,452.0,13.0
2021-01-05 09:51:51.301,0.7501,0.754,30.0,0.7504,20.0,452.0,13.0
2021-01-05 09:51:51.830,0.7501,0.754,20.0,0.7488,2.0,452.0,13.0
2021-01-05 09:51:52.301,0.7501,0.7525,10.0,0.7489,2.0,452.0,13.0
2021-01-05 09:51:52.731,0.7501,0.7525,10.0,0.7489,2.0,452.0,13.0
2021-01-05 09:51:54.231,0.7501,0.7525,10.0,0.7489,2.0,452.0,13.0
2021-01-05 09:51:54.711,0.7501,0.7525,10.0,0.7489,2.0,452.0,13.0
2021-01-05 09:51:55.230,0.7501,0.7525,10.0,0.7487,2.0,452.0,13.0
2021-01-05 09:51:55.751,0.7501,0.7525,10.0,0.7487,2.0,452.0,13.0
2021-01-05 09:51:59.750,0.7501,0.7525,10.0,0.7487,2.0,452.0,13.0
2021-01-05 09:52:00.250,0.7501,0.7525,10.0,0.7487,2.0,452.0,13.0
2021-01-05 09:52:00.751,0.7501,0.7527,20.0,0.7487,2.0,452.0,13.0
2021-01-05 09:52:01.041,0.7501,0.7527,20.0,0.7488,10.0,452.0,13.0
2021-01-05 09:52:01.731,0.7501,0.7534,10.0,0.7489,2.0,452.0,13.0
2021-01-05 09:52:02.250,0.7501,0.7534,30.0,0.7489,2.0,452.0,13.0
2021-01-05 09:52:04.240,0.7501,0.7534,30.0,0.7489,2.0,452.0,13.0
2021-01-05 09:52:11.761,0.7501,0.7534,30.0,0.749,2.0,452.0,13.0
2021-01-05 09:52:14.180,0.7501,0.7534,30.0,0.749,2.0,452.0,13.0
2021-01-05 09:52:20.270,0.7501,0.7534,30.0,0.749,2.0,452.0,13.0
2021-01-05 09:52:21.370,0.7501,0.7534,30.0,0.7491,2.0,452.0,13.0
2021-01-05 09:52:23.241,0.7501,0.7534,20.0,0.7497,10.0,452.0,13.0
2021-01-05 09:52:24.181,0.7501,0.7543,10.0,0.7497,30.0,452.0,13.0
2021-01-05 09:52:24.701,0.7501,0.7543,10.0,0.7498,2.0,452.0,13.0
2021-01-05 09:52:26.751,0.7501,0.7543,10.0,0.7498,2.0,452.0,13.0
2021-01-05 09:52:27.760,0.7501,0.7543,10.0,0.7498,2.0,452.0,13.0
2021-01-05 09:52:28.250,0.7501,0.7532,10.0,0.7497,20.0,452.0,13.0
2021-01-05 09:52:28.761,0.7501,0.7532,10.0,0.7499,2.0,452.0,13.0
2021-01-05 09:52:29.251,0.7501,0.7532,30.0,0.7499,2.0,452.0,13.0
2021-01-05 09:52:29.771,0.7501,0.7532,10.0,0.7499,2.0,452.0,13.0
2021-01-05 09:52:30.271,0.7501,0.7532,10.0,0.7499,22.0,452.0,13.0
2021-01-05 09:52:30.741,0.7501,0.7533,20.0,0.7499,22.0,452.0,13.0
2021-01-05 09:52:31.270,0.7501,0.754,10.0,0.7499,22.0,452.0,13.0
2021-01-05 09:52:31.760,0.7501,0.754,30.0,0.7499,22.0,452.0,13.0
2021-01-05 09:52:32.691,0.7501,0.754,30.0,0.7499,22.0,452.0,13.0
2021-01-05 09:52:34.301,0.7501,0.754,30.0,0.7499,22.0,452.0,13.0
2021-01-05 09:52:36.301,0.7501,0.7547,20.0,0.7499,22.0,452.0,13.0
2021-01-05 09:52:36.770,0.7501,0.7547,20.0,0.7504,10.0,452.0,13.0
2021-01-05 09:52:37.300,0.7501,0.7547,20.0,0.7505,2.0,452.0,13.0
2021-01-05 09:52:37.761,0.7501,0.7547,20.0,0.7505,22.0,452.0,13.0
2021-01-05 09:52:38.251,0.7501,0.7547,20.0,0.7505,22.0,452.0,13.0
2021-01-05 09:52:40.291,0.7501,0.7547,20.0,0.7505,22.0,452.0,13.0
2021-01-05 09:52:41.780,0.7501,0.7547,20.0,0.7505,22.0,452.0,13.0
2021-01-05 09:52:42.291,0.7501,0.7547,20.0,0.7508,10.0,452.0,13.0
2021-01-05 09:52:42.790,0.7547,0.756,10.0,0.7515,10.0,452.0,23.0
2021-01-05 09:52:43.290,0.7547,0.756,10.0,0.7515,30.0,452.0,23.0
2021-01-05 09:52:43.780,0.7547,0.756,10.0,0.7516,2.0,452.0,23.0
2021-01-05 09:52:45.311,0.7547,0.756,10.0,0.7516,2.0,452.0,23.0
2021-01-05 09:52:48.331,0.7547,0.7567,20.0,0.7516,2.0,452.0,23.0
2021-01-05 09:52:48.800,0.7547,0.7572,10.0,0.7526,10.0,452.0,23.0
2021-01-05 09:52:49.211,0.7547,0.7572,10.0,0.7527,2.0,452.0,23.0
2021-01-05 09:52:49.820,0.7547,0.7572,10.0,0.7527,2.0,452.0,23.0
2021-01-05 09:52:50.321,0.7547,0.7572,10.0,0.7527,2.0,452.0,23.0
2021-01-05 09:52:50.801,0.7547,0.7572,10.0,0.7527,2.0,452.0,23.0
2021-01-05 09:52:53.231,0.7547,0.7556,10.0,0.7516,2.0,452.0,23.0
2021-01-05 09:52:54.250,0.7547,0.7556,10.0,0.7517,2.0,452.0,23.0
2021-01-05 09:52:54.751,0.7547,0.7556,10.0,0.7517,2.0,452.0,23.0
2021-01-05 09:52:57.260,0.7547,0.7556,10.0,0.7514,2.0,452.0,23.0
2021-01-05 09:52:58.261,0.7547,0.7556,10.0,0.751,10.0,452.0,23.0
2021-01-05 09:52:59.260,0.7547,0.7556,10.0,0.7511,2.0,452.0,23.0
2021-01-05 09:53:00.190,0.7547,0.7546,10.0,0.7512,2.0,452.0,23.0
2021-01-05 09:53:01.041,0.7547,0.7546,10.0,0.7512,2.0,452.0,23.0
2021-01-05 09:53:01.761,0.7547,0.756,20.0,0.7512,2.0,452.0,23.0
2021-01-05 09:53:02.091,0.7547,0.7556,10.0,0.7512,2.0,452.0,23.0
2021-01-05 09:53:02.760,0.7547,0.7556,10.0,0.7512,2.0,452.0,23.0
2021-01-05 09:53:02.991,0.7547,0.7556,30.0,0.7512,2.0,452.0,23.0
2021-01-05 09:53:03.761,0.7547,0.7556,10.0,0.7512,2.0,452.0,23.0
2021-01-05 09:53:04.201,0.7547,0.7556,30.0,0.7512,2.0,452.0,23.0
2021-01-05 09:53:04.770,0.7547,0.7556,10.0,0.7512,2.0,452.0,23.0
2021-01-05 09:53:05.281,0.7547,0.7556,30.0,0.7512,2.0,452.0,23.0
2021-01-05 09:53:05.761,0.7547,0.7556,10.0,0.7512,2.0,452.0,23.0
2021-01-05 09:53:06.220,0.7547,0.7556,10.0,0.7512,2.0,452.0,23.0
2021-01-05 09:53:06.771,0.7547,0.7556,30.0,0.7512,2.0,452.0,23.0
2021-01-05 09:53:08.281,0.7547,0.7556,20.0,0.752,10.0,452.0,23.0
2021-01-05 09:53:09.301,0.7547,0.7566,30.0,0.7521,2.0,452.0,23.0
2021-01-05 09:53:13.301,0.7547,0.7556,10.0,0.752,20.0,452.0,23.0
2021-01-05 09:53:13.801,0.7547,0.7556,10.0,0.751,10.0,452.0,23.0
2021-01-05 09:53:14.321,0.7547,0.7556,30.0,0.751,12.0,452.0,23.0
2021-01-05 09:53:15.320,0.7547,0.7546,10.0,0.7508,20.0,452.0,23.0
2021-01-05 09:53:15.810,0.7547,0.7546,30.0,0.7506,2.0,452.0,23.0
2021-01-05 09:53:16.321,0.7547,0.7546,30.0,0.7503,2.0,452.0,23.0
2021-01-05 09:53:17.820,0.7547,0.7556,20.0,0.7503,2.0,452.0,23.0
2021-01-05 09:53:18.300,0.7547,0.7555,10.0,0.751,10.0,452.0,23.0
2021-01-05 09:53:18.811,0.7547,0.7555,30.0,0.751,30.0,452.0,23.0
2021-01-05 09:53:19.291,0.7547,0.7555,30.0,0.7511,2.0,452.0,23.0
2021-01-05 09:53:19.810,0.7547,0.7555,30.0,0.7513,10.0,452.0,23.0
2021-01-05 09:53:20.311,0.7547,0.7555,30.0,0.7513,10.0,452.0,23.0
2021-01-05 09:53:20.830,0.7547,0.7555,30.0,0.7513,10.0,452.0,23.0
2021-01-05 09:53:21.291,0.7547,0.7555,30.0,0.7513,10.0,452.0,23.0
2021-01-05 09:53:21.831,0.7547,0.7555,30.0,0.7514,1.0,452.0,23.0
2021-01-05 09:53:23.740,0.7547,0.7555,30.0,0.7515,2.0,452.0,23.0
2021-01-05 09:53:25.191,0.7547,0.7555,30.0,0.7515,2.0,452.0,23.0
2021-01-05 09:53:26.751,0.7547,0.7561,20.0,0.7518,10.0,452.0,23.0
2021-01-05 09:53:27.730,0.7547,0.7561,20.0,0.7518,10.0,452.0,23.0
2021-01-05 09:53:28.230,0.7547,0.7551,10.0,0.7514,1.0,452.0,23.0
2021-01-05 09:53:28.750,0.7547,0.7551,10.0,0.7514,1.0,452.0,23.0
2021-01-05 09:53:29.231,0.7547,0.7551,30.0,0.7514,1.0,452.0,23.0
2021-01-05 09:53:29.701,0.7547,0.7551,30.0,0.7514,1.0,452.0,23.0
2021-01-05 09:53:30.211,0.7547,0.7551,30.0,0.7514,21.0,452.0,23.0
2021-01-05 09:53:34.110,0.7547,0.7551,30.0,0.7515,2.0,452.0,23.0
2021-01-05 09:53:38.100,0.7547,0.7551,30.0,0.7515,2.0,452.0,23.0
2021-01-05 09:53:38.761,0.7547,0.7551,20.0,0.7515,2.0,452.0,23.0
2021-01-05 09:53:39.261,0.7547,0.7551,20.0,0.7514,31.0,452.0,23.0
2021-01-05 09:53:39.770,0.7547,0.7551,20.0,0.7514,31.0,452.0,23.0
2021-01-05 09:53:40.271,0.7547,0.7551,20.0,0.7514,21.0,452.0,23.0
2021-01-05 09:53:40.771,0.7547,0.7551,20.0,0.7514,21.0,452.0,23.0
2021-01-05 09:53:41.211,0.7547,0.7551,20.0,0.7514,21.0,452.0,23.0
2021-01-05 09:53:42.751,0.7547,0.7551,20.0,0.7514,21.0,452.0,23.0
2021-01-05 09:53:43.800,0.7547,0.7551,20.0,0.7514,21.0,452.0,23.0
2021-01-05 09:53:45.260,0.7547,0.7551,20.0,0.7514,21.0,452.0,23.0
2021-01-05 09:53:45.771,0.7547,0.7551,20.0,0.7514,21.0,452.0,23.0
2021-01-05 09:53:46.791,0.7547,0.7551,20.0,0.7514,1.0,452.0,23.0
2021-01-05 09:53:47.020,0.7547,0.7543,10.0,0.7514,1.0,452.0,23.0
2021-01-05 09:53:47.800,0.7547,0.7543,10.0,0.7514,1.0,452.0,23.0
2021-01-05 09:53:48.050,0.7547,0.7543,10.0,0.7514,1.0,452.0,23.0
2021-01-05 09:53:49.281,0.7547,0.7543,30.0,0.7514,1.0,452.0,23.0
2021-01-05 09:53:50.820,0.7547,0.7543,30.0,0.7514,1.0,452.0,23.0
2021-01-05 09:53:52.311,0.7547,0.7543,30.0,0.7514,1.0,452.0,23.0
2021-01-05 09:53:54.230,0.7547,0.7543,30.0,0.7514,1.0,452.0,23.0
2021-01-05 09:53:54.710,0.7547,0.7543,30.0,0.7514,1.0,452.0,23.0
2021-01-05 09:53:55.090,0.7547,0.7543,30.0,0.7514,1.0,452.0,23.0
2021-01-05 09:53:55.730,0.7547,0.7543,30.0,0.7514,1.0,452.0,23.0
2021-01-05 09:53:56.691,0.7547,0.7543,30.0,0.7515,2.0,452.0,23.0
2021-01-05 09:53:57.200,0.7547,0.7543,30.0,0.7514,1.0,452.0,23.0
2021-01-05 09:54:05.270,0.7547,0.7543,30.0,0.7514,1.0,452.0,23.0
2021-01-05 09:54:05.741,0.7547,0.7543,30.0,0.7514,1.0,452.0,23.0
2021-01-05 09:54:06.761,0.7547,0.7543,20.0,0.7514,1.0,452.0,23.0
2021-01-05 09:54:07.750,0.7547,0.7554,30.0,0.7514,3.0,452.0,23.0
2021-01-05 09:54:11.231,0.7547,0.7554,30.0,0.7514,3.0,452.0,23.0
2021-01-05 09:54:12.250,0.7547,0.7554,30.0,0.7514,1.0,452.0,23.0
2021-01-05 09:54:12.751,0.7547,0.7554,30.0,0.7514,1.0,452.0,23.0
2021-01-05 09:54:14.701,0.7547,0.7554,30.0,0.7514,1.0,452.0,23.0
2021-01-05 09:54:15.260,0.7547,0.7554,30.0,0.7514,1.0,452.0,23.0
2021-01-05 09:54:17.191,0.7547,0.7543,10.0,0.7514,1.0,452.0,23.0
2021-01-05 09:54:17.700,0.7547,0.754,10.0,0.7514,1.0,452.0,23.0
2021-01-05 09:54:18.241,0.7547,0.754,10.0,0.7514,1.0,452.0,23.0
2021-01-05 09:54:19.680,0.7547,0.754,10.0,0.7514,3.0,452.0,23.0
2021-01-05 09:54:20.241,0.7547,0.754,10.0,0.7514,1.0,452.0,23.0
2021-01-05 09:54:21.261,0.7547,0.754,10.0,0.7514,3.0,452.0,23.0
2021-01-05 09:54:22.681,0.7547,0.754,10.0,0.7511,2.0,452.0,23.0
2021-01-05 09:54:23.111,0.7547,0.754,10.0,0.7509,22.0,452.0,23.0
2021-01-05 09:54:24.251,0.7547,0.754,10.0,0.7509,20.0,452.0,23.0
2021-01-05 09:54:24.641,0.7547,0.754,10.0,0.7509,20.0,452.0,23.0
2021-01-05 09:54:25.670,0.7547,0.754,10.0,0.7509,20.0,452.0,23.0
2021-01-05 09:54:27.251,0.7547,0.754,10.0,0.7509,20.0,452.0,23.0
2021-01-05 09:54:28.231,0.7547,0.754,10.0,0.7502,20.0,452.0,23.0
2021-01-05 09:54:28.681,0.7547,0.754,10.0,0.7502,20.0,452.0,23.0
2021-01-05 09:54:31.170,0.7547,0.754,10.0,0.7502,20.0,452.0,23.0
2021-01-05 09:54:31.591,0.7547,0.754,10.0,0.7502,20.0,452.0,23.0
2021-01-05 09:54:32.240,0.7547,0.754,10.0,0.7502,20.0,452.0,23.0
2021-01-05 09:54:32.700,0.7547,0.754,10.0,0.7502,20.0,452.0,23.0
2021-01-05 09:54:37.251,0.7547,0.754,10.0,0.7502,20.0,452.0,23.0
2021-01-05 09:54:41.250,0.7547,0.754,10.0,0.7502,20.0,452.0,23.0
2021-01-05 09:54:46.030,0.7547,0.754,10.0,0.7502,22.0,452.0,23.0
2021-01-05 09:54:53.701,0.7547,0.754,10.0,0.7502,20.0,452.0,23.0
2021-01-05 09:54:54.171,0.7547,0.754,10.0,0.7502,20.0,452.0,23.0
2021-01-05 09:54:54.711,0.7547,0.754,10.0,0.7502,22.0,452.0,23.0
2021-01-05 09:54:55.211,0.7547,0.754,10.0,0.7502,20.0,452.0,23.0
2021-01-05 09:54:57.120,0.7547,0.7532,10.0,0.7502,20.0,452.0,23.0
2021-01-05 09:54:57.710,0.7547,0.7532,10.0,0.7502,20.0,452.0,23.0
2021-01-05 09:54:58.261,0.7547,0.7532,30.0,0.7486,30.0,452.0,23.0
2021-01-05 09:54:58.680,0.7547,0.7532,10.0,0.7487,2.0,452.0,23.0
2021-01-05 09:54:59.041,0.7547,0.7522,10.0,0.7487,2.0,452.0,23.0
2021-01-05 09:55:00.240,0.7547,0.7522,30.0,0.7488,2.0,452.0,23.0
2021-01-05 09:55:00.780,0.7547,0.7522,30.0,0.7486,2.0,452.0,23.0
2021-01-05 09:55:01.191,0.7547,0.7522,30.0,0.7487,20.0,452.0,23.0
2021-01-05 09:55:01.760,0.7547,0.7522,30.0,0.7487,20.0,452.0,23.0
2021-01-05 09:55:02.761,0.7547,0.7512,10.0,0.7479,20.0,452.0,23.0
2021-01-05 09:55:03.281,0.7547,0.7512,10.0,0.7479,20.0,452.0,23.0
2021-01-05 09:55:03.721,0.7547,0.7512,10.0,0.7466,30.0,452.0,23.0
2021-01-05 09:55:04.280,0.7547,0.7512,10.0,0.7467,2.0,452.0,23.0
2021-01-05 09:55:04.720,0.7547,0.7512,10.0,0.7467,2.0,452.0,23.0
2021-01-05 09:55:05.690,0.7547,0.7512,30.0,0.7467,2.0,452.0,23.0
2021-01-05 09:55:06.741,0.7547,0.7512,30.0,0.7467,2.0,452.0,23.0
2021-01-05 09:55:13.221,0.7547,0.7503,10.0,0.7467,2.0,452.0,23.0
2021-01-05 09:55:13.761,0.7547,0.7503,10.0,0.7466,20.0,452.0,23.0
2021-01-05 09:55:14.260,0.7547,0.7503,30.0,0.7466,20.0,452.0,23.0
2021-01-05 09:55:14.750,0.7547,0.7503,30.0,0.7466,20.0,452.0,23.0
2021-01-05 09:55:15.751,0.7547,0.7503,30.0,0.7466,20.0,452.0,23.0
2021-01-05 09:55:16.281,0.7547,0.7494,10.0,0.746,20.0,452.0,23.0
2021-01-05 09:55:16.750,0.7547,0.7494,30.0,0.7461,2.0,452.0,23.0
2021-01-05 09:55:17.280,0.7547,0.7494,30.0,0.7461,22.0,452.0,23.0
2021-01-05 09:55:20.771,0.7547,0.7494,30.0,0.7461,22.0,452.0,23.0
2021-01-05 09:55:21.270,0.7547,0.7494,30.0,0.7461,22.0,452.0,23.0
2021-01-05 09:55:21.770,0.7547,0.7494,20.0,0.7461,22.0,452.0,23.0
2021-01-05 09:55:22.281,0.7547,0.7494,20.0,0.7461,22.0,452.0,23.0
2021-01-05 09:55:22.750,0.7547,0.7506,30.0,0.7464,10.0,452.0,23.0
2021-01-05 09:55:23.261,0.7547,0.7506,20.0,0.7471,10.0,452.0,23.0
2021-01-05 09:55:23.750,0.7547,0.7516,10.0,0.7471,30.0,452.0,23.0
2021-01-05 09:55:24.240,0.7547,0.7516,10.0,0.7471,30.0,452.0,23.0
2021-01-05 09:55:25.231,0.7547,0.7516,10.0,0.7472,2.0,452.0,23.0
2021-01-05 09:55:29.260,0.7547,0.7516,10.0,0.7472,2.0,452.0,23.0
2021-01-05 09:55:29.721,0.7547,0.7516,10.0,0.7472,2.0,452.0,23.0
2021-01-05 09:55:31.750,0.7547,0.7516,10.0,0.7474,10.0,452.0,23.0
2021-01-05 09:55:32.280,0.7547,0.7518,20.0,0.7479,10.0,452.0,23.0
2021-01-05 09:55:32.791,0.7547,0.7525,30.0,0.7479,30.0,452.0,23.0
2021-01-05 09:55:33.260,0.7547,0.7525,30.0,0.7479,30.0,452.0,23.0
2021-01-05 09:55:33.730,0.7547,0.7525,30.0,0.7479,30.0,452.0,23.0
2021-01-05 09:55:34.251,0.7547,0.7525,30.0,0.7479,30.0,452.0,23.0
2021-01-05 09:55:35.721,0.7547,0.7525,30.0,0.7479,30.0,452.0,23.0
2021-01-05 09:55:36.270,0.7547,0.7525,30.0,0.748,2.0,452.0,23.0
2021-01-05 09:55:42.800,0.7547,0.7525,30.0,0.748,2.0,452.0,23.0
2021-01-05 09:55:46.300,0.7547,0.7525,30.0,0.7481,2.0,452.0,23.0
2021-01-05 09:55:46.790,0.7547,0.7525,30.0,0.7481,2.0,452.0,23.0
2021-01-05 09:55:47.290,0.7547,0.7525,30.0,0.7481,2.0,452.0,23.0
2021-01-05 09:55:48.811,0.7547,0.7525,30.0,0.7483,10.0,452.0,23.0
2021-01-05 09:55:49.301,0.7547,0.7525,30.0,0.7483,10.0,452.0,23.0
2021-01-05 09:55:50.321,0.7547,0.7525,30.0,0.7483,10.0,452.0,23.0
2021-01-05 09:55:50.801,0.7547,0.7525,30.0,0.7483,10.0,452.0,23.0
2021-01-05 09:55:51.320,0.7547,0.7525,30.0,0.7484,2.0,452.0,23.0
2021-01-05 09:55:53.771,0.7547,0.7525,30.0,0.7484,2.0,452.0,23.0
2021-01-05 09:56:00.770,0.7547,0.7525,20.0,0.7488,10.0,452.0,23.0
2021-01-05 09:56:01.271,0.7547,0.7534,30.0,0.7489,2.0,452.0,23.0
2021-01-05 09:56:02.770,0.7547,0.7534,30.0,0.7488,30.0,452.0,23.0
2021-01-05 09:56:03.271,0.7547,0.7534,20.0,0.7488,20.0,452.0,23.0
2021-01-05 09:56:03.790,0.7547,0.7521,10.0,0.7483,10.0,452.0,23.0
2021-01-05 09:56:04.310,0.7547,0.7521,30.0,0.7483,10.0,452.0,23.0
2021-01-05 09:56:04.420,0.7547,0.7521,30.0,0.7481,2.0,452.0,23.0
2021-01-05 09:56:05.330,0.7547,0.7521,30.0,0.7479,20.0,452.0,23.0
2021-01-05 09:56:05.780,0.7547,0.7521,30.0,0.7479,20.0,452.0,23.0
2021-01-05 09:56:06.310,0.7547,0.7521,20.0,0.7479,20.0,452.0,23.0
2021-01-05 09:56:06.771,0.7547,0.751,10.0,0.7473,20.0,452.0,23.0
2021-01-05 09:56:06.940,0.7547,0.751,30.0,0.7471,2.0,452.0,23.0
2021-01-05 09:56:07.820,0.7547,0.751,30.0,0.7471,22.0,452.0,23.0
2021-01-05 09:56:09.810,0.7547,0.751,30.0,0.7471,22.0,452.0,23.0
2021-01-05 09:56:10.321,0.7547,0.751,30.0,0.7471,22.0,452.0,23.0
2021-01-05 09:56:11.320,0.7547,0.7521,20.0,0.7471,22.0,452.0,23.0
2021-01-05 09:56:11.820,0.7547,0.7522,10.0,0.7476,10.0,452.0,23.0
2021-01-05 09:56:12.081,0.7547,0.7522,30.0,0.7477,2.0,452.0,23.0
2021-01-05 09:56:12.800,0.7547,0.7522,30.0,0.7477,22.0,452.0,23.0
2021-01-05 09:56:14.851,0.7547,0.7522,20.0,0.7471,22.0,452.0,23.0
2021-01-05 09:56:15.251,0.7547,0.7513,10.0,0.7471,22.0,452.0,23.0
2021-01-05 09:56:15.820,0.7547,0.7513,30.0,0.7471,22.0,452.0,23.0
2021-01-05 09:56:17.301,0.7547,0.7513,30.0,0.7472,2.0,452.0,23.0
2021-01-05 09:56:21.800,0.7547,0.7513,30.0,0.7472,2.0,452.0,23.0
2021-01-05 09:56:22.330,0.7547,0.7513,30.0,0.7472,2.0,452.0,23.0
2021-01-05 09:56:27.100,0.7547,0.7513,30.0,0.7473,2.0,452.0,23.0
2021-01-05 09:56:29.150,0.7547,0.7513,30.0,0.7473,2.0,452.0,23.0
2021-01-05 09:56:34.281,0.7547,0.7513,30.0,0.7473,2.0,452.0,23.0
2021-01-05 09:56:36.800,0.7547,0.7513,30.0,0.7471,20.0,452.0,23.0
2021-01-05 09:56:37.291,0.7547,0.7513,30.0,0.7471,20.0,452.0,23.0
2021-01-05 09:56:39.291,0.7547,0.7513,20.0,0.7471,20.0,452.0,23.0
2021-01-05 09:56:39.800,0.7547,0.7527,10.0,0.7514,10.0,452.0,23.0
2021-01-05 09:56:40.250,0.7514,0.7514,16.0,0.7483,10.0,462.0,33.0
2021-01-05 09:56:40.771,0.7514,0.7514,1.0,0.7483,10.0,462.0,33.0
2021-01-05 09:56:41.270,0.7514,0.7514,1.0,0.7484,2.0,462.0,33.0
2021-01-05 09:56:41.810,0.7514,0.7514,1.0,0.7483,10.0,462.0,33.0
2021-01-05 09:56:42.300,0.7514,0.7514,1.0,0.7483,12.0,462.0,33.0
2021-01-05 09:56:42.770,0.7514,0.7514,21.0,0.7483,12.0,462.0,33.0
2021-01-05 09:56:43.291,0.7514,0.7514,21.0,0.7483,2.0,462.0,33.0
2021-01-05 09:56:44.301,0.7514,0.7514,1.0,0.7483,2.0,462.0,33.0
2021-01-05 09:56:44.820,0.7514,0.7514,1.0,0.7483,2.0,462.0,33.0
2021-01-05 09:56:45.810,0.7514,0.7514,1.0,0.7483,2.0,462.0,33.0
2021-01-05 09:56:47.821,0.7514,0.753,20.0,0.7483,2.0,462.0,33.0
2021-01-05 09:56:48.351,0.7514,0.7536,10.0,0.749,10.0,462.0,33.0
2021-01-05 09:56:48.820,0.7514,0.7536,10.0,0.7515,10.0,462.0,33.0
2021-01-05 09:56:49.300,0.7514,0.7536,10.0,0.7491,2.0,462.0,33.0
2021-01-05 09:56:50.320,0.7514,0.7536,10.0,0.7491,2.0,462.0,33.0
2021-01-05 09:56:50.860,0.7514,0.7536,10.0,0.7491,2.0,462.0,33.0
2021-01-05 09:56:57.780,0.7514,0.7539,30.0,0.7491,2.0,462.0,33.0
2021-01-05 09:56:58.291,0.7514,0.7539,20.0,0.75,10.0,462.0,33.0
2021-01-05 09:56:58.790,0.7514,0.7546,30.0,0.75,30.0,462.0,33.0
2021-01-05 09:56:59.290,0.7514,0.7546,30.0,0.7501,2.0,462.0,33.0
2021-01-05 09:57:00.250,0.7514,0.7546,30.0,0.7501,2.0,462.0,33.0
2021-01-05 09:57:01.290,0.7514,0.7546,30.0,0.7501,2.0,462.0,33.0
2021-01-05 09:57:03.301,0.7514,0.7546,30.0,0.7501,2.0,462.0,33.0
2021-01-05 09:57:04.300,0.7514,0.7546,20.0,0.7507,10.0,462.0,33.0
2021-01-05 09:57:04.821,0.7514,0.7556,10.0,0.751,10.0,462.0,33.0
2021-01-05 09:57:05.341,0.7514,0.7556,30.0,0.751,10.0,462.0,33.0
2021-01-05 09:57:05.820,0.7514,0.7556,30.0,0.751,10.0,462.0,33.0
2021-01-05 09:57:06.321,0.7514,0.7556,40.0,0.7508,2.0,462.0,33.0
2021-01-05 09:57:06.811,0.7514,0.7547,10.0,0.7507,20.0,462.0,33.0
2021-01-05 09:57:07.351,0.7514,0.7547,30.0,0.7501,12.0,462.0,33.0
2021-01-05 09:57:09.291,0.7514,0.7547,30.0,0.7502,2.0,462.0,33.0
2021-01-05 09:57:09.800,0.7514,0.7547,30.0,0.7502,2.0,462.0,33.0
2021-01-05 09:57:15.851,0.7514,0.7547,20.0,0.7501,2.0,462.0,33.0
2021-01-05 09:57:16.280,0.7514,0.7536,10.0,0.75,20.0,462.0,33.0
2021-01-05 09:57:16.820,0.7514,0.7536,30.0,0.7491,22.0,462.0,33.0
2021-01-05 09:57:17.311,0.7514,0.7536,30.0,0.7499,2.0,462.0,33.0
2021-01-05 09:57:17.840,0.7514,0.7536,30.0,0.7499,22.0,462.0,33.0
2021-01-05 09:57:18.310,0.7514,0.7536,30.0,0.7499,22.0,462.0,33.0
2021-01-05 09:57:19.321,0.7514,0.7536,30.0,0.7499,22.0,462.0,33.0
2021-01-05 09:57:19.861,0.7514,0.7536,30.0,0.7499,22.0,462.0,33.0
2021-01-05 09:57:24.760,0.7514,0.7536,30.0,0.7499,22.0,462.0,33.0
2021-01-05 09:57:25.791,0.7514,0.7536,20.0,0.7499,32.0,462.0,33.0
2021-01-05 09:57:26.800,0.7514,0.7545,30.0,0.7499,32.0,462.0,33.0
2021-01-05 09:57:27.301,0.7514,0.7545,30.0,0.75,2.0,462.0,33.0
2021-01-05 09:57:28.750,0.7514,0.7545,30.0,0.75,2.0,462.0,33.0
2021-01-05 09:57:37.320,0.7514,0.7545,30.0,0.7501,1.0,462.0,33.0
2021-01-05 09:57:39.310,0.7514,0.7545,30.0,0.7501,1.0,462.0,33.0
2021-01-05 09:57:39.800,0.7514,0.7545,30.0,0.7501,1.0,462.0,33.0
2021-01-05 09:57:47.280,0.7514,0.7545,30.0,0.7502,2.0,462.0,33.0
2021-01-05 09:57:48.341,0.7514,0.7545,20.0,0.7502,2.0,462.0,33.0
2021-01-05 09:57:48.840,0.7514,0.7555,10.0,0.7509,10.0,462.0,33.0
2021-01-05 09:57:49.361,0.7514,0.7555,10.0,0.7509,10.0,462.0,33.0
2021-01-05 09:57:49.860,0.7514,0.7555,10.0,0.7509,30.0,462.0,33.0
2021-01-05 09:57:50.350,0.7514,0.7555,10.0,0.7509,40.0,462.0,33.0
2021-01-05 09:57:50.821,0.7514,0.7555,10.0,0.7509,40.0,462.0,33.0
2021-01-05 09:57:51.830,0.7514,0.7556,20.0,0.7509,30.0,462.0,33.0
2021-01-05 09:57:52.310,0.7514,0.7564,10.0,0.7518,10.0,462.0,33.0
2021-01-05 09:57:53.270,0.7514,0.7564,10.0,0.7519,2.0,462.0,33.0
2021-01-05 09:57:56.260,0.7514,0.7564,10.0,0.7519,2.0,462.0,33.0
2021-01-05 09:58:03.300,0.7514,0.7564,10.0,0.752,2.0,462.0,33.0
2021-01-05 09:58:04.751,0.7514,0.7564,10.0,0.752,2.0,462.0,33.0
2021-01-05 09:58:05.131,0.7514,0.7567,30.0,0.7519,2.0,462.0,33.0
2021-01-05 09:58:05.800,0.7514,0.7555,10.0,0.7518,20.0,462.0,33.0
2021-01-05 09:58:06.320,0.7514,0.7555,10.0,0.7518,20.0,462.0,33.0
2021-01-05 09:58:06.810,0.7514,0.7555,10.0,0.7517,22.0,462.0,33.0
2021-01-05 09:58:08.280,0.7514,0.7555,10.0,0.7517,22.0,462.0,33.0
2021-01-05 09:58:08.791,0.7514,0.7555,30.0,0.7517,22.0,462.0,33.0
2021-01-05 09:58:15.321,0.7514,0.7555,30.0,0.7517,20.0,462.0,33.0
2021-01-05 09:58:15.810,0.7514,0.7555,30.0,0.7517,20.0,462.0,33.0
2021-01-05 09:58:16.840,0.7514,0.7555,30.0,0.7517,20.0,462.0,33.0
2021-01-05 09:58:17.330,0.7514,0.7555,20.0,0.751,2.0,462.0,33.0
2021-01-05 09:58:17.841,0.7514,0.7546,10.0,0.751,2.0,462.0,33.0
2021-01-05 09:58:18.350,0.7514,0.7546,30.0,0.7511,2.0,462.0,33.0
2021-01-05 09:58:18.850,0.7514,0.7546,30.0,0.751,2.0,462.0,33.0
2021-01-05 09:58:19.341,0.7514,0.7546,30.0,0.7509,20.0,462.0,33.0
2021-01-05 09:58:19.791,0.7514,0.7546,30.0,0.7508,2.0,462.0,33.0
2021-01-05 09:58:20.840,0.7514,0.7546,30.0,0.7508,22.0,462.0,33.0
2021-01-05 09:58:21.960,0.7514,0.7546,30.0,0.7508,22.0,462.0,33.0
2021-01-05 09:58:26.780,0.7546,0.7546,20.0,0.7508,22.0,468.0,43.0
2021-01-05 09:58:27.281,0.7546,0.7552,10.0,0.7508,22.0,468.0,43.0
2021-01-05 09:58:28.130,0.7546,0.7552,30.0,0.7508,22.0,468.0,43.0
2021-01-05 09:58:29.811,0.7546,0.7552,30.0,0.7509,2.0,468.0,43.0
2021-01-05 09:58:39.830,0.7546,0.7552,30.0,0.751,2.0,468.0,43.0
2021-01-05 09:58:42.781,0.7546,0.7552,30.0,0.751,2.0,468.0,43.0
2021-01-05 09:58:43.330,0.7546,0.7552,30.0,0.751,2.0,468.0,43.0
2021-01-05 09:58:45.810,0.7546,0.7552,20.0,0.751,2.0,468.0,43.0
2021-01-05 09:58:45.860,0.7546,0.7561,10.0,0.7515,10.0,468.0,43.0
2021-01-05 09:58:46.701,0.7546,0.7561,30.0,0.7516,2.0,468.0,43.0
2021-01-05 09:58:47.791,0.7546,0.7561,30.0,0.7516,2.0,468.0,43.0
2021-01-05 09:58:48.311,0.7546,0.7561,30.0,0.7517,10.0,468.0,43.0
2021-01-05 09:58:49.831,0.7546,0.7561,30.0,0.7518,1.0,468.0,43.0
2021-01-05 09:58:50.300,0.7546,0.7561,30.0,0.7518,1.0,468.0,43.0
2021-01-05 09:58:52.340,0.7546,0.7561,30.0,0.7518,1.0,468.0,43.0
2021-01-05 09:58:52.751,0.7546,0.7561,30.0,0.7518,1.0,468.0,43.0
2021-01-05 09:58:54.280,0.7546,0.7561,30.0,0.7518,1.0,468.0,43.0
2021-01-05 09:58:55.260,0.7546,0.7561,30.0,0.7518,1.0,468.0,43.0
2021-01-05 09:58:55.711,0.7546,0.7561,20.0,0.7524,10.0,468.0,43.0
2021-01-05 09:58:56.221,0.7546,0.7567,20.0,0.7528,10.0,468.0,43.0
2021-01-05 09:58:56.770,0.7546,0.7567,20.0,0.7528,10.0,468.0,43.0
2021-01-05 09:58:57.771,0.7546,0.7567,20.0,0.7541,7.0,468.0,43.0
2021-01-05 09:58:58.261,0.7546,0.7567,20.0,0.7541,27.0,468.0,43.0
2021-01-05 09:58:58.660,0.7546,0.7567,20.0,0.7541,27.0,468.0,43.0
2021-01-05 09:58:59.260,0.7546,0.7578,20.0,0.7541,22.0,468.0,43.0
2021-01-05 09:58:59.730,0.7546,0.7578,20.0,0.7568,10.0,468.0,43.0
2021-01-05 09:59:00.241,0.7546,0.7578,20.0,0.7541,20.0,468.0,43.0
2021-01-05 09:59:00.710,0.7546,0.7578,20.0,0.7541,20.0,468.0,43.0
2021-01-05 09:59:01.240,0.7546,0.7578,20.0,0.7542,2.0,468.0,43.0
2021-01-05 09:59:01.751,0.7546,0.7578,20.0,0.7542,2.0,468.0,43.0
2021-01-05 09:59:02.191,0.7546,0.7578,20.0,0.7542,22.0,468.0,43.0
2021-01-05 09:59:08.740,0.7546,0.7578,20.0,0.7547,10.0,468.0,43.0
2021-01-05 09:59:09.251,0.7546,0.7589,20.0,0.7579,10.0,468.0,43.0
2021-01-05 09:59:10.271,0.7546,0.7595,20.0,0.7572,20.0,468.0,43.0
2021-01-05 09:59:10.750,0.7546,0.7601,40.0,0.7555,30.0,468.0,43.0
2021-01-05 09:59:11.180,0.7546,0.7601,40.0,0.7556,2.0,468.0,43.0
2021-01-05 09:59:14.281,0.7546,0.7591,10.0,0.7555,20.0,468.0,43.0
2021-01-05 09:59:15.210,0.7546,0.7591,30.0,0.7548,22.0,468.0,43.0
2021-01-05 09:59:15.791,0.7546,0.7591,30.0,0.7548,22.0,468.0,43.0
2021-01-05 09:59:16.221,0.7546,0.7591,30.0,0.7548,22.0,468.0,43.0
2021-01-05 09:59:18.891,0.7546,0.7591,30.0,0.7548,22.0,468.0,43.0
2021-01-05 09:59:19.740,0.7546,0.7582,10.0,0.7548,20.0,468.0,43.0
2021-01-05 09:59:20.240,0.7546,0.7582,30.0,0.7548,20.0,468.0,43.0
2021-01-05 09:59:20.741,0.7546,0.7582,30.0,0.7545,2.0,468.0,43.0
2021-01-05 09:59:21.600,0.7546,0.7582,30.0,0.7545,2.0,468.0,43.0
2021-01-05 09:59:24.241,0.7546,0.7582,30.0,0.7543,2.0,468.0,43.0
2021-01-05 09:59:26.760,0.7546,0.7582,30.0,0.7543,2.0,468.0,43.0
2021-01-05 09:59:34.291,0.7546,0.7582,30.0,0.7544,2.0,468.0,43.0
2021-01-05 09:59:35.301,0.7546,0.7582,30.0,0.7544,2.0,468.0,43.0
2021-01-05 09:59:43.281,0.7546,0.7582,30.0,0.7544,2.0,468.0,43.0
2021-01-05 09:59:44.240,0.7546,0.7582,30.0,0.7545,2.0,468.0,43.0
2021-01-05 09:59:47.260,0.7546,0.7582,20.0,0.7545,2.0,468.0,43.0
2021-01-05 09:59:47.800,0.7546,0.7591,30.0,0.7545,12.0,468.0,43.0
2021-01-05 09:59:51.801,0.7546,0.7591,30.0,0.7545,12.0,468.0,43.0
2021-01-05 09:59:52.260,0.7546,0.7591,30.0,0.7545,12.0,468.0,43.0
2021-01-05 09:59:54.260,0.7546,0.7591,30.0,0.7546,1.0,468.0,43.0
2021-01-05 09:59:58.281,0.7546,0.7591,20.0,0.7546,1.0,468.0,43.0
2021-01-05 09:59:58.771,0.7546,0.7591,20.0,0.7554,10.0,468.0,43.0
2021-01-05 09:59:59.270,0.7546,0.7591,20.0,0.7555,2.0,468.0,43.0
2021-01-05 10:00:00.271,0.7546,0.7591,20.0,0.7555,2.0,468.0,43.0
2021-01-05 10:00:00.790,0.7546,0.7603,20.0,0.7555,2.0,468.0,43.0
2021-01-05 10:00:01.320,0.7546,0.7609,10.0,0.7563,10.0,468.0,43.0
2021-01-05 10:00:01.831,0.7546,0.7609,10.0,0.7563,30.0,468.0,43.0
2021-01-05 10:00:03.330,0.7546,0.7612,20.0,0.7563,20.0,468.0,43.0
2021-01-05 10:00:03.850,0.7546,0.7599,10.0,0.7555,2.0,468.0,43.0
2021-01-05 10:00:04.290,0.7546,0.759,10.0,0.7554,20.0,468.0,43.0
2021-01-05 10:00:04.861,0.7546,0.759,30.0,0.7551,2.0,468.0,43.0
2021-01-05 10:00:05.341,0.7546,0.759,30.0,0.7551,2.0,468.0,43.0
2021-01-05 10:00:05.781,0.7546,0.759,30.0,0.7551,2.0,468.0,43.0
2021-01-05 10:00:10.851,0.7546,0.759,30.0,0.7546,21.0,468.0,43.0
2021-01-05 10:00:11.220,0.7546,0.759,30.0,0.7549,2.0,468.0,43.0
2021-01-05 10:00:11.861,0.7546,0.759,30.0,0.7549,2.0,468.0,43.0
2021-01-05 10:00:12.351,0.7546,0.759,20.0,0.7546,21.0,468.0,43.0
2021-01-05 10:00:12.841,0.7546,0.7581,10.0,0.7546,20.0,468.0,43.0
2021-01-05 10:00:13.231,0.7546,0.7581,20.0,0.7535,20.0,468.0,43.0
2021-01-05 10:00:13.861,0.7546,0.757,10.0,0.7536,2.0,468.0,43.0
2021-01-05 10:00:14.320,0.7546,0.757,30.0,0.7527,30.0,468.0,43.0
2021-01-05 10:00:14.741,0.7546,0.757,30.0,0.7533,2.0,468.0,43.0
2021-01-05 10:00:15.350,0.7546,0.757,30.0,0.7533,22.0,468.0,43.0
2021-01-05 10:00:15.861,0.7546,0.757,30.0,0.7527,20.0,468.0,43.0
2021-01-05 10:00:16.341,0.7546,0.756,10.0,0.7527,20.0,468.0,43.0
2021-01-05 10:00:16.850,0.7546,0.756,30.0,0.7528,2.0,468.0,43.0
2021-01-05 10:00:17.381,0.7546,0.756,40.0,0.7523,20.0,468.0,43.0
2021-01-05 10:00:17.861,0.7546,0.756,40.0,0.7514,30.0,468.0,43.0
2021-01-05 10:00:18.360,0.7546,0.755,10.0,0.7515,2.0,468.0,43.0
2021-01-05 10:00:18.850,0.7546,0.755,30.0,0.7515,2.0,468.0,43.0
2021-01-05 10:00:19.350,0.7546,0.755,30.0,0.7514,20.0,468.0,43.0
2021-01-05 10:00:19.851,0.7546,0.755,30.0,0.7511,2.0,468.0,43.0
2021-01-05 10:00:20.341,0.7546,0.755,30.0,0.7511,22.0,468.0,43.0
2021-01-05 10:00:20.850,0.7546,0.755,30.0,0.7511,22.0,468.0,43.0
2021-01-05 10:00:22.360,0.7546,0.7559,10.0,0.7551,10.0,468.0,43.0
2021-01-05 10:00:22.760,0.7551,0.7559,10.0,0.7533,20.0,478.0,53.0
2021-01-05 10:00:23.280,0.7551,0.7559,10.0,0.7514,10.0,478.0,53.0
2021-01-05 10:00:24.241,0.7551,0.7559,10.0,0.7515,2.0,478.0,53.0
2021-01-05 10:00:25.240,0.7551,0.7559,10.0,0.7515,2.0,478.0,53.0
2021-01-05 10:00:26.271,0.7551,0.7559,10.0,0.7515,2.0,478.0,53.0
2021-01-05 10:00:26.780,0.7551,0.7559,10.0,0.7515,2.0,478.0,53.0
