,last,ask1,asize1,bid1,bsize1,oi,volume
2021-01-05 09:25:00.080,,0.9286,1.0,0.8614,1.0,965.0,
2021-01-05 09:30:00.451,,0.9334,1.0,0.8614,1.0,965.0,
2021-01-05 09:30:00.991,,0.9627,1.0,0.8614,1.0,965.0,
2021-01-05 09:30:01.481,,0.9667,1.0,0.8152,1.0,965.0,
2021-01-05 09:30:01.990,,0.884,20.0,0.8704,20.0,965.0,
2021-01-05 09:30:02.511,,0.884,20.0,0.8152,1.0,965.0,
2021-01-05 09:30:03.010,,0.883,20.0,0.8694,20.0,965.0,
2021-01-05 09:30:03.471,,0.884,20.0,0.8694,20.0,965.0,
2021-01-05 09:30:03.980,,0.9667,1.0,0.8694,20.0,965.0,
2021-01-05 09:30:04.430,,0.884,20.0,0.8704,20.0,965.0,
2021-01-05 09:30:05.010,,0.9667,1.0,0.8152,1.0,965.0,
2021-01-05 09:30:05.481,,0.8825,20.0,0.8688,20.0,965.0,
2021-01-05 09:30:05.990,,0.9667,1.0,0.8152,1.0,965.0,
2021-01-05 09:30:06.480,,0.881,20.0,0.8674,20.0,965.0,
2021-01-05 09:30:06.971,,0.881,20.0,0.8152,1.0,965.0,
2021-01-05 09:30:07.471,,0.879,20.0,0.8654,20.0,965.0,
2021-01-05 09:30:10.501,,0.879,20.0,0.8644,20.0,965.0,
2021-01-05 09:30:11.000,,0.8777,20.0,0.8644,20.0,965.0,
2021-01-05 09:30:13.000,,0.879,20.0,0.8644,20.0,965.0,
2021-01-05 09:30:13.501,,0.879,20.0,0.8655,20.0,965.0,
2021-01-05 09:30:15.520,,0.879,20.0,0.8655,20.0,965.0,
2021-01-05 09:30:17.021,,0.88,20.0,0.8655,20.0,965.0,
2021-01-05 09:30:17.641,,0.88,20.0,0.8655,20.0,965.0,
2021-01-05 09:30:18.231,,0.88,20.0,0.8677,20.0,965.0,
2021-01-05 09:30:19.251,,0.8816,20.0,0.8677,20.0,965.0,
2021-01-05 09:30:22.240,,0.8802,20.0,0.8666,20.0,965.0,
2021-01-05 09:30:24.161,,0.8802,20.0,0.8655,20.0,965.0,
2021-01-05 09:30:24.661,,0.8792,20.0,0.8655,20.0,965.0,
2021-01-05 09:30:29.661,,0.8792,20.0,0.8655,20.0,965.0,
2021-01-05 09:30:31.661,,0.8802,20.0,0.8655,20.0,965.0,
2021-01-05 09:30:32.631,,0.8802,20.0,0.8668,20.0,965.0,
2021-01-05 09:30:36.691,,0.8802,20.0,0.8668,20.0,965.0,
2021-01-05 09:30:39.680,,0.8802,20.0,0.8655,20.0,965.0,
2021-01-05 09:30:42.671,,0.8802,20.0,0.8668,20.0,965.0,
2021-01-05 09:30:43.681,,0.8802,20.0,0.8668,20.0,965.0,
2021-01-05 09:30:44.181,,0.8812,20.0,0.8668,20.0,965.0,
2021-01-05 09:30:46.200,,0.8812,20.0,0.8681,20.0,965.0,
2021-01-05 09:30:50.171,,0.8812,20.0,0.8692,20.0,965.0,
2021-01-05 09:30:50.720,,0.8812,20.0,0.8681,20.0,965.0,
2021-01-05 09:30:52.651,,0.8812,20.0,0.8691,20.0,965.0,
2021-01-05 09:30:59.640,,0.8812,20.0,0.8681,20.0,965.0,
2021-01-05 09:31:01.150,,0.8812,20.0,0.8681,20.0,965.0,
2021-01-05 09:31:02.170,,0.8821,10.0,0.8639,10.0,965.0,
2021-01-05 09:31:02.681,,0.8808,20.0,0.8672,20.0,965.0,
2021-01-05 09:31:04.671,,0.8797,20.0,0.8661,20.0,965.0,
2021-01-05 09:31:06.160,,0.8808,20.0,0.8661,20.0,965.0,
2021-01-05 09:31:07.190,,0.8808,20.0,0.8675,20.0,965.0,
2021-01-05 09:31:08.650,,0.8821,30.0,0.8688,20.0,965.0,
2021-01-05 09:31:09.101,,0.8821,40.0,0.8675,20.0,965.0,
2021-01-05 09:31:09.701,,0.8817,14.0,0.8675,20.0,965.0,
2021-01-05 09:31:11.170,,0.8817,14.0,0.8685,20.0,965.0,
2021-01-05 09:31:12.711,,0.8817,14.0,0.8675,20.0,965.0,
2021-01-05 09:31:13.170,,0.8817,14.0,0.8685,20.0,965.0,
2021-01-05 09:31:14.690,,0.8817,14.0,0.8675,20.0,965.0,
2021-01-05 09:31:18.201,,0.8817,14.0,0.8685,20.0,965.0,
2021-01-05 09:31:19.150,,0.8817,14.0,0.8685,20.0,965.0,
2021-01-05 09:31:19.721,,0.8817,34.0,0.8685,20.0,965.0,
2021-01-05 09:31:20.701,,0.8817,34.0,0.8695,20.0,965.0,
2021-01-05 09:31:21.221,,0.8817,34.0,0.8685,20.0,965.0,
2021-01-05 09:31:22.620,,0.8817,34.0,0.8685,20.0,965.0,
2021-01-05 09:31:34.681,,0.8806,20.0,0.8685,20.0,965.0,
2021-01-05 09:31:36.181,,0.8806,20.0,0.8685,20.0,965.0,
2021-01-05 09:31:36.690,,0.8806,20.0,0.8685,20.0,965.0,
2021-01-05 09:31:38.190,,0.8806,20.0,0.8686,2.0,965.0,
2021-01-05 09:31:39.210,,0.8806,20.0,0.8687,2.0,965.0,
2021-01-05 09:31:39.710,,0.8806,20.0,0.8687,2.0,965.0,
2021-01-05 09:31:40.711,,0.8789,10.0,0.8687,2.0,965.0,
2021-01-05 09:31:41.191,,0.8789,30.0,0.8687,2.0,965.0,
2021-01-05 09:31:41.700,,0.8789,30.0,0.8696,20.0,965.0,
2021-01-05 09:31:42.211,,0.8789,30.0,0.8696,20.0,965.0,
2021-01-05 09:31:43.191,,0.8789,30.0,0.8691,10.0,965.0,
2021-01-05 09:31:44.190,,0.8789,30.0,0.8691,10.0,965.0,
2021-01-05 09:31:44.691,,0.8789,30.0,0.8688,10.0,965.0,
2021-01-05 09:31:45.700,,0.8789,30.0,0.8689,10.0,965.0,
2021-01-05 09:31:46.071,,0.8789,30.0,0.869,2.0,965.0,
2021-01-05 09:31:46.701,,0.8789,30.0,0.869,2.0,965.0,
2021-01-05 09:31:50.710,,0.8788,10.0,0.8713,10.0,965.0,
2021-01-05 09:31:51.210,,0.8788,10.0,0.8713,30.0,965.0,
2021-01-05 09:31:51.701,,0.8788,10.0,0.8714,2.0,965.0,
2021-01-05 09:31:52.621,,0.8788,10.0,0.8714,2.0,965.0,
2021-01-05 09:31:53.171,,0.8788,10.0,0.8714,2.0,965.0,
2021-01-05 09:31:53.640,,0.8788,10.0,0.8714,2.0,965.0,
2021-01-05 09:31:55.150,,0.8789,20.0,0.8736,10.0,965.0,
2021-01-05 09:31:55.670,,0.8803,10.0,0.8736,30.0,965.0,
2021-01-05 09:31:58.171,,0.8805,10.0,0.8736,30.0,965.0,
2021-01-05 09:31:59.180,,0.8805,10.0,0.8736,30.0,965.0,
2021-01-05 09:32:02.671,,0.8786,10.0,0.8736,20.0,965.0,
2021-01-05 09:32:03.180,,0.8786,30.0,0.8719,10.0,965.0,
2021-01-05 09:32:03.641,,0.8786,30.0,0.872,2.0,965.0,
2021-01-05 09:32:04.150,,0.8786,30.0,0.8713,20.0,965.0,
2021-01-05 09:32:04.661,,0.8786,30.0,0.8714,2.0,965.0,
2021-01-05 09:32:05.141,,0.8786,20.0,0.8714,2.0,965.0,
2021-01-05 09:32:05.660,,0.8805,10.0,0.8714,2.0,965.0,
2021-01-05 09:32:06.680,,0.8802,10.0,0.8714,22.0,965.0,
2021-01-05 09:32:07.070,,0.8805,20.0,0.8714,22.0,965.0,
2021-01-05 09:32:13.171,,0.8805,20.0,0.8714,22.0,965.0,
2021-01-05 09:32:14.660,,0.8805,20.0,0.8715,2.0,965.0,
2021-01-05 09:32:15.671,,0.8805,20.0,0.8715,2.0,965.0,
2021-01-05 09:32:18.670,,0.8805,20.0,0.8715,2.0,965.0,
2021-01-05 09:32:19.670,,0.8804,10.0,0.8735,10.0,965.0,
2021-01-05 09:32:20.151,,0.8804,10.0,0.8735,30.0,965.0,
2021-01-05 09:32:22.181,,0.8804,10.0,0.8735,30.0,965.0,
2021-01-05 09:32:22.660,,0.8804,10.0,0.8735,30.0,965.0,
2021-01-05 09:32:29.650,,0.8804,10.0,0.8735,30.0,965.0,
2021-01-05 09:32:49.670,,0.8821,10.0,0.8739,10.0,965.0,
2021-01-05 09:32:50.171,,0.8821,10.0,0.8739,10.0,965.0,
2021-01-05 09:32:50.700,,0.8821,10.0,0.8739,10.0,965.0,
2021-01-05 09:32:51.170,,0.8821,10.0,0.874,2.0,965.0,
2021-01-05 09:32:51.701,,0.8821,10.0,0.874,2.0,965.0,
2021-01-05 09:32:52.191,,0.8832,10.0,0.874,2.0,965.0,
2021-01-05 09:32:52.671,,0.8832,10.0,0.874,22.0,965.0,
2021-01-05 09:32:53.161,,0.8832,10.0,0.874,20.0,965.0,
2021-01-05 09:32:54.671,,0.8838,30.0,0.874,20.0,965.0,
2021-01-05 09:32:56.150,,0.8838,30.0,0.8741,2.0,965.0,
2021-01-05 09:32:57.181,,0.8838,30.0,0.8741,2.0,965.0,
2021-01-05 09:32:57.600,,0.8838,30.0,0.874,20.0,965.0,
2021-01-05 09:32:58.171,,0.8838,30.0,0.874,20.0,965.0,
2021-01-05 09:32:59.170,,0.8838,20.0,0.8741,2.0,965.0,
2021-01-05 09:33:01.661,,0.8838,20.0,0.874,20.0,965.0,
2021-01-05 09:33:02.130,,0.8838,20.0,0.874,20.0,965.0,
2021-01-05 09:33:02.651,,0.8838,20.0,0.874,20.0,965.0,
2021-01-05 09:33:03.121,,0.8809,10.0,0.874,30.0,965.0,
2021-01-05 09:33:03.681,,0.8809,10.0,0.874,30.0,965.0,
2021-01-05 09:33:04.140,,0.8809,20.0,0.874,20.0,965.0,
2021-01-05 09:33:04.651,,0.882,10.0,0.874,20.0,965.0,
2021-01-05 09:33:05.181,,0.882,30.0,0.8723,10.0,965.0,
2021-01-05 09:33:05.690,,0.882,30.0,0.8723,10.0,965.0,
2021-01-05 09:33:06.170,,0.882,30.0,0.8723,10.0,965.0,
2021-01-05 09:33:06.681,,0.882,30.0,0.8723,10.0,965.0,
2021-01-05 09:33:07.171,,0.882,30.0,0.8723,10.0,965.0,
2021-01-05 09:33:08.681,,0.882,30.0,0.8723,10.0,965.0,
2021-01-05 09:33:09.651,,0.882,30.0,0.8722,2.0,965.0,
2021-01-05 09:33:10.681,,0.882,30.0,0.872,10.0,965.0,
2021-01-05 09:33:11.180,,0.882,30.0,0.872,10.0,965.0,
2021-01-05 09:33:11.670,,0.882,30.0,0.8719,10.0,965.0,
2021-01-05 09:33:14.160,,0.882,30.0,0.8719,12.0,965.0,
2021-01-05 09:33:15.651,,0.882,30.0,0.8719,10.0,965.0,
2021-01-05 09:33:16.671,,0.8787,10.0,0.8719,10.0,965.0,
2021-01-05 09:33:17.691,,0.8787,30.0,0.8719,10.0,965.0,
2021-01-05 09:33:18.680,,0.8787,30.0,0.8719,10.0,965.0,
2021-01-05 09:33:19.660,,0.8787,30.0,0.8719,10.0,965.0,
2021-01-05 09:33:19.950,,0.8787,30.0,0.8718,10.0,965.0,
2021-01-05 09:33:24.661,,0.8787,30.0,0.8718,10.0,965.0,
2021-01-05 09:33:26.161,,0.8787,30.0,0.8718,10.0,965.0,
2021-01-05 09:33:27.171,,0.8787,10.0,0.8718,10.0,965.0,
2021-01-05 09:33:27.681,,0.8787,30.0,0.8718,30.0,965.0,
2021-01-05 09:33:28.180,,0.8787,10.0,0.8718,10.0,965.0,
2021-01-05 09:33:28.670,,0.8787,30.0,0.8718,30.0,965.0,
2021-01-05 09:33:42.160,,0.8787,20.0,0.8718,20.0,965.0,
2021-01-05 09:33:43.180,,0.8804,44.0,0.8706,44.0,965.0,
2021-01-05 09:33:43.681,,0.8804,44.0,0.8707,2.0,965.0,
2021-01-05 09:33:44.110,,0.8804,34.0,0.8707,2.0,965.0,
2021-01-05 09:33:50.180,,0.8804,34.0,0.8742,10.0,965.0,
2021-01-05 09:33:51.141,,0.8804,34.0,0.8742,30.0,965.0,
2021-01-05 09:33:51.581,,0.8804,34.0,0.8742,30.0,965.0,
2021-01-05 09:33:53.650,,0.8804,34.0,0.8742,30.0,965.0,
2021-01-05 09:33:57.171,,0.8804,34.0,0.8742,20.0,965.0,
2021-01-05 09:33:57.671,,0.8804,20.0,0.8724,14.0,965.0,
2021-01-05 09:33:58.170,,0.8822,34.0,0.8725,2.0,965.0,
2021-01-05 09:33:59.690,,0.8822,34.0,0.8725,2.0,965.0,
2021-01-05 09:34:01.081,,0.8822,34.0,0.8725,2.0,965.0,
2021-01-05 09:34:06.681,,0.8822,34.0,0.8756,10.0,965.0,
2021-01-05 09:34:07.130,,0.8822,34.0,0.8756,30.0,965.0,
2021-01-05 09:34:07.651,,0.8822,20.0,0.8756,30.0,965.0,
2021-01-05 09:34:08.171,,0.8822,20.0,0.8756,30.0,965.0,
2021-01-05 09:34:11.681,,0.8822,20.0,0.8756,30.0,965.0,
2021-01-05 09:34:14.691,,0.8804,10.0,0.8737,10.0,965.0,
2021-01-05 09:34:15.181,,0.8804,10.0,0.8737,10.0,965.0,
2021-01-05 09:34:15.681,,0.8804,30.0,0.8737,20.0,965.0,
2021-01-05 09:34:16.190,,0.8804,10.0,0.8737,20.0,965.0,
2021-01-05 09:34:16.620,,0.8804,30.0,0.8737,20.0,965.0,
2021-01-05 09:34:20.180,,0.8804,10.0,0.8737,20.0,965.0,
2021-01-05 09:34:21.690,,0.8821,34.0,0.8756,10.0,965.0,
2021-01-05 09:34:22.151,,0.8821,34.0,0.8756,30.0,965.0,
2021-01-05 09:34:24.600,,0.8821,34.0,0.8756,30.0,965.0,
2021-01-05 09:34:31.691,,0.8821,20.0,0.8756,30.0,965.0,
2021-01-05 09:34:36.680,,0.8821,20.0,0.8756,30.0,965.0,
2021-01-05 09:34:37.700,,0.8825,10.0,0.8756,30.0,965.0,
2021-01-05 09:34:38.171,,0.8825,10.0,0.8756,30.0,965.0,
2021-01-05 09:34:38.690,,0.8833,20.0,0.8779,10.0,965.0,
2021-01-05 09:34:39.470,,0.8833,20.0,0.8779,30.0,965.0,
2021-01-05 09:34:40.171,,0.8833,20.0,0.8779,20.0,965.0,
2021-01-05 09:34:41.201,,0.8858,54.0,0.8768,30.0,965.0,
2021-01-05 09:34:42.100,,0.8858,34.0,0.8768,30.0,965.0,
2021-01-05 09:34:46.201,,0.8858,34.0,0.8768,32.0,965.0,
2021-01-05 09:34:46.660,,0.8858,34.0,0.8768,30.0,965.0,
2021-01-05 09:34:46.970,,0.8858,34.0,0.8768,30.0,965.0,
2021-01-05 09:34:47.701,,0.8858,34.0,0.8768,30.0,965.0,
2021-01-05 09:34:54.631,,0.8858,14.0,0.8768,10.0,965.0,
2021-01-05 09:34:55.161,,0.8858,20.0,0.8805,10.0,965.0,
2021-01-05 09:34:55.680,,0.8865,10.0,0.8805,10.0,965.0,
2021-01-05 09:34:56.131,,0.8867,20.0,0.8805,30.0,965.0,
2021-01-05 09:34:58.160,,0.8867,20.0,0.8805,30.0,965.0,
2021-01-05 09:35:00.630,,0.8875,10.0,0.8805,30.0,965.0,
2021-01-05 09:35:00.640,,0.8875,10.0,0.8805,30.0,965.0,
2021-01-05 09:35:03.660,,0.8875,10.0,0.8805,30.0,965.0,
2021-01-05 09:35:04.661,,0.8879,20.0,0.8805,20.0,965.0,
2021-01-05 09:35:05.180,,0.8879,20.0,0.8805,20.0,965.0,
2021-01-05 09:35:08.190,,0.8879,20.0,0.8805,20.0,965.0,
2021-01-05 09:35:09.191,,0.8879,20.0,0.8816,24.0,965.0,
2021-01-05 09:35:09.700,,0.8879,20.0,0.8816,44.0,965.0,
2021-01-05 09:35:10.180,,0.8879,20.0,0.8816,44.0,965.0,
2021-01-05 09:35:12.101,,0.8879,20.0,0.8817,2.0,965.0,
2021-01-05 09:35:12.691,,0.8879,20.0,0.8817,2.0,965.0,
2021-01-05 09:35:13.181,,0.8879,20.0,0.8817,2.0,965.0,
2021-01-05 09:35:13.640,,0.8879,20.0,0.8816,44.0,965.0,
2021-01-05 09:35:14.191,,0.8879,20.0,0.8816,34.0,965.0,
2021-01-05 09:35:14.700,,0.8868,14.0,0.8801,14.0,965.0,
2021-01-05 09:35:15.200,,0.8868,14.0,0.8811,20.0,965.0,
2021-01-05 09:35:15.701,,0.8868,14.0,0.8802,2.0,965.0,
2021-01-05 09:35:16.201,,0.8868,14.0,0.8802,2.0,965.0,
2021-01-05 09:35:18.170,,0.8868,14.0,0.8802,2.0,965.0,
2021-01-05 09:35:19.641,,0.8867,1.0,0.8802,2.0,965.0,
2021-01-05 09:35:20.170,,0.8867,1.0,0.8802,2.0,965.0,
2021-01-05 09:35:20.690,,0.8868,14.0,0.8802,2.0,965.0,
2021-01-05 09:35:21.620,,0.8883,20.0,0.882,14.0,965.0,
2021-01-05 09:35:22.171,,0.8883,20.0,0.8821,2.0,965.0,
2021-01-05 09:35:22.650,,0.8883,20.0,0.8821,2.0,965.0,
2021-01-05 09:35:23.051,,0.8883,20.0,0.8821,2.0,965.0,
2021-01-05 09:35:23.680,,0.888,10.0,0.8821,2.0,965.0,
2021-01-05 09:35:24.171,,0.888,10.0,0.8821,2.0,965.0,
2021-01-05 09:35:25.170,,0.888,10.0,0.8821,2.0,965.0,
2021-01-05 09:35:30.690,,0.8883,20.0,0.8821,2.0,965.0,
2021-01-05 09:35:32.161,,0.8883,20.0,0.8822,2.0,965.0,
2021-01-05 09:35:34.691,,0.8883,20.0,0.8833,14.0,965.0,
2021-01-05 09:35:35.200,,0.89,34.0,0.8834,2.0,965.0,
2021-01-05 09:35:37.640,,0.89,34.0,0.8834,2.0,965.0,
2021-01-05 09:35:39.140,,0.89,34.0,0.8833,34.0,965.0,
2021-01-05 09:35:40.191,,0.8899,1.0,0.8833,34.0,965.0,
2021-01-05 09:35:42.621,,0.8899,1.0,0.8881,1.0,965.0,
2021-01-05 09:35:43.190,0.8881,0.8899,1.0,0.8833,34.0,966.0,1.0
2021-01-05 09:35:44.101,0.8881,0.89,34.0,0.8833,34.0,966.0,1.0
2021-01-05 09:35:45.071,0.8881,0.89,34.0,0.8834,2.0,966.0,1.0
2021-01-05 09:35:46.170,0.8881,0.8914,24.0,0.8846,14.0,966.0,1.0
2021-01-05 09:35:46.700,0.8881,0.8914,44.0,0.8846,34.0,966.0,1.0
2021-01-05 09:35:47.201,0.8881,0.8914,44.0,0.8846,34.0,966.0,1.0
2021-01-05 09:35:47.691,0.8881,0.8914,44.0,0.8846,34.0,966.0,1.0
2021-01-05 09:35:50.121,0.8881,0.8914,44.0,0.8846,34.0,966.0,1.0
2021-01-05 09:35:54.640,0.8881,0.8913,1.0,0.8846,34.0,966.0,1.0
2021-01-05 09:35:55.181,0.8881,0.8913,1.0,0.8846,34.0,966.0,1.0
2021-01-05 09:35:56.690,0.8881,0.8913,1.0,0.8846,34.0,966.0,1.0
2021-01-05 09:36:00.201,0.8881,0.8914,44.0,0.8846,36.0,966.0,1.0
2021-01-05 09:36:01.181,0.8881,0.8914,44.0,0.8846,34.0,966.0,1.0
2021-01-05 09:36:01.671,0.8881,0.8914,34.0,0.8846,34.0,966.0,1.0
2021-01-05 09:36:02.170,0.8881,0.8914,35.0,0.8846,34.0,966.0,1.0
2021-01-05 09:36:04.670,0.8881,0.8914,35.0,0.8846,34.0,966.0,1.0
2021-01-05 09:36:09.161,0.8881,0.89,10.0,0.8846,34.0,966.0,1.0
2021-01-05 09:36:09.691,0.8881,0.89,10.0,0.8846,34.0,966.0,1.0
2021-01-05 09:36:10.030,0.8881,0.8899,1.0,0.8846,20.0,966.0,1.0
2021-01-05 09:36:10.671,0.8881,0.8899,1.0,0.8833,34.0,966.0,1.0
2021-01-05 09:36:11.180,0.8881,0.8899,1.0,0.8833,34.0,966.0,1.0
2021-01-05 09:36:12.690,0.8881,0.89,44.0,0.8833,34.0,966.0,1.0
2021-01-05 09:36:14.150,0.8881,0.89,44.0,0.8833,34.0,966.0,1.0
2021-01-05 09:36:16.150,0.8881,0.89,44.0,0.8833,34.0,966.0,1.0
2021-01-05 09:36:17.180,0.8881,0.89,44.0,0.8833,34.0,966.0,1.0
2021-01-05 09:36:18.680,0.8881,0.89,44.0,0.8833,34.0,966.0,1.0
2021-01-05 09:36:25.191,0.8881,0.89,44.0,0.8833,34.0,966.0,1.0
2021-01-05 09:36:25.650,0.8881,0.89,34.0,0.8833,34.0,966.0,1.0
2021-01-05 09:36:26.651,0.8881,0.89,34.0,0.8833,34.0,966.0,1.0
2021-01-05 09:36:27.690,0.8881,0.89,20.0,0.8846,14.0,966.0,1.0
2021-01-05 09:36:28.190,0.8881,0.8914,34.0,0.8846,34.0,966.0,1.0
2021-01-05 09:36:29.171,0.8881,0.8914,14.0,0.8846,14.0,966.0,1.0
2021-01-05 09:36:29.651,0.8881,0.8914,34.0,0.8846,34.0,966.0,1.0
2021-01-05 09:36:30.161,0.8881,0.8914,34.0,0.8846,14.0,966.0,1.0
2021-01-05 09:36:30.700,0.8881,0.8914,34.0,0.8846,34.0,966.0,1.0
2021-01-05 09:36:31.181,0.8881,0.8914,34.0,0.8846,14.0,966.0,1.0
2021-01-05 09:36:31.690,0.8881,0.8914,34.0,0.8846,34.0,966.0,1.0
2021-01-05 09:36:32.130,0.8881,0.8914,34.0,0.8846,14.0,966.0,1.0
2021-01-05 09:36:32.660,0.8881,0.8914,34.0,0.8846,34.0,966.0,1.0
2021-01-05 09:36:33.200,0.8881,0.8914,34.0,0.8846,14.0,966.0,1.0
2021-01-05 09:36:33.670,0.8881,0.8914,34.0,0.8846,34.0,966.0,1.0
2021-01-05 09:36:34.091,0.8881,0.8914,34.0,0.8846,14.0,966.0,1.0
2021-01-05 09:36:34.671,0.8881,0.8914,34.0,0.8846,34.0,966.0,1.0
2021-01-05 09:36:36.700,0.8881,0.8914,34.0,0.8859,10.0,966.0,1.0
2021-01-05 09:36:37.190,0.8881,0.8914,34.0,0.8859,30.0,966.0,1.0
2021-01-05 09:36:38.041,0.8881,0.8914,34.0,0.8859,30.0,966.0,1.0
2021-01-05 09:36:42.690,0.8881,0.8914,34.0,0.8859,30.0,966.0,1.0
2021-01-05 09:36:43.111,0.8881,0.8914,34.0,0.8859,30.0,966.0,1.0
2021-01-05 09:36:45.631,0.8881,0.8914,20.0,0.886,14.0,966.0,1.0
2021-01-05 09:36:46.651,0.8881,0.8927,34.0,0.886,14.0,966.0,1.0
2021-01-05 09:36:47.130,0.8881,0.8927,34.0,0.886,14.0,966.0,1.0
2021-01-05 09:36:48.130,0.8881,0.8927,34.0,0.888,10.0,966.0,1.0
2021-01-05 09:36:48.630,0.8881,0.8927,34.0,0.888,10.0,966.0,1.0
2021-01-05 09:36:49.181,0.8881,0.8927,34.0,0.888,30.0,966.0,1.0
2021-01-05 09:36:49.700,0.8881,0.8927,34.0,0.888,10.0,966.0,1.0
2021-01-05 09:36:50.201,0.8881,0.8927,34.0,0.888,30.0,966.0,1.0
2021-01-05 09:36:50.670,0.8881,0.8927,35.0,0.888,10.0,966.0,1.0
2021-01-05 09:36:51.171,0.8881,0.8927,34.0,0.888,10.0,966.0,1.0
2021-01-05 09:36:53.680,0.8881,0.8927,20.0,0.888,10.0,966.0,1.0
2021-01-05 09:36:54.631,0.8881,0.8941,34.0,0.888,10.0,966.0,1.0
2021-01-05 09:36:55.171,0.8881,0.894,1.0,0.888,10.0,966.0,1.0
2021-01-05 09:36:57.630,0.8881,0.894,1.0,0.888,10.0,966.0,1.0
2021-01-05 09:37:01.081,0.8881,0.894,1.0,0.888,10.0,966.0,1.0
2021-01-05 09:37:02.610,0.8881,0.8927,10.0,0.8877,20.0,966.0,1.0
2021-01-05 09:37:03.151,0.8881,0.8927,10.0,0.8877,20.0,966.0,1.0
2021-01-05 09:37:03.630,0.8881,0.8927,30.0,0.8877,20.0,966.0,1.0
2021-01-05 09:37:04.200,0.8881,0.8927,20.0,0.886,14.0,966.0,1.0
2021-01-05 09:37:05.140,0.8881,0.8927,20.0,0.8861,1.0,966.0,1.0
2021-01-05 09:37:05.701,0.8881,0.8927,20.0,0.886,14.0,966.0,1.0
2021-01-05 09:37:06.700,0.8881,0.8927,20.0,0.8861,1.0,966.0,1.0
2021-01-05 09:37:07.180,0.8881,0.8927,20.0,0.886,14.0,966.0,1.0
2021-01-05 09:37:07.681,0.8881,0.8927,20.0,0.886,14.0,966.0,1.0
2021-01-05 09:37:08.200,0.8881,0.8927,20.0,0.886,14.0,966.0,1.0
2021-01-05 09:37:09.170,0.8881,0.8927,20.0,0.886,14.0,966.0,1.0
2021-01-05 09:37:09.660,0.8881,0.8927,20.0,0.886,14.0,966.0,1.0
2021-01-05 09:37:11.700,0.8881,0.8926,1.0,0.886,14.0,966.0,1.0
2021-01-05 09:37:12.620,0.8881,0.8926,1.0,0.886,14.0,966.0,1.0
2021-01-05 09:37:15.200,0.8881,0.8927,20.0,0.886,14.0,966.0,1.0
2021-01-05 09:37:15.700,0.8881,0.8927,20.0,0.886,14.0,966.0,1.0
2021-01-05 09:37:21.200,0.8881,0.8927,20.0,0.886,15.0,966.0,1.0
2021-01-05 09:37:38.651,0.8881,0.8917,14.0,0.886,1.0,966.0,1.0
2021-01-05 09:37:39.641,0.8881,0.8916,1.0,0.886,1.0,966.0,1.0
2021-01-05 09:37:40.701,0.8881,0.8916,1.0,0.886,1.0,966.0,1.0
2021-01-05 09:37:44.651,0.8881,0.8906,14.0,0.886,1.0,966.0,1.0
2021-01-05 09:37:45.191,0.8881,0.8906,34.0,0.886,1.0,966.0,1.0
2021-01-05 09:37:46.601,0.8881,0.8906,34.0,0.8888,1.0,966.0,1.0
2021-01-05 09:37:47.210,0.8888,0.8906,34.0,0.886,1.0,967.0,2.0
2021-01-05 09:37:51.691,0.8888,0.8906,20.0,0.886,15.0,967.0,2.0
2021-01-05 09:37:52.660,0.8888,0.8917,20.0,0.886,15.0,967.0,2.0
2021-01-05 09:37:56.121,0.8888,0.8917,20.0,0.886,15.0,967.0,2.0
2021-01-05 09:37:57.170,0.8888,0.8905,10.0,0.886,15.0,967.0,2.0
2021-01-05 09:37:57.601,0.8888,0.8905,44.0,0.886,1.0,967.0,2.0
2021-01-05 09:37:58.640,0.8888,0.8904,1.0,0.886,1.0,967.0,2.0
2021-01-05 09:37:59.130,0.8888,0.8905,44.0,0.886,1.0,967.0,2.0
2021-01-05 09:37:59.670,0.8888,0.8905,44.0,0.886,1.0,967.0,2.0
2021-01-05 09:38:04.190,0.8888,0.8905,30.0,0.886,1.0,967.0,2.0
2021-01-05 09:38:07.200,0.8888,0.8905,20.0,0.886,1.0,967.0,2.0
2021-01-05 09:38:07.690,0.8888,0.8916,14.0,0.886,1.0,967.0,2.0
2021-01-05 09:38:09.160,0.8888,0.8917,20.0,0.8869,14.0,967.0,2.0
2021-01-05 09:38:09.611,0.8888,0.8917,20.0,0.8869,14.0,967.0,2.0
2021-01-05 09:38:10.180,0.8888,0.8927,34.0,0.8869,34.0,967.0,2.0
2021-01-05 09:38:10.670,0.8888,0.8927,34.0,0.8869,34.0,967.0,2.0
2021-01-05 09:38:12.191,0.8888,0.8927,14.0,0.8869,14.0,967.0,2.0
2021-01-05 09:38:12.691,0.8888,0.8927,34.0,0.8869,14.0,967.0,2.0
2021-01-05 09:38:14.141,0.8888,0.8927,34.0,0.8869,15.0,967.0,2.0
2021-01-05 09:38:14.691,0.8888,0.8927,34.0,0.8869,14.0,967.0,2.0
2021-01-05 09:38:15.150,0.8888,0.8927,34.0,0.8869,15.0,967.0,2.0
2021-01-05 09:38:15.730,0.8888,0.8927,34.0,0.8869,14.0,967.0,2.0
2021-01-05 09:38:16.210,0.8888,0.8927,34.0,0.8869,15.0,967.0,2.0
2021-01-05 09:38:16.731,0.8888,0.8927,34.0,0.8869,14.0,967.0,2.0
2021-01-05 09:38:19.670,0.8888,0.8927,34.0,0.8869,15.0,967.0,2.0
2021-01-05 09:38:20.231,0.8888,0.8927,20.0,0.888,14.0,967.0,2.0
2021-01-05 09:38:20.671,0.8888,0.8937,20.0,0.888,14.0,967.0,2.0
2021-01-05 09:38:21.180,0.8888,0.8937,20.0,0.888,34.0,967.0,2.0
2021-01-05 09:38:21.670,0.8888,0.8937,20.0,0.8882,10.0,967.0,2.0
2021-01-05 09:38:22.210,0.8888,0.8937,20.0,0.8882,10.0,967.0,2.0
2021-01-05 09:38:23.201,0.8888,0.8937,20.0,0.8891,14.0,967.0,2.0
2021-01-05 09:38:23.681,0.8888,0.8937,20.0,0.8891,14.0,967.0,2.0
2021-01-05 09:38:24.141,0.8888,0.895,34.0,0.8891,34.0,967.0,2.0
2021-01-05 09:38:24.690,0.8888,0.895,34.0,0.8891,14.0,967.0,2.0
2021-01-05 09:38:25.101,0.8888,0.895,34.0,0.8891,34.0,967.0,2.0
2021-01-05 09:38:28.171,0.8888,0.895,34.0,0.8891,34.0,967.0,2.0
2021-01-05 09:38:30.190,0.8888,0.895,34.0,0.8891,35.0,967.0,2.0
2021-01-05 09:38:30.670,0.8888,0.895,34.0,0.8891,34.0,967.0,2.0
2021-01-05 09:38:32.171,0.8888,0.895,34.0,0.8891,34.0,967.0,2.0
2021-01-05 09:38:33.191,0.8888,0.895,20.0,0.8905,14.0,967.0,2.0
2021-01-05 09:38:33.700,0.8888,0.8965,34.0,0.8905,34.0,967.0,2.0
2021-01-05 09:38:34.201,0.8888,0.8965,34.0,0.8905,34.0,967.0,2.0
2021-01-05 09:38:35.200,0.8888,0.8965,20.0,0.8916,34.0,967.0,2.0
2021-01-05 09:38:36.691,0.8888,0.8965,20.0,0.8916,34.0,967.0,2.0
2021-01-05 09:38:37.131,0.8888,0.8965,20.0,0.8916,35.0,967.0,2.0
2021-01-05 09:38:37.680,0.8888,0.8965,20.0,0.8916,34.0,967.0,2.0
2021-01-05 09:38:38.161,0.8888,0.8975,20.0,0.8916,34.0,967.0,2.0
2021-01-05 09:38:38.660,0.8888,0.8975,20.0,0.8927,14.0,967.0,2.0
2021-01-05 09:38:39.161,0.8888,0.899,34.0,0.8927,34.0,967.0,2.0
2021-01-05 09:38:40.141,0.8888,0.899,20.0,0.894,14.0,967.0,2.0
2021-01-05 09:38:40.591,0.8888,0.9003,14.0,0.894,14.0,967.0,2.0
2021-01-05 09:38:41.190,0.8888,0.9003,34.0,0.894,34.0,967.0,2.0
2021-01-05 09:38:41.670,0.8888,0.9003,34.0,0.894,34.0,967.0,2.0
2021-01-05 09:38:47.140,0.8888,0.9003,34.0,0.894,14.0,967.0,2.0
2021-01-05 09:38:47.691,0.8888,0.899,14.0,0.8929,20.0,967.0,2.0
2021-01-05 09:38:48.200,0.8888,0.899,14.0,0.8927,14.0,967.0,2.0
2021-01-05 09:38:48.200,0.8888,0.899,34.0,0.8927,14.0,967.0,2.0
2021-01-05 09:38:49.691,0.8888,0.899,34.0,0.8927,14.0,967.0,2.0
2021-01-05 09:38:50.110,0.8888,0.899,34.0,0.8927,14.0,967.0,2.0
2021-01-05 09:38:50.651,0.8888,0.899,34.0,0.8927,34.0,967.0,2.0
2021-01-05 09:38:51.691,0.8888,0.899,34.0,0.8928,2.0,967.0,2.0
2021-01-05 09:38:52.140,0.8888,0.899,34.0,0.8928,2.0,967.0,2.0
2021-01-05 09:38:52.671,0.8888,0.899,20.0,0.8941,14.0,967.0,2.0
2021-01-05 09:38:53.191,0.8888,0.9001,34.0,0.8941,14.0,967.0,2.0
2021-01-05 09:38:53.620,0.8888,0.9001,34.0,0.8941,14.0,967.0,2.0
2021-01-05 09:38:54.690,0.8888,0.9001,34.0,0.8945,10.0,967.0,2.0
2021-01-05 09:38:55.650,0.8888,0.9001,34.0,0.8945,10.0,967.0,2.0
2021-01-05 09:38:56.190,0.8888,0.9001,34.0,0.8941,14.0,967.0,2.0
2021-01-05 09:38:59.060,0.8888,0.9001,34.0,0.8941,14.0,967.0,2.0
2021-01-05 09:39:00.660,0.8888,0.9001,34.0,0.8941,14.0,967.0,2.0
2021-01-05 09:39:01.700,0.8888,0.9001,34.0,0.8941,14.0,967.0,2.0
2021-01-05 09:39:04.161,0.8888,0.9001,34.0,0.8941,14.0,967.0,2.0
2021-01-05 09:39:05.701,0.8888,0.9001,34.0,0.8941,14.0,967.0,2.0
2021-01-05 09:39:07.200,0.8888,0.9001,34.0,0.8941,14.0,967.0,2.0
2021-01-05 09:39:11.201,0.8888,0.9001,34.0,0.8941,14.0,967.0,2.0
2021-01-05 09:39:15.220,0.8888,0.9001,20.0,0.8952,14.0,967.0,2.0
2021-01-05 09:39:15.720,0.8888,0.9001,20.0,0.8952,14.0,967.0,2.0
2021-01-05 09:39:16.121,0.8888,0.9001,20.0,0.8952,34.0,967.0,2.0
2021-01-05 09:39:16.711,0.8888,0.9001,20.0,0.8952,14.0,967.0,2.0
2021-01-05 09:39:17.191,0.8888,0.9001,20.0,0.8952,34.0,967.0,2.0
2021-01-05 09:39:24.311,0.8888,0.9001,20.0,0.8952,34.0,967.0,2.0
2021-01-05 09:39:26.130,0.8888,0.9001,20.0,0.8952,34.0,967.0,2.0
2021-01-05 09:39:27.711,0.8888,0.9001,20.0,0.8952,34.0,967.0,2.0
2021-01-05 09:39:29.721,0.8888,0.9001,20.0,0.8952,34.0,967.0,2.0
2021-01-05 09:39:37.730,0.8888,0.9001,20.0,0.8952,34.0,967.0,2.0
2021-01-05 09:39:41.220,0.8888,0.8999,10.0,0.8952,34.0,967.0,2.0
2021-01-05 09:39:42.210,0.8888,0.8999,10.0,0.8952,34.0,967.0,2.0
2021-01-05 09:39:42.740,0.8888,0.8997,14.0,0.894,14.0,967.0,2.0
2021-01-05 09:39:43.191,0.8888,0.8997,14.0,0.894,14.0,967.0,2.0
2021-01-05 09:39:43.660,0.8888,0.8997,14.0,0.894,14.0,967.0,2.0
2021-01-05 09:39:44.231,0.8888,0.8997,14.0,0.894,14.0,967.0,2.0
2021-01-05 09:39:46.711,0.8888,0.8997,14.0,0.894,14.0,967.0,2.0
2021-01-05 09:39:49.711,0.8888,0.8997,14.0,0.894,14.0,967.0,2.0
2021-01-05 09:39:51.241,0.8888,0.9012,14.0,0.8955,14.0,967.0,2.0
2021-01-05 09:39:51.730,0.8888,0.9012,14.0,0.8955,14.0,967.0,2.0
2021-01-05 09:39:52.251,0.8888,0.9012,14.0,0.8955,34.0,967.0,2.0
2021-01-05 09:39:52.670,0.8888,0.9012,14.0,0.8955,14.0,967.0,2.0
2021-01-05 09:39:53.630,0.8888,0.8991,10.0,0.8955,14.0,967.0,2.0
2021-01-05 09:39:54.191,0.8888,0.8991,10.0,0.8955,34.0,967.0,2.0
2021-01-05 09:39:54.191,0.8888,0.8991,10.0,0.8955,34.0,967.0,2.0
2021-01-05 09:39:55.181,0.8888,0.8991,10.0,0.8955,34.0,967.0,2.0
2021-01-05 09:39:56.120,0.8888,0.8991,10.0,0.8955,34.0,967.0,2.0
2021-01-05 09:39:56.691,0.8888,0.9012,14.0,0.8955,14.0,967.0,2.0
2021-01-05 09:39:57.181,0.8888,0.9009,20.0,0.8955,34.0,967.0,2.0
2021-01-05 09:39:57.380,0.8888,0.9009,20.0,0.8955,14.0,967.0,2.0
2021-01-05 09:39:58.170,0.8888,0.9009,20.0,0.8953,20.0,967.0,2.0
2021-01-05 09:39:58.600,0.8888,0.9003,14.0,0.8943,34.0,967.0,2.0
2021-01-05 09:39:59.050,0.8888,0.9003,34.0,0.8943,34.0,967.0,2.0
2021-01-05 09:40:02.200,0.8888,0.8986,10.0,0.8943,34.0,967.0,2.0
2021-01-05 09:40:02.671,0.8888,0.8986,10.0,0.8943,20.0,967.0,2.0
2021-01-05 09:40:03.691,0.8888,0.8986,10.0,0.893,14.0,967.0,2.0
2021-01-05 09:40:04.160,0.8888,0.8986,10.0,0.893,15.0,967.0,2.0
2021-01-05 09:40:04.700,0.8888,0.8986,10.0,0.893,14.0,967.0,2.0
2021-01-05 09:40:06.701,0.8888,0.8986,30.0,0.893,14.0,967.0,2.0
2021-01-05 09:40:08.690,0.8888,0.8986,30.0,0.893,14.0,967.0,2.0
2021-01-05 09:40:09.191,0.8888,0.8986,20.0,0.893,14.0,967.0,2.0
2021-01-05 09:40:13.170,0.8888,0.8986,20.0,0.893,14.0,967.0,2.0
2021-01-05 09:40:13.700,0.8888,0.8976,14.0,0.8921,20.0,967.0,2.0
2021-01-05 09:40:14.150,0.8888,0.8976,34.0,0.8921,20.0,967.0,2.0
2021-01-05 09:40:15.690,0.8888,0.8976,34.0,0.8921,20.0,967.0,2.0
2021-01-05 09:40:21.200,0.8888,0.8976,34.0,0.8921,30.0,967.0,2.0
2021-01-05 09:40:23.200,0.8888,0.8976,14.0,0.8921,30.0,967.0,2.0
2021-01-05 09:40:23.701,0.8888,0.8986,20.0,0.8928,14.0,967.0,2.0
2021-01-05 09:40:24.160,0.8888,0.8986,20.0,0.8928,15.0,967.0,2.0
2021-01-05 09:40:25.570,0.8888,0.8986,20.0,0.8928,14.0,967.0,2.0
2021-01-05 09:40:27.140,0.8888,0.8986,20.0,0.8928,15.0,967.0,2.0
2021-01-05 09:40:27.701,0.8888,0.8986,20.0,0.8928,14.0,967.0,2.0
2021-01-05 09:40:30.700,0.8888,0.8986,20.0,0.8928,15.0,967.0,2.0
2021-01-05 09:40:31.101,0.8888,0.8986,20.0,0.8928,14.0,967.0,2.0
2021-01-05 09:40:32.140,0.8888,0.8986,20.0,0.8928,15.0,967.0,2.0
2021-01-05 09:40:33.681,0.8888,0.8986,20.0,0.8928,14.0,967.0,2.0
2021-01-05 09:40:37.700,0.8888,0.8986,20.0,0.8928,15.0,967.0,2.0
2021-01-05 09:40:38.130,0.8888,0.8986,20.0,0.8928,14.0,967.0,2.0
2021-01-05 09:40:48.700,0.8888,0.8977,14.0,0.8921,30.0,967.0,2.0
2021-01-05 09:40:49.111,0.8888,0.8977,14.0,0.8921,20.0,967.0,2.0
2021-01-05 09:40:50.671,0.8888,0.8977,14.0,0.8921,20.0,967.0,2.0
2021-01-05 09:40:54.141,0.8888,0.8977,14.0,0.8921,20.0,967.0,2.0
2021-01-05 09:40:57.710,0.8888,0.8977,14.0,0.8921,20.0,967.0,2.0
2021-01-05 09:41:04.180,0.8888,0.8977,14.0,0.8921,21.0,967.0,2.0
2021-01-05 09:41:04.680,0.8888,0.8977,14.0,0.8921,20.0,967.0,2.0
2021-01-05 09:41:07.100,0.8888,0.8985,10.0,0.8931,14.0,967.0,2.0
2021-01-05 09:41:07.100,0.8888,0.8985,10.0,0.8931,34.0,967.0,2.0
2021-01-05 09:41:11.210,0.8888,0.8986,20.0,0.8931,34.0,967.0,2.0
2021-01-05 09:41:12.151,0.8888,0.8986,20.0,0.8931,34.0,967.0,2.0
2021-01-05 09:41:12.710,0.8888,0.8986,20.0,0.8931,35.0,967.0,2.0
2021-01-05 09:41:12.710,0.8888,0.8986,20.0,0.8931,34.0,967.0,2.0
2021-01-05 09:41:14.160,0.8888,0.8988,14.0,0.8931,15.0,967.0,2.0
2021-01-05 09:41:15.180,0.8888,0.8988,14.0,0.8931,34.0,967.0,2.0
2021-01-05 09:41:16.500,0.8888,0.8988,14.0,0.8931,34.0,967.0,2.0
2021-01-05 09:41:18.200,0.8888,0.8988,14.0,0.8931,34.0,967.0,2.0
2021-01-05 09:41:20.721,0.8888,0.8988,14.0,0.8931,34.0,967.0,2.0
2021-01-05 09:41:21.190,0.8888,0.8988,14.0,0.8931,34.0,967.0,2.0
2021-01-05 09:41:27.710,0.8888,0.8988,14.0,0.8931,35.0,967.0,2.0
2021-01-05 09:41:28.540,0.8888,0.8988,14.0,0.8931,34.0,967.0,2.0
2021-01-05 09:41:29.690,0.8888,0.8988,14.0,0.8931,34.0,967.0,2.0
2021-01-05 09:41:32.220,0.8888,0.8988,14.0,0.8931,35.0,967.0,2.0
2021-01-05 09:41:33.171,0.8888,0.8988,14.0,0.8931,34.0,967.0,2.0
2021-01-05 09:41:35.721,0.8888,0.899,20.0,0.8943,14.0,967.0,2.0
2021-01-05 09:41:36.720,0.8888,0.9,34.0,0.8943,34.0,967.0,2.0
2021-01-05 09:41:37.711,0.8888,0.9,34.0,0.8943,44.0,967.0,2.0
2021-01-05 09:41:38.220,0.8888,0.9,34.0,0.8943,44.0,967.0,2.0
2021-01-05 09:41:47.201,0.8888,0.9,34.0,0.8943,34.0,967.0,2.0
2021-01-05 09:41:50.231,0.8888,0.9,20.0,0.8957,14.0,967.0,2.0
2021-01-05 09:41:51.251,0.8888,0.9014,34.0,0.8957,34.0,967.0,2.0
2021-01-05 09:41:51.760,0.8888,0.9014,34.0,0.8957,34.0,967.0,2.0
2021-01-05 09:41:53.201,0.8888,0.9014,34.0,0.8957,34.0,967.0,2.0
2021-01-05 09:41:53.681,0.8888,0.9014,34.0,0.8957,34.0,967.0,2.0
2021-01-05 09:41:56.151,0.8888,0.9014,34.0,0.8957,34.0,967.0,2.0
2021-01-05 09:41:57.110,0.8888,0.9014,14.0,0.8957,14.0,967.0,2.0
2021-01-05 09:41:57.640,0.8888,0.9014,14.0,0.8957,34.0,967.0,2.0
2021-01-05 09:42:02.201,0.8888,0.9014,14.0,0.8957,34.0,967.0,2.0
2021-01-05 09:42:05.711,0.8888,0.9014,14.0,0.8957,34.0,967.0,2.0
2021-01-05 09:42:06.181,0.8888,0.9014,14.0,0.8957,34.0,967.0,2.0
2021-01-05 09:42:10.681,0.8888,0.9016,20.0,0.8968,14.0,967.0,2.0
2021-01-05 09:42:11.211,0.8888,0.9016,20.0,0.8968,34.0,967.0,2.0
2021-01-05 09:42:11.651,0.8888,0.9016,20.0,0.8968,34.0,967.0,2.0
2021-01-05 09:42:13.731,0.8888,0.9016,20.0,0.8968,34.0,967.0,2.0
2021-01-05 09:42:14.671,0.8888,0.9026,34.0,0.8968,34.0,967.0,2.0
2021-01-05 09:42:16.181,0.8888,0.9026,34.0,0.8968,34.0,967.0,2.0
2021-01-05 09:42:34.210,0.8888,0.9026,34.0,0.8968,34.0,967.0,2.0
2021-01-05 09:42:41.731,0.8888,0.9026,20.0,0.898,14.0,967.0,2.0
2021-01-05 09:42:42.711,0.8888,0.9037,34.0,0.898,34.0,967.0,2.0
2021-01-05 09:42:43.251,0.8888,0.9037,34.0,0.898,34.0,967.0,2.0
2021-01-05 09:42:44.751,0.8888,0.9037,34.0,0.898,34.0,967.0,2.0
2021-01-05 09:42:45.191,0.8888,0.9037,34.0,0.898,34.0,967.0,2.0
2021-01-05 09:43:02.681,0.8888,0.9037,20.0,0.8991,14.0,967.0,2.0
2021-01-05 09:43:03.241,0.8888,0.9048,34.0,0.8991,34.0,967.0,2.0
2021-01-05 09:43:04.740,0.8888,0.9048,34.0,0.8991,34.0,967.0,2.0
2021-01-05 09:43:05.750,0.8888,0.9048,34.0,0.8991,14.0,967.0,2.0
2021-01-05 09:43:06.680,0.8888,0.9037,14.0,0.898,34.0,967.0,2.0
2021-01-05 09:43:07.710,0.8888,0.9037,34.0,0.898,34.0,967.0,2.0
2021-01-05 09:43:08.200,0.8888,0.9037,34.0,0.898,34.0,967.0,2.0
2021-01-05 09:43:08.701,0.8888,0.9037,34.0,0.898,34.0,967.0,2.0
2021-01-05 09:43:15.711,0.8888,0.9037,34.0,0.898,14.0,967.0,2.0
2021-01-05 09:43:20.731,0.8888,0.9037,34.0,0.898,34.0,967.0,2.0
2021-01-05 09:43:50.721,0.8888,0.9025,14.0,0.8969,20.0,967.0,2.0
2021-01-05 09:43:51.660,0.8888,0.9025,34.0,0.8969,20.0,967.0,2.0
2021-01-05 09:43:56.190,0.8888,0.9025,34.0,0.8969,20.0,967.0,2.0
2021-01-05 09:44:00.701,0.8888,0.902,10.0,0.8969,20.0,967.0,2.0
2021-01-05 09:44:03.241,0.8888,0.9014,14.0,0.8969,20.0,967.0,2.0
2021-01-05 09:44:04.230,0.8888,0.9014,14.0,0.8959,20.0,967.0,2.0
2021-01-05 09:44:04.751,0.8888,0.9014,34.0,0.8959,20.0,967.0,2.0
2021-01-05 09:44:05.260,0.8888,0.9014,14.0,0.8959,20.0,967.0,2.0
2021-01-05 09:44:05.681,0.8888,0.9014,34.0,0.8959,20.0,967.0,2.0
2021-01-05 09:44:08.230,0.8888,0.9014,34.0,0.8959,20.0,967.0,2.0
2021-01-05 09:44:09.150,0.8888,0.9014,20.0,0.8959,20.0,967.0,2.0
2021-01-05 09:44:09.780,0.8888,0.9003,14.0,0.8946,14.0,967.0,2.0
2021-01-05 09:44:10.280,0.8888,0.9003,34.0,0.8946,34.0,967.0,2.0
2021-01-05 09:44:10.781,0.8888,0.9003,34.0,0.8946,34.0,967.0,2.0
2021-01-05 09:44:33.240,0.8888,0.8991,14.0,0.8946,20.0,967.0,2.0
2021-01-05 09:44:34.520,0.8888,0.8991,34.0,0.8935,20.0,967.0,2.0
2021-01-05 09:44:35.740,0.8888,0.8991,34.0,0.8935,20.0,967.0,2.0
2021-01-05 09:44:41.251,0.8888,0.8991,34.0,0.8935,20.0,967.0,2.0
2021-01-05 09:44:47.251,0.8888,0.8991,34.0,0.8935,21.0,967.0,2.0
2021-01-05 09:44:49.270,0.8888,0.8991,34.0,0.8935,20.0,967.0,2.0
2021-01-05 09:44:50.670,0.8888,0.8991,34.0,0.8935,21.0,967.0,2.0
2021-01-05 09:44:56.720,0.8888,0.8991,34.0,0.8935,20.0,967.0,2.0
2021-01-05 09:45:01.221,0.8888,0.8979,14.0,0.8935,20.0,967.0,2.0
2021-01-05 09:45:01.680,0.8888,0.8975,10.0,0.8925,20.0,967.0,2.0
2021-01-05 09:45:02.061,0.8888,0.8975,10.0,0.8925,20.0,967.0,2.0
2021-01-05 09:45:03.680,0.8888,0.8975,10.0,0.8925,20.0,967.0,2.0
2021-01-05 09:45:05.221,0.8888,0.8975,10.0,0.8925,20.0,967.0,2.0
2021-01-05 09:45:05.720,0.8888,0.8964,14.0,0.8914,20.0,967.0,2.0
2021-01-05 09:45:06.220,0.8888,0.8964,14.0,0.8914,20.0,967.0,2.0
2021-01-05 09:45:06.721,0.8888,0.8964,34.0,0.8914,20.0,967.0,2.0
2021-01-05 09:45:07.130,0.8888,0.8964,14.0,0.8914,20.0,967.0,2.0
2021-01-05 09:45:09.720,0.8888,0.8964,14.0,0.8914,20.0,967.0,2.0
2021-01-05 09:45:10.700,0.8888,0.8964,34.0,0.8914,20.0,967.0,2.0
2021-01-05 09:45:11.720,0.8888,0.8964,34.0,0.8907,14.0,967.0,2.0
2021-01-05 09:45:13.681,0.8888,0.8953,14.0,0.8903,20.0,967.0,2.0
2021-01-05 09:45:14.701,0.8888,0.8953,34.0,0.8903,20.0,967.0,2.0
2021-01-05 09:45:15.721,0.8888,0.8953,34.0,0.8896,14.0,967.0,2.0
2021-01-05 09:45:16.741,0.8888,0.8953,34.0,0.8896,14.0,967.0,2.0
2021-01-05 09:45:17.170,0.8888,0.8942,14.0,0.8891,20.0,967.0,2.0
2021-01-05 09:45:17.731,0.8888,0.8942,14.0,0.8891,20.0,967.0,2.0
2021-01-05 09:45:18.161,0.8888,0.8942,34.0,0.8891,20.0,967.0,2.0
2021-01-05 09:45:18.670,0.8888,0.8942,34.0,0.8891,20.0,967.0,2.0
2021-01-05 09:45:23.671,0.8888,0.8942,34.0,0.8891,20.0,967.0,2.0
2021-01-05 09:45:24.701,0.8888,0.8942,34.0,0.8891,20.0,967.0,2.0
2021-01-05 09:45:26.220,0.8888,0.8942,34.0,0.8891,21.0,967.0,2.0
2021-01-05 09:45:26.681,0.8888,0.8942,34.0,0.8891,20.0,967.0,2.0
2021-01-05 09:45:29.140,0.8888,0.8942,34.0,0.8891,20.0,967.0,2.0
2021-01-05 09:45:30.700,0.8888,0.8942,20.0,0.8895,14.0,967.0,2.0
2021-01-05 09:45:31.211,0.8888,0.8953,20.0,0.8895,14.0,967.0,2.0
2021-01-05 09:45:31.680,0.8888,0.8953,20.0,0.8895,14.0,967.0,2.0
2021-01-05 09:45:32.160,0.8888,0.8953,20.0,0.8895,14.0,967.0,2.0
2021-01-05 09:45:36.240,0.8888,0.8953,20.0,0.8896,10.0,967.0,2.0
2021-01-05 09:45:37.731,0.8888,0.8953,20.0,0.8896,11.0,967.0,2.0
2021-01-05 09:45:38.240,0.8888,0.8953,20.0,0.8896,10.0,967.0,2.0
2021-01-05 09:45:39.210,0.8888,0.8953,20.0,0.8896,11.0,967.0,2.0
2021-01-05 09:45:39.700,0.8888,0.8953,20.0,0.8896,11.0,967.0,2.0
2021-01-05 09:45:40.240,0.8888,0.8953,20.0,0.8896,10.0,967.0,2.0
2021-01-05 09:45:44.201,0.8888,0.8953,20.0,0.8895,14.0,967.0,2.0
2021-01-05 09:45:45.220,0.8888,0.8953,20.0,0.8895,15.0,967.0,2.0
2021-01-05 09:45:46.240,0.8888,0.8953,20.0,0.8895,14.0,967.0,2.0
2021-01-05 09:45:47.241,0.8888,0.8953,20.0,0.8895,15.0,967.0,2.0
2021-01-05 09:45:47.731,0.8888,0.8953,20.0,0.8895,14.0,967.0,2.0
2021-01-05 09:45:48.201,0.8888,0.8953,20.0,0.8895,15.0,967.0,2.0
2021-01-05 09:45:48.741,0.8888,0.8953,20.0,0.8895,14.0,967.0,2.0
2021-01-05 09:45:50.251,0.8888,0.8953,20.0,0.8895,15.0,967.0,2.0
2021-01-05 09:45:50.750,0.8888,0.8953,20.0,0.8895,14.0,967.0,2.0
2021-01-05 09:45:51.250,0.8888,0.8953,20.0,0.8895,14.0,967.0,2.0
2021-01-05 09:45:51.721,0.8888,0.8953,20.0,0.8895,15.0,967.0,2.0
2021-01-05 09:45:52.251,0.8888,0.8953,20.0,0.8895,14.0,967.0,2.0
2021-01-05 09:45:54.191,0.8888,0.8953,20.0,0.8895,15.0,967.0,2.0
2021-01-05 09:46:00.210,0.8888,0.8953,20.0,0.8895,14.0,967.0,2.0
2021-01-05 09:46:00.730,0.8888,0.897,14.0,0.8904,14.0,967.0,2.0
2021-01-05 09:46:01.230,0.8888,0.8964,20.0,0.8904,14.0,967.0,2.0
2021-01-05 09:46:02.661,0.8888,0.8964,20.0,0.8904,15.0,967.0,2.0
2021-01-05 09:46:03.120,0.8888,0.8964,20.0,0.8904,14.0,967.0,2.0
2021-01-05 09:46:03.731,0.8888,0.8964,20.0,0.8904,14.0,967.0,2.0
2021-01-05 09:46:06.690,0.8888,0.8964,20.0,0.8904,15.0,967.0,2.0
2021-01-05 09:46:07.741,0.8888,0.8964,20.0,0.8904,14.0,967.0,2.0
2021-01-05 09:46:08.730,0.8888,0.8964,20.0,0.8904,15.0,967.0,2.0
2021-01-05 09:46:09.181,0.8888,0.8964,20.0,0.8904,14.0,967.0,2.0
2021-01-05 09:46:09.600,0.8888,0.8964,20.0,0.8904,15.0,967.0,2.0
2021-01-05 09:46:10.221,0.8888,0.897,14.0,0.8912,10.0,967.0,2.0
2021-01-05 09:46:10.720,0.8888,0.897,14.0,0.8912,30.0,967.0,2.0
2021-01-05 09:46:11.671,0.8888,0.897,14.0,0.8912,31.0,967.0,2.0
2021-01-05 09:46:12.190,0.8888,0.898,20.0,0.8916,14.0,967.0,2.0
2021-01-05 09:46:13.681,0.8888,0.898,20.0,0.8916,14.0,967.0,2.0
2021-01-05 09:46:14.230,0.8888,0.898,20.0,0.8916,15.0,967.0,2.0
2021-01-05 09:46:15.231,0.8888,0.898,20.0,0.8916,14.0,967.0,2.0
2021-01-05 09:46:15.730,0.8888,0.898,20.0,0.8916,15.0,967.0,2.0
2021-01-05 09:46:16.041,0.8888,0.898,20.0,0.8916,14.0,967.0,2.0
2021-01-05 09:46:19.171,0.8888,0.898,20.0,0.8916,15.0,967.0,2.0
2021-01-05 09:46:20.210,0.8888,0.898,20.0,0.8916,14.0,967.0,2.0
2021-01-05 09:46:22.220,0.8888,0.898,20.0,0.8916,15.0,967.0,2.0
2021-01-05 09:46:22.690,0.8888,0.898,20.0,0.8916,14.0,967.0,2.0
2021-01-05 09:46:25.211,0.8888,0.898,20.0,0.8916,14.0,967.0,2.0
2021-01-05 09:46:25.651,0.8888,0.898,20.0,0.8916,14.0,967.0,2.0
2021-01-05 09:46:26.631,0.8888,0.898,20.0,0.8916,15.0,967.0,2.0
2021-01-05 09:46:27.720,0.8888,0.898,20.0,0.8916,14.0,967.0,2.0
2021-01-05 09:46:28.200,0.8888,0.898,20.0,0.8916,15.0,967.0,2.0
2021-01-05 09:46:28.650,0.8888,0.898,20.0,0.8916,14.0,967.0,2.0
2021-01-05 09:46:29.151,0.8888,0.898,20.0,0.8916,15.0,967.0,2.0
2021-01-05 09:46:29.710,0.8888,0.898,20.0,0.8916,14.0,967.0,2.0
2021-01-05 09:46:30.721,0.8888,0.898,20.0,0.8916,15.0,967.0,2.0
2021-01-05 09:46:32.100,0.8888,0.898,20.0,0.8916,14.0,967.0,2.0
2021-01-05 09:46:33.210,0.8888,0.898,20.0,0.8916,15.0,967.0,2.0
2021-01-05 09:46:33.660,0.8888,0.898,20.0,0.8917,2.0,967.0,2.0
2021-01-05 09:46:34.171,0.8888,0.898,20.0,0.8917,2.0,967.0,2.0
2021-01-05 09:46:35.231,0.8888,0.898,20.0,0.8917,3.0,967.0,2.0
2021-01-05 09:46:35.721,0.8888,0.898,20.0,0.8917,2.0,967.0,2.0
2021-01-05 09:46:36.221,0.8888,0.898,20.0,0.8916,14.0,967.0,2.0
2021-01-05 09:46:36.730,0.8888,0.898,20.0,0.8916,14.0,967.0,2.0
2021-01-05 09:46:37.241,0.8888,0.898,20.0,0.8916,14.0,967.0,2.0
2021-01-05 09:46:38.201,0.8888,0.898,20.0,0.8916,14.0,967.0,2.0
2021-01-05 09:46:39.210,0.8888,0.8975,10.0,0.8916,14.0,967.0,2.0
2021-01-05 09:46:40.230,0.8888,0.8975,10.0,0.8916,14.0,967.0,2.0
2021-01-05 09:46:40.670,0.8888,0.8975,10.0,0.8916,14.0,967.0,2.0
2021-01-05 09:46:41.730,0.8888,0.8975,10.0,0.8917,2.0,967.0,2.0
2021-01-05 09:46:42.230,0.8888,0.8975,10.0,0.8916,14.0,967.0,2.0
2021-01-05 09:46:44.230,0.8888,0.8975,10.0,0.8916,16.0,967.0,2.0
2021-01-05 09:46:46.251,0.8888,0.8975,10.0,0.8916,14.0,967.0,2.0
2021-01-05 09:46:46.671,0.8888,0.898,20.0,0.8917,2.0,967.0,2.0
2021-01-05 09:46:47.701,0.8888,0.898,20.0,0.8917,2.0,967.0,2.0
2021-01-05 09:46:50.170,0.8888,0.898,20.0,0.8917,3.0,967.0,2.0
2021-01-05 09:46:56.221,0.8888,0.898,20.0,0.8916,14.0,967.0,2.0
2021-01-05 09:46:56.711,0.8888,0.898,20.0,0.8916,15.0,967.0,2.0
2021-01-05 09:47:00.741,0.8888,0.898,20.0,0.8916,14.0,967.0,2.0
2021-01-05 09:47:01.210,0.8888,0.8969,14.0,0.8914,10.0,967.0,2.0
2021-01-05 09:47:01.721,0.8888,0.8966,10.0,0.8913,14.0,967.0,2.0
2021-01-05 09:47:02.230,0.8888,0.8966,10.0,0.8913,14.0,967.0,2.0
2021-01-05 09:47:02.741,0.8888,0.8966,10.0,0.8913,14.0,967.0,2.0
2021-01-05 09:47:03.220,0.8888,0.8958,14.0,0.8902,14.0,967.0,2.0
2021-01-05 09:47:03.740,0.8888,0.8958,34.0,0.8902,14.0,967.0,2.0
2021-01-05 09:47:04.211,0.8888,0.8958,34.0,0.8902,14.0,967.0,2.0
2021-01-05 09:47:05.250,0.8888,0.8958,34.0,0.8902,14.0,967.0,2.0
2021-01-05 09:47:05.750,0.8888,0.8958,34.0,0.8902,14.0,967.0,2.0
2021-01-05 09:47:07.221,0.8888,0.8946,14.0,0.8889,14.0,967.0,2.0
2021-01-05 09:47:07.740,0.8888,0.8946,34.0,0.8889,34.0,967.0,2.0
2021-01-05 09:47:08.230,0.8888,0.8946,34.0,0.8889,34.0,967.0,2.0
2021-01-05 09:47:11.751,0.8888,0.8934,14.0,0.8889,20.0,967.0,2.0
2021-01-05 09:47:12.241,0.8888,0.8934,34.0,0.8877,34.0,967.0,2.0
2021-01-05 09:47:12.731,0.8888,0.8934,34.0,0.8877,34.0,967.0,2.0
2021-01-05 09:47:13.201,0.8888,0.8934,34.0,0.8877,34.0,967.0,2.0
2021-01-05 09:47:19.111,0.8888,0.8934,34.0,0.8877,34.0,967.0,2.0
2021-01-05 09:47:19.731,0.8888,0.8921,14.0,0.8877,20.0,967.0,2.0
2021-01-05 09:47:20.160,0.8888,0.8921,34.0,0.8877,20.0,967.0,2.0
2021-01-05 09:47:20.761,0.8888,0.8921,34.0,0.8871,10.0,967.0,2.0
2021-01-05 09:47:21.760,0.8888,0.8918,10.0,0.8867,20.0,967.0,2.0
2021-01-05 09:47:22.240,0.8888,0.8918,10.0,0.8867,20.0,967.0,2.0
2021-01-05 09:47:22.580,0.8888,0.8918,10.0,0.8867,20.0,967.0,2.0
2021-01-05 09:47:29.730,0.8888,0.8918,10.0,0.8867,20.0,967.0,2.0
2021-01-05 09:47:30.720,0.8888,0.891,14.0,0.8867,20.0,967.0,2.0
2021-01-05 09:47:31.000,0.8888,0.891,34.0,0.8867,20.0,967.0,2.0
2021-01-05 09:47:34.231,0.8888,0.891,34.0,0.8867,20.0,967.0,2.0
2021-01-05 09:47:36.721,0.8888,0.891,34.0,0.8867,20.0,967.0,2.0
2021-01-05 09:47:41.261,0.8888,0.891,34.0,0.886,1.0,967.0,2.0
2021-01-05 09:47:42.250,0.8888,0.891,34.0,0.886,1.0,967.0,2.0
2021-01-05 09:47:42.761,0.8888,0.891,34.0,0.886,1.0,967.0,2.0
2021-01-05 09:47:43.251,0.8888,0.891,34.0,0.886,1.0,967.0,2.0
2021-01-05 09:47:51.270,0.8888,0.891,20.0,0.886,1.0,967.0,2.0
2021-01-05 09:47:51.771,0.8888,0.891,20.0,0.8864,14.0,967.0,2.0
2021-01-05 09:47:51.781,0.8888,0.8919,1.0,0.8864,14.0,967.0,2.0
2021-01-05 09:47:52.730,0.8888,0.8921,34.0,0.8864,14.0,967.0,2.0
2021-01-05 09:47:53.740,0.8888,0.8921,14.0,0.8864,14.0,967.0,2.0
2021-01-05 09:47:54.230,0.8888,0.8921,34.0,0.8864,14.0,967.0,2.0
2021-01-05 09:47:55.231,0.8888,0.8921,34.0,0.8864,34.0,967.0,2.0
2021-01-05 09:47:56.751,0.8888,0.8921,20.0,0.8876,14.0,967.0,2.0
2021-01-05 09:47:57.360,0.8888,0.8931,30.0,0.8864,20.0,967.0,2.0
2021-01-05 09:47:58.261,0.8888,0.8919,14.0,0.8864,20.0,967.0,2.0
2021-01-05 09:47:58.781,0.8888,0.8919,14.0,0.8862,14.0,967.0,2.0
2021-01-05 09:47:59.200,0.8888,0.8919,34.0,0.8862,14.0,967.0,2.0
2021-01-05 09:48:00.260,0.8888,0.8919,34.0,0.8862,14.0,967.0,2.0
2021-01-05 09:48:01.261,0.8888,0.8919,20.0,0.886,1.0,967.0,2.0
2021-01-05 09:48:01.791,0.8888,0.8908,14.0,0.886,1.0,967.0,2.0
2021-01-05 09:48:02.260,0.8888,0.8908,34.0,0.886,1.0,967.0,2.0
2021-01-05 09:48:02.781,0.8888,0.8908,34.0,0.886,1.0,967.0,2.0
2021-01-05 09:48:02.781,0.8888,0.8908,34.0,0.886,1.0,967.0,2.0
2021-01-05 09:48:03.791,0.8888,0.8908,34.0,0.886,1.0,967.0,2.0
2021-01-05 09:48:04.250,0.8888,0.8908,34.0,0.886,1.0,967.0,2.0
2021-01-05 09:48:04.790,0.8888,0.8908,34.0,0.886,1.0,967.0,2.0
2021-01-05 09:48:06.300,0.8888,0.8908,34.0,0.886,1.0,967.0,2.0
2021-01-05 09:48:08.281,0.8888,0.8908,20.0,0.886,1.0,967.0,2.0
2021-01-05 09:48:08.761,0.8888,0.8895,14.0,0.886,1.0,967.0,2.0
2021-01-05 09:48:09.291,0.8888,0.8895,14.0,0.886,1.0,967.0,2.0
2021-01-05 09:48:10.171,0.8888,0.8895,14.0,0.886,1.0,967.0,2.0
2021-01-05 09:48:12.751,0.8888,0.8895,14.0,0.886,1.0,967.0,2.0
2021-01-05 09:48:15.310,0.8888,0.8896,20.0,0.886,1.0,967.0,2.0
2021-01-05 09:48:15.831,0.8888,0.8909,14.0,0.886,1.0,967.0,2.0
2021-01-05 09:48:16.321,0.8888,0.8909,14.0,0.886,1.0,967.0,2.0
2021-01-05 09:48:17.811,0.8888,0.893,10.0,0.886,1.0,967.0,2.0
2021-01-05 09:48:18.330,0.8888,0.892,14.0,0.8864,14.0,967.0,2.0
2021-01-05 09:48:18.330,0.8888,0.892,34.0,0.8864,34.0,967.0,2.0
2021-01-05 09:48:19.271,0.8888,0.892,34.0,0.8871,10.0,967.0,2.0
2021-01-05 09:48:20.791,0.8888,0.892,34.0,0.8871,10.0,967.0,2.0
2021-01-05 09:48:21.340,0.8888,0.892,34.0,0.8871,10.0,967.0,2.0
2021-01-05 09:48:26.101,0.8888,0.892,34.0,0.8871,10.0,967.0,2.0
2021-01-05 09:48:27.181,0.8888,0.892,20.0,0.8877,14.0,967.0,2.0
2021-01-05 09:48:28.041,0.8888,0.8933,14.0,0.8894,10.0,967.0,2.0
2021-01-05 09:48:28.731,0.8888,0.8933,14.0,0.8894,10.0,967.0,2.0
2021-01-05 09:48:29.121,0.8888,0.8933,14.0,0.8894,10.0,967.0,2.0
2021-01-05 09:48:30.731,0.8888,0.8938,20.0,0.8894,10.0,967.0,2.0
2021-01-05 09:48:31.140,0.8888,0.8938,20.0,0.8894,10.0,967.0,2.0
2021-01-05 09:48:32.200,0.8888,0.8944,14.0,0.8894,10.0,967.0,2.0
2021-01-05 09:48:32.700,0.8888,0.895,20.0,0.8898,14.0,967.0,2.0
2021-01-05 09:48:33.190,0.8888,0.895,20.0,0.8898,14.0,967.0,2.0
2021-01-05 09:48:33.680,0.8888,0.895,20.0,0.8898,34.0,967.0,2.0
2021-01-05 09:48:34.141,0.8888,0.895,20.0,0.8898,14.0,967.0,2.0
2021-01-05 09:48:37.491,0.8888,0.8943,14.0,0.8887,34.0,967.0,2.0
2021-01-05 09:48:38.690,0.8888,0.8943,14.0,0.8887,34.0,967.0,2.0
2021-01-05 09:48:42.661,0.8888,0.8943,14.0,0.8887,34.0,967.0,2.0
2021-01-05 09:48:49.010,0.8888,0.8943,14.0,0.8887,35.0,967.0,2.0
2021-01-05 09:48:49.250,0.8888,0.8943,14.0,0.8887,34.0,967.0,2.0
2021-01-05 09:48:51.540,0.8888,0.895,20.0,0.8887,21.0,967.0,2.0
2021-01-05 09:48:52.020,0.8888,0.8955,14.0,0.8898,14.0,967.0,2.0
2021-01-05 09:48:52.510,0.8888,0.8955,34.0,0.8898,34.0,967.0,2.0
2021-01-05 09:48:53.711,0.8888,0.8955,20.0,0.8909,14.0,967.0,2.0
2021-01-05 09:48:54.681,0.8888,0.8965,14.0,0.8909,34.0,967.0,2.0
2021-01-05 09:48:55.201,0.8888,0.8965,14.0,0.8909,34.0,967.0,2.0
2021-01-05 09:48:57.171,0.8888,0.8965,14.0,0.8909,34.0,967.0,2.0
2021-01-05 09:48:58.160,0.8888,0.8965,14.0,0.8909,36.0,967.0,2.0
2021-01-05 09:48:59.161,0.8888,0.8965,14.0,0.8909,34.0,967.0,2.0
2021-01-05 09:49:01.620,0.8888,0.8965,14.0,0.8909,34.0,967.0,2.0
2021-01-05 09:49:02.790,0.8888,0.8965,14.0,0.8909,34.0,967.0,2.0
2021-01-05 09:49:03.291,0.8888,0.8965,14.0,0.8909,34.0,967.0,2.0
2021-01-05 09:49:03.760,0.8888,0.8965,14.0,0.8909,34.0,967.0,2.0
2021-01-05 09:49:04.250,0.8888,0.8965,14.0,0.8909,35.0,967.0,2.0
2021-01-05 09:49:04.780,0.8888,0.8965,14.0,0.8909,34.0,967.0,2.0
2021-01-05 09:49:05.251,0.8888,0.8965,14.0,0.8909,34.0,967.0,2.0
2021-01-05 09:49:09.821,0.8888,0.8966,20.0,0.8909,20.0,967.0,2.0
2021-01-05 09:49:09.821,0.8888,0.8953,14.0,0.8896,14.0,967.0,2.0
2021-01-05 09:49:10.831,0.8888,0.8953,34.0,0.8896,14.0,967.0,2.0
2021-01-05 09:49:11.341,0.8888,0.8953,34.0,0.8896,14.0,967.0,2.0
2021-01-05 09:49:11.850,0.8888,0.8953,34.0,0.8896,15.0,967.0,2.0
2021-01-05 09:49:12.270,0.8888,0.8953,34.0,0.8896,14.0,967.0,2.0
2021-01-05 09:49:12.850,0.8888,0.8953,20.0,0.8896,1.0,967.0,2.0
2021-01-05 09:49:13.310,0.8888,0.8964,14.0,0.8907,14.0,967.0,2.0
2021-01-05 09:49:13.851,0.8888,0.8964,34.0,0.8907,14.0,967.0,2.0
2021-01-05 09:49:14.261,0.8888,0.8964,34.0,0.8907,14.0,967.0,2.0
2021-01-05 09:49:20.840,0.8888,0.8964,34.0,0.8907,14.0,967.0,2.0
2021-01-05 09:49:23.201,0.8888,0.8964,34.0,0.8907,14.0,967.0,2.0
2021-01-05 09:49:23.710,0.8888,0.8964,34.0,0.8907,15.0,967.0,2.0
2021-01-05 09:49:24.671,0.8888,0.8964,34.0,0.8907,14.0,967.0,2.0
2021-01-05 09:49:25.080,0.8888,0.8964,34.0,0.8907,15.0,967.0,2.0
2021-01-05 09:49:25.620,0.8888,0.8964,34.0,0.8907,14.0,967.0,2.0
2021-01-05 09:49:26.171,0.8888,0.8964,34.0,0.8907,14.0,967.0,2.0
2021-01-05 09:49:27.211,0.8888,0.8964,34.0,0.8907,15.0,967.0,2.0
2021-01-05 09:49:29.691,0.8888,0.8964,34.0,0.8907,15.0,967.0,2.0
2021-01-05 09:49:30.140,0.8888,0.8964,34.0,0.8907,14.0,967.0,2.0
2021-01-05 09:49:30.640,0.8888,0.8964,34.0,0.8907,15.0,967.0,2.0
2021-01-05 09:49:32.111,0.8888,0.8964,34.0,0.8907,14.0,967.0,2.0
2021-01-05 09:49:32.701,0.8888,0.8964,20.0,0.8919,14.0,967.0,2.0
2021-01-05 09:49:33.191,0.8888,0.8976,34.0,0.8919,34.0,967.0,2.0
2021-01-05 09:49:34.701,0.8888,0.8976,34.0,0.8919,34.0,967.0,2.0
2021-01-05 09:49:37.260,0.8888,0.8976,34.0,0.8923,10.0,967.0,2.0
2021-01-05 09:49:38.720,0.8888,0.8976,34.0,0.8923,10.0,967.0,2.0
2021-01-05 09:49:39.231,0.8888,0.8976,34.0,0.8923,11.0,967.0,2.0
2021-01-05 09:49:39.761,0.8888,0.8976,34.0,0.8923,11.0,967.0,2.0
2021-01-05 09:49:40.170,0.8888,0.8976,34.0,0.8923,10.0,967.0,2.0
2021-01-05 09:49:40.581,0.8888,0.8976,20.0,0.893,14.0,967.0,2.0
2021-01-05 09:49:41.211,0.8888,0.8976,20.0,0.893,14.0,967.0,2.0
2021-01-05 09:49:41.701,0.8888,0.8986,34.0,0.893,34.0,967.0,2.0
2021-01-05 09:49:47.691,0.8888,0.8986,34.0,0.893,34.0,967.0,2.0
2021-01-05 09:49:53.220,0.8888,0.8986,34.0,0.893,14.0,967.0,2.0
2021-01-05 09:49:53.731,0.8888,0.8975,14.0,0.8919,20.0,967.0,2.0
2021-01-05 09:49:54.231,0.8888,0.8975,14.0,0.8919,20.0,967.0,2.0
2021-01-05 09:49:54.721,0.8888,0.8975,34.0,0.8919,20.0,967.0,2.0
2021-01-05 09:49:55.210,0.8888,0.8975,14.0,0.8919,20.0,967.0,2.0
2021-01-05 09:49:55.550,0.8888,0.8975,34.0,0.8919,20.0,967.0,2.0
2021-01-05 09:49:57.141,0.8888,0.8975,34.0,0.8918,14.0,967.0,2.0
2021-01-05 09:49:57.631,0.8888,0.8964,14.0,0.8912,10.0,967.0,2.0
2021-01-05 09:49:58.240,0.8888,0.8964,14.0,0.8912,10.0,967.0,2.0
2021-01-05 09:49:58.680,0.8888,0.8964,34.0,0.8908,20.0,967.0,2.0
2021-01-05 09:49:59.220,0.8888,0.8964,34.0,0.8908,20.0,967.0,2.0
2021-01-05 09:49:59.731,0.8888,0.8964,34.0,0.8908,20.0,967.0,2.0
2021-01-05 09:50:00.720,0.8888,0.8964,35.0,0.8908,20.0,967.0,2.0
2021-01-05 09:50:01.621,0.8888,0.8964,34.0,0.8908,20.0,967.0,2.0
2021-01-05 09:50:02.680,0.8888,0.8964,34.0,0.8907,14.0,967.0,2.0
2021-01-05 09:50:03.210,0.8888,0.8951,14.0,0.8895,14.0,967.0,2.0
2021-01-05 09:50:03.730,0.8888,0.8951,34.0,0.8895,14.0,967.0,2.0
2021-01-05 09:50:04.241,0.8888,0.8951,44.0,0.8895,14.0,967.0,2.0
2021-01-05 09:50:04.691,0.8888,0.8939,14.0,0.8883,10.0,967.0,2.0
2021-01-05 09:50:05.231,0.8888,0.8939,14.0,0.8883,10.0,967.0,2.0
2021-01-05 09:50:05.690,0.8888,0.8939,34.0,0.8883,10.0,967.0,2.0
2021-01-05 09:50:06.710,0.8888,0.8939,34.0,0.8882,14.0,967.0,2.0
2021-01-05 09:50:07.740,0.8888,0.8939,20.0,0.8893,14.0,967.0,2.0
2021-01-05 09:50:08.760,0.8888,0.895,14.0,0.8893,14.0,967.0,2.0
2021-01-05 09:50:09.640,0.8888,0.895,14.0,0.8893,14.0,967.0,2.0
2021-01-05 09:50:13.670,0.8888,0.8938,14.0,0.8882,14.0,967.0,2.0
2021-01-05 09:50:14.700,0.8888,0.8938,34.0,0.8882,14.0,967.0,2.0
2021-01-05 09:50:17.691,0.8888,0.8938,34.0,0.8882,14.0,967.0,2.0
2021-01-05 09:50:19.260,0.8888,0.8938,34.0,0.8882,14.0,967.0,2.0
2021-01-05 09:50:21.681,0.8888,0.8938,20.0,0.8892,14.0,967.0,2.0
2021-01-05 09:50:22.250,0.8888,0.8938,20.0,0.8896,10.0,967.0,2.0
2021-01-05 09:50:22.661,0.8888,0.8949,14.0,0.8896,10.0,967.0,2.0
2021-01-05 09:50:23.220,0.8888,0.8949,14.0,0.8896,10.0,967.0,2.0
2021-01-05 09:50:23.710,0.8888,0.8949,14.0,0.8896,10.0,967.0,2.0
2021-01-05 09:50:25.241,0.8888,0.8949,14.0,0.8892,14.0,967.0,2.0
2021-01-05 09:50:26.741,0.8888,0.8949,14.0,0.8892,14.0,967.0,2.0
2021-01-05 09:50:27.661,0.8888,0.8949,14.0,0.8892,14.0,967.0,2.0
2021-01-05 09:50:28.731,0.8888,0.8949,14.0,0.8905,10.0,967.0,2.0
2021-01-05 09:50:29.730,0.8888,0.8949,14.0,0.8905,10.0,967.0,2.0
2021-01-05 09:50:31.740,0.8888,0.8949,14.0,0.8905,10.0,967.0,2.0
2021-01-05 09:50:34.241,0.8888,0.8949,14.0,0.8892,14.0,967.0,2.0
2021-01-05 09:50:37.221,0.8888,0.8949,14.0,0.8892,14.0,967.0,2.0
2021-01-05 09:50:42.260,0.8888,0.8949,14.0,0.8892,14.0,967.0,2.0
2021-01-05 09:50:42.730,0.8888,0.8949,14.0,0.8892,14.0,967.0,2.0
2021-01-05 09:50:52.730,0.8888,0.8949,14.0,0.8892,14.0,967.0,2.0
2021-01-05 09:50:56.241,0.8888,0.8949,14.0,0.8892,14.0,967.0,2.0
2021-01-05 09:50:57.221,0.8888,0.8949,14.0,0.8892,34.0,967.0,2.0
2021-01-05 09:51:00.710,0.8888,0.8949,14.0,0.8892,34.0,967.0,2.0
2021-01-05 09:51:06.260,0.8888,0.8949,14.0,0.8892,34.0,967.0,2.0
2021-01-05 09:51:11.270,0.8888,0.8949,14.0,0.8892,34.0,967.0,2.0
2021-01-05 09:51:11.781,0.8888,0.8951,20.0,0.8892,20.0,967.0,2.0
2021-01-05 09:51:12.271,0.8888,0.8951,20.0,0.8904,14.0,967.0,2.0
2021-01-05 09:51:13.291,0.8888,0.8951,20.0,0.8904,14.0,967.0,2.0
2021-01-05 09:51:13.291,0.8888,0.896,20.0,0.8904,20.0,967.0,2.0
2021-01-05 09:51:14.280,0.8888,0.8971,14.0,0.8914,14.0,967.0,2.0
2021-01-05 09:51:15.250,0.8888,0.8971,14.0,0.8915,10.0,967.0,2.0
2021-01-05 09:51:15.771,0.8888,0.8971,14.0,0.8915,10.0,967.0,2.0
2021-01-05 09:51:18.311,0.8888,0.8979,20.0,0.8915,10.0,967.0,2.0
2021-01-05 09:51:19.281,0.8888,0.896,34.0,0.8915,10.0,967.0,2.0
2021-01-05 09:51:19.800,0.8888,0.896,34.0,0.8915,10.0,967.0,2.0
2021-01-05 09:51:20.261,0.8888,0.896,34.0,0.8904,34.0,967.0,2.0
2021-01-05 09:51:21.780,0.8888,0.896,34.0,0.8905,2.0,967.0,2.0
2021-01-05 09:51:22.261,0.8888,0.896,20.0,0.8904,20.0,967.0,2.0
2021-01-05 09:51:22.691,0.8888,0.896,20.0,0.8915,14.0,967.0,2.0
2021-01-05 09:51:23.121,0.8888,0.8971,14.0,0.8915,14.0,967.0,2.0
2021-01-05 09:51:24.251,0.8888,0.8971,14.0,0.8915,14.0,967.0,2.0
2021-01-05 09:51:26.771,0.8888,0.8971,14.0,0.8915,14.0,967.0,2.0
2021-01-05 09:51:27.161,0.8888,0.8971,14.0,0.8919,10.0,967.0,2.0
2021-01-05 09:51:27.770,0.8888,0.8971,14.0,0.8919,10.0,967.0,2.0
2021-01-05 09:51:28.001,0.8888,0.8971,14.0,0.8919,10.0,967.0,2.0
2021-01-05 09:51:28.621,0.8888,0.8971,14.0,0.8919,10.0,967.0,2.0
2021-01-05 09:51:32.250,0.8888,0.8971,14.0,0.8919,30.0,967.0,2.0
2021-01-05 09:51:37.791,0.8888,0.8979,20.0,0.8919,30.0,967.0,2.0
2021-01-05 09:51:38.290,0.8888,0.8982,14.0,0.8925,14.0,967.0,2.0
2021-01-05 09:51:39.760,0.8888,0.8982,14.0,0.8925,14.0,967.0,2.0
2021-01-05 09:51:42.261,0.8888,0.8982,14.0,0.8925,14.0,967.0,2.0
2021-01-05 09:51:43.761,0.8888,0.8989,30.0,0.8919,30.0,967.0,2.0
2021-01-05 09:51:44.280,0.8888,0.8989,30.0,0.8936,14.0,967.0,2.0
2021-01-05 09:51:44.781,0.8888,0.8989,30.0,0.8936,14.0,967.0,2.0
2021-01-05 09:51:45.811,0.8888,0.8989,30.0,0.8919,31.0,967.0,2.0
2021-01-05 09:51:46.230,0.8888,0.8979,14.0,0.8922,14.0,967.0,2.0
2021-01-05 09:51:46.800,0.8888,0.8979,34.0,0.8922,14.0,967.0,2.0
2021-01-05 09:51:47.010,0.8888,0.8979,34.0,0.8922,14.0,967.0,2.0
2021-01-05 09:51:49.820,0.8888,0.8979,34.0,0.8922,14.0,967.0,2.0
2021-01-05 09:51:50.331,0.8888,0.8979,34.0,0.8922,14.0,967.0,2.0
2021-01-05 09:51:51.830,0.8888,0.8979,20.0,0.8919,30.0,967.0,2.0
2021-01-05 09:51:51.930,0.8888,0.8965,14.0,0.8919,10.0,967.0,2.0
2021-01-05 09:51:52.731,0.8888,0.8965,14.0,0.895,1.0,967.0,2.0
2021-01-05 09:51:53.161,0.895,0.8965,34.0,0.8909,14.0,968.0,3.0
2021-01-05 09:51:53.730,0.895,0.8965,14.0,0.8909,14.0,968.0,3.0
2021-01-05 09:51:55.620,0.895,0.8965,14.0,0.8909,14.0,968.0,3.0
2021-01-05 09:51:56.250,0.895,0.8965,14.0,0.8909,14.0,968.0,3.0
2021-01-05 09:51:59.750,0.895,0.8965,14.0,0.8909,16.0,968.0,3.0
2021-01-05 09:52:00.250,0.895,0.8965,34.0,0.8909,16.0,968.0,3.0
2021-01-05 09:52:00.250,0.895,0.8965,34.0,0.8909,14.0,968.0,3.0
2021-01-05 09:52:08.180,0.895,0.8965,34.0,0.8909,14.0,968.0,3.0
2021-01-05 09:52:18.750,0.895,0.8965,34.0,0.8909,15.0,968.0,3.0
2021-01-05 09:52:19.230,0.895,0.8965,34.0,0.8909,14.0,968.0,3.0
2021-01-05 09:52:20.750,0.895,0.8965,34.0,0.8909,15.0,968.0,3.0
2021-01-05 09:52:21.130,0.895,0.8965,34.0,0.8909,14.0,968.0,3.0
2021-01-05 09:52:22.271,0.895,0.8965,34.0,0.8909,15.0,968.0,3.0
2021-01-05 09:52:22.740,0.895,0.8965,34.0,0.8909,14.0,968.0,3.0
2021-01-05 09:52:23.751,0.895,0.8965,34.0,0.8909,14.0,968.0,3.0
2021-01-05 09:52:24.181,0.895,0.8965,34.0,0.8909,15.0,968.0,3.0
2021-01-05 09:52:27.251,0.895,0.8965,34.0,0.8909,14.0,968.0,3.0
2021-01-05 09:52:28.761,0.895,0.8965,34.0,0.8909,14.0,968.0,3.0
2021-01-05 09:52:30.271,0.895,0.8965,34.0,0.8909,15.0,968.0,3.0
2021-01-05 09:52:31.270,0.895,0.8965,34.0,0.8909,14.0,968.0,3.0
2021-01-05 09:52:31.740,0.895,0.8965,34.0,0.8909,15.0,968.0,3.0
2021-01-05 09:52:34.801,0.895,0.8965,34.0,0.8909,14.0,968.0,3.0
2021-01-05 09:52:35.200,0.895,0.8965,34.0,0.8909,15.0,968.0,3.0
2021-01-05 09:52:36.301,0.895,0.8965,34.0,0.892,10.0,968.0,3.0
2021-01-05 09:52:36.791,0.895,0.8965,34.0,0.892,30.0,968.0,3.0
2021-01-05 09:52:37.300,0.895,0.8965,34.0,0.892,30.0,968.0,3.0
2021-01-05 09:52:37.761,0.895,0.8965,20.0,0.892,30.0,968.0,3.0
2021-01-05 09:52:38.251,0.895,0.8977,14.0,0.892,30.0,968.0,3.0
2021-01-05 09:52:38.700,0.895,0.8977,14.0,0.892,30.0,968.0,3.0
2021-01-05 09:52:39.300,0.895,0.8977,34.0,0.892,30.0,968.0,3.0
2021-01-05 09:52:39.801,0.895,0.8977,34.0,0.892,30.0,968.0,3.0
2021-01-05 09:52:40.291,0.895,0.8977,34.0,0.892,31.0,968.0,3.0
2021-01-05 09:52:41.780,0.895,0.8977,34.0,0.892,30.0,968.0,3.0
2021-01-05 09:52:42.790,0.895,0.8977,34.0,0.892,30.0,968.0,3.0
2021-01-05 09:52:43.791,0.895,0.8977,14.0,0.892,30.0,968.0,3.0
2021-01-05 09:52:44.020,0.895,0.8989,30.0,0.892,30.0,968.0,3.0
2021-01-05 09:52:44.781,0.895,0.8989,44.0,0.8927,14.0,968.0,3.0
2021-01-05 09:52:44.781,0.895,0.8989,34.0,0.8927,14.0,968.0,3.0
2021-01-05 09:52:46.800,0.895,0.8989,34.0,0.8927,14.0,968.0,3.0
2021-01-05 09:52:47.301,0.895,0.8989,34.0,0.8927,15.0,968.0,3.0
2021-01-05 09:52:47.810,0.895,0.8989,34.0,0.8927,15.0,968.0,3.0
2021-01-05 09:52:48.800,0.895,0.8989,20.0,0.892,20.0,968.0,3.0
2021-01-05 09:52:49.211,0.895,0.8999,20.0,0.8939,14.0,968.0,3.0
2021-01-05 09:52:49.820,0.895,0.8999,20.0,0.8939,34.0,968.0,3.0
2021-01-05 09:52:50.801,0.895,0.8999,20.0,0.8943,10.0,968.0,3.0
2021-01-05 09:52:53.231,0.895,0.898,14.0,0.8919,14.0,968.0,3.0
2021-01-05 09:52:54.250,0.895,0.898,14.0,0.8919,44.0,968.0,3.0
2021-01-05 09:52:54.250,0.895,0.898,14.0,0.8919,34.0,968.0,3.0
2021-01-05 09:52:57.260,0.895,0.898,14.0,0.8919,35.0,968.0,3.0
2021-01-05 09:52:57.761,0.895,0.898,14.0,0.8919,34.0,968.0,3.0
2021-01-05 09:52:58.770,0.895,0.898,14.0,0.8919,14.0,968.0,3.0
2021-01-05 09:53:01.041,0.895,0.898,14.0,0.8919,14.0,968.0,3.0
2021-01-05 09:53:01.761,0.895,0.898,14.0,0.8919,15.0,968.0,3.0
2021-01-05 09:53:02.091,0.895,0.898,14.0,0.8919,14.0,968.0,3.0
2021-01-05 09:53:03.200,0.895,0.898,14.0,0.8919,15.0,968.0,3.0
2021-01-05 09:53:03.200,0.895,0.898,34.0,0.8919,35.0,968.0,3.0
2021-01-05 09:53:03.830,0.895,0.898,14.0,0.8919,15.0,968.0,3.0
2021-01-05 09:53:04.770,0.895,0.898,34.0,0.8919,34.0,968.0,3.0
2021-01-05 09:53:05.281,0.895,0.898,14.0,0.8919,14.0,968.0,3.0
2021-01-05 09:53:05.761,0.895,0.898,34.0,0.8919,35.0,968.0,3.0
2021-01-05 09:53:06.771,0.895,0.898,34.0,0.8919,34.0,968.0,3.0
2021-01-05 09:53:07.000,0.895,0.898,34.0,0.8919,35.0,968.0,3.0
2021-01-05 09:53:07.761,0.895,0.898,34.0,0.892,1.0,968.0,3.0
2021-01-05 09:53:08.020,0.895,0.898,20.0,0.893,14.0,968.0,3.0
2021-01-05 09:53:09.301,0.895,0.8986,14.0,0.8937,10.0,968.0,3.0
2021-01-05 09:53:09.401,0.895,0.8986,14.0,0.8937,10.0,968.0,3.0
2021-01-05 09:53:12.781,0.895,0.8986,14.0,0.8937,10.0,968.0,3.0
2021-01-05 09:53:13.111,0.895,0.8987,20.0,0.892,1.0,968.0,3.0
2021-01-05 09:53:13.801,0.895,0.8971,14.0,0.892,1.0,968.0,3.0
2021-01-05 09:53:14.321,0.895,0.8971,34.0,0.892,1.0,968.0,3.0
2021-01-05 09:53:15.810,0.895,0.8971,34.0,0.892,1.0,968.0,3.0
2021-01-05 09:53:16.321,0.895,0.8971,34.0,0.892,1.0,968.0,3.0
2021-01-05 09:53:18.300,0.895,0.8971,14.0,0.892,1.0,968.0,3.0
2021-01-05 09:53:18.811,0.895,0.8971,14.0,0.892,1.0,968.0,3.0
2021-01-05 09:53:18.811,0.895,0.8971,14.0,0.892,1.0,968.0,3.0
2021-01-05 09:53:19.800,0.895,0.8971,14.0,0.8937,10.0,968.0,3.0
2021-01-05 09:53:20.311,0.895,0.8982,20.0,0.8937,10.0,968.0,3.0
2021-01-05 09:53:20.680,0.895,0.8983,14.0,0.8937,10.0,968.0,3.0
2021-01-05 09:53:20.830,0.895,0.8983,14.0,0.8937,10.0,968.0,3.0
2021-01-05 09:53:23.170,0.895,0.8983,14.0,0.8937,10.0,968.0,3.0
2021-01-05 09:53:23.740,0.895,0.8983,14.0,0.8937,10.0,968.0,3.0
2021-01-05 09:53:25.581,0.895,0.8983,14.0,0.8937,10.0,968.0,3.0
2021-01-05 09:53:27.730,0.895,0.8983,14.0,0.8937,10.0,968.0,3.0
2021-01-05 09:53:28.750,0.895,0.8969,14.0,0.892,1.0,968.0,3.0
2021-01-05 09:53:29.711,0.895,0.8969,34.0,0.892,1.0,968.0,3.0
2021-01-05 09:53:36.761,0.895,0.8969,20.0,0.8924,14.0,968.0,3.0
2021-01-05 09:53:38.100,0.895,0.898,14.0,0.8924,14.0,968.0,3.0
2021-01-05 09:53:39.261,0.895,0.898,14.0,0.8924,14.0,968.0,3.0
2021-01-05 09:53:39.770,0.895,0.898,14.0,0.8924,14.0,968.0,3.0
2021-01-05 09:53:41.850,0.895,0.898,14.0,0.8924,14.0,968.0,3.0
2021-01-05 09:53:47.020,0.895,0.8969,14.0,0.895,1.0,968.0,3.0
2021-01-05 09:53:47.800,0.895,0.8969,14.0,0.892,1.0,969.0,4.0
2021-01-05 09:53:48.050,0.895,0.8969,14.0,0.892,1.0,969.0,4.0
2021-01-05 09:53:49.281,0.895,0.8969,34.0,0.892,1.0,969.0,4.0
2021-01-05 09:53:50.820,0.895,0.8969,34.0,0.8919,20.0,969.0,4.0
2021-01-05 09:53:51.310,0.895,0.8969,34.0,0.8913,14.0,969.0,4.0
2021-01-05 09:53:54.230,0.895,0.8969,34.0,0.8913,14.0,969.0,4.0
2021-01-05 09:54:09.691,0.895,0.8969,20.0,0.8926,14.0,969.0,4.0
2021-01-05 09:54:10.240,0.895,0.8983,34.0,0.8926,34.0,969.0,4.0
2021-01-05 09:54:12.751,0.895,0.8971,14.0,0.8926,20.0,969.0,4.0
2021-01-05 09:54:13.761,0.895,0.8971,34.0,0.8915,14.0,969.0,4.0
2021-01-05 09:54:14.701,0.895,0.8971,34.0,0.8915,14.0,969.0,4.0
2021-01-05 09:54:16.760,0.895,0.8971,34.0,0.8915,14.0,969.0,4.0
2021-01-05 09:54:18.241,0.895,0.8971,34.0,0.8915,14.0,969.0,4.0
2021-01-05 09:54:23.701,0.895,0.8971,34.0,0.893,1.0,969.0,4.0
2021-01-05 09:54:24.631,0.895,0.8971,34.0,0.893,1.0,969.0,4.0
2021-01-05 09:54:27.251,0.895,0.8971,34.0,0.893,1.0,969.0,4.0
2021-01-05 09:54:31.170,0.895,0.8971,34.0,0.893,1.0,969.0,4.0
2021-01-05 09:54:37.251,0.8971,0.8971,33.0,0.893,1.0,970.0,5.0
2021-01-05 09:54:41.771,0.8971,0.8971,33.0,0.8923,20.0,970.0,5.0
2021-01-05 09:54:42.240,0.8971,0.8971,33.0,0.8915,14.0,970.0,5.0
2021-01-05 09:54:44.701,0.8971,0.8971,33.0,0.8915,14.0,970.0,5.0
2021-01-05 09:54:58.261,0.8971,0.8959,14.0,0.8909,20.0,970.0,5.0
2021-01-05 09:54:59.041,0.8971,0.8959,34.0,0.8909,20.0,970.0,5.0
2021-01-05 09:55:00.121,0.8971,0.8959,34.0,0.8909,20.0,970.0,5.0
2021-01-05 09:55:00.780,0.8971,0.8959,34.0,0.8909,20.0,970.0,5.0
2021-01-05 09:55:01.191,0.8971,0.8959,34.0,0.8903,14.0,970.0,5.0
2021-01-05 09:55:02.761,0.8971,0.8947,14.0,0.8899,20.0,970.0,5.0
2021-01-05 09:55:03.281,0.8971,0.8947,14.0,0.8891,14.0,970.0,5.0
2021-01-05 09:55:03.721,0.8971,0.8947,14.0,0.8891,14.0,970.0,5.0
2021-01-05 09:55:04.720,0.8971,0.8947,34.0,0.8891,14.0,970.0,5.0
2021-01-05 09:55:12.061,0.8971,0.8947,34.0,0.8891,14.0,970.0,5.0
2021-01-05 09:55:13.221,0.8971,0.8946,1.0,0.8891,14.0,970.0,5.0
2021-01-05 09:55:13.561,0.8971,0.8946,1.0,0.8891,14.0,970.0,5.0
2021-01-05 09:55:14.260,0.8971,0.8946,1.0,0.8891,14.0,970.0,5.0
2021-01-05 09:55:14.710,0.8971,0.8936,14.0,0.8889,20.0,970.0,5.0
2021-01-05 09:55:15.161,0.8971,0.8936,14.0,0.8889,20.0,970.0,5.0
2021-01-05 09:55:15.751,0.8971,0.8936,34.0,0.888,14.0,970.0,5.0
2021-01-05 09:55:16.281,0.8971,0.8936,14.0,0.888,14.0,970.0,5.0
2021-01-05 09:55:16.750,0.8971,0.8936,14.0,0.888,14.0,970.0,5.0
2021-01-05 09:55:17.271,0.8971,0.8936,14.0,0.888,14.0,970.0,5.0
2021-01-05 09:55:17.761,0.8971,0.8936,34.0,0.888,14.0,970.0,5.0
2021-01-05 09:55:19.791,0.8971,0.8936,34.0,0.89,1.0,970.0,5.0
2021-01-05 09:55:21.770,0.8971,0.8936,34.0,0.89,1.0,970.0,5.0
2021-01-05 09:55:22.281,0.8971,0.8936,34.0,0.89,1.0,970.0,5.0
2021-01-05 09:55:22.750,0.8971,0.8936,34.0,0.89,1.0,970.0,5.0
2021-01-05 09:55:23.261,0.8971,0.895,14.0,0.89,1.0,970.0,5.0
2021-01-05 09:55:23.701,0.8971,0.895,14.0,0.89,21.0,970.0,5.0
2021-01-05 09:55:26.751,0.8971,0.895,14.0,0.89,21.0,970.0,5.0
2021-01-05 09:55:27.151,0.8971,0.895,14.0,0.89,21.0,970.0,5.0
2021-01-05 09:55:32.791,0.8971,0.895,14.0,0.89,21.0,970.0,5.0
2021-01-05 09:55:34.251,0.8971,0.895,14.0,0.89,1.0,970.0,5.0
2021-01-05 09:55:34.781,0.8971,0.895,34.0,0.89,1.0,970.0,5.0
2021-01-05 09:55:37.761,0.8971,0.895,34.0,0.8901,1.0,970.0,5.0
2021-01-05 09:55:40.231,0.8971,0.895,34.0,0.8901,1.0,970.0,5.0
2021-01-05 09:55:40.790,0.8971,0.895,34.0,0.8901,1.0,970.0,5.0
2021-01-05 09:55:48.811,0.8971,0.895,34.0,0.8913,10.0,970.0,5.0
2021-01-05 09:55:50.321,0.8971,0.895,20.0,0.8913,30.0,970.0,5.0
2021-01-05 09:55:50.711,0.8971,0.8961,14.0,0.8913,30.0,970.0,5.0
2021-01-05 09:55:51.320,0.8971,0.8961,34.0,0.8913,30.0,970.0,5.0
2021-01-05 09:55:51.800,0.8971,0.8961,34.0,0.8913,30.0,970.0,5.0
2021-01-05 09:56:02.770,0.8971,0.8961,34.0,0.8913,10.0,970.0,5.0
2021-01-05 09:56:03.271,0.8971,0.8961,34.0,0.8913,10.0,970.0,5.0
2021-01-05 09:56:03.811,0.8971,0.8961,20.0,0.8913,10.0,970.0,5.0
2021-01-05 09:56:04.310,0.8971,0.8948,14.0,0.8913,10.0,970.0,5.0
2021-01-05 09:56:04.741,0.8971,0.8948,34.0,0.8901,1.0,970.0,5.0
2021-01-05 09:56:06.310,0.8971,0.8948,34.0,0.8901,1.0,970.0,5.0
2021-01-05 09:56:09.240,0.8971,0.8948,34.0,0.8901,1.0,970.0,5.0
2021-01-05 09:56:09.810,0.8971,0.8948,34.0,0.8901,1.0,970.0,5.0
2021-01-05 09:56:10.321,0.8971,0.8948,14.0,0.8901,1.0,970.0,5.0
2021-01-05 09:56:10.800,0.8971,0.8948,34.0,0.8901,1.0,970.0,5.0
2021-01-05 09:56:11.320,0.8971,0.8948,34.0,0.8901,1.0,970.0,5.0
2021-01-05 09:56:12.321,0.8971,0.8948,20.0,0.8901,1.0,970.0,5.0
2021-01-05 09:56:12.800,0.8971,0.8961,14.0,0.8904,14.0,970.0,5.0
2021-01-05 09:56:13.351,0.8971,0.8961,14.0,0.8904,14.0,970.0,5.0
2021-01-05 09:56:13.791,0.8971,0.8967,20.0,0.8901,1.0,970.0,5.0
2021-01-05 09:56:14.350,0.8971,0.8948,14.0,0.8901,1.0,970.0,5.0
2021-01-05 09:56:15.251,0.8971,0.8948,34.0,0.8901,1.0,970.0,5.0
2021-01-05 09:56:16.290,0.8971,0.8948,34.0,0.8901,1.0,970.0,5.0
2021-01-05 09:56:16.780,0.8971,0.8948,34.0,0.8901,1.0,970.0,5.0
2021-01-05 09:56:20.860,0.8971,0.8948,34.0,0.8901,1.0,970.0,5.0
2021-01-05 09:56:25.271,0.8971,0.8948,34.0,0.891,1.0,970.0,5.0
2021-01-05 09:56:27.091,0.8971,0.8948,34.0,0.891,1.0,970.0,5.0
2021-01-05 09:56:31.280,0.8971,0.8948,34.0,0.891,1.0,970.0,5.0
2021-01-05 09:56:31.751,0.8971,0.8948,34.0,0.891,1.0,970.0,5.0
2021-01-05 09:56:36.800,0.8971,0.8948,34.0,0.891,1.0,970.0,5.0
2021-01-05 09:56:38.690,0.8971,0.8948,34.0,0.891,1.0,970.0,5.0
2021-01-05 09:56:39.291,0.8971,0.8948,20.0,0.891,1.0,970.0,5.0
2021-01-05 09:56:39.291,0.8971,0.8948,20.0,0.891,11.0,970.0,5.0
2021-01-05 09:56:40.321,0.8971,0.8959,14.0,0.891,11.0,970.0,5.0
2021-01-05 09:56:41.270,0.8971,0.8959,14.0,0.891,11.0,970.0,5.0
2021-01-05 09:56:43.291,0.8971,0.8959,14.0,0.891,1.0,970.0,5.0
2021-01-05 09:56:47.310,0.8971,0.8959,14.0,0.891,1.0,970.0,5.0
2021-01-05 09:56:48.351,0.8971,0.8959,14.0,0.891,1.0,970.0,5.0
2021-01-05 09:56:57.780,0.8971,0.8968,20.0,0.891,1.0,970.0,5.0
2021-01-05 09:56:58.291,0.8971,0.8968,20.0,0.8915,14.0,970.0,5.0
2021-01-05 09:56:58.790,0.8971,0.8971,14.0,0.8915,14.0,970.0,5.0
2021-01-05 09:56:59.761,0.8971,0.8971,14.0,0.8915,14.0,970.0,5.0
2021-01-05 09:57:02.711,0.8971,0.8971,14.0,0.8915,14.0,970.0,5.0
2021-01-05 09:57:03.301,0.8971,0.8971,14.0,0.8915,14.0,970.0,5.0
2021-01-05 09:57:04.821,0.8971,0.8971,14.0,0.8915,14.0,970.0,5.0
2021-01-05 09:57:16.301,0.8971,0.8978,20.0,0.8913,20.0,970.0,5.0
2021-01-05 09:57:16.820,0.8971,0.896,14.0,0.8913,20.0,970.0,5.0
2021-01-05 09:57:17.311,0.8971,0.896,34.0,0.8913,20.0,970.0,5.0
2021-01-05 09:57:17.840,0.8971,0.896,34.0,0.8913,20.0,970.0,5.0
2021-01-05 09:57:18.310,0.8971,0.896,34.0,0.8913,20.0,970.0,5.0
2021-01-05 09:57:19.321,0.8971,0.896,34.0,0.8913,20.0,970.0,5.0
2021-01-05 09:57:19.861,0.8971,0.896,34.0,0.8913,20.0,970.0,5.0
2021-01-05 09:57:24.760,0.8971,0.896,20.0,0.8915,14.0,970.0,5.0
2021-01-05 09:57:25.221,0.8971,0.8971,34.0,0.8915,14.0,970.0,5.0
2021-01-05 09:57:28.750,0.8971,0.8971,34.0,0.8915,14.0,970.0,5.0
2021-01-05 09:57:32.290,0.8971,0.8971,34.0,0.8915,14.0,970.0,5.0
2021-01-05 09:57:42.991,0.8971,0.8971,34.0,0.8915,14.0,970.0,5.0
2021-01-05 09:57:48.341,0.8971,0.8971,20.0,0.8913,20.0,970.0,5.0
2021-01-05 09:57:48.760,0.8971,0.8982,14.0,0.8926,14.0,970.0,5.0
2021-01-05 09:57:49.351,0.8971,0.8982,14.0,0.8926,14.0,970.0,5.0
2021-01-05 09:57:49.361,0.8971,0.8982,34.0,0.8926,34.0,970.0,5.0
2021-01-05 09:57:50.350,0.8971,0.8982,34.0,0.8936,10.0,970.0,5.0
2021-01-05 09:57:50.821,0.8971,0.8982,34.0,0.8936,10.0,970.0,5.0
2021-01-05 09:57:51.280,0.8971,0.8982,34.0,0.8936,30.0,970.0,5.0
2021-01-05 09:57:51.830,0.8971,0.8982,34.0,0.8936,30.0,970.0,5.0
2021-01-05 09:57:53.710,0.8971,0.8982,20.0,0.8937,14.0,970.0,5.0
2021-01-05 09:57:54.200,0.8971,0.8993,14.0,0.8937,14.0,970.0,5.0
2021-01-05 09:57:55.270,0.8971,0.8993,14.0,0.8937,14.0,970.0,5.0
2021-01-05 09:57:56.260,0.8971,0.8993,14.0,0.8937,14.0,970.0,5.0
2021-01-05 09:58:03.710,0.8971,0.8993,14.0,0.8937,14.0,970.0,5.0
2021-01-05 09:58:07.300,0.8971,0.8993,14.0,0.8937,34.0,970.0,5.0
2021-01-05 09:58:07.800,0.8971,0.8993,14.0,0.8937,14.0,970.0,5.0
2021-01-05 09:58:09.771,0.8971,0.8993,14.0,0.8937,14.0,970.0,5.0
2021-01-05 09:58:15.810,0.8971,0.8981,14.0,0.8926,20.0,970.0,5.0
2021-01-05 09:58:16.840,0.8971,0.8981,34.0,0.8926,20.0,970.0,5.0
2021-01-05 09:58:18.350,0.8971,0.8981,34.0,0.8926,20.0,970.0,5.0
2021-01-05 09:58:26.780,0.8971,0.8981,34.0,0.8926,21.0,970.0,5.0
2021-01-05 09:58:27.281,0.8971,0.8981,34.0,0.8926,20.0,970.0,5.0
2021-01-05 09:58:28.190,0.8971,0.8981,34.0,0.8926,21.0,970.0,5.0
2021-01-05 09:58:28.791,0.8971,0.8981,34.0,0.8926,20.0,970.0,5.0
2021-01-05 09:58:30.230,0.8971,0.8981,34.0,0.8926,21.0,970.0,5.0
2021-01-05 09:58:31.250,0.8971,0.8981,34.0,0.8926,20.0,970.0,5.0
2021-01-05 09:58:46.701,0.8971,0.8981,34.0,0.893,1.0,970.0,5.0
2021-01-05 09:58:51.800,0.8971,0.8981,34.0,0.893,1.0,970.0,5.0
2021-01-05 09:58:52.340,0.8971,0.8981,34.0,0.893,1.0,970.0,5.0
2021-01-05 09:58:54.691,0.8971,0.8981,20.0,0.893,1.0,970.0,5.0
2021-01-05 09:58:55.260,0.8971,0.8994,14.0,0.8938,14.0,970.0,5.0
2021-01-05 09:58:55.740,0.8971,0.8994,14.0,0.8938,14.0,970.0,5.0
2021-01-05 09:58:56.240,0.8971,0.8994,34.0,0.8957,10.0,970.0,5.0
2021-01-05 09:58:56.770,0.8971,0.8994,14.0,0.8957,10.0,970.0,5.0
2021-01-05 09:58:57.260,0.8971,0.8994,34.0,0.8957,10.0,970.0,5.0
2021-01-05 09:58:59.190,0.8971,0.8994,20.0,0.8957,10.0,970.0,5.0
2021-01-05 09:58:59.730,0.8971,0.9008,34.0,0.8957,10.0,970.0,5.0
2021-01-05 09:59:01.751,0.8971,0.9008,34.0,0.8957,10.0,970.0,5.0
2021-01-05 09:59:04.450,0.8971,0.9008,34.0,0.8957,10.0,970.0,5.0
2021-01-05 09:59:09.251,0.8971,0.9008,20.0,0.8964,14.0,970.0,5.0
2021-01-05 09:59:10.271,0.8971,0.902,14.0,0.898,10.0,970.0,5.0
2021-01-05 09:59:10.750,0.8971,0.902,14.0,0.898,10.0,970.0,5.0
2021-01-05 09:59:11.180,0.8971,0.9031,14.0,0.898,12.0,970.0,5.0
2021-01-05 09:59:11.720,0.8971,0.902,20.0,0.898,12.0,970.0,5.0
2021-01-05 09:59:12.250,0.8971,0.9031,14.0,0.898,12.0,970.0,5.0
2021-01-05 09:59:12.750,0.8971,0.9031,14.0,0.898,12.0,970.0,5.0
2021-01-05 09:59:13.750,0.8971,0.9031,14.0,0.898,12.0,970.0,5.0
2021-01-05 09:59:14.281,0.8971,0.9019,14.0,0.898,2.0,970.0,5.0
2021-01-05 09:59:15.210,0.8971,0.9019,34.0,0.898,2.0,970.0,5.0
2021-01-05 09:59:16.221,0.8971,0.9019,34.0,0.898,2.0,970.0,5.0
2021-01-05 09:59:18.100,0.8971,0.9019,34.0,0.898,2.0,970.0,5.0
2021-01-05 09:59:20.741,0.898,0.9019,34.0,0.8962,14.0,972.0,7.0
2021-01-05 09:59:21.041,0.898,0.9008,14.0,0.8952,34.0,972.0,7.0
2021-01-05 09:59:22.240,0.898,0.9008,34.0,0.8952,34.0,972.0,7.0
2021-01-05 09:59:23.250,0.898,0.9008,34.0,0.8952,34.0,972.0,7.0
2021-01-05 09:59:33.171,0.898,0.9008,34.0,0.8952,34.0,972.0,7.0
2021-01-05 09:59:35.751,0.898,0.9008,34.0,0.8952,34.0,972.0,7.0
2021-01-05 09:59:36.141,0.898,0.9008,34.0,0.8952,34.0,972.0,7.0
2021-01-05 09:59:51.801,0.898,0.9008,34.0,0.8952,34.0,972.0,7.0
2021-01-05 09:59:52.260,0.898,0.9008,34.0,0.8952,34.0,972.0,7.0
2021-01-05 09:59:56.771,0.898,0.9008,34.0,0.8952,34.0,972.0,7.0
2021-01-05 09:59:57.280,0.898,0.9008,20.0,0.8952,20.0,972.0,7.0
2021-01-05 09:59:57.791,0.898,0.9008,20.0,0.897,10.0,972.0,7.0
2021-01-05 09:59:58.281,0.898,0.9019,34.0,0.897,30.0,972.0,7.0
2021-01-05 10:00:00.271,0.898,0.9019,34.0,0.897,30.0,972.0,7.0
2021-01-05 10:00:00.790,0.898,0.9019,20.0,0.897,30.0,972.0,7.0
2021-01-05 10:00:01.320,0.898,0.9032,34.0,0.8976,14.0,972.0,7.0
2021-01-05 10:00:02.091,0.898,0.9032,34.0,0.8976,14.0,972.0,7.0
2021-01-05 10:00:02.790,0.898,0.9032,34.0,0.8976,14.0,972.0,7.0
2021-01-05 10:00:03.330,0.898,0.9032,34.0,0.8976,14.0,972.0,7.0
2021-01-05 10:00:03.850,0.898,0.9032,20.0,0.897,20.0,972.0,7.0
2021-01-05 10:00:04.290,0.898,0.9017,14.0,0.8961,14.0,972.0,7.0
2021-01-05 10:00:04.861,0.898,0.9017,34.0,0.8961,14.0,972.0,7.0
2021-01-05 10:00:05.341,0.898,0.9017,34.0,0.8961,14.0,972.0,7.0
2021-01-05 10:00:05.850,0.898,0.9017,34.0,0.8961,14.0,972.0,7.0
2021-01-05 10:00:07.860,0.898,0.9017,34.0,0.8961,24.0,972.0,7.0
2021-01-05 10:00:10.851,0.898,0.9017,34.0,0.8961,24.0,972.0,7.0
2021-01-05 10:00:11.231,0.898,0.9017,34.0,0.8961,24.0,972.0,7.0
2021-01-05 10:00:11.861,0.898,0.9017,34.0,0.8961,14.0,972.0,7.0
2021-01-05 10:00:12.351,0.898,0.9017,14.0,0.8961,14.0,972.0,7.0
2021-01-05 10:00:12.860,0.898,0.9017,20.0,0.8954,20.0,972.0,7.0
2021-01-05 10:00:13.321,0.898,0.9004,14.0,0.8947,14.0,972.0,7.0
2021-01-05 10:00:13.861,0.898,0.9004,34.0,0.8947,14.0,972.0,7.0
2021-01-05 10:00:14.320,0.898,0.9004,34.0,0.8947,14.0,972.0,7.0
2021-01-05 10:00:14.810,0.898,0.9004,34.0,0.8947,14.0,972.0,7.0
2021-01-05 10:00:16.341,0.898,0.8992,14.0,0.8941,30.0,972.0,7.0
2021-01-05 10:00:16.850,0.898,0.8992,34.0,0.8941,20.0,972.0,7.0
2021-01-05 10:00:17.381,0.898,0.8992,34.0,0.8941,20.0,972.0,7.0
2021-01-05 10:00:17.861,0.898,0.8992,34.0,0.8941,20.0,972.0,7.0
2021-01-05 10:00:18.360,0.898,0.8992,34.0,0.8941,20.0,972.0,7.0
2021-01-05 10:00:18.850,0.898,0.898,14.0,0.893,20.0,972.0,7.0
2021-01-05 10:00:19.350,0.898,0.898,34.0,0.893,20.0,972.0,7.0
2021-01-05 10:00:20.850,0.898,0.898,34.0,0.893,20.0,972.0,7.0
2021-01-05 10:00:21.830,0.898,0.898,20.0,0.8934,14.0,972.0,7.0
2021-01-05 10:00:22.360,0.898,0.8991,14.0,0.8934,14.0,972.0,7.0
2021-01-05 10:00:23.240,0.898,0.8991,14.0,0.8934,14.0,972.0,7.0
2021-01-05 10:00:24.241,0.898,0.8991,14.0,0.8934,14.0,972.0,7.0
2021-01-05 10:00:25.780,0.898,0.8991,14.0,0.8941,10.0,972.0,7.0
2021-01-05 10:00:26.271,0.898,0.8991,14.0,0.8941,30.0,972.0,7.0
2021-01-05 10:00:26.780,0.898,0.8991,14.0,0.8941,30.0,972.0,7.0
2021-01-05 10:00:31.800,0.898,0.8992,20.0,0.8941,30.0,972.0,7.0
2021-01-05 10:00:32.071,0.898,0.8978,14.0,0.8922,14.0,972.0,7.0
2021-01-05 10:00:32.761,0.898,0.8978,14.0,0.8929,20.0,972.0,7.0
2021-01-05 10:00:33.291,0.898,0.8978,14.0,0.8928,20.0,972.0,7.0
2021-01-05 10:00:33.800,0.898,0.8992,20.0,0.8941,10.0,972.0,7.0
2021-01-05 10:00:33.800,0.898,0.8989,14.0,0.8941,10.0,972.0,7.0
2021-01-05 10:00:34.820,0.898,0.8989,14.0,0.8941,10.0,972.0,7.0
2021-01-05 10:00:35.281,0.898,0.8989,14.0,0.8941,10.0,972.0,7.0
2021-01-05 10:00:35.800,0.898,0.8989,14.0,0.8941,10.0,972.0,7.0
2021-01-05 10:00:39.331,0.898,0.8991,20.0,0.8941,10.0,972.0,7.0
2021-01-05 10:00:39.740,0.898,0.8978,14.0,0.8928,20.0,972.0,7.0
2021-01-05 10:00:40.301,0.898,0.8978,14.0,0.8928,20.0,972.0,7.0
2021-01-05 10:00:41.331,0.898,0.8978,14.0,0.8928,20.0,972.0,7.0
2021-01-05 10:00:41.840,0.898,0.8978,14.0,0.8928,20.0,972.0,7.0
2021-01-05 10:00:46.341,0.898,0.8978,14.0,0.8922,14.0,972.0,7.0
2021-01-05 10:00:47.271,0.898,0.8978,14.0,0.8922,14.0,972.0,7.0
2021-01-05 10:00:47.841,0.898,0.8978,14.0,0.8938,10.0,972.0,7.0
2021-01-05 10:00:48.831,0.898,0.8978,14.0,0.8938,10.0,972.0,7.0
2021-01-05 10:00:49.330,0.898,0.8978,14.0,0.8938,10.0,972.0,7.0
2021-01-05 10:00:49.801,0.898,0.8978,14.0,0.8938,10.0,972.0,7.0
2021-01-05 10:00:50.331,0.898,0.898,20.0,0.8938,10.0,972.0,7.0
2021-01-05 10:00:50.800,0.898,0.8992,14.0,0.8938,10.0,972.0,7.0
2021-01-05 10:00:51.301,0.898,0.8992,34.0,0.8938,10.0,972.0,7.0
2021-01-05 10:00:51.791,0.898,0.8992,34.0,0.8938,10.0,972.0,7.0
2021-01-05 10:00:52.250,0.898,0.8992,34.0,0.8938,10.0,972.0,7.0
2021-01-05 10:00:52.780,0.898,0.8992,34.0,0.8938,10.0,972.0,7.0
2021-01-05 10:00:56.261,0.898,0.8992,34.0,0.8958,10.0,972.0,7.0
2021-01-05 10:00:56.711,0.898,0.8992,34.0,0.8958,10.0,972.0,7.0
2021-01-05 10:00:56.780,0.898,0.9003,14.0,0.8958,10.0,972.0,7.0
2021-01-05 10:00:57.810,0.898,0.9003,14.0,0.8958,10.0,972.0,7.0
2021-01-05 10:00:58.820,0.898,0.9012,20.0,0.8958,30.0,972.0,7.0
2021-01-05 10:00:59.260,0.898,0.9012,20.0,0.896,14.0,972.0,7.0
2021-01-05 10:00:59.810,0.898,0.9012,20.0,0.896,14.0,972.0,7.0
2021-01-05 10:01:00.330,0.898,0.9012,20.0,0.896,14.0,972.0,7.0
2021-01-05 10:01:01.320,0.898,0.9012,20.0,0.8958,20.0,972.0,7.0
2021-01-05 10:01:01.831,0.898,0.9003,14.0,0.8958,20.0,972.0,7.0
2021-01-05 10:01:02.320,0.898,0.9003,34.0,0.8953,10.0,972.0,7.0
2021-01-05 10:01:04.781,0.898,0.9003,34.0,0.8951,20.0,972.0,7.0
2021-01-05 10:01:05.300,0.898,0.9003,34.0,0.8951,20.0,972.0,7.0
2021-01-05 10:01:06.341,0.898,0.9003,34.0,0.8951,20.0,972.0,7.0
2021-01-05 10:01:06.850,0.898,0.9003,34.0,0.8951,20.0,972.0,7.0
2021-01-05 10:01:12.840,0.898,0.9003,34.0,0.8967,10.0,972.0,7.0
2021-01-05 10:01:12.840,0.898,0.9003,34.0,0.8967,10.0,972.0,7.0
2021-01-05 10:01:13.830,0.898,0.9003,34.0,0.8967,10.0,972.0,7.0
2021-01-05 10:01:14.250,0.898,0.9003,34.0,0.8967,10.0,972.0,7.0
2021-01-05 10:01:19.311,0.898,0.9003,20.0,0.8963,20.0,972.0,7.0
2021-01-05 10:01:19.871,0.898,0.9003,20.0,0.8963,20.0,972.0,7.0
2021-01-05 10:01:20.350,0.898,0.9007,20.0,0.8963,20.0,972.0,7.0
2021-01-05 10:01:20.821,0.898,0.9007,20.0,0.8963,20.0,972.0,7.0
2021-01-05 10:01:22.371,0.898,0.9007,20.0,0.8963,20.0,972.0,7.0
2021-01-05 10:01:22.780,0.898,0.9007,20.0,0.8963,20.0,972.0,7.0
2021-01-05 10:01:37.311,0.898,0.9007,20.0,0.8963,20.0,972.0,7.0
2021-01-05 10:01:37.811,0.898,0.9007,20.0,0.8963,20.0,972.0,7.0
2021-01-05 10:01:47.301,0.898,0.9007,20.0,0.8963,20.0,972.0,7.0
2021-01-05 10:01:47.760,0.898,0.9007,20.0,0.8963,20.0,972.0,7.0
2021-01-05 10:01:48.311,0.898,0.9025,14.0,0.8969,14.0,972.0,7.0
2021-01-05 10:01:48.811,0.898,0.9025,34.0,0.8969,34.0,972.0,7.0
2021-01-05 10:01:48.811,0.898,0.9025,34.0,0.8969,34.0,972.0,7.0
2021-01-05 10:01:53.721,0.898,0.9025,34.0,0.8969,34.0,972.0,7.0
2021-01-05 10:01:57.771,0.898,0.9025,34.0,0.8969,34.0,972.0,7.0
2021-01-05 10:01:59.300,0.898,0.9025,34.0,0.8985,10.0,972.0,7.0
2021-01-05 10:02:00.310,0.898,0.9025,34.0,0.8985,10.0,972.0,7.0
2021-01-05 10:02:01.281,0.898,0.9025,34.0,0.8985,10.0,972.0,7.0
2021-01-05 10:02:04.531,0.898,0.9025,34.0,0.8985,10.0,972.0,7.0
2021-01-05 10:02:07.311,0.898,0.9025,34.0,0.8985,10.0,972.0,7.0
2021-01-05 10:02:07.810,0.898,0.9025,34.0,0.8985,10.0,972.0,7.0
2021-01-05 10:02:10.350,0.898,0.9025,34.0,0.8985,10.0,972.0,7.0
2021-01-05 10:02:11.351,0.898,0.9025,34.0,0.8979,20.0,972.0,7.0
2021-01-05 10:02:11.820,0.898,0.9025,34.0,0.8969,34.0,972.0,7.0
2021-01-05 10:02:12.300,0.898,0.9025,34.0,0.8969,34.0,972.0,7.0
2021-01-05 10:02:12.870,0.898,0.9025,34.0,0.8969,34.0,972.0,7.0
2021-01-05 10:02:14.350,0.898,0.9025,34.0,0.8969,34.0,972.0,7.0
2021-01-05 10:02:14.780,0.898,0.9025,34.0,0.8969,34.0,972.0,7.0
2021-01-05 10:02:29.301,0.898,0.9025,34.0,0.8969,35.0,972.0,7.0
2021-01-05 10:02:30.291,0.898,0.9025,34.0,0.8969,34.0,972.0,7.0
2021-01-05 10:02:30.291,0.898,0.9025,20.0,0.8993,10.0,972.0,7.0
2021-01-05 10:02:31.301,0.898,0.9025,20.0,0.8993,10.0,972.0,7.0
2021-01-05 10:02:31.801,0.898,0.9036,20.0,0.8992,20.0,972.0,7.0
2021-01-05 10:02:32.070,0.898,0.9036,20.0,0.8992,20.0,972.0,7.0
2021-01-05 10:02:32.731,0.898,0.9036,20.0,0.8984,10.0,972.0,7.0
2021-01-05 10:02:33.781,0.898,0.9036,20.0,0.8984,10.0,972.0,7.0
2021-01-05 10:02:34.310,0.898,0.9036,20.0,0.8984,10.0,972.0,7.0
2021-01-05 10:02:46.311,0.898,0.9036,20.0,0.8985,10.0,972.0,7.0
2021-01-05 10:02:48.810,0.898,0.9036,20.0,0.8982,34.0,972.0,7.0
2021-01-05 10:02:49.321,0.898,0.9036,20.0,0.8982,34.0,972.0,7.0
2021-01-05 10:02:49.811,0.898,0.9036,20.0,0.8982,34.0,972.0,7.0
2021-01-05 10:02:50.310,0.898,0.9036,20.0,0.8982,34.0,972.0,7.0
2021-01-05 10:02:52.760,0.898,0.9038,34.0,0.8982,14.0,972.0,7.0
2021-01-05 10:02:54.291,0.898,0.9038,34.0,0.8982,14.0,972.0,7.0
2021-01-05 10:02:58.650,0.898,0.9038,34.0,0.8982,14.0,972.0,7.0
2021-01-05 10:03:01.301,0.898,0.9038,34.0,0.8993,10.0,972.0,7.0
2021-01-05 10:03:01.800,0.898,0.9038,34.0,0.8993,10.0,972.0,7.0
2021-01-05 10:03:02.290,0.898,0.9038,34.0,0.8993,10.0,972.0,7.0
2021-01-05 10:03:02.801,0.898,0.9038,34.0,0.8993,30.0,972.0,7.0
2021-01-05 10:03:05.320,0.898,0.9038,14.0,0.8993,10.0,972.0,7.0
2021-01-05 10:03:05.800,0.898,0.905,20.0,0.8995,14.0,972.0,7.0
2021-01-05 10:03:06.321,0.898,0.905,20.0,0.8995,34.0,972.0,7.0
2021-01-05 10:03:07.831,0.898,0.905,20.0,0.8995,34.0,972.0,7.0
2021-01-05 10:03:08.321,0.898,0.905,20.0,0.8995,34.0,972.0,7.0
2021-01-05 10:03:09.341,0.898,0.905,20.0,0.8995,34.0,972.0,7.0
2021-01-05 10:03:19.851,0.898,0.905,20.0,0.9,1.0,972.0,7.0
2021-01-05 10:03:20.370,0.898,0.905,20.0,0.9,1.0,972.0,7.0
2021-01-05 10:03:20.710,0.898,0.905,20.0,0.9,1.0,972.0,7.0
2021-01-05 10:03:27.301,0.898,0.905,20.0,0.9006,14.0,972.0,7.0
2021-01-05 10:03:27.800,0.898,0.9062,34.0,0.902,10.0,972.0,7.0
2021-01-05 10:03:28.281,0.898,0.9062,34.0,0.902,10.0,972.0,7.0
2021-01-05 10:03:28.790,0.898,0.9062,34.0,0.902,10.0,972.0,7.0
2021-01-05 10:03:29.291,0.898,0.9062,34.0,0.902,10.0,972.0,7.0
2021-01-05 10:03:31.771,0.898,0.9062,34.0,0.9016,20.0,972.0,7.0
2021-01-05 10:03:32.301,0.898,0.9062,20.0,0.901,10.0,972.0,7.0
2021-01-05 10:03:32.770,0.898,0.9073,14.0,0.9017,14.0,972.0,7.0
2021-01-05 10:03:33.220,0.898,0.9073,14.0,0.9017,34.0,972.0,7.0
2021-01-05 10:03:37.821,0.898,0.9073,14.0,0.9017,34.0,972.0,7.0
2021-01-05 10:03:39.311,0.898,0.9073,14.0,0.9017,34.0,972.0,7.0
2021-01-05 10:03:39.811,0.898,0.9073,14.0,0.9017,34.0,972.0,7.0
2021-01-05 10:03:41.300,0.898,0.9081,20.0,0.9017,20.0,972.0,7.0
2021-01-05 10:03:41.771,0.898,0.9086,14.0,0.903,14.0,972.0,7.0
2021-01-05 10:03:42.291,0.898,0.9086,34.0,0.903,34.0,972.0,7.0
2021-01-05 10:03:43.321,0.898,0.9086,34.0,0.903,34.0,972.0,7.0
2021-01-05 10:03:43.801,0.898,0.9086,34.0,0.903,34.0,972.0,7.0
2021-01-05 10:03:44.771,0.898,0.9086,34.0,0.9047,10.0,972.0,7.0
2021-01-05 10:03:45.261,0.898,0.9086,34.0,0.9047,10.0,972.0,7.0
2021-01-05 10:03:45.801,0.898,0.9086,34.0,0.9047,10.0,972.0,7.0
2021-01-05 10:03:46.300,0.898,0.9086,34.0,0.9047,10.0,972.0,7.0
2021-01-05 10:03:49.820,0.898,0.9086,20.0,0.9047,10.0,972.0,7.0
2021-01-05 10:03:50.331,0.898,0.9086,20.0,0.9047,10.0,972.0,7.0
2021-01-05 10:03:50.861,0.898,0.9098,34.0,0.9047,10.0,972.0,7.0
2021-01-05 10:03:51.361,0.898,0.9098,34.0,0.9047,10.0,972.0,7.0
2021-01-05 10:03:51.760,0.898,0.9098,34.0,0.9047,10.0,972.0,7.0
2021-01-05 10:03:53.280,0.898,0.9098,34.0,0.9047,10.0,972.0,7.0
2021-01-05 10:04:00.791,0.898,0.9098,34.0,0.9042,44.0,972.0,7.0
2021-01-05 10:04:01.291,0.898,0.9098,20.0,0.9042,30.0,972.0,7.0
2021-01-05 10:04:01.761,0.898,0.9098,20.0,0.9053,14.0,972.0,7.0
2021-01-05 10:04:02.290,0.898,0.9109,34.0,0.9053,34.0,972.0,7.0
2021-01-05 10:04:03.800,0.898,0.9109,34.0,0.9053,34.0,972.0,7.0
2021-01-05 10:04:08.781,0.898,0.9109,34.0,0.9053,14.0,972.0,7.0
2021-01-05 10:04:13.301,0.898,0.9109,34.0,0.9053,34.0,972.0,7.0
2021-01-05 10:04:15.810,0.898,0.9109,34.0,0.9053,14.0,972.0,7.0
2021-01-05 10:04:17.320,0.898,0.9098,14.0,0.9042,24.0,972.0,7.0
2021-01-05 10:04:18.321,0.898,0.9098,34.0,0.9042,24.0,972.0,7.0
2021-01-05 10:04:18.321,0.898,0.9098,34.0,0.9042,24.0,972.0,7.0
2021-01-05 10:04:19.850,0.898,0.9098,34.0,0.9042,24.0,972.0,7.0
2021-01-05 10:04:20.340,0.898,0.9098,20.0,0.902,1.0,972.0,7.0
2021-01-05 10:04:20.891,0.898,0.9081,14.0,0.9024,14.0,972.0,7.0
2021-01-05 10:04:21.391,0.898,0.9081,34.0,0.9024,14.0,972.0,7.0
2021-01-05 10:04:21.890,0.898,0.9081,34.0,0.9024,14.0,972.0,7.0
2021-01-05 10:04:22.390,0.898,0.9081,34.0,0.9024,14.0,972.0,7.0
2021-01-05 10:04:25.300,0.898,0.9081,34.0,0.9024,14.0,972.0,7.0
2021-01-05 10:04:25.800,0.898,0.9077,10.0,0.902,1.0,972.0,7.0
2021-01-05 10:04:26.320,0.898,0.907,14.0,0.902,1.0,972.0,7.0
2021-01-05 10:04:26.741,0.898,0.907,34.0,0.902,1.0,972.0,7.0
2021-01-05 10:04:26.831,0.898,0.907,34.0,0.902,1.0,972.0,7.0
2021-01-05 10:04:27.800,0.898,0.907,34.0,0.902,1.0,972.0,7.0
2021-01-05 10:04:29.800,0.898,0.907,34.0,0.902,1.0,972.0,7.0
2021-01-05 10:04:30.370,0.898,0.907,34.0,0.902,1.0,972.0,7.0
2021-01-05 10:04:30.831,0.898,0.907,34.0,0.902,1.0,972.0,7.0
2021-01-05 10:04:34.381,0.898,0.907,34.0,0.902,1.0,972.0,7.0
2021-01-05 10:04:38.421,0.898,0.9059,14.0,0.902,1.0,972.0,7.0
2021-01-05 10:04:38.911,0.898,0.9059,34.0,0.902,1.0,972.0,7.0
2021-01-05 10:04:39.420,0.898,0.9059,34.0,0.902,1.0,972.0,7.0
2021-01-05 10:04:40.400,0.898,0.9059,34.0,0.902,1.0,972.0,7.0
2021-01-05 10:04:44.411,0.898,0.9059,34.0,0.902,1.0,972.0,7.0
2021-01-05 10:04:44.911,0.898,0.9059,20.0,0.902,1.0,972.0,7.0
2021-01-05 10:04:45.410,0.898,0.9071,14.0,0.902,1.0,972.0,7.0
2021-01-05 10:04:45.921,0.898,0.9071,34.0,0.902,1.0,972.0,7.0
2021-01-05 10:04:47.420,0.898,0.9071,34.0,0.902,1.0,972.0,7.0
2021-01-05 10:04:47.931,0.898,0.9071,34.0,0.902,1.0,972.0,7.0
2021-01-05 10:04:56.800,0.898,0.9071,20.0,0.902,1.0,972.0,7.0
2021-01-05 10:04:57.300,0.898,0.9085,14.0,0.9043,10.0,972.0,7.0
2021-01-05 10:04:57.830,0.898,0.9098,10.0,0.9043,10.0,972.0,7.0
2021-01-05 10:04:58.330,0.898,0.9097,14.0,0.9043,30.0,972.0,7.0
2021-01-05 10:04:58.831,0.898,0.9097,14.0,0.9043,30.0,972.0,7.0
2021-01-05 10:04:59.820,0.898,0.9097,14.0,0.9043,30.0,972.0,7.0
2021-01-05 10:05:00.320,0.898,0.9097,14.0,0.9043,20.0,972.0,7.0
2021-01-05 10:05:05.340,0.898,0.9098,20.0,0.9043,20.0,972.0,7.0
2021-01-05 10:05:05.851,0.898,0.9086,14.0,0.9043,20.0,972.0,7.0
2021-01-05 10:05:06.350,0.898,0.9086,34.0,0.9029,34.0,972.0,7.0
2021-01-05 10:05:06.811,0.898,0.9086,34.0,0.9029,34.0,972.0,7.0
2021-01-05 10:05:07.850,0.898,0.9086,34.0,0.9029,34.0,972.0,7.0
2021-01-05 10:05:08.311,0.898,0.9086,34.0,0.9029,34.0,972.0,7.0
2021-01-05 10:05:13.861,0.898,0.9086,34.0,0.9029,34.0,972.0,7.0
2021-01-05 10:05:14.880,0.898,0.9086,20.0,0.9029,20.0,972.0,7.0
2021-01-05 10:05:15.300,0.898,0.9075,14.0,0.9029,20.0,972.0,7.0
2021-01-05 10:05:15.831,0.898,0.9075,34.0,0.9029,20.0,972.0,7.0
2021-01-05 10:05:16.380,0.898,0.9075,34.0,0.9029,20.0,972.0,7.0
2021-01-05 10:05:23.300,0.898,0.9075,34.0,0.9029,20.0,972.0,7.0
2021-01-05 10:05:23.721,0.898,0.9075,34.0,0.9029,20.0,972.0,7.0
2021-01-05 10:05:46.361,0.898,0.9075,34.0,0.9029,20.0,972.0,7.0
2021-01-05 10:05:47.851,0.898,0.9075,20.0,0.9029,20.0,972.0,7.0
2021-01-05 10:05:48.301,0.898,0.9085,14.0,0.9029,34.0,972.0,7.0
2021-01-05 10:05:48.860,0.898,0.9085,34.0,0.9029,34.0,972.0,7.0
2021-01-05 10:05:49.851,0.898,0.9085,34.0,0.9029,34.0,972.0,7.0
2021-01-05 10:05:50.360,0.898,0.9085,34.0,0.9029,34.0,972.0,7.0
2021-01-05 10:05:51.371,0.898,0.9085,34.0,0.9047,10.0,972.0,7.0
2021-01-05 10:05:51.851,0.898,0.9085,34.0,0.9047,10.0,972.0,7.0
2021-01-05 10:05:52.350,0.898,0.9085,34.0,0.9047,30.0,972.0,7.0
2021-01-05 10:05:54.800,0.898,0.9085,34.0,0.9047,30.0,972.0,7.0
2021-01-05 10:05:55.280,0.898,0.9085,20.0,0.9047,30.0,972.0,7.0
2021-01-05 10:05:55.780,0.898,0.9096,14.0,0.9047,30.0,972.0,7.0
2021-01-05 10:05:57.280,0.898,0.9096,14.0,0.9047,10.0,972.0,7.0
2021-01-05 10:05:57.770,0.898,0.9096,14.0,0.9047,10.0,972.0,7.0
2021-01-05 10:05:59.311,0.898,0.9096,14.0,0.9043,20.0,972.0,7.0
2021-01-05 10:06:00.300,0.898,0.9096,14.0,0.9043,20.0,972.0,7.0
2021-01-05 10:06:03.320,0.898,0.9096,14.0,0.9043,20.0,972.0,7.0
2021-01-05 10:06:06.330,0.898,0.9096,14.0,0.9062,10.0,972.0,7.0
2021-01-05 10:06:06.870,0.898,0.9096,14.0,0.9062,30.0,972.0,7.0
2021-01-05 10:06:07.331,0.898,0.9096,34.0,0.9062,30.0,972.0,7.0
2021-01-05 10:06:07.811,0.898,0.9096,34.0,0.9062,30.0,972.0,7.0
2021-01-05 10:06:08.101,0.898,0.9096,34.0,0.9062,30.0,972.0,7.0
2021-01-05 10:06:10.370,0.898,0.9096,20.0,0.9062,30.0,972.0,7.0
2021-01-05 10:06:10.870,0.898,0.9096,20.0,0.9062,30.0,972.0,7.0
2021-01-05 10:06:11.331,0.898,0.9107,34.0,0.9062,30.0,972.0,7.0
2021-01-05 10:06:11.890,0.898,0.9107,34.0,0.9062,20.0,972.0,7.0
2021-01-05 10:06:11.890,0.898,0.9107,34.0,0.9051,14.0,972.0,7.0
2021-01-05 10:06:13.870,0.898,0.9107,34.0,0.9051,14.0,972.0,7.0
2021-01-05 10:06:14.351,0.898,0.9107,34.0,0.9051,14.0,972.0,7.0
2021-01-05 10:06:16.890,0.898,0.9107,14.0,0.9051,14.0,972.0,7.0
2021-01-05 10:06:17.390,0.898,0.9107,14.0,0.9051,34.0,972.0,7.0
2021-01-05 10:06:20.890,0.898,0.9107,14.0,0.9051,34.0,972.0,7.0
2021-01-05 10:06:21.390,0.898,0.9107,14.0,0.9051,34.0,972.0,7.0
2021-01-05 10:06:21.891,0.898,0.9131,10.0,0.9049,10.0,972.0,7.0
2021-01-05 10:06:22.400,0.898,0.9122,14.0,0.9066,14.0,972.0,7.0
2021-01-05 10:06:22.481,0.898,0.9122,14.0,0.9066,34.0,972.0,7.0
2021-01-05 10:06:23.810,0.898,0.9122,14.0,0.9066,34.0,972.0,7.0
2021-01-05 10:06:25.311,0.898,0.9122,14.0,0.9066,34.0,972.0,7.0
2021-01-05 10:06:25.820,0.898,0.9122,34.0,0.9066,34.0,972.0,7.0
2021-01-05 10:06:26.321,0.898,0.9122,14.0,0.9066,34.0,972.0,7.0
2021-01-05 10:06:26.821,0.898,0.9122,34.0,0.9066,34.0,972.0,7.0
2021-01-05 10:06:27.320,0.898,0.9122,14.0,0.9066,34.0,972.0,7.0
2021-01-05 10:06:28.311,0.898,0.9122,14.0,0.9066,34.0,972.0,7.0
2021-01-05 10:06:31.831,0.898,0.9122,14.0,0.9081,10.0,972.0,7.0
2021-01-05 10:06:32.330,0.898,0.9122,14.0,0.9081,30.0,972.0,7.0
2021-01-05 10:06:33.840,0.898,0.9122,14.0,0.9081,30.0,972.0,7.0
2021-01-05 10:06:34.330,0.898,0.9122,14.0,0.9081,30.0,972.0,7.0
2021-01-05 10:06:35.281,0.898,0.9122,14.0,0.9066,34.0,972.0,7.0
2021-01-05 10:06:36.361,0.898,0.9122,14.0,0.9066,34.0,972.0,7.0
2021-01-05 10:06:36.870,0.898,0.9122,14.0,0.9066,34.0,972.0,7.0
2021-01-05 10:06:42.391,0.898,0.9123,20.0,0.9066,20.0,972.0,7.0
2021-01-05 10:06:42.850,0.898,0.9123,20.0,0.9077,14.0,972.0,7.0
2021-01-05 10:06:43.171,0.898,0.9133,34.0,0.9077,34.0,972.0,7.0
2021-01-05 10:06:43.891,0.898,0.9133,34.0,0.9077,34.0,972.0,7.0
2021-01-05 10:06:44.350,0.898,0.9133,34.0,0.9077,34.0,972.0,7.0
2021-01-05 10:06:44.881,0.898,0.9133,34.0,0.9077,34.0,972.0,7.0
2021-01-05 10:06:50.880,0.898,0.9133,20.0,0.9077,20.0,972.0,7.0
2021-01-05 10:06:51.320,0.898,0.9145,14.0,0.9089,14.0,972.0,7.0
2021-01-05 10:06:51.900,0.898,0.9145,14.0,0.9089,34.0,972.0,7.0
2021-01-05 10:06:53.310,0.898,0.9145,14.0,0.9092,10.0,972.0,7.0
2021-01-05 10:06:54.311,0.898,0.9145,14.0,0.9092,10.0,972.0,7.0
2021-01-05 10:06:54.751,0.898,0.9145,14.0,0.91,1.0,972.0,7.0
2021-01-05 10:06:55.731,0.898,0.9145,14.0,0.91,1.0,972.0,7.0
2021-01-05 10:06:57.300,0.898,0.9145,14.0,0.91,1.0,972.0,7.0
2021-01-05 10:06:58.271,0.898,0.9145,14.0,0.91,1.0,972.0,7.0
2021-01-05 10:06:58.751,0.898,0.9145,34.0,0.91,1.0,972.0,7.0
2021-01-05 10:06:59.291,0.898,0.9145,34.0,0.91,1.0,972.0,7.0
2021-01-05 10:07:04.310,0.898,0.9145,34.0,0.91,1.0,972.0,7.0
2021-01-05 10:07:04.810,0.898,0.9145,34.0,0.91,1.0,972.0,7.0
2021-01-05 10:07:05.321,0.898,0.9145,34.0,0.91,1.0,972.0,7.0
2021-01-05 10:07:05.811,0.898,0.9133,14.0,0.91,1.0,972.0,7.0
2021-01-05 10:07:06.310,0.898,0.9133,34.0,0.91,1.0,972.0,7.0
2021-01-05 10:07:08.810,0.898,0.9133,34.0,0.911,1.0,972.0,7.0
2021-01-05 10:07:09.311,0.911,0.9133,34.0,0.91,1.0,973.0,8.0
2021-01-05 10:07:16.290,0.91,0.9133,34.0,0.908,20.0,974.0,9.0
2021-01-05 10:07:17.151,0.91,0.9133,34.0,0.908,20.0,974.0,9.0
2021-01-05 10:07:17.821,0.91,0.9133,34.0,0.908,20.0,974.0,9.0
2021-01-05 10:07:19.330,0.91,0.9133,20.0,0.908,20.0,974.0,9.0
2021-01-05 10:07:19.760,0.91,0.9121,14.0,0.9065,24.0,974.0,9.0
2021-01-05 10:07:20.311,0.91,0.9121,34.0,0.9065,24.0,974.0,9.0
2021-01-05 10:07:20.770,0.91,0.9121,34.0,0.9065,24.0,974.0,9.0
2021-01-05 10:07:23.310,0.91,0.9118,10.0,0.9065,14.0,974.0,9.0
2021-01-05 10:07:23.811,0.91,0.9118,10.0,0.9056,20.0,974.0,9.0
2021-01-05 10:07:24.301,0.91,0.911,14.0,0.9056,20.0,974.0,9.0
2021-01-05 10:07:24.801,0.91,0.911,34.0,0.9056,20.0,974.0,9.0
2021-01-05 10:07:26.301,0.91,0.911,20.0,0.9056,20.0,974.0,9.0
2021-01-05 10:07:26.801,0.91,0.911,20.0,0.9065,14.0,974.0,9.0
2021-01-05 10:07:27.020,0.91,0.911,20.0,0.9065,34.0,974.0,9.0
2021-01-05 10:07:27.811,0.91,0.9121,34.0,0.9065,44.0,974.0,9.0
2021-01-05 10:07:34.310,0.91,0.9121,20.0,0.9065,30.0,974.0,9.0
2021-01-05 10:07:34.761,0.91,0.9108,14.0,0.9065,20.0,974.0,9.0
2021-01-05 10:07:35.311,0.91,0.9108,34.0,0.9052,34.0,974.0,9.0
2021-01-05 10:07:35.811,0.91,0.9108,34.0,0.9052,34.0,974.0,9.0
2021-01-05 10:07:35.811,0.91,0.9108,34.0,0.9052,34.0,974.0,9.0
2021-01-05 10:07:36.821,0.91,0.9108,34.0,0.9052,34.0,974.0,9.0
2021-01-05 10:07:37.221,0.91,0.9108,34.0,0.9052,34.0,974.0,9.0
2021-01-05 10:07:43.810,0.91,0.9108,34.0,0.9071,1.0,974.0,9.0
2021-01-05 10:07:44.321,0.91,0.9108,34.0,0.9071,1.0,974.0,9.0
2021-01-05 10:07:44.801,0.91,0.9108,34.0,0.9071,1.0,974.0,9.0
2021-01-05 10:07:44.801,0.91,0.9108,34.0,0.9071,1.0,974.0,9.0
2021-01-05 10:07:46.841,0.91,0.9108,20.0,0.9071,1.0,974.0,9.0
2021-01-05 10:07:47.320,0.91,0.9119,14.0,0.9071,1.0,974.0,9.0
2021-01-05 10:07:47.800,0.91,0.9119,34.0,0.9071,1.0,974.0,9.0
2021-01-05 10:07:52.320,0.91,0.9119,34.0,0.9071,1.0,974.0,9.0
2021-01-05 10:07:52.751,0.91,0.9119,34.0,0.9071,1.0,974.0,9.0
2021-01-05 10:08:02.341,0.91,0.9119,34.0,0.9071,1.0,974.0,9.0
2021-01-05 10:08:02.861,0.91,0.9119,20.0,0.9077,14.0,974.0,9.0
2021-01-05 10:08:03.391,0.91,0.9133,14.0,0.9077,34.0,974.0,9.0
2021-01-05 10:08:03.891,0.91,0.9133,14.0,0.9077,34.0,974.0,9.0
2021-01-05 10:08:03.891,0.91,0.9133,14.0,0.9077,34.0,974.0,9.0
2021-01-05 10:08:04.381,0.91,0.9133,14.0,0.9077,34.0,974.0,9.0
2021-01-05 10:08:09.871,0.91,0.9133,14.0,0.9077,34.0,974.0,9.0
2021-01-05 10:08:25.811,0.91,0.9134,20.0,0.9094,10.0,974.0,9.0
2021-01-05 10:08:26.260,0.91,0.9144,14.0,0.9094,10.0,974.0,9.0
2021-01-05 10:08:26.810,0.91,0.9144,34.0,0.9094,30.0,974.0,9.0
2021-01-05 10:08:27.301,0.91,0.9144,34.0,0.9094,30.0,974.0,9.0
2021-01-05 10:08:27.810,0.91,0.9144,34.0,0.9094,30.0,974.0,9.0
2021-01-05 10:08:32.821,0.91,0.9144,34.0,0.9094,20.0,974.0,9.0
2021-01-05 10:08:35.341,0.91,0.9144,20.0,0.9094,20.0,974.0,9.0
2021-01-05 10:08:35.860,0.91,0.9157,14.0,0.91,14.0,974.0,9.0
2021-01-05 10:08:37.360,0.91,0.9157,14.0,0.91,14.0,974.0,9.0
2021-01-05 10:08:37.861,0.91,0.9157,14.0,0.9118,10.0,974.0,9.0
2021-01-05 10:08:38.371,0.91,0.9157,34.0,0.9118,10.0,974.0,9.0
2021-01-05 10:08:38.830,0.91,0.9157,34.0,0.9118,10.0,974.0,9.0
2021-01-05 10:08:39.331,0.91,0.9157,34.0,0.9118,10.0,974.0,9.0
2021-01-05 10:08:39.861,0.91,0.9157,34.0,0.9118,10.0,974.0,9.0
2021-01-05 10:08:40.370,0.91,0.9157,34.0,0.9101,20.0,974.0,9.0
2021-01-05 10:08:41.360,0.91,0.9157,34.0,0.9101,20.0,974.0,9.0
2021-01-05 10:08:41.871,0.91,0.9157,34.0,0.9101,20.0,974.0,9.0
2021-01-05 10:08:44.361,0.91,0.9157,20.0,0.9101,20.0,974.0,9.0
2021-01-05 10:08:44.850,0.91,0.9167,14.0,0.9111,14.0,974.0,9.0
2021-01-05 10:08:45.371,0.91,0.9167,34.0,0.9111,34.0,974.0,9.0
2021-01-05 10:08:45.751,0.91,0.9167,34.0,0.9111,34.0,974.0,9.0
2021-01-05 10:08:46.360,0.91,0.9167,34.0,0.9111,34.0,974.0,9.0
2021-01-05 10:08:46.841,0.91,0.9167,34.0,0.9111,34.0,974.0,9.0
2021-01-05 10:08:49.891,0.91,0.9167,34.0,0.9131,10.0,974.0,9.0
2021-01-05 10:08:50.381,0.91,0.9192,10.0,0.9131,10.0,974.0,9.0
2021-01-05 10:08:50.900,0.91,0.9192,30.0,0.9156,10.0,974.0,9.0
2021-01-05 10:08:51.390,0.91,0.9192,10.0,0.9156,10.0,974.0,9.0
2021-01-05 10:08:51.991,0.91,0.921,34.0,0.9156,10.0,974.0,9.0
2021-01-05 10:08:52.441,0.91,0.921,14.0,0.9156,10.0,974.0,9.0
2021-01-05 10:08:53.311,0.91,0.921,14.0,0.9156,10.0,974.0,9.0
2021-01-05 10:08:54.321,0.91,0.9223,14.0,0.9167,14.0,974.0,9.0
2021-01-05 10:08:54.811,0.91,0.9223,14.0,0.9167,14.0,974.0,9.0
2021-01-05 10:08:56.821,0.91,0.9223,14.0,0.9167,14.0,974.0,9.0
2021-01-05 10:08:57.850,0.91,0.9223,14.0,0.9167,14.0,974.0,9.0
2021-01-05 10:08:58.390,0.91,0.9212,14.0,0.9166,1.0,974.0,9.0
2021-01-05 10:08:58.920,0.91,0.9212,14.0,0.9166,1.0,974.0,9.0
2021-01-05 10:08:59.391,0.91,0.9212,14.0,0.9166,1.0,974.0,9.0
2021-01-05 10:08:59.900,0.91,0.9201,14.0,0.9166,1.0,974.0,9.0
2021-01-05 10:09:00.421,0.91,0.9201,34.0,0.9166,1.0,974.0,9.0
2021-01-05 10:09:01.420,0.9166,0.9201,14.0,0.9145,14.0,975.0,10.0
2021-01-05 10:09:01.921,0.9166,0.9201,14.0,0.9145,14.0,975.0,10.0
2021-01-05 10:09:02.440,0.9166,0.9201,14.0,0.9145,14.0,975.0,10.0
2021-01-05 10:09:02.941,0.9166,0.9187,14.0,0.913,14.0,975.0,10.0
2021-01-05 10:09:03.381,0.9166,0.9187,14.0,0.913,14.0,975.0,10.0
2021-01-05 10:09:03.910,0.9166,0.9187,34.0,0.913,14.0,975.0,10.0
2021-01-05 10:09:05.921,0.9166,0.9187,34.0,0.913,14.0,975.0,10.0
2021-01-05 10:09:06.380,0.9166,0.9187,34.0,0.913,14.0,975.0,10.0
2021-01-05 10:09:08.361,0.9166,0.9187,34.0,0.913,14.0,975.0,10.0
2021-01-05 10:09:12.931,0.9166,0.9187,20.0,0.9126,20.0,975.0,10.0
2021-01-05 10:09:12.931,0.9166,0.9199,14.0,0.9143,14.0,975.0,10.0
2021-01-05 10:09:14.420,0.9166,0.9199,34.0,0.9143,34.0,975.0,10.0
2021-01-05 10:09:14.931,0.9166,0.9199,34.0,0.9143,34.0,975.0,10.0
2021-01-05 10:09:15.901,0.9166,0.9199,34.0,0.9148,10.0,975.0,10.0
2021-01-05 10:09:18.431,0.9166,0.9199,34.0,0.9148,10.0,975.0,10.0
2021-01-05 10:09:18.431,0.9166,0.9199,34.0,0.9143,34.0,975.0,10.0
2021-01-05 10:09:19.430,0.9166,0.9199,34.0,0.9143,34.0,975.0,10.0
2021-01-05 10:09:20.950,0.9166,0.9188,14.0,0.9143,20.0,975.0,10.0
2021-01-05 10:09:21.341,0.9166,0.9188,34.0,0.9132,14.0,975.0,10.0
2021-01-05 10:09:23.280,0.9166,0.9188,34.0,0.9132,14.0,975.0,10.0
2021-01-05 10:09:23.810,0.9166,0.9188,34.0,0.9132,14.0,975.0,10.0
2021-01-05 10:09:26.770,0.9166,0.9188,34.0,0.9132,14.0,975.0,10.0
2021-01-05 10:09:28.811,0.9166,0.9188,34.0,0.9132,14.0,975.0,10.0
2021-01-05 10:09:29.850,0.9166,0.9188,34.0,0.9132,14.0,975.0,10.0
2021-01-05 10:09:30.860,0.9166,0.9188,34.0,0.9132,14.0,975.0,10.0
2021-01-05 10:09:32.851,0.9166,0.9188,20.0,0.9125,30.0,975.0,10.0
2021-01-05 10:09:33.350,0.9166,0.9177,14.0,0.9125,30.0,975.0,10.0
2021-01-05 10:09:33.830,0.9166,0.917,10.0,0.9125,20.0,975.0,10.0
2021-01-05 10:09:33.830,0.9166,0.917,10.0,0.911,20.0,975.0,10.0
2021-01-05 10:09:34.860,0.9166,0.9165,14.0,0.911,20.0,975.0,10.0
2021-01-05 10:09:35.371,0.9166,0.9165,34.0,0.911,20.0,975.0,10.0
2021-01-05 10:09:35.890,0.9166,0.9154,14.0,0.911,20.0,975.0,10.0
2021-01-05 10:09:36.401,0.9166,0.9154,14.0,0.9098,14.0,975.0,10.0
2021-01-05 10:09:36.871,0.9166,0.9154,34.0,0.9098,34.0,975.0,10.0
2021-01-05 10:09:39.400,0.9166,0.9154,34.0,0.9098,34.0,975.0,10.0
2021-01-05 10:09:39.880,0.9166,0.9154,34.0,0.9098,34.0,975.0,10.0
2021-01-05 10:09:40.900,0.9166,0.9154,34.0,0.9098,34.0,975.0,10.0
2021-01-05 10:09:41.351,0.9166,0.9154,34.0,0.9098,34.0,975.0,10.0
2021-01-05 10:09:57.310,0.9166,0.9154,34.0,0.9109,10.0,975.0,10.0
2021-01-05 10:09:57.800,0.9166,0.9154,34.0,0.9109,10.0,975.0,10.0
2021-01-05 10:09:58.301,0.9166,0.9154,34.0,0.9109,30.0,975.0,10.0
2021-01-05 10:09:58.820,0.9166,0.9154,34.0,0.9109,30.0,975.0,10.0
2021-01-05 10:09:59.331,0.9166,0.9154,34.0,0.9109,30.0,975.0,10.0
2021-01-05 10:10:01.311,0.9166,0.9154,20.0,0.9109,30.0,975.0,10.0
2021-01-05 10:10:01.821,0.9166,0.9166,14.0,0.911,14.0,975.0,10.0
2021-01-05 10:10:02.301,0.9166,0.9166,34.0,0.911,14.0,975.0,10.0
2021-01-05 10:10:02.820,0.9166,0.9166,34.0,0.911,14.0,975.0,10.0
2021-01-05 10:10:12.951,0.9166,0.9166,20.0,0.9122,14.0,975.0,10.0
2021-01-05 10:10:13.491,0.9166,0.9177,20.0,0.913,10.0,975.0,10.0
2021-01-05 10:10:14.000,0.9166,0.9177,20.0,0.913,10.0,975.0,10.0
2021-01-05 10:10:14.421,0.9166,0.9177,20.0,0.913,10.0,975.0,10.0
2021-01-05 10:10:15.401,0.9166,0.9177,20.0,0.913,10.0,975.0,10.0
2021-01-05 10:10:15.401,0.9166,0.9177,20.0,0.913,10.0,975.0,10.0
2021-01-05 10:10:26.330,0.9166,0.9177,20.0,0.9122,34.0,975.0,10.0
2021-01-05 10:10:26.850,0.9166,0.9177,20.0,0.9122,20.0,975.0,10.0
2021-01-05 10:10:27.321,0.9166,0.919,14.0,0.9134,14.0,975.0,10.0
2021-01-05 10:10:27.840,0.9166,0.919,14.0,0.9134,34.0,975.0,10.0
2021-01-05 10:10:29.350,0.9166,0.919,14.0,0.9134,34.0,975.0,10.0
2021-01-05 10:10:29.851,0.9166,0.919,14.0,0.9134,34.0,975.0,10.0
2021-01-05 10:10:38.801,0.9166,0.919,14.0,0.915,1.0,975.0,10.0
2021-01-05 10:10:41.351,0.9166,0.919,14.0,0.915,1.0,975.0,10.0
2021-01-05 10:10:41.831,0.9166,0.919,14.0,0.915,1.0,975.0,10.0
2021-01-05 10:10:42.840,0.9166,0.919,14.0,0.915,1.0,975.0,10.0
2021-01-05 10:10:43.360,0.9166,0.919,14.0,0.915,1.0,975.0,10.0
2021-01-05 10:10:43.821,0.9166,0.919,14.0,0.915,1.0,975.0,10.0
2021-01-05 10:10:44.830,0.9166,0.9219,10.0,0.915,1.0,975.0,10.0
