,last,ask1,asize1,bid1,bsize1,oi,volume
2021-01-05 09:25:00.080,,0.167,1.0,0.152,1.0,10396.0,
2021-01-05 09:30:00.451,0.1466,0.1666,1.0,0.1457,1.0,10400.0,4.0
2021-01-05 09:30:00.991,0.1466,0.1666,1.0,0.154,1.0,10400.0,4.0
2021-01-05 09:30:02.011,0.1466,0.1666,21.0,0.1601,20.0,10400.0,4.0
2021-01-05 09:30:02.440,0.1601,0.1666,21.0,0.1606,20.0,10408.0,12.0
2021-01-05 09:30:03.010,0.1601,0.1666,21.0,0.1601,20.0,10408.0,12.0
2021-01-05 09:30:03.980,0.1601,0.1659,20.0,0.1593,20.0,10408.0,12.0
2021-01-05 09:30:04.430,0.1598,0.1663,20.0,0.1598,19.0,10409.0,13.0
2021-01-05 09:30:05.010,0.1598,0.1666,21.0,0.1605,20.0,10409.0,13.0
2021-01-05 09:30:05.990,0.1598,0.1666,1.0,0.1611,20.0,10409.0,13.0
2021-01-05 09:30:06.480,0.1598,0.1666,21.0,0.1613,20.0,10409.0,13.0
2021-01-05 09:30:06.971,0.1598,0.1666,1.0,0.1623,20.0,10409.0,13.0
2021-01-05 09:30:07.471,0.1623,0.1666,1.0,0.1623,17.0,10412.0,16.0
2021-01-05 09:30:08.001,0.1623,0.1666,1.0,0.1623,20.0,10412.0,16.0
2021-01-05 09:30:08.520,0.1623,0.1666,1.0,0.1623,20.0,10415.0,19.0
2021-01-05 09:30:08.960,0.1623,0.1666,1.0,0.1621,20.0,10415.0,19.0
2021-01-05 09:30:09.490,0.1621,0.1666,1.0,0.1621,18.0,10417.0,21.0
2021-01-05 09:30:09.970,0.1621,0.1666,1.0,0.1623,20.0,10418.0,22.0
2021-01-05 09:30:11.000,0.1625,0.1666,1.0,0.1625,17.0,10421.0,25.0
2021-01-05 09:30:11.521,0.1625,0.1666,1.0,0.1625,20.0,10421.0,25.0
2021-01-05 09:30:11.980,0.1625,0.1666,1.0,0.1625,15.0,10426.0,30.0
2021-01-05 09:30:12.521,0.1625,0.1666,1.0,0.1625,20.0,10426.0,30.0
2021-01-05 09:30:13.000,0.1625,0.1666,1.0,0.154,1.0,10429.0,33.0
2021-01-05 09:30:15.040,0.1625,0.1666,1.0,0.1617,20.0,10429.0,33.0
2021-01-05 09:30:15.520,0.1625,0.1666,1.0,0.1617,20.0,10429.0,33.0
2021-01-05 09:30:15.991,0.1617,0.1666,21.0,0.1617,20.0,10432.0,36.0
2021-01-05 09:30:17.021,0.1617,0.1666,21.0,0.1613,20.0,10433.0,37.0
2021-01-05 09:30:17.641,0.1617,0.1666,21.0,0.1613,20.0,10433.0,37.0
2021-01-05 09:30:18.231,0.1617,0.1666,21.0,0.1613,20.0,10433.0,37.0
2021-01-05 09:30:18.750,0.1617,0.1666,21.0,0.1613,20.0,10433.0,37.0
2021-01-05 09:30:19.251,0.1617,0.1613,3.0,0.1605,20.0,10433.0,37.0
2021-01-05 09:30:19.751,0.1617,0.1666,21.0,0.1603,20.0,10433.0,37.0
2021-01-05 09:30:20.240,0.1617,0.1649,20.0,0.1603,20.0,10433.0,37.0
2021-01-05 09:30:20.740,0.1603,0.1666,21.0,0.1608,20.0,10435.0,39.0
2021-01-05 09:30:21.241,0.1603,0.1666,21.0,0.161,20.0,10435.0,39.0
2021-01-05 09:30:21.741,0.161,0.1666,21.0,0.1608,20.0,10436.0,40.0
2021-01-05 09:30:22.240,0.161,0.1666,21.0,0.1613,20.0,10436.0,40.0
2021-01-05 09:30:22.671,0.161,0.1666,21.0,0.161,20.0,10436.0,40.0
2021-01-05 09:30:23.170,0.161,0.1613,1.0,0.161,20.0,10436.0,40.0
2021-01-05 09:30:23.670,0.161,0.1658,20.0,0.1612,20.0,10437.0,41.0
2021-01-05 09:30:24.161,0.161,0.1658,25.0,0.1612,20.0,10437.0,41.0
2021-01-05 09:30:24.661,0.161,0.1666,21.0,0.1618,20.0,10437.0,41.0
2021-01-05 09:30:25.160,0.161,0.1666,21.0,0.162,20.0,10437.0,41.0
2021-01-05 09:30:25.671,0.161,0.1666,21.0,0.1622,20.0,10437.0,41.0
2021-01-05 09:30:26.670,0.161,0.1666,21.0,0.162,20.0,10437.0,41.0
2021-01-05 09:30:27.671,0.161,0.162,1.0,0.1618,20.0,10437.0,41.0
2021-01-05 09:30:28.161,0.162,0.1666,21.0,0.1618,20.0,10438.0,42.0
2021-01-05 09:30:30.171,0.162,0.1666,26.0,0.1618,20.0,10438.0,42.0
2021-01-05 09:30:30.620,0.162,0.1666,21.0,0.1615,20.0,10438.0,42.0
2021-01-05 09:30:31.121,0.162,0.1666,21.0,0.1615,20.0,10438.0,42.0
2021-01-05 09:30:31.661,0.162,0.1666,21.0,0.1613,20.0,10438.0,42.0
2021-01-05 09:30:32.631,0.1613,0.1666,21.0,0.1609,20.0,10439.0,43.0
2021-01-05 09:30:33.171,0.1613,0.1666,21.0,0.1609,20.0,10439.0,43.0
2021-01-05 09:30:34.191,0.1613,0.1666,26.0,0.1609,20.0,10439.0,43.0
2021-01-05 09:30:34.670,0.1613,0.1666,21.0,0.1609,20.0,10439.0,43.0
2021-01-05 09:30:35.121,0.1609,0.1666,21.0,0.1609,19.0,10440.0,44.0
2021-01-05 09:30:35.680,0.1609,0.1666,21.0,0.1609,20.0,10440.0,44.0
2021-01-05 09:30:36.170,0.1609,0.1666,21.0,0.1612,20.0,10440.0,44.0
2021-01-05 09:30:36.681,0.1609,0.1666,21.0,0.1612,20.0,10440.0,44.0
2021-01-05 09:30:37.171,0.1609,0.1666,21.0,0.1609,20.0,10440.0,44.0
2021-01-05 09:30:37.670,0.1609,0.1666,21.0,0.1609,20.0,10440.0,44.0
2021-01-05 09:30:38.141,0.1609,0.1666,26.0,0.1611,20.0,10440.0,44.0
2021-01-05 09:30:38.700,0.1611,0.1666,21.0,0.1609,20.0,10441.0,45.0
2021-01-05 09:30:39.201,0.1611,0.1666,21.0,0.1611,20.0,10441.0,45.0
2021-01-05 09:30:40.690,0.1611,0.1666,21.0,0.1611,19.0,10442.0,46.0
2021-01-05 09:30:41.140,0.1611,0.1666,21.0,0.1611,20.0,10442.0,46.0
2021-01-05 09:30:42.671,0.1611,0.1666,21.0,0.1608,20.0,10442.0,46.0
2021-01-05 09:30:43.180,0.1611,0.1666,21.0,0.1606,20.0,10442.0,46.0
2021-01-05 09:30:43.180,0.1611,0.162,1.0,0.1606,20.0,10442.0,46.0
2021-01-05 09:30:44.181,0.162,0.1644,10.0,0.161,3.0,10443.0,47.0
2021-01-05 09:30:44.650,0.162,0.1646,20.0,0.161,23.0,10443.0,47.0
2021-01-05 09:30:45.161,0.162,0.1654,30.0,0.161,23.0,10443.0,47.0
2021-01-05 09:30:45.710,0.161,0.1654,30.0,0.161,22.0,10444.0,48.0
2021-01-05 09:30:46.200,0.161,0.1654,30.0,0.161,22.0,10444.0,48.0
2021-01-05 09:30:47.191,0.161,0.1654,30.0,0.161,21.0,10445.0,49.0
2021-01-05 09:30:47.691,0.161,0.1654,30.0,0.161,18.0,10448.0,52.0
2021-01-05 09:30:48.081,0.161,0.1654,30.0,0.1606,20.0,10448.0,52.0
2021-01-05 09:30:48.711,0.1654,0.1654,20.0,0.1604,20.0,10449.0,53.0
2021-01-05 09:30:49.210,0.1654,0.1654,10.0,0.1606,10.0,10449.0,53.0
2021-01-05 09:30:49.700,0.1654,0.1654,30.0,0.1606,30.0,10449.0,53.0
2021-01-05 09:30:50.171,0.1606,0.1654,20.0,0.1606,29.0,10450.0,54.0
2021-01-05 09:30:50.720,0.1606,0.1654,20.0,0.1606,30.0,10450.0,54.0
2021-01-05 09:30:51.181,0.1606,0.1658,10.0,0.1606,30.0,10450.0,54.0
2021-01-05 09:30:52.221,0.1606,0.1658,10.0,0.1606,29.0,10451.0,55.0
2021-01-05 09:30:52.651,0.1606,0.1658,10.0,0.1606,30.0,10451.0,55.0
2021-01-05 09:30:53.120,0.1606,0.1658,30.0,0.1606,29.0,10452.0,56.0
2021-01-05 09:30:53.660,0.1606,0.1658,30.0,0.1606,30.0,10452.0,56.0
2021-01-05 09:30:54.130,0.1606,0.1658,35.0,0.1606,30.0,10452.0,56.0
2021-01-05 09:30:54.670,0.1606,0.1658,30.0,0.1606,30.0,10452.0,56.0
2021-01-05 09:30:55.081,0.1606,0.1658,30.0,0.1606,30.0,10452.0,56.0
2021-01-05 09:30:55.671,0.1606,0.1658,30.0,0.1606,30.0,10452.0,56.0
2021-01-05 09:30:56.170,0.1606,0.1658,30.0,0.1606,29.0,10453.0,57.0
2021-01-05 09:30:56.660,0.1606,0.1658,30.0,0.1606,30.0,10453.0,57.0
2021-01-05 09:30:57.171,0.1606,0.1658,30.0,0.1606,29.0,10454.0,58.0
2021-01-05 09:30:57.600,0.1606,0.1658,30.0,0.1606,30.0,10454.0,58.0
2021-01-05 09:30:58.091,0.1606,0.1658,30.0,0.1606,30.0,10454.0,58.0
2021-01-05 09:30:58.660,0.1606,0.1658,35.0,0.1606,29.0,10455.0,59.0
2021-01-05 09:30:59.171,0.1606,0.1658,30.0,0.1606,29.0,10456.0,60.0
2021-01-05 09:30:59.640,0.1606,0.1658,30.0,0.1606,30.0,10456.0,60.0
2021-01-05 09:31:00.161,0.1606,0.1658,30.0,0.1606,30.0,10456.0,60.0
2021-01-05 09:31:00.681,0.1606,0.1658,30.0,0.1606,30.0,10456.0,60.0
2021-01-05 09:31:01.140,0.1606,0.1658,40.0,0.1627,10.0,10456.0,60.0
2021-01-05 09:31:01.680,0.1606,0.1658,40.0,0.1627,10.0,10456.0,60.0
2021-01-05 09:31:02.170,0.1606,0.1658,10.0,0.1627,10.0,10456.0,60.0
2021-01-05 09:31:02.681,0.1658,0.1658,20.0,0.1627,10.0,10446.0,70.0
2021-01-05 09:31:03.131,0.1658,0.1658,20.0,0.1634,10.0,10446.0,70.0
2021-01-05 09:31:03.680,0.1658,0.1658,35.0,0.1634,10.0,10446.0,70.0
2021-01-05 09:31:04.181,0.1658,0.1658,30.0,0.1634,10.0,10446.0,70.0
2021-01-05 09:31:04.671,0.1658,0.1658,20.0,0.1634,10.0,10446.0,70.0
2021-01-05 09:31:05.190,0.1658,0.166,30.0,0.1634,10.0,10446.0,70.0
2021-01-05 09:31:05.670,0.1658,0.166,30.0,0.1634,10.0,10446.0,70.0
2021-01-05 09:31:06.160,0.1658,0.166,35.0,0.1634,10.0,10446.0,70.0
2021-01-05 09:31:06.681,0.1658,0.166,30.0,0.1634,10.0,10446.0,70.0
2021-01-05 09:31:07.190,0.1634,0.166,30.0,0.1634,9.0,10447.0,71.0
2021-01-05 09:31:08.650,0.1634,0.1657,20.0,0.1634,9.0,10447.0,71.0
2021-01-05 09:31:09.051,0.1634,0.166,30.0,0.1634,8.0,10448.0,72.0
2021-01-05 09:31:11.701,0.1634,0.166,30.0,0.1619,20.0,10456.0,80.0
2021-01-05 09:31:12.190,0.1634,0.166,40.0,0.1629,10.0,10456.0,80.0
2021-01-05 09:31:12.190,0.1634,0.166,50.0,0.1629,10.0,10456.0,80.0
2021-01-05 09:31:13.170,0.1634,0.166,50.0,0.1629,10.0,10456.0,80.0
2021-01-05 09:31:15.710,0.1634,0.166,50.0,0.1629,10.0,10456.0,80.0
2021-01-05 09:31:16.711,0.1634,0.1658,20.0,0.1629,10.0,10456.0,80.0
2021-01-05 09:31:17.201,0.1634,0.1658,20.0,0.1629,10.0,10456.0,80.0
2021-01-05 09:31:17.710,0.1634,0.1651,10.0,0.1622,10.0,10456.0,80.0
2021-01-05 09:31:18.201,0.1634,0.1651,10.0,0.1619,10.0,10456.0,80.0
2021-01-05 09:31:18.720,0.1634,0.1651,30.0,0.1619,10.0,10456.0,80.0
2021-01-05 09:31:19.150,0.1634,0.1651,10.0,0.1619,10.0,10456.0,80.0
2021-01-05 09:31:19.721,0.1634,0.165,20.0,0.1619,10.0,10456.0,80.0
2021-01-05 09:31:21.221,0.1634,0.165,20.0,0.1619,10.0,10456.0,80.0
2021-01-05 09:31:23.171,0.1634,0.165,20.0,0.1625,10.0,10456.0,80.0
2021-01-05 09:31:23.640,0.1634,0.165,20.0,0.1625,10.0,10456.0,80.0
2021-01-05 09:31:24.660,0.1634,0.165,20.0,0.1622,10.0,10456.0,80.0
2021-01-05 09:31:25.150,0.1634,0.165,20.0,0.162,10.0,10456.0,80.0
2021-01-05 09:31:25.640,0.1634,0.165,30.0,0.162,10.0,10456.0,80.0
2021-01-05 09:31:26.141,0.1634,0.1641,10.0,0.1622,10.0,10456.0,80.0
2021-01-05 09:31:26.681,0.1634,0.1641,30.0,0.1622,10.0,10456.0,80.0
2021-01-05 09:31:27.171,0.1634,0.1641,30.0,0.1621,20.0,10456.0,80.0
2021-01-05 09:31:28.610,0.1634,0.1641,30.0,0.1623,10.0,10456.0,80.0
2021-01-05 09:31:29.171,0.1634,0.1641,30.0,0.1621,10.0,10456.0,80.0
2021-01-05 09:31:30.170,0.1634,0.1641,30.0,0.1621,20.0,10456.0,80.0
2021-01-05 09:31:30.671,0.1634,0.1641,30.0,0.1621,10.0,10456.0,80.0
2021-01-05 09:31:31.150,0.1634,0.1641,30.0,0.1621,10.0,10456.0,80.0
2021-01-05 09:31:31.661,0.1634,0.1641,30.0,0.1621,10.0,10456.0,80.0
2021-01-05 09:31:32.191,0.1634,0.1641,30.0,0.1621,20.0,10456.0,80.0
2021-01-05 09:31:32.671,0.1634,0.1641,30.0,0.1621,20.0,10456.0,80.0
2021-01-05 09:31:33.190,0.1634,0.1641,30.0,0.1621,10.0,10456.0,80.0
2021-01-05 09:31:34.181,0.1634,0.1641,30.0,0.1621,10.0,10456.0,80.0
2021-01-05 09:31:34.681,0.1634,0.1641,30.0,0.1622,10.0,10456.0,80.0
2021-01-05 09:31:35.190,0.1634,0.1641,30.0,0.1621,20.0,10456.0,80.0
2021-01-05 09:31:35.670,0.1634,0.1641,30.0,0.1621,10.0,10456.0,80.0
2021-01-05 09:31:36.181,0.1634,0.1641,30.0,0.1622,3.0,10456.0,80.0
2021-01-05 09:31:36.690,0.1634,0.1641,30.0,0.1623,10.0,10456.0,80.0
2021-01-05 09:31:37.191,0.1634,0.1641,30.0,0.1624,3.0,10456.0,80.0
2021-01-05 09:31:37.620,0.1634,0.1641,30.0,0.1624,3.0,10456.0,80.0
2021-01-05 09:31:38.190,0.1624,0.1641,30.0,0.1621,10.0,10456.0,83.0
2021-01-05 09:31:38.690,0.1624,0.1641,30.0,0.1622,3.0,10456.0,83.0
2021-01-05 09:31:39.210,0.1624,0.1641,30.0,0.1621,10.0,10456.0,83.0
2021-01-05 09:31:39.710,0.1624,0.1641,30.0,0.1621,10.0,10456.0,83.0
2021-01-05 09:31:40.200,0.1624,0.1636,10.0,0.1618,10.0,10456.0,83.0
2021-01-05 09:31:40.711,0.1624,0.1621,3.0,0.1615,20.0,10456.0,83.0
2021-01-05 09:31:41.191,0.1621,0.1624,20.0,0.1615,20.0,10459.0,86.0
2021-01-05 09:31:41.691,0.1621,0.1634,10.0,0.1615,20.0,10459.0,86.0
2021-01-05 09:31:42.211,0.1621,0.1634,10.0,0.1615,10.0,10459.0,86.0
2021-01-05 09:31:42.711,0.1615,0.1634,30.0,0.1615,5.0,10464.0,91.0
2021-01-05 09:31:43.191,0.1615,0.1634,30.0,0.1615,5.0,10464.0,91.0
2021-01-05 09:31:43.710,0.1615,0.1634,30.0,0.1615,5.0,10464.0,91.0
2021-01-05 09:31:44.190,0.1615,0.1634,30.0,0.1615,5.0,10464.0,91.0
2021-01-05 09:31:44.691,0.1615,0.1634,30.0,0.1616,10.0,10464.0,91.0
2021-01-05 09:31:45.170,0.1615,0.1634,30.0,0.1615,5.0,10464.0,91.0
2021-01-05 09:31:45.700,0.1615,0.1634,30.0,0.1615,5.0,10464.0,91.0
2021-01-05 09:31:46.011,0.1615,0.1634,30.0,0.1615,5.0,10464.0,91.0
2021-01-05 09:31:46.701,0.1615,0.1634,30.0,0.1615,5.0,10464.0,91.0
2021-01-05 09:31:47.191,0.1615,0.1634,30.0,0.1615,5.0,10464.0,91.0
2021-01-05 09:31:47.690,0.1615,0.1628,10.0,0.1614,2.0,10464.0,91.0
2021-01-05 09:31:48.211,0.1615,0.1628,30.0,0.1614,2.0,10464.0,91.0
2021-01-05 09:31:49.221,0.1615,0.1628,30.0,0.1614,2.0,10464.0,91.0
2021-01-05 09:31:49.711,0.1615,0.1628,30.0,0.1614,2.0,10464.0,91.0
2021-01-05 09:31:50.191,0.1614,0.1628,30.0,0.1608,10.0,10464.0,93.0
2021-01-05 09:31:50.710,0.1614,0.1622,10.0,0.1606,10.0,10464.0,93.0
2021-01-05 09:31:51.210,0.1614,0.1622,30.0,0.1606,10.0,10464.0,93.0
2021-01-05 09:31:51.210,0.1614,0.1622,30.0,0.1606,10.0,10464.0,93.0
2021-01-05 09:31:52.220,0.1614,0.1622,30.0,0.1606,10.0,10464.0,93.0
2021-01-05 09:31:52.621,0.1614,0.1622,30.0,0.1603,20.0,10464.0,93.0
2021-01-05 09:31:53.171,0.1614,0.1622,30.0,0.1603,10.0,10464.0,93.0
2021-01-05 09:31:53.530,0.1614,0.1621,1.0,0.1603,10.0,10464.0,93.0
2021-01-05 09:31:54.151,0.1614,0.1621,1.0,0.1604,1.0,10464.0,93.0
2021-01-05 09:31:54.641,0.1614,0.1621,1.0,0.1604,1.0,10464.0,93.0
2021-01-05 09:31:55.150,0.1614,0.1621,1.0,0.1604,1.0,10464.0,93.0
2021-01-05 09:31:55.670,0.1614,0.1616,10.0,0.1604,1.0,10464.0,93.0
2021-01-05 09:31:56.110,0.1614,0.1616,30.0,0.1604,1.0,10464.0,93.0
2021-01-05 09:31:56.591,0.1614,0.1616,30.0,0.1604,1.0,10464.0,93.0
2021-01-05 09:31:57.171,0.1614,0.1616,30.0,0.1604,1.0,10464.0,93.0
2021-01-05 09:31:57.651,0.1614,0.1616,30.0,0.1599,10.0,10464.0,93.0
2021-01-05 09:31:58.171,0.1614,0.1616,30.0,0.1601,10.0,10464.0,93.0
2021-01-05 09:31:58.640,0.1614,0.1615,1.0,0.1601,10.0,10464.0,93.0
2021-01-05 09:31:59.660,0.1614,0.1615,1.0,0.1602,10.0,10464.0,93.0
2021-01-05 09:32:00.150,0.1614,0.1615,1.0,0.1602,10.0,10464.0,93.0
2021-01-05 09:32:00.650,0.1614,0.1615,1.0,0.1599,10.0,10464.0,93.0
2021-01-05 09:32:01.170,0.1614,0.1615,1.0,0.1601,10.0,10464.0,93.0
2021-01-05 09:32:01.670,0.1614,0.1615,1.0,0.1598,3.0,10464.0,93.0
2021-01-05 09:32:01.960,0.1614,0.1615,1.0,0.1604,10.0,10464.0,93.0
2021-01-05 09:32:02.661,0.1614,0.1615,1.0,0.1606,10.0,10464.0,93.0
2021-01-05 09:32:03.180,0.1614,0.1615,1.0,0.1606,10.0,10464.0,93.0
2021-01-05 09:32:03.641,0.1619,0.1619,11.0,0.1606,10.0,10464.0,103.0
2021-01-05 09:32:04.150,0.1619,0.1624,30.0,0.1606,10.0,10464.0,103.0
2021-01-05 09:32:04.661,0.1619,0.1624,30.0,0.1605,10.0,10464.0,103.0
2021-01-05 09:32:05.141,0.1619,0.1624,30.0,0.1599,40.0,10464.0,103.0
2021-01-05 09:32:05.660,0.1619,0.1624,30.0,0.1606,1.0,10464.0,103.0
2021-01-05 09:32:06.161,0.1619,0.1623,1.0,0.1606,1.0,10464.0,103.0
2021-01-05 09:32:06.680,0.1606,0.1602,2.0,0.1599,10.0,10463.0,104.0
2021-01-05 09:32:07.070,0.1602,0.1618,10.0,0.1599,13.0,10463.0,106.0
2021-01-05 09:32:07.570,0.1602,0.1623,10.0,0.16,10.0,10463.0,106.0
2021-01-05 09:32:08.171,0.1602,0.1623,10.0,0.1601,13.0,10463.0,106.0
2021-01-05 09:32:08.670,0.1602,0.1623,10.0,0.1599,20.0,10463.0,106.0
2021-01-05 09:32:09.141,0.1602,0.1623,10.0,0.1599,10.0,10463.0,106.0
2021-01-05 09:32:09.681,0.1602,0.1623,10.0,0.1599,10.0,10463.0,106.0
2021-01-05 09:32:10.071,0.1602,0.1623,10.0,0.1599,10.0,10463.0,106.0
2021-01-05 09:32:10.551,0.1602,0.1623,10.0,0.1599,10.0,10463.0,106.0
2021-01-05 09:32:11.170,0.1602,0.1623,10.0,0.1599,10.0,10463.0,106.0
2021-01-05 09:32:11.650,0.1602,0.1623,10.0,0.16,13.0,10463.0,106.0
2021-01-05 09:32:12.161,0.1602,0.1623,10.0,0.1601,10.0,10463.0,106.0
2021-01-05 09:32:12.670,0.1602,0.1623,10.0,0.1602,10.0,10463.0,106.0
2021-01-05 09:32:13.171,0.1602,0.1623,10.0,0.1601,10.0,10463.0,106.0
2021-01-05 09:32:14.180,0.1602,0.1623,10.0,0.1601,10.0,10463.0,106.0
2021-01-05 09:32:14.660,0.1602,0.1623,10.0,0.1601,3.0,10463.0,106.0
2021-01-05 09:32:15.171,0.1602,0.1623,10.0,0.1601,3.0,10463.0,106.0
2021-01-05 09:32:15.671,0.1602,0.1623,10.0,0.1599,13.0,10463.0,106.0
2021-01-05 09:32:16.151,0.1602,0.1623,10.0,0.1599,13.0,10463.0,106.0
2021-01-05 09:32:17.161,0.1602,0.1623,10.0,0.1599,23.0,10463.0,106.0
2021-01-05 09:32:17.651,0.1602,0.1623,10.0,0.1599,13.0,10463.0,106.0
2021-01-05 09:32:18.130,0.1602,0.1623,10.0,0.1599,13.0,10463.0,106.0
2021-01-05 09:32:18.670,0.1602,0.1623,10.0,0.1599,13.0,10463.0,106.0
2021-01-05 09:32:18.990,0.1602,0.1615,3.0,0.1599,13.0,10463.0,106.0
2021-01-05 09:32:19.640,0.1602,0.1615,23.0,0.1599,13.0,10463.0,106.0
2021-01-05 09:32:20.671,0.1602,0.1615,23.0,0.1599,13.0,10463.0,106.0
2021-01-05 09:32:21.130,0.1602,0.1615,23.0,0.16,10.0,10463.0,106.0
2021-01-05 09:32:21.680,0.1602,0.1615,23.0,0.1602,10.0,10463.0,106.0
2021-01-05 09:32:22.181,0.1602,0.1615,3.0,0.1601,3.0,10463.0,106.0
2021-01-05 09:32:22.660,0.1602,0.1615,3.0,0.1608,10.0,10463.0,106.0
2021-01-05 09:32:24.091,0.1602,0.1615,3.0,0.1608,10.0,10463.0,106.0
2021-01-05 09:32:24.640,0.1602,0.1615,3.0,0.1608,10.0,10463.0,106.0
2021-01-05 09:32:25.170,0.1602,0.1615,3.0,0.1608,10.0,10463.0,106.0
2021-01-05 09:32:25.670,0.1602,0.1615,3.0,0.1608,10.0,10463.0,106.0
2021-01-05 09:32:26.171,0.1602,0.1615,3.0,0.1601,10.0,10463.0,106.0
2021-01-05 09:32:26.650,0.1602,0.1615,3.0,0.1601,10.0,10463.0,106.0
2021-01-05 09:32:27.151,0.1602,0.1615,3.0,0.1601,10.0,10463.0,106.0
2021-01-05 09:32:27.641,0.1602,0.1614,10.0,0.1598,3.0,10463.0,106.0
2021-01-05 09:32:28.171,0.1602,0.1614,10.0,0.1598,3.0,10463.0,106.0
2021-01-05 09:32:28.630,0.1602,0.1614,10.0,0.1595,13.0,10463.0,106.0
2021-01-05 09:32:30.171,0.1602,0.1614,10.0,0.1596,10.0,10463.0,106.0
2021-01-05 09:32:31.151,0.1602,0.1614,10.0,0.1595,3.0,10463.0,106.0
2021-01-05 09:32:32.121,0.1602,0.1615,13.0,0.16,10.0,10463.0,106.0
2021-01-05 09:32:33.141,0.1602,0.1615,13.0,0.16,10.0,10463.0,106.0
2021-01-05 09:32:33.671,0.1602,0.1615,13.0,0.16,10.0,10463.0,106.0
2021-01-05 09:32:34.171,0.1602,0.1615,13.0,0.16,10.0,10463.0,106.0
2021-01-05 09:32:34.691,0.1602,0.1615,13.0,0.16,10.0,10463.0,106.0
2021-01-05 09:32:35.170,0.1602,0.1615,13.0,0.16,13.0,10463.0,106.0
2021-01-05 09:32:36.190,0.1602,0.1615,33.0,0.16,10.0,10463.0,106.0
2021-01-05 09:32:36.691,0.1602,0.1615,33.0,0.16,10.0,10463.0,106.0
2021-01-05 09:32:39.630,0.1602,0.1615,33.0,0.16,10.0,10463.0,106.0
2021-01-05 09:32:41.690,0.1602,0.1611,10.0,0.1595,10.0,10463.0,106.0
2021-01-05 09:32:42.201,0.1602,0.1611,10.0,0.1596,3.0,10463.0,106.0
2021-01-05 09:32:42.700,0.1602,0.1611,30.0,0.1596,3.0,10463.0,106.0
2021-01-05 09:32:44.151,0.1602,0.1611,10.0,0.1596,23.0,10463.0,106.0
2021-01-05 09:32:44.700,0.1602,0.1613,20.0,0.16,10.0,10463.0,106.0
2021-01-05 09:32:45.580,0.1602,0.1615,3.0,0.16,10.0,10463.0,106.0
2021-01-05 09:32:46.160,0.1602,0.1615,23.0,0.16,10.0,10463.0,106.0
2021-01-05 09:32:47.701,0.1602,0.1611,10.0,0.1596,3.0,10463.0,106.0
2021-01-05 09:32:48.181,0.1602,0.1611,10.0,0.1595,10.0,10463.0,106.0
2021-01-05 09:32:48.690,0.1602,0.1611,30.0,0.1595,10.0,10463.0,106.0
2021-01-05 09:32:49.190,0.1602,0.1611,30.0,0.1595,10.0,10463.0,106.0
2021-01-05 09:32:49.611,0.1602,0.1602,20.0,0.1586,10.0,10463.0,106.0
2021-01-05 09:32:50.171,0.1602,0.1599,10.0,0.1579,20.0,10463.0,106.0
2021-01-05 09:32:50.650,0.1602,0.1602,40.0,0.1588,10.0,10463.0,106.0
2021-01-05 09:32:51.170,0.1602,0.1602,20.0,0.1587,10.0,10463.0,106.0
2021-01-05 09:32:51.641,0.1602,0.1602,20.0,0.1583,3.0,10463.0,106.0
2021-01-05 09:32:52.191,0.1602,0.1602,20.0,0.1587,10.0,10463.0,106.0
2021-01-05 09:32:52.671,0.1602,0.1602,20.0,0.1587,10.0,10463.0,106.0
2021-01-05 09:32:53.161,0.1602,0.1602,20.0,0.1587,10.0,10463.0,106.0
2021-01-05 09:32:53.641,0.1602,0.1602,20.0,0.1587,23.0,10463.0,106.0
2021-01-05 09:32:53.641,0.1602,0.1602,20.0,0.1589,10.0,10463.0,106.0
2021-01-05 09:32:54.671,0.1602,0.1602,20.0,0.159,10.0,10463.0,106.0
2021-01-05 09:32:55.170,0.1602,0.1602,20.0,0.1588,10.0,10463.0,106.0
2021-01-05 09:32:55.650,0.1602,0.1602,20.0,0.1587,13.0,10463.0,106.0
2021-01-05 09:32:56.021,0.1602,0.1602,20.0,0.1587,20.0,10463.0,106.0
2021-01-05 09:32:56.611,0.1602,0.1602,20.0,0.1587,10.0,10463.0,106.0
2021-01-05 09:32:57.151,0.1602,0.1602,20.0,0.1587,10.0,10463.0,106.0
2021-01-05 09:32:57.600,0.1602,0.1602,20.0,0.1589,10.0,10463.0,106.0
2021-01-05 09:32:57.600,0.1602,0.1602,20.0,0.1587,10.0,10463.0,106.0
2021-01-05 09:32:58.651,0.1602,0.1602,20.0,0.1587,10.0,10463.0,106.0
2021-01-05 09:32:59.170,0.1602,0.1602,20.0,0.1587,10.0,10463.0,106.0
2021-01-05 09:33:00.111,0.1602,0.1602,20.0,0.1587,10.0,10463.0,106.0
2021-01-05 09:33:00.651,0.1602,0.1602,20.0,0.1587,10.0,10463.0,106.0
2021-01-05 09:33:01.141,0.1587,0.1602,20.0,0.1587,25.0,10468.0,111.0
2021-01-05 09:33:01.661,0.1587,0.1602,20.0,0.159,10.0,10468.0,111.0
2021-01-05 09:33:02.130,0.1612,0.1613,20.0,0.159,30.0,10448.0,141.0
2021-01-05 09:33:02.620,0.1612,0.1611,10.0,0.1596,10.0,10448.0,141.0
2021-01-05 09:33:03.171,0.1612,0.1611,10.0,0.1596,30.0,10448.0,141.0
2021-01-05 09:33:03.681,0.1612,0.1616,22.0,0.1597,10.0,10448.0,141.0
2021-01-05 09:33:03.871,0.1612,0.1616,2.0,0.1597,10.0,10448.0,141.0
2021-01-05 09:33:04.651,0.1612,0.1616,12.0,0.1597,10.0,10448.0,141.0
2021-01-05 09:33:05.181,0.1612,0.1616,2.0,0.1598,3.0,10448.0,141.0
2021-01-05 09:33:05.690,0.1603,0.1616,2.0,0.1603,9.0,10448.0,142.0
2021-01-05 09:33:06.170,0.1603,0.1616,2.0,0.1604,3.0,10448.0,142.0
2021-01-05 09:33:06.651,0.1603,0.1615,1.0,0.1604,3.0,10448.0,142.0
2021-01-05 09:33:07.171,0.1603,0.1615,1.0,0.1604,3.0,10448.0,142.0
2021-01-05 09:33:07.601,0.1603,0.1615,1.0,0.1604,3.0,10448.0,142.0
2021-01-05 09:33:08.191,0.1603,0.1615,1.0,0.1603,29.0,10448.0,142.0
2021-01-05 09:33:08.681,0.1603,0.1615,1.0,0.1603,29.0,10448.0,142.0
2021-01-05 09:33:09.181,0.1603,0.1615,1.0,0.1603,9.0,10448.0,142.0
2021-01-05 09:33:09.630,0.1603,0.1615,1.0,0.1602,10.0,10448.0,142.0
2021-01-05 09:33:10.180,0.1603,0.1615,1.0,0.1603,20.0,10448.0,142.0
2021-01-05 09:33:10.681,0.1603,0.1615,1.0,0.1606,10.0,10448.0,142.0
2021-01-05 09:33:11.180,0.1603,0.1615,1.0,0.1606,10.0,10448.0,142.0
2021-01-05 09:33:12.181,0.1603,0.1615,1.0,0.1606,10.0,10448.0,142.0
2021-01-05 09:33:12.650,0.1603,0.1615,1.0,0.1606,10.0,10448.0,142.0
2021-01-05 09:33:13.100,0.1603,0.1615,1.0,0.1602,10.0,10448.0,142.0
2021-01-05 09:33:13.691,0.1603,0.1615,1.0,0.1608,10.0,10448.0,142.0
2021-01-05 09:33:14.070,0.1608,0.1615,1.0,0.1608,7.0,10448.0,145.0
2021-01-05 09:33:14.600,0.1608,0.1615,1.0,0.1608,7.0,10448.0,145.0
2021-01-05 09:33:15.651,0.1608,0.1615,1.0,0.1614,10.0,10448.0,145.0
2021-01-05 09:33:15.881,0.1608,0.1615,1.0,0.1614,10.0,10448.0,145.0
2021-01-05 09:33:16.671,0.1608,0.1615,1.0,0.1614,10.0,10448.0,145.0
2021-01-05 09:33:17.190,0.1608,0.1615,1.0,0.1614,10.0,10448.0,145.0
2021-01-05 09:33:17.691,0.1615,0.1616,2.0,0.1614,10.0,10448.0,146.0
2021-01-05 09:33:18.160,0.1625,0.1625,2.0,0.1615,3.0,10448.0,156.0
2021-01-05 09:33:18.680,0.1625,0.1625,2.0,0.1615,3.0,10448.0,156.0
2021-01-05 09:33:19.191,0.1625,0.1625,2.0,0.1615,3.0,10448.0,156.0
2021-01-05 09:33:19.660,0.1625,0.1629,10.0,0.1618,10.0,10448.0,156.0
2021-01-05 09:33:19.950,0.1625,0.1629,20.0,0.1619,3.0,10448.0,156.0
2021-01-05 09:33:20.551,0.1625,0.1629,30.0,0.1619,3.0,10448.0,156.0
2021-01-05 09:33:21.160,0.1625,0.1629,20.0,0.1619,3.0,10448.0,156.0
2021-01-05 09:33:21.681,0.1625,0.1629,10.0,0.1619,3.0,10448.0,156.0
2021-01-05 09:33:22.150,0.1625,0.1629,10.0,0.1619,3.0,10448.0,156.0
2021-01-05 09:33:22.670,0.1625,0.1629,10.0,0.1619,3.0,10448.0,156.0
2021-01-05 09:33:23.151,0.1625,0.1629,10.0,0.1619,3.0,10448.0,156.0
2021-01-05 09:33:23.660,0.1625,0.1629,10.0,0.1619,3.0,10448.0,156.0
2021-01-05 09:33:24.171,0.1625,0.1629,10.0,0.1619,3.0,10448.0,156.0
2021-01-05 09:33:24.661,0.1625,0.1629,10.0,0.1619,3.0,10448.0,156.0
2021-01-05 09:33:25.671,0.1625,0.1629,30.0,0.1619,3.0,10448.0,156.0
2021-01-05 09:33:26.161,0.1625,0.1625,10.0,0.1619,3.0,10448.0,156.0
2021-01-05 09:33:26.651,0.1619,0.1625,10.0,0.1614,10.0,10445.0,159.0
2021-01-05 09:33:27.171,0.1619,0.1625,10.0,0.1618,3.0,10445.0,159.0
2021-01-05 09:33:27.681,0.1619,0.1625,10.0,0.1618,3.0,10445.0,159.0
2021-01-05 09:33:28.180,0.1619,0.1625,10.0,0.1614,10.0,10445.0,159.0
2021-01-05 09:33:28.670,0.1619,0.1625,10.0,0.1614,13.0,10445.0,159.0
2021-01-05 09:33:29.171,0.1619,0.1625,10.0,0.1614,13.0,10445.0,159.0
2021-01-05 09:33:30.180,0.1619,0.1625,10.0,0.1614,13.0,10445.0,159.0
2021-01-05 09:33:31.680,0.1619,0.1625,10.0,0.1614,13.0,10445.0,159.0
2021-01-05 09:33:32.170,0.1619,0.1625,10.0,0.1614,13.0,10445.0,159.0
2021-01-05 09:33:32.620,0.1619,0.1625,10.0,0.1614,13.0,10445.0,159.0
2021-01-05 09:33:35.690,0.1619,0.1625,10.0,0.1614,13.0,10445.0,159.0
2021-01-05 09:33:36.101,0.1619,0.1625,10.0,0.1614,13.0,10445.0,159.0
2021-01-05 09:33:36.681,0.1619,0.1625,10.0,0.1614,13.0,10445.0,159.0
2021-01-05 09:33:37.190,0.1619,0.1625,10.0,0.1614,13.0,10445.0,159.0
2021-01-05 09:33:37.640,0.1619,0.1629,1.0,0.1619,10.0,10445.0,159.0
2021-01-05 09:33:38.120,0.1619,0.1629,1.0,0.1619,10.0,10445.0,159.0
2021-01-05 09:33:38.621,0.1619,0.1629,1.0,0.1619,10.0,10445.0,159.0
2021-01-05 09:33:39.201,0.1619,0.1629,1.0,0.1619,10.0,10445.0,159.0
2021-01-05 09:33:39.641,0.1619,0.1629,1.0,0.1619,10.0,10445.0,159.0
2021-01-05 09:33:40.160,0.1619,0.1629,1.0,0.1619,10.0,10445.0,159.0
2021-01-05 09:33:40.690,0.1619,0.1629,1.0,0.1616,3.0,10445.0,159.0
2021-01-05 09:33:41.161,0.1619,0.1629,1.0,0.1616,3.0,10445.0,159.0
2021-01-05 09:33:41.691,0.1619,0.1629,1.0,0.1616,3.0,10445.0,159.0
2021-01-05 09:33:42.160,0.1619,0.1629,1.0,0.1615,10.0,10445.0,159.0
2021-01-05 09:33:43.180,0.1619,0.1626,10.0,0.1614,3.0,10445.0,159.0
2021-01-05 09:33:43.681,0.1614,0.1626,30.0,0.161,10.0,10442.0,162.0
2021-01-05 09:33:44.110,0.1614,0.1626,30.0,0.161,10.0,10442.0,162.0
2021-01-05 09:33:44.671,0.1614,0.1626,30.0,0.161,10.0,10442.0,162.0
2021-01-05 09:33:45.180,0.1614,0.1626,30.0,0.1611,3.0,10442.0,162.0
2021-01-05 09:33:45.660,0.1614,0.1626,30.0,0.161,10.0,10442.0,162.0
2021-01-05 09:33:46.161,0.1614,0.1626,30.0,0.161,10.0,10442.0,162.0
2021-01-05 09:33:46.680,0.1614,0.1625,14.0,0.161,10.0,10442.0,162.0
2021-01-05 09:33:47.191,0.1614,0.1621,10.0,0.1611,1.0,10442.0,162.0
2021-01-05 09:33:47.681,0.1614,0.1621,10.0,0.1611,1.0,10442.0,162.0
2021-01-05 09:33:48.171,0.1614,0.1621,44.0,0.1602,20.0,10442.0,162.0
2021-01-05 09:33:48.680,0.1614,0.1621,44.0,0.1603,3.0,10442.0,162.0
2021-01-05 09:33:49.051,0.1614,0.162,1.0,0.1603,3.0,10442.0,162.0
2021-01-05 09:33:49.681,0.1614,0.1619,14.0,0.1604,1.0,10442.0,162.0
2021-01-05 09:33:50.040,0.1614,0.1619,34.0,0.1604,1.0,10442.0,162.0
2021-01-05 09:33:50.670,0.1614,0.1619,34.0,0.1604,1.0,10442.0,162.0
2021-01-05 09:33:51.581,0.1614,0.1619,44.0,0.1605,3.0,10442.0,162.0
2021-01-05 09:33:52.661,0.1614,0.1619,44.0,0.1604,1.0,10442.0,162.0
2021-01-05 09:33:53.650,0.1614,0.1619,44.0,0.1605,10.0,10442.0,162.0
2021-01-05 09:33:55.181,0.1614,0.1619,44.0,0.1605,10.0,10442.0,162.0
2021-01-05 09:33:55.650,0.1614,0.1615,10.0,0.1604,11.0,10442.0,162.0
2021-01-05 09:33:56.120,0.1614,0.1615,10.0,0.1604,1.0,10442.0,162.0
2021-01-05 09:33:56.651,0.1614,0.1615,30.0,0.1605,3.0,10442.0,162.0
2021-01-05 09:33:57.171,0.1614,0.1615,30.0,0.1605,3.0,10442.0,162.0
2021-01-05 09:33:57.671,0.1605,0.1615,40.0,0.1604,1.0,10442.0,165.0
2021-01-05 09:33:58.170,0.1605,0.1615,40.0,0.1604,1.0,10442.0,165.0
2021-01-05 09:33:58.670,0.1604,0.1614,14.0,0.1591,20.0,10441.0,166.0
2021-01-05 09:33:59.140,0.1604,0.1614,24.0,0.1592,3.0,10441.0,166.0
2021-01-05 09:33:59.590,0.1604,0.1613,1.0,0.1592,4.0,10441.0,166.0
2021-01-05 09:34:00.191,0.1604,0.1613,21.0,0.1592,4.0,10441.0,166.0
2021-01-05 09:34:00.671,0.1604,0.1612,14.0,0.1592,1.0,10441.0,166.0
2021-01-05 09:34:01.081,0.1604,0.1612,14.0,0.1592,1.0,10441.0,166.0
2021-01-05 09:34:01.661,0.1604,0.1612,14.0,0.1592,1.0,10441.0,166.0
2021-01-05 09:34:02.671,0.1604,0.1612,14.0,0.1592,1.0,10441.0,166.0
2021-01-05 09:34:03.171,0.1604,0.1606,10.0,0.1592,1.0,10441.0,166.0
2021-01-05 09:34:03.411,0.1604,0.1606,30.0,0.1592,1.0,10441.0,166.0
2021-01-05 09:34:04.070,0.1606,0.1606,28.0,0.1592,1.0,10439.0,168.0
2021-01-05 09:34:06.671,0.1606,0.16,10.0,0.1592,1.0,10439.0,168.0
2021-01-05 09:34:07.130,0.1606,0.16,30.0,0.1592,1.0,10439.0,168.0
2021-01-05 09:34:07.601,0.1606,0.16,30.0,0.1589,10.0,10439.0,168.0
2021-01-05 09:34:08.171,0.1606,0.1596,10.0,0.1585,10.0,10439.0,168.0
2021-01-05 09:34:08.690,0.1606,0.1596,30.0,0.1585,10.0,10439.0,168.0
2021-01-05 09:34:09.170,0.1606,0.1596,20.0,0.1582,3.0,10439.0,168.0
2021-01-05 09:34:09.670,0.1606,0.1598,40.0,0.1585,10.0,10439.0,168.0
2021-01-05 09:34:10.140,0.1606,0.1598,30.0,0.1584,10.0,10439.0,168.0
2021-01-05 09:34:10.690,0.1606,0.1598,30.0,0.1586,10.0,10439.0,168.0
2021-01-05 09:34:11.681,0.1606,0.1598,10.0,0.1587,3.0,10439.0,168.0
2021-01-05 09:34:12.121,0.1606,0.1598,10.0,0.1587,3.0,10439.0,168.0
2021-01-05 09:34:12.640,0.1606,0.1599,10.0,0.1588,10.0,10439.0,168.0
2021-01-05 09:34:13.191,0.1606,0.1599,30.0,0.1588,10.0,10439.0,168.0
2021-01-05 09:34:13.671,0.1606,0.1599,10.0,0.1588,10.0,10439.0,168.0
2021-01-05 09:34:14.181,0.1606,0.1604,10.0,0.1593,10.0,10439.0,168.0
2021-01-05 09:34:14.691,0.1606,0.1604,10.0,0.1593,10.0,10439.0,168.0
2021-01-05 09:34:15.181,0.1606,0.1609,20.0,0.1599,10.0,10439.0,168.0
2021-01-05 09:34:15.681,0.1606,0.1605,20.0,0.1599,10.0,10439.0,168.0
2021-01-05 09:34:16.190,0.1606,0.1599,6.0,0.1595,10.0,10439.0,168.0
2021-01-05 09:34:16.620,0.1606,0.1599,6.0,0.1595,10.0,10439.0,168.0
2021-01-05 09:34:17.070,0.1606,0.1599,6.0,0.1595,10.0,10439.0,168.0
2021-01-05 09:34:17.690,0.1606,0.1599,6.0,0.1595,10.0,10439.0,168.0
2021-01-05 09:34:18.201,0.1606,0.1599,6.0,0.159,10.0,10439.0,168.0
2021-01-05 09:34:18.620,0.1606,0.1599,6.0,0.159,10.0,10439.0,168.0
2021-01-05 09:34:19.041,0.1606,0.1599,6.0,0.159,10.0,10439.0,168.0
2021-01-05 09:34:19.700,0.1606,0.1599,6.0,0.1594,10.0,10439.0,168.0
2021-01-05 09:34:20.180,0.1606,0.1599,6.0,0.1594,10.0,10439.0,168.0
2021-01-05 09:34:20.651,0.1594,0.1599,6.0,0.1588,1.0,10449.0,178.0
2021-01-05 09:34:21.200,0.1594,0.1599,6.0,0.159,10.0,10449.0,178.0
2021-01-05 09:34:21.690,0.1594,0.1599,6.0,0.159,10.0,10449.0,178.0
2021-01-05 09:34:22.151,0.1594,0.1599,16.0,0.1588,1.0,10449.0,178.0
2021-01-05 09:34:22.651,0.1594,0.1599,16.0,0.1588,1.0,10449.0,178.0
2021-01-05 09:34:23.181,0.1594,0.1599,16.0,0.1581,10.0,10449.0,178.0
2021-01-05 09:34:23.640,0.1594,0.1599,16.0,0.1582,3.0,10449.0,178.0
2021-01-05 09:34:24.170,0.1594,0.1599,16.0,0.1582,4.0,10449.0,178.0
2021-01-05 09:34:24.380,0.1594,0.1599,26.0,0.1582,4.0,10449.0,178.0
2021-01-05 09:34:25.171,0.1594,0.1599,26.0,0.1582,4.0,10449.0,178.0
2021-01-05 09:34:25.671,0.1594,0.1599,26.0,0.1582,4.0,10449.0,178.0
2021-01-05 09:34:26.170,0.1594,0.1599,40.0,0.1582,4.0,10449.0,178.0
2021-01-05 09:34:26.641,0.1594,0.1597,12.0,0.1582,4.0,10449.0,178.0
2021-01-05 09:34:27.150,0.1594,0.1597,12.0,0.1582,4.0,10449.0,178.0
2021-01-05 09:34:27.690,0.1594,0.1597,42.0,0.1582,4.0,10449.0,178.0
2021-01-05 09:34:28.120,0.1594,0.1595,12.0,0.1582,16.0,10449.0,178.0
2021-01-05 09:34:28.621,0.1594,0.1595,12.0,0.1582,1.0,10449.0,178.0
2021-01-05 09:34:29.090,0.1594,0.1594,10.0,0.1583,10.0,10449.0,178.0
2021-01-05 09:34:29.601,0.1594,0.1592,12.0,0.1583,10.0,10449.0,178.0
2021-01-05 09:34:30.681,0.1594,0.1593,12.0,0.1583,22.0,10449.0,178.0
2021-01-05 09:34:31.190,0.1594,0.1592,12.0,0.1583,10.0,10449.0,178.0
2021-01-05 09:34:31.280,0.1594,0.1592,12.0,0.1583,10.0,10449.0,178.0
2021-01-05 09:34:32.150,0.1594,0.1591,12.0,0.1583,10.0,10449.0,178.0
2021-01-05 09:34:33.090,0.1594,0.1591,12.0,0.1583,10.0,10449.0,178.0
2021-01-05 09:34:33.691,0.1594,0.159,10.0,0.1582,1.0,10449.0,178.0
2021-01-05 09:34:34.171,0.1594,0.1588,12.0,0.1579,10.0,10449.0,178.0
2021-01-05 09:34:34.640,0.1594,0.1588,12.0,0.1579,10.0,10449.0,178.0
2021-01-05 09:34:35.670,0.1594,0.1588,32.0,0.1579,10.0,10449.0,178.0
2021-01-05 09:34:36.171,0.1594,0.1586,12.0,0.1579,10.0,10449.0,178.0
2021-01-05 09:34:36.680,0.1594,0.1586,12.0,0.1579,10.0,10449.0,178.0
2021-01-05 09:34:37.700,0.1594,0.1586,42.0,0.1575,10.0,10449.0,178.0
2021-01-05 09:34:38.171,0.1594,0.1584,12.0,0.1575,10.0,10449.0,178.0
2021-01-05 09:34:38.690,0.1594,0.1584,12.0,0.1575,10.0,10449.0,178.0
2021-01-05 09:34:39.091,0.1594,0.1584,20.0,0.1577,10.0,10449.0,178.0
2021-01-05 09:34:39.470,0.1594,0.1582,12.0,0.1577,10.0,10449.0,178.0
2021-01-05 09:34:40.171,0.1577,0.1582,32.0,0.1567,30.0,10459.0,188.0
2021-01-05 09:34:40.601,0.1577,0.1582,20.0,0.1577,10.0,10459.0,188.0
2021-01-05 09:34:41.201,0.1577,0.158,12.0,0.1577,10.0,10459.0,188.0
2021-01-05 09:34:41.700,0.1577,0.1581,20.0,0.1577,10.0,10459.0,188.0
2021-01-05 09:34:42.171,0.1577,0.1581,20.0,0.1577,10.0,10459.0,188.0
2021-01-05 09:34:42.680,0.1577,0.1582,12.0,0.1577,10.0,10459.0,188.0
2021-01-05 09:34:43.191,0.1577,0.1582,32.0,0.1577,10.0,10459.0,188.0
2021-01-05 09:34:43.671,0.1577,0.1582,20.0,0.1577,10.0,10459.0,188.0
2021-01-05 09:34:44.151,0.1577,0.1582,20.0,0.1574,12.0,10459.0,188.0
2021-01-05 09:34:44.701,0.1577,0.1584,32.0,0.1574,12.0,10459.0,188.0
2021-01-05 09:34:45.200,0.1577,0.1584,32.0,0.1574,12.0,10459.0,188.0
2021-01-05 09:34:46.140,0.1577,0.1581,10.0,0.1572,12.0,10459.0,188.0
2021-01-05 09:34:46.660,0.1577,0.1581,30.0,0.1572,12.0,10459.0,188.0
2021-01-05 09:34:47.701,0.1577,0.1581,30.0,0.1572,12.0,10459.0,188.0
2021-01-05 09:34:49.210,0.1577,0.1581,30.0,0.1572,12.0,10459.0,188.0
2021-01-05 09:34:50.161,0.1577,0.1584,20.0,0.1574,10.0,10459.0,188.0
2021-01-05 09:34:50.700,0.1577,0.1583,1.0,0.1575,12.0,10459.0,188.0
2021-01-05 09:34:51.200,0.1577,0.1583,1.0,0.1575,12.0,10459.0,188.0
2021-01-05 09:34:51.701,0.1577,0.1583,1.0,0.1575,12.0,10459.0,188.0
2021-01-05 09:34:52.220,0.1577,0.1583,11.0,0.1575,12.0,10459.0,188.0
2021-01-05 09:34:52.650,0.1577,0.1583,11.0,0.1569,12.0,10459.0,188.0
2021-01-05 09:34:53.180,0.1577,0.1581,12.0,0.1569,12.0,10459.0,188.0
2021-01-05 09:34:53.651,0.1577,0.1577,10.0,0.1567,3.0,10459.0,188.0
2021-01-05 09:34:54.170,0.1577,0.1577,22.0,0.1567,15.0,10459.0,188.0
2021-01-05 09:34:54.621,0.1577,0.1575,12.0,0.1562,12.0,10459.0,188.0
2021-01-05 09:34:55.040,0.1571,0.1575,32.0,0.1559,13.0,10449.0,198.0
2021-01-05 09:34:55.680,0.1571,0.157,10.0,0.1559,13.0,10449.0,198.0
2021-01-05 09:34:56.131,0.1571,0.1568,12.0,0.1559,25.0,10449.0,198.0
2021-01-05 09:34:56.600,0.1571,0.1568,12.0,0.1559,10.0,10449.0,198.0
2021-01-05 09:34:57.130,0.1571,0.1567,12.0,0.1559,10.0,10449.0,198.0
2021-01-05 09:34:57.670,0.1571,0.1567,12.0,0.1559,10.0,10449.0,198.0
2021-01-05 09:34:58.160,0.1571,0.1566,10.0,0.1558,12.0,10449.0,198.0
2021-01-05 09:34:58.640,0.1571,0.1566,10.0,0.1558,12.0,10449.0,198.0
2021-01-05 09:34:59.170,0.1571,0.1565,10.0,0.1556,3.0,10449.0,198.0
2021-01-05 09:34:59.610,0.1571,0.1566,32.0,0.1556,15.0,10449.0,198.0
2021-01-05 09:35:00.160,0.1571,0.1566,20.0,0.1558,12.0,10449.0,198.0
2021-01-05 09:35:00.630,0.1571,0.1562,10.0,0.1557,12.0,10449.0,198.0
2021-01-05 09:35:01.070,0.1571,0.1562,10.0,0.1558,12.0,10449.0,198.0
2021-01-05 09:35:01.620,0.1571,0.1562,10.0,0.1558,12.0,10449.0,198.0
2021-01-05 09:35:02.680,0.1571,0.1567,10.0,0.1559,12.0,10449.0,198.0
2021-01-05 09:35:03.180,0.1571,0.1567,20.0,0.156,12.0,10449.0,198.0
2021-01-05 09:35:03.510,0.1571,0.1572,10.0,0.1562,10.0,10449.0,198.0
2021-01-05 09:35:04.061,0.1571,0.1566,10.0,0.1563,12.0,10449.0,198.0
2021-01-05 09:35:05.180,0.1571,0.157,14.0,0.156,12.0,10449.0,198.0
2021-01-05 09:35:05.671,0.1571,0.157,14.0,0.156,12.0,10449.0,198.0
2021-01-05 09:35:06.180,0.1571,0.157,14.0,0.156,12.0,10449.0,198.0
2021-01-05 09:35:06.421,0.1571,0.157,44.0,0.156,10.0,10449.0,198.0
2021-01-05 09:35:07.131,0.1571,0.157,30.0,0.1561,12.0,10449.0,198.0
2021-01-05 09:35:07.650,0.1571,0.1568,12.0,0.1558,10.0,10449.0,198.0
2021-01-05 09:35:08.171,0.1571,0.1566,10.0,0.1557,10.0,10449.0,198.0
2021-01-05 09:35:09.191,0.1557,0.1563,12.0,0.1554,9.0,10449.0,199.0
2021-01-05 09:35:09.700,0.1557,0.1562,14.0,0.1554,9.0,10449.0,199.0
2021-01-05 09:35:10.180,0.1557,0.156,12.0,0.1554,10.0,10449.0,199.0
2021-01-05 09:35:10.691,0.1557,0.156,12.0,0.1554,10.0,10449.0,199.0
2021-01-05 09:35:11.160,0.1557,0.156,12.0,0.1553,10.0,10449.0,199.0
2021-01-05 09:35:11.581,0.1557,0.1554,5.0,0.1552,10.0,10449.0,199.0
2021-01-05 09:35:12.101,0.1557,0.1554,5.0,0.1552,10.0,10449.0,199.0
2021-01-05 09:35:13.181,0.1554,0.1563,20.0,0.1554,8.0,10454.0,204.0
2021-01-05 09:35:13.640,0.1554,0.1564,12.0,0.1557,10.0,10454.0,204.0
2021-01-05 09:35:14.191,0.1554,0.1568,10.0,0.1559,12.0,10454.0,204.0
2021-01-05 09:35:14.700,0.1554,0.1573,10.0,0.1561,10.0,10454.0,204.0
2021-01-05 09:35:15.171,0.1554,0.1572,22.0,0.1563,12.0,10454.0,204.0
2021-01-05 09:35:15.690,0.1554,0.1569,10.0,0.1561,10.0,10454.0,204.0
2021-01-05 09:35:16.151,0.1554,0.1567,22.0,0.1561,10.0,10454.0,204.0
2021-01-05 09:35:16.681,0.1554,0.1565,12.0,0.1561,10.0,10454.0,204.0
2021-01-05 09:35:17.190,0.1554,0.1568,12.0,0.1561,10.0,10454.0,204.0
2021-01-05 09:35:17.670,0.1554,0.1568,12.0,0.1562,10.0,10454.0,204.0
2021-01-05 09:35:18.170,0.1554,0.1568,12.0,0.1561,20.0,10454.0,204.0
2021-01-05 09:35:18.631,0.1554,0.1571,12.0,0.1563,10.0,10454.0,204.0
2021-01-05 09:35:19.670,0.1554,0.1571,12.0,0.1566,10.0,10454.0,204.0
2021-01-05 09:35:20.170,0.1554,0.1571,12.0,0.1566,10.0,10454.0,204.0
2021-01-05 09:35:20.681,0.1554,0.157,22.0,0.1566,10.0,10454.0,204.0
2021-01-05 09:35:21.180,0.1554,0.1566,10.0,0.1563,10.0,10454.0,204.0
2021-01-05 09:35:21.601,0.1554,0.1566,10.0,0.156,10.0,10454.0,204.0
2021-01-05 09:35:22.171,0.1554,0.1564,12.0,0.1559,10.0,10454.0,204.0
2021-01-05 09:35:22.521,0.1554,0.1564,12.0,0.1559,10.0,10454.0,204.0
2021-01-05 09:35:23.680,0.1554,0.1564,12.0,0.1559,10.0,10454.0,204.0
2021-01-05 09:35:24.171,0.1554,0.1567,22.0,0.1559,10.0,10454.0,204.0
2021-01-05 09:35:24.671,0.1554,0.1565,12.0,0.1559,10.0,10454.0,204.0
2021-01-05 09:35:25.170,0.1554,0.1565,12.0,0.1559,10.0,10454.0,204.0
2021-01-05 09:35:25.660,0.1554,0.1564,12.0,0.1558,20.0,10454.0,204.0
2021-01-05 09:35:26.651,0.1554,0.1564,12.0,0.1558,10.0,10454.0,204.0
2021-01-05 09:35:27.641,0.1554,0.1565,12.0,0.1558,20.0,10454.0,204.0
2021-01-05 09:35:28.171,0.1554,0.1565,12.0,0.1558,20.0,10454.0,204.0
2021-01-05 09:35:30.121,0.1554,0.1564,22.0,0.1558,10.0,10454.0,204.0
2021-01-05 09:35:30.690,0.1554,0.1563,12.0,0.1558,10.0,10454.0,204.0
2021-01-05 09:35:31.170,0.1554,0.1563,12.0,0.1558,10.0,10454.0,204.0
2021-01-05 09:35:31.700,0.1554,0.1565,10.0,0.1558,20.0,10454.0,204.0
2021-01-05 09:35:32.161,0.1554,0.1563,12.0,0.1558,10.0,10454.0,204.0
2021-01-05 09:35:32.630,0.1554,0.1562,12.0,0.1558,10.0,10454.0,204.0
2021-01-05 09:35:33.191,0.1554,0.1563,12.0,0.1558,10.0,10454.0,204.0
2021-01-05 09:35:33.650,0.1554,0.1561,10.0,0.1553,20.0,10454.0,204.0
2021-01-05 09:35:34.190,0.1554,0.1559,12.0,0.1553,10.0,10454.0,204.0
2021-01-05 09:35:34.691,0.1554,0.1559,10.0,0.1553,10.0,10454.0,204.0
2021-01-05 09:35:35.200,0.1553,0.1559,12.0,0.1553,9.0,10455.0,205.0
2021-01-05 09:35:35.600,0.1553,0.1558,10.0,0.155,12.0,10455.0,205.0
2021-01-05 09:35:36.180,0.1553,0.1557,12.0,0.1549,10.0,10455.0,205.0
2021-01-05 09:35:36.601,0.1553,0.1556,10.0,0.1548,32.0,10455.0,205.0
2021-01-05 09:35:37.171,0.1553,0.1556,10.0,0.1548,46.0,10455.0,205.0
2021-01-05 09:35:37.640,0.1553,0.1557,10.0,0.155,22.0,10455.0,205.0
2021-01-05 09:35:38.190,0.1553,0.1557,10.0,0.155,22.0,10455.0,205.0
2021-01-05 09:35:38.670,0.1553,0.1559,10.0,0.1552,12.0,10455.0,205.0
2021-01-05 09:35:39.140,0.1553,0.1559,10.0,0.1551,12.0,10455.0,205.0
2021-01-05 09:35:39.690,0.1553,0.1559,10.0,0.1551,12.0,10455.0,205.0
2021-01-05 09:35:40.191,0.1553,0.1563,22.0,0.1553,20.0,10455.0,205.0
2021-01-05 09:35:40.691,0.1553,0.1563,22.0,0.1554,12.0,10455.0,205.0
2021-01-05 09:35:41.190,0.1553,0.1563,12.0,0.1555,10.0,10455.0,205.0
2021-01-05 09:35:41.680,0.1553,0.1563,12.0,0.1555,10.0,10455.0,205.0
2021-01-05 09:35:42.160,0.1553,0.1562,10.0,0.1554,13.0,10455.0,205.0
2021-01-05 09:35:42.670,0.1553,0.156,12.0,0.1554,1.0,10455.0,205.0
2021-01-05 09:35:43.190,0.1553,0.1561,12.0,0.1554,1.0,10455.0,205.0
2021-01-05 09:35:43.661,0.1553,0.1563,20.0,0.1554,1.0,10455.0,205.0
2021-01-05 09:35:44.101,0.1553,0.1561,10.0,0.1554,1.0,10455.0,205.0
2021-01-05 09:35:45.071,0.1553,0.1557,22.0,0.1554,1.0,10455.0,205.0
2021-01-05 09:35:45.670,0.1554,0.1554,1.0,0.1552,10.0,10456.0,206.0
2021-01-05 09:35:46.170,0.1552,0.1554,13.0,0.1549,10.0,10462.0,212.0
2021-01-05 09:35:46.441,0.1552,0.1553,10.0,0.1549,10.0,10462.0,212.0
2021-01-05 09:35:47.101,0.1552,0.1553,10.0,0.1549,10.0,10462.0,212.0
2021-01-05 09:35:47.691,0.1552,0.1552,12.0,0.1546,10.0,10462.0,212.0
2021-01-05 09:35:48.181,0.1552,0.1552,12.0,0.1546,10.0,10462.0,212.0
2021-01-05 09:35:48.650,0.1552,0.1553,10.0,0.1546,20.0,10462.0,212.0
2021-01-05 09:35:49.190,0.1552,0.1551,10.0,0.1546,20.0,10462.0,212.0
2021-01-05 09:35:49.701,0.1552,0.1551,10.0,0.1546,10.0,10462.0,212.0
2021-01-05 09:35:50.150,0.1552,0.1552,22.0,0.1546,10.0,10462.0,212.0
2021-01-05 09:35:50.680,0.1552,0.1552,22.0,0.1546,10.0,10462.0,212.0
2021-01-05 09:35:51.710,0.1552,0.1553,10.0,0.1551,10.0,10462.0,212.0
2021-01-05 09:35:52.190,0.1552,0.1553,10.0,0.1548,10.0,10462.0,212.0
2021-01-05 09:35:52.661,0.1552,0.1553,10.0,0.1548,10.0,10462.0,212.0
2021-01-05 09:35:53.111,0.1552,0.1554,10.0,0.1548,10.0,10462.0,212.0
2021-01-05 09:35:53.631,0.1552,0.1554,10.0,0.1548,10.0,10462.0,212.0
2021-01-05 09:35:54.161,0.1552,0.1555,10.0,0.155,10.0,10462.0,212.0
2021-01-05 09:35:54.640,0.1552,0.1559,22.0,0.155,22.0,10462.0,212.0
2021-01-05 09:35:55.151,0.1552,0.1563,30.0,0.1555,10.0,10462.0,212.0
2021-01-05 09:35:55.691,0.1552,0.1562,12.0,0.1554,10.0,10462.0,212.0
2021-01-05 09:35:56.121,0.1552,0.1559,10.0,0.1554,24.0,10462.0,212.0
2021-01-05 09:35:56.690,0.1552,0.1559,22.0,0.1554,10.0,10462.0,212.0
2021-01-05 09:35:57.681,0.1552,0.1559,10.0,0.1554,10.0,10462.0,212.0
2021-01-05 09:35:58.701,0.1552,0.1559,10.0,0.1554,10.0,10462.0,212.0
2021-01-05 09:35:59.640,0.1552,0.1559,10.0,0.1552,20.0,10462.0,212.0
2021-01-05 09:36:00.201,0.1552,0.1557,12.0,0.1549,10.0,10462.0,212.0
2021-01-05 09:36:00.680,0.1552,0.1558,20.0,0.1549,32.0,10462.0,212.0
2021-01-05 09:36:02.170,0.1552,0.1558,10.0,0.1552,10.0,10462.0,212.0
2021-01-05 09:36:02.701,0.1552,0.156,10.0,0.1558,1.0,10462.0,212.0
2021-01-05 09:36:03.150,0.1552,0.1561,12.0,0.1558,1.0,10462.0,212.0
2021-01-05 09:36:04.201,0.1552,0.1564,12.0,0.1558,1.0,10462.0,212.0
2021-01-05 09:36:04.670,0.1552,0.1564,12.0,0.1557,10.0,10462.0,212.0
2021-01-05 09:36:05.150,0.1552,0.1563,20.0,0.1557,10.0,10462.0,212.0
2021-01-05 09:36:05.690,0.1552,0.1561,12.0,0.1554,10.0,10462.0,212.0
2021-01-05 09:36:06.180,0.1552,0.1561,12.0,0.1554,13.0,10462.0,212.0
2021-01-05 09:36:06.691,0.1552,0.1562,10.0,0.1554,25.0,10462.0,212.0
2021-01-05 09:36:06.940,0.1552,0.156,10.0,0.1554,25.0,10462.0,212.0
2021-01-05 09:36:09.161,0.1552,0.1562,20.0,0.1554,25.0,10462.0,212.0
2021-01-05 09:36:09.691,0.1552,0.1562,20.0,0.1556,10.0,10462.0,212.0
2021-01-05 09:36:10.101,0.1552,0.1562,20.0,0.1556,25.0,10462.0,212.0
2021-01-05 09:36:10.671,0.1552,0.1563,10.0,0.1558,10.0,10462.0,212.0
2021-01-05 09:36:11.180,0.1552,0.1563,10.0,0.1558,10.0,10462.0,212.0
2021-01-05 09:36:11.651,0.1552,0.1561,12.0,0.1558,10.0,10462.0,212.0
2021-01-05 09:36:12.131,0.1552,0.1561,12.0,0.1556,3.0,10462.0,212.0
2021-01-05 09:36:14.150,0.1552,0.1561,22.0,0.1556,3.0,10462.0,212.0
2021-01-05 09:36:14.690,0.1552,0.1561,12.0,0.1556,3.0,10462.0,212.0
2021-01-05 09:36:15.170,0.1552,0.1563,22.0,0.1558,10.0,10462.0,212.0
2021-01-05 09:36:16.150,0.1552,0.1563,12.0,0.1558,10.0,10462.0,212.0
2021-01-05 09:36:18.680,0.1559,0.1565,11.0,0.1559,1.0,10462.0,214.0
2021-01-05 09:36:19.151,0.1559,0.1563,12.0,0.1558,10.0,10462.0,214.0
2021-01-05 09:36:19.691,0.1559,0.1565,33.0,0.1558,10.0,10462.0,214.0
2021-01-05 09:36:20.161,0.1559,0.1565,13.0,0.1558,20.0,10462.0,214.0
2021-01-05 09:36:21.120,0.1559,0.1565,1.0,0.156,10.0,10462.0,214.0
2021-01-05 09:36:21.691,0.1559,0.1565,1.0,0.156,10.0,10462.0,214.0
2021-01-05 09:36:22.171,0.1559,0.1565,13.0,0.156,10.0,10462.0,214.0
2021-01-05 09:36:22.680,0.1559,0.1565,13.0,0.156,20.0,10462.0,214.0
2021-01-05 09:36:23.191,0.1559,0.1565,13.0,0.156,10.0,10462.0,214.0
2021-01-05 09:36:23.681,0.1559,0.1563,10.0,0.1558,10.0,10462.0,214.0
2021-01-05 09:36:24.171,0.1559,0.1562,12.0,0.1556,10.0,10462.0,214.0
2021-01-05 09:36:24.701,0.1559,0.1562,12.0,0.1555,10.0,10462.0,214.0
2021-01-05 09:36:25.181,0.1559,0.1562,12.0,0.1555,14.0,10462.0,214.0
2021-01-05 09:36:25.650,0.1559,0.1563,10.0,0.1557,10.0,10462.0,214.0
2021-01-05 09:36:26.171,0.1559,0.1562,12.0,0.1557,10.0,10462.0,214.0
2021-01-05 09:36:26.651,0.1559,0.1561,10.0,0.1556,10.0,10462.0,214.0
2021-01-05 09:36:27.070,0.1559,0.1561,22.0,0.1555,10.0,10462.0,214.0
2021-01-05 09:36:28.120,0.1559,0.1561,22.0,0.1551,12.0,10462.0,214.0
2021-01-05 09:36:28.681,0.1559,0.1558,10.0,0.155,3.0,10462.0,214.0
2021-01-05 09:36:29.171,0.1559,0.1556,12.0,0.155,3.0,10462.0,214.0
2021-01-05 09:36:29.661,0.1559,0.1556,22.0,0.155,3.0,10462.0,214.0
2021-01-05 09:36:30.161,0.1559,0.1555,20.0,0.1548,13.0,10462.0,214.0
2021-01-05 09:36:30.700,0.1559,0.1555,10.0,0.155,20.0,10462.0,214.0
2021-01-05 09:36:31.181,0.1559,0.1555,10.0,0.155,10.0,10462.0,214.0
2021-01-05 09:36:31.690,0.1559,0.1555,10.0,0.155,20.0,10462.0,214.0
2021-01-05 09:36:32.130,0.1559,0.1555,10.0,0.1551,3.0,10462.0,214.0
2021-01-05 09:36:33.200,0.1559,0.1559,20.0,0.1552,10.0,10462.0,214.0
2021-01-05 09:36:33.670,0.1559,0.1559,20.0,0.1553,12.0,10462.0,214.0
2021-01-05 09:36:34.091,0.1559,0.1559,32.0,0.1551,3.0,10462.0,214.0
2021-01-05 09:36:34.971,0.1559,0.1559,10.0,0.1553,22.0,10462.0,214.0
2021-01-05 09:36:35.701,0.1559,0.1559,10.0,0.1552,20.0,10462.0,214.0
2021-01-05 09:36:36.191,0.1559,0.1559,10.0,0.1552,20.0,10462.0,214.0
2021-01-05 09:36:36.700,0.1559,0.1555,10.0,0.1549,20.0,10462.0,214.0
2021-01-05 09:36:37.190,0.1559,0.1555,10.0,0.1549,44.0,10462.0,214.0
2021-01-05 09:36:38.120,0.1559,0.1555,10.0,0.1549,44.0,10462.0,214.0
2021-01-05 09:36:39.660,0.1559,0.1551,50.0,0.155,10.0,10462.0,214.0
2021-01-05 09:36:39.770,0.1551,0.1551,14.0,0.1549,30.0,10472.0,250.0
2021-01-05 09:36:40.700,0.1551,0.1551,1.0,0.1549,54.0,10484.0,263.0
2021-01-05 09:36:40.961,0.1551,0.1557,10.0,0.1551,2.0,10484.0,264.0
2021-01-05 09:36:41.641,0.1551,0.1558,12.0,0.1552,20.0,10484.0,264.0
2021-01-05 09:36:42.021,0.1551,0.1555,10.0,0.1551,10.0,10484.0,264.0
2021-01-05 09:36:42.690,0.1551,0.1555,10.0,0.1552,10.0,10484.0,264.0
2021-01-05 09:36:43.180,0.1551,0.1555,10.0,0.1551,10.0,10484.0,264.0
2021-01-05 09:36:43.700,0.1551,0.1551,26.0,0.155,10.0,10484.0,288.0
2021-01-05 09:36:44.200,0.1551,0.1551,6.0,0.155,24.0,10504.0,308.0
2021-01-05 09:36:44.680,0.1551,0.1551,6.0,0.155,10.0,10504.0,308.0
2021-01-05 09:36:45.191,0.1551,0.1551,16.0,0.1547,10.0,10504.0,308.0
2021-01-05 09:36:45.631,0.1551,0.155,50.0,0.1547,10.0,10504.0,308.0
2021-01-05 09:36:46.190,0.1551,0.155,50.0,0.1544,10.0,10504.0,308.0
2021-01-05 09:36:46.501,0.1551,0.1547,50.0,0.1544,24.0,10504.0,308.0
2021-01-05 09:36:47.130,0.1551,0.1547,60.0,0.1541,10.0,10504.0,308.0
2021-01-05 09:36:47.660,0.1551,0.1546,12.0,0.1542,14.0,10504.0,308.0
2021-01-05 09:36:48.130,0.1551,0.1545,12.0,0.1542,14.0,10504.0,308.0
2021-01-05 09:36:48.630,0.1547,0.1547,40.0,0.1542,24.0,10504.0,328.0
2021-01-05 09:36:49.170,0.1547,0.1547,38.0,0.1543,12.0,10506.0,330.0
2021-01-05 09:36:50.201,0.1547,0.1547,48.0,0.1542,26.0,10506.0,330.0
2021-01-05 09:36:50.670,0.1547,0.1547,38.0,0.1543,12.0,10506.0,330.0
2021-01-05 09:36:51.171,0.1547,0.1547,38.0,0.1543,12.0,10506.0,330.0
2021-01-05 09:36:51.671,0.1547,0.1547,48.0,0.1543,12.0,10506.0,330.0
2021-01-05 09:36:52.670,0.1547,0.1547,48.0,0.1542,12.0,10506.0,330.0
2021-01-05 09:36:53.191,0.1547,0.1547,48.0,0.1542,12.0,10506.0,330.0
2021-01-05 09:36:53.671,0.1547,0.1547,38.0,0.1542,12.0,10516.0,340.0
2021-01-05 09:36:54.180,0.1547,0.1547,28.0,0.1542,10.0,10516.0,340.0
2021-01-05 09:36:54.291,0.1547,0.1547,28.0,0.1543,36.0,10516.0,340.0
2021-01-05 09:36:55.171,0.1547,0.1547,8.0,0.1543,44.0,10536.0,360.0
2021-01-05 09:36:55.651,0.1549,0.155,58.0,0.1543,56.0,10546.0,370.0
2021-01-05 09:36:56.141,0.1549,0.155,50.0,0.1544,10.0,10546.0,370.0
2021-01-05 09:36:56.691,0.1549,0.1549,10.0,0.1544,10.0,10546.0,370.0
2021-01-05 09:36:57.171,0.1549,0.1549,10.0,0.1544,24.0,10546.0,370.0
2021-01-05 09:36:57.601,0.1549,0.155,60.0,0.1546,12.0,10546.0,370.0
2021-01-05 09:36:58.160,0.1549,0.155,60.0,0.1546,12.0,10546.0,370.0
2021-01-05 09:36:59.181,0.1549,0.155,60.0,0.1546,12.0,10546.0,370.0
2021-01-05 09:36:59.690,0.1549,0.1548,10.0,0.1543,12.0,10546.0,370.0
2021-01-05 09:37:01.640,0.1549,0.1548,10.0,0.1543,22.0,10546.0,370.0
2021-01-05 09:37:02.191,0.1549,0.155,50.0,0.1545,12.0,10546.0,370.0
2021-01-05 09:37:02.640,0.1549,0.155,50.0,0.1545,22.0,10546.0,370.0
2021-01-05 09:37:03.151,0.1549,0.155,60.0,0.1545,22.0,10546.0,370.0
2021-01-05 09:37:03.630,0.1549,0.155,50.0,0.1547,12.0,10546.0,370.0
2021-01-05 09:37:04.200,0.155,0.155,39.0,0.1548,10.0,10556.0,381.0
2021-01-05 09:37:04.690,0.155,0.155,27.0,0.1548,13.0,10568.0,393.0
2021-01-05 09:37:05.140,0.155,0.155,27.0,0.1548,27.0,10568.0,393.0
2021-01-05 09:37:05.701,0.155,0.155,11.0,0.1548,23.0,10580.0,409.0
2021-01-05 09:37:06.171,0.155,0.155,10.0,0.1548,23.0,10580.0,410.0
2021-01-05 09:37:06.171,0.155,0.155,10.0,0.1549,14.0,10580.0,410.0
2021-01-05 09:37:07.180,0.155,0.155,10.0,0.1548,23.0,10580.0,410.0
2021-01-05 09:37:07.681,0.155,0.155,10.0,0.1548,13.0,10580.0,410.0
2021-01-05 09:37:08.200,0.155,0.155,10.0,0.1548,3.0,10580.0,410.0
2021-01-05 09:37:08.630,0.1548,0.155,20.0,0.1546,10.0,10580.0,413.0
2021-01-05 09:37:09.170,0.1548,0.1549,10.0,0.1542,22.0,10580.0,413.0
2021-01-05 09:37:09.660,0.1548,0.1549,10.0,0.1543,14.0,10580.0,413.0
2021-01-05 09:37:10.121,0.1548,0.155,10.0,0.1546,20.0,10580.0,413.0
2021-01-05 09:37:10.701,0.1548,0.155,10.0,0.1546,35.0,10580.0,413.0
2021-01-05 09:37:11.201,0.155,0.155,8.0,0.1547,14.0,10580.0,415.0
2021-01-05 09:37:11.700,0.155,0.155,8.0,0.1547,14.0,10580.0,415.0
2021-01-05 09:37:12.131,0.155,0.155,7.0,0.1546,35.0,10580.0,416.0
2021-01-05 09:37:12.620,0.155,0.155,7.0,0.1548,10.0,10580.0,416.0
2021-01-05 09:37:13.181,0.155,0.155,7.0,0.1549,10.0,10580.0,416.0
2021-01-05 09:37:13.681,0.155,0.155,7.0,0.1549,10.0,10580.0,416.0
2021-01-05 09:37:14.130,0.1549,0.155,7.0,0.1549,8.0,10582.0,418.0
2021-01-05 09:37:14.651,0.1549,0.155,7.0,0.1549,7.0,10583.0,419.0
2021-01-05 09:37:15.160,0.1549,0.1549,10.0,0.1545,10.0,10583.0,419.0
2021-01-05 09:37:15.700,0.1549,0.155,17.0,0.1545,10.0,10583.0,419.0
2021-01-05 09:37:16.190,0.1549,0.155,17.0,0.1546,14.0,10583.0,419.0
2021-01-05 09:37:16.461,0.1549,0.155,7.0,0.1547,32.0,10583.0,419.0
2021-01-05 09:37:17.200,0.1549,0.155,7.0,0.1547,20.0,10583.0,419.0
2021-01-05 09:37:17.671,0.1549,0.155,7.0,0.1548,14.0,10583.0,419.0
2021-01-05 09:37:18.710,0.1549,0.155,7.0,0.1547,40.0,10583.0,419.0
2021-01-05 09:37:19.021,0.1549,0.155,17.0,0.1547,24.0,10583.0,419.0
2021-01-05 09:37:19.711,0.1549,0.155,7.0,0.1547,24.0,10583.0,419.0
2021-01-05 09:37:20.211,0.1549,0.155,7.0,0.1547,10.0,10583.0,419.0
2021-01-05 09:37:21.200,0.1549,0.155,7.0,0.1547,20.0,10583.0,419.0
2021-01-05 09:37:21.701,0.155,0.1551,6.0,0.155,2.0,10590.0,426.0
2021-01-05 09:37:22.030,0.1551,0.1551,5.0,0.155,3.0,10590.0,427.0
2021-01-05 09:37:22.620,0.1551,0.1551,5.0,0.155,17.0,10590.0,427.0
2021-01-05 09:37:23.150,0.1551,0.1551,5.0,0.155,17.0,10590.0,427.0
2021-01-05 09:37:23.661,0.1551,0.1551,5.0,0.155,17.0,10590.0,427.0
2021-01-05 09:37:24.080,0.1551,0.1551,5.0,0.155,14.0,10590.0,427.0
2021-01-05 09:37:24.631,0.1551,0.1551,5.0,0.155,14.0,10590.0,427.0
2021-01-05 09:37:25.200,0.1551,0.1551,5.0,0.1547,30.0,10590.0,427.0
2021-01-05 09:37:25.670,0.1551,0.1551,5.0,0.1548,14.0,10590.0,427.0
2021-01-05 09:37:26.170,0.1551,0.1551,5.0,0.1548,14.0,10590.0,427.0
2021-01-05 09:37:26.650,0.1551,0.1551,5.0,0.1548,24.0,10590.0,427.0
2021-01-05 09:37:27.130,0.1551,0.1551,5.0,0.1548,24.0,10590.0,427.0
2021-01-05 09:37:27.551,0.1551,0.1551,5.0,0.1548,24.0,10590.0,427.0
2021-01-05 09:37:28.151,0.1551,0.1551,4.0,0.1548,34.0,10590.0,428.0
2021-01-05 09:37:29.130,0.1551,0.1551,4.0,0.1548,24.0,10590.0,428.0
2021-01-05 09:37:29.691,0.1551,0.1551,4.0,0.1548,24.0,10590.0,428.0
2021-01-05 09:37:30.191,0.1551,0.1551,4.0,0.155,10.0,10590.0,428.0
2021-01-05 09:37:30.590,0.1551,0.1551,4.0,0.1547,40.0,10590.0,428.0
2021-01-05 09:37:31.190,0.1551,0.1551,4.0,0.1548,14.0,10590.0,428.0
2021-01-05 09:37:32.181,0.1551,0.1551,4.0,0.1548,14.0,10590.0,428.0
2021-01-05 09:37:32.571,0.1551,0.1551,4.0,0.1547,20.0,10590.0,428.0
2021-01-05 09:37:33.180,0.1551,0.155,20.0,0.1547,10.0,10590.0,428.0
2021-01-05 09:37:33.701,0.1551,0.155,10.0,0.1547,10.0,10590.0,428.0
2021-01-05 09:37:34.200,0.1551,0.1551,14.0,0.1547,10.0,10590.0,428.0
2021-01-05 09:37:34.500,0.1551,0.1551,14.0,0.1547,10.0,10590.0,428.0
2021-01-05 09:37:35.170,0.1551,0.1551,4.0,0.1547,10.0,10590.0,428.0
2021-01-05 09:37:35.650,0.1551,0.1551,4.0,0.1547,30.0,10590.0,428.0
2021-01-05 09:37:36.200,0.1551,0.1551,4.0,0.1547,20.0,10590.0,428.0
2021-01-05 09:37:36.671,0.1551,0.1551,4.0,0.1547,20.0,10590.0,428.0
2021-01-05 09:37:37.180,0.1551,0.1551,2.0,0.1548,14.0,10590.0,430.0
2021-01-05 09:37:37.691,0.1551,0.1551,1.0,0.1548,14.0,10590.0,431.0
2021-01-05 09:37:38.161,0.1551,0.1551,1.0,0.1549,10.0,10590.0,431.0
2021-01-05 09:37:38.651,0.1551,0.1551,1.0,0.1549,20.0,10590.0,431.0
2021-01-05 09:37:39.170,0.1551,0.1558,42.0,0.1551,9.0,10591.0,432.0
2021-01-05 09:37:39.700,0.1551,0.1558,42.0,0.1551,9.0,10591.0,432.0
2021-01-05 09:37:40.161,0.1551,0.1558,42.0,0.1551,9.0,10591.0,432.0
2021-01-05 09:37:40.701,0.1551,0.1558,32.0,0.1552,14.0,10591.0,432.0
2021-01-05 09:37:41.131,0.1551,0.1558,32.0,0.1552,14.0,10591.0,432.0
2021-01-05 09:37:41.671,0.1551,0.1558,20.0,0.1552,14.0,10591.0,432.0
2021-01-05 09:37:42.130,0.1551,0.1558,20.0,0.1552,14.0,10591.0,432.0
2021-01-05 09:37:43.181,0.1551,0.1558,10.0,0.1552,24.0,10591.0,432.0
2021-01-05 09:37:43.671,0.1551,0.156,32.0,0.1553,13.0,10591.0,432.0
2021-01-05 09:37:44.190,0.1551,0.156,32.0,0.1554,14.0,10591.0,432.0
2021-01-05 09:37:44.651,0.1551,0.1561,1.0,0.1554,24.0,10591.0,432.0
2021-01-05 09:37:45.191,0.1551,0.1561,1.0,0.1555,10.0,10591.0,432.0
2021-01-05 09:37:45.650,0.1551,0.1561,1.0,0.1556,3.0,10591.0,432.0
2021-01-05 09:37:46.161,0.1551,0.1561,1.0,0.1557,14.0,10591.0,432.0
2021-01-05 09:37:46.601,0.1551,0.1561,11.0,0.1556,3.0,10591.0,432.0
2021-01-05 09:37:47.210,0.1551,0.1561,11.0,0.1556,17.0,10591.0,432.0
2021-01-05 09:37:47.661,0.1551,0.1559,10.0,0.1555,20.0,10591.0,432.0
2021-01-05 09:37:48.201,0.1551,0.1559,10.0,0.1554,3.0,10591.0,432.0
2021-01-05 09:37:48.700,0.1551,0.1559,10.0,0.1554,17.0,10591.0,432.0
2021-01-05 09:37:49.190,0.1551,0.1559,10.0,0.1554,3.0,10591.0,432.0
2021-01-05 09:37:49.670,0.1551,0.1559,10.0,0.1554,37.0,10591.0,432.0
2021-01-05 09:37:50.220,0.1551,0.1559,10.0,0.1554,13.0,10591.0,432.0
2021-01-05 09:37:50.721,0.1551,0.1559,10.0,0.1555,10.0,10591.0,432.0
2021-01-05 09:37:51.161,0.1551,0.1559,10.0,0.1555,13.0,10591.0,432.0
2021-01-05 09:37:51.691,0.1551,0.1557,10.0,0.1552,10.0,10591.0,432.0
2021-01-05 09:37:52.191,0.1551,0.1558,12.0,0.1554,10.0,10591.0,432.0
2021-01-05 09:37:52.660,0.1551,0.1558,12.0,0.1554,10.0,10591.0,432.0
2021-01-05 09:37:53.620,0.1551,0.1557,10.0,0.1553,10.0,10591.0,432.0
2021-01-05 09:37:54.170,0.1551,0.1558,12.0,0.1554,10.0,10591.0,432.0
2021-01-05 09:37:56.121,0.1551,0.1558,12.0,0.1555,13.0,10591.0,432.0
2021-01-05 09:37:56.611,0.1551,0.1558,12.0,0.1555,3.0,10591.0,432.0
2021-01-05 09:37:57.170,0.1551,0.1561,23.0,0.1555,13.0,10591.0,432.0
2021-01-05 09:37:57.601,0.1551,0.1561,13.0,0.1557,10.0,10591.0,432.0
2021-01-05 09:37:58.100,0.1551,0.1561,13.0,0.1557,10.0,10591.0,432.0
2021-01-05 09:37:58.640,0.1551,0.1561,13.0,0.1558,14.0,10591.0,432.0
2021-01-05 09:37:59.161,0.1551,0.1561,33.0,0.1555,33.0,10591.0,432.0
2021-01-05 09:38:00.680,0.1551,0.1557,10.0,0.1555,3.0,10591.0,432.0
2021-01-05 09:38:01.180,0.1551,0.1557,10.0,0.1555,13.0,10591.0,432.0
2021-01-05 09:38:01.681,0.1551,0.1557,10.0,0.1555,27.0,10591.0,432.0
2021-01-05 09:38:02.190,0.1551,0.1557,10.0,0.1555,27.0,10591.0,432.0
2021-01-05 09:38:02.680,0.1551,0.1557,10.0,0.1555,27.0,10591.0,432.0
2021-01-05 09:38:03.191,0.1551,0.1557,22.0,0.1555,3.0,10591.0,432.0
2021-01-05 09:38:03.691,0.1551,0.1557,22.0,0.1555,3.0,10591.0,432.0
2021-01-05 09:38:04.090,0.1555,0.1555,12.0,0.1552,10.0,10591.0,435.0
2021-01-05 09:38:04.680,0.1555,0.1556,22.0,0.1552,24.0,10591.0,435.0
2021-01-05 09:38:05.181,0.1555,0.1556,22.0,0.1552,14.0,10591.0,435.0
2021-01-05 09:38:05.681,0.1555,0.1556,22.0,0.1552,10.0,10591.0,435.0
2021-01-05 09:38:06.151,0.1555,0.1556,22.0,0.1553,14.0,10591.0,435.0
2021-01-05 09:38:06.691,0.1555,0.1555,12.0,0.1551,10.0,10591.0,435.0
2021-01-05 09:38:07.200,0.1555,0.1554,22.0,0.1549,10.0,10591.0,435.0
2021-01-05 09:38:07.590,0.1555,0.155,10.0,0.1547,13.0,10591.0,435.0
2021-01-05 09:38:08.021,0.1555,0.155,10.0,0.1548,24.0,10591.0,435.0
2021-01-05 09:38:09.160,0.1555,0.155,22.0,0.1546,10.0,10591.0,435.0
2021-01-05 09:38:09.611,0.1555,0.1548,12.0,0.1545,10.0,10591.0,435.0
2021-01-05 09:38:10.180,0.1555,0.155,12.0,0.1544,13.0,10591.0,435.0
2021-01-05 09:38:10.670,0.1555,0.155,22.0,0.1544,14.0,10591.0,435.0
2021-01-05 09:38:11.141,0.1555,0.1548,12.0,0.1544,10.0,10591.0,435.0
2021-01-05 09:38:11.701,0.1555,0.1548,12.0,0.1545,14.0,10591.0,435.0
2021-01-05 09:38:12.191,0.1548,0.1553,12.0,0.1545,14.0,10602.0,446.0
2021-01-05 09:38:12.691,0.1548,0.1552,20.0,0.1546,3.0,10602.0,446.0
2021-01-05 09:38:13.110,0.1548,0.155,20.0,0.1543,22.0,10602.0,446.0
2021-01-05 09:38:13.690,0.1548,0.155,20.0,0.1544,14.0,10602.0,446.0
2021-01-05 09:38:14.141,0.1548,0.1548,10.0,0.1544,14.0,10602.0,446.0
2021-01-05 09:38:14.691,0.1548,0.1548,10.0,0.1541,25.0,10602.0,446.0
2021-01-05 09:38:15.150,0.1548,0.1546,10.0,0.154,10.0,10602.0,446.0
2021-01-05 09:38:15.730,0.1548,0.1545,10.0,0.154,14.0,10602.0,446.0
2021-01-05 09:38:16.210,0.1548,0.1546,10.0,0.1541,10.0,10602.0,446.0
2021-01-05 09:38:16.731,0.1548,0.1546,10.0,0.1541,14.0,10602.0,446.0
2021-01-05 09:38:17.190,0.1548,0.1546,10.0,0.1541,14.0,10602.0,446.0
2021-01-05 09:38:18.231,0.1548,0.1546,10.0,0.1541,24.0,10602.0,446.0
2021-01-05 09:38:18.660,0.1548,0.1546,10.0,0.1541,14.0,10602.0,446.0
2021-01-05 09:38:19.230,0.1548,0.1546,32.0,0.1541,14.0,10602.0,446.0
2021-01-05 09:38:19.670,0.1548,0.1546,32.0,0.1539,19.0,10602.0,446.0
2021-01-05 09:38:20.671,0.1548,0.1546,32.0,0.1539,3.0,10602.0,446.0
2021-01-05 09:38:21.240,0.1548,0.1545,14.0,0.1539,17.0,10602.0,446.0
2021-01-05 09:38:21.670,0.1548,0.1543,10.0,0.1536,13.0,10602.0,446.0
2021-01-05 09:38:22.210,0.1548,0.1543,10.0,0.1537,14.0,10602.0,446.0
2021-01-05 09:38:22.531,0.1548,0.1542,10.0,0.1537,14.0,10602.0,446.0
2021-01-05 09:38:23.201,0.1548,0.1541,22.0,0.1536,3.0,10602.0,446.0
2021-01-05 09:38:23.681,0.1548,0.1541,22.0,0.1536,17.0,10602.0,446.0
2021-01-05 09:38:24.141,0.1548,0.1541,22.0,0.1533,3.0,10602.0,446.0
2021-01-05 09:38:24.671,0.1548,0.1539,12.0,0.1534,14.0,10602.0,446.0
2021-01-05 09:38:25.101,0.1548,0.1541,10.0,0.1534,36.0,10602.0,446.0
2021-01-05 09:38:25.700,0.1548,0.1541,10.0,0.1536,12.0,10602.0,446.0
2021-01-05 09:38:26.100,0.1548,0.1539,10.0,0.1533,15.0,10602.0,446.0
2021-01-05 09:38:26.701,0.1548,0.1541,20.0,0.1535,12.0,10602.0,446.0
2021-01-05 09:38:27.151,0.1548,0.1541,20.0,0.1535,15.0,10602.0,446.0
2021-01-05 09:38:27.691,0.1548,0.1541,20.0,0.1536,14.0,10602.0,446.0
2021-01-05 09:38:28.171,0.1548,0.1539,20.0,0.1531,36.0,10602.0,446.0
2021-01-05 09:38:28.680,0.1548,0.1541,20.0,0.1533,22.0,10602.0,446.0
2021-01-05 09:38:29.191,0.1548,0.1541,20.0,0.1534,14.0,10602.0,446.0
2021-01-05 09:38:29.600,0.1548,0.1541,20.0,0.1534,14.0,10602.0,446.0
2021-01-05 09:38:30.190,0.1548,0.1539,10.0,0.1534,14.0,10602.0,446.0
2021-01-05 09:38:30.670,0.1548,0.1539,10.0,0.1534,14.0,10602.0,446.0
2021-01-05 09:38:31.181,0.1548,0.1539,20.0,0.1534,14.0,10602.0,446.0
2021-01-05 09:38:31.700,0.1548,0.1539,20.0,0.1534,14.0,10602.0,446.0
2021-01-05 09:38:32.090,0.1548,0.1535,10.0,0.1531,19.0,10602.0,446.0
2021-01-05 09:38:32.701,0.1548,0.1535,10.0,0.1531,19.0,10602.0,446.0
2021-01-05 09:38:33.070,0.1548,0.1535,10.0,0.1529,22.0,10602.0,446.0
2021-01-05 09:38:33.700,0.1548,0.1534,22.0,0.1528,3.0,10602.0,446.0
2021-01-05 09:38:34.201,0.1548,0.1529,10.0,0.1525,3.0,10602.0,446.0
2021-01-05 09:38:35.200,0.1548,0.1529,10.0,0.1525,13.0,10602.0,446.0
2021-01-05 09:38:35.700,0.1548,0.1529,10.0,0.1523,22.0,10602.0,446.0
2021-01-05 09:38:36.180,0.1548,0.1529,10.0,0.1524,24.0,10602.0,446.0
2021-01-05 09:38:36.691,0.1548,0.1529,20.0,0.1524,14.0,10602.0,446.0
2021-01-05 09:38:37.160,0.1548,0.1529,20.0,0.1524,14.0,10602.0,446.0
2021-01-05 09:38:37.680,0.1548,0.1525,10.0,0.1523,12.0,10602.0,446.0
2021-01-05 09:38:38.161,0.1548,0.1525,10.0,0.1523,26.0,10602.0,446.0
2021-01-05 09:38:38.660,0.1548,0.1525,10.0,0.1523,12.0,10602.0,446.0
2021-01-05 09:38:39.161,0.1523,0.1525,10.0,0.1521,10.0,10604.0,448.0
2021-01-05 09:38:39.661,0.1523,0.1525,10.0,0.1521,10.0,10604.0,448.0
2021-01-05 09:38:40.141,0.1523,0.1521,4.0,0.1516,16.0,10604.0,448.0
2021-01-05 09:38:40.591,0.1523,0.1521,4.0,0.1514,10.0,10604.0,448.0
2021-01-05 09:38:41.190,0.1523,0.1521,4.0,0.1516,10.0,10604.0,448.0
2021-01-05 09:38:41.670,0.1523,0.152,10.0,0.1516,3.0,10604.0,448.0
2021-01-05 09:38:42.191,0.1523,0.1522,20.0,0.1516,13.0,10604.0,448.0
2021-01-05 09:38:42.700,0.1523,0.1522,34.0,0.1516,13.0,10604.0,448.0
2021-01-05 09:38:43.190,0.1523,0.1522,20.0,0.1516,25.0,10604.0,448.0
2021-01-05 09:38:43.701,0.1523,0.1522,20.0,0.1516,17.0,10604.0,448.0
2021-01-05 09:38:44.200,0.1523,0.1522,20.0,0.1516,3.0,10604.0,448.0
2021-01-05 09:38:44.690,0.1523,0.1522,10.0,0.1518,22.0,10604.0,448.0
2021-01-05 09:38:45.201,0.1523,0.1522,20.0,0.1519,3.0,10604.0,448.0
2021-01-05 09:38:45.480,0.1523,0.1522,10.0,0.152,14.0,10604.0,448.0
2021-01-05 09:38:46.200,0.1523,0.1522,10.0,0.152,14.0,10604.0,448.0
2021-01-05 09:38:46.631,0.1523,0.1522,10.0,0.152,14.0,10604.0,448.0
2021-01-05 09:38:47.140,0.1523,0.1524,20.0,0.152,36.0,10604.0,448.0
2021-01-05 09:38:47.691,0.1523,0.1523,10.0,0.152,24.0,10604.0,448.0
2021-01-05 09:38:48.171,0.1523,0.1524,10.0,0.1522,22.0,10604.0,450.0
2021-01-05 09:38:48.650,0.1524,0.1524,6.0,0.1522,25.0,10600.0,454.0
2021-01-05 09:38:49.130,0.1524,0.1529,10.0,0.1523,14.0,10600.0,454.0
2021-01-05 09:38:49.691,0.1524,0.1527,10.0,0.1524,10.0,10600.0,454.0
2021-01-05 09:38:50.110,0.1524,0.1527,10.0,0.1522,22.0,10600.0,454.0
2021-01-05 09:38:50.651,0.1524,0.1527,10.0,0.1523,14.0,10600.0,454.0
2021-01-05 09:38:51.691,0.1524,0.1524,10.0,0.1518,22.0,10600.0,454.0
2021-01-05 09:38:52.140,0.1524,0.1524,10.0,0.1518,22.0,10600.0,454.0
2021-01-05 09:38:52.630,0.1524,0.1523,10.0,0.1519,14.0,10600.0,454.0
2021-01-05 09:38:53.191,0.1524,0.1523,10.0,0.1516,12.0,10600.0,454.0
2021-01-05 09:38:54.200,0.1524,0.1524,30.0,0.1517,14.0,10600.0,454.0
2021-01-05 09:38:54.690,0.1524,0.1519,10.0,0.1517,14.0,10600.0,454.0
2021-01-05 09:38:55.191,0.1524,0.1519,10.0,0.1517,14.0,10600.0,454.0
2021-01-05 09:38:55.700,0.1524,0.1519,10.0,0.1514,31.0,10600.0,454.0
2021-01-05 09:38:56.190,0.1524,0.1519,10.0,0.1514,3.0,10600.0,454.0
2021-01-05 09:38:56.661,0.1524,0.1519,10.0,0.1515,14.0,10600.0,454.0
2021-01-05 09:38:57.200,0.1524,0.1519,10.0,0.1517,10.0,10600.0,454.0
2021-01-05 09:38:57.640,0.1524,0.1519,10.0,0.1514,10.0,10600.0,454.0
2021-01-05 09:38:58.161,0.1519,0.1523,10.0,0.1517,10.0,10600.0,464.0
2021-01-05 09:38:58.501,0.1519,0.1524,42.0,0.1517,10.0,10600.0,464.0
2021-01-05 09:38:59.060,0.1519,0.1524,10.0,0.1519,22.0,10600.0,464.0
2021-01-05 09:39:00.140,0.1519,0.1524,10.0,0.152,14.0,10600.0,464.0
2021-01-05 09:39:00.660,0.1519,0.1524,10.0,0.152,14.0,10600.0,464.0
2021-01-05 09:39:01.160,0.152,0.1524,42.0,0.1519,10.0,10600.0,468.0
2021-01-05 09:39:01.700,0.152,0.1524,42.0,0.1517,3.0,10600.0,468.0
2021-01-05 09:39:02.170,0.152,0.1524,10.0,0.1518,46.0,10600.0,468.0
2021-01-05 09:39:02.660,0.152,0.1519,10.0,0.1515,13.0,10600.0,468.0
2021-01-05 09:39:03.150,0.1519,0.1519,7.0,0.1517,32.0,10597.0,471.0
2021-01-05 09:39:03.671,0.1519,0.1524,10.0,0.1517,32.0,10596.0,472.0
2021-01-05 09:39:04.161,0.1519,0.1525,10.0,0.1519,32.0,10596.0,472.0
2021-01-05 09:39:04.610,0.1519,0.1525,20.0,0.1519,22.0,10596.0,472.0
2021-01-05 09:39:05.211,0.1519,0.1525,20.0,0.152,14.0,10596.0,472.0
2021-01-05 09:39:05.701,0.1519,0.1525,20.0,0.152,14.0,10596.0,472.0
2021-01-05 09:39:07.200,0.1519,0.1525,10.0,0.152,14.0,10596.0,472.0
2021-01-05 09:39:07.680,0.1519,0.1522,10.0,0.152,14.0,10596.0,472.0
2021-01-05 09:39:08.131,0.1519,0.1522,10.0,0.152,14.0,10596.0,472.0
2021-01-05 09:39:08.690,0.1519,0.1522,10.0,0.152,14.0,10596.0,472.0
2021-01-05 09:39:09.161,0.1519,0.1522,10.0,0.1517,3.0,10596.0,472.0
2021-01-05 09:39:09.601,0.1519,0.1522,10.0,0.1518,14.0,10596.0,472.0
2021-01-05 09:39:10.191,0.1519,0.1522,10.0,0.1518,36.0,10596.0,472.0
2021-01-05 09:39:10.721,0.1519,0.1522,10.0,0.1516,10.0,10596.0,472.0
2021-01-05 09:39:11.201,0.1519,0.1518,10.0,0.1513,38.0,10596.0,472.0
2021-01-05 09:39:11.701,0.1519,0.1518,10.0,0.1513,38.0,10596.0,472.0
2021-01-05 09:39:12.220,0.1519,0.1518,10.0,0.1515,22.0,10596.0,472.0
2021-01-05 09:39:12.690,0.1519,0.1518,10.0,0.1516,14.0,10596.0,472.0
2021-01-05 09:39:13.170,0.1519,0.1523,20.0,0.1517,22.0,10596.0,472.0
2021-01-05 09:39:14.160,0.1519,0.152,10.0,0.1513,46.0,10596.0,472.0
2021-01-05 09:39:15.220,0.1519,0.1518,20.0,0.1515,14.0,10596.0,472.0
2021-01-05 09:39:15.320,0.1519,0.152,22.0,0.1515,14.0,10596.0,472.0
2021-01-05 09:39:16.121,0.1519,0.1519,10.0,0.1513,25.0,10596.0,472.0
2021-01-05 09:39:16.721,0.1519,0.1518,10.0,0.1514,14.0,10596.0,472.0
2021-01-05 09:39:17.191,0.1519,0.1518,10.0,0.1514,14.0,10596.0,472.0
2021-01-05 09:39:17.650,0.1519,0.1519,10.0,0.1514,14.0,10596.0,472.0
2021-01-05 09:39:18.221,0.1519,0.1521,20.0,0.1515,10.0,10596.0,472.0
2021-01-05 09:39:18.671,0.1519,0.1521,20.0,0.1515,25.0,10596.0,472.0
2021-01-05 09:39:19.710,0.1519,0.1521,20.0,0.1516,14.0,10596.0,472.0
2021-01-05 09:39:20.221,0.1519,0.1521,20.0,0.1513,31.0,10596.0,472.0
2021-01-05 09:39:20.741,0.1519,0.1518,10.0,0.1513,19.0,10596.0,472.0
2021-01-05 09:39:21.231,0.1519,0.152,10.0,0.1513,41.0,10596.0,472.0
2021-01-05 09:39:21.671,0.1519,0.152,10.0,0.1513,16.0,10596.0,472.0
2021-01-05 09:39:21.861,0.1519,0.152,36.0,0.1513,16.0,10596.0,472.0
2021-01-05 09:39:22.651,0.1519,0.1517,10.0,0.151,49.0,10596.0,472.0
2021-01-05 09:39:23.200,0.1519,0.152,10.0,0.1514,10.0,10596.0,472.0
2021-01-05 09:39:23.700,0.1519,0.1521,12.0,0.1515,24.0,10596.0,472.0
2021-01-05 09:39:24.151,0.1519,0.1519,20.0,0.1512,52.0,10596.0,472.0
2021-01-05 09:39:24.551,0.1519,0.1519,20.0,0.1513,14.0,10596.0,472.0
2021-01-05 09:39:25.700,0.1519,0.1518,10.0,0.1513,14.0,10596.0,472.0
2021-01-05 09:39:27.210,0.1519,0.1519,42.0,0.1513,14.0,10596.0,472.0
2021-01-05 09:39:27.711,0.1519,0.1519,20.0,0.1513,17.0,10596.0,472.0
2021-01-05 09:39:28.220,0.1519,0.1519,30.0,0.1513,17.0,10596.0,472.0
2021-01-05 09:39:29.231,0.1519,0.1519,30.0,0.1513,14.0,10596.0,472.0
2021-01-05 09:39:29.721,0.1521,0.1522,10.0,0.1514,32.0,10606.0,492.0
2021-01-05 09:39:30.220,0.1521,0.1524,10.0,0.1516,22.0,10606.0,492.0
2021-01-05 09:39:30.650,0.1521,0.1521,10.0,0.1517,14.0,10606.0,492.0
2021-01-05 09:39:31.121,0.1521,0.1523,10.0,0.1517,14.0,10606.0,492.0
2021-01-05 09:39:31.701,0.1521,0.1524,10.0,0.1517,14.0,10606.0,492.0
2021-01-05 09:39:32.141,0.1521,0.1523,22.0,0.1517,14.0,10606.0,492.0
2021-01-05 09:39:32.700,0.1521,0.1523,32.0,0.1517,14.0,10606.0,492.0
2021-01-05 09:39:33.180,0.1521,0.1523,32.0,0.1517,14.0,10606.0,492.0
2021-01-05 09:39:34.210,0.1521,0.1523,32.0,0.1517,14.0,10606.0,492.0
2021-01-05 09:39:34.681,0.1521,0.1524,10.0,0.1519,10.0,10606.0,492.0
2021-01-05 09:39:35.171,0.1521,0.1524,10.0,0.1519,10.0,10606.0,492.0
2021-01-05 09:39:35.701,0.1521,0.1525,22.0,0.1519,20.0,10606.0,492.0
2021-01-05 09:39:36.231,0.1521,0.1525,32.0,0.152,24.0,10606.0,492.0
2021-01-05 09:39:36.660,0.1521,0.1526,10.0,0.152,34.0,10606.0,492.0
2021-01-05 09:39:37.221,0.1521,0.1527,22.0,0.152,44.0,10606.0,492.0
2021-01-05 09:39:37.730,0.1521,0.1527,36.0,0.152,44.0,10606.0,492.0
2021-01-05 09:39:38.221,0.1521,0.1527,36.0,0.152,34.0,10606.0,492.0
2021-01-05 09:39:39.241,0.1521,0.1525,12.0,0.152,24.0,10606.0,492.0
2021-01-05 09:39:39.751,0.1521,0.1526,20.0,0.152,24.0,10606.0,492.0
2021-01-05 09:39:41.220,0.1521,0.1529,10.0,0.1523,10.0,10606.0,492.0
2021-01-05 09:39:41.750,0.1523,0.1527,22.0,0.1519,10.0,10618.0,504.0
2021-01-05 09:39:42.210,0.1523,0.1529,12.0,0.1523,10.0,10618.0,504.0
2021-01-05 09:39:42.740,0.1523,0.153,12.0,0.1523,20.0,10618.0,504.0
2021-01-05 09:39:43.191,0.1523,0.153,12.0,0.1525,10.0,10618.0,504.0
2021-01-05 09:39:43.570,0.1523,0.153,12.0,0.1525,10.0,10618.0,504.0
2021-01-05 09:39:44.231,0.1523,0.1532,12.0,0.1525,10.0,10618.0,504.0
2021-01-05 09:39:44.640,0.1531,0.1532,12.0,0.1525,24.0,10628.0,514.0
2021-01-05 09:39:45.251,0.1531,0.1531,24.0,0.1525,10.0,10628.0,514.0
2021-01-05 09:39:45.750,0.1531,0.1529,12.0,0.1523,20.0,10628.0,514.0
2021-01-05 09:39:46.040,0.1531,0.1528,10.0,0.1521,13.0,10628.0,514.0
2021-01-05 09:39:46.691,0.1531,0.1526,22.0,0.152,10.0,10628.0,514.0
2021-01-05 09:39:47.250,0.1531,0.1526,10.0,0.152,10.0,10628.0,514.0
2021-01-05 09:39:47.731,0.1531,0.1526,24.0,0.1521,10.0,10628.0,514.0
2021-01-05 09:39:48.221,0.1531,0.1526,14.0,0.1525,10.0,10628.0,514.0
2021-01-05 09:39:48.720,0.1525,0.1526,36.0,0.1524,9.0,10628.0,515.0
2021-01-05 09:39:49.241,0.1525,0.1526,36.0,0.1523,10.0,10628.0,515.0
2021-01-05 09:39:49.711,0.1525,0.1526,36.0,0.1523,10.0,10628.0,515.0
2021-01-05 09:39:50.180,0.1523,0.1526,36.0,0.1521,7.0,10628.0,518.0
2021-01-05 09:39:50.710,0.1523,0.1524,22.0,0.1519,10.0,10628.0,518.0
2021-01-05 09:39:51.241,0.1523,0.1524,10.0,0.1517,10.0,10628.0,518.0
2021-01-05 09:39:51.730,0.1523,0.1521,10.0,0.1516,10.0,10628.0,518.0
2021-01-05 09:39:52.251,0.1523,0.1521,12.0,0.1515,3.0,10628.0,518.0
2021-01-05 09:39:52.670,0.1523,0.1523,22.0,0.1516,14.0,10628.0,518.0
2021-01-05 09:39:53.181,0.1523,0.1523,12.0,0.152,10.0,10628.0,518.0
2021-01-05 09:39:53.630,0.1523,0.1529,26.0,0.1522,10.0,10628.0,518.0
2021-01-05 09:39:54.091,0.1523,0.1527,10.0,0.1522,10.0,10628.0,518.0
2021-01-05 09:39:54.691,0.1523,0.1526,14.0,0.1522,10.0,10628.0,518.0
2021-01-05 09:39:55.181,0.1523,0.1525,10.0,0.1518,10.0,10628.0,518.0
2021-01-05 09:39:55.640,0.1526,0.1526,27.0,0.1519,10.0,10643.0,533.0
2021-01-05 09:39:55.970,0.1526,0.1523,10.0,0.1514,10.0,10643.0,533.0
2021-01-05 09:39:56.691,0.1525,0.1525,9.0,0.1518,20.0,10643.0,534.0
2021-01-05 09:39:57.181,0.1525,0.1524,14.0,0.1518,10.0,10643.0,534.0
2021-01-05 09:39:57.580,0.1525,0.1525,12.0,0.1519,10.0,10643.0,534.0
2021-01-05 09:39:58.170,0.1526,0.1526,6.0,0.152,10.0,10658.0,550.0
2021-01-05 09:39:58.600,0.1526,0.1528,26.0,0.1522,10.0,10658.0,550.0
2021-01-05 09:39:59.061,0.1526,0.1527,10.0,0.1525,1.0,10658.0,550.0
2021-01-05 09:39:59.670,0.1525,0.1527,10.0,0.152,36.0,10657.0,551.0
2021-01-05 09:39:59.991,0.1525,0.1527,24.0,0.152,36.0,10657.0,551.0
2021-01-05 09:40:00.610,0.1527,0.1527,33.0,0.152,24.0,10657.0,552.0
2021-01-05 09:40:01.201,0.1527,0.1527,14.0,0.1523,10.0,10657.0,552.0
2021-01-05 09:40:01.570,0.1527,0.153,20.0,0.1527,1.0,10657.0,552.0
2021-01-05 09:40:02.200,0.153,0.153,9.0,0.1527,1.0,10672.0,567.0
2021-01-05 09:40:02.671,0.153,0.1531,10.0,0.1527,1.0,10672.0,567.0
2021-01-05 09:40:03.171,0.153,0.1531,24.0,0.1527,1.0,10672.0,567.0
2021-01-05 09:40:03.691,0.153,0.1531,24.0,0.1527,1.0,10672.0,567.0
2021-01-05 09:40:04.160,0.153,0.1531,20.0,0.1527,1.0,10672.0,567.0
2021-01-05 09:40:04.700,0.153,0.153,14.0,0.1527,1.0,10672.0,567.0
2021-01-05 09:40:05.701,0.153,0.153,14.0,0.1527,1.0,10672.0,567.0
2021-01-05 09:40:06.200,0.153,0.1531,20.0,0.1527,1.0,10672.0,567.0
2021-01-05 09:40:06.701,0.153,0.1531,34.0,0.1527,1.0,10672.0,567.0
2021-01-05 09:40:07.700,0.153,0.1531,20.0,0.1527,1.0,10672.0,567.0
2021-01-05 09:40:08.200,0.153,0.1531,10.0,0.1527,21.0,10672.0,567.0
2021-01-05 09:40:08.690,0.1531,0.1531,7.0,0.1527,21.0,10669.0,570.0
2021-01-05 09:40:09.191,0.1531,0.1537,10.0,0.1529,10.0,10668.0,571.0
2021-01-05 09:40:09.691,0.1531,0.1536,14.0,0.1529,24.0,10668.0,571.0
2021-01-05 09:40:10.150,0.1531,0.1534,10.0,0.1527,21.0,10668.0,571.0
2021-01-05 09:40:10.680,0.1531,0.1533,12.0,0.1527,25.0,10668.0,571.0
2021-01-05 09:40:11.170,0.1531,0.1533,12.0,0.1527,21.0,10668.0,571.0
2021-01-05 09:40:11.671,0.1531,0.1533,12.0,0.1528,24.0,10668.0,571.0
2021-01-05 09:40:12.190,0.1531,0.1536,32.0,0.1529,20.0,10668.0,571.0
2021-01-05 09:40:12.680,0.1531,0.1539,36.0,0.1531,10.0,10668.0,571.0
2021-01-05 09:40:13.131,0.1531,0.1537,10.0,0.1531,10.0,10668.0,571.0
2021-01-05 09:40:13.431,0.1531,0.1539,26.0,0.1533,10.0,10668.0,571.0
2021-01-05 09:40:14.150,0.1531,0.1538,12.0,0.1533,10.0,10668.0,571.0
2021-01-05 09:40:14.701,0.1531,0.154,22.0,0.1534,10.0,10668.0,571.0
2021-01-05 09:40:15.690,0.1531,0.154,32.0,0.1533,24.0,10668.0,571.0
2021-01-05 09:40:16.140,0.1531,0.1539,14.0,0.1533,24.0,10668.0,571.0
2021-01-05 09:40:16.610,0.1531,0.1538,12.0,0.1533,10.0,10668.0,571.0
2021-01-05 09:40:17.191,0.1531,0.154,10.0,0.1533,20.0,10668.0,571.0
2021-01-05 09:40:17.661,0.1531,0.154,14.0,0.1533,20.0,10668.0,571.0
2021-01-05 09:40:18.120,0.1531,0.154,14.0,0.1534,14.0,10668.0,571.0
2021-01-05 09:40:19.190,0.1531,0.154,14.0,0.1534,14.0,10668.0,571.0
2021-01-05 09:40:19.711,0.1531,0.1538,12.0,0.1533,20.0,10668.0,571.0
2021-01-05 09:40:20.191,0.1531,0.1534,2.0,0.1531,10.0,10668.0,571.0
2021-01-05 09:40:20.691,0.1531,0.1536,22.0,0.1534,1.0,10668.0,571.0
2021-01-05 09:40:21.200,0.1534,0.1532,9.0,0.153,10.0,10667.0,572.0
2021-01-05 09:40:21.701,0.1534,0.1534,13.0,0.153,10.0,10667.0,572.0
2021-01-05 09:40:22.210,0.1534,0.1534,13.0,0.153,10.0,10667.0,572.0
2021-01-05 09:40:22.650,0.1534,0.1534,13.0,0.1529,20.0,10667.0,572.0
2021-01-05 09:40:23.200,0.1534,0.1534,15.0,0.1529,10.0,10667.0,572.0
2021-01-05 09:40:23.701,0.1534,0.1532,12.0,0.1529,10.0,10667.0,572.0
2021-01-05 09:40:24.160,0.1534,0.1532,12.0,0.1529,10.0,10667.0,572.0
2021-01-05 09:40:24.681,0.1534,0.1533,12.0,0.1527,21.0,10667.0,572.0
2021-01-05 09:40:25.121,0.1534,0.1535,12.0,0.153,10.0,10667.0,572.0
2021-01-05 09:40:25.551,0.1535,0.1533,12.0,0.1528,10.0,10668.0,573.0
2021-01-05 09:40:26.181,0.1535,0.1535,22.0,0.1528,34.0,10668.0,573.0
2021-01-05 09:40:26.621,0.1535,0.153,10.0,0.1528,10.0,10668.0,573.0
2021-01-05 09:40:27.140,0.1535,0.153,10.0,0.1528,10.0,10668.0,573.0
2021-01-05 09:40:27.701,0.1535,0.1529,10.0,0.1527,1.0,10668.0,573.0
2021-01-05 09:40:28.110,0.1535,0.1529,10.0,0.1527,1.0,10668.0,573.0
2021-01-05 09:40:28.690,0.1535,0.1529,10.0,0.1527,1.0,10668.0,573.0
2021-01-05 09:40:29.170,0.1535,0.1529,10.0,0.1527,1.0,10668.0,573.0
2021-01-05 09:40:30.160,0.1535,0.1529,10.0,0.1527,1.0,10668.0,573.0
2021-01-05 09:40:32.611,0.1535,0.1529,10.0,0.1527,1.0,10668.0,573.0
2021-01-05 09:40:33.180,0.1535,0.1532,10.0,0.1529,10.0,10668.0,573.0
2021-01-05 09:40:33.551,0.1532,0.1533,12.0,0.1529,10.0,10668.0,583.0
2021-01-05 09:40:34.171,0.1532,0.1534,10.0,0.1531,10.0,10668.0,583.0
2021-01-05 09:40:34.601,0.1532,0.1534,10.0,0.1529,10.0,10668.0,583.0
2021-01-05 09:40:35.201,0.1532,0.1534,46.0,0.1529,10.0,10668.0,583.0
2021-01-05 09:40:35.681,0.1532,0.1534,46.0,0.1529,10.0,10668.0,583.0
2021-01-05 09:40:36.161,0.1532,0.1534,32.0,0.1529,18.0,10668.0,583.0
2021-01-05 09:40:36.620,0.1532,0.1533,14.0,0.1529,8.0,10668.0,583.0
2021-01-05 09:40:37.700,0.1532,0.153,10.0,0.1529,8.0,10668.0,583.0
2021-01-05 09:40:38.130,0.1532,0.153,10.0,0.1529,8.0,10668.0,583.0
2021-01-05 09:40:38.651,0.1532,0.153,10.0,0.1529,8.0,10668.0,583.0
2021-01-05 09:40:39.041,0.1532,0.153,10.0,0.1529,8.0,10668.0,583.0
2021-01-05 09:40:39.681,0.1532,0.153,10.0,0.1529,18.0,10668.0,583.0
2021-01-05 09:40:40.061,0.1532,0.1533,10.0,0.1529,18.0,10668.0,583.0
2021-01-05 09:40:40.670,0.1532,0.1533,10.0,0.1529,32.0,10668.0,583.0
2021-01-05 09:40:41.191,0.1532,0.1533,10.0,0.1531,10.0,10668.0,583.0
2021-01-05 09:40:41.640,0.1532,0.1536,22.0,0.1531,24.0,10668.0,583.0
2021-01-05 09:40:42.180,0.1531,0.1536,36.0,0.1531,8.0,10668.0,585.0
2021-01-05 09:40:44.161,0.1531,0.1536,22.0,0.1531,8.0,10668.0,585.0
2021-01-05 09:40:45.131,0.1531,0.1536,22.0,0.1532,1.0,10668.0,585.0
2021-01-05 09:40:46.161,0.1531,0.1536,22.0,0.1532,1.0,10668.0,585.0
2021-01-05 09:40:48.700,0.1531,0.1537,10.0,0.1533,10.0,10668.0,585.0
2021-01-05 09:40:49.111,0.1531,0.1536,10.0,0.1532,1.0,10668.0,585.0
2021-01-05 09:40:49.111,0.1531,0.1536,10.0,0.1532,1.0,10668.0,585.0
2021-01-05 09:40:50.181,0.1531,0.1537,32.0,0.1532,1.0,10668.0,585.0
2021-01-05 09:40:50.671,0.1531,0.1537,56.0,0.1532,1.0,10668.0,585.0
2021-01-05 09:40:51.601,0.1531,0.1537,22.0,0.1532,11.0,10668.0,585.0
2021-01-05 09:40:52.181,0.1531,0.1537,22.0,0.1532,25.0,10668.0,585.0
2021-01-05 09:40:52.650,0.1531,0.1537,22.0,0.1532,11.0,10668.0,585.0
2021-01-05 09:40:53.171,0.1531,0.1537,36.0,0.1532,11.0,10668.0,585.0
2021-01-05 09:40:53.651,0.1531,0.1537,22.0,0.1532,11.0,10668.0,585.0
2021-01-05 09:40:54.141,0.1531,0.1537,36.0,0.1532,11.0,10668.0,585.0
2021-01-05 09:40:54.521,0.1531,0.1537,10.0,0.1534,10.0,10668.0,585.0
2021-01-05 09:40:55.111,0.1531,0.1537,34.0,0.1532,1.0,10668.0,585.0
2021-01-05 09:40:55.251,0.1531,0.1536,12.0,0.1532,1.0,10668.0,585.0
2021-01-05 09:40:56.121,0.1531,0.1537,10.0,0.1532,1.0,10668.0,585.0
2021-01-05 09:40:56.600,0.1531,0.1535,12.0,0.1532,1.0,10668.0,585.0
2021-01-05 09:40:57.180,0.1532,0.1534,12.0,0.1528,10.0,10668.0,586.0
2021-01-05 09:40:57.560,0.1532,0.1536,22.0,0.153,10.0,10668.0,586.0
2021-01-05 09:40:58.200,0.1532,0.1535,14.0,0.153,10.0,10668.0,586.0
2021-01-05 09:40:58.721,0.1532,0.1536,22.0,0.153,10.0,10668.0,586.0
2021-01-05 09:40:58.980,0.1532,0.1536,36.0,0.153,10.0,10668.0,586.0
2021-01-05 09:40:59.721,0.1532,0.1536,36.0,0.153,24.0,10668.0,586.0
2021-01-05 09:40:59.921,0.1532,0.1536,26.0,0.153,10.0,10668.0,586.0
2021-01-05 09:41:00.980,0.1532,0.1534,12.0,0.153,10.0,10668.0,586.0
2021-01-05 09:41:01.650,0.1532,0.1537,12.0,0.1531,10.0,10668.0,586.0
2021-01-05 09:41:02.190,0.1532,0.1536,14.0,0.153,24.0,10668.0,586.0
2021-01-05 09:41:02.661,0.1532,0.1536,24.0,0.153,24.0,10668.0,586.0
2021-01-05 09:41:03.110,0.1532,0.1534,12.0,0.153,10.0,10668.0,586.0
2021-01-05 09:41:03.721,0.1532,0.1536,12.0,0.153,10.0,10668.0,586.0
2021-01-05 09:41:04.180,0.1532,0.1535,24.0,0.1528,13.0,10668.0,586.0
2021-01-05 09:41:04.680,0.1533,0.1533,2.0,0.1528,13.0,10668.0,594.0
2021-01-05 09:41:05.220,0.1533,0.1535,10.0,0.153,10.0,10668.0,594.0
2021-01-05 09:41:05.660,0.1533,0.1535,24.0,0.153,10.0,10668.0,594.0
2021-01-05 09:41:06.221,0.1533,0.1535,24.0,0.153,10.0,10668.0,594.0
2021-01-05 09:41:06.620,0.1533,0.1533,12.0,0.1528,3.0,10668.0,594.0
2021-01-05 09:41:07.100,0.1533,0.1533,26.0,0.1527,11.0,10668.0,594.0
2021-01-05 09:41:07.611,0.1533,0.1533,12.0,0.1527,11.0,10668.0,594.0
2021-01-05 09:41:08.201,0.1533,0.1532,24.0,0.1527,1.0,10668.0,594.0
2021-01-05 09:41:08.701,0.1533,0.1532,14.0,0.1527,11.0,10668.0,594.0
2021-01-05 09:41:09.650,0.1533,0.153,12.0,0.1527,1.0,10668.0,594.0
2021-01-05 09:41:10.220,0.1533,0.1533,20.0,0.1527,11.0,10668.0,594.0
2021-01-05 09:41:10.710,0.1533,0.1531,10.0,0.1527,1.0,10668.0,594.0
2021-01-05 09:41:11.210,0.1533,0.153,10.0,0.1527,1.0,10668.0,594.0
2021-01-05 09:41:11.711,0.1533,0.153,14.0,0.1527,1.0,10668.0,594.0
2021-01-05 09:41:12.151,0.1533,0.1531,10.0,0.1527,1.0,10668.0,594.0
2021-01-05 09:41:12.710,0.1533,0.153,24.0,0.1527,1.0,10668.0,594.0
2021-01-05 09:41:13.161,0.1533,0.1532,22.0,0.1528,10.0,10668.0,594.0
2021-01-05 09:41:13.711,0.1533,0.1532,26.0,0.1528,10.0,10668.0,594.0
2021-01-05 09:41:14.160,0.1533,0.1529,10.0,0.1527,1.0,10668.0,594.0
2021-01-05 09:41:14.671,0.1533,0.1532,10.0,0.1527,11.0,10668.0,594.0
2021-01-05 09:41:15.180,0.1533,0.1532,14.0,0.1527,11.0,10668.0,594.0
2021-01-05 09:41:15.651,0.1533,0.1534,12.0,0.1527,11.0,10668.0,594.0
2021-01-05 09:41:16.210,0.1533,0.1533,14.0,0.1527,25.0,10668.0,594.0
2021-01-05 09:41:16.500,0.1533,0.1531,12.0,0.1527,11.0,10668.0,594.0
2021-01-05 09:41:17.211,0.1533,0.1531,12.0,0.1527,11.0,10668.0,594.0
2021-01-05 09:41:17.670,0.1533,0.1533,22.0,0.1527,11.0,10668.0,594.0
2021-01-05 09:41:18.141,0.1533,0.1532,24.0,0.1527,11.0,10668.0,594.0
2021-01-05 09:41:18.600,0.1533,0.1532,24.0,0.1527,1.0,10668.0,594.0
2021-01-05 09:41:19.051,0.1533,0.1531,32.0,0.1527,1.0,10668.0,594.0
2021-01-05 09:41:19.570,0.1533,0.1531,22.0,0.1527,1.0,10668.0,594.0
2021-01-05 09:41:20.070,0.1533,0.1533,42.0,0.1527,1.0,10668.0,594.0
2021-01-05 09:41:20.721,0.1533,0.1532,14.0,0.1527,11.0,10668.0,594.0
2021-01-05 09:41:21.551,0.1533,0.1531,12.0,0.1527,11.0,10668.0,594.0
2021-01-05 09:41:22.190,0.1533,0.1531,12.0,0.1527,1.0,10668.0,594.0
2021-01-05 09:41:22.700,0.1533,0.153,14.0,0.1527,1.0,10668.0,594.0
2021-01-05 09:41:23.061,0.1533,0.153,12.0,0.1527,1.0,10668.0,594.0
2021-01-05 09:41:24.171,0.1533,0.1533,32.0,0.1527,11.0,10668.0,594.0
2021-01-05 09:41:24.651,0.1533,0.1532,24.0,0.1527,11.0,10668.0,594.0
2021-01-05 09:41:25.120,0.1533,0.153,12.0,0.1527,1.0,10668.0,594.0
2021-01-05 09:41:25.641,0.1527,0.1529,12.0,0.1525,3.0,10668.0,595.0
2021-01-05 09:41:26.190,0.1527,0.1529,12.0,0.1524,20.0,10668.0,595.0
2021-01-05 09:41:27.131,0.1527,0.1529,12.0,0.1524,20.0,10668.0,595.0
2021-01-05 09:41:27.710,0.1527,0.1528,14.0,0.1522,13.0,10668.0,595.0
2021-01-05 09:41:28.171,0.1527,0.1527,12.0,0.1523,10.0,10668.0,595.0
2021-01-05 09:41:28.540,0.1527,0.1527,12.0,0.1524,10.0,10668.0,595.0
2021-01-05 09:41:29.690,0.1527,0.1528,12.0,0.1524,10.0,10668.0,595.0
2021-01-05 09:41:30.180,0.1527,0.1528,26.0,0.1524,10.0,10668.0,595.0
2021-01-05 09:41:30.711,0.1527,0.1528,26.0,0.1524,10.0,10668.0,595.0
2021-01-05 09:41:31.181,0.1527,0.1528,12.0,0.1524,10.0,10668.0,595.0
2021-01-05 09:41:31.700,0.1527,0.1529,22.0,0.1524,10.0,10668.0,595.0
2021-01-05 09:41:32.220,0.1527,0.1528,14.0,0.1524,10.0,10668.0,595.0
2021-01-05 09:41:32.670,0.1527,0.153,12.0,0.1525,10.0,10668.0,595.0
2021-01-05 09:41:33.171,0.1527,0.1529,14.0,0.1523,10.0,10668.0,595.0
2021-01-05 09:41:33.621,0.1527,0.153,10.0,0.1525,10.0,10668.0,595.0
2021-01-05 09:41:34.120,0.1527,0.1531,12.0,0.1525,10.0,10668.0,595.0
2021-01-05 09:41:34.720,0.1527,0.1531,26.0,0.1525,10.0,10668.0,595.0
2021-01-05 09:41:35.221,0.1527,0.1529,12.0,0.1523,20.0,10668.0,595.0
2021-01-05 09:41:35.721,0.1527,0.1528,14.0,0.1523,20.0,10668.0,595.0
2021-01-05 09:41:35.961,0.1527,0.1528,14.0,0.1522,10.0,10668.0,595.0
2021-01-05 09:41:36.720,0.1527,0.1526,12.0,0.152,10.0,10668.0,595.0
2021-01-05 09:41:37.210,0.1527,0.1527,10.0,0.1521,10.0,10668.0,595.0
2021-01-05 09:41:37.711,0.1527,0.1526,34.0,0.1517,10.0,10668.0,595.0
2021-01-05 09:41:38.220,0.1527,0.1525,20.0,0.1518,10.0,10668.0,595.0
2021-01-05 09:41:38.650,0.1527,0.1525,10.0,0.1519,10.0,10668.0,595.0
2021-01-05 09:41:39.221,0.1527,0.1525,24.0,0.1519,24.0,10668.0,595.0
2021-01-05 09:41:39.521,0.1527,0.1525,10.0,0.1519,24.0,10668.0,595.0
2021-01-05 09:41:40.231,0.1527,0.1527,12.0,0.1521,10.0,10668.0,595.0
2021-01-05 09:41:40.721,0.1527,0.1526,14.0,0.1521,10.0,10668.0,595.0
2021-01-05 09:41:41.130,0.1527,0.1527,12.0,0.1522,10.0,10668.0,595.0
2021-01-05 09:41:41.730,0.1527,0.1527,14.0,0.1523,10.0,10668.0,595.0
2021-01-05 09:41:42.690,0.1527,0.153,10.0,0.1523,20.0,10668.0,595.0
2021-01-05 09:41:43.080,0.1527,0.1529,14.0,0.1523,34.0,10668.0,595.0
2021-01-05 09:41:44.671,0.1527,0.1529,14.0,0.1523,10.0,10668.0,595.0
2021-01-05 09:41:45.190,0.1527,0.1529,36.0,0.1523,10.0,10668.0,595.0
2021-01-05 09:41:45.701,0.1527,0.1529,14.0,0.1523,20.0,10668.0,595.0
2021-01-05 09:41:46.241,0.1527,0.1529,14.0,0.1523,10.0,10668.0,595.0
2021-01-05 09:41:46.661,0.1527,0.1529,14.0,0.1523,34.0,10668.0,595.0
2021-01-05 09:41:47.201,0.1527,0.1528,10.0,0.1521,20.0,10668.0,595.0
2021-01-05 09:41:47.741,0.1527,0.1528,10.0,0.1521,34.0,10668.0,595.0
2021-01-05 09:41:48.181,0.1527,0.1526,10.0,0.152,12.0,10668.0,595.0
2021-01-05 09:41:48.740,0.1527,0.1526,10.0,0.152,12.0,10668.0,595.0
2021-01-05 09:41:49.191,0.1527,0.1529,10.0,0.1522,20.0,10668.0,595.0
2021-01-05 09:41:49.451,0.1527,0.1526,10.0,0.1519,10.0,10668.0,595.0
2021-01-05 09:41:50.231,0.1527,0.1524,10.0,0.1517,22.0,10668.0,595.0
2021-01-05 09:41:50.751,0.1527,0.1524,36.0,0.1517,24.0,10668.0,595.0
2021-01-05 09:41:51.251,0.1527,0.1526,12.0,0.152,10.0,10668.0,595.0
2021-01-05 09:41:51.760,0.1527,0.1525,10.0,0.1517,22.0,10668.0,595.0
2021-01-05 09:41:52.261,0.1527,0.1524,12.0,0.1518,24.0,10668.0,595.0
2021-01-05 09:41:52.690,0.1527,0.1523,26.0,0.1516,20.0,10668.0,595.0
2021-01-05 09:41:53.151,0.1527,0.1522,12.0,0.1516,14.0,10668.0,595.0
2021-01-05 09:41:54.161,0.1527,0.1522,12.0,0.1515,27.0,10668.0,595.0
2021-01-05 09:41:54.670,0.1527,0.1521,14.0,0.1515,27.0,10668.0,595.0
2021-01-05 09:41:55.101,0.1527,0.152,12.0,0.1513,10.0,10668.0,595.0
2021-01-05 09:41:55.671,0.1527,0.1521,10.0,0.1514,24.0,10668.0,595.0
2021-01-05 09:41:56.151,0.1527,0.1521,34.0,0.1514,24.0,10668.0,595.0
2021-01-05 09:41:56.670,0.1527,0.1524,42.0,0.1517,10.0,10668.0,595.0
2021-01-05 09:41:57.110,0.1527,0.1519,10.0,0.1513,10.0,10668.0,595.0
2021-01-05 09:41:57.640,0.1527,0.1519,10.0,0.1515,10.0,10668.0,595.0
2021-01-05 09:41:58.140,0.1527,0.1519,10.0,0.1515,10.0,10668.0,595.0
2021-01-05 09:41:58.660,0.1527,0.1519,10.0,0.1515,10.0,10668.0,595.0
2021-01-05 09:41:59.131,0.1527,0.1519,10.0,0.1516,14.0,10668.0,595.0
2021-01-05 09:42:00.151,0.1527,0.1519,10.0,0.1516,10.0,10668.0,595.0
2021-01-05 09:42:00.701,0.1527,0.1519,10.0,0.1515,20.0,10668.0,595.0
2021-01-05 09:42:01.181,0.1527,0.1519,10.0,0.1515,20.0,10668.0,595.0
2021-01-05 09:42:01.651,0.1527,0.1519,10.0,0.1513,20.0,10668.0,595.0
2021-01-05 09:42:02.201,0.1527,0.1519,10.0,0.1515,10.0,10668.0,595.0
2021-01-05 09:42:02.710,0.1527,0.1519,10.0,0.1513,37.0,10668.0,595.0
2021-01-05 09:42:03.161,0.1527,0.1519,10.0,0.1514,10.0,10668.0,595.0
2021-01-05 09:42:04.110,0.1527,0.1519,10.0,0.1515,10.0,10668.0,595.0
2021-01-05 09:42:04.641,0.1527,0.1519,10.0,0.1515,10.0,10668.0,595.0
2021-01-05 09:42:05.211,0.1527,0.1519,10.0,0.1515,10.0,10668.0,595.0
2021-01-05 09:42:05.711,0.1527,0.1519,24.0,0.1515,10.0,10668.0,595.0
2021-01-05 09:42:06.181,0.1527,0.1519,24.0,0.1515,10.0,10668.0,595.0
2021-01-05 09:42:06.690,0.1527,0.1519,10.0,0.1515,10.0,10668.0,595.0
2021-01-05 09:42:07.230,0.1527,0.1519,10.0,0.1513,37.0,10668.0,595.0
2021-01-05 09:42:07.691,0.1527,0.1519,24.0,0.1513,23.0,10668.0,595.0
2021-01-05 09:42:08.220,0.1527,0.1519,24.0,0.1513,37.0,10668.0,595.0
2021-01-05 09:42:09.230,0.1527,0.1519,20.0,0.1513,13.0,10668.0,595.0
2021-01-05 09:42:09.570,0.1527,0.1518,14.0,0.1513,10.0,10668.0,595.0
2021-01-05 09:42:11.211,0.1527,0.1517,12.0,0.151,20.0,10668.0,595.0
2021-01-05 09:42:11.651,0.1527,0.1517,22.0,0.151,10.0,10668.0,595.0
2021-01-05 09:42:12.210,0.1527,0.1515,12.0,0.1509,3.0,10668.0,595.0
2021-01-05 09:42:12.721,0.1527,0.1515,12.0,0.1509,3.0,10668.0,595.0
2021-01-05 09:42:13.211,0.1527,0.1517,20.0,0.151,34.0,10668.0,595.0
2021-01-05 09:42:13.731,0.1527,0.1517,10.0,0.1512,10.0,10668.0,595.0
2021-01-05 09:42:14.150,0.1527,0.1517,10.0,0.1512,10.0,10668.0,595.0
2021-01-05 09:42:15.151,0.1527,0.1518,12.0,0.1512,10.0,10668.0,595.0
2021-01-05 09:42:15.650,0.1527,0.1518,26.0,0.1514,10.0,10668.0,595.0
2021-01-05 09:42:16.181,0.1527,0.1518,36.0,0.1512,13.0,10668.0,595.0
2021-01-05 09:42:16.701,0.1527,0.1517,10.0,0.1512,10.0,10668.0,595.0
2021-01-05 09:42:17.241,0.1527,0.1518,10.0,0.1512,10.0,10668.0,595.0
2021-01-05 09:42:17.681,0.1527,0.1517,24.0,0.1512,10.0,10668.0,595.0
2021-01-05 09:42:18.100,0.1527,0.1518,10.0,0.1512,10.0,10668.0,595.0
2021-01-05 09:42:18.701,0.1527,0.1519,10.0,0.1514,10.0,10668.0,595.0
2021-01-05 09:42:19.210,0.1527,0.1519,10.0,0.1514,10.0,10668.0,595.0
2021-01-05 09:42:20.150,0.1527,0.1521,20.0,0.1514,10.0,10668.0,595.0
2021-01-05 09:42:20.751,0.1527,0.152,24.0,0.1514,10.0,10668.0,595.0
2021-01-05 09:42:21.621,0.1527,0.152,14.0,0.1514,10.0,10668.0,595.0
2021-01-05 09:42:22.221,0.1527,0.1519,20.0,0.1513,10.0,10668.0,595.0
2021-01-05 09:42:22.370,0.1527,0.1519,20.0,0.1513,10.0,10668.0,595.0
2021-01-05 09:42:23.160,0.1527,0.1518,14.0,0.1513,10.0,10668.0,595.0
2021-01-05 09:42:23.631,0.1527,0.1518,14.0,0.1512,22.0,10668.0,595.0
2021-01-05 09:42:24.151,0.1527,0.1518,14.0,0.1512,10.0,10668.0,595.0
2021-01-05 09:42:24.670,0.1527,0.1518,14.0,0.1512,20.0,10668.0,595.0
2021-01-05 09:42:25.511,0.1527,0.1517,10.0,0.151,32.0,10668.0,595.0
2021-01-05 09:42:26.130,0.1527,0.1517,10.0,0.151,36.0,10668.0,595.0
2021-01-05 09:42:27.171,0.1527,0.1517,10.0,0.1511,10.0,10668.0,595.0
2021-01-05 09:42:27.651,0.1527,0.1517,24.0,0.1512,10.0,10668.0,595.0
2021-01-05 09:42:28.641,0.1527,0.1517,10.0,0.1512,10.0,10668.0,595.0
2021-01-05 09:42:29.720,0.1527,0.1517,20.0,0.1512,10.0,10668.0,595.0
2021-01-05 09:42:30.110,0.1527,0.1517,34.0,0.1512,10.0,10668.0,595.0
2021-01-05 09:42:30.710,0.1527,0.1519,10.0,0.1512,32.0,10668.0,595.0
2021-01-05 09:42:31.200,0.1527,0.1517,10.0,0.1511,13.0,10668.0,595.0
2021-01-05 09:42:31.720,0.1527,0.1517,10.0,0.1511,27.0,10668.0,595.0
2021-01-05 09:42:32.131,0.1527,0.1517,24.0,0.1511,27.0,10668.0,595.0
2021-01-05 09:42:33.121,0.1527,0.1517,24.0,0.1511,17.0,10668.0,595.0
2021-01-05 09:42:33.230,0.1527,0.1517,34.0,0.1511,29.0,10668.0,595.0
2021-01-05 09:42:34.210,0.1527,0.1519,20.0,0.1512,10.0,10668.0,595.0
2021-01-05 09:42:34.731,0.1527,0.1518,14.0,0.1512,27.0,10668.0,595.0
2021-01-05 09:42:35.151,0.1527,0.1518,14.0,0.1512,10.0,10668.0,595.0
2021-01-05 09:42:35.701,0.1527,0.1518,14.0,0.1512,20.0,10668.0,595.0
2021-01-05 09:42:36.650,0.1527,0.1518,14.0,0.1512,20.0,10668.0,595.0
2021-01-05 09:42:37.251,0.1527,0.1518,24.0,0.1512,10.0,10668.0,595.0
2021-01-05 09:42:40.221,0.1527,0.1518,24.0,0.1512,10.0,10668.0,595.0
2021-01-05 09:42:40.721,0.1527,0.1518,24.0,0.1512,10.0,10668.0,595.0
2021-01-05 09:42:41.201,0.1527,0.1518,24.0,0.1511,12.0,10668.0,595.0
2021-01-05 09:42:41.731,0.1527,0.1516,10.0,0.151,20.0,10668.0,595.0
2021-01-05 09:42:42.250,0.1527,0.1516,20.0,0.151,14.0,10668.0,595.0
2021-01-05 09:42:42.711,0.1527,0.1518,20.0,0.1511,20.0,10668.0,595.0
2021-01-05 09:42:43.251,0.1527,0.1517,14.0,0.1511,10.0,10668.0,595.0
2021-01-05 09:42:43.741,0.1527,0.1519,10.0,0.1513,10.0,10668.0,595.0
2021-01-05 09:42:44.211,0.1527,0.1518,24.0,0.1513,10.0,10668.0,595.0
2021-01-05 09:42:44.751,0.1527,0.1516,22.0,0.1509,10.0,10668.0,595.0
2021-01-05 09:42:45.191,0.1527,0.1518,12.0,0.1512,10.0,10668.0,595.0
2021-01-05 09:42:45.650,0.1527,0.1517,26.0,0.1512,10.0,10668.0,595.0
2021-01-05 09:42:46.240,0.1527,0.1517,26.0,0.1512,10.0,10668.0,595.0
2021-01-05 09:42:46.741,0.1527,0.1517,46.0,0.1509,23.0,10668.0,595.0
2021-01-05 09:42:47.231,0.1527,0.1516,12.0,0.151,14.0,10668.0,595.0
2021-01-05 09:42:47.690,0.1527,0.1516,12.0,0.151,14.0,10668.0,595.0
2021-01-05 09:42:48.171,0.1527,0.1516,26.0,0.151,14.0,10668.0,595.0
2021-01-05 09:42:48.720,0.1527,0.1517,10.0,0.1511,10.0,10668.0,595.0
2021-01-05 09:42:49.110,0.1527,0.1517,24.0,0.1511,10.0,10668.0,595.0
2021-01-05 09:42:49.750,0.1527,0.1517,24.0,0.1511,34.0,10668.0,595.0
2021-01-05 09:42:50.720,0.1527,0.1517,24.0,0.1511,20.0,10668.0,595.0
2021-01-05 09:42:51.060,0.1527,0.1516,12.0,0.1511,10.0,10668.0,595.0
2021-01-05 09:42:51.761,0.1527,0.1516,12.0,0.1511,24.0,10668.0,595.0
2021-01-05 09:42:52.251,0.1527,0.1516,12.0,0.1511,24.0,10668.0,595.0
2021-01-05 09:42:52.601,0.1527,0.1516,12.0,0.1511,24.0,10668.0,595.0
2021-01-05 09:42:53.640,0.1527,0.1515,10.0,0.1511,10.0,10668.0,595.0
2021-01-05 09:42:55.190,0.1527,0.1515,10.0,0.1511,20.0,10668.0,595.0
2021-01-05 09:42:55.701,0.1527,0.1515,10.0,0.1511,24.0,10668.0,595.0
2021-01-05 09:42:56.191,0.1527,0.1515,10.0,0.1509,20.0,10668.0,595.0
2021-01-05 09:42:56.631,0.1527,0.1515,10.0,0.1511,10.0,10668.0,595.0
2021-01-05 09:42:57.140,0.1527,0.1515,10.0,0.1511,10.0,10668.0,595.0
2021-01-05 09:42:58.220,0.1527,0.1514,12.0,0.1508,20.0,10668.0,595.0
2021-01-05 09:42:58.731,0.1527,0.1514,12.0,0.1511,10.0,10668.0,595.0
2021-01-05 09:42:59.230,0.1527,0.1515,10.0,0.1511,20.0,10668.0,595.0
2021-01-05 09:42:59.730,0.1527,0.1515,10.0,0.1511,10.0,10668.0,595.0
2021-01-05 09:42:59.951,0.1527,0.1514,12.0,0.1511,10.0,10668.0,595.0
2021-01-05 09:43:00.721,0.1527,0.1515,10.0,0.1511,10.0,10668.0,595.0
2021-01-05 09:43:01.211,0.1527,0.1515,10.0,0.1511,20.0,10668.0,595.0
2021-01-05 09:43:01.701,0.1527,0.1515,10.0,0.1511,10.0,10668.0,595.0
2021-01-05 09:43:02.150,0.1527,0.1515,10.0,0.1511,10.0,10668.0,595.0
2021-01-05 09:43:02.681,0.1527,0.1514,12.0,0.1508,20.0,10668.0,595.0
2021-01-05 09:43:03.241,0.1527,0.1514,12.0,0.1508,34.0,10668.0,595.0
2021-01-05 09:43:04.240,0.1527,0.1514,12.0,0.1508,34.0,10668.0,595.0
2021-01-05 09:43:04.740,0.1527,0.1515,10.0,0.1511,10.0,10668.0,595.0
2021-01-05 09:43:05.251,0.1527,0.1515,10.0,0.1511,10.0,10668.0,595.0
2021-01-05 09:43:05.681,0.1527,0.1516,12.0,0.1513,10.0,10668.0,595.0
2021-01-05 09:43:06.171,0.1527,0.1518,10.0,0.1513,24.0,10668.0,595.0
2021-01-05 09:43:06.730,0.1527,0.1518,10.0,0.1513,24.0,10668.0,595.0
2021-01-05 09:43:07.231,0.1527,0.1518,10.0,0.1513,34.0,10668.0,595.0
2021-01-05 09:43:07.710,0.1527,0.1518,10.0,0.1513,34.0,10668.0,595.0
2021-01-05 09:43:08.181,0.1527,0.152,10.0,0.1513,34.0,10668.0,595.0
2021-01-05 09:43:08.701,0.1527,0.152,14.0,0.1513,34.0,10668.0,595.0
2021-01-05 09:43:09.231,0.1527,0.1519,12.0,0.1513,34.0,10668.0,595.0
2021-01-05 09:43:09.740,0.1527,0.1521,48.0,0.1513,20.0,10668.0,595.0
2021-01-05 09:43:10.150,0.1527,0.1517,20.0,0.1511,10.0,10668.0,595.0
2021-01-05 09:43:10.761,0.1527,0.1517,32.0,0.1511,10.0,10668.0,595.0
2021-01-05 09:43:11.250,0.1527,0.1517,32.0,0.1511,24.0,10668.0,595.0
2021-01-05 09:43:11.750,0.1527,0.1517,32.0,0.1511,14.0,10668.0,595.0
2021-01-05 09:43:12.171,0.1527,0.1517,32.0,0.1511,24.0,10668.0,595.0
2021-01-05 09:43:12.730,0.1527,0.1513,1.0,0.1511,10.0,10668.0,595.0
2021-01-05 09:43:13.210,0.1513,0.1517,10.0,0.1513,10.0,10668.0,596.0
2021-01-05 09:43:13.721,0.1513,0.152,12.0,0.1513,10.0,10668.0,596.0
2021-01-05 09:43:14.270,0.1513,0.1521,10.0,0.1516,10.0,10668.0,596.0
2021-01-05 09:43:15.241,0.1513,0.1521,10.0,0.1516,24.0,10668.0,596.0
2021-01-05 09:43:15.771,0.1513,0.1521,10.0,0.1516,34.0,10668.0,596.0
2021-01-05 09:43:16.270,0.1513,0.1521,10.0,0.1516,24.0,10668.0,596.0
2021-01-05 09:43:16.720,0.1513,0.1521,10.0,0.1516,10.0,10668.0,596.0
2021-01-05 09:43:17.271,0.1513,0.1521,24.0,0.1516,10.0,10668.0,596.0
2021-01-05 09:43:17.771,0.1513,0.1521,34.0,0.1514,22.0,10668.0,596.0
2021-01-05 09:43:18.270,0.1513,0.1521,24.0,0.1515,24.0,10668.0,596.0
2021-01-05 09:43:18.741,0.1513,0.1521,10.0,0.1516,10.0,10668.0,596.0
2021-01-05 09:43:19.261,0.1513,0.1521,10.0,0.1516,10.0,10668.0,596.0
2021-01-05 09:43:21.271,0.1513,0.152,12.0,0.1514,20.0,10668.0,596.0
2021-01-05 09:43:21.701,0.1513,0.152,36.0,0.1514,10.0,10668.0,596.0
2021-01-05 09:43:22.281,0.1513,0.152,12.0,0.1512,20.0,10668.0,596.0
2021-01-05 09:43:22.671,0.1513,0.1519,14.0,0.1514,10.0,10668.0,596.0
2021-01-05 09:43:23.190,0.1513,0.1518,12.0,0.1512,10.0,10668.0,596.0
2021-01-05 09:43:24.120,0.1513,0.1519,36.0,0.1514,10.0,10668.0,596.0
2021-01-05 09:43:24.661,0.1513,0.1518,12.0,0.1512,10.0,10668.0,596.0
2021-01-05 09:43:25.201,0.1513,0.1518,22.0,0.1512,24.0,10668.0,596.0
2021-01-05 09:43:25.701,0.1513,0.1516,12.0,0.1512,14.0,10668.0,596.0
2021-01-05 09:43:26.181,0.1513,0.1516,12.0,0.151,26.0,10668.0,596.0
2021-01-05 09:43:26.621,0.1513,0.1517,10.0,0.1511,10.0,10668.0,596.0
2021-01-05 09:43:27.190,0.1513,0.1516,12.0,0.151,10.0,10668.0,596.0
2021-01-05 09:43:27.620,0.1513,0.1517,20.0,0.1511,10.0,10668.0,596.0
2021-01-05 09:43:29.660,0.1513,0.1517,32.0,0.151,20.0,10668.0,596.0
2021-01-05 09:43:30.050,0.1513,0.1517,46.0,0.1511,24.0,10668.0,596.0
2021-01-05 09:43:30.701,0.1513,0.1517,46.0,0.1512,10.0,10668.0,596.0
2021-01-05 09:43:31.111,0.1513,0.1516,10.0,0.151,10.0,10668.0,596.0
2021-01-05 09:43:31.720,0.1513,0.1517,42.0,0.1511,14.0,10668.0,596.0
2021-01-05 09:43:32.181,0.1517,0.1515,12.0,0.151,10.0,10668.0,601.0
2021-01-05 09:43:32.701,0.1517,0.1515,12.0,0.151,24.0,10668.0,601.0
2021-01-05 09:43:33.141,0.1517,0.1517,25.0,0.1512,10.0,10668.0,601.0
2021-01-05 09:43:34.221,0.1517,0.1517,25.0,0.1512,10.0,10668.0,601.0
2021-01-05 09:43:34.230,0.1517,0.1516,12.0,0.151,10.0,10668.0,601.0
2021-01-05 09:43:35.160,0.1517,0.1517,5.0,0.1512,10.0,10668.0,601.0
2021-01-05 09:43:35.610,0.1517,0.1518,22.0,0.1512,10.0,10668.0,601.0
2021-01-05 09:43:36.221,0.1517,0.1518,36.0,0.1512,10.0,10668.0,601.0
2021-01-05 09:43:36.661,0.1517,0.1518,22.0,0.1512,10.0,10668.0,601.0
2021-01-05 09:43:37.181,0.1517,0.1518,22.0,0.1514,10.0,10668.0,601.0
2021-01-05 09:43:37.631,0.1517,0.1518,22.0,0.1514,10.0,10668.0,601.0
2021-01-05 09:43:38.221,0.1518,0.1518,22.0,0.1512,10.0,10678.0,611.0
2021-01-05 09:43:38.680,0.1518,0.1515,5.0,0.1512,36.0,10678.0,611.0
2021-01-05 09:43:39.241,0.1518,0.1515,5.0,0.1512,10.0,10678.0,611.0
2021-01-05 09:43:39.711,0.1518,0.1515,5.0,0.1512,24.0,10678.0,611.0
2021-01-05 09:43:40.361,0.1518,0.1515,5.0,0.1512,10.0,10678.0,611.0
2021-01-05 09:43:41.231,0.1518,0.1515,5.0,0.1513,14.0,10678.0,611.0
2021-01-05 09:43:41.730,0.1518,0.1515,5.0,0.1512,10.0,10678.0,611.0
2021-01-05 09:43:42.191,0.1518,0.1515,5.0,0.1512,24.0,10678.0,611.0
2021-01-05 09:43:42.741,0.1518,0.1515,5.0,0.1512,10.0,10678.0,611.0
2021-01-05 09:43:43.231,0.1515,0.1521,10.0,0.1515,5.0,10678.0,616.0
2021-01-05 09:43:43.711,0.1515,0.1519,10.0,0.1515,17.0,10678.0,616.0
2021-01-05 09:43:44.251,0.1515,0.1519,10.0,0.1515,5.0,10678.0,616.0
2021-01-05 09:43:44.670,0.1515,0.1519,12.0,0.1515,5.0,10678.0,616.0
2021-01-05 09:43:45.221,0.1515,0.1519,22.0,0.1515,5.0,10678.0,616.0
2021-01-05 09:43:46.151,0.1515,0.1519,32.0,0.1512,10.0,10678.0,616.0
2021-01-05 09:43:46.710,0.1515,0.1519,46.0,0.1514,10.0,10678.0,616.0
2021-01-05 09:43:47.250,0.1515,0.1519,34.0,0.1511,10.0,10678.0,616.0
2021-01-05 09:43:47.661,0.1515,0.1517,12.0,0.1512,14.0,10678.0,616.0
2021-01-05 09:43:48.220,0.1515,0.1519,10.0,0.1513,20.0,10678.0,616.0
2021-01-05 09:43:48.721,0.1515,0.152,12.0,0.1515,10.0,10678.0,616.0
2021-01-05 09:43:49.221,0.1515,0.152,12.0,0.1515,10.0,10678.0,616.0
2021-01-05 09:43:49.601,0.1515,0.152,12.0,0.1515,24.0,10678.0,616.0
2021-01-05 09:43:50.170,0.1515,0.1522,20.0,0.1515,10.0,10678.0,616.0
2021-01-05 09:43:50.650,0.1515,0.1521,12.0,0.1517,10.0,10678.0,616.0
2021-01-05 09:43:51.221,0.1515,0.1521,12.0,0.1517,10.0,10678.0,616.0
2021-01-05 09:43:51.660,0.1515,0.1521,12.0,0.1517,10.0,10678.0,616.0
2021-01-05 09:43:52.200,0.1515,0.1521,12.0,0.1517,10.0,10678.0,616.0
2021-01-05 09:43:52.681,0.1515,0.1521,12.0,0.1517,10.0,10678.0,616.0
2021-01-05 09:43:53.201,0.1515,0.1521,12.0,0.1517,10.0,10678.0,616.0
2021-01-05 09:43:53.610,0.1515,0.1521,12.0,0.1517,10.0,10678.0,616.0
2021-01-05 09:43:54.191,0.1515,0.1521,12.0,0.1517,10.0,10678.0,616.0
2021-01-05 09:43:54.980,0.1515,0.1521,12.0,0.1517,10.0,10678.0,616.0
2021-01-05 09:43:55.660,0.1515,0.1521,12.0,0.1517,24.0,10678.0,616.0
2021-01-05 09:43:57.230,0.1515,0.1521,12.0,0.1517,10.0,10678.0,616.0
2021-01-05 09:43:57.650,0.1515,0.1521,32.0,0.1514,40.0,10678.0,616.0
2021-01-05 09:43:58.181,0.1515,0.1521,32.0,0.1515,14.0,10678.0,616.0
2021-01-05 09:43:58.711,0.1515,0.1521,22.0,0.1515,24.0,10678.0,616.0
2021-01-05 09:43:59.170,0.1515,0.152,12.0,0.1515,14.0,10678.0,616.0
2021-01-05 09:44:00.131,0.1515,0.1521,10.0,0.1515,24.0,10678.0,616.0
2021-01-05 09:44:00.701,0.1515,0.1522,22.0,0.1516,10.0,10678.0,616.0
2021-01-05 09:44:01.160,0.1515,0.1522,12.0,0.1516,10.0,10678.0,616.0
2021-01-05 09:44:01.621,0.1515,0.1522,12.0,0.1516,24.0,10678.0,616.0
2021-01-05 09:44:02.031,0.1515,0.1522,26.0,0.1516,24.0,10678.0,616.0
2021-01-05 09:44:02.711,0.1515,0.1522,12.0,0.1518,10.0,10678.0,616.0
2021-01-05 09:44:03.231,0.1515,0.1523,10.0,0.1518,10.0,10678.0,616.0
