,last,ask1,asize1,bid1,bsize1,oi,volume
2021-01-05 09:25:00.080,,0.0801,1.0,0.0728,1.0,5260.0,
2021-01-05 09:30:00.451,,0.0801,1.0,0.0728,1.0,5260.0,
2021-01-05 09:30:00.991,,0.0789,1.0,0.072,1.0,5260.0,
2021-01-05 09:30:02.511,,0.0789,1.0,0.0757,20.0,5260.0,
2021-01-05 09:30:02.611,,0.0789,1.0,0.0759,20.0,5260.0,
2021-01-05 09:30:03.471,,0.0789,1.0,0.0757,20.0,5260.0,
2021-01-05 09:30:03.980,,0.0789,1.0,0.0755,20.0,5260.0,
2021-01-05 09:30:04.430,,0.0789,1.0,0.0757,20.0,5260.0,
2021-01-05 09:30:05.010,,0.0789,1.0,0.0757,20.0,5260.0,
2021-01-05 09:30:05.481,,0.0789,1.0,0.076,20.0,5260.0,
2021-01-05 09:30:05.990,,0.0789,1.0,0.076,20.0,5260.0,
2021-01-05 09:30:06.971,,0.0789,1.0,0.0767,20.0,5260.0,
2021-01-05 09:30:13.000,,0.0789,1.0,0.0764,20.0,5260.0,
2021-01-05 09:30:16.531,,0.0789,1.0,0.0764,20.0,5260.0,
2021-01-05 09:30:17.021,,0.0789,1.0,0.076,20.0,5260.0,
2021-01-05 09:30:17.641,,0.0789,1.0,0.076,20.0,5260.0,
2021-01-05 09:30:18.231,,0.0789,1.0,0.076,20.0,5260.0,
2021-01-05 09:30:19.251,,0.0789,1.0,0.0758,20.0,5260.0,
2021-01-05 09:30:21.241,,0.0789,1.0,0.076,20.0,5260.0,
2021-01-05 09:30:22.240,,0.0789,1.0,0.0761,20.0,5260.0,
2021-01-05 09:30:24.161,,0.0789,1.0,0.0761,20.0,5260.0,
2021-01-05 09:30:24.661,,0.0789,1.0,0.0763,20.0,5260.0,
2021-01-05 09:30:30.171,,0.0789,1.0,0.0763,20.0,5260.0,
2021-01-05 09:30:31.121,,0.0789,1.0,0.0761,20.0,5260.0,
2021-01-05 09:30:32.140,,0.0789,1.0,0.0761,20.0,5260.0,
2021-01-05 09:30:32.631,,0.0789,1.0,0.0759,20.0,5260.0,
2021-01-05 09:30:37.171,,0.0792,20.0,0.0759,20.0,5260.0,
2021-01-05 09:30:38.141,,0.0811,20.0,0.0759,20.0,5260.0,
2021-01-05 09:30:42.671,0.0759,0.0809,20.0,0.0759,19.0,5259.0,1.0
2021-01-05 09:30:43.180,0.0759,0.0809,20.0,0.0757,20.0,5259.0,1.0
2021-01-05 09:30:43.681,0.0759,0.0809,30.0,0.0759,10.0,5259.0,1.0
2021-01-05 09:30:44.181,0.0759,0.0807,20.0,0.0759,10.0,5259.0,1.0
2021-01-05 09:30:44.650,0.0759,0.0807,20.0,0.0759,30.0,5259.0,1.0
2021-01-05 09:30:47.691,0.0759,0.0805,20.0,0.0759,30.0,5259.0,1.0
2021-01-05 09:30:55.081,0.0759,0.0803,20.0,0.0759,30.0,5259.0,1.0
2021-01-05 09:30:55.671,0.0759,0.0803,30.0,0.0759,30.0,5259.0,1.0
2021-01-05 09:31:00.681,0.0759,0.0803,30.0,0.0759,30.0,5259.0,1.0
2021-01-05 09:31:01.140,0.0759,0.0803,30.0,0.0759,30.0,5259.0,1.0
2021-01-05 09:31:02.170,0.0759,0.0803,10.0,0.0759,10.0,5259.0,1.0
2021-01-05 09:31:02.681,0.0759,0.0803,30.0,0.0759,30.0,5259.0,1.0
2021-01-05 09:31:04.671,0.0759,0.0803,30.0,0.0778,10.0,5259.0,1.0
2021-01-05 09:31:05.190,0.0759,0.0803,30.0,0.0778,10.0,5259.0,1.0
2021-01-05 09:31:05.670,0.0759,0.0803,30.0,0.0778,10.0,5259.0,1.0
2021-01-05 09:31:06.160,0.0759,0.0803,30.0,0.0778,10.0,5259.0,1.0
2021-01-05 09:31:07.190,0.0759,0.0801,1.0,0.0778,10.0,5259.0,1.0
2021-01-05 09:31:07.670,0.0759,0.0801,21.0,0.0778,10.0,5259.0,1.0
2021-01-05 09:31:08.650,0.0759,0.0801,21.0,0.0778,10.0,5259.0,1.0
2021-01-05 09:31:11.701,0.0759,0.0801,21.0,0.0778,10.0,5259.0,1.0
2021-01-05 09:31:13.170,0.0759,0.0801,21.0,0.0778,10.0,5259.0,1.0
2021-01-05 09:31:16.180,0.0778,0.0801,21.0,0.0778,9.0,5259.0,2.0
2021-01-05 09:31:17.710,0.0778,0.0801,21.0,0.0776,10.0,5259.0,2.0
2021-01-05 09:31:18.720,0.0778,0.0795,10.0,0.0776,10.0,5259.0,2.0
2021-01-05 09:31:19.150,0.0778,0.0795,20.0,0.0772,10.0,5259.0,2.0
2021-01-05 09:31:19.711,0.0778,0.0795,40.0,0.0772,20.0,5259.0,2.0
2021-01-05 09:31:20.161,0.0778,0.0795,40.0,0.0768,30.0,5259.0,2.0
2021-01-05 09:31:20.701,0.0778,0.0795,40.0,0.0768,30.0,5259.0,2.0
2021-01-05 09:31:21.671,0.0778,0.0795,40.0,0.0768,30.0,5259.0,2.0
2021-01-05 09:31:22.211,0.0778,0.0795,40.0,0.0768,30.0,5259.0,2.0
2021-01-05 09:31:22.620,0.0778,0.0788,10.0,0.0768,30.0,5259.0,2.0
2021-01-05 09:31:23.171,0.0778,0.0788,10.0,0.0768,20.0,5259.0,2.0
2021-01-05 09:31:24.660,0.0778,0.0787,10.0,0.0768,20.0,5259.0,2.0
2021-01-05 09:31:25.150,0.0778,0.0784,10.0,0.0768,20.0,5259.0,2.0
2021-01-05 09:31:25.640,0.0778,0.0783,10.0,0.0768,20.0,5259.0,2.0
2021-01-05 09:31:26.141,0.0778,0.0783,10.0,0.0766,20.0,5259.0,2.0
2021-01-05 09:31:27.171,0.0778,0.0783,10.0,0.0766,20.0,5259.0,2.0
2021-01-05 09:31:28.610,0.0778,0.0783,10.0,0.0766,20.0,5259.0,2.0
2021-01-05 09:31:29.171,0.0778,0.0783,10.0,0.0766,20.0,5259.0,2.0
2021-01-05 09:31:30.170,0.0778,0.0783,20.0,0.0765,30.0,5259.0,2.0
2021-01-05 09:31:30.671,0.0778,0.0782,10.0,0.0765,30.0,5259.0,2.0
2021-01-05 09:31:31.101,0.0778,0.0782,30.0,0.0765,20.0,5259.0,2.0
2021-01-05 09:31:31.641,0.0778,0.0782,30.0,0.0762,30.0,5259.0,2.0
2021-01-05 09:31:32.191,0.0778,0.0782,30.0,0.0762,30.0,5259.0,2.0
2021-01-05 09:31:33.190,0.0778,0.0782,30.0,0.0762,20.0,5259.0,2.0
2021-01-05 09:31:33.610,0.0778,0.0782,30.0,0.0762,10.0,5259.0,2.0
2021-01-05 09:31:34.181,0.0778,0.0781,10.0,0.0762,10.0,5259.0,2.0
2021-01-05 09:31:34.681,0.0778,0.0782,30.0,0.0762,10.0,5259.0,2.0
2021-01-05 09:31:35.190,0.0778,0.0782,30.0,0.0762,30.0,5259.0,2.0
2021-01-05 09:31:35.670,0.0778,0.0781,10.0,0.0766,10.0,5259.0,2.0
2021-01-05 09:31:36.181,0.0778,0.0781,13.0,0.0764,30.0,5259.0,2.0
2021-01-05 09:31:38.190,0.0778,0.0781,23.0,0.0764,10.0,5259.0,2.0
2021-01-05 09:31:39.210,0.0778,0.0781,23.0,0.0764,10.0,5259.0,2.0
2021-01-05 09:31:39.710,0.0778,0.0781,35.0,0.0764,10.0,5259.0,2.0
2021-01-05 09:31:40.200,0.0778,0.0777,10.0,0.0764,10.0,5259.0,2.0
2021-01-05 09:31:40.711,0.0778,0.0777,32.0,0.0762,10.0,5259.0,2.0
2021-01-05 09:31:41.191,0.0778,0.0776,12.0,0.0762,10.0,5259.0,2.0
2021-01-05 09:31:41.700,0.0778,0.0775,12.0,0.076,10.0,5259.0,2.0
2021-01-05 09:31:42.211,0.0778,0.0776,22.0,0.076,10.0,5259.0,2.0
2021-01-05 09:31:42.711,0.0778,0.0776,25.0,0.076,10.0,5259.0,2.0
2021-01-05 09:31:43.191,0.0778,0.0776,25.0,0.076,10.0,5259.0,2.0
2021-01-05 09:31:43.710,0.0778,0.0776,25.0,0.0758,10.0,5259.0,2.0
2021-01-05 09:31:44.190,0.0778,0.0776,13.0,0.0758,10.0,5259.0,2.0
2021-01-05 09:31:44.691,0.0778,0.0776,13.0,0.0758,10.0,5259.0,2.0
2021-01-05 09:31:45.700,0.0778,0.0776,23.0,0.0758,10.0,5259.0,2.0
2021-01-05 09:31:46.011,0.0778,0.0776,23.0,0.0758,10.0,5259.0,2.0
2021-01-05 09:31:46.701,0.0778,0.0776,23.0,0.0758,10.0,5259.0,2.0
2021-01-05 09:31:47.191,0.0778,0.0776,13.0,0.0758,10.0,5259.0,2.0
2021-01-05 09:31:47.711,0.0778,0.0776,13.0,0.0758,10.0,5259.0,2.0
2021-01-05 09:31:48.211,0.0778,0.0776,13.0,0.0756,10.0,5259.0,2.0
2021-01-05 09:31:49.221,0.0778,0.0776,13.0,0.0756,10.0,5259.0,2.0
2021-01-05 09:31:49.671,0.0778,0.0776,23.0,0.0756,10.0,5259.0,2.0
2021-01-05 09:31:50.191,0.0778,0.0775,10.0,0.0756,10.0,5259.0,2.0
2021-01-05 09:31:50.710,0.0778,0.0774,3.0,0.0756,10.0,5259.0,2.0
2021-01-05 09:31:51.210,0.0778,0.0774,13.0,0.0755,10.0,5259.0,2.0
2021-01-05 09:31:51.701,0.0778,0.0774,13.0,0.0755,10.0,5259.0,2.0
2021-01-05 09:31:52.220,0.0778,0.0774,13.0,0.0755,10.0,5259.0,2.0
2021-01-05 09:31:52.621,0.0778,0.0774,13.0,0.0755,10.0,5259.0,2.0
2021-01-05 09:31:53.171,0.0778,0.0773,10.0,0.0755,10.0,5259.0,2.0
2021-01-05 09:31:53.640,0.0778,0.0768,10.0,0.0755,10.0,5259.0,2.0
2021-01-05 09:31:53.640,0.0778,0.0768,40.0,0.0755,10.0,5259.0,2.0
2021-01-05 09:31:54.151,0.0778,0.0768,40.0,0.0755,10.0,5259.0,2.0
2021-01-05 09:31:55.150,0.0778,0.0768,40.0,0.0755,10.0,5259.0,2.0
2021-01-05 09:31:55.670,0.0778,0.0768,40.0,0.0755,10.0,5259.0,2.0
2021-01-05 09:31:57.171,0.0778,0.0768,40.0,0.0754,10.0,5259.0,2.0
2021-01-05 09:31:57.651,0.0778,0.0767,3.0,0.0754,10.0,5259.0,2.0
2021-01-05 09:31:58.150,0.0778,0.0767,3.0,0.0754,10.0,5259.0,2.0
2021-01-05 09:31:58.640,0.0778,0.0767,3.0,0.0754,10.0,5259.0,2.0
2021-01-05 09:32:00.650,0.0778,0.0767,13.0,0.0752,10.0,5259.0,2.0
2021-01-05 09:32:01.170,0.0778,0.0767,13.0,0.0752,10.0,5259.0,2.0
2021-01-05 09:32:01.670,0.0778,0.0767,23.0,0.075,10.0,5259.0,2.0
2021-01-05 09:32:02.171,0.0778,0.0767,23.0,0.075,10.0,5259.0,2.0
2021-01-05 09:32:02.671,0.0778,0.0767,23.0,0.075,10.0,5259.0,2.0
2021-01-05 09:32:03.180,0.0778,0.0767,23.0,0.075,10.0,5259.0,2.0
2021-01-05 09:32:03.641,0.0778,0.0767,23.0,0.075,10.0,5259.0,2.0
2021-01-05 09:32:04.161,0.0778,0.0767,23.0,0.075,10.0,5259.0,2.0
2021-01-05 09:32:04.661,0.0778,0.0767,23.0,0.075,10.0,5259.0,2.0
2021-01-05 09:32:05.141,0.0778,0.0767,23.0,0.075,10.0,5259.0,2.0
2021-01-05 09:32:05.660,0.0778,0.0767,23.0,0.0748,10.0,5259.0,2.0
2021-01-05 09:32:06.161,0.0778,0.0767,23.0,0.0748,10.0,5259.0,2.0
2021-01-05 09:32:06.680,0.0778,0.0767,23.0,0.0748,10.0,5259.0,2.0
2021-01-05 09:32:07.070,0.0778,0.0767,23.0,0.0748,10.0,5259.0,2.0
2021-01-05 09:32:07.671,0.0778,0.0766,3.0,0.0748,10.0,5259.0,2.0
2021-01-05 09:32:08.171,0.0778,0.0766,33.0,0.0746,10.0,5259.0,2.0
2021-01-05 09:32:08.651,0.0778,0.0766,33.0,0.0746,10.0,5259.0,2.0
2021-01-05 09:32:09.141,0.0778,0.0766,33.0,0.0746,20.0,5259.0,2.0
2021-01-05 09:32:09.141,0.0778,0.0766,43.0,0.0746,20.0,5259.0,2.0
2021-01-05 09:32:10.161,0.0778,0.0766,43.0,0.0746,20.0,5259.0,2.0
2021-01-05 09:32:10.630,0.0778,0.0766,43.0,0.0746,20.0,5259.0,2.0
2021-01-05 09:32:11.650,0.0778,0.0766,33.0,0.0746,20.0,5259.0,2.0
2021-01-05 09:32:12.161,0.0778,0.0766,33.0,0.0746,20.0,5259.0,2.0
2021-01-05 09:32:12.670,0.0778,0.0766,33.0,0.0746,20.0,5259.0,2.0
2021-01-05 09:32:14.660,0.0778,0.0766,33.0,0.0746,20.0,5259.0,2.0
2021-01-05 09:32:15.171,0.0778,0.0766,33.0,0.0747,1.0,5259.0,2.0
2021-01-05 09:32:15.671,0.0778,0.0766,33.0,0.0747,1.0,5259.0,2.0
2021-01-05 09:32:16.551,0.0778,0.0766,33.0,0.0747,1.0,5259.0,2.0
2021-01-05 09:32:17.161,0.0778,0.0766,33.0,0.0747,1.0,5259.0,2.0
2021-01-05 09:32:17.651,0.0778,0.0765,3.0,0.0747,1.0,5259.0,2.0
2021-01-05 09:32:18.670,0.0778,0.0765,3.0,0.0747,1.0,5259.0,2.0
2021-01-05 09:32:19.640,0.0778,0.0765,3.0,0.0747,1.0,5259.0,2.0
2021-01-05 09:32:20.151,0.0778,0.0765,3.0,0.0747,1.0,5259.0,2.0
2021-01-05 09:32:20.671,0.0778,0.0765,3.0,0.0747,1.0,5259.0,2.0
2021-01-05 09:32:21.171,0.0778,0.0765,3.0,0.0747,1.0,5259.0,2.0
2021-01-05 09:32:21.680,0.0778,0.0765,3.0,0.0747,1.0,5259.0,2.0
2021-01-05 09:32:22.181,0.0778,0.0765,3.0,0.0747,1.0,5259.0,2.0
2021-01-05 09:32:22.660,0.0778,0.0765,3.0,0.0753,10.0,5259.0,2.0
2021-01-05 09:32:23.180,0.0778,0.0765,13.0,0.0753,10.0,5259.0,2.0
2021-01-05 09:32:24.640,0.0778,0.0765,10.0,0.0753,10.0,5259.0,2.0
2021-01-05 09:32:26.171,0.0778,0.0765,10.0,0.0753,10.0,5259.0,2.0
2021-01-05 09:32:26.650,0.0778,0.0762,10.0,0.0751,10.0,5259.0,2.0
2021-01-05 09:32:27.641,0.0778,0.0762,40.0,0.0751,10.0,5259.0,2.0
2021-01-05 09:32:28.171,0.0778,0.0762,40.0,0.0748,20.0,5259.0,2.0
2021-01-05 09:32:28.611,0.0778,0.0762,40.0,0.0748,20.0,5259.0,2.0
2021-01-05 09:32:29.180,0.0778,0.0762,40.0,0.0748,20.0,5259.0,2.0
2021-01-05 09:32:30.171,0.0778,0.0762,40.0,0.0748,20.0,5259.0,2.0
2021-01-05 09:32:31.151,0.0778,0.0762,40.0,0.0748,20.0,5259.0,2.0
2021-01-05 09:32:31.631,0.0778,0.0762,40.0,0.0748,20.0,5259.0,2.0
2021-01-05 09:32:32.121,0.0778,0.0762,40.0,0.0748,20.0,5259.0,2.0
2021-01-05 09:32:33.141,0.0778,0.0762,40.0,0.0748,20.0,5259.0,2.0
2021-01-05 09:32:34.691,0.0778,0.0762,40.0,0.0748,20.0,5259.0,2.0
2021-01-05 09:32:35.671,0.0778,0.0762,40.0,0.0748,20.0,5259.0,2.0
2021-01-05 09:32:36.190,0.0778,0.0762,40.0,0.0748,20.0,5259.0,2.0
2021-01-05 09:32:38.670,0.0778,0.0762,40.0,0.0748,20.0,5259.0,2.0
2021-01-05 09:32:39.630,0.0778,0.0762,40.0,0.0748,20.0,5259.0,2.0
2021-01-05 09:32:41.690,0.0778,0.0762,40.0,0.0748,20.0,5259.0,2.0
2021-01-05 09:32:44.700,0.0778,0.0762,40.0,0.0748,20.0,5259.0,2.0
2021-01-05 09:32:45.580,0.0778,0.0762,40.0,0.0748,20.0,5259.0,2.0
2021-01-05 09:32:46.160,0.0778,0.0762,40.0,0.0748,20.0,5259.0,2.0
2021-01-05 09:32:47.701,0.0778,0.0762,40.0,0.0748,20.0,5259.0,2.0
2021-01-05 09:32:48.690,0.0778,0.0762,40.0,0.0748,20.0,5259.0,2.0
2021-01-05 09:32:48.690,0.0778,0.0762,40.0,0.0748,20.0,5259.0,2.0
2021-01-05 09:32:49.670,0.0778,0.076,10.0,0.0746,10.0,5259.0,2.0
2021-01-05 09:32:50.171,0.0778,0.076,20.0,0.0744,10.0,5259.0,2.0
2021-01-05 09:32:50.650,0.0778,0.076,20.0,0.0744,10.0,5259.0,2.0
2021-01-05 09:32:51.170,0.0778,0.076,20.0,0.0742,10.0,5259.0,2.0
2021-01-05 09:32:51.701,0.0778,0.076,40.0,0.0742,10.0,5259.0,2.0
2021-01-05 09:32:51.701,0.0778,0.076,40.0,0.0742,10.0,5259.0,2.0
2021-01-05 09:32:53.161,0.0778,0.076,40.0,0.0742,10.0,5259.0,2.0
2021-01-05 09:32:53.641,0.0778,0.076,40.0,0.0742,10.0,5259.0,2.0
2021-01-05 09:32:54.181,0.0778,0.076,40.0,0.0742,10.0,5259.0,2.0
2021-01-05 09:32:54.671,0.0778,0.076,43.0,0.0742,10.0,5259.0,2.0
2021-01-05 09:32:55.170,0.0778,0.076,43.0,0.0742,10.0,5259.0,2.0
2021-01-05 09:32:55.670,0.0778,0.076,43.0,0.0742,10.0,5259.0,2.0
2021-01-05 09:32:56.150,0.0778,0.076,43.0,0.0742,10.0,5259.0,2.0
2021-01-05 09:32:56.611,0.0778,0.076,43.0,0.0742,10.0,5259.0,2.0
2021-01-05 09:32:57.151,0.0778,0.076,43.0,0.0742,10.0,5259.0,2.0
2021-01-05 09:32:57.600,0.0778,0.076,43.0,0.0742,10.0,5259.0,2.0
2021-01-05 09:32:58.171,0.0778,0.076,43.0,0.0742,10.0,5259.0,2.0
2021-01-05 09:32:58.651,0.0778,0.076,43.0,0.0742,10.0,5259.0,2.0
2021-01-05 09:32:59.170,0.0778,0.076,43.0,0.0742,10.0,5259.0,2.0
2021-01-05 09:32:59.621,0.0778,0.076,43.0,0.0742,10.0,5259.0,2.0
2021-01-05 09:33:01.141,0.0778,0.076,43.0,0.0742,10.0,5259.0,2.0
2021-01-05 09:33:01.661,0.0778,0.076,43.0,0.0746,10.0,5259.0,2.0
2021-01-05 09:33:02.130,0.0778,0.076,43.0,0.0746,10.0,5259.0,2.0
2021-01-05 09:33:02.570,0.0778,0.076,43.0,0.0746,10.0,5259.0,2.0
2021-01-05 09:33:03.171,0.0778,0.076,43.0,0.0746,10.0,5259.0,2.0
2021-01-05 09:33:03.681,0.0778,0.076,33.0,0.0745,10.0,5259.0,2.0
2021-01-05 09:33:04.140,0.0778,0.076,13.0,0.0745,10.0,5259.0,2.0
2021-01-05 09:33:04.651,0.0778,0.076,33.0,0.0745,10.0,5259.0,2.0
2021-01-05 09:33:05.181,0.0778,0.076,13.0,0.0745,10.0,5259.0,2.0
2021-01-05 09:33:06.170,0.0778,0.076,13.0,0.0745,10.0,5259.0,2.0
2021-01-05 09:33:06.681,0.0778,0.076,13.0,0.0745,30.0,5259.0,2.0
2021-01-05 09:33:07.171,0.0778,0.076,33.0,0.0745,30.0,5259.0,2.0
2021-01-05 09:33:07.601,0.0778,0.076,13.0,0.0745,30.0,5259.0,2.0
2021-01-05 09:33:08.191,0.0778,0.076,13.0,0.0745,30.0,5259.0,2.0
2021-01-05 09:33:08.681,0.0778,0.076,33.0,0.0745,30.0,5259.0,2.0
2021-01-05 09:33:09.181,0.0778,0.076,33.0,0.0745,10.0,5259.0,2.0
2021-01-05 09:33:09.651,0.0778,0.076,33.0,0.0745,10.0,5259.0,2.0
2021-01-05 09:33:10.180,0.0778,0.076,33.0,0.0745,10.0,5259.0,2.0
2021-01-05 09:33:10.681,0.0778,0.076,33.0,0.0751,10.0,5259.0,2.0
2021-01-05 09:33:11.180,0.0778,0.076,33.0,0.0751,10.0,5259.0,2.0
2021-01-05 09:33:11.670,0.0778,0.076,30.0,0.0751,10.0,5259.0,2.0
2021-01-05 09:33:12.650,0.0778,0.076,30.0,0.0751,10.0,5259.0,2.0
2021-01-05 09:33:13.100,0.0778,0.076,30.0,0.0751,10.0,5259.0,2.0
2021-01-05 09:33:14.650,0.0778,0.076,30.0,0.0751,10.0,5259.0,2.0
2021-01-05 09:33:15.140,0.0778,0.076,30.0,0.0751,20.0,5259.0,2.0
2021-01-05 09:33:15.651,0.0778,0.076,30.0,0.0751,10.0,5259.0,2.0
2021-01-05 09:33:16.181,0.0778,0.076,30.0,0.0751,10.0,5259.0,2.0
2021-01-05 09:33:16.671,0.0778,0.076,30.0,0.0751,10.0,5259.0,2.0
2021-01-05 09:33:17.190,0.0778,0.076,30.0,0.0751,10.0,5259.0,2.0
2021-01-05 09:33:18.680,0.0778,0.076,30.0,0.0751,10.0,5259.0,2.0
2021-01-05 09:33:19.191,0.0778,0.076,30.0,0.0751,10.0,5259.0,2.0
2021-01-05 09:33:20.680,0.0778,0.076,30.0,0.0751,20.0,5259.0,2.0
2021-01-05 09:33:21.160,0.0778,0.076,10.0,0.0751,20.0,5259.0,2.0
2021-01-05 09:33:21.681,0.0778,0.076,10.0,0.0751,20.0,5259.0,2.0
2021-01-05 09:33:22.150,0.0778,0.076,10.0,0.0751,20.0,5259.0,2.0
2021-01-05 09:33:23.151,0.0778,0.076,10.0,0.0751,20.0,5259.0,2.0
2021-01-05 09:33:23.660,0.0778,0.076,10.0,0.0751,10.0,5259.0,2.0
2021-01-05 09:33:25.151,0.0778,0.0762,20.0,0.0751,10.0,5259.0,2.0
2021-01-05 09:33:25.671,0.0778,0.0762,30.0,0.0751,10.0,5259.0,2.0
2021-01-05 09:33:27.171,0.0778,0.0762,10.0,0.0751,10.0,5259.0,2.0
2021-01-05 09:33:27.681,0.0778,0.0762,10.0,0.0751,10.0,5259.0,2.0
2021-01-05 09:33:28.180,0.0778,0.0762,10.0,0.0751,10.0,5259.0,2.0
2021-01-05 09:33:28.670,0.0778,0.0762,10.0,0.0751,10.0,5259.0,2.0
2021-01-05 09:33:29.681,0.0778,0.0762,10.0,0.0751,10.0,5259.0,2.0
2021-01-05 09:33:31.680,0.0778,0.0762,10.0,0.0751,10.0,5259.0,2.0
2021-01-05 09:33:36.681,0.0778,0.0762,10.0,0.0751,10.0,5259.0,2.0
2021-01-05 09:33:37.190,0.0778,0.0762,10.0,0.0751,10.0,5259.0,2.0
2021-01-05 09:33:37.640,0.0778,0.0762,10.0,0.0751,10.0,5259.0,2.0
2021-01-05 09:33:38.120,0.0778,0.0762,10.0,0.0751,10.0,5259.0,2.0
2021-01-05 09:33:39.201,0.0778,0.0762,30.0,0.0751,10.0,5259.0,2.0
2021-01-05 09:33:40.160,0.0778,0.0762,30.0,0.0751,10.0,5259.0,2.0
2021-01-05 09:33:40.690,0.0778,0.0762,30.0,0.075,20.0,5259.0,2.0
2021-01-05 09:33:41.161,0.0778,0.0762,30.0,0.075,20.0,5259.0,2.0
2021-01-05 09:33:43.180,0.0778,0.0762,30.0,0.075,20.0,5259.0,2.0
2021-01-05 09:33:44.110,0.0778,0.0762,30.0,0.075,20.0,5259.0,2.0
2021-01-05 09:33:44.671,0.0778,0.0762,30.0,0.075,20.0,5259.0,2.0
2021-01-05 09:33:46.680,0.0778,0.0762,30.0,0.075,20.0,5259.0,2.0
2021-01-05 09:33:47.191,0.0778,0.0762,30.0,0.075,20.0,5259.0,2.0
2021-01-05 09:33:48.171,0.0778,0.0762,30.0,0.075,20.0,5259.0,2.0
2021-01-05 09:33:48.680,0.0778,0.0762,30.0,0.075,20.0,5259.0,2.0
2021-01-05 09:33:50.130,0.0778,0.0762,40.0,0.075,10.0,5259.0,2.0
2021-01-05 09:33:51.581,0.0778,0.0762,40.0,0.075,10.0,5259.0,2.0
2021-01-05 09:33:52.190,0.0778,0.0762,40.0,0.075,10.0,5259.0,2.0
2021-01-05 09:33:52.661,0.0778,0.0762,40.0,0.075,10.0,5259.0,2.0
2021-01-05 09:33:53.650,0.0778,0.0762,40.0,0.075,10.0,5259.0,2.0
2021-01-05 09:33:54.180,0.0778,0.0762,40.0,0.0748,20.0,5259.0,2.0
2021-01-05 09:33:54.610,0.0778,0.0762,40.0,0.0748,20.0,5259.0,2.0
2021-01-05 09:33:55.650,0.0778,0.0762,40.0,0.0748,20.0,5259.0,2.0
2021-01-05 09:33:56.120,0.0778,0.0762,40.0,0.0748,20.0,5259.0,2.0
2021-01-05 09:33:57.171,0.0778,0.0762,40.0,0.0748,20.0,5259.0,2.0
2021-01-05 09:33:57.671,0.0778,0.0762,30.0,0.0748,10.0,5259.0,2.0
2021-01-05 09:33:58.170,0.0778,0.0762,30.0,0.0748,10.0,5259.0,2.0
2021-01-05 09:33:58.670,0.0778,0.0762,30.0,0.0748,10.0,5259.0,2.0
2021-01-05 09:33:59.140,0.0778,0.0762,30.0,0.0748,10.0,5259.0,2.0
2021-01-05 09:33:59.690,0.0778,0.0762,43.0,0.0748,10.0,5259.0,2.0
2021-01-05 09:34:00.191,0.0778,0.0762,43.0,0.0746,10.0,5259.0,2.0
2021-01-05 09:34:00.671,0.0778,0.0762,30.0,0.0746,10.0,5259.0,2.0
2021-01-05 09:34:01.081,0.0778,0.0761,13.0,0.0746,10.0,5259.0,2.0
2021-01-05 09:34:01.661,0.0778,0.0762,30.0,0.0746,10.0,5259.0,2.0
2021-01-05 09:34:02.170,0.0778,0.0762,30.0,0.0746,10.0,5259.0,2.0
2021-01-05 09:34:02.671,0.0778,0.0761,13.0,0.0746,10.0,5259.0,2.0
2021-01-05 09:34:03.670,0.0778,0.0761,13.0,0.0748,1.0,5259.0,2.0
2021-01-05 09:34:05.121,0.0778,0.0761,13.0,0.0748,1.0,5259.0,2.0
2021-01-05 09:34:06.671,0.0778,0.0755,10.0,0.0748,1.0,5259.0,2.0
2021-01-05 09:34:07.130,0.0778,0.0755,40.0,0.0748,1.0,5259.0,2.0
2021-01-05 09:34:07.651,0.0778,0.0755,40.0,0.0748,1.0,5259.0,2.0
2021-01-05 09:34:08.171,0.0778,0.0755,40.0,0.0748,1.0,5259.0,2.0
2021-01-05 09:34:08.690,0.0778,0.0755,40.0,0.0746,10.0,5259.0,2.0
2021-01-05 09:34:09.170,0.0778,0.0755,40.0,0.0746,10.0,5259.0,2.0
2021-01-05 09:34:09.670,0.0778,0.0755,40.0,0.0746,10.0,5259.0,2.0
2021-01-05 09:34:10.140,0.0778,0.0755,40.0,0.0746,10.0,5259.0,2.0
2021-01-05 09:34:10.690,0.0778,0.0755,40.0,0.0747,1.0,5259.0,2.0
2021-01-05 09:34:11.681,0.0778,0.0755,40.0,0.0747,1.0,5259.0,2.0
2021-01-05 09:34:12.640,0.0778,0.0755,40.0,0.0747,1.0,5259.0,2.0
2021-01-05 09:34:13.191,0.0778,0.0755,40.0,0.0747,1.0,5259.0,2.0
2021-01-05 09:34:13.681,0.0778,0.0755,40.0,0.0747,1.0,5259.0,2.0
2021-01-05 09:34:14.181,0.0778,0.0755,40.0,0.0747,1.0,5259.0,2.0
2021-01-05 09:34:14.691,0.0778,0.0755,10.0,0.0747,1.0,5259.0,2.0
2021-01-05 09:34:15.681,0.0778,0.0755,10.0,0.0747,11.0,5259.0,2.0
2021-01-05 09:34:16.190,0.0778,0.0755,10.0,0.0747,11.0,5259.0,2.0
2021-01-05 09:34:16.630,0.0778,0.0755,30.0,0.0747,11.0,5259.0,2.0
2021-01-05 09:34:16.970,0.0778,0.0755,30.0,0.0747,11.0,5259.0,2.0
2021-01-05 09:34:17.690,0.0778,0.0755,30.0,0.0747,11.0,5259.0,2.0
2021-01-05 09:34:18.201,0.0778,0.0755,30.0,0.0747,11.0,5259.0,2.0
2021-01-05 09:34:18.620,0.0778,0.0755,30.0,0.0747,11.0,5259.0,2.0
2021-01-05 09:34:19.700,0.0778,0.0755,30.0,0.0747,11.0,5259.0,2.0
2021-01-05 09:34:20.180,0.0778,0.0755,30.0,0.0747,11.0,5259.0,2.0
2021-01-05 09:34:20.651,0.0778,0.0755,30.0,0.0747,11.0,5259.0,2.0
2021-01-05 09:34:22.151,0.0778,0.0755,40.0,0.0746,10.0,5259.0,2.0
2021-01-05 09:34:22.651,0.0778,0.0755,40.0,0.0746,10.0,5259.0,2.0
2021-01-05 09:34:23.181,0.0778,0.0755,40.0,0.0746,10.0,5259.0,2.0
2021-01-05 09:34:23.661,0.0778,0.0755,40.0,0.0746,10.0,5259.0,2.0
2021-01-05 09:34:25.171,0.0778,0.0755,40.0,0.0746,10.0,5259.0,2.0
2021-01-05 09:34:25.671,0.0778,0.0755,40.0,0.0746,10.0,5259.0,2.0
2021-01-05 09:34:26.641,0.0778,0.0753,12.0,0.0746,10.0,5259.0,2.0
2021-01-05 09:34:27.150,0.0778,0.0753,12.0,0.0745,11.0,5259.0,2.0
2021-01-05 09:34:27.580,0.0778,0.0752,12.0,0.0745,11.0,5259.0,2.0
2021-01-05 09:34:28.120,0.0778,0.0751,12.0,0.0745,11.0,5259.0,2.0
2021-01-05 09:34:28.621,0.0778,0.075,12.0,0.0745,11.0,5259.0,2.0
2021-01-05 09:34:28.971,0.0778,0.0751,32.0,0.0745,11.0,5259.0,2.0
2021-01-05 09:34:29.601,0.0778,0.0749,12.0,0.0745,11.0,5259.0,2.0
2021-01-05 09:34:30.170,0.0778,0.0749,12.0,0.0745,1.0,5259.0,2.0
2021-01-05 09:34:30.681,0.0778,0.0748,12.0,0.0745,1.0,5259.0,2.0
2021-01-05 09:34:31.190,0.0778,0.0748,12.0,0.0745,1.0,5259.0,2.0
2021-01-05 09:34:31.280,0.0778,0.0748,12.0,0.0745,1.0,5259.0,2.0
2021-01-05 09:34:32.150,0.0778,0.0747,12.0,0.0745,1.0,5259.0,2.0
2021-01-05 09:34:32.690,0.0778,0.0747,12.0,0.0745,1.0,5259.0,2.0
2021-01-05 09:34:33.691,0.0778,0.0747,12.0,0.0745,1.0,5259.0,2.0
2021-01-05 09:34:34.171,0.0778,0.0747,12.0,0.0745,1.0,5259.0,2.0
2021-01-05 09:34:34.640,0.0778,0.0747,12.0,0.0745,1.0,5259.0,2.0
2021-01-05 09:34:35.130,0.0778,0.0747,12.0,0.0745,1.0,5259.0,2.0
2021-01-05 09:34:35.670,0.0778,0.0746,12.0,0.0745,1.0,5259.0,2.0
2021-01-05 09:34:36.171,0.0778,0.0746,12.0,0.0743,10.0,5259.0,2.0
2021-01-05 09:34:36.680,0.0778,0.0746,12.0,0.0742,10.0,5259.0,2.0
2021-01-05 09:34:37.161,0.0778,0.0745,12.0,0.0741,20.0,5259.0,2.0
2021-01-05 09:34:37.700,0.0778,0.0745,12.0,0.0739,20.0,5259.0,2.0
2021-01-05 09:34:38.171,0.0778,0.0744,12.0,0.0739,23.0,5259.0,2.0
2021-01-05 09:34:38.690,0.0778,0.0745,22.0,0.0741,12.0,5259.0,2.0
2021-01-05 09:34:39.091,0.0778,0.0745,12.0,0.0741,12.0,5259.0,2.0
2021-01-05 09:34:39.470,0.0778,0.0745,32.0,0.0741,12.0,5259.0,2.0
2021-01-05 09:34:40.171,0.0778,0.0744,12.0,0.074,12.0,5259.0,2.0
2021-01-05 09:34:40.601,0.0778,0.0745,20.0,0.0741,12.0,5259.0,2.0
2021-01-05 09:34:41.201,0.0778,0.0743,12.0,0.0741,10.0,5259.0,2.0
2021-01-05 09:34:41.700,0.0778,0.0744,20.0,0.0741,10.0,5259.0,2.0
2021-01-05 09:34:42.171,0.0778,0.0742,12.0,0.0741,10.0,5259.0,2.0
2021-01-05 09:34:42.680,0.0778,0.0742,12.0,0.0741,10.0,5259.0,2.0
2021-01-05 09:34:43.191,0.0778,0.0742,12.0,0.0741,10.0,5259.0,2.0
2021-01-05 09:34:43.671,0.0778,0.0742,12.0,0.0741,10.0,5259.0,2.0
2021-01-05 09:34:44.151,0.0778,0.0742,12.0,0.0741,10.0,5259.0,2.0
2021-01-05 09:34:44.701,0.0778,0.0742,12.0,0.0741,10.0,5259.0,2.0
2021-01-05 09:34:45.200,0.0778,0.0744,12.0,0.0741,10.0,5259.0,2.0
2021-01-05 09:34:45.721,0.0778,0.0744,12.0,0.0741,10.0,5259.0,2.0
2021-01-05 09:34:46.140,0.0778,0.0745,12.0,0.0741,10.0,5259.0,2.0
2021-01-05 09:34:46.660,0.0778,0.0744,12.0,0.0741,10.0,5259.0,2.0
2021-01-05 09:34:47.181,0.0778,0.0743,12.0,0.0741,20.0,5259.0,2.0
2021-01-05 09:34:47.701,0.0778,0.0743,12.0,0.074,10.0,5259.0,2.0
2021-01-05 09:34:48.141,0.0778,0.0743,12.0,0.074,11.0,5259.0,2.0
2021-01-05 09:34:48.700,0.0778,0.0743,12.0,0.074,11.0,5259.0,2.0
2021-01-05 09:34:49.171,0.0778,0.0743,12.0,0.074,11.0,5259.0,2.0
2021-01-05 09:34:49.701,0.0778,0.0743,12.0,0.0741,10.0,5259.0,2.0
2021-01-05 09:34:50.220,0.0778,0.0744,12.0,0.0741,10.0,5259.0,2.0
2021-01-05 09:34:50.700,0.0778,0.0743,12.0,0.0741,10.0,5259.0,2.0
2021-01-05 09:34:51.200,0.0778,0.0743,12.0,0.0741,10.0,5259.0,2.0
2021-01-05 09:34:51.701,0.0778,0.0743,12.0,0.074,1.0,5259.0,2.0
2021-01-05 09:34:52.220,0.0778,0.0743,12.0,0.074,1.0,5259.0,2.0
2021-01-05 09:34:52.550,0.0778,0.0743,12.0,0.074,11.0,5259.0,2.0
2021-01-05 09:34:53.180,0.0778,0.0743,12.0,0.074,11.0,5259.0,2.0
2021-01-05 09:34:53.651,0.0778,0.0743,12.0,0.074,11.0,5259.0,2.0
2021-01-05 09:34:54.170,0.0778,0.0743,32.0,0.074,1.0,5259.0,2.0
2021-01-05 09:34:54.631,0.0778,0.0741,12.0,0.074,11.0,5259.0,2.0
2021-01-05 09:34:55.161,0.0778,0.0741,12.0,0.074,1.0,5259.0,2.0
2021-01-05 09:34:55.680,0.074,0.074,12.0,0.0739,10.0,5259.0,3.0
2021-01-05 09:34:56.141,0.074,0.0741,22.0,0.0738,1.0,5259.0,3.0
2021-01-05 09:34:56.681,0.074,0.0739,12.0,0.0738,1.0,5259.0,3.0
2021-01-05 09:34:57.171,0.074,0.074,12.0,0.0737,10.0,5259.0,3.0
2021-01-05 09:34:57.651,0.074,0.0739,12.0,0.0737,1.0,5259.0,3.0
2021-01-05 09:34:58.160,0.074,0.0739,12.0,0.0737,1.0,5259.0,3.0
2021-01-05 09:34:58.160,0.074,0.074,12.0,0.0737,1.0,5259.0,3.0
2021-01-05 09:34:59.151,0.074,0.074,12.0,0.0737,1.0,5259.0,3.0
2021-01-05 09:35:00.160,0.074,0.074,12.0,0.0736,1.0,5259.0,3.0
2021-01-05 09:35:00.630,0.074,0.0739,12.0,0.0736,1.0,5259.0,3.0
2021-01-05 09:35:01.620,0.074,0.074,12.0,0.0736,13.0,5259.0,3.0
2021-01-05 09:35:02.680,0.074,0.074,12.0,0.0736,1.0,5259.0,3.0
2021-01-05 09:35:03.180,0.074,0.0741,12.0,0.0737,12.0,5259.0,3.0
2021-01-05 09:35:03.660,0.074,0.0745,42.0,0.0738,12.0,5259.0,3.0
2021-01-05 09:35:04.061,0.074,0.0743,12.0,0.0736,11.0,5259.0,3.0
2021-01-05 09:35:05.180,0.074,0.0741,12.0,0.0737,12.0,5259.0,3.0
2021-01-05 09:35:05.671,0.074,0.0741,32.0,0.0737,12.0,5259.0,3.0
2021-01-05 09:35:06.180,0.074,0.0741,32.0,0.0737,12.0,5259.0,3.0
2021-01-05 09:35:06.680,0.0737,0.074,12.0,0.0736,23.0,5271.0,15.0
2021-01-05 09:35:07.131,0.0737,0.0739,12.0,0.0736,1.0,5271.0,15.0
2021-01-05 09:35:07.650,0.0737,0.0739,32.0,0.0736,1.0,5271.0,15.0
2021-01-05 09:35:08.190,0.0737,0.0737,12.0,0.0736,1.0,5271.0,15.0
2021-01-05 09:35:08.680,0.0736,0.0737,12.0,0.0734,10.0,5271.0,16.0
2021-01-05 09:35:09.191,0.0736,0.0737,12.0,0.0735,1.0,5271.0,16.0
2021-01-05 09:35:09.700,0.0736,0.0737,32.0,0.0732,10.0,5271.0,16.0
2021-01-05 09:35:10.180,0.0736,0.0735,12.0,0.0732,10.0,5271.0,16.0
2021-01-05 09:35:10.691,0.0736,0.0735,32.0,0.0734,10.0,5271.0,16.0
2021-01-05 09:35:11.160,0.0734,0.0734,12.0,0.0733,10.0,5281.0,26.0
2021-01-05 09:35:11.680,0.0734,0.0735,20.0,0.0733,10.0,5281.0,26.0
2021-01-05 09:35:12.101,0.0734,0.0735,20.0,0.0733,10.0,5281.0,26.0
2021-01-05 09:35:12.691,0.0734,0.0735,20.0,0.0732,12.0,5281.0,26.0
2021-01-05 09:35:13.160,0.0734,0.0737,32.0,0.0733,12.0,5281.0,26.0
2021-01-05 09:35:13.640,0.0734,0.0742,30.0,0.0733,10.0,5281.0,26.0
2021-01-05 09:35:14.191,0.0734,0.0742,32.0,0.0735,12.0,5281.0,26.0
2021-01-05 09:35:14.691,0.0734,0.0742,12.0,0.0737,3.0,5281.0,26.0
2021-01-05 09:35:15.050,0.0734,0.0742,12.0,0.0737,25.0,5281.0,26.0
2021-01-05 09:35:15.701,0.0734,0.0744,12.0,0.0737,13.0,5281.0,26.0
2021-01-05 09:35:16.141,0.0734,0.0743,25.0,0.0737,13.0,5281.0,26.0
2021-01-05 09:35:16.681,0.0734,0.0743,32.0,0.0739,12.0,5281.0,26.0
2021-01-05 09:35:17.190,0.0734,0.0742,12.0,0.0738,20.0,5281.0,26.0
2021-01-05 09:35:17.670,0.0734,0.0742,12.0,0.0737,25.0,5281.0,26.0
2021-01-05 09:35:18.681,0.0734,0.0743,12.0,0.0739,12.0,5281.0,26.0
2021-01-05 09:35:19.180,0.0734,0.0745,20.0,0.0739,12.0,5281.0,26.0
2021-01-05 09:35:19.670,0.0734,0.0745,20.0,0.0739,12.0,5281.0,26.0
2021-01-05 09:35:20.170,0.0734,0.0745,20.0,0.074,12.0,5281.0,26.0
2021-01-05 09:35:20.681,0.0734,0.0745,12.0,0.074,22.0,5281.0,26.0
2021-01-05 09:35:21.180,0.0734,0.0745,12.0,0.074,22.0,5281.0,26.0
2021-01-05 09:35:21.601,0.0745,0.0744,12.0,0.074,10.0,5281.0,29.0
2021-01-05 09:35:22.171,0.0745,0.0745,30.0,0.0738,20.0,5281.0,29.0
2021-01-05 09:35:22.650,0.0745,0.0743,12.0,0.0738,10.0,5281.0,29.0
2021-01-05 09:35:23.130,0.0745,0.0743,12.0,0.0737,20.0,5281.0,29.0
2021-01-05 09:35:24.171,0.0745,0.0743,12.0,0.0737,20.0,5281.0,29.0
2021-01-05 09:35:24.671,0.0745,0.0743,12.0,0.0737,20.0,5281.0,29.0
2021-01-05 09:35:25.170,0.0745,0.0743,12.0,0.0737,20.0,5281.0,29.0
2021-01-05 09:35:25.660,0.0745,0.0743,12.0,0.0737,20.0,5281.0,29.0
2021-01-05 09:35:26.171,0.0745,0.0743,12.0,0.0737,10.0,5281.0,29.0
2021-01-05 09:35:26.651,0.0745,0.0742,12.0,0.0737,20.0,5281.0,29.0
2021-01-05 09:35:27.120,0.0745,0.0743,12.0,0.0737,20.0,5281.0,29.0
2021-01-05 09:35:27.641,0.0745,0.0743,12.0,0.0737,20.0,5281.0,29.0
2021-01-05 09:35:28.171,0.0745,0.0743,12.0,0.0737,20.0,5281.0,29.0
2021-01-05 09:35:29.160,0.0745,0.0743,12.0,0.0737,20.0,5281.0,29.0
2021-01-05 09:35:29.641,0.0745,0.0743,12.0,0.0737,20.0,5281.0,29.0
2021-01-05 09:35:30.121,0.0745,0.0743,12.0,0.0737,20.0,5281.0,29.0
2021-01-05 09:35:31.700,0.0745,0.0743,12.0,0.0737,20.0,5281.0,29.0
2021-01-05 09:35:32.161,0.0745,0.0743,12.0,0.0737,20.0,5281.0,29.0
2021-01-05 09:35:32.630,0.0745,0.0743,12.0,0.0737,20.0,5281.0,29.0
2021-01-05 09:35:33.160,0.0745,0.0743,32.0,0.0737,10.0,5281.0,29.0
2021-01-05 09:35:33.650,0.0745,0.0741,12.0,0.0737,10.0,5281.0,29.0
2021-01-05 09:35:34.190,0.0745,0.0741,12.0,0.0737,10.0,5281.0,29.0
2021-01-05 09:35:34.691,0.0745,0.0741,12.0,0.0737,20.0,5281.0,29.0
2021-01-05 09:35:35.200,0.0745,0.0741,12.0,0.0737,20.0,5281.0,29.0
2021-01-05 09:35:35.600,0.0745,0.0741,32.0,0.0737,10.0,5281.0,29.0
2021-01-05 09:35:36.101,0.0745,0.0739,12.0,0.0737,10.0,5281.0,29.0
2021-01-05 09:35:36.601,0.0745,0.0741,32.0,0.0737,10.0,5281.0,29.0
2021-01-05 09:35:37.171,0.0745,0.0739,12.0,0.0737,10.0,5281.0,29.0
2021-01-05 09:35:37.640,0.0745,0.0739,12.0,0.0737,10.0,5281.0,29.0
2021-01-05 09:35:38.670,0.0745,0.0739,12.0,0.0737,10.0,5281.0,29.0
2021-01-05 09:35:39.140,0.0745,0.0739,12.0,0.0737,10.0,5281.0,29.0
2021-01-05 09:35:39.690,0.0745,0.0739,12.0,0.0737,10.0,5281.0,29.0
2021-01-05 09:35:40.191,0.0745,0.0739,12.0,0.0737,10.0,5281.0,29.0
2021-01-05 09:35:40.691,0.0745,0.0739,12.0,0.0737,10.0,5281.0,29.0
2021-01-05 09:35:41.190,0.0745,0.0741,12.0,0.0737,10.0,5281.0,29.0
2021-01-05 09:35:41.680,0.0745,0.0741,12.0,0.0737,10.0,5281.0,29.0
2021-01-05 09:35:42.160,0.0745,0.0741,12.0,0.0737,10.0,5281.0,29.0
2021-01-05 09:35:42.670,0.0745,0.0741,12.0,0.0737,10.0,5281.0,29.0
2021-01-05 09:35:43.190,0.0745,0.0741,32.0,0.0736,10.0,5281.0,29.0
2021-01-05 09:35:43.661,0.0745,0.0739,12.0,0.0736,10.0,5281.0,29.0
2021-01-05 09:35:44.101,0.0745,0.0739,12.0,0.0736,10.0,5281.0,29.0
2021-01-05 09:35:44.600,0.0745,0.0741,32.0,0.0736,10.0,5281.0,29.0
2021-01-05 09:35:45.071,0.0745,0.0739,12.0,0.0736,10.0,5281.0,29.0
2021-01-05 09:35:45.670,0.0745,0.0739,12.0,0.0735,20.0,5281.0,29.0
2021-01-05 09:35:46.170,0.0745,0.0739,12.0,0.0735,20.0,5281.0,29.0
2021-01-05 09:35:46.700,0.0745,0.0739,12.0,0.0735,20.0,5281.0,29.0
2021-01-05 09:35:47.691,0.0745,0.0739,32.0,0.0735,10.0,5281.0,29.0
2021-01-05 09:35:48.181,0.0745,0.0737,12.0,0.0735,10.0,5281.0,29.0
2021-01-05 09:35:48.700,0.0745,0.0737,12.0,0.0735,10.0,5281.0,29.0
2021-01-05 09:35:49.190,0.0745,0.0737,12.0,0.0735,10.0,5281.0,29.0
2021-01-05 09:35:49.701,0.0745,0.0737,12.0,0.0735,10.0,5281.0,29.0
2021-01-05 09:35:50.121,0.0745,0.0737,12.0,0.0735,10.0,5281.0,29.0
2021-01-05 09:35:50.680,0.0745,0.0737,12.0,0.0734,20.0,5281.0,29.0
2021-01-05 09:35:51.710,0.0745,0.0737,12.0,0.0734,10.0,5281.0,29.0
2021-01-05 09:35:52.190,0.0745,0.0737,12.0,0.0734,20.0,5281.0,29.0
2021-01-05 09:35:53.111,0.0745,0.0737,12.0,0.0734,20.0,5281.0,29.0
2021-01-05 09:35:53.631,0.0745,0.0739,12.0,0.0734,20.0,5281.0,29.0
2021-01-05 09:35:54.161,0.0745,0.0739,12.0,0.0734,20.0,5281.0,29.0
2021-01-05 09:35:55.141,0.0745,0.0741,12.0,0.0734,20.0,5281.0,29.0
2021-01-05 09:35:55.691,0.0745,0.0741,12.0,0.0734,20.0,5281.0,29.0
2021-01-05 09:35:56.140,0.0745,0.0741,12.0,0.0734,32.0,5281.0,29.0
2021-01-05 09:35:56.690,0.0745,0.0741,12.0,0.0734,32.0,5281.0,29.0
2021-01-05 09:35:57.101,0.0745,0.0741,12.0,0.0734,45.0,5281.0,29.0
2021-01-05 09:35:57.681,0.0745,0.0742,12.0,0.0734,33.0,5281.0,29.0
2021-01-05 09:35:58.150,0.0745,0.0742,12.0,0.0734,20.0,5281.0,29.0
2021-01-05 09:35:59.160,0.0745,0.0742,12.0,0.0734,20.0,5281.0,29.0
2021-01-05 09:36:00.201,0.0745,0.0743,30.0,0.0734,20.0,5281.0,29.0
2021-01-05 09:36:00.680,0.0745,0.0741,12.0,0.0734,20.0,5281.0,29.0
2021-01-05 09:36:01.671,0.0745,0.0741,12.0,0.0734,20.0,5281.0,29.0
2021-01-05 09:36:02.170,0.0745,0.0741,12.0,0.0734,20.0,5281.0,29.0
2021-01-05 09:36:02.630,0.0745,0.0741,12.0,0.0734,20.0,5281.0,29.0
2021-01-05 09:36:03.150,0.0745,0.0741,12.0,0.0734,33.0,5281.0,29.0
2021-01-05 09:36:03.700,0.0745,0.0742,12.0,0.0735,12.0,5281.0,29.0
2021-01-05 09:36:04.201,0.0745,0.0742,12.0,0.0736,12.0,5281.0,29.0
2021-01-05 09:36:04.670,0.0745,0.0743,12.0,0.0736,10.0,5281.0,29.0
2021-01-05 09:36:05.150,0.0745,0.0743,12.0,0.0735,20.0,5281.0,29.0
2021-01-05 09:36:05.690,0.0745,0.0743,12.0,0.0737,10.0,5281.0,29.0
2021-01-05 09:36:06.180,0.0745,0.0743,12.0,0.0735,20.0,5281.0,29.0
2021-01-05 09:36:06.700,0.0745,0.0743,12.0,0.0735,20.0,5281.0,29.0
2021-01-05 09:36:07.181,0.0745,0.0743,12.0,0.0735,20.0,5281.0,29.0
2021-01-05 09:36:08.170,0.0745,0.0743,12.0,0.0735,20.0,5281.0,29.0
2021-01-05 09:36:09.161,0.0745,0.0743,12.0,0.0737,10.0,5281.0,29.0
2021-01-05 09:36:09.691,0.0745,0.0743,12.0,0.0737,20.0,5281.0,29.0
2021-01-05 09:36:10.160,0.0745,0.0743,12.0,0.0739,12.0,5281.0,29.0
2021-01-05 09:36:10.671,0.0745,0.0745,12.0,0.0739,12.0,5281.0,29.0
2021-01-05 09:36:11.180,0.0745,0.0745,12.0,0.0738,10.0,5281.0,29.0
2021-01-05 09:36:11.651,0.0745,0.0746,12.0,0.0738,10.0,5281.0,29.0
2021-01-05 09:36:12.181,0.0745,0.0745,12.0,0.0738,10.0,5281.0,29.0
2021-01-05 09:36:12.690,0.0745,0.0745,12.0,0.0738,10.0,5281.0,29.0
2021-01-05 09:36:13.190,0.0745,0.0744,12.0,0.0738,10.0,5281.0,29.0
2021-01-05 09:36:14.150,0.0745,0.0744,12.0,0.0739,10.0,5281.0,29.0
2021-01-05 09:36:14.611,0.0745,0.0744,12.0,0.0738,20.0,5281.0,29.0
2021-01-05 09:36:15.170,0.0745,0.0744,12.0,0.0738,20.0,5281.0,29.0
2021-01-05 09:36:16.150,0.0745,0.0744,12.0,0.0738,20.0,5281.0,29.0
2021-01-05 09:36:16.680,0.0745,0.0744,12.0,0.0738,20.0,5281.0,29.0
2021-01-05 09:36:17.180,0.0745,0.0746,12.0,0.0738,20.0,5281.0,29.0
2021-01-05 09:36:18.680,0.0745,0.0746,12.0,0.0738,20.0,5281.0,29.0
2021-01-05 09:36:19.151,0.0745,0.0746,12.0,0.0738,20.0,5281.0,29.0
2021-01-05 09:36:21.120,0.0745,0.0746,12.0,0.0738,20.0,5281.0,29.0
2021-01-05 09:36:22.171,0.0745,0.0746,12.0,0.0738,20.0,5281.0,29.0
2021-01-05 09:36:22.680,0.0745,0.0746,12.0,0.0738,20.0,5281.0,29.0
2021-01-05 09:36:23.191,0.0745,0.0746,12.0,0.0738,20.0,5281.0,29.0
2021-01-05 09:36:23.681,0.0745,0.0746,12.0,0.0738,20.0,5281.0,29.0
2021-01-05 09:36:24.171,0.0745,0.0746,12.0,0.0738,20.0,5281.0,29.0
2021-01-05 09:36:24.701,0.0745,0.0745,12.0,0.0738,20.0,5281.0,29.0
2021-01-05 09:36:25.690,0.0745,0.0745,12.0,0.0738,20.0,5281.0,29.0
2021-01-05 09:36:26.171,0.0745,0.0746,12.0,0.0738,20.0,5281.0,29.0
2021-01-05 09:36:26.651,0.0745,0.0746,12.0,0.0738,20.0,5281.0,29.0
2021-01-05 09:36:27.160,0.0745,0.0745,12.0,0.0738,20.0,5281.0,29.0
2021-01-05 09:36:28.120,0.0745,0.0745,12.0,0.0738,20.0,5281.0,29.0
2021-01-05 09:36:28.681,0.0745,0.0746,32.0,0.0738,20.0,5281.0,29.0
2021-01-05 09:36:29.100,0.0745,0.0744,12.0,0.0738,10.0,5281.0,29.0
2021-01-05 09:36:29.661,0.0745,0.0743,12.0,0.0738,10.0,5281.0,29.0
2021-01-05 09:36:30.161,0.0745,0.0743,12.0,0.0738,10.0,5281.0,29.0
2021-01-05 09:36:30.700,0.0745,0.0743,12.0,0.0739,10.0,5281.0,29.0
2021-01-05 09:36:31.181,0.0745,0.0744,12.0,0.0739,10.0,5281.0,29.0
2021-01-05 09:36:31.690,0.0745,0.0744,12.0,0.0739,10.0,5281.0,29.0
2021-01-05 09:36:33.200,0.0745,0.0744,12.0,0.0739,10.0,5281.0,29.0
2021-01-05 09:36:33.670,0.0745,0.0744,12.0,0.0739,10.0,5281.0,29.0
2021-01-05 09:36:34.091,0.0745,0.0746,12.0,0.0739,10.0,5281.0,29.0
2021-01-05 09:36:34.671,0.0745,0.0745,12.0,0.0739,10.0,5281.0,29.0
2021-01-05 09:36:34.971,0.0745,0.0744,12.0,0.0739,10.0,5281.0,29.0
2021-01-05 09:36:35.701,0.0745,0.0746,12.0,0.0739,10.0,5281.0,29.0
2021-01-05 09:36:36.700,0.0745,0.0746,22.0,0.0739,10.0,5281.0,29.0
2021-01-05 09:36:37.190,0.0745,0.0744,12.0,0.0739,10.0,5281.0,29.0
2021-01-05 09:36:37.691,0.0745,0.0744,12.0,0.0739,10.0,5281.0,29.0
2021-01-05 09:36:38.120,0.0745,0.0744,12.0,0.0739,10.0,5281.0,29.0
2021-01-05 09:36:38.640,0.0745,0.0745,12.0,0.0739,10.0,5281.0,29.0
2021-01-05 09:36:39.090,0.0739,0.0745,12.0,0.0739,9.0,5282.0,30.0
2021-01-05 09:36:40.191,0.0739,0.0745,12.0,0.0739,10.0,5282.0,30.0
2021-01-05 09:36:40.700,0.0739,0.0746,12.0,0.0739,10.0,5282.0,30.0
2021-01-05 09:36:41.201,0.0739,0.0745,12.0,0.0739,10.0,5282.0,30.0
2021-01-05 09:36:41.641,0.0739,0.0744,12.0,0.0739,10.0,5282.0,30.0
2021-01-05 09:36:42.200,0.0739,0.0746,12.0,0.0739,10.0,5282.0,30.0
2021-01-05 09:36:42.690,0.0739,0.0745,12.0,0.0739,10.0,5282.0,30.0
2021-01-05 09:36:43.180,0.0739,0.0744,12.0,0.0739,10.0,5282.0,30.0
2021-01-05 09:36:43.700,0.0739,0.0744,12.0,0.0739,10.0,5282.0,30.0
2021-01-05 09:36:44.200,0.0739,0.0745,12.0,0.0739,10.0,5282.0,30.0
2021-01-05 09:36:45.191,0.0739,0.0745,12.0,0.0739,10.0,5282.0,30.0
2021-01-05 09:36:45.631,0.0739,0.0744,12.0,0.0739,10.0,5282.0,30.0
2021-01-05 09:36:46.190,0.0739,0.0744,12.0,0.0738,20.0,5282.0,30.0
2021-01-05 09:36:46.651,0.0739,0.0743,12.0,0.0738,20.0,5282.0,30.0
2021-01-05 09:36:47.130,0.0739,0.0743,12.0,0.0738,20.0,5282.0,30.0
2021-01-05 09:36:47.660,0.0739,0.0743,12.0,0.0738,10.0,5282.0,30.0
2021-01-05 09:36:48.130,0.0739,0.0742,12.0,0.0738,10.0,5282.0,30.0
2021-01-05 09:36:48.630,0.0739,0.0742,12.0,0.0738,20.0,5282.0,30.0
2021-01-05 09:36:49.181,0.0739,0.0743,12.0,0.0738,10.0,5282.0,30.0
2021-01-05 09:36:49.700,0.0739,0.0742,12.0,0.0738,20.0,5282.0,30.0
2021-01-05 09:36:50.201,0.0739,0.0743,12.0,0.0738,20.0,5282.0,30.0
2021-01-05 09:36:52.180,0.0739,0.0743,12.0,0.0738,20.0,5282.0,30.0
2021-01-05 09:36:53.191,0.0739,0.0743,12.0,0.0738,10.0,5282.0,30.0
2021-01-05 09:36:53.680,0.0739,0.0742,12.0,0.0738,10.0,5282.0,30.0
2021-01-05 09:36:54.180,0.0739,0.0742,12.0,0.0738,20.0,5282.0,30.0
2021-01-05 09:36:54.631,0.0739,0.0744,12.0,0.0738,20.0,5282.0,30.0
2021-01-05 09:36:55.171,0.0739,0.0744,12.0,0.0738,20.0,5282.0,30.0
2021-01-05 09:36:55.651,0.0739,0.0744,12.0,0.0738,20.0,5282.0,30.0
2021-01-05 09:36:56.141,0.0739,0.0746,40.0,0.074,12.0,5282.0,30.0
2021-01-05 09:36:56.691,0.0739,0.0745,12.0,0.074,22.0,5282.0,30.0
2021-01-05 09:36:57.171,0.0739,0.0745,12.0,0.074,22.0,5282.0,30.0
2021-01-05 09:36:57.630,0.0739,0.0745,12.0,0.074,22.0,5282.0,30.0
2021-01-05 09:36:58.160,0.0739,0.0744,12.0,0.074,10.0,5282.0,30.0
2021-01-05 09:36:58.610,0.0739,0.0744,12.0,0.074,10.0,5282.0,30.0
2021-01-05 09:36:59.181,0.0739,0.0744,12.0,0.074,10.0,5282.0,30.0
2021-01-05 09:36:59.690,0.0739,0.0744,12.0,0.074,10.0,5282.0,30.0
2021-01-05 09:37:00.151,0.0739,0.0745,10.0,0.0739,10.0,5282.0,30.0
2021-01-05 09:37:00.700,0.0739,0.0743,12.0,0.0738,20.0,5282.0,30.0
2021-01-05 09:37:01.640,0.0739,0.0744,12.0,0.0739,22.0,5282.0,30.0
2021-01-05 09:37:02.191,0.0739,0.0744,12.0,0.0739,12.0,5282.0,30.0
2021-01-05 09:37:02.640,0.0739,0.0745,12.0,0.074,12.0,5282.0,30.0
2021-01-05 09:37:03.151,0.0739,0.0746,20.0,0.074,10.0,5282.0,30.0
2021-01-05 09:37:03.630,0.0739,0.0745,12.0,0.074,22.0,5282.0,30.0
2021-01-05 09:37:04.200,0.0739,0.0746,12.0,0.0741,12.0,5282.0,30.0
2021-01-05 09:37:04.690,0.0739,0.0748,10.0,0.0742,12.0,5282.0,30.0
2021-01-05 09:37:05.140,0.0739,0.0748,22.0,0.0743,12.0,5282.0,30.0
2021-01-05 09:37:05.701,0.0739,0.0747,12.0,0.0742,22.0,5282.0,30.0
2021-01-05 09:37:06.171,0.0739,0.0747,12.0,0.0742,10.0,5282.0,30.0
2021-01-05 09:37:06.700,0.0739,0.0747,12.0,0.0743,10.0,5282.0,30.0
2021-01-05 09:37:07.180,0.0739,0.0748,12.0,0.0742,10.0,5282.0,30.0
2021-01-05 09:37:07.681,0.0739,0.0748,12.0,0.0742,10.0,5282.0,30.0
2021-01-05 09:37:08.200,0.0739,0.0747,12.0,0.0741,20.0,5282.0,30.0
2021-01-05 09:37:08.630,0.0739,0.0746,12.0,0.0741,10.0,5282.0,30.0
2021-01-05 09:37:09.170,0.0739,0.0746,12.0,0.0741,10.0,5282.0,30.0
2021-01-05 09:37:10.140,0.0739,0.0746,12.0,0.0741,20.0,5282.0,30.0
2021-01-05 09:37:10.701,0.0739,0.0747,12.0,0.0741,20.0,5282.0,30.0
2021-01-05 09:37:11.201,0.0739,0.0747,12.0,0.0741,20.0,5282.0,30.0
2021-01-05 09:37:12.131,0.0739,0.0747,12.0,0.0741,20.0,5282.0,30.0
2021-01-05 09:37:12.131,0.0739,0.0747,12.0,0.0741,20.0,5282.0,30.0
2021-01-05 09:37:13.181,0.0739,0.0746,12.0,0.0741,20.0,5282.0,30.0
2021-01-05 09:37:13.681,0.0739,0.0746,12.0,0.0741,10.0,5282.0,30.0
2021-01-05 09:37:14.171,0.0739,0.0745,12.0,0.0741,10.0,5282.0,30.0
2021-01-05 09:37:14.651,0.0739,0.0745,12.0,0.0741,10.0,5282.0,30.0
2021-01-05 09:37:15.200,0.0739,0.0744,12.0,0.0741,10.0,5282.0,30.0
2021-01-05 09:37:15.700,0.0739,0.0744,12.0,0.0741,10.0,5282.0,30.0
2021-01-05 09:37:16.201,0.0739,0.0745,12.0,0.0741,10.0,5282.0,30.0
2021-01-05 09:37:16.501,0.0739,0.0744,10.0,0.0741,20.0,5282.0,30.0
2021-01-05 09:37:17.200,0.0739,0.0745,12.0,0.0741,32.0,5282.0,30.0
2021-01-05 09:37:17.671,0.0739,0.0745,10.0,0.0741,20.0,5282.0,30.0
2021-01-05 09:37:18.061,0.0739,0.0745,12.0,0.0741,32.0,5282.0,30.0
2021-01-05 09:37:18.710,0.0739,0.0746,22.0,0.0741,10.0,5282.0,30.0
2021-01-05 09:37:19.131,0.0739,0.0745,12.0,0.0741,22.0,5282.0,30.0
2021-01-05 09:37:19.711,0.0739,0.0745,12.0,0.0741,22.0,5282.0,30.0
2021-01-05 09:37:21.200,0.0739,0.0745,12.0,0.0742,10.0,5282.0,30.0
2021-01-05 09:37:21.701,0.0739,0.0746,22.0,0.0742,12.0,5282.0,30.0
2021-01-05 09:37:22.030,0.0739,0.0746,22.0,0.0742,22.0,5282.0,30.0
2021-01-05 09:37:23.150,0.0739,0.0746,22.0,0.0743,10.0,5282.0,30.0
2021-01-05 09:37:24.080,0.0739,0.0746,22.0,0.0743,10.0,5282.0,30.0
2021-01-05 09:37:24.631,0.0739,0.0746,22.0,0.0743,10.0,5282.0,30.0
2021-01-05 09:37:25.200,0.0739,0.0745,12.0,0.0743,10.0,5282.0,30.0
2021-01-05 09:37:25.670,0.0739,0.0745,12.0,0.0743,10.0,5282.0,30.0
2021-01-05 09:37:26.170,0.0739,0.0745,12.0,0.0743,10.0,5282.0,30.0
2021-01-05 09:37:26.650,0.0739,0.0746,22.0,0.0743,10.0,5282.0,30.0
2021-01-05 09:37:27.130,0.0739,0.0746,22.0,0.0743,10.0,5282.0,30.0
2021-01-05 09:37:28.151,0.0739,0.0746,22.0,0.0743,10.0,5282.0,30.0
2021-01-05 09:37:29.130,0.0739,0.0746,22.0,0.0743,10.0,5282.0,30.0
2021-01-05 09:37:30.191,0.0739,0.0746,10.0,0.0743,20.0,5282.0,30.0
2021-01-05 09:37:30.650,0.0739,0.0745,12.0,0.0743,10.0,5282.0,30.0
2021-01-05 09:37:31.190,0.0739,0.0747,10.0,0.0743,20.0,5282.0,30.0
2021-01-05 09:37:31.691,0.0739,0.0749,12.0,0.0744,12.0,5282.0,30.0
2021-01-05 09:37:32.181,0.0739,0.0748,10.0,0.0744,12.0,5282.0,30.0
2021-01-05 09:37:32.651,0.0739,0.0747,12.0,0.0743,22.0,5282.0,30.0
2021-01-05 09:37:33.180,0.0739,0.0747,22.0,0.0742,10.0,5282.0,30.0
2021-01-05 09:37:33.681,0.0739,0.0747,12.0,0.0743,12.0,5282.0,30.0
2021-01-05 09:37:34.500,0.0739,0.0747,12.0,0.0743,12.0,5282.0,30.0
2021-01-05 09:37:35.170,0.0739,0.0747,12.0,0.0743,12.0,5282.0,30.0
2021-01-05 09:37:35.650,0.0739,0.0748,12.0,0.0744,12.0,5282.0,30.0
2021-01-05 09:37:36.200,0.0739,0.0748,12.0,0.0744,12.0,5282.0,30.0
2021-01-05 09:37:36.671,0.0739,0.0748,12.0,0.0744,12.0,5282.0,30.0
2021-01-05 09:37:37.180,0.0739,0.0748,12.0,0.0744,12.0,5282.0,30.0
2021-01-05 09:37:37.691,0.0739,0.0748,12.0,0.0744,12.0,5282.0,30.0
2021-01-05 09:37:38.651,0.0739,0.0749,22.0,0.0744,12.0,5282.0,30.0
2021-01-05 09:37:39.170,0.0739,0.0749,22.0,0.0744,22.0,5282.0,30.0
2021-01-05 09:37:40.161,0.0739,0.0749,10.0,0.0745,12.0,5282.0,30.0
2021-01-05 09:37:41.131,0.0739,0.075,12.0,0.0745,12.0,5282.0,30.0
2021-01-05 09:37:41.660,0.0739,0.075,22.0,0.0745,12.0,5282.0,30.0
2021-01-05 09:37:42.130,0.0739,0.075,22.0,0.0745,12.0,5282.0,30.0
2021-01-05 09:37:42.691,0.0739,0.075,10.0,0.0746,12.0,5282.0,30.0
2021-01-05 09:37:43.181,0.0739,0.0751,12.0,0.0746,12.0,5282.0,30.0
2021-01-05 09:37:43.671,0.0739,0.0751,22.0,0.0746,12.0,5282.0,30.0
2021-01-05 09:37:44.190,0.0739,0.0751,22.0,0.0746,22.0,5282.0,30.0
2021-01-05 09:37:44.651,0.0739,0.0751,10.0,0.0747,12.0,5282.0,30.0
2021-01-05 09:37:45.191,0.0739,0.0752,12.0,0.0747,12.0,5282.0,30.0
2021-01-05 09:37:45.650,0.0739,0.0752,10.0,0.0748,12.0,5282.0,30.0
2021-01-05 09:37:46.180,0.0739,0.0753,12.0,0.0748,12.0,5282.0,30.0
2021-01-05 09:37:46.601,0.0739,0.0752,10.0,0.0748,12.0,5282.0,30.0
2021-01-05 09:37:47.210,0.0739,0.0752,22.0,0.0747,22.0,5282.0,30.0
2021-01-05 09:37:47.661,0.0739,0.0752,22.0,0.0747,12.0,5282.0,30.0
2021-01-05 09:37:48.201,0.0739,0.0751,12.0,0.0746,22.0,5282.0,30.0
2021-01-05 09:37:48.700,0.0739,0.0751,12.0,0.0746,22.0,5282.0,30.0
2021-01-05 09:37:49.190,0.0739,0.0751,12.0,0.0746,22.0,5282.0,30.0
2021-01-05 09:37:49.670,0.0739,0.0752,22.0,0.0747,12.0,5282.0,30.0
2021-01-05 09:37:50.220,0.0739,0.0751,12.0,0.0747,22.0,5282.0,30.0
2021-01-05 09:37:51.691,0.0739,0.075,12.0,0.0747,10.0,5282.0,30.0
2021-01-05 09:37:52.191,0.0739,0.075,12.0,0.0746,22.0,5282.0,30.0
2021-01-05 09:37:52.660,0.0739,0.075,12.0,0.0746,22.0,5282.0,30.0
2021-01-05 09:37:53.161,0.0739,0.075,12.0,0.0746,22.0,5282.0,30.0
2021-01-05 09:37:53.680,0.0739,0.075,12.0,0.0746,22.0,5282.0,30.0
2021-01-05 09:37:54.170,0.0739,0.075,12.0,0.0746,22.0,5282.0,30.0
2021-01-05 09:37:54.690,0.0739,0.075,12.0,0.0746,22.0,5282.0,30.0
2021-01-05 09:37:55.691,0.0739,0.075,12.0,0.0746,12.0,5282.0,30.0
2021-01-05 09:37:56.121,0.0739,0.075,12.0,0.0746,12.0,5282.0,30.0
2021-01-05 09:37:56.611,0.0739,0.0751,12.0,0.0745,32.0,5282.0,30.0
2021-01-05 09:37:57.170,0.0739,0.0751,12.0,0.0747,12.0,5282.0,30.0
2021-01-05 09:37:57.601,0.0739,0.0753,22.0,0.0748,12.0,5282.0,30.0
2021-01-05 09:37:58.141,0.0739,0.0753,32.0,0.0748,12.0,5282.0,30.0
2021-01-05 09:37:59.161,0.0739,0.0751,12.0,0.0748,10.0,5282.0,30.0
2021-01-05 09:38:00.680,0.0739,0.0751,12.0,0.0747,22.0,5282.0,30.0
2021-01-05 09:38:01.180,0.0739,0.0751,12.0,0.0747,12.0,5282.0,30.0
2021-01-05 09:38:01.681,0.0739,0.0751,12.0,0.0746,32.0,5282.0,30.0
2021-01-05 09:38:03.191,0.0739,0.0751,12.0,0.0746,22.0,5282.0,30.0
2021-01-05 09:38:04.190,0.0739,0.0751,12.0,0.0746,10.0,5282.0,30.0
2021-01-05 09:38:04.680,0.0739,0.075,12.0,0.0746,10.0,5282.0,30.0
2021-01-05 09:38:05.181,0.0739,0.075,12.0,0.0746,10.0,5282.0,30.0
2021-01-05 09:38:05.681,0.0739,0.075,12.0,0.0746,22.0,5282.0,30.0
2021-01-05 09:38:06.151,0.0739,0.075,12.0,0.0746,22.0,5282.0,30.0
2021-01-05 09:38:07.200,0.0739,0.075,12.0,0.0746,10.0,5282.0,30.0
2021-01-05 09:38:07.690,0.0739,0.075,12.0,0.0746,10.0,5282.0,30.0
2021-01-05 09:38:08.151,0.0739,0.0749,12.0,0.0746,10.0,5282.0,30.0
2021-01-05 09:38:09.160,0.0739,0.0749,5.0,0.0746,10.0,5282.0,30.0
2021-01-05 09:38:09.590,0.0739,0.0748,12.0,0.0746,10.0,5282.0,30.0
2021-01-05 09:38:10.180,0.0739,0.0747,12.0,0.0745,10.0,5282.0,30.0
2021-01-05 09:38:10.670,0.0739,0.0747,12.0,0.0744,10.0,5282.0,30.0
2021-01-05 09:38:11.141,0.0739,0.0748,22.0,0.0744,10.0,5282.0,30.0
2021-01-05 09:38:11.701,0.0739,0.0748,22.0,0.0745,10.0,5282.0,30.0
2021-01-05 09:38:12.191,0.0739,0.0748,10.0,0.0746,10.0,5282.0,30.0
2021-01-05 09:38:12.531,0.0739,0.0747,12.0,0.0745,20.0,5282.0,30.0
2021-01-05 09:38:13.110,0.0739,0.0747,22.0,0.0745,20.0,5282.0,30.0
2021-01-05 09:38:14.691,0.0739,0.0747,22.0,0.0744,20.0,5282.0,30.0
2021-01-05 09:38:15.150,0.0739,0.0747,10.0,0.0744,20.0,5282.0,30.0
2021-01-05 09:38:15.730,0.0739,0.0749,5.0,0.0745,10.0,5282.0,30.0
2021-01-05 09:38:16.151,0.0745,0.0747,12.0,0.0743,10.0,5292.0,40.0
2021-01-05 09:38:16.731,0.0745,0.0749,17.0,0.0744,12.0,5292.0,40.0
2021-01-05 09:38:17.190,0.0745,0.0749,17.0,0.0744,12.0,5292.0,40.0
2021-01-05 09:38:18.231,0.0745,0.0749,17.0,0.0744,12.0,5292.0,40.0
2021-01-05 09:38:18.660,0.0745,0.0749,17.0,0.0744,12.0,5292.0,40.0
2021-01-05 09:38:19.230,0.0745,0.0748,12.0,0.0743,35.0,5292.0,40.0
2021-01-05 09:38:20.231,0.0745,0.0748,12.0,0.0743,22.0,5292.0,40.0
2021-01-05 09:38:20.690,0.0745,0.0748,12.0,0.0743,22.0,5292.0,40.0
2021-01-05 09:38:21.670,0.0745,0.0748,12.0,0.0743,22.0,5292.0,40.0
2021-01-05 09:38:22.210,0.0745,0.0748,12.0,0.0743,22.0,5292.0,40.0
2021-01-05 09:38:22.661,0.0745,0.0748,12.0,0.0743,22.0,5292.0,40.0
2021-01-05 09:38:23.201,0.0745,0.0748,12.0,0.0743,22.0,5292.0,40.0
2021-01-05 09:38:23.681,0.0745,0.0748,12.0,0.0743,22.0,5292.0,40.0
2021-01-05 09:38:24.690,0.0745,0.0747,12.0,0.0743,10.0,5292.0,40.0
2021-01-05 09:38:25.101,0.0745,0.0747,20.0,0.0745,12.0,5292.0,40.0
2021-01-05 09:38:25.700,0.0745,0.0747,20.0,0.0745,12.0,5292.0,40.0
2021-01-05 09:38:26.100,0.0745,0.0749,35.0,0.0744,10.0,5304.0,52.0
2021-01-05 09:38:26.701,0.0745,0.0747,12.0,0.0744,10.0,5304.0,52.0
2021-01-05 09:38:27.201,0.0745,0.0749,25.0,0.0745,12.0,5304.0,52.0
2021-01-05 09:38:27.691,0.0745,0.0749,25.0,0.0745,12.0,5304.0,52.0
2021-01-05 09:38:28.171,0.0745,0.0747,12.0,0.0744,10.0,5304.0,52.0
2021-01-05 09:38:28.680,0.0745,0.0747,12.0,0.0743,20.0,5304.0,52.0
2021-01-05 09:38:29.191,0.0745,0.0747,12.0,0.0743,20.0,5304.0,52.0
2021-01-05 09:38:29.641,0.0745,0.0747,12.0,0.0743,20.0,5304.0,52.0
2021-01-05 09:38:30.670,0.0745,0.0749,25.0,0.0745,12.0,5304.0,52.0
2021-01-05 09:38:31.181,0.0745,0.0748,13.0,0.0745,12.0,5304.0,52.0
2021-01-05 09:38:31.700,0.0745,0.0749,35.0,0.0745,12.0,5304.0,52.0
2021-01-05 09:38:32.090,0.0745,0.0748,10.0,0.0742,10.0,5316.0,64.0
2021-01-05 09:38:32.701,0.0745,0.0746,12.0,0.0743,10.0,5316.0,64.0
2021-01-05 09:38:33.191,0.0745,0.0746,10.0,0.0742,20.0,5316.0,64.0
2021-01-05 09:38:33.700,0.0745,0.0744,12.0,0.0742,10.0,5316.0,64.0
2021-01-05 09:38:34.201,0.0745,0.0747,10.0,0.0741,10.0,5316.0,64.0
2021-01-05 09:38:34.701,0.0745,0.0746,12.0,0.0742,12.0,5316.0,64.0
2021-01-05 09:38:35.700,0.0745,0.0745,10.0,0.0742,12.0,5316.0,64.0
2021-01-05 09:38:36.130,0.0745,0.0745,10.0,0.0742,12.0,5316.0,64.0
2021-01-05 09:38:36.691,0.0745,0.0745,12.0,0.0742,10.0,5316.0,64.0
2021-01-05 09:38:37.131,0.0745,0.0746,42.0,0.0741,20.0,5316.0,64.0
2021-01-05 09:38:37.680,0.0745,0.0745,12.0,0.0741,10.0,5316.0,64.0
2021-01-05 09:38:38.161,0.0745,0.0745,12.0,0.074,32.0,5316.0,64.0
2021-01-05 09:38:38.660,0.0745,0.0745,12.0,0.0742,10.0,5316.0,64.0
2021-01-05 09:38:39.161,0.0745,0.0746,30.0,0.0742,10.0,5316.0,64.0
2021-01-05 09:38:39.661,0.0745,0.0744,12.0,0.0742,10.0,5316.0,64.0
2021-01-05 09:38:40.141,0.0745,0.0744,32.0,0.074,10.0,5316.0,64.0
2021-01-05 09:38:40.391,0.0745,0.0743,12.0,0.074,20.0,5316.0,64.0
2021-01-05 09:38:41.190,0.0745,0.0746,30.0,0.0742,12.0,5316.0,64.0
2021-01-05 09:38:41.670,0.0742,0.0746,30.0,0.074,20.0,5316.0,76.0
2021-01-05 09:38:42.191,0.0742,0.0746,30.0,0.074,20.0,5316.0,76.0
2021-01-05 09:38:42.700,0.0742,0.0745,12.0,0.074,32.0,5316.0,76.0
2021-01-05 09:38:43.190,0.0742,0.0746,22.0,0.0741,12.0,5316.0,76.0
2021-01-05 09:38:43.701,0.0742,0.0745,12.0,0.0741,10.0,5316.0,76.0
2021-01-05 09:38:44.200,0.0742,0.0746,10.0,0.0742,12.0,5316.0,76.0
2021-01-05 09:38:44.690,0.0742,0.0748,20.0,0.0743,12.0,5316.0,76.0
2021-01-05 09:38:45.201,0.0742,0.0747,10.0,0.0744,12.0,5316.0,76.0
2021-01-05 09:38:45.480,0.0742,0.0748,20.0,0.0744,12.0,5316.0,76.0
2021-01-05 09:38:46.200,0.0742,0.0748,10.0,0.0745,12.0,5316.0,76.0
2021-01-05 09:38:46.210,0.0742,0.0748,12.0,0.0744,10.0,5316.0,76.0
2021-01-05 09:38:47.140,0.0742,0.0748,10.0,0.0745,12.0,5316.0,76.0
2021-01-05 09:38:47.691,0.0742,0.0749,5.0,0.0745,35.0,5316.0,76.0
2021-01-05 09:38:48.200,0.0742,0.0749,5.0,0.0746,10.0,5316.0,76.0
2021-01-05 09:38:48.650,0.0742,0.0749,5.0,0.0747,12.0,5316.0,76.0
2021-01-05 09:38:49.130,0.0742,0.0749,5.0,0.0748,12.0,5316.0,76.0
2021-01-05 09:38:49.691,0.0742,0.0749,5.0,0.0747,12.0,5316.0,76.0
2021-01-05 09:38:50.110,0.0742,0.0749,5.0,0.0747,45.0,5316.0,76.0
2021-01-05 09:38:50.651,0.0747,0.0749,5.0,0.0747,21.0,5328.0,88.0
2021-01-05 09:38:51.170,0.0747,0.0747,2.0,0.0746,10.0,5338.0,98.0
2021-01-05 09:38:51.520,0.0747,0.0749,5.0,0.0747,12.0,5338.0,99.0
2021-01-05 09:38:52.150,0.0747,0.0749,5.0,0.0748,12.0,5338.0,99.0
2021-01-05 09:38:52.630,0.0747,0.0747,12.0,0.0746,23.0,5338.0,99.0
2021-01-05 09:38:53.160,0.0747,0.0747,12.0,0.0746,13.0,5338.0,99.0
2021-01-05 09:38:54.190,0.0747,0.0749,17.0,0.0745,13.0,5338.0,99.0
2021-01-05 09:38:54.690,0.0747,0.0749,5.0,0.0746,12.0,5338.0,99.0
2021-01-05 09:38:55.191,0.0747,0.0749,5.0,0.0747,12.0,5338.0,99.0
2021-01-05 09:38:55.700,0.0747,0.0749,5.0,0.0747,12.0,5338.0,99.0
2021-01-05 09:38:56.190,0.0747,0.0749,5.0,0.0747,22.0,5338.0,99.0
2021-01-05 09:38:57.200,0.0749,0.075,10.0,0.0749,7.0,5338.0,104.0
2021-01-05 09:38:57.640,0.0749,0.0753,10.0,0.0747,10.0,5338.0,104.0
2021-01-05 09:38:58.161,0.0749,0.0751,10.0,0.0749,12.0,5338.0,104.0
2021-01-05 09:38:58.670,0.0749,0.0755,42.0,0.0749,22.0,5338.0,104.0
2021-01-05 09:38:59.060,0.0749,0.0755,52.0,0.0751,12.0,5338.0,104.0
2021-01-05 09:38:59.700,0.0751,0.0755,20.0,0.0751,12.0,5338.0,105.0
2021-01-05 09:39:00.660,0.0751,0.0753,12.0,0.075,10.0,5338.0,105.0
2021-01-05 09:39:01.160,0.0751,0.0753,12.0,0.075,10.0,5338.0,105.0
2021-01-05 09:39:02.201,0.0751,0.0753,12.0,0.075,20.0,5338.0,105.0
2021-01-05 09:39:02.660,0.0751,0.0753,12.0,0.075,10.0,5338.0,105.0
2021-01-05 09:39:03.150,0.0751,0.0753,12.0,0.075,20.0,5338.0,105.0
2021-01-05 09:39:04.161,0.0751,0.0753,12.0,0.075,20.0,5338.0,105.0
2021-01-05 09:39:04.610,0.0751,0.0753,12.0,0.075,33.0,5338.0,105.0
2021-01-05 09:39:05.211,0.0751,0.0755,10.0,0.0752,12.0,5338.0,105.0
2021-01-05 09:39:05.701,0.0751,0.0756,12.0,0.0752,12.0,5338.0,105.0
2021-01-05 09:39:06.191,0.0751,0.0756,22.0,0.0752,12.0,5338.0,105.0
2021-01-05 09:39:06.191,0.0751,0.0756,22.0,0.0752,12.0,5338.0,105.0
2021-01-05 09:39:07.200,0.0751,0.0756,22.0,0.0752,12.0,5338.0,105.0
2021-01-05 09:39:07.680,0.0751,0.0752,5.0,0.0751,10.0,5338.0,105.0
2021-01-05 09:39:08.131,0.0751,0.0752,5.0,0.0751,22.0,5338.0,105.0
2021-01-05 09:39:08.650,0.0751,0.0752,5.0,0.075,32.0,5338.0,105.0
2021-01-05 09:39:09.161,0.0751,0.0752,5.0,0.075,22.0,5338.0,105.0
2021-01-05 09:39:09.601,0.0751,0.0752,5.0,0.075,10.0,5338.0,105.0
2021-01-05 09:39:10.191,0.0751,0.0752,5.0,0.0751,12.0,5338.0,105.0
2021-01-05 09:39:10.721,0.0751,0.0752,5.0,0.075,10.0,5338.0,105.0
2021-01-05 09:39:11.201,0.0751,0.0752,5.0,0.0749,22.0,5338.0,105.0
2021-01-05 09:39:11.701,0.0751,0.0752,5.0,0.0749,22.0,5338.0,105.0
2021-01-05 09:39:12.220,0.0751,0.0752,5.0,0.0749,35.0,5338.0,105.0
2021-01-05 09:39:12.690,0.0751,0.0752,5.0,0.0749,22.0,5338.0,105.0
2021-01-05 09:39:13.720,0.0751,0.0752,5.0,0.0751,12.0,5338.0,105.0
2021-01-05 09:39:14.160,0.0751,0.0752,17.0,0.075,10.0,5338.0,105.0
2021-01-05 09:39:15.220,0.0751,0.0752,27.0,0.0748,20.0,5338.0,105.0
2021-01-05 09:39:15.720,0.0751,0.0752,27.0,0.0749,10.0,5338.0,105.0
2021-01-05 09:39:16.121,0.0751,0.0752,27.0,0.0749,10.0,5338.0,105.0
2021-01-05 09:39:16.711,0.0751,0.0752,27.0,0.0748,20.0,5338.0,105.0
2021-01-05 09:39:17.650,0.0751,0.0752,27.0,0.0749,10.0,5338.0,105.0
2021-01-05 09:39:18.221,0.0751,0.0752,15.0,0.0749,10.0,5338.0,105.0
2021-01-05 09:39:18.671,0.0751,0.0752,15.0,0.0749,20.0,5338.0,105.0
2021-01-05 09:39:19.710,0.0751,0.0752,27.0,0.0749,20.0,5338.0,105.0
2021-01-05 09:39:20.221,0.0751,0.0752,27.0,0.0749,20.0,5338.0,105.0
2021-01-05 09:39:20.741,0.0751,0.0751,22.0,0.0749,20.0,5338.0,105.0
2021-01-05 09:39:21.231,0.0751,0.0751,10.0,0.0749,20.0,5338.0,105.0
2021-01-05 09:39:21.671,0.0751,0.0751,10.0,0.0749,20.0,5338.0,105.0
2021-01-05 09:39:22.211,0.0751,0.0751,10.0,0.0749,10.0,5338.0,105.0
2021-01-05 09:39:22.651,0.0751,0.0751,22.0,0.0748,20.0,5338.0,105.0
2021-01-05 09:39:23.200,0.0749,0.0751,10.0,0.0748,10.0,5348.0,115.0
2021-01-05 09:39:23.700,0.0749,0.0751,10.0,0.075,12.0,5348.0,115.0
2021-01-05 09:39:24.151,0.0749,0.0751,10.0,0.075,12.0,5348.0,115.0
2021-01-05 09:39:24.670,0.0749,0.0751,10.0,0.0748,22.0,5348.0,115.0
2021-01-05 09:39:25.700,0.0749,0.0751,10.0,0.0747,10.0,5348.0,115.0
2021-01-05 09:39:26.130,0.0749,0.0751,10.0,0.0747,35.0,5348.0,115.0
2021-01-05 09:39:29.231,0.0749,0.0751,10.0,0.0747,35.0,5348.0,115.0
2021-01-05 09:39:29.721,0.0749,0.0751,10.0,0.0747,45.0,5348.0,115.0
2021-01-05 09:39:30.220,0.0749,0.0751,10.0,0.0749,12.0,5348.0,115.0
2021-01-05 09:39:30.721,0.0749,0.075,12.0,0.0748,10.0,5348.0,115.0
2021-01-05 09:39:31.121,0.075,0.0751,10.0,0.0747,55.0,5348.0,120.0
2021-01-05 09:39:31.701,0.075,0.0751,10.0,0.0749,12.0,5348.0,120.0
2021-01-05 09:39:32.141,0.075,0.0751,10.0,0.0749,12.0,5348.0,120.0
2021-01-05 09:39:32.700,0.075,0.0751,10.0,0.0749,12.0,5348.0,120.0
2021-01-05 09:39:33.180,0.075,0.0752,25.0,0.0749,12.0,5348.0,120.0
2021-01-05 09:39:33.530,0.075,0.0752,25.0,0.0749,12.0,5348.0,120.0
2021-01-05 09:39:34.210,0.075,0.0752,35.0,0.075,12.0,5348.0,120.0
2021-01-05 09:39:34.681,0.075,0.0752,25.0,0.075,12.0,5348.0,120.0
2021-01-05 09:39:35.701,0.075,0.0752,25.0,0.075,12.0,5348.0,120.0
2021-01-05 09:39:36.231,0.075,0.0752,25.0,0.0749,12.0,5348.0,120.0
2021-01-05 09:39:36.660,0.075,0.0752,25.0,0.0749,12.0,5348.0,120.0
2021-01-05 09:39:37.221,0.075,0.0752,25.0,0.0749,12.0,5348.0,120.0
2021-01-05 09:39:37.730,0.075,0.0752,25.0,0.0749,12.0,5348.0,120.0
2021-01-05 09:39:38.221,0.075,0.0752,37.0,0.0748,12.0,5348.0,120.0
2021-01-05 09:39:39.241,0.075,0.0752,37.0,0.0747,42.0,5348.0,120.0
2021-01-05 09:39:41.220,0.075,0.0752,25.0,0.0747,40.0,5348.0,120.0
2021-01-05 09:39:41.750,0.075,0.075,13.0,0.0747,10.0,5348.0,120.0
2021-01-05 09:39:42.210,0.075,0.075,1.0,0.0747,10.0,5348.0,120.0
2021-01-05 09:39:42.721,0.075,0.0752,37.0,0.0748,12.0,5348.0,121.0
2021-01-05 09:39:43.191,0.075,0.0752,37.0,0.0748,12.0,5348.0,121.0
2021-01-05 09:39:43.570,0.075,0.0752,37.0,0.0748,22.0,5348.0,121.0
2021-01-05 09:39:44.231,0.075,0.0752,27.0,0.0748,22.0,5348.0,121.0
2021-01-05 09:39:44.680,0.075,0.0751,12.0,0.0747,10.0,5348.0,121.0
2021-01-05 09:39:45.251,0.075,0.0751,12.0,0.0746,22.0,5348.0,121.0
2021-01-05 09:39:45.750,0.075,0.075,12.0,0.0746,10.0,5348.0,121.0
2021-01-05 09:39:46.040,0.075,0.0752,25.0,0.0745,20.0,5348.0,121.0
2021-01-05 09:39:46.691,0.075,0.0751,13.0,0.0747,12.0,5348.0,121.0
2021-01-05 09:39:47.250,0.075,0.0751,13.0,0.0747,12.0,5348.0,121.0
2021-01-05 09:39:47.731,0.075,0.0749,12.0,0.0745,10.0,5348.0,121.0
2021-01-05 09:39:48.221,0.075,0.0752,25.0,0.0744,10.0,5348.0,121.0
2021-01-05 09:39:48.720,0.075,0.075,12.0,0.0744,10.0,5348.0,121.0
2021-01-05 09:39:49.241,0.075,0.0749,10.0,0.0744,10.0,5348.0,121.0
2021-01-05 09:39:49.711,0.075,0.0747,12.0,0.0744,10.0,5348.0,121.0
2021-01-05 09:39:50.180,0.075,0.0747,12.0,0.0742,40.0,5348.0,121.0
2021-01-05 09:39:50.710,0.075,0.0747,12.0,0.0742,30.0,5348.0,121.0
2021-01-05 09:39:51.241,0.075,0.0747,12.0,0.0742,10.0,5348.0,121.0
2021-01-05 09:39:51.291,0.075,0.0747,12.0,0.074,20.0,5348.0,121.0
2021-01-05 09:39:52.180,0.075,0.0749,22.0,0.074,33.0,5348.0,121.0
2021-01-05 09:39:52.670,0.075,0.0747,12.0,0.074,33.0,5348.0,121.0
2021-01-05 09:39:53.181,0.075,0.0747,12.0,0.074,20.0,5348.0,121.0
2021-01-05 09:39:53.630,0.075,0.075,10.0,0.0741,13.0,5348.0,121.0
2021-01-05 09:39:54.191,0.075,0.075,23.0,0.0741,43.0,5348.0,121.0
2021-01-05 09:39:54.191,0.075,0.0748,12.0,0.0741,53.0,5348.0,121.0
2021-01-05 09:39:55.181,0.075,0.0748,12.0,0.0741,43.0,5348.0,121.0
2021-01-05 09:39:55.411,0.075,0.0748,12.0,0.0741,43.0,5348.0,121.0
2021-01-05 09:39:56.120,0.075,0.0748,12.0,0.0741,20.0,5348.0,121.0
2021-01-05 09:39:56.691,0.075,0.0748,12.0,0.0741,10.0,5348.0,121.0
2021-01-05 09:39:57.181,0.075,0.0748,12.0,0.0741,10.0,5348.0,121.0
2021-01-05 09:39:57.580,0.075,0.0748,22.0,0.0741,20.0,5348.0,121.0
2021-01-05 09:39:58.170,0.075,0.0746,12.0,0.0741,20.0,5348.0,121.0
2021-01-05 09:39:58.600,0.075,0.0747,12.0,0.0741,20.0,5348.0,121.0
2021-01-05 09:39:59.061,0.075,0.0747,12.0,0.0741,10.0,5348.0,121.0
2021-01-05 09:39:59.670,0.075,0.0746,12.0,0.0741,22.0,5348.0,121.0
2021-01-05 09:40:00.631,0.075,0.0746,12.0,0.074,20.0,5348.0,121.0
2021-01-05 09:40:01.201,0.075,0.0746,12.0,0.0741,22.0,5348.0,121.0
2021-01-05 09:40:01.551,0.075,0.0746,12.0,0.0741,32.0,5348.0,121.0
2021-01-05 09:40:02.671,0.075,0.075,10.0,0.0741,20.0,5348.0,121.0
2021-01-05 09:40:03.171,0.075,0.0748,12.0,0.0742,12.0,5348.0,121.0
2021-01-05 09:40:03.691,0.075,0.0747,12.0,0.0743,12.0,5348.0,121.0
2021-01-05 09:40:04.160,0.075,0.0747,12.0,0.0743,12.0,5348.0,121.0
2021-01-05 09:40:04.700,0.075,0.0747,12.0,0.0743,12.0,5348.0,121.0
2021-01-05 09:40:05.170,0.075,0.0747,12.0,0.0743,12.0,5348.0,121.0
2021-01-05 09:40:05.701,0.075,0.0747,12.0,0.0743,12.0,5348.0,121.0
2021-01-05 09:40:06.200,0.075,0.0747,12.0,0.0743,12.0,5348.0,121.0
2021-01-05 09:40:06.701,0.075,0.0748,12.0,0.0743,30.0,5348.0,121.0
2021-01-05 09:40:07.191,0.075,0.0749,12.0,0.0744,12.0,5348.0,121.0
2021-01-05 09:40:07.700,0.075,0.0749,12.0,0.0744,12.0,5348.0,121.0
2021-01-05 09:40:08.200,0.075,0.075,22.0,0.0745,12.0,5348.0,121.0
2021-01-05 09:40:08.690,0.075,0.0749,12.0,0.0745,10.0,5348.0,121.0
2021-01-05 09:40:09.191,0.075,0.0752,15.0,0.0745,10.0,5348.0,121.0
2021-01-05 09:40:09.441,0.075,0.075,12.0,0.0745,22.0,5348.0,121.0
2021-01-05 09:40:10.150,0.075,0.075,12.0,0.0745,32.0,5348.0,121.0
2021-01-05 09:40:10.651,0.075,0.075,12.0,0.0745,20.0,5348.0,121.0
2021-01-05 09:40:11.170,0.075,0.075,12.0,0.0745,20.0,5348.0,121.0
2021-01-05 09:40:11.671,0.075,0.075,12.0,0.0745,20.0,5348.0,121.0
2021-01-05 09:40:12.190,0.075,0.075,12.0,0.0745,20.0,5348.0,121.0
2021-01-05 09:40:12.661,0.075,0.0752,15.0,0.0745,20.0,5348.0,121.0
2021-01-05 09:40:13.131,0.075,0.0751,12.0,0.0746,12.0,5348.0,121.0
2021-01-05 09:40:13.431,0.075,0.0752,15.0,0.0747,12.0,5348.0,121.0
2021-01-05 09:40:14.150,0.075,0.0752,15.0,0.0748,10.0,5348.0,121.0
2021-01-05 09:40:14.701,0.075,0.0752,27.0,0.0748,12.0,5348.0,121.0
2021-01-05 09:40:15.690,0.075,0.0752,27.0,0.0749,10.0,5348.0,121.0
2021-01-05 09:40:16.140,0.075,0.0751,12.0,0.0749,10.0,5348.0,121.0
2021-01-05 09:40:18.120,0.075,0.0751,12.0,0.0748,10.0,5348.0,121.0
2021-01-05 09:40:18.701,0.075,0.0751,12.0,0.0748,10.0,5348.0,121.0
2021-01-05 09:40:19.711,0.075,0.075,12.0,0.0748,10.0,5348.0,121.0
2021-01-05 09:40:20.191,0.075,0.0752,15.0,0.0747,20.0,5348.0,121.0
2021-01-05 09:40:20.691,0.075,0.075,12.0,0.0746,20.0,5348.0,121.0
2021-01-05 09:40:21.200,0.075,0.0751,12.0,0.0747,12.0,5348.0,121.0
2021-01-05 09:40:21.701,0.075,0.075,12.0,0.0747,10.0,5348.0,121.0
2021-01-05 09:40:22.210,0.075,0.0749,12.0,0.0747,10.0,5348.0,121.0
2021-01-05 09:40:22.591,0.075,0.075,12.0,0.0746,20.0,5348.0,121.0
2021-01-05 09:40:23.200,0.075,0.075,12.0,0.0746,20.0,5348.0,121.0
2021-01-05 09:40:23.701,0.075,0.075,12.0,0.0746,20.0,5348.0,121.0
2021-01-05 09:40:24.681,0.075,0.075,12.0,0.0746,10.0,5348.0,121.0
2021-01-05 09:40:25.121,0.075,0.075,12.0,0.0746,10.0,5348.0,121.0
2021-01-05 09:40:26.650,0.075,0.075,12.0,0.0746,10.0,5348.0,121.0
2021-01-05 09:40:27.140,0.075,0.0751,10.0,0.0746,10.0,5348.0,121.0
2021-01-05 09:40:27.251,0.075,0.0749,12.0,0.0745,10.0,5348.0,121.0
2021-01-05 09:40:28.110,0.075,0.0748,12.0,0.0745,10.0,5348.0,121.0
2021-01-05 09:40:28.690,0.075,0.0749,12.0,0.0745,10.0,5348.0,121.0
2021-01-05 09:40:30.160,0.075,0.0749,12.0,0.0745,10.0,5348.0,121.0
2021-01-05 09:40:32.611,0.075,0.0752,25.0,0.0746,10.0,5348.0,121.0
2021-01-05 09:40:33.180,0.075,0.0748,5.0,0.0746,22.0,5348.0,121.0
2021-01-05 09:40:33.551,0.0748,0.0752,15.0,0.0748,7.0,5348.0,126.0
2021-01-05 09:40:34.171,0.0748,0.0752,27.0,0.0748,22.0,5348.0,126.0
2021-01-05 09:40:34.561,0.0748,0.0752,15.0,0.0748,22.0,5348.0,126.0
2021-01-05 09:40:35.201,0.0748,0.0752,15.0,0.0748,32.0,5348.0,126.0
2021-01-05 09:40:36.620,0.0748,0.0752,15.0,0.0748,32.0,5348.0,126.0
2021-01-05 09:40:37.201,0.0748,0.0752,15.0,0.0748,32.0,5348.0,126.0
2021-01-05 09:40:37.420,0.0748,0.0752,27.0,0.0748,20.0,5348.0,126.0
2021-01-05 09:40:38.130,0.0748,0.0752,15.0,0.0748,20.0,5348.0,126.0
2021-01-05 09:40:38.651,0.0748,0.0752,15.0,0.0748,32.0,5348.0,126.0
2021-01-05 09:40:39.041,0.0748,0.0752,15.0,0.0748,32.0,5348.0,126.0
2021-01-05 09:40:39.681,0.0748,0.0752,15.0,0.0748,32.0,5348.0,126.0
2021-01-05 09:40:40.151,0.0748,0.0752,15.0,0.075,12.0,5348.0,126.0
2021-01-05 09:40:40.601,0.0748,0.0752,15.0,0.075,12.0,5348.0,126.0
2021-01-05 09:40:41.191,0.0748,0.0752,15.0,0.075,12.0,5348.0,126.0
2021-01-05 09:40:41.640,0.0748,0.0752,15.0,0.075,12.0,5348.0,126.0
2021-01-05 09:40:43.630,0.0748,0.0752,15.0,0.0749,10.0,5348.0,126.0
2021-01-05 09:40:44.201,0.0748,0.0752,27.0,0.0749,10.0,5348.0,126.0
2021-01-05 09:40:44.620,0.0748,0.0752,27.0,0.0749,10.0,5348.0,126.0
2021-01-05 09:40:45.131,0.0748,0.0752,15.0,0.0749,22.0,5348.0,126.0
2021-01-05 09:40:46.161,0.0748,0.0752,15.0,0.0749,22.0,5348.0,126.0
2021-01-05 09:40:47.611,0.0748,0.0751,5.0,0.0749,22.0,5348.0,126.0
2021-01-05 09:40:48.700,0.0748,0.0751,5.0,0.075,22.0,5348.0,126.0
2021-01-05 09:40:49.111,0.0748,0.0751,5.0,0.0749,22.0,5348.0,126.0
2021-01-05 09:40:50.181,0.0748,0.0751,5.0,0.0749,22.0,5348.0,126.0
2021-01-05 09:40:50.671,0.0748,0.0751,5.0,0.0749,22.0,5348.0,126.0
2021-01-05 09:40:51.021,0.0748,0.0751,5.0,0.0749,22.0,5348.0,126.0
2021-01-05 09:40:51.601,0.0748,0.0751,5.0,0.0749,22.0,5348.0,126.0
2021-01-05 09:40:52.650,0.0748,0.0751,5.0,0.075,12.0,5348.0,126.0
2021-01-05 09:40:53.651,0.0748,0.0751,5.0,0.075,12.0,5348.0,126.0
2021-01-05 09:40:54.141,0.0751,0.0752,15.0,0.0751,5.0,5353.0,131.0
2021-01-05 09:40:54.141,0.0751,0.0752,15.0,0.075,10.0,5353.0,131.0
2021-01-05 09:40:55.111,0.0752,0.0752,3.0,0.075,10.0,5353.0,143.0
2021-01-05 09:40:55.620,0.075,0.075,12.0,0.0749,10.0,5363.0,153.0
2021-01-05 09:40:56.121,0.075,0.0752,3.0,0.0749,10.0,5363.0,154.0
2021-01-05 09:40:56.711,0.075,0.0752,3.0,0.0749,22.0,5363.0,154.0
2021-01-05 09:40:57.180,0.075,0.0752,3.0,0.0749,12.0,5363.0,154.0
2021-01-05 09:40:57.560,0.075,0.0752,3.0,0.0749,12.0,5363.0,154.0
2021-01-05 09:40:58.200,0.075,0.0752,3.0,0.0749,10.0,5363.0,154.0
2021-01-05 09:40:58.721,0.075,0.0752,3.0,0.0748,22.0,5363.0,154.0
2021-01-05 09:40:58.980,0.075,0.0752,3.0,0.075,12.0,5363.0,154.0
2021-01-05 09:40:59.721,0.075,0.0752,3.0,0.075,12.0,5363.0,154.0
2021-01-05 09:41:01.160,0.075,0.0752,3.0,0.075,10.0,5363.0,154.0
2021-01-05 09:41:01.650,0.075,0.0752,3.0,0.0751,12.0,5363.0,154.0
2021-01-05 09:41:02.661,0.0752,0.0755,12.0,0.0752,7.0,5366.0,157.0
2021-01-05 09:41:03.110,0.0752,0.0755,12.0,0.0751,10.0,5366.0,157.0
2021-01-05 09:41:03.640,0.0752,0.0755,12.0,0.0751,10.0,5366.0,157.0
2021-01-05 09:41:04.180,0.0752,0.0755,12.0,0.0751,10.0,5366.0,157.0
2021-01-05 09:41:05.220,0.0752,0.0755,12.0,0.0751,10.0,5366.0,157.0
2021-01-05 09:41:06.710,0.0752,0.0755,12.0,0.0751,10.0,5366.0,157.0
2021-01-05 09:41:07.100,0.0752,0.0755,12.0,0.0751,10.0,5366.0,157.0
2021-01-05 09:41:07.631,0.0752,0.0755,12.0,0.0751,10.0,5366.0,157.0
2021-01-05 09:41:08.201,0.0752,0.0755,25.0,0.075,20.0,5366.0,157.0
2021-01-05 09:41:08.701,0.0752,0.0755,13.0,0.0751,10.0,5366.0,157.0
2021-01-05 09:41:09.210,0.0752,0.0755,25.0,0.0751,10.0,5366.0,157.0
2021-01-05 09:41:09.650,0.0752,0.0755,25.0,0.075,12.0,5366.0,157.0
2021-01-05 09:41:10.220,0.0752,0.0755,25.0,0.075,32.0,5366.0,157.0
2021-01-05 09:41:10.710,0.0752,0.0754,12.0,0.0749,32.0,5366.0,157.0
2021-01-05 09:41:11.210,0.0752,0.0753,12.0,0.0749,20.0,5366.0,157.0
2021-01-05 09:41:11.711,0.0752,0.0754,12.0,0.075,10.0,5366.0,157.0
2021-01-05 09:41:12.151,0.0752,0.0754,30.0,0.0749,20.0,5366.0,157.0
2021-01-05 09:41:12.710,0.0752,0.0753,12.0,0.0749,10.0,5366.0,157.0
2021-01-05 09:41:13.161,0.0752,0.0754,5.0,0.075,12.0,5366.0,157.0
2021-01-05 09:41:13.711,0.0752,0.0754,5.0,0.0751,12.0,5366.0,157.0
2021-01-05 09:41:14.160,0.0752,0.0754,17.0,0.0749,22.0,5366.0,157.0
2021-01-05 09:41:14.671,0.0752,0.0753,12.0,0.075,10.0,5366.0,157.0
2021-01-05 09:41:15.180,0.0752,0.0753,12.0,0.075,10.0,5366.0,157.0
2021-01-05 09:41:15.601,0.0752,0.0753,12.0,0.075,10.0,5366.0,157.0
2021-01-05 09:41:16.500,0.0752,0.0752,12.0,0.075,10.0,5366.0,157.0
2021-01-05 09:41:17.211,0.0752,0.0752,12.0,0.0749,10.0,5366.0,157.0
2021-01-05 09:41:17.670,0.0752,0.0752,12.0,0.0749,10.0,5366.0,157.0
2021-01-05 09:41:18.200,0.0752,0.0753,12.0,0.0749,32.0,5366.0,157.0
2021-01-05 09:41:18.600,0.0752,0.0753,12.0,0.0749,32.0,5366.0,157.0
2021-01-05 09:41:19.051,0.0752,0.0752,12.0,0.0749,20.0,5366.0,157.0
2021-01-05 09:41:20.070,0.0752,0.0753,12.0,0.0749,20.0,5366.0,157.0
2021-01-05 09:41:20.721,0.0752,0.0753,12.0,0.0749,20.0,5366.0,157.0
2021-01-05 09:41:21.190,0.0752,0.0753,12.0,0.0749,20.0,5366.0,157.0
2021-01-05 09:41:21.551,0.0752,0.0753,12.0,0.0749,20.0,5366.0,157.0
2021-01-05 09:41:22.700,0.0752,0.0752,12.0,0.0749,20.0,5366.0,157.0
2021-01-05 09:41:23.061,0.0752,0.0752,12.0,0.0749,20.0,5366.0,157.0
2021-01-05 09:41:24.171,0.0752,0.0753,12.0,0.0749,20.0,5366.0,157.0
2021-01-05 09:41:25.120,0.0752,0.0752,12.0,0.0749,20.0,5366.0,157.0
2021-01-05 09:41:27.131,0.0752,0.0752,12.0,0.0749,20.0,5366.0,157.0
2021-01-05 09:41:27.710,0.0752,0.0752,12.0,0.0749,20.0,5366.0,157.0
2021-01-05 09:41:28.171,0.0752,0.0752,12.0,0.0749,10.0,5366.0,157.0
2021-01-05 09:41:28.540,0.0752,0.0753,12.0,0.0749,10.0,5366.0,157.0
2021-01-05 09:41:29.070,0.0752,0.0754,17.0,0.0749,32.0,5366.0,157.0
2021-01-05 09:41:29.690,0.0752,0.0754,17.0,0.0749,22.0,5366.0,157.0
2021-01-05 09:41:30.180,0.0752,0.0752,12.0,0.0749,10.0,5366.0,157.0
2021-01-05 09:41:30.711,0.0752,0.0752,12.0,0.0749,10.0,5366.0,157.0
2021-01-05 09:41:31.181,0.0752,0.0754,17.0,0.0749,22.0,5366.0,157.0
2021-01-05 09:41:31.700,0.0752,0.0754,30.0,0.0749,22.0,5366.0,157.0
2021-01-05 09:41:32.670,0.0752,0.0754,17.0,0.0749,22.0,5366.0,157.0
2021-01-05 09:41:33.000,0.0752,0.0754,30.0,0.0749,22.0,5366.0,157.0
2021-01-05 09:41:33.680,0.0752,0.0754,17.0,0.0749,22.0,5366.0,157.0
2021-01-05 09:41:34.120,0.0752,0.0754,17.0,0.0749,22.0,5366.0,157.0
2021-01-05 09:41:35.221,0.0752,0.0754,17.0,0.0749,22.0,5366.0,157.0
2021-01-05 09:41:35.721,0.0752,0.0753,12.0,0.0749,10.0,5366.0,157.0
2021-01-05 09:41:36.070,0.0752,0.0753,12.0,0.0749,10.0,5366.0,157.0
2021-01-05 09:41:36.720,0.0752,0.0752,12.0,0.0749,10.0,5366.0,157.0
2021-01-05 09:41:37.210,0.0752,0.0752,25.0,0.0749,10.0,5366.0,157.0
2021-01-05 09:41:37.711,0.0752,0.075,12.0,0.0749,10.0,5366.0,157.0
2021-01-05 09:41:38.220,0.0752,0.0754,15.0,0.0749,10.0,5366.0,157.0
2021-01-05 09:41:38.710,0.0752,0.0753,25.0,0.0749,10.0,5366.0,157.0
2021-01-05 09:41:39.221,0.0752,0.0753,13.0,0.075,12.0,5366.0,157.0
2021-01-05 09:41:40.231,0.0752,0.0753,13.0,0.075,12.0,5366.0,157.0
2021-01-05 09:41:41.130,0.0752,0.0753,13.0,0.0751,12.0,5366.0,157.0
2021-01-05 09:41:41.730,0.0752,0.0753,13.0,0.075,12.0,5366.0,157.0
2021-01-05 09:41:42.201,0.0752,0.0753,13.0,0.0749,10.0,5366.0,157.0
2021-01-05 09:41:42.610,0.0752,0.0753,13.0,0.0751,12.0,5366.0,157.0
2021-01-05 09:41:43.080,0.0752,0.0753,25.0,0.0749,22.0,5366.0,157.0
2021-01-05 09:41:45.190,0.0752,0.0752,12.0,0.0749,10.0,5366.0,157.0
2021-01-05 09:41:45.701,0.0752,0.0753,12.0,0.0749,22.0,5366.0,157.0
2021-01-05 09:41:46.241,0.0752,0.0753,12.0,0.0749,32.0,5366.0,157.0
2021-01-05 09:41:46.661,0.0752,0.0753,12.0,0.0749,32.0,5366.0,157.0
2021-01-05 09:41:47.201,0.0752,0.0754,5.0,0.0749,20.0,5366.0,157.0
2021-01-05 09:41:47.710,0.0752,0.0754,18.0,0.0749,20.0,5366.0,157.0
2021-01-05 09:41:48.181,0.0752,0.0754,30.0,0.0749,32.0,5366.0,157.0
2021-01-05 09:41:48.740,0.0752,0.0754,17.0,0.0749,32.0,5366.0,157.0
2021-01-05 09:41:49.191,0.0752,0.0754,5.0,0.075,12.0,5366.0,157.0
2021-01-05 09:41:49.750,0.0752,0.0753,12.0,0.0748,32.0,5366.0,157.0
2021-01-05 09:41:50.231,0.0752,0.0753,12.0,0.0748,22.0,5366.0,157.0
2021-01-05 09:41:50.751,0.0752,0.0753,12.0,0.0748,32.0,5366.0,157.0
2021-01-05 09:41:51.251,0.0752,0.0754,5.0,0.075,12.0,5366.0,157.0
2021-01-05 09:41:51.760,0.0752,0.0754,5.0,0.075,12.0,5366.0,157.0
2021-01-05 09:41:52.261,0.0752,0.0754,5.0,0.0748,20.0,5366.0,157.0
2021-01-05 09:41:52.321,0.0752,0.0754,17.0,0.0749,12.0,5366.0,157.0
2021-01-05 09:41:53.681,0.0752,0.0754,17.0,0.0749,12.0,5366.0,157.0
2021-01-05 09:41:54.161,0.0752,0.0754,17.0,0.0749,12.0,5366.0,157.0
2021-01-05 09:41:55.160,0.0752,0.0754,17.0,0.0749,12.0,5366.0,157.0
2021-01-05 09:41:55.671,0.0752,0.0753,5.0,0.0749,22.0,5366.0,157.0
2021-01-05 09:41:55.911,0.0752,0.075,10.0,0.0748,22.0,5366.0,157.0
2021-01-05 09:41:56.670,0.075,0.0753,5.0,0.0749,12.0,5376.0,167.0
2021-01-05 09:41:57.110,0.075,0.075,10.0,0.0748,12.0,5376.0,167.0
2021-01-05 09:41:57.640,0.075,0.075,10.0,0.0748,12.0,5376.0,167.0
2021-01-05 09:41:58.140,0.075,0.075,10.0,0.0748,12.0,5376.0,167.0
2021-01-05 09:41:58.660,0.075,0.075,10.0,0.0748,12.0,5376.0,167.0
2021-01-05 09:41:59.131,0.075,0.075,10.0,0.0748,12.0,5376.0,167.0
2021-01-05 09:42:00.151,0.075,0.075,10.0,0.0748,12.0,5376.0,167.0
2021-01-05 09:42:00.701,0.075,0.075,10.0,0.0748,12.0,5376.0,167.0
2021-01-05 09:42:02.201,0.075,0.075,10.0,0.0748,12.0,5376.0,167.0
2021-01-05 09:42:03.161,0.075,0.075,10.0,0.0748,22.0,5376.0,167.0
2021-01-05 09:42:03.690,0.075,0.075,10.0,0.0748,12.0,5376.0,167.0
2021-01-05 09:42:04.120,0.075,0.075,10.0,0.0748,22.0,5376.0,167.0
2021-01-05 09:42:05.211,0.075,0.075,10.0,0.0748,12.0,5376.0,167.0
2021-01-05 09:42:05.711,0.075,0.075,10.0,0.0748,22.0,5376.0,167.0
2021-01-05 09:42:06.181,0.075,0.075,10.0,0.0748,12.0,5376.0,167.0
2021-01-05 09:42:06.690,0.075,0.075,10.0,0.0748,12.0,5376.0,167.0
2021-01-05 09:42:07.230,0.075,0.075,10.0,0.0748,12.0,5376.0,167.0
2021-01-05 09:42:08.220,0.075,0.075,10.0,0.0748,12.0,5376.0,167.0
2021-01-05 09:42:09.230,0.075,0.075,10.0,0.0748,12.0,5376.0,167.0
2021-01-05 09:42:10.220,0.075,0.075,10.0,0.0748,12.0,5376.0,167.0
2021-01-05 09:42:11.211,0.075,0.075,10.0,0.0746,32.0,5376.0,167.0
2021-01-05 09:42:11.691,0.075,0.075,10.0,0.0746,12.0,5376.0,167.0
2021-01-05 09:42:12.210,0.075,0.075,10.0,0.0746,12.0,5376.0,167.0
2021-01-05 09:42:12.721,0.075,0.075,9.0,0.0746,12.0,5376.0,168.0
2021-01-05 09:42:13.211,0.075,0.075,9.0,0.0746,22.0,5376.0,168.0
2021-01-05 09:42:13.731,0.075,0.0752,12.0,0.0748,12.0,5376.0,168.0
2021-01-05 09:42:14.150,0.075,0.0752,25.0,0.0748,12.0,5376.0,168.0
2021-01-05 09:42:14.671,0.075,0.0752,25.0,0.0748,12.0,5376.0,168.0
2021-01-05 09:42:15.151,0.075,0.0752,25.0,0.0748,12.0,5376.0,168.0
2021-01-05 09:42:15.650,0.075,0.0752,13.0,0.0749,12.0,5376.0,168.0
2021-01-05 09:42:16.181,0.075,0.0753,37.0,0.0748,12.0,5376.0,168.0
2021-01-05 09:42:16.701,0.075,0.0752,13.0,0.0748,12.0,5376.0,168.0
2021-01-05 09:42:17.241,0.075,0.0752,13.0,0.0748,12.0,5376.0,168.0
2021-01-05 09:42:18.701,0.075,0.0753,37.0,0.0748,12.0,5376.0,168.0
2021-01-05 09:42:19.210,0.075,0.0753,50.0,0.0748,12.0,5376.0,168.0
2021-01-05 09:42:19.721,0.075,0.0753,30.0,0.0748,12.0,5376.0,168.0
2021-01-05 09:42:20.150,0.075,0.0753,30.0,0.0748,22.0,5376.0,168.0
2021-01-05 09:42:20.751,0.075,0.0753,30.0,0.0748,12.0,5376.0,168.0
2021-01-05 09:42:21.621,0.075,0.0753,30.0,0.0748,22.0,5376.0,168.0
2021-01-05 09:42:22.221,0.075,0.0753,18.0,0.0747,20.0,5376.0,168.0
2021-01-05 09:42:22.370,0.075,0.0752,12.0,0.0747,22.0,5376.0,168.0
2021-01-05 09:42:23.170,0.075,0.0752,12.0,0.0747,22.0,5376.0,168.0
2021-01-05 09:42:23.631,0.075,0.0753,5.0,0.0747,10.0,5376.0,168.0
2021-01-05 09:42:24.151,0.075,0.0751,12.0,0.0746,20.0,5376.0,168.0
2021-01-05 09:42:24.670,0.075,0.0751,12.0,0.0747,10.0,5376.0,168.0
2021-01-05 09:42:25.200,0.075,0.0751,12.0,0.0747,22.0,5376.0,168.0
2021-01-05 09:42:25.621,0.075,0.0751,12.0,0.0747,12.0,5376.0,168.0
2021-01-05 09:42:26.130,0.075,0.0751,12.0,0.0747,12.0,5376.0,168.0
2021-01-05 09:42:27.171,0.075,0.0751,12.0,0.0747,22.0,5376.0,168.0
2021-01-05 09:42:27.571,0.075,0.0752,12.0,0.0747,22.0,5376.0,168.0
2021-01-05 09:42:28.130,0.075,0.0752,25.0,0.0747,22.0,5376.0,168.0
2021-01-05 09:42:28.641,0.075,0.0752,12.0,0.0747,22.0,5376.0,168.0
2021-01-05 09:42:29.720,0.075,0.0752,12.0,0.0747,12.0,5376.0,168.0
2021-01-05 09:42:30.710,0.075,0.0752,12.0,0.0748,10.0,5376.0,168.0
2021-01-05 09:42:31.200,0.075,0.0752,12.0,0.0747,22.0,5376.0,168.0
2021-01-05 09:42:31.720,0.075,0.0752,25.0,0.0747,22.0,5376.0,168.0
2021-01-05 09:42:32.131,0.075,0.0752,12.0,0.0747,22.0,5376.0,168.0
2021-01-05 09:42:32.721,0.075,0.0752,12.0,0.0747,22.0,5376.0,168.0
2021-01-05 09:42:35.701,0.075,0.0751,12.0,0.0747,10.0,5376.0,168.0
2021-01-05 09:42:36.141,0.075,0.0751,12.0,0.0747,10.0,5376.0,168.0
2021-01-05 09:42:37.251,0.075,0.0751,12.0,0.0747,10.0,5376.0,168.0
2021-01-05 09:42:37.751,0.075,0.0751,25.0,0.0747,10.0,5376.0,168.0
2021-01-05 09:42:38.661,0.075,0.0751,25.0,0.0747,10.0,5376.0,168.0
2021-01-05 09:42:39.220,0.075,0.0751,25.0,0.0747,10.0,5376.0,168.0
2021-01-05 09:42:40.221,0.075,0.0751,25.0,0.0746,32.0,5376.0,168.0
2021-01-05 09:42:41.201,0.075,0.0751,25.0,0.0746,32.0,5376.0,168.0
2021-01-05 09:42:41.731,0.075,0.0749,10.0,0.0746,20.0,5376.0,168.0
2021-01-05 09:42:42.250,0.075,0.0749,10.0,0.0746,20.0,5376.0,168.0
2021-01-05 09:42:42.711,0.075,0.0749,10.0,0.0746,10.0,5376.0,168.0
2021-01-05 09:42:43.741,0.075,0.0749,10.0,0.0746,22.0,5376.0,168.0
2021-01-05 09:42:44.211,0.075,0.0749,10.0,0.0746,10.0,5376.0,168.0
2021-01-05 09:42:44.751,0.075,0.0749,22.0,0.0746,10.0,5376.0,168.0
2021-01-05 09:42:45.191,0.075,0.075,12.0,0.0746,22.0,5376.0,168.0
2021-01-05 09:42:45.650,0.075,0.075,25.0,0.0746,22.0,5376.0,168.0
2021-01-05 09:42:46.240,0.075,0.075,25.0,0.0746,32.0,5376.0,168.0
2021-01-05 09:42:46.741,0.075,0.0749,12.0,0.0746,10.0,5376.0,168.0
2021-01-05 09:42:47.160,0.075,0.0751,12.0,0.0746,10.0,5376.0,168.0
2021-01-05 09:42:47.690,0.075,0.0751,25.0,0.0746,10.0,5376.0,168.0
2021-01-05 09:42:47.871,0.075,0.0749,12.0,0.0746,10.0,5376.0,168.0
2021-01-05 09:42:48.720,0.075,0.0751,12.0,0.0746,22.0,5376.0,168.0
2021-01-05 09:42:49.750,0.075,0.0751,12.0,0.0746,22.0,5376.0,168.0
2021-01-05 09:42:52.251,0.075,0.0751,12.0,0.0746,22.0,5376.0,168.0
2021-01-05 09:42:52.601,0.075,0.0751,12.0,0.0746,22.0,5376.0,168.0
2021-01-05 09:42:55.190,0.075,0.0751,12.0,0.0747,12.0,5376.0,168.0
2021-01-05 09:42:55.701,0.075,0.0751,12.0,0.0747,12.0,5376.0,168.0
2021-01-05 09:42:56.191,0.075,0.0751,12.0,0.0746,20.0,5376.0,168.0
2021-01-05 09:42:56.631,0.075,0.0751,12.0,0.0746,20.0,5376.0,168.0
2021-01-05 09:42:57.171,0.075,0.0751,12.0,0.0746,20.0,5376.0,168.0
2021-01-05 09:42:57.661,0.075,0.0751,12.0,0.0746,20.0,5376.0,168.0
2021-01-05 09:42:58.220,0.075,0.0751,12.0,0.0746,20.0,5376.0,168.0
2021-01-05 09:42:58.731,0.075,0.0751,12.0,0.0746,20.0,5376.0,168.0
2021-01-05 09:42:59.230,0.075,0.0752,12.0,0.0747,12.0,5376.0,168.0
2021-01-05 09:42:59.730,0.075,0.0753,35.0,0.0747,10.0,5376.0,168.0
2021-01-05 09:42:59.951,0.075,0.0751,12.0,0.0746,20.0,5376.0,168.0
2021-01-05 09:43:00.721,0.075,0.0751,12.0,0.0746,20.0,5376.0,168.0
2021-01-05 09:43:01.211,0.075,0.0751,12.0,0.0747,12.0,5376.0,168.0
2021-01-05 09:43:01.701,0.075,0.0751,12.0,0.0747,12.0,5376.0,168.0
2021-01-05 09:43:02.681,0.075,0.0751,12.0,0.0746,20.0,5376.0,168.0
2021-01-05 09:43:02.681,0.075,0.0751,12.0,0.0746,10.0,5376.0,168.0
2021-01-05 09:43:04.740,0.075,0.0752,12.0,0.0747,12.0,5376.0,168.0
2021-01-05 09:43:05.251,0.075,0.0752,12.0,0.0747,12.0,5376.0,168.0
2021-01-05 09:43:05.681,0.075,0.0752,12.0,0.0748,10.0,5376.0,168.0
2021-01-05 09:43:06.171,0.075,0.0753,5.0,0.0747,20.0,5376.0,168.0
2021-01-05 09:43:06.730,0.075,0.0753,17.0,0.0748,12.0,5376.0,168.0
2021-01-05 09:43:07.231,0.075,0.0753,5.0,0.0749,12.0,5376.0,168.0
2021-01-05 09:43:07.710,0.075,0.0751,12.0,0.0747,10.0,5376.0,168.0
2021-01-05 09:43:08.181,0.075,0.0752,12.0,0.0749,10.0,5376.0,168.0
2021-01-05 09:43:08.701,0.075,0.0752,12.0,0.0749,10.0,5376.0,168.0
2021-01-05 09:43:09.231,0.075,0.0752,12.0,0.0749,10.0,5376.0,168.0
2021-01-05 09:43:09.740,0.075,0.0752,12.0,0.0749,10.0,5376.0,168.0
2021-01-05 09:43:10.150,0.075,0.0751,12.0,0.0748,10.0,5376.0,168.0
2021-01-05 09:43:10.761,0.075,0.0751,12.0,0.0748,10.0,5376.0,168.0
2021-01-05 09:43:11.250,0.075,0.0751,12.0,0.0748,10.0,5376.0,168.0
2021-01-05 09:43:12.171,0.075,0.0751,12.0,0.0749,10.0,5376.0,168.0
2021-01-05 09:43:12.730,0.075,0.0751,12.0,0.0749,10.0,5376.0,168.0
2021-01-05 09:43:13.210,0.075,0.0752,12.0,0.0749,10.0,5376.0,168.0
2021-01-05 09:43:13.740,0.075,0.0752,12.0,0.0749,10.0,5376.0,168.0
2021-01-05 09:43:14.270,0.075,0.0752,12.0,0.0749,10.0,5376.0,168.0
2021-01-05 09:43:15.241,0.075,0.0753,5.0,0.0749,10.0,5376.0,168.0
2021-01-05 09:43:15.771,0.075,0.0753,17.0,0.0749,22.0,5376.0,168.0
2021-01-05 09:43:16.270,0.075,0.0752,12.0,0.0749,10.0,5376.0,168.0
2021-01-05 09:43:16.720,0.075,0.0751,12.0,0.0749,10.0,5376.0,168.0
2021-01-05 09:43:17.771,0.075,0.0753,17.0,0.0749,10.0,5376.0,168.0
2021-01-05 09:43:18.270,0.075,0.0753,17.0,0.0749,10.0,5376.0,168.0
2021-01-05 09:43:19.751,0.075,0.0753,5.0,0.0749,10.0,5376.0,168.0
2021-01-05 09:43:20.281,0.075,0.0752,12.0,0.0749,10.0,5376.0,168.0
2021-01-05 09:43:20.731,0.075,0.0753,5.0,0.0749,10.0,5376.0,168.0
2021-01-05 09:43:21.271,0.075,0.0753,17.0,0.0749,22.0,5376.0,168.0
2021-01-05 09:43:21.701,0.075,0.0753,30.0,0.0749,22.0,5376.0,168.0
2021-01-05 09:43:22.281,0.075,0.0753,17.0,0.0749,22.0,5376.0,168.0
2021-01-05 09:43:22.671,0.075,0.0753,17.0,0.0749,22.0,5376.0,168.0
2021-01-05 09:43:23.190,0.075,0.0753,17.0,0.0749,22.0,5376.0,168.0
2021-01-05 09:43:24.661,0.075,0.0753,17.0,0.0749,22.0,5376.0,168.0
2021-01-05 09:43:25.201,0.075,0.0751,12.0,0.0749,10.0,5376.0,168.0
2021-01-05 09:43:25.701,0.075,0.0751,12.0,0.0749,10.0,5376.0,168.0
2021-01-05 09:43:26.181,0.075,0.0751,12.0,0.0749,10.0,5376.0,168.0
2021-01-05 09:43:26.621,0.075,0.0751,12.0,0.0749,10.0,5376.0,168.0
2021-01-05 09:43:27.190,0.075,0.0753,5.0,0.0749,12.0,5376.0,168.0
2021-01-05 09:43:27.591,0.075,0.0752,13.0,0.0749,12.0,5376.0,168.0
2021-01-05 09:43:28.091,0.075,0.0752,13.0,0.0748,10.0,5376.0,168.0
2021-01-05 09:43:28.700,0.075,0.0751,12.0,0.0748,10.0,5376.0,168.0
2021-01-05 09:43:29.080,0.075,0.0751,12.0,0.0748,10.0,5376.0,168.0
2021-01-05 09:43:29.660,0.075,0.0751,12.0,0.0748,10.0,5376.0,168.0
2021-01-05 09:43:30.701,0.075,0.0751,12.0,0.0748,10.0,5376.0,168.0
2021-01-05 09:43:31.111,0.075,0.0751,12.0,0.0748,10.0,5376.0,168.0
2021-01-05 09:43:31.720,0.075,0.0751,12.0,0.0747,10.0,5376.0,168.0
2021-01-05 09:43:32.181,0.075,0.0751,12.0,0.0747,10.0,5376.0,168.0
2021-01-05 09:43:32.680,0.075,0.0751,12.0,0.0747,10.0,5376.0,168.0
2021-01-05 09:43:33.141,0.075,0.0751,12.0,0.0747,10.0,5376.0,168.0
2021-01-05 09:43:33.670,0.075,0.0751,12.0,0.0747,10.0,5376.0,168.0
2021-01-05 09:43:34.221,0.075,0.0751,12.0,0.0747,10.0,5376.0,168.0
2021-01-05 09:43:34.691,0.075,0.0751,12.0,0.0747,10.0,5376.0,168.0
2021-01-05 09:43:35.160,0.075,0.0751,12.0,0.0747,10.0,5376.0,168.0
2021-01-05 09:43:35.610,0.075,0.0751,12.0,0.0747,10.0,5376.0,168.0
2021-01-05 09:43:36.071,0.075,0.0751,25.0,0.0747,10.0,5376.0,168.0
2021-01-05 09:43:36.661,0.075,0.0751,12.0,0.0747,10.0,5376.0,168.0
2021-01-05 09:43:37.631,0.075,0.0751,12.0,0.0746,32.0,5376.0,168.0
2021-01-05 09:43:38.221,0.075,0.0751,12.0,0.0746,32.0,5376.0,168.0
2021-01-05 09:43:38.680,0.075,0.0751,12.0,0.0746,32.0,5376.0,168.0
2021-01-05 09:43:39.241,0.075,0.0751,12.0,0.0746,32.0,5376.0,168.0
2021-01-05 09:43:39.700,0.075,0.0751,25.0,0.0746,20.0,5376.0,168.0
2021-01-05 09:43:40.230,0.075,0.0749,12.0,0.0746,20.0,5376.0,168.0
2021-01-05 09:43:40.731,0.075,0.0749,12.0,0.0747,10.0,5376.0,168.0
2021-01-05 09:43:41.231,0.075,0.0751,12.0,0.0747,10.0,5376.0,168.0
2021-01-05 09:43:41.671,0.075,0.0751,25.0,0.0746,20.0,5376.0,168.0
2021-01-05 09:43:42.191,0.075,0.0749,12.0,0.0747,10.0,5376.0,168.0
2021-01-05 09:43:42.741,0.075,0.0751,12.0,0.0747,10.0,5376.0,168.0
2021-01-05 09:43:43.231,0.075,0.0751,12.0,0.0747,10.0,5376.0,168.0
2021-01-05 09:43:43.711,0.075,0.0751,12.0,0.0747,10.0,5376.0,168.0
2021-01-05 09:43:44.251,0.075,0.0751,12.0,0.0747,10.0,5376.0,168.0
2021-01-05 09:43:44.670,0.075,0.0751,12.0,0.0747,10.0,5376.0,168.0
2021-01-05 09:43:45.221,0.075,0.0751,12.0,0.0747,10.0,5376.0,168.0
2021-01-05 09:43:45.720,0.075,0.0751,12.0,0.0747,10.0,5376.0,168.0
2021-01-05 09:43:46.051,0.075,0.0751,12.0,0.0744,10.0,5376.0,168.0
2021-01-05 09:43:46.710,0.075,0.075,12.0,0.0746,22.0,5376.0,168.0
2021-01-05 09:43:47.250,0.075,0.0751,12.0,0.0746,10.0,5376.0,168.0
2021-01-05 09:43:47.661,0.075,0.075,12.0,0.0746,10.0,5376.0,168.0
2021-01-05 09:43:48.220,0.075,0.0749,12.0,0.0746,10.0,5376.0,168.0
2021-01-05 09:43:48.641,0.075,0.075,12.0,0.0746,10.0,5376.0,168.0
2021-01-05 09:43:49.061,0.075,0.0751,12.0,0.0746,10.0,5376.0,168.0
2021-01-05 09:43:49.511,0.075,0.075,12.0,0.0746,10.0,5376.0,168.0
2021-01-05 09:43:50.110,0.075,0.0749,12.0,0.0746,10.0,5376.0,168.0
2021-01-05 09:43:50.721,0.075,0.075,12.0,0.0746,22.0,5376.0,168.0
2021-01-05 09:43:50.721,0.075,0.0751,10.0,0.0747,12.0,5376.0,168.0
2021-01-05 09:43:51.660,0.075,0.0749,12.0,0.0746,10.0,5376.0,168.0
2021-01-05 09:43:52.200,0.075,0.0749,12.0,0.0745,42.0,5376.0,168.0
2021-01-05 09:43:52.681,0.075,0.0749,12.0,0.0746,10.0,5376.0,168.0
2021-01-05 09:43:53.201,0.075,0.0749,12.0,0.0745,42.0,5376.0,168.0
2021-01-05 09:43:53.610,0.075,0.0749,12.0,0.0746,10.0,5376.0,168.0
2021-01-05 09:43:53.931,0.075,0.075,10.0,0.0747,12.0,5376.0,168.0
2021-01-05 09:43:54.680,0.075,0.0751,22.0,0.0747,12.0,5376.0,168.0
2021-01-05 09:43:54.980,0.075,0.0751,35.0,0.0747,12.0,5376.0,168.0
2021-01-05 09:43:55.660,0.075,0.0751,35.0,0.0747,12.0,5376.0,168.0
2021-01-05 09:43:56.200,0.075,0.0751,22.0,0.0747,12.0,5376.0,168.0
2021-01-05 09:43:56.721,0.075,0.075,13.0,0.0747,12.0,5376.0,168.0
2021-01-05 09:43:57.130,0.075,0.075,23.0,0.0747,12.0,5376.0,168.0
2021-01-05 09:43:57.650,0.075,0.075,22.0,0.0745,32.0,5376.0,168.0
2021-01-05 09:43:59.170,0.075,0.075,32.0,0.0745,32.0,5376.0,168.0
2021-01-05 09:44:00.131,0.075,0.0748,12.0,0.0745,20.0,5376.0,168.0
2021-01-05 09:44:00.561,0.075,0.0749,10.0,0.0747,12.0,5376.0,168.0
2021-01-05 09:44:01.160,0.075,0.075,10.0,0.0747,12.0,5376.0,168.0
2021-01-05 09:44:01.621,0.075,0.075,10.0,0.0747,12.0,5376.0,168.0
2021-01-05 09:44:02.031,0.075,0.075,10.0,0.0747,12.0,5376.0,168.0
2021-01-05 09:44:02.711,0.075,0.075,10.0,0.0746,12.0,5376.0,168.0
2021-01-05 09:44:03.241,0.075,0.075,10.0,0.0747,12.0,5376.0,168.0
2021-01-05 09:44:03.750,0.075,0.0751,10.0,0.0746,12.0,5376.0,168.0
2021-01-05 09:44:04.230,0.075,0.0751,10.0,0.0746,12.0,5376.0,168.0
2021-01-05 09:44:04.720,0.075,0.0752,10.0,0.0745,10.0,5376.0,168.0
2021-01-05 09:44:05.260,0.075,0.0752,10.0,0.0745,30.0,5376.0,168.0
2021-01-05 09:44:05.750,0.075,0.075,12.0,0.0745,12.0,5376.0,168.0
2021-01-05 09:44:06.261,0.075,0.0752,10.0,0.0745,20.0,5376.0,168.0
2021-01-05 09:44:06.770,0.075,0.0751,13.0,0.0747,12.0,5376.0,168.0
2021-01-05 09:44:07.281,0.075,0.0749,12.0,0.0745,10.0,5376.0,168.0
2021-01-05 09:44:07.750,0.075,0.0749,12.0,0.0744,10.0,5376.0,168.0
2021-01-05 09:44:08.230,0.075,0.0749,12.0,0.0744,10.0,5376.0,168.0
2021-01-05 09:44:08.760,0.075,0.0749,12.0,0.0744,12.0,5376.0,168.0
2021-01-05 09:44:09.050,0.075,0.075,22.0,0.0745,12.0,5376.0,168.0
2021-01-05 09:44:09.780,0.075,0.075,22.0,0.0745,12.0,5376.0,168.0
2021-01-05 09:44:10.781,0.075,0.075,22.0,0.0745,12.0,5376.0,168.0
2021-01-05 09:44:11.271,0.075,0.0749,10.0,0.0743,12.0,5376.0,168.0
2021-01-05 09:44:11.770,0.075,0.075,10.0,0.0743,12.0,5376.0,168.0
2021-01-05 09:44:12.270,0.075,0.075,23.0,0.0744,12.0,5376.0,168.0
2021-01-05 09:44:12.781,0.075,0.075,13.0,0.0743,12.0,5376.0,168.0
2021-01-05 09:44:13.230,0.075,0.0749,10.0,0.0743,12.0,5376.0,168.0
2021-01-05 09:44:13.770,0.075,0.0749,10.0,0.0743,12.0,5376.0,168.0
2021-01-05 09:44:14.781,0.075,0.075,32.0,0.0743,12.0,5376.0,168.0
2021-01-05 09:44:15.280,0.075,0.075,45.0,0.0743,12.0,5376.0,168.0
2021-01-05 09:44:17.280,0.075,0.075,32.0,0.0743,12.0,5376.0,168.0
2021-01-05 09:44:17.770,0.075,0.075,20.0,0.0743,12.0,5376.0,168.0
2021-01-05 09:44:18.231,0.075,0.0748,12.0,0.0743,12.0,5376.0,168.0
2021-01-05 09:44:19.261,0.075,0.0748,12.0,0.0741,12.0,5376.0,168.0
2021-01-05 09:44:19.801,0.075,0.0749,22.0,0.0742,12.0,5376.0,168.0
2021-01-05 09:44:20.271,0.075,0.0749,23.0,0.0743,12.0,5376.0,168.0
2021-01-05 09:44:20.640,0.075,0.0747,12.0,0.0742,12.0,5376.0,168.0
2021-01-05 09:44:21.270,0.075,0.075,20.0,0.0742,10.0,5376.0,168.0
2021-01-05 09:44:21.760,0.075,0.075,20.0,0.0743,12.0,5376.0,168.0
2021-01-05 09:44:22.131,0.075,0.075,33.0,0.0743,12.0,5376.0,168.0
2021-01-05 09:44:22.661,0.075,0.075,33.0,0.0744,12.0,5376.0,168.0
2021-01-05 09:44:25.660,0.075,0.075,23.0,0.0744,22.0,5376.0,168.0
2021-01-05 09:44:26.201,0.075,0.075,35.0,0.0746,12.0,5376.0,168.0
2021-01-05 09:44:26.701,0.075,0.075,35.0,0.0746,12.0,5376.0,168.0
2021-01-05 09:44:27.201,0.075,0.075,23.0,0.0746,12.0,5376.0,168.0
2021-01-05 09:44:27.710,0.075,0.075,35.0,0.0746,12.0,5376.0,168.0
2021-01-05 09:44:29.200,0.075,0.075,23.0,0.0746,12.0,5376.0,168.0
2021-01-05 09:44:29.631,0.075,0.075,10.0,0.0746,12.0,5376.0,168.0
2021-01-05 09:44:30.201,0.075,0.075,10.0,0.0746,12.0,5376.0,168.0
2021-01-05 09:44:30.720,0.075,0.075,13.0,0.0746,12.0,5376.0,168.0
2021-01-05 09:44:31.231,0.075,0.075,13.0,0.0746,12.0,5376.0,168.0
2021-01-05 09:44:32.220,0.075,0.0751,32.0,0.0746,12.0,5376.0,168.0
2021-01-05 09:44:32.691,0.075,0.0751,45.0,0.0746,12.0,5376.0,168.0
2021-01-05 09:44:33.231,0.075,0.0751,22.0,0.0746,12.0,5376.0,168.0
2021-01-05 09:44:33.730,0.075,0.0751,35.0,0.0746,12.0,5376.0,168.0
2021-01-05 09:44:34.141,0.075,0.0751,22.0,0.0746,12.0,5376.0,168.0
2021-01-05 09:44:34.520,0.075,0.075,13.0,0.0746,12.0,5376.0,168.0
2021-01-05 09:44:35.740,0.075,0.075,25.0,0.0745,12.0,5376.0,168.0
2021-01-05 09:44:36.220,0.075,0.075,25.0,0.0745,22.0,5376.0,168.0
2021-01-05 09:44:36.741,0.075,0.075,25.0,0.0745,12.0,5376.0,168.0
2021-01-05 09:44:37.240,0.075,0.075,25.0,0.0745,12.0,5376.0,168.0
2021-01-05 09:44:37.751,0.075,0.075,13.0,0.0746,12.0,5376.0,168.0
2021-01-05 09:44:38.201,0.075,0.075,25.0,0.0745,12.0,5376.0,168.0
2021-01-05 09:44:38.731,0.075,0.075,25.0,0.0745,12.0,5376.0,168.0
2021-01-05 09:44:39.661,0.075,0.075,13.0,0.0746,12.0,5376.0,168.0
2021-01-05 09:44:40.250,0.075,0.0751,22.0,0.0746,12.0,5376.0,168.0
2021-01-05 09:44:40.740,0.075,0.075,13.0,0.0746,12.0,5376.0,168.0
2021-01-05 09:44:41.730,0.075,0.075,13.0,0.0746,12.0,5376.0,168.0
2021-01-05 09:44:42.250,0.075,0.075,13.0,0.0746,12.0,5376.0,168.0
2021-01-05 09:44:43.251,0.075,0.075,13.0,0.0746,12.0,5376.0,168.0
2021-01-05 09:44:44.260,0.075,0.0749,12.0,0.0745,12.0,5376.0,168.0
2021-01-05 09:44:44.761,0.075,0.0751,20.0,0.0745,12.0,5376.0,168.0
2021-01-05 09:44:45.261,0.075,0.0749,12.0,0.0745,12.0,5376.0,168.0
2021-01-05 09:44:45.280,0.075,0.0748,10.0,0.0741,10.0,5376.0,168.0
2021-01-05 09:44:46.271,0.075,0.0749,10.0,0.0743,22.0,5376.0,168.0
2021-01-05 09:44:46.390,0.075,0.0749,45.0,0.0745,12.0,5376.0,168.0
2021-01-05 09:44:47.251,0.075,0.0748,10.0,0.0743,12.0,5376.0,168.0
2021-01-05 09:44:47.770,0.075,0.0749,20.0,0.0743,12.0,5376.0,168.0
2021-01-05 09:44:48.271,0.075,0.0749,33.0,0.0743,12.0,5376.0,168.0
2021-01-05 09:44:48.780,0.075,0.0748,12.0,0.0743,12.0,5376.0,168.0
2021-01-05 09:44:49.270,0.075,0.0748,12.0,0.0743,12.0,5376.0,168.0
2021-01-05 09:44:49.800,0.075,0.0748,12.0,0.0743,12.0,5376.0,168.0
2021-01-05 09:44:50.300,0.075,0.0748,10.0,0.074,10.0,5376.0,168.0
2021-01-05 09:44:50.811,0.075,0.0748,35.0,0.0741,10.0,5376.0,168.0
2021-01-05 09:44:51.231,0.075,0.0748,23.0,0.074,10.0,5376.0,168.0
2021-01-05 09:44:51.650,0.075,0.0748,35.0,0.0744,10.0,5376.0,168.0
2021-01-05 09:44:52.311,0.075,0.0747,12.0,0.0744,10.0,5376.0,168.0
2021-01-05 09:44:52.711,0.075,0.0746,12.0,0.0744,10.0,5376.0,168.0
2021-01-05 09:44:53.201,0.075,0.0747,12.0,0.0744,10.0,5376.0,168.0
2021-01-05 09:44:53.621,0.075,0.0747,12.0,0.0744,10.0,5376.0,168.0
2021-01-05 09:44:54.201,0.075,0.0748,20.0,0.0744,22.0,5376.0,168.0
2021-01-05 09:44:54.720,0.075,0.0748,33.0,0.0744,22.0,5376.0,168.0
2021-01-05 09:44:55.150,0.075,0.0748,33.0,0.0745,12.0,5376.0,168.0
2021-01-05 09:44:55.700,0.075,0.0748,33.0,0.0745,12.0,5376.0,168.0
2021-01-05 09:44:56.220,0.075,0.0746,12.0,0.0743,10.0,5376.0,168.0
2021-01-05 09:44:56.720,0.075,0.0746,12.0,0.0744,10.0,5376.0,168.0
2021-01-05 09:44:57.160,0.075,0.0746,12.0,0.0744,10.0,5376.0,168.0
2021-01-05 09:44:57.431,0.075,0.0746,12.0,0.0744,10.0,5376.0,168.0
2021-01-05 09:44:58.120,0.075,0.0746,12.0,0.0744,10.0,5376.0,168.0
2021-01-05 09:44:58.720,0.075,0.0746,12.0,0.0744,10.0,5376.0,168.0
2021-01-05 09:44:59.190,0.075,0.0747,22.0,0.0744,10.0,5376.0,168.0
2021-01-05 09:44:59.711,0.075,0.0751,20.0,0.0744,22.0,5376.0,168.0
2021-01-05 09:45:00.061,0.075,0.075,13.0,0.0744,22.0,5376.0,168.0
2021-01-05 09:45:00.591,0.075,0.0748,12.0,0.0744,10.0,5376.0,168.0
2021-01-05 09:45:01.221,0.075,0.0748,12.0,0.0744,10.0,5376.0,168.0
2021-01-05 09:45:01.680,0.075,0.0747,12.0,0.0744,10.0,5376.0,168.0
2021-01-05 09:45:02.061,0.075,0.075,20.0,0.0746,12.0,5376.0,168.0
2021-01-05 09:45:02.710,0.075,0.0749,13.0,0.0744,10.0,5376.0,168.0
2021-01-05 09:45:03.190,0.075,0.0749,13.0,0.0744,10.0,5376.0,168.0
2021-01-05 09:45:03.680,0.075,0.0749,25.0,0.0744,22.0,5376.0,168.0
2021-01-05 09:45:04.191,0.075,0.0749,25.0,0.0744,22.0,5376.0,168.0
2021-01-05 09:45:05.221,0.075,0.0749,25.0,0.0744,22.0,5376.0,168.0
2021-01-05 09:45:05.720,0.075,0.0749,25.0,0.0744,22.0,5376.0,168.0
2021-01-05 09:45:06.220,0.075,0.0749,25.0,0.0744,22.0,5376.0,168.0
2021-01-05 09:45:07.130,0.075,0.0747,12.0,0.0744,10.0,5376.0,168.0
2021-01-05 09:45:07.720,0.075,0.0747,12.0,0.0743,22.0,5376.0,168.0
2021-01-05 09:45:08.181,0.075,0.0747,13.0,0.0742,12.0,5376.0,168.0
2021-01-05 09:45:09.190,0.075,0.0748,25.0,0.0744,12.0,5376.0,168.0
2021-01-05 09:45:09.720,0.075,0.0746,12.0,0.0742,10.0,5376.0,168.0
2021-01-05 09:45:10.200,0.075,0.0746,12.0,0.074,10.0,5376.0,168.0
2021-01-05 09:45:10.700,0.075,0.0745,12.0,0.074,10.0,5376.0,168.0
2021-01-05 09:45:11.091,0.075,0.0746,12.0,0.074,10.0,5376.0,168.0
2021-01-05 09:45:11.720,0.075,0.0745,12.0,0.074,22.0,5376.0,168.0
2021-01-05 09:45:12.150,0.075,0.0745,12.0,0.074,22.0,5376.0,168.0
2021-01-05 09:45:12.701,0.075,0.0745,12.0,0.074,10.0,5376.0,168.0
2021-01-05 09:45:13.220,0.075,0.0746,10.0,0.074,10.0,5376.0,168.0
2021-01-05 09:45:13.681,0.075,0.0745,12.0,0.0741,12.0,5376.0,168.0
2021-01-05 09:45:14.181,0.075,0.0745,12.0,0.0741,22.0,5376.0,168.0
2021-01-05 09:45:15.230,0.075,0.0745,12.0,0.0741,10.0,5376.0,168.0
2021-01-05 09:45:15.721,0.075,0.0744,12.0,0.0741,10.0,5376.0,168.0
2021-01-05 09:45:16.230,0.075,0.0744,12.0,0.0741,10.0,5376.0,168.0
2021-01-05 09:45:16.741,0.075,0.0746,12.0,0.0742,12.0,5376.0,168.0
2021-01-05 09:45:17.220,0.075,0.0746,22.0,0.0742,12.0,5376.0,168.0
2021-01-05 09:45:17.731,0.075,0.0746,12.0,0.0742,12.0,5376.0,168.0
2021-01-05 09:45:18.691,0.075,0.0745,12.0,0.0741,22.0,5376.0,168.0
2021-01-05 09:45:19.191,0.075,0.0745,12.0,0.0741,10.0,5376.0,168.0
2021-01-05 09:45:20.741,0.075,0.0745,12.0,0.0741,10.0,5376.0,168.0
2021-01-05 09:45:21.191,0.075,0.0745,22.0,0.0741,10.0,5376.0,168.0
2021-01-05 09:45:21.731,0.075,0.0745,22.0,0.074,12.0,5376.0,168.0
2021-01-05 09:45:22.240,0.075,0.0745,12.0,0.0741,12.0,5376.0,168.0
2021-01-05 09:45:22.710,0.075,0.0745,22.0,0.074,12.0,5376.0,168.0
2021-01-05 09:45:23.160,0.075,0.0745,22.0,0.074,12.0,5376.0,168.0
2021-01-05 09:45:23.671,0.075,0.0745,22.0,0.074,12.0,5376.0,168.0
2021-01-05 09:45:24.701,0.075,0.0743,12.0,0.0739,10.0,5376.0,168.0
2021-01-05 09:45:25.131,0.075,0.0745,10.0,0.0739,10.0,5376.0,168.0
2021-01-05 09:45:25.590,0.075,0.0745,10.0,0.0741,12.0,5376.0,168.0
2021-01-05 09:45:26.220,0.075,0.0745,10.0,0.0741,12.0,5376.0,168.0
2021-01-05 09:45:26.681,0.075,0.0745,10.0,0.0741,12.0,5376.0,168.0
2021-01-05 09:45:27.211,0.075,0.0745,10.0,0.0741,12.0,5376.0,168.0
2021-01-05 09:45:27.711,0.075,0.0745,10.0,0.0741,12.0,5376.0,168.0
2021-01-05 09:45:28.550,0.075,0.0745,10.0,0.0741,12.0,5376.0,168.0
2021-01-05 09:45:29.140,0.075,0.0745,22.0,0.074,12.0,5376.0,168.0
2021-01-05 09:45:30.210,0.075,0.0744,12.0,0.0739,12.0,5376.0,168.0
2021-01-05 09:45:30.710,0.075,0.0743,12.0,0.0736,10.0,5376.0,168.0
2021-01-05 09:45:31.211,0.075,0.0742,12.0,0.0735,13.0,5376.0,168.0
2021-01-05 09:45:31.680,0.075,0.0742,12.0,0.0735,26.0,5376.0,168.0
2021-01-05 09:45:32.160,0.075,0.0742,10.0,0.0737,12.0,5376.0,168.0
2021-01-05 09:45:32.690,0.075,0.0742,10.0,0.0737,12.0,5376.0,168.0
2021-01-05 09:45:33.670,0.075,0.0742,10.0,0.0737,12.0,5376.0,168.0
2021-01-05 09:45:34.220,0.075,0.0742,10.0,0.0737,12.0,5376.0,168.0
2021-01-05 09:45:35.190,0.075,0.0742,10.0,0.0737,12.0,5376.0,168.0
2021-01-05 09:45:35.651,0.075,0.0742,10.0,0.0737,12.0,5376.0,168.0
2021-01-05 09:45:36.240,0.075,0.0742,10.0,0.0737,22.0,5376.0,168.0
2021-01-05 09:45:36.730,0.075,0.0742,10.0,0.0737,10.0,5376.0,168.0
2021-01-05 09:45:37.241,0.075,0.0742,10.0,0.0738,12.0,5376.0,168.0
2021-01-05 09:45:37.731,0.075,0.0741,12.0,0.0737,32.0,5376.0,168.0
2021-01-05 09:45:38.240,0.075,0.0742,10.0,0.0739,12.0,5376.0,168.0
2021-01-05 09:45:38.721,0.075,0.0742,10.0,0.0739,12.0,5376.0,168.0
2021-01-05 09:45:39.210,0.075,0.0743,10.0,0.0739,12.0,5376.0,168.0
2021-01-05 09:45:39.700,0.075,0.0743,10.0,0.0739,12.0,5376.0,168.0
2021-01-05 09:45:40.240,0.075,0.0744,42.0,0.0739,12.0,5376.0,168.0
2021-01-05 09:45:41.220,0.075,0.0744,30.0,0.0739,12.0,5376.0,168.0
2021-01-05 09:45:42.240,0.075,0.0744,30.0,0.0739,12.0,5376.0,168.0
2021-01-05 09:45:42.711,0.075,0.0744,20.0,0.0739,12.0,5376.0,168.0
2021-01-05 09:45:43.220,0.075,0.0744,30.0,0.0739,12.0,5376.0,168.0
2021-01-05 09:45:43.710,0.075,0.0744,30.0,0.0739,12.0,5376.0,168.0
2021-01-05 09:45:44.201,0.075,0.0745,10.0,0.0739,12.0,5376.0,168.0
2021-01-05 09:45:44.691,0.075,0.0745,10.0,0.074,12.0,5376.0,168.0
2021-01-05 09:45:45.220,0.075,0.0744,22.0,0.074,12.0,5376.0,168.0
2021-01-05 09:45:45.681,0.075,0.0745,10.0,0.0739,12.0,5376.0,168.0
2021-01-05 09:45:46.240,0.075,0.0744,10.0,0.074,12.0,5376.0,168.0
2021-01-05 09:45:46.751,0.075,0.0745,22.0,0.074,12.0,5376.0,168.0
2021-01-05 09:45:47.241,0.075,0.0744,10.0,0.074,12.0,5376.0,168.0
2021-01-05 09:45:47.731,0.075,0.0744,10.0,0.074,12.0,5376.0,168.0
2021-01-05 09:45:48.741,0.075,0.0745,22.0,0.074,12.0,5376.0,168.0
2021-01-05 09:45:49.221,0.075,0.0745,22.0,0.074,12.0,5376.0,168.0
2021-01-05 09:45:50.251,0.075,0.0745,22.0,0.074,12.0,5376.0,168.0
2021-01-05 09:45:50.750,0.075,0.0744,10.0,0.0738,10.0,5376.0,168.0
2021-01-05 09:45:51.221,0.075,0.0744,10.0,0.0738,10.0,5376.0,168.0
2021-01-05 09:45:51.371,0.075,0.0744,10.0,0.074,12.0,5376.0,168.0
2021-01-05 09:45:52.641,0.075,0.0744,30.0,0.0738,10.0,5376.0,168.0
2021-01-05 09:45:53.211,0.075,0.0742,12.0,0.0738,10.0,5376.0,168.0
2021-01-05 09:45:53.711,0.075,0.0742,12.0,0.0737,20.0,5376.0,168.0
2021-01-05 09:45:54.151,0.075,0.0742,12.0,0.0737,33.0,5376.0,168.0
2021-01-05 09:45:54.710,0.075,0.0742,12.0,0.0737,23.0,5376.0,168.0
2021-01-05 09:45:55.230,0.075,0.0744,20.0,0.0739,12.0,5376.0,168.0
2021-01-05 09:45:55.711,0.075,0.0744,20.0,0.0739,12.0,5376.0,168.0
2021-01-05 09:45:56.120,0.075,0.0742,12.0,0.0737,33.0,5376.0,168.0
2021-01-05 09:45:56.631,0.075,0.0743,12.0,0.0738,12.0,5376.0,168.0
2021-01-05 09:45:57.651,0.075,0.0743,12.0,0.0738,12.0,5376.0,168.0
2021-01-05 09:45:58.231,0.075,0.0743,12.0,0.0739,10.0,5376.0,168.0
2021-01-05 09:45:58.711,0.075,0.0742,12.0,0.0737,23.0,5376.0,168.0
2021-01-05 09:45:59.230,0.075,0.0742,12.0,0.0738,10.0,5376.0,168.0
2021-01-05 09:45:59.680,0.075,0.0744,20.0,0.074,12.0,5376.0,168.0
2021-01-05 09:45:59.931,0.075,0.0742,12.0,0.0738,12.0,5376.0,168.0
2021-01-05 09:46:00.730,0.075,0.0742,12.0,0.0737,10.0,5376.0,168.0
2021-01-05 09:46:01.180,0.075,0.0743,12.0,0.0737,10.0,5376.0,168.0
2021-01-05 09:46:02.221,0.075,0.0743,12.0,0.0739,12.0,5376.0,168.0
2021-01-05 09:46:02.711,0.075,0.0743,10.0,0.0739,12.0,5376.0,168.0
2021-01-05 09:46:03.120,0.075,0.0744,20.0,0.0738,10.0,5376.0,168.0
2021-01-05 09:46:03.731,0.075,0.0742,12.0,0.0738,10.0,5376.0,168.0
2021-01-05 09:46:03.731,0.075,0.0742,12.0,0.0737,22.0,5376.0,168.0
2021-01-05 09:46:05.691,0.075,0.0742,32.0,0.0737,22.0,5376.0,168.0
2021-01-05 09:46:06.221,0.075,0.0742,32.0,0.0737,22.0,5376.0,168.0
2021-01-05 09:46:06.690,0.075,0.0741,12.0,0.0736,22.0,5376.0,168.0
2021-01-05 09:46:07.231,0.075,0.0741,12.0,0.0736,22.0,5376.0,168.0
2021-01-05 09:46:08.121,0.075,0.0741,12.0,0.0736,22.0,5376.0,168.0
