,last,ask1,asize1,bid1,bsize1,oi,volume
2021-01-05 09:20:13.840,0.2,0.2,1.0,0.2,1.0,13071.0,
2021-01-05 09:21:35.321,0.2,0.2,2.0,0.2,2.0,13071.0,
2021-01-05 09:24:12.871,0.1979,0.1979,2.0,0.1979,2.0,13071.0,
2021-01-05 09:24:31.200,0.1978,0.1978,2.0,0.1978,2.0,13071.0,
2021-01-05 09:24:52.651,0.1961,0.1961,2.0,0.1961,2.0,13071.0,
2021-01-05 09:24:58.171,0.1961,0.1961,3.0,0.1961,3.0,13071.0,
2021-01-05 09:24:58.680,0.1954,0.1954,5.0,0.1954,5.0,13071.0,
2021-01-05 09:24:59.681,0.1954,0.1954,5.0,0.1954,5.0,13071.0,
2021-01-05 09:25:00.080,0.1954,0.1954,1.0,0.195,1.0,13070.0,5.0
2021-01-05 09:30:00.451,0.192,0.1935,1.0,0.191,20.0,13074.0,11.0
2021-01-05 09:30:00.991,0.19,0.1921,20.0,0.1888,1.0,13078.0,46.0
2021-01-05 09:30:01.481,0.1888,0.1921,20.0,0.1888,1.0,13079.0,48.0
2021-01-05 09:30:01.990,0.1888,0.1917,20.0,0.188,2.0,13079.0,49.0
2021-01-05 09:30:02.511,0.188,0.191,20.0,0.187,1.0,13081.0,51.0
2021-01-05 09:30:03.471,0.188,0.192,20.0,0.187,21.0,13081.0,51.0
2021-01-05 09:30:03.980,0.192,0.192,15.0,0.187,21.0,13086.0,56.0
2021-01-05 09:30:04.430,0.192,0.1914,20.0,0.187,21.0,13086.0,56.0
2021-01-05 09:30:05.010,0.192,0.1904,20.0,0.187,1.0,13086.0,56.0
2021-01-05 09:30:05.481,0.1904,0.1903,3.0,0.187,1.0,13091.0,61.0
2021-01-05 09:30:05.990,0.1904,0.1898,20.0,0.187,1.0,13091.0,61.0
2021-01-05 09:30:06.480,0.187,0.187,1.0,0.1852,20.0,13092.0,62.0
2021-01-05 09:30:06.971,0.187,0.187,21.0,0.185,1.0,13092.0,62.0
2021-01-05 09:30:07.471,0.187,0.1869,3.0,0.185,1.0,13092.0,62.0
2021-01-05 09:30:08.001,0.187,0.187,21.0,0.185,1.0,13092.0,62.0
2021-01-05 09:30:08.520,0.187,0.1869,3.0,0.185,1.0,13092.0,62.0
2021-01-05 09:30:08.960,0.187,0.187,20.0,0.185,1.0,13092.0,63.0
2021-01-05 09:30:09.490,0.187,0.1869,3.0,0.185,1.0,13092.0,63.0
2021-01-05 09:30:09.970,0.1869,0.1869,18.0,0.185,1.0,13097.0,68.0
2021-01-05 09:30:10.501,0.185,0.1876,20.0,0.184,2.0,13098.0,69.0
2021-01-05 09:30:11.000,0.1872,0.1872,19.0,0.184,2.0,13099.0,70.0
2021-01-05 09:30:11.521,0.1872,0.1872,20.0,0.184,2.0,13099.0,70.0
2021-01-05 09:30:11.980,0.1872,0.187,20.0,0.184,2.0,13099.0,70.0
2021-01-05 09:30:13.000,0.184,0.184,18.0,0.1836,20.0,13101.0,75.0
2021-01-05 09:30:13.390,0.184,0.186,20.0,0.182,23.0,13129.0,103.0
2021-01-05 09:30:13.941,0.184,0.184,24.0,0.182,23.0,13133.0,107.0
2021-01-05 09:30:14.521,0.184,0.184,20.0,0.182,23.0,13133.0,117.0
2021-01-05 09:30:14.971,0.184,0.184,48.0,0.182,23.0,13133.0,122.0
2021-01-05 09:30:15.520,0.184,0.184,28.0,0.1823,20.0,13153.0,142.0
2021-01-05 09:30:15.991,0.184,0.184,28.0,0.182,23.0,13153.0,142.0
2021-01-05 09:30:16.531,0.184,0.183,5.0,0.182,23.0,13153.0,162.0
2021-01-05 09:30:17.021,0.1866,0.188,20.0,0.182,23.0,13167.0,176.0
2021-01-05 09:30:17.641,0.1866,0.1885,20.0,0.1824,20.0,13167.0,176.0
2021-01-05 09:30:18.231,0.1866,0.1894,20.0,0.1833,20.0,13167.0,176.0
2021-01-05 09:30:18.750,0.1866,0.1885,20.0,0.1833,20.0,13167.0,176.0
2021-01-05 09:30:19.241,0.1866,0.1893,20.0,0.1835,20.0,13167.0,176.0
2021-01-05 09:30:19.741,0.1866,0.1892,3.0,0.1838,20.0,13167.0,176.0
2021-01-05 09:30:20.231,0.1866,0.1898,20.0,0.1838,20.0,13167.0,176.0
2021-01-05 09:30:20.740,0.1866,0.1891,6.0,0.1833,20.0,13167.0,176.0
2021-01-05 09:30:21.241,0.1866,0.1891,6.0,0.183,25.0,13167.0,176.0
2021-01-05 09:30:21.741,0.1866,0.1838,51.0,0.1835,20.0,13167.0,176.0
2021-01-05 09:30:22.240,0.1838,0.1838,7.0,0.183,25.0,13220.0,229.0
2021-01-05 09:30:22.671,0.1838,0.1838,12.0,0.183,25.0,13248.0,257.0
2021-01-05 09:30:23.170,0.1838,0.1838,3.0,0.183,25.0,13264.0,273.0
2021-01-05 09:30:24.140,0.1838,0.1838,3.0,0.183,25.0,13264.0,273.0
2021-01-05 09:30:24.661,0.1838,0.1862,20.0,0.183,25.0,13264.0,276.0
2021-01-05 09:30:25.160,0.1838,0.1861,6.0,0.183,25.0,13264.0,276.0
2021-01-05 09:30:25.671,0.1838,0.1861,26.0,0.1838,5.0,13264.0,276.0
2021-01-05 09:30:28.161,0.1838,0.1861,26.0,0.1838,6.0,13264.0,276.0
2021-01-05 09:30:29.150,0.1838,0.1861,26.0,0.1838,6.0,13264.0,276.0
2021-01-05 09:30:29.650,0.1838,0.1861,20.0,0.1838,6.0,13264.0,276.0
2021-01-05 09:30:30.151,0.1838,0.1861,20.0,0.1838,5.0,13265.0,277.0
2021-01-05 09:30:30.620,0.1838,0.1875,30.0,0.1838,5.0,13265.0,277.0
2021-01-05 09:30:31.121,0.1838,0.1875,30.0,0.1838,5.0,13265.0,277.0
2021-01-05 09:30:31.661,0.1838,0.1875,30.0,0.1838,5.0,13265.0,277.0
2021-01-05 09:30:32.140,0.1838,0.1875,30.0,0.1838,25.0,13265.0,277.0
2021-01-05 09:30:32.631,0.1875,0.1875,20.0,0.1838,25.0,13266.0,278.0
2021-01-05 09:30:33.671,0.1875,0.1884,30.0,0.1838,25.0,13266.0,278.0
2021-01-05 09:30:34.191,0.1875,0.1884,35.0,0.1838,25.0,13266.0,278.0
2021-01-05 09:30:34.670,0.1875,0.1884,30.0,0.1838,25.0,13266.0,278.0
2021-01-05 09:30:35.121,0.1875,0.1883,3.0,0.1838,25.0,13266.0,278.0
2021-01-05 09:30:36.170,0.1875,0.1882,20.0,0.1838,25.0,13266.0,278.0
2021-01-05 09:30:36.681,0.1838,0.1882,20.0,0.1838,14.0,13277.0,289.0
2021-01-05 09:30:37.171,0.1838,0.1882,20.0,0.183,25.0,13277.0,289.0
2021-01-05 09:30:37.670,0.1838,0.1838,16.0,0.183,25.0,13277.0,289.0
2021-01-05 09:30:38.141,0.1843,0.1838,26.0,0.183,20.0,13293.0,312.0
2021-01-05 09:30:38.700,0.1838,0.1838,34.0,0.1822,20.0,13293.0,313.0
2021-01-05 09:30:39.180,0.1838,0.1838,51.0,0.1822,20.0,13293.0,313.0
2021-01-05 09:30:39.570,0.1838,0.1838,76.0,0.182,23.0,13293.0,313.0
2021-01-05 09:30:40.170,0.1838,0.1838,51.0,0.182,23.0,13313.0,333.0
2021-01-05 09:30:40.690,0.182,0.1838,37.0,0.182,18.0,13318.0,338.0
2021-01-05 09:30:41.151,0.182,0.1838,25.0,0.1818,20.0,13318.0,338.0
2021-01-05 09:30:41.701,0.182,0.1853,20.0,0.1816,30.0,13318.0,338.0
2021-01-05 09:30:41.951,0.1838,0.1865,10.0,0.1801,1.0,13357.0,377.0
2021-01-05 09:30:42.550,0.18,0.1868,10.0,0.18,5.0,13369.0,389.0
2021-01-05 09:30:43.180,0.18,0.1868,10.0,0.1817,10.0,13369.0,389.0
2021-01-05 09:30:43.681,0.18,0.1885,10.0,0.1819,1.0,13369.0,389.0
2021-01-05 09:30:44.181,0.18,0.1884,3.0,0.1819,1.0,13369.0,389.0
2021-01-05 09:30:44.650,0.18,0.1883,20.0,0.1865,20.0,13369.0,389.0
2021-01-05 09:30:45.051,0.1865,0.1882,3.0,0.1844,20.0,13374.0,409.0
2021-01-05 09:30:45.710,0.1865,0.1882,6.0,0.1826,30.0,13374.0,409.0
2021-01-05 09:30:46.200,0.1865,0.1883,20.0,0.1826,20.0,13374.0,409.0
2021-01-05 09:30:47.191,0.1865,0.1885,30.0,0.1826,20.0,13374.0,409.0
2021-01-05 09:30:47.691,0.1865,0.1885,20.0,0.183,20.0,13374.0,409.0
2021-01-05 09:30:48.200,0.183,0.1889,30.0,0.183,10.0,13384.0,419.0
2021-01-05 09:30:49.210,0.183,0.1889,20.0,0.1828,20.0,13384.0,419.0
2021-01-05 09:30:49.700,0.183,0.1887,20.0,0.1828,20.0,13384.0,419.0
2021-01-05 09:30:50.720,0.183,0.1885,20.0,0.1828,20.0,13384.0,419.0
2021-01-05 09:30:52.221,0.183,0.1885,25.0,0.1828,20.0,13384.0,419.0
2021-01-05 09:30:52.651,0.183,0.1887,20.0,0.1828,20.0,13384.0,419.0
2021-01-05 09:30:53.120,0.183,0.1887,20.0,0.1828,30.0,13384.0,419.0
2021-01-05 09:30:54.130,0.183,0.1887,25.0,0.1828,30.0,13384.0,419.0
2021-01-05 09:30:54.670,0.183,0.1887,20.0,0.1828,30.0,13384.0,419.0
2021-01-05 09:30:55.081,0.183,0.1885,20.0,0.1834,10.0,13384.0,419.0
2021-01-05 09:30:55.671,0.183,0.1889,20.0,0.1834,30.0,13384.0,419.0
2021-01-05 09:30:56.170,0.183,0.1889,20.0,0.1834,30.0,13384.0,419.0
2021-01-05 09:30:56.660,0.183,0.1889,20.0,0.1834,30.0,13384.0,419.0
2021-01-05 09:30:58.091,0.183,0.1885,20.0,0.1834,30.0,13384.0,419.0
2021-01-05 09:30:59.171,0.183,0.1883,20.0,0.1842,22.0,13384.0,419.0
2021-01-05 09:31:00.681,0.183,0.1877,20.0,0.1842,2.0,13384.0,419.0
2021-01-05 09:31:01.140,0.183,0.1876,3.0,0.1842,2.0,13384.0,419.0
2021-01-05 09:31:01.680,0.1842,0.1876,6.0,0.184,1.0,13384.0,421.0
2021-01-05 09:31:02.170,0.184,0.1865,20.0,0.183,1.0,13385.0,422.0
2021-01-05 09:31:02.681,0.184,0.1871,20.0,0.183,1.0,13385.0,422.0
2021-01-05 09:31:03.131,0.1871,0.1864,6.0,0.183,1.0,13390.0,427.0
2021-01-05 09:31:03.680,0.1871,0.1863,1.0,0.183,1.0,13390.0,427.0
2021-01-05 09:31:04.181,0.1871,0.1863,1.0,0.183,1.0,13390.0,427.0
2021-01-05 09:31:04.671,0.1871,0.1863,1.0,0.183,1.0,13390.0,427.0
2021-01-05 09:31:05.190,0.1871,0.1862,3.0,0.183,1.0,13390.0,427.0
2021-01-05 09:31:05.670,0.1871,0.1861,1.0,0.183,1.0,13390.0,427.0
2021-01-05 09:31:06.160,0.1871,0.1861,1.0,0.183,1.0,13390.0,427.0
2021-01-05 09:31:06.681,0.1871,0.1861,1.0,0.183,1.0,13390.0,427.0
2021-01-05 09:31:07.190,0.1871,0.1861,1.0,0.183,1.0,13390.0,427.0
2021-01-05 09:31:07.670,0.1871,0.1861,1.0,0.184,1.0,13390.0,427.0
2021-01-05 09:31:08.200,0.184,0.1861,1.0,0.183,1.0,13391.0,428.0
2021-01-05 09:31:08.590,0.184,0.1861,1.0,0.183,21.0,13391.0,428.0
2021-01-05 09:31:09.101,0.184,0.1861,1.0,0.183,21.0,13391.0,428.0
2021-01-05 09:31:09.701,0.184,0.1863,20.0,0.183,21.0,13391.0,428.0
2021-01-05 09:31:10.200,0.184,0.1867,1.0,0.183,21.0,13391.0,428.0
2021-01-05 09:31:10.690,0.184,0.1867,1.0,0.183,21.0,13391.0,428.0
2021-01-05 09:31:11.170,0.184,0.1867,1.0,0.183,21.0,13391.0,428.0
2021-01-05 09:31:12.171,0.184,0.1866,3.0,0.183,21.0,13391.0,428.0
2021-01-05 09:31:12.621,0.184,0.1866,23.0,0.183,21.0,13391.0,428.0
2021-01-05 09:31:13.170,0.184,0.1866,23.0,0.183,21.0,13391.0,428.0
2021-01-05 09:31:14.200,0.184,0.1865,1.0,0.183,21.0,13391.0,428.0
2021-01-05 09:31:15.110,0.184,0.1865,6.0,0.1844,6.0,13391.0,428.0
2021-01-05 09:31:15.621,0.1844,0.1864,3.0,0.1835,20.0,13397.0,434.0
2021-01-05 09:31:16.180,0.1844,0.1863,1.0,0.183,21.0,13397.0,434.0
2021-01-05 09:31:16.711,0.1844,0.1863,1.0,0.183,21.0,13397.0,434.0
2021-01-05 09:31:17.710,0.1844,0.1863,1.0,0.1851,6.0,13397.0,434.0
2021-01-05 09:31:18.121,0.1851,0.1863,1.0,0.1851,3.0,13400.0,437.0
2021-01-05 09:31:18.720,0.1851,0.1863,1.0,0.1851,3.0,13400.0,437.0
2021-01-05 09:31:19.150,0.1851,0.1863,1.0,0.1851,3.0,13400.0,437.0
2021-01-05 09:31:19.721,0.1851,0.1863,1.0,0.1851,3.0,13400.0,437.0
2021-01-05 09:31:20.171,0.1851,0.1863,1.0,0.1851,3.0,13400.0,437.0
2021-01-05 09:31:20.701,0.187,0.187,18.0,0.1851,3.0,13400.0,440.0
2021-01-05 09:31:21.221,0.1851,0.1851,3.0,0.1841,20.0,13403.0,443.0
2021-01-05 09:31:21.671,0.1863,0.1863,15.0,0.1837,30.0,13411.0,451.0
2021-01-05 09:31:22.211,0.1863,0.1862,6.0,0.1837,10.0,13411.0,451.0
2021-01-05 09:31:22.620,0.1862,0.1876,20.0,0.1863,4.0,13417.0,457.0
2021-01-05 09:31:23.141,0.1857,0.1857,9.0,0.1848,1.0,13421.0,462.0
2021-01-05 09:31:23.621,0.1848,0.1857,29.0,0.1833,20.0,13422.0,463.0
2021-01-05 09:31:24.151,0.1848,0.1857,9.0,0.1833,20.0,13422.0,463.0
2021-01-05 09:31:24.620,0.1848,0.1857,29.0,0.1834,6.0,13422.0,463.0
2021-01-05 09:31:25.150,0.1848,0.1859,20.0,0.1851,1.0,13422.0,463.0
2021-01-05 09:31:25.630,0.1851,0.1863,24.0,0.1852,3.0,13423.0,464.0
2021-01-05 09:31:26.101,0.1852,0.1859,10.0,0.1849,4.0,13423.0,466.0
2021-01-05 09:31:26.681,0.1852,0.186,10.0,0.1853,1.0,13423.0,466.0
2021-01-05 09:31:27.060,0.1853,0.1853,1.0,0.1834,20.0,13424.0,467.0
2021-01-05 09:31:27.590,0.1853,0.1853,1.0,0.1835,3.0,13424.0,467.0
2021-01-05 09:31:28.091,0.1853,0.1853,1.0,0.185,4.0,13424.0,467.0
2021-01-05 09:31:28.520,0.185,0.1853,1.0,0.185,1.0,13424.0,470.0
2021-01-05 09:31:29.171,0.185,0.1853,1.0,0.185,1.0,13424.0,470.0
2021-01-05 09:31:29.910,0.1852,0.1861,20.0,0.1834,20.0,13425.0,471.0
2021-01-05 09:31:30.671,0.1852,0.1863,20.0,0.1851,11.0,13425.0,471.0
2021-01-05 09:31:31.101,0.1852,0.1863,30.0,0.1851,11.0,13425.0,471.0
2021-01-05 09:31:31.661,0.1852,0.1863,20.0,0.1851,11.0,13425.0,471.0
2021-01-05 09:31:32.191,0.1851,0.1862,10.0,0.1834,20.0,13436.0,482.0
2021-01-05 09:31:32.560,0.1851,0.1863,20.0,0.1853,3.0,13436.0,482.0
2021-01-05 09:31:33.190,0.1862,0.1862,1.0,0.1839,20.0,13440.0,486.0
2021-01-05 09:31:33.610,0.1862,0.1863,25.0,0.1851,8.0,13440.0,486.0
2021-01-05 09:31:34.181,0.1851,0.1863,20.0,0.1853,2.0,13443.0,489.0
2021-01-05 09:31:34.681,0.1851,0.1863,20.0,0.1834,20.0,13450.0,496.0
2021-01-05 09:31:35.190,0.1851,0.1863,20.0,0.185,1.0,13450.0,496.0
2021-01-05 09:31:35.670,0.1863,0.1862,10.0,0.1853,1.0,13450.0,506.0
2021-01-05 09:31:36.041,0.1853,0.1862,15.0,0.1834,20.0,13451.0,507.0
2021-01-05 09:31:36.680,0.1853,0.1853,1.0,0.1835,3.0,13451.0,507.0
2021-01-05 09:31:37.191,0.1853,0.1853,20.0,0.1835,3.0,13451.0,507.0
2021-01-05 09:31:37.620,0.1853,0.1853,5.0,0.185,4.0,13451.0,507.0
2021-01-05 09:31:38.190,0.1853,0.1856,20.0,0.1852,1.0,13451.0,512.0
2021-01-05 09:31:39.210,0.1834,0.1868,10.0,0.1853,1.0,13487.0,576.0
2021-01-05 09:31:39.710,0.1834,0.1867,13.0,0.1853,1.0,13487.0,576.0
2021-01-05 09:31:40.200,0.1834,0.1868,15.0,0.1859,7.0,13487.0,576.0
2021-01-05 09:31:40.711,0.1834,0.1874,23.0,0.1859,7.0,13487.0,576.0
2021-01-05 09:31:41.191,0.1834,0.1874,10.0,0.1859,7.0,13487.0,576.0
2021-01-05 09:31:41.691,0.1834,0.1874,20.0,0.1859,7.0,13487.0,576.0
2021-01-05 09:31:42.211,0.1834,0.1874,20.0,0.1859,7.0,13487.0,576.0
2021-01-05 09:31:43.191,0.1834,0.1873,10.0,0.1859,7.0,13487.0,576.0
2021-01-05 09:31:43.690,0.1834,0.1864,10.0,0.1859,7.0,13487.0,576.0
2021-01-05 09:31:44.190,0.1859,0.1864,30.0,0.1853,1.0,13494.0,583.0
2021-01-05 09:31:44.691,0.1859,0.186,10.0,0.1859,10.0,13494.0,583.0
2021-01-05 09:31:45.170,0.1859,0.1859,5.0,0.1853,1.0,13506.0,600.0
2021-01-05 09:31:45.700,0.1859,0.1859,4.0,0.1853,1.0,13506.0,601.0
2021-01-05 09:31:46.090,0.1859,0.1868,13.0,0.1859,1.0,13510.0,605.0
2021-01-05 09:31:46.701,0.1859,0.1871,20.0,0.1859,1.0,13510.0,605.0
2021-01-05 09:31:47.191,0.1859,0.1871,20.0,0.1859,1.0,13510.0,605.0
2021-01-05 09:31:47.690,0.1859,0.1871,20.0,0.1859,1.0,13510.0,605.0
2021-01-05 09:31:48.211,0.1859,0.1871,20.0,0.1864,1.0,13510.0,605.0
2021-01-05 09:31:48.670,0.1864,0.1871,20.0,0.1864,5.0,13509.0,606.0
2021-01-05 09:31:49.221,0.1864,0.1871,25.0,0.1865,1.0,13514.0,611.0
2021-01-05 09:31:49.711,0.1864,0.187,1.0,0.1865,1.0,13514.0,611.0
2021-01-05 09:31:50.191,0.1864,0.187,1.0,0.1866,3.0,13514.0,611.0
2021-01-05 09:31:50.710,0.187,0.1873,20.0,0.1866,3.0,13513.0,612.0
2021-01-05 09:31:51.210,0.187,0.1873,20.0,0.1871,1.0,13513.0,612.0
2021-01-05 09:31:51.701,0.187,0.1876,20.0,0.1871,1.0,13513.0,612.0
2021-01-05 09:31:52.191,0.187,0.1882,30.0,0.1872,1.0,13513.0,612.0
2021-01-05 09:31:52.621,0.187,0.1882,20.0,0.1872,1.0,13513.0,612.0
2021-01-05 09:31:53.171,0.187,0.1887,33.0,0.1873,1.0,13513.0,612.0
2021-01-05 09:31:53.630,0.187,0.1886,3.0,0.1873,1.0,13513.0,612.0
2021-01-05 09:31:54.151,0.187,0.1886,4.0,0.1879,1.0,13513.0,612.0
2021-01-05 09:31:54.641,0.1879,0.1886,4.0,0.1873,1.0,13514.0,613.0
2021-01-05 09:31:55.090,0.1879,0.1886,4.0,0.188,9.0,13514.0,613.0
2021-01-05 09:31:55.670,0.188,0.1886,4.0,0.188,4.0,13519.0,618.0
2021-01-05 09:31:56.110,0.188,0.1886,3.0,0.188,4.0,13519.0,618.0
2021-01-05 09:31:56.681,0.188,0.1886,3.0,0.188,4.0,13519.0,618.0
2021-01-05 09:31:58.171,0.188,0.1886,3.0,0.1871,11.0,13519.0,618.0
2021-01-05 09:31:58.640,0.1886,0.1887,20.0,0.1871,11.0,13517.0,620.0
2021-01-05 09:31:59.180,0.1886,0.1885,1.0,0.1872,1.0,13517.0,620.0
2021-01-05 09:31:59.660,0.1886,0.1885,1.0,0.1878,5.0,13517.0,620.0
2021-01-05 09:32:00.150,0.1886,0.1885,1.0,0.1878,5.0,13517.0,620.0
2021-01-05 09:32:00.561,0.1886,0.1885,20.0,0.1871,11.0,13517.0,620.0
2021-01-05 09:32:01.170,0.1886,0.189,13.0,0.1871,11.0,13517.0,620.0
2021-01-05 09:32:01.670,0.1886,0.1884,1.0,0.1874,13.0,13517.0,620.0
2021-01-05 09:32:02.171,0.1886,0.1883,3.0,0.1874,13.0,13517.0,620.0
2021-01-05 09:32:02.671,0.1886,0.1883,3.0,0.1871,1.0,13517.0,620.0
2021-01-05 09:32:03.180,0.1886,0.1883,16.0,0.1871,1.0,13517.0,620.0
2021-01-05 09:32:03.641,0.1886,0.1882,13.0,0.1872,1.0,13517.0,620.0
2021-01-05 09:32:04.150,0.1871,0.1882,34.0,0.186,20.0,13518.0,622.0
2021-01-05 09:32:04.630,0.1871,0.1881,13.0,0.1873,1.0,13518.0,622.0
2021-01-05 09:32:05.141,0.1871,0.1882,21.0,0.186,20.0,13518.0,622.0
2021-01-05 09:32:05.660,0.1871,0.1881,13.0,0.1856,10.0,13518.0,622.0
2021-01-05 09:32:06.161,0.1871,0.1881,14.0,0.1864,10.0,13518.0,622.0
2021-01-05 09:32:06.680,0.1871,0.1881,1.0,0.1865,3.0,13518.0,622.0
2021-01-05 09:32:07.070,0.1871,0.1881,21.0,0.1855,30.0,13518.0,622.0
2021-01-05 09:32:07.671,0.1871,0.1881,34.0,0.1855,30.0,13518.0,622.0
2021-01-05 09:32:08.171,0.1871,0.1881,21.0,0.1861,10.0,13518.0,622.0
2021-01-05 09:32:08.670,0.1871,0.1881,1.0,0.1861,10.0,13518.0,622.0
2021-01-05 09:32:09.141,0.1871,0.1881,1.0,0.1869,10.0,13518.0,622.0
2021-01-05 09:32:09.681,0.1881,0.1888,20.0,0.1869,10.0,13518.0,623.0
2021-01-05 09:32:10.161,0.1881,0.1888,3.0,0.1864,10.0,13518.0,623.0
2021-01-05 09:32:10.630,0.1881,0.1888,3.0,0.1864,10.0,13518.0,623.0
2021-01-05 09:32:11.170,0.1881,0.1888,36.0,0.1881,10.0,13518.0,623.0
2021-01-05 09:32:11.650,0.1881,0.1887,3.0,0.1864,10.0,13528.0,633.0
2021-01-05 09:32:12.161,0.1881,0.1877,1.0,0.1865,10.0,13528.0,633.0
2021-01-05 09:32:12.670,0.1881,0.1877,1.0,0.1865,10.0,13528.0,633.0
2021-01-05 09:32:13.171,0.1881,0.1877,1.0,0.1865,10.0,13528.0,633.0
2021-01-05 09:32:13.671,0.1881,0.1877,1.0,0.186,10.0,13528.0,633.0
2021-01-05 09:32:14.180,0.1881,0.1877,1.0,0.186,10.0,13528.0,633.0
2021-01-05 09:32:14.560,0.1881,0.1877,1.0,0.186,10.0,13528.0,633.0
2021-01-05 09:32:15.171,0.1881,0.1877,1.0,0.186,10.0,13528.0,633.0
2021-01-05 09:32:15.671,0.1881,0.1877,1.0,0.1865,10.0,13528.0,633.0
2021-01-05 09:32:16.151,0.1881,0.1877,1.0,0.1865,10.0,13528.0,633.0
2021-01-05 09:32:16.551,0.1881,0.1877,1.0,0.1874,14.0,13528.0,633.0
2021-01-05 09:32:17.161,0.1881,0.1877,1.0,0.1874,14.0,13528.0,633.0
2021-01-05 09:32:17.561,0.1881,0.1877,1.0,0.1865,10.0,13528.0,633.0
2021-01-05 09:32:18.130,0.1881,0.1876,13.0,0.1865,10.0,13528.0,633.0
2021-01-05 09:32:18.670,0.1883,0.1875,13.0,0.1865,10.0,13559.0,665.0
2021-01-05 09:32:18.990,0.1874,0.1874,4.0,0.1865,10.0,13568.0,675.0
2021-01-05 09:32:19.640,0.1879,0.1886,1.0,0.1875,1.0,13594.0,701.0
2021-01-05 09:32:20.151,0.1886,0.1888,3.0,0.1874,10.0,13595.0,703.0
2021-01-05 09:32:20.600,0.1894,0.1887,13.0,0.187,10.0,13598.0,711.0
2021-01-05 09:32:21.171,0.1894,0.1887,25.0,0.1864,20.0,13598.0,711.0
2021-01-05 09:32:21.680,0.1894,0.1886,13.0,0.1862,30.0,13598.0,711.0
2021-01-05 09:32:22.181,0.1894,0.1886,13.0,0.1862,10.0,13598.0,711.0
2021-01-05 09:32:22.660,0.1894,0.1886,13.0,0.1859,20.0,13598.0,711.0
2021-01-05 09:32:23.180,0.1894,0.1885,10.0,0.1857,20.0,13598.0,711.0
2021-01-05 09:32:23.670,0.1894,0.1884,13.0,0.1857,20.0,13598.0,711.0
2021-01-05 09:32:24.091,0.1894,0.1884,13.0,0.1858,10.0,13598.0,711.0
2021-01-05 09:32:24.640,0.1894,0.1884,13.0,0.1859,3.0,13598.0,711.0
2021-01-05 09:32:25.170,0.1894,0.1885,20.0,0.1862,10.0,13598.0,711.0
2021-01-05 09:32:25.670,0.1894,0.1884,13.0,0.1863,6.0,13598.0,711.0
2021-01-05 09:32:26.171,0.1894,0.1885,20.0,0.1864,13.0,13598.0,711.0
2021-01-05 09:32:26.650,0.1894,0.1887,20.0,0.1864,33.0,13598.0,711.0
2021-01-05 09:32:27.151,0.1886,0.1886,13.0,0.1865,13.0,13607.0,720.0
2021-01-05 09:32:27.641,0.1886,0.189,20.0,0.1866,3.0,13607.0,720.0
2021-01-05 09:32:28.171,0.1892,0.1892,21.0,0.1867,13.0,13607.0,729.0
2021-01-05 09:32:28.630,0.1892,0.1892,21.0,0.188,5.0,13607.0,729.0
2021-01-05 09:32:29.180,0.1892,0.1891,13.0,0.188,5.0,13607.0,729.0
2021-01-05 09:32:30.171,0.1892,0.1891,5.0,0.1865,13.0,13607.0,729.0
2021-01-05 09:32:30.671,0.1892,0.1891,5.0,0.1866,3.0,13607.0,729.0
2021-01-05 09:32:31.120,0.1892,0.189,10.0,0.1867,13.0,13607.0,729.0
2021-01-05 09:32:31.621,0.1892,0.189,10.0,0.1866,20.0,13607.0,729.0
2021-01-05 09:32:32.121,0.1892,0.189,10.0,0.1867,16.0,13607.0,729.0
2021-01-05 09:32:32.690,0.1892,0.189,30.0,0.1878,8.0,13607.0,729.0
2021-01-05 09:32:33.141,0.1892,0.1889,13.0,0.1878,8.0,13607.0,729.0
2021-01-05 09:32:33.531,0.1892,0.1889,13.0,0.1875,13.0,13607.0,729.0
2021-01-05 09:32:34.171,0.1892,0.1889,13.0,0.1866,43.0,13607.0,729.0
2021-01-05 09:32:34.691,0.1892,0.1889,13.0,0.1866,30.0,13607.0,729.0
2021-01-05 09:32:35.170,0.1892,0.1889,13.0,0.1866,10.0,13607.0,729.0
2021-01-05 09:32:35.671,0.1892,0.189,20.0,0.1867,13.0,13607.0,729.0
2021-01-05 09:32:36.190,0.1892,0.189,20.0,0.1867,13.0,13607.0,729.0
2021-01-05 09:32:36.691,0.1892,0.1894,13.0,0.1867,13.0,13607.0,729.0
2021-01-05 09:32:37.150,0.1892,0.1894,25.0,0.1866,43.0,13607.0,729.0
2021-01-05 09:32:37.621,0.1892,0.1894,38.0,0.1867,13.0,13607.0,729.0
2021-01-05 09:32:38.190,0.1892,0.1893,13.0,0.1889,10.0,13607.0,729.0
2021-01-05 09:32:38.670,0.1889,0.1889,11.0,0.1871,13.0,13617.0,739.0
2021-01-05 09:32:39.200,0.1889,0.1883,20.0,0.1876,20.0,13617.0,739.0
2021-01-05 09:32:39.621,0.1886,0.1884,13.0,0.1878,20.0,13635.0,757.0
2021-01-05 09:32:39.990,0.1884,0.1884,11.0,0.1878,20.0,13644.0,766.0
2021-01-05 09:32:40.641,0.1884,0.1884,11.0,0.1878,20.0,13644.0,766.0
2021-01-05 09:32:41.200,0.1884,0.1884,11.0,0.1879,3.0,13644.0,766.0
2021-01-05 09:32:41.690,0.189,0.1888,13.0,0.1884,3.0,13653.0,775.0
2021-01-05 09:32:42.161,0.189,0.1885,20.0,0.1884,3.0,13653.0,775.0
2021-01-05 09:32:42.700,0.189,0.1889,53.0,0.1884,3.0,13653.0,775.0
2021-01-05 09:32:43.131,0.189,0.1889,33.0,0.1884,3.0,13653.0,775.0
2021-01-05 09:32:43.321,0.1884,0.1888,13.0,0.1883,10.0,13653.0,778.0
2021-01-05 09:32:44.151,0.1883,0.1886,20.0,0.1879,20.0,13653.0,788.0
2021-01-05 09:32:44.700,0.1883,0.1882,20.0,0.1874,20.0,13653.0,788.0
2021-01-05 09:32:45.580,0.1883,0.1884,13.0,0.1881,20.0,13653.0,788.0
2021-01-05 09:32:46.160,0.1883,0.1885,13.0,0.1881,20.0,13653.0,788.0
2021-01-05 09:32:46.541,0.1883,0.1886,20.0,0.1879,20.0,13653.0,788.0
2021-01-05 09:32:47.201,0.1883,0.1886,20.0,0.188,3.0,13653.0,788.0
2021-01-05 09:32:47.701,0.1886,0.1889,13.0,0.1882,20.0,13653.0,808.0
2021-01-05 09:32:48.170,0.1889,0.1892,40.0,0.1883,6.0,13665.0,821.0
2021-01-05 09:32:48.690,0.1892,0.1894,40.0,0.1885,20.0,13665.0,823.0
2021-01-05 09:32:49.190,0.1894,0.1897,20.0,0.1888,5.0,13676.0,839.0
2021-01-05 09:32:49.670,0.1894,0.19,2.0,0.1892,20.0,13676.0,839.0
2021-01-05 09:32:50.171,0.1902,0.191,13.0,0.1902,15.0,13669.0,846.0
2021-01-05 09:32:50.700,0.1903,0.1903,17.0,0.1893,5.0,13669.0,849.0
2021-01-05 09:32:51.170,0.1903,0.1907,20.0,0.1894,33.0,13669.0,849.0
2021-01-05 09:32:51.701,0.1903,0.1914,13.0,0.1901,20.0,13669.0,849.0
2021-01-05 09:32:52.141,0.1905,0.1905,15.0,0.19,2.0,13669.0,854.0
2021-01-05 09:32:52.671,0.1905,0.1905,15.0,0.19,2.0,13669.0,854.0
2021-01-05 09:32:53.161,0.1905,0.1901,20.0,0.19,2.0,13669.0,854.0
2021-01-05 09:32:53.641,0.19,0.1899,20.0,0.1893,5.0,13671.0,856.0
2021-01-05 09:32:54.181,0.1893,0.1895,20.0,0.1889,13.0,13676.0,861.0
2021-01-05 09:32:54.671,0.1893,0.1893,20.0,0.1887,13.0,13676.0,861.0
2021-01-05 09:32:55.170,0.1893,0.1897,20.0,0.1889,20.0,13676.0,861.0
2021-01-05 09:32:55.670,0.19,0.19,24.0,0.1892,20.0,13685.0,870.0
2021-01-05 09:32:56.150,0.1905,0.1905,11.0,0.1897,20.0,13694.0,879.0
2021-01-05 09:32:56.561,0.1905,0.1908,13.0,0.19,20.0,13694.0,879.0
2021-01-05 09:32:57.151,0.1905,0.1904,20.0,0.1895,20.0,13694.0,879.0
2021-01-05 09:32:57.600,0.1905,0.1899,20.0,0.1892,33.0,13694.0,879.0
2021-01-05 09:32:58.171,0.1903,0.1903,13.0,0.1896,20.0,13708.0,894.0
2021-01-05 09:32:58.651,0.1903,0.1907,20.0,0.1898,20.0,13708.0,894.0
2021-01-05 09:32:59.170,0.1903,0.1904,20.0,0.1897,13.0,13708.0,894.0
2021-01-05 09:32:59.621,0.1903,0.1909,20.0,0.19,20.0,13708.0,894.0
2021-01-05 09:33:00.111,0.1903,0.1909,20.0,0.19,33.0,13708.0,894.0
2021-01-05 09:33:00.651,0.1903,0.1906,20.0,0.1898,33.0,13708.0,894.0
2021-01-05 09:33:01.081,0.1903,0.1903,20.0,0.1896,20.0,13708.0,894.0
2021-01-05 09:33:01.661,0.1898,0.1898,2.0,0.1892,13.0,13708.0,912.0
2021-01-05 09:33:02.130,0.1898,0.1898,2.0,0.1891,13.0,13708.0,912.0
2021-01-05 09:33:02.620,0.1891,0.1897,3.0,0.189,20.0,13708.0,925.0
2021-01-05 09:33:03.121,0.189,0.189,19.0,0.1886,10.0,13710.0,927.0
2021-01-05 09:33:03.681,0.189,0.1889,13.0,0.1886,10.0,13710.0,927.0
2021-01-05 09:33:04.140,0.1886,0.1886,10.0,0.1877,20.0,13720.0,937.0
2021-01-05 09:33:04.651,0.1885,0.1885,4.0,0.1877,20.0,13729.0,946.0
2021-01-05 09:33:05.181,0.1877,0.1877,7.0,0.1873,20.0,13738.0,955.0
2021-01-05 09:33:05.690,0.1877,0.1877,8.0,0.1873,20.0,13739.0,957.0
2021-01-05 09:33:06.170,0.1877,0.1876,5.0,0.1871,13.0,13745.0,963.0
2021-01-05 09:33:06.681,0.1877,0.1876,5.0,0.1871,20.0,13745.0,963.0
2021-01-05 09:33:07.171,0.1877,0.1876,25.0,0.1868,20.0,13745.0,963.0
2021-01-05 09:33:07.601,0.1876,0.1876,1.0,0.1874,20.0,13744.0,964.0
2021-01-05 09:33:08.191,0.1876,0.1881,13.0,0.1876,16.0,13747.0,979.0
2021-01-05 09:33:08.681,0.1876,0.1883,20.0,0.1879,20.0,13747.0,979.0
2021-01-05 09:33:09.181,0.1881,0.1888,40.0,0.1881,18.0,13745.0,981.0
2021-01-05 09:33:09.611,0.1881,0.1887,13.0,0.1881,18.0,13745.0,981.0
2021-01-05 09:33:10.180,0.1881,0.1887,13.0,0.1879,20.0,13745.0,981.0
2021-01-05 09:33:10.681,0.1881,0.1883,20.0,0.1873,20.0,13745.0,981.0
2021-01-05 09:33:11.180,0.1881,0.1882,13.0,0.1873,20.0,13745.0,981.0
2021-01-05 09:33:11.670,0.1881,0.1881,20.0,0.1873,20.0,13745.0,981.0
2021-01-05 09:33:12.181,0.1882,0.1883,33.0,0.1876,20.0,13749.0,985.0
2021-01-05 09:33:12.650,0.1882,0.1888,53.0,0.1881,20.0,13749.0,985.0
2021-01-05 09:33:13.100,0.1882,0.1888,20.0,0.1884,20.0,13749.0,985.0
2021-01-05 09:33:13.691,0.1882,0.1887,20.0,0.1879,33.0,13749.0,985.0
2021-01-05 09:33:14.160,0.1882,0.1885,20.0,0.1879,20.0,13749.0,985.0
2021-01-05 09:33:14.600,0.1882,0.1885,20.0,0.1877,20.0,13749.0,985.0
2021-01-05 09:33:15.071,0.1885,0.1884,13.0,0.1877,20.0,13753.0,989.0
2021-01-05 09:33:15.651,0.1885,0.1882,20.0,0.1873,20.0,13753.0,989.0
2021-01-05 09:33:16.181,0.1885,0.1877,13.0,0.1873,20.0,13753.0,989.0
2021-01-05 09:33:16.671,0.1885,0.1877,26.0,0.1868,20.0,13753.0,989.0
2021-01-05 09:33:17.190,0.1885,0.1876,13.0,0.1866,30.0,13753.0,989.0
2021-01-05 09:33:17.691,0.1876,0.1876,31.0,0.1866,30.0,13755.0,991.0
2021-01-05 09:33:18.160,0.1876,0.1875,13.0,0.1866,30.0,13757.0,993.0
2021-01-05 09:33:18.680,0.1876,0.1876,20.0,0.1866,43.0,13757.0,993.0
2021-01-05 09:33:19.191,0.1876,0.1875,33.0,0.1866,30.0,13757.0,993.0
2021-01-05 09:33:19.660,0.1876,0.1872,20.0,0.1866,10.0,13757.0,993.0
2021-01-05 09:33:20.171,0.1876,0.1872,20.0,0.1866,10.0,13757.0,993.0
2021-01-05 09:33:20.680,0.1873,0.1873,33.0,0.1866,30.0,13757.0,1003.0
2021-01-05 09:33:21.160,0.1872,0.1872,13.0,0.1866,10.0,13757.0,1005.0
2021-01-05 09:33:21.681,0.1872,0.1873,53.0,0.1866,10.0,13757.0,1005.0
2021-01-05 09:33:22.150,0.1872,0.1872,13.0,0.1866,10.0,13757.0,1005.0
2021-01-05 09:33:22.670,0.1866,0.187,20.0,0.1864,10.0,13767.0,1015.0
2021-01-05 09:33:23.151,0.1864,0.187,53.0,0.1864,6.0,13771.0,1019.0
2021-01-05 09:33:23.641,0.1864,0.187,53.0,0.1864,5.0,13772.0,1020.0
2021-01-05 09:33:24.071,0.1866,0.1866,46.0,0.1864,5.0,13772.0,1024.0
2021-01-05 09:33:24.651,0.1866,0.1866,26.0,0.1864,5.0,13752.0,1044.0
2021-01-05 09:33:25.151,0.1866,0.1872,13.0,0.1866,20.0,13726.0,1070.0
2021-01-05 09:33:25.671,0.1866,0.1873,20.0,0.1869,20.0,13726.0,1070.0
2021-01-05 09:33:26.161,0.1866,0.1875,20.0,0.1869,20.0,13726.0,1070.0
2021-01-05 09:33:26.620,0.1866,0.1877,20.0,0.1869,20.0,13726.0,1070.0
2021-01-05 09:33:27.110,0.1875,0.1871,17.0,0.1865,13.0,13729.0,1073.0
2021-01-05 09:33:27.490,0.1875,0.1874,13.0,0.187,20.0,13729.0,1073.0
2021-01-05 09:33:28.180,0.1875,0.1876,20.0,0.1868,20.0,13729.0,1073.0
2021-01-05 09:33:28.630,0.1875,0.1871,20.0,0.1864,5.0,13729.0,1073.0
2021-01-05 09:33:29.171,0.1875,0.1871,20.0,0.1864,5.0,13729.0,1073.0
2021-01-05 09:33:30.170,0.1875,0.1874,20.0,0.1868,20.0,13729.0,1073.0
2021-01-05 09:33:31.131,0.1875,0.1874,20.0,0.1868,20.0,13729.0,1073.0
2021-01-05 09:33:31.680,0.1875,0.1874,33.0,0.1868,20.0,13729.0,1073.0
2021-01-05 09:33:32.170,0.1875,0.1874,20.0,0.1868,20.0,13729.0,1073.0
2021-01-05 09:33:32.620,0.1875,0.1876,20.0,0.1868,20.0,13729.0,1073.0
2021-01-05 09:33:33.680,0.1875,0.1876,20.0,0.1868,20.0,13729.0,1073.0
2021-01-05 09:33:34.070,0.1875,0.1875,13.0,0.1868,20.0,13729.0,1073.0
2021-01-05 09:33:34.671,0.1875,0.1875,13.0,0.1868,20.0,13729.0,1073.0
2021-01-05 09:33:35.690,0.1875,0.1876,33.0,0.1868,20.0,13729.0,1073.0
2021-01-05 09:33:35.951,0.1875,0.1876,20.0,0.187,20.0,13729.0,1073.0
2021-01-05 09:33:36.681,0.187,0.1874,20.0,0.1866,21.0,13729.0,1081.0
2021-01-05 09:33:37.190,0.187,0.1872,20.0,0.1866,1.0,13729.0,1081.0
2021-01-05 09:33:37.640,0.1872,0.1871,16.0,0.1864,5.0,13730.0,1083.0
2021-01-05 09:33:38.110,0.1864,0.187,13.0,0.1864,4.0,13731.0,1084.0
2021-01-05 09:33:38.621,0.1864,0.187,20.0,0.1864,4.0,13731.0,1084.0
2021-01-05 09:33:39.201,0.187,0.1871,16.0,0.1864,4.0,13735.0,1088.0
2021-01-05 09:33:39.641,0.187,0.1871,13.0,0.1868,20.0,13735.0,1088.0
2021-01-05 09:33:40.160,0.187,0.1873,13.0,0.1868,20.0,13735.0,1088.0
2021-01-05 09:33:40.690,0.187,0.1874,20.0,0.1868,20.0,13735.0,1088.0
2021-01-05 09:33:41.161,0.187,0.1873,13.0,0.1871,20.0,13735.0,1088.0
2021-01-05 09:33:41.691,0.187,0.1875,13.0,0.1869,20.0,13735.0,1088.0
2021-01-05 09:33:42.041,0.187,0.1878,13.0,0.1874,20.0,13735.0,1088.0
2021-01-05 09:33:42.640,0.187,0.1881,20.0,0.1874,20.0,13735.0,1088.0
2021-01-05 09:33:43.180,0.187,0.1884,13.0,0.1877,20.0,13735.0,1088.0
2021-01-05 09:33:43.681,0.187,0.1886,33.0,0.1877,20.0,13735.0,1088.0
2021-01-05 09:33:44.110,0.187,0.1885,33.0,0.1877,20.0,13735.0,1088.0
2021-01-05 09:33:44.671,0.187,0.1882,20.0,0.1873,21.0,13735.0,1088.0
2021-01-05 09:33:45.180,0.1882,0.1882,13.0,0.1873,21.0,13742.0,1095.0
2021-01-05 09:33:45.660,0.1882,0.1882,26.0,0.1873,21.0,13742.0,1095.0
2021-01-05 09:33:46.100,0.1882,0.1884,20.0,0.1879,20.0,13742.0,1095.0
2021-01-05 09:33:46.680,0.1882,0.1886,20.0,0.1881,20.0,13742.0,1095.0
2021-01-05 09:33:47.191,0.1886,0.1888,1.0,0.1883,20.0,13742.0,1115.0
2021-01-05 09:33:47.681,0.1888,0.1892,13.0,0.1883,20.0,13742.0,1116.0
2021-01-05 09:33:48.171,0.1888,0.1892,20.0,0.1883,20.0,13742.0,1116.0
2021-01-05 09:33:48.211,0.1888,0.1891,13.0,0.1883,24.0,13742.0,1116.0
2021-01-05 09:33:49.051,0.1888,0.1893,13.0,0.1883,24.0,13742.0,1116.0
2021-01-05 09:33:49.681,0.1888,0.1894,33.0,0.1883,37.0,13742.0,1116.0
2021-01-05 09:33:50.040,0.1888,0.1895,13.0,0.1887,20.0,13742.0,1116.0
2021-01-05 09:33:50.570,0.1888,0.1893,2.0,0.1885,20.0,13742.0,1116.0
2021-01-05 09:33:50.761,0.1894,0.1893,13.0,0.1885,20.0,13745.0,1121.0
2021-01-05 09:33:51.571,0.1894,0.1891,20.0,0.1883,20.0,13745.0,1121.0
2021-01-05 09:33:52.190,0.1894,0.189,13.0,0.1883,20.0,13745.0,1121.0
2021-01-05 09:33:52.570,0.1894,0.1893,13.0,0.1885,20.0,13745.0,1121.0
2021-01-05 09:33:52.960,0.1894,0.1893,13.0,0.1885,20.0,13745.0,1121.0
2021-01-05 09:33:53.650,0.1885,0.1889,20.0,0.1883,6.0,13745.0,1122.0
2021-01-05 09:33:54.180,0.1889,0.1891,20.0,0.1884,20.0,13753.0,1130.0
2021-01-05 09:33:54.610,0.1889,0.1891,20.0,0.1884,33.0,13753.0,1130.0
2021-01-05 09:33:54.881,0.1889,0.1893,20.0,0.1884,33.0,13753.0,1130.0
2021-01-05 09:33:55.650,0.1889,0.1896,20.0,0.1887,20.0,13753.0,1130.0
2021-01-05 09:33:56.120,0.1889,0.1896,20.0,0.1887,20.0,13753.0,1130.0
2021-01-05 09:33:56.651,0.1889,0.1894,20.0,0.1887,20.0,13753.0,1130.0
2021-01-05 09:33:57.171,0.1894,0.1896,13.0,0.1889,20.0,13754.0,1131.0
2021-01-05 09:33:57.671,0.1894,0.1899,13.0,0.1891,20.0,13754.0,1131.0
2021-01-05 09:33:58.170,0.1899,0.1901,3.0,0.1893,20.0,13754.0,1135.0
2021-01-05 09:33:58.670,0.1901,0.1902,13.0,0.1893,20.0,13751.0,1138.0
2021-01-05 09:33:59.140,0.1902,0.1909,20.0,0.1897,20.0,13752.0,1152.0
2021-01-05 09:33:59.690,0.1902,0.1908,10.0,0.1898,3.0,13752.0,1152.0
2021-01-05 09:34:00.191,0.1902,0.1909,20.0,0.1899,13.0,13752.0,1152.0
2021-01-05 09:34:00.671,0.1902,0.1912,20.0,0.1901,20.0,13752.0,1152.0
2021-01-05 09:34:01.081,0.1902,0.1911,10.0,0.1902,13.0,13752.0,1152.0
2021-01-05 09:34:01.590,0.1902,0.1905,20.0,0.1903,1.0,13752.0,1155.0
2021-01-05 09:34:01.951,0.1903,0.1902,20.0,0.1899,1.0,13753.0,1156.0
2021-01-05 09:34:02.671,0.1903,0.1903,1.0,0.1897,1.0,13753.0,1156.0
2021-01-05 09:34:03.121,0.1903,0.1903,1.0,0.19,20.0,13753.0,1156.0
2021-01-05 09:34:03.670,0.1903,0.1903,1.0,0.19,20.0,13753.0,1156.0
2021-01-05 09:34:05.121,0.1903,0.1911,13.0,0.1903,19.0,13752.0,1157.0
2021-01-05 09:34:05.630,0.1903,0.1912,13.0,0.1903,19.0,13752.0,1157.0
2021-01-05 09:34:06.081,0.1903,0.1912,20.0,0.1903,19.0,13752.0,1157.0
2021-01-05 09:34:06.671,0.1903,0.1912,20.0,0.1903,32.0,13752.0,1157.0
2021-01-05 09:34:07.130,0.1903,0.1913,20.0,0.1903,32.0,13752.0,1157.0
2021-01-05 09:34:07.601,0.1903,0.1914,13.0,0.1906,20.0,13752.0,1157.0
2021-01-05 09:34:08.171,0.1903,0.1919,20.0,0.191,20.0,13752.0,1157.0
2021-01-05 09:34:08.690,0.1903,0.1921,23.0,0.191,20.0,13752.0,1157.0
2021-01-05 09:34:09.170,0.1919,0.1917,19.0,0.1909,13.0,13753.0,1158.0
2021-01-05 09:34:09.670,0.1919,0.1913,20.0,0.1909,4.0,13753.0,1158.0
2021-01-05 09:34:10.140,0.1909,0.1914,13.0,0.1907,20.0,13753.0,1162.0
2021-01-05 09:34:10.690,0.1909,0.191,20.0,0.1903,20.0,13753.0,1162.0
2021-01-05 09:34:11.151,0.1909,0.191,33.0,0.1903,20.0,13753.0,1162.0
2021-01-05 09:34:11.681,0.1903,0.1903,10.0,0.1898,13.0,13753.0,1172.0
2021-01-05 09:34:12.000,0.1903,0.1904,20.0,0.1899,1.0,13753.0,1172.0
2021-01-05 09:34:12.621,0.1903,0.191,40.0,0.1903,20.0,13753.0,1172.0
2021-01-05 09:34:13.191,0.1903,0.1908,20.0,0.19,33.0,13753.0,1172.0
2021-01-05 09:34:13.650,0.1903,0.1904,20.0,0.1897,1.0,13753.0,1172.0
2021-01-05 09:34:14.181,0.1897,0.1903,16.0,0.1893,20.0,13754.0,1173.0
2021-01-05 09:34:14.691,0.1893,0.1901,20.0,0.1889,20.0,13754.0,1184.0
2021-01-05 09:34:15.181,0.1893,0.1897,20.0,0.1894,2.0,13754.0,1184.0
2021-01-05 09:34:15.681,0.1893,0.1894,2.0,0.189,20.0,13754.0,1184.0
2021-01-05 09:34:16.190,0.1894,0.1898,13.0,0.1894,18.0,13752.0,1186.0
2021-01-05 09:34:16.630,0.1898,0.1904,20.0,0.19,7.0,13752.0,1199.0
2021-01-05 09:34:17.181,0.1898,0.1908,33.0,0.19,7.0,13752.0,1199.0
2021-01-05 09:34:17.581,0.1898,0.191,20.0,0.1902,20.0,13752.0,1199.0
2021-01-05 09:34:18.201,0.1898,0.1914,40.0,0.1905,20.0,13752.0,1199.0
2021-01-05 09:34:18.620,0.1898,0.191,20.0,0.1906,13.0,13752.0,1199.0
2021-01-05 09:34:19.041,0.1898,0.1914,40.0,0.1905,20.0,13752.0,1199.0
2021-01-05 09:34:19.700,0.1898,0.1906,20.0,0.1905,13.0,13752.0,1199.0
2021-01-05 09:34:20.180,0.1906,0.1913,20.0,0.1904,20.0,13754.0,1219.0
2021-01-05 09:34:20.651,0.1906,0.1913,20.0,0.1904,20.0,13754.0,1219.0
2021-01-05 09:34:21.200,0.1906,0.1913,20.0,0.1905,13.0,13754.0,1219.0
2021-01-05 09:34:21.690,0.1906,0.1916,6.0,0.1907,20.0,13754.0,1219.0
2021-01-05 09:34:22.151,0.1906,0.1916,6.0,0.1907,20.0,13754.0,1219.0
2021-01-05 09:34:22.191,0.1906,0.1913,20.0,0.1907,20.0,13754.0,1219.0
2021-01-05 09:34:23.181,0.1906,0.1913,20.0,0.1907,20.0,13754.0,1219.0
2021-01-05 09:34:23.661,0.1906,0.1916,26.0,0.1907,20.0,13754.0,1219.0
2021-01-05 09:34:24.170,0.1906,0.1916,26.0,0.1907,20.0,13754.0,1219.0
2021-01-05 09:34:24.600,0.1906,0.1916,26.0,0.1907,33.0,13754.0,1219.0
2021-01-05 09:34:25.150,0.1906,0.1916,6.0,0.191,20.0,13754.0,1219.0
2021-01-05 09:34:25.671,0.1906,0.1916,6.0,0.191,20.0,13754.0,1219.0
2021-01-05 09:34:26.020,0.1906,0.1916,6.0,0.191,20.0,13754.0,1219.0
2021-01-05 09:34:26.641,0.1906,0.1916,6.0,0.191,20.0,13754.0,1219.0
2021-01-05 09:34:27.150,0.1906,0.1916,26.0,0.191,20.0,13754.0,1219.0
2021-01-05 09:34:28.120,0.1906,0.1916,26.0,0.191,20.0,13754.0,1219.0
2021-01-05 09:34:28.621,0.1906,0.1916,6.0,0.191,21.0,13754.0,1219.0
2021-01-05 09:34:29.601,0.1906,0.1916,6.0,0.191,21.0,13754.0,1219.0
2021-01-05 09:34:30.170,0.1906,0.1916,6.0,0.191,21.0,13754.0,1219.0
2021-01-05 09:34:30.671,0.1906,0.1914,20.0,0.191,1.0,13754.0,1219.0
2021-01-05 09:34:31.190,0.1906,0.1916,26.0,0.191,1.0,13754.0,1219.0
2021-01-05 09:34:31.691,0.1906,0.1916,6.0,0.1912,20.0,13754.0,1219.0
2021-01-05 09:34:32.150,0.1906,0.1916,6.0,0.1912,20.0,13754.0,1219.0
2021-01-05 09:34:32.640,0.1916,0.1917,20.0,0.191,1.0,13748.0,1225.0
2021-01-05 09:34:33.090,0.1916,0.1919,40.0,0.1911,33.0,13748.0,1225.0
2021-01-05 09:34:33.691,0.1916,0.1924,30.0,0.1915,20.0,13748.0,1225.0
2021-01-05 09:34:34.171,0.1916,0.1924,30.0,0.1915,20.0,13748.0,1225.0
2021-01-05 09:34:34.640,0.1915,0.1923,20.0,0.1915,15.0,13743.0,1230.0
2021-01-05 09:34:35.130,0.1915,0.1924,30.0,0.1916,13.0,13743.0,1230.0
2021-01-05 09:34:35.691,0.1915,0.1924,20.0,0.1918,20.0,13743.0,1230.0
2021-01-05 09:34:36.171,0.1915,0.1926,40.0,0.1919,13.0,13743.0,1230.0
2021-01-05 09:34:36.680,0.1915,0.1926,20.0,0.1919,13.0,13743.0,1230.0
2021-01-05 09:34:37.161,0.1915,0.1926,20.0,0.1919,13.0,13743.0,1230.0
2021-01-05 09:34:37.700,0.1915,0.193,30.0,0.1922,20.0,13743.0,1230.0
2021-01-05 09:34:38.171,0.1915,0.193,20.0,0.1923,13.0,13743.0,1230.0
2021-01-05 09:34:38.690,0.1915,0.1932,20.0,0.1924,20.0,13743.0,1230.0
2021-01-05 09:34:39.091,0.1915,0.1932,20.0,0.1925,13.0,13743.0,1230.0
2021-01-05 09:34:39.470,0.1915,0.1935,41.0,0.1925,13.0,13743.0,1230.0
2021-01-05 09:34:40.171,0.1915,0.1935,21.0,0.1928,20.0,13743.0,1230.0
2021-01-05 09:34:40.271,0.1915,0.1932,20.0,0.1926,13.0,13743.0,1230.0
2021-01-05 09:34:41.201,0.1915,0.1935,21.0,0.1929,2.0,13743.0,1230.0
2021-01-05 09:34:41.700,0.1915,0.1935,21.0,0.1928,33.0,13743.0,1230.0
2021-01-05 09:34:42.171,0.1915,0.1935,21.0,0.1928,33.0,13743.0,1230.0
2021-01-05 09:34:43.191,0.1915,0.1935,1.0,0.1928,33.0,13743.0,1230.0
2021-01-05 09:34:43.671,0.1915,0.1935,1.0,0.1928,20.0,13743.0,1230.0
2021-01-05 09:34:44.151,0.1915,0.1934,20.0,0.1927,13.0,13743.0,1230.0
2021-01-05 09:34:44.701,0.1915,0.1934,20.0,0.1926,13.0,13743.0,1230.0
2021-01-05 09:34:45.200,0.1915,0.1935,1.0,0.1929,20.0,13743.0,1230.0
2021-01-05 09:34:45.721,0.1915,0.1935,21.0,0.1929,33.0,13743.0,1230.0
2021-01-05 09:34:46.140,0.1915,0.1935,1.0,0.1931,20.0,13743.0,1230.0
2021-01-05 09:34:46.660,0.1915,0.1935,1.0,0.1929,33.0,13743.0,1230.0
2021-01-05 09:34:47.181,0.1915,0.1935,1.0,0.193,13.0,13743.0,1230.0
2021-01-05 09:34:47.701,0.1915,0.1935,1.0,0.1931,20.0,13743.0,1230.0
2021-01-05 09:34:48.141,0.1935,0.1939,20.0,0.1932,13.0,13742.0,1231.0
2021-01-05 09:34:48.700,0.1935,0.1939,20.0,0.1931,33.0,13742.0,1231.0
2021-01-05 09:34:49.171,0.1935,0.1939,20.0,0.1931,33.0,13742.0,1231.0
2021-01-05 09:34:49.701,0.1935,0.1937,20.0,0.1931,20.0,13742.0,1231.0
2021-01-05 09:34:50.161,0.1934,0.1934,19.0,0.1928,13.0,13743.0,1252.0
2021-01-05 09:34:50.700,0.1934,0.1934,19.0,0.1927,13.0,13743.0,1252.0
2021-01-05 09:34:51.200,0.193,0.1935,20.0,0.193,15.0,13743.0,1257.0
2021-01-05 09:34:51.630,0.193,0.1934,20.0,0.1928,13.0,13758.0,1272.0
2021-01-05 09:34:52.220,0.193,0.1934,20.0,0.1929,20.0,13758.0,1272.0
2021-01-05 09:34:52.650,0.193,0.1934,20.0,0.1929,13.0,13758.0,1272.0
2021-01-05 09:34:53.180,0.193,0.1935,20.0,0.1934,25.0,13758.0,1272.0
2021-01-05 09:34:53.651,0.1935,0.1941,40.0,0.1934,38.0,13758.0,1283.0
2021-01-05 09:34:54.170,0.1935,0.1941,40.0,0.1935,22.0,13758.0,1283.0
2021-01-05 09:34:54.621,0.1941,0.1947,20.0,0.1938,20.0,13773.0,1318.0
2021-01-05 09:34:55.040,0.1941,0.1949,20.0,0.1947,5.0,13773.0,1318.0
2021-01-05 09:34:55.680,0.1949,0.1955,30.0,0.1949,2.0,13773.0,1320.0
2021-01-05 09:34:56.131,0.1949,0.1955,10.0,0.1949,15.0,13773.0,1320.0
2021-01-05 09:34:56.600,0.1949,0.1959,1.0,0.195,13.0,13773.0,1320.0
2021-01-05 09:34:57.130,0.1949,0.1959,1.0,0.195,13.0,13773.0,1320.0
2021-01-05 09:34:57.651,0.1949,0.1959,1.0,0.1951,2.0,13773.0,1320.0
2021-01-05 09:34:58.160,0.1949,0.1959,1.0,0.1952,13.0,13773.0,1320.0
2021-01-05 09:34:58.640,0.1949,0.1958,20.0,0.1952,13.0,13773.0,1320.0
2021-01-05 09:34:59.151,0.1949,0.1959,1.0,0.195,13.0,13773.0,1320.0
2021-01-05 09:34:59.660,0.1959,0.1958,16.0,0.195,13.0,13777.0,1325.0
2021-01-05 09:35:00.160,0.1959,0.1958,10.0,0.1951,20.0,13777.0,1325.0
2021-01-05 09:35:00.630,0.1959,0.1958,11.0,0.1952,13.0,13777.0,1325.0
2021-01-05 09:35:01.070,0.1959,0.1958,11.0,0.1952,13.0,13777.0,1325.0
2021-01-05 09:35:01.620,0.1955,0.1955,8.0,0.1949,25.0,13762.0,1341.0
2021-01-05 09:35:02.181,0.1955,0.1956,20.0,0.195,13.0,13762.0,1341.0
2021-01-05 09:35:02.680,0.1956,0.1953,20.0,0.1949,4.0,13779.0,1371.0
2021-01-05 09:35:03.180,0.1949,0.1949,4.0,0.1945,20.0,13783.0,1375.0
2021-01-05 09:35:03.631,0.1949,0.1949,3.0,0.1941,13.0,13803.0,1396.0
2021-01-05 09:35:04.061,0.1949,0.1949,3.0,0.1947,20.0,13803.0,1396.0
2021-01-05 09:35:05.180,0.1949,0.1955,13.0,0.1947,20.0,13800.0,1399.0
2021-01-05 09:35:05.671,0.1949,0.1956,53.0,0.1947,20.0,13800.0,1399.0
2021-01-05 09:35:06.180,0.1949,0.1956,40.0,0.195,20.0,13800.0,1399.0
2021-01-05 09:35:06.680,0.1956,0.1958,1.0,0.1952,20.0,13800.0,1405.0
2021-01-05 09:35:07.131,0.1958,0.1961,40.0,0.1953,3.0,13799.0,1406.0
2021-01-05 09:35:07.650,0.1952,0.1961,20.0,0.1956,20.0,13795.0,1410.0
2021-01-05 09:35:08.171,0.1952,0.1966,10.0,0.1961,9.0,13795.0,1410.0
2021-01-05 09:35:09.191,0.1966,0.1975,33.0,0.1967,20.0,13795.0,1411.0
2021-01-05 09:35:09.700,0.1966,0.1974,10.0,0.1967,20.0,13795.0,1411.0
2021-01-05 09:35:10.180,0.1966,0.1974,10.0,0.1968,2.0,13795.0,1411.0
2021-01-05 09:35:10.691,0.1966,0.1974,20.0,0.1968,2.0,13795.0,1411.0
2021-01-05 09:35:11.160,0.1966,0.1974,20.0,0.1968,15.0,13795.0,1411.0
2021-01-05 09:35:11.680,0.1966,0.1974,10.0,0.197,20.0,13795.0,1411.0
2021-01-05 09:35:12.101,0.1966,0.1974,10.0,0.197,20.0,13795.0,1411.0
2021-01-05 09:35:12.691,0.197,0.1974,10.0,0.1969,13.0,13795.0,1431.0
2021-01-05 09:35:13.181,0.1969,0.197,20.0,0.1966,13.0,13795.0,1444.0
2021-01-05 09:35:13.640,0.1966,0.1964,20.0,0.1956,2.0,13795.0,1457.0
2021-01-05 09:35:14.191,0.1956,0.1956,1.0,0.195,20.0,13796.0,1459.0
2021-01-05 09:35:14.691,0.1955,0.1955,21.0,0.1943,20.0,13811.0,1474.0
2021-01-05 09:35:15.200,0.1955,0.1954,13.0,0.1946,20.0,13811.0,1474.0
2021-01-05 09:35:15.451,0.1955,0.1954,13.0,0.1953,20.0,13811.0,1474.0
2021-01-05 09:35:16.141,0.1954,0.1954,1.0,0.1943,23.0,13810.0,1510.0
2021-01-05 09:35:16.660,0.1954,0.196,20.0,0.1954,1.0,13810.0,1510.0
2021-01-05 09:35:17.190,0.1954,0.1959,10.0,0.1953,13.0,13810.0,1510.0
2021-01-05 09:35:17.680,0.1954,0.1959,10.0,0.1954,1.0,13810.0,1510.0
2021-01-05 09:35:18.170,0.1954,0.1957,20.0,0.1954,1.0,13810.0,1510.0
2021-01-05 09:35:18.641,0.1954,0.1953,20.0,0.1949,13.0,13810.0,1511.0
2021-01-05 09:35:19.180,0.1954,0.1949,8.0,0.1944,13.0,13810.0,1511.0
2021-01-05 09:35:19.470,0.1949,0.1949,3.0,0.1944,13.0,13815.0,1516.0
2021-01-05 09:35:20.120,0.1949,0.1953,30.0,0.1944,13.0,13815.0,1516.0
2021-01-05 09:35:20.681,0.1949,0.1957,10.0,0.195,20.0,13815.0,1516.0
2021-01-05 09:35:21.180,0.1949,0.1957,10.0,0.1953,30.0,13815.0,1516.0
2021-01-05 09:35:21.591,0.1957,0.1964,10.0,0.1957,14.0,13805.0,1536.0
2021-01-05 09:35:22.171,0.1957,0.1964,10.0,0.1959,1.0,13805.0,1536.0
2021-01-05 09:35:22.640,0.1957,0.1964,10.0,0.1959,14.0,13805.0,1536.0
2021-01-05 09:35:23.130,0.1957,0.1964,10.0,0.1959,14.0,13805.0,1536.0
2021-01-05 09:35:23.680,0.1957,0.1968,30.0,0.196,13.0,13805.0,1536.0
2021-01-05 09:35:24.171,0.1959,0.196,7.0,0.1959,13.0,13805.0,1550.0
2021-01-05 09:35:24.671,0.196,0.1965,30.0,0.1957,20.0,13800.0,1559.0
2021-01-05 09:35:25.111,0.196,0.1969,50.0,0.196,20.0,13800.0,1559.0
2021-01-05 09:35:25.620,0.196,0.1969,20.0,0.1961,13.0,13800.0,1559.0
2021-01-05 09:35:26.160,0.196,0.1968,10.0,0.1961,15.0,13800.0,1559.0
2021-01-05 09:35:26.651,0.1969,0.1973,30.0,0.1963,20.0,13811.0,1570.0
2021-01-05 09:35:27.120,0.1969,0.1973,30.0,0.1964,13.0,13811.0,1570.0
2021-01-05 09:35:27.641,0.1969,0.1966,20.0,0.1962,13.0,13811.0,1570.0
2021-01-05 09:35:28.131,0.1969,0.1966,20.0,0.1965,2.0,13811.0,1570.0
2021-01-05 09:35:28.390,0.1965,0.1965,3.0,0.196,33.0,13812.0,1571.0
2021-01-05 09:35:29.641,0.1965,0.1965,3.0,0.196,13.0,13812.0,1571.0
2021-01-05 09:35:30.121,0.1965,0.1965,2.0,0.1963,20.0,13812.0,1571.0
2021-01-05 09:35:30.690,0.1965,0.1973,43.0,0.1963,20.0,13810.0,1573.0
2021-01-05 09:35:31.170,0.1965,0.1971,20.0,0.1963,20.0,13810.0,1573.0
2021-01-05 09:35:31.600,0.1965,0.1969,20.0,0.1963,20.0,13810.0,1573.0
2021-01-05 09:35:32.150,0.1965,0.1969,20.0,0.1964,13.0,13810.0,1573.0
2021-01-05 09:35:32.630,0.1969,0.1971,20.0,0.1963,20.0,13823.0,1586.0
2021-01-05 09:35:33.160,0.1969,0.1972,20.0,0.1965,20.0,13823.0,1586.0
2021-01-05 09:35:33.640,0.1972,0.1972,18.0,0.1968,20.0,13823.0,1588.0
2021-01-05 09:35:34.190,0.1972,0.1977,20.0,0.1972,5.0,13823.0,1599.0
2021-01-05 09:35:34.611,0.1972,0.1976,10.0,0.1972,4.0,13823.0,1600.0
2021-01-05 09:35:35.200,0.1976,0.1979,40.0,0.1972,4.0,13823.0,1610.0
2021-01-05 09:35:35.590,0.1976,0.1978,10.0,0.1973,13.0,13823.0,1610.0
2021-01-05 09:35:36.180,0.1978,0.198,19.0,0.1973,13.0,13823.0,1611.0
2021-01-05 09:35:36.601,0.1978,0.198,29.0,0.1972,20.0,13823.0,1611.0
2021-01-05 09:35:37.171,0.1978,0.198,29.0,0.1973,13.0,13823.0,1611.0
2021-01-05 09:35:37.640,0.1978,0.198,29.0,0.1973,13.0,13823.0,1611.0
2021-01-05 09:35:38.190,0.1978,0.198,29.0,0.1973,13.0,13823.0,1611.0
2021-01-05 09:35:38.591,0.1972,0.1976,20.0,0.1973,13.0,13810.0,1643.0
2021-01-05 09:35:39.140,0.1972,0.1973,13.0,0.1968,20.0,13810.0,1643.0
2021-01-05 09:35:39.690,0.1972,0.1973,13.0,0.1968,20.0,13810.0,1643.0
2021-01-05 09:35:40.191,0.1968,0.1973,33.0,0.1965,22.0,13810.0,1663.0
2021-01-05 09:35:40.691,0.1968,0.1973,33.0,0.1965,22.0,13810.0,1663.0
2021-01-05 09:35:41.190,0.1968,0.1973,43.0,0.1965,22.0,13810.0,1663.0
2021-01-05 09:35:41.680,0.1968,0.1973,43.0,0.1965,2.0,13810.0,1663.0
2021-01-05 09:35:42.160,0.1968,0.1973,33.0,0.1967,20.0,13810.0,1663.0
2021-01-05 09:35:42.621,0.1968,0.1973,13.0,0.1969,20.0,13810.0,1663.0
2021-01-05 09:35:43.190,0.1968,0.198,20.0,0.1973,20.0,13810.0,1663.0
2021-01-05 09:35:43.661,0.1966,0.1974,20.0,0.1966,11.0,13801.0,1672.0
2021-01-05 09:35:44.101,0.1971,0.1976,20.0,0.1971,11.0,13794.0,1683.0
2021-01-05 09:35:44.681,0.1974,0.1981,20.0,0.1974,15.0,13785.0,1693.0
2021-01-05 09:35:45.071,0.1974,0.1984,49.0,0.1976,7.0,13785.0,1693.0
2021-01-05 09:35:45.440,0.1977,0.1984,20.0,0.1977,24.0,13776.0,1702.0
2021-01-05 09:35:45.891,0.1984,0.1986,1.0,0.1978,16.0,13776.0,1704.0
2021-01-05 09:35:46.700,0.1979,0.1986,1.0,0.1979,25.0,13776.0,1722.0
2021-01-05 09:35:47.201,0.1986,0.1989,20.0,0.198,13.0,13775.0,1723.0
2021-01-05 09:35:47.691,0.1986,0.1989,20.0,0.1981,30.0,13775.0,1723.0
2021-01-05 09:35:48.181,0.1986,0.1993,10.0,0.1983,20.0,13775.0,1723.0
2021-01-05 09:35:48.650,0.1986,0.1988,20.0,0.1984,13.0,13775.0,1723.0
2021-01-05 09:35:49.001,0.1986,0.1991,20.0,0.1984,2.0,13775.0,1723.0
2021-01-05 09:35:49.701,0.1983,0.1992,10.0,0.1985,13.0,13770.0,1728.0
2021-01-05 09:35:50.121,0.1983,0.1992,10.0,0.1986,3.0,13770.0,1728.0
2021-01-05 09:35:50.630,0.1992,0.1993,30.0,0.1986,13.0,13778.0,1736.0
2021-01-05 09:35:51.180,0.1992,0.1993,30.0,0.1986,13.0,13778.0,1736.0
2021-01-05 09:35:51.710,0.1992,0.1987,20.0,0.1986,3.0,13778.0,1736.0
2021-01-05 09:35:52.190,0.1986,0.1987,20.0,0.1984,13.0,13781.0,1739.0
2021-01-05 09:35:52.661,0.1986,0.1987,20.0,0.1986,1.0,13781.0,1739.0
2021-01-05 09:35:53.111,0.1986,0.199,20.0,0.1986,10.0,13782.0,1740.0
2021-01-05 09:35:53.570,0.1986,0.199,30.0,0.1983,13.0,13792.0,1750.0
2021-01-05 09:35:54.161,0.1986,0.1987,20.0,0.1983,10.0,13792.0,1750.0
2021-01-05 09:35:54.640,0.1983,0.1983,10.0,0.1979,13.0,13802.0,1760.0
2021-01-05 09:35:55.181,0.1979,0.1979,20.0,0.1974,13.0,13802.0,1773.0
2021-01-05 09:35:55.581,0.1979,0.1979,33.0,0.1969,20.0,13802.0,1773.0
2021-01-05 09:35:56.121,0.1979,0.1976,1.0,0.197,50.0,13802.0,1773.0
2021-01-05 09:35:56.690,0.1976,0.198,13.0,0.1975,20.0,13802.0,1774.0
2021-01-05 09:35:57.141,0.1975,0.198,23.0,0.1977,1.0,13802.0,1775.0
2021-01-05 09:35:57.681,0.1975,0.198,23.0,0.1977,1.0,13802.0,1775.0
2021-01-05 09:35:57.881,0.1977,0.1981,40.0,0.1972,33.0,13802.0,1776.0
2021-01-05 09:35:58.701,0.1977,0.1981,40.0,0.1974,20.0,13802.0,1776.0
2021-01-05 09:35:59.160,0.1981,0.1984,20.0,0.1981,16.0,13802.0,1796.0
2021-01-05 09:35:59.640,0.1984,0.1986,20.0,0.1981,16.0,13802.0,1801.0
2021-01-05 09:36:00.201,0.1986,0.1986,19.0,0.1982,33.0,13802.0,1812.0
2021-01-05 09:36:00.680,0.1986,0.1991,53.0,0.1982,33.0,13802.0,1813.0
2021-01-05 09:36:01.181,0.1986,0.1989,20.0,0.1982,30.0,13802.0,1813.0
2021-01-05 09:36:01.671,0.1986,0.1988,13.0,0.1982,30.0,13802.0,1813.0
2021-01-05 09:36:02.170,0.1977,0.1982,17.0,0.1981,1.0,13811.0,1844.0
2021-01-05 09:36:02.701,0.1982,0.1981,20.0,0.1973,33.0,13817.0,1850.0
2021-01-05 09:36:03.150,0.1973,0.1978,20.0,0.197,50.0,13823.0,1856.0
2021-01-05 09:36:03.700,0.1973,0.1977,3.0,0.197,50.0,13823.0,1856.0
2021-01-05 09:36:04.201,0.1973,0.1977,16.0,0.197,50.0,13823.0,1856.0
2021-01-05 09:36:04.670,0.1973,0.1978,20.0,0.197,50.0,13823.0,1856.0
2021-01-05 09:36:05.150,0.1973,0.1977,7.0,0.1971,20.0,13823.0,1856.0
2021-01-05 09:36:05.690,0.1973,0.1977,7.0,0.1974,20.0,13823.0,1856.0
2021-01-05 09:36:06.180,0.1977,0.1981,20.0,0.1974,20.0,13823.0,1863.0
2021-01-05 09:36:06.691,0.1977,0.1979,10.0,0.1971,20.0,13823.0,1863.0
2021-01-05 09:36:07.181,0.1977,0.1977,4.0,0.1971,20.0,13823.0,1863.0
2021-01-05 09:36:07.640,0.1977,0.1977,4.0,0.1971,20.0,13823.0,1863.0
2021-01-05 09:36:08.170,0.1977,0.1977,4.0,0.1971,20.0,13823.0,1863.0
2021-01-05 09:36:08.641,0.1977,0.1978,13.0,0.1971,20.0,13828.0,1868.0
2021-01-05 09:36:09.161,0.1977,0.1974,2.0,0.1971,20.0,13828.0,1868.0
2021-01-05 09:36:09.691,0.1977,0.1971,3.0,0.197,60.0,13828.0,1868.0
2021-01-05 09:36:10.101,0.197,0.1971,2.0,0.197,30.0,13829.0,1889.0
2021-01-05 09:36:10.671,0.197,0.1972,20.0,0.1966,10.0,13814.0,1919.0
2021-01-05 09:36:11.180,0.197,0.1972,20.0,0.1966,10.0,13814.0,1919.0
2021-01-05 09:36:11.651,0.197,0.1974,13.0,0.197,10.0,13814.0,1919.0
2021-01-05 09:36:12.181,0.197,0.1975,30.0,0.197,9.0,13814.0,1920.0
2021-01-05 09:36:12.281,0.197,0.1975,20.0,0.1971,10.0,13814.0,1920.0
2021-01-05 09:36:13.190,0.197,0.1975,20.0,0.1971,10.0,13814.0,1920.0
2021-01-05 09:36:13.680,0.197,0.1975,20.0,0.1971,10.0,13814.0,1920.0
2021-01-05 09:36:14.150,0.197,0.1975,20.0,0.1971,10.0,13814.0,1920.0
2021-01-05 09:36:14.611,0.1975,0.1975,27.0,0.197,10.0,13817.0,1923.0
2021-01-05 09:36:15.170,0.1975,0.1973,20.0,0.1969,10.0,13817.0,1923.0
2021-01-05 09:36:15.660,0.1975,0.1973,43.0,0.1969,10.0,13817.0,1923.0
2021-01-05 09:36:16.150,0.1975,0.1973,43.0,0.1967,10.0,13817.0,1923.0
2021-01-05 09:36:16.680,0.1975,0.1973,30.0,0.1967,10.0,13817.0,1923.0
2021-01-05 09:36:17.180,0.1975,0.1973,20.0,0.1967,10.0,13817.0,1923.0
2021-01-05 09:36:17.670,0.1975,0.1973,30.0,0.1967,10.0,13817.0,1923.0
2021-01-05 09:36:18.181,0.1975,0.1972,13.0,0.1967,10.0,13817.0,1923.0
2021-01-05 09:36:18.651,0.1965,0.197,20.0,0.1965,7.0,13817.0,1928.0
2021-01-05 09:36:18.761,0.1965,0.1973,20.0,0.1966,10.0,13817.0,1928.0
2021-01-05 09:36:19.691,0.1965,0.1971,20.0,0.1965,10.0,13817.0,1928.0
2021-01-05 09:36:20.161,0.1971,0.1971,19.0,0.1964,10.0,13818.0,1929.0
2021-01-05 09:36:20.690,0.1971,0.1971,39.0,0.1964,10.0,13821.0,1932.0
2021-01-05 09:36:21.091,0.1971,0.1968,20.0,0.1962,10.0,13821.0,1932.0
2021-01-05 09:36:21.691,0.1971,0.1968,20.0,0.1961,10.0,13821.0,1932.0
2021-01-05 09:36:22.171,0.1971,0.1968,20.0,0.1963,10.0,13821.0,1932.0
2021-01-05 09:36:22.680,0.1971,0.1968,20.0,0.1961,10.0,13821.0,1932.0
2021-01-05 09:36:23.191,0.1971,0.1968,20.0,0.1962,20.0,13821.0,1932.0
2021-01-05 09:36:23.681,0.1971,0.1971,13.0,0.1965,20.0,13821.0,1932.0
2021-01-05 09:36:24.171,0.1971,0.1974,13.0,0.1968,40.0,13821.0,1932.0
2021-01-05 09:36:24.701,0.1971,0.1975,13.0,0.1971,11.0,13821.0,1932.0
2021-01-05 09:36:25.181,0.1971,0.1974,10.0,0.197,20.0,13821.0,1932.0
2021-01-05 09:36:25.650,0.1971,0.1973,20.0,0.1965,20.0,13821.0,1932.0
2021-01-05 09:36:26.171,0.1973,0.1974,10.0,0.1973,8.0,13821.0,1952.0
2021-01-05 09:36:26.651,0.1974,0.1977,9.0,0.197,33.0,13821.0,1953.0
2021-01-05 09:36:27.070,0.1974,0.1977,10.0,0.1974,10.0,13821.0,1953.0
2021-01-05 09:36:27.690,0.1974,0.1977,10.0,0.1974,10.0,13821.0,1953.0
2021-01-05 09:36:28.040,0.1977,0.1984,14.0,0.1977,10.0,13811.0,1963.0
2021-01-05 09:36:28.681,0.1977,0.1983,10.0,0.1977,30.0,13811.0,1963.0
2021-01-05 09:36:29.171,0.1984,0.1987,1.0,0.1984,1.0,13810.0,1964.0
2021-01-05 09:36:29.661,0.1984,0.1984,1.0,0.198,20.0,13810.0,1964.0
2021-01-05 09:36:30.161,0.1984,0.1987,1.0,0.1982,10.0,13810.0,1965.0
2021-01-05 09:36:30.651,0.1984,0.1985,20.0,0.1979,10.0,13810.0,1965.0
2021-01-05 09:36:31.181,0.1984,0.1986,10.0,0.198,10.0,13810.0,1965.0
2021-01-05 09:36:31.690,0.1984,0.1985,20.0,0.198,10.0,13810.0,1965.0
2021-01-05 09:36:32.130,0.1984,0.1987,21.0,0.198,10.0,13810.0,1965.0
2021-01-05 09:36:32.660,0.1984,0.1986,10.0,0.198,10.0,13810.0,1965.0
2021-01-05 09:36:33.200,0.1984,0.1982,20.0,0.1976,23.0,13810.0,1965.0
2021-01-05 09:36:33.670,0.1984,0.1982,20.0,0.1977,10.0,13810.0,1965.0
2021-01-05 09:36:34.091,0.1984,0.1986,13.0,0.198,10.0,13810.0,1965.0
2021-01-05 09:36:34.671,0.1984,0.1986,10.0,0.198,10.0,13810.0,1965.0
2021-01-05 09:36:34.971,0.1984,0.1981,20.0,0.1975,10.0,13810.0,1965.0
2021-01-05 09:36:35.701,0.1984,0.1981,20.0,0.1976,10.0,13810.0,1965.0
2021-01-05 09:36:36.191,0.1984,0.1985,20.0,0.1981,2.0,13810.0,1965.0
2021-01-05 09:36:36.700,0.1984,0.199,30.0,0.1981,50.0,13810.0,1965.0
2021-01-05 09:36:37.190,0.1984,0.1988,20.0,0.1981,50.0,13810.0,1965.0
2021-01-05 09:36:37.691,0.1984,0.1988,20.0,0.1981,40.0,13810.0,1965.0
2021-01-05 09:36:38.041,0.1984,0.1988,20.0,0.1981,40.0,13810.0,1965.0
2021-01-05 09:36:38.640,0.1984,0.1987,10.0,0.1981,40.0,13810.0,1965.0
2021-01-05 09:36:39.680,0.1984,0.1987,10.0,0.1981,40.0,13810.0,1965.0
2021-01-05 09:36:40.191,0.1984,0.1982,20.0,0.1981,20.0,13810.0,1965.0
2021-01-05 09:36:40.700,0.1984,0.1986,13.0,0.1981,10.0,13810.0,1965.0
2021-01-05 09:36:41.201,0.1981,0.1981,10.0,0.1979,20.0,13820.0,1975.0
2021-01-05 09:36:41.641,0.1981,0.1983,20.0,0.1978,10.0,13820.0,1975.0
2021-01-05 09:36:42.021,0.1979,0.1979,6.0,0.1977,20.0,13830.0,1985.0
2021-01-05 09:36:42.690,0.1979,0.1983,20.0,0.1974,20.0,13830.0,1985.0
2021-01-05 09:36:43.180,0.1979,0.1984,13.0,0.1978,20.0,13830.0,1985.0
2021-01-05 09:36:43.700,0.1979,0.1982,2.0,0.1978,20.0,13830.0,1985.0
2021-01-05 09:36:44.200,0.1979,0.1985,20.0,0.1978,20.0,13830.0,1985.0
2021-01-05 09:36:44.680,0.1979,0.1985,30.0,0.1978,20.0,13830.0,1985.0
2021-01-05 09:36:45.191,0.1979,0.199,43.0,0.1981,20.0,13830.0,1985.0
2021-01-05 09:36:45.631,0.1979,0.1989,10.0,0.1982,13.0,13830.0,1985.0
2021-01-05 09:36:46.111,0.1979,0.1993,30.0,0.1984,20.0,13830.0,1985.0
2021-01-05 09:36:46.501,0.1979,0.1993,10.0,0.1989,10.0,13830.0,1985.0
2021-01-05 09:36:47.130,0.1979,0.1994,10.0,0.1993,10.0,13830.0,1985.0
2021-01-05 09:36:47.660,0.1979,0.199,1.0,0.1989,13.0,13830.0,1985.0
2021-01-05 09:36:48.130,0.199,0.1997,10.0,0.199,3.0,13830.0,1986.0
2021-01-05 09:36:48.630,0.199,0.1994,20.0,0.199,13.0,13830.0,1986.0
2021-01-05 09:36:49.170,0.199,0.1998,10.0,0.199,20.0,13830.0,1986.0
2021-01-05 09:36:49.700,0.199,0.1997,40.0,0.199,20.0,13830.0,1986.0
2021-01-05 09:36:50.190,0.199,0.1997,40.0,0.199,19.0,13829.0,1987.0
2021-01-05 09:36:50.670,0.199,0.1997,53.0,0.199,19.0,13829.0,1987.0
2021-01-05 09:36:51.171,0.199,0.1997,53.0,0.1987,30.0,13829.0,1987.0
2021-01-05 09:36:51.671,0.199,0.1997,43.0,0.1991,10.0,13829.0,1987.0
2021-01-05 09:36:52.180,0.199,0.1997,30.0,0.1991,10.0,13829.0,1987.0
2021-01-05 09:36:52.670,0.199,0.1997,10.0,0.1991,30.0,13829.0,1987.0
2021-01-05 09:36:53.191,0.199,0.1996,1.0,0.1991,30.0,13829.0,1987.0
2021-01-05 09:36:53.680,0.199,0.2,35.0,0.1996,1.0,13829.0,1987.0
2021-01-05 09:36:54.180,0.1996,0.1995,20.0,0.1989,10.0,13829.0,1988.0
2021-01-05 09:36:54.631,0.1996,0.1992,20.0,0.1986,10.0,13829.0,1988.0
2021-01-05 09:36:55.141,0.1996,0.1994,20.0,0.1988,10.0,13829.0,1988.0
2021-01-05 09:36:55.651,0.1988,0.1993,10.0,0.1986,20.0,13833.0,1992.0
2021-01-05 09:36:56.141,0.1988,0.1992,20.0,0.1986,20.0,13833.0,1992.0
2021-01-05 09:36:56.691,0.1988,0.1993,1.0,0.1987,10.0,13833.0,1992.0
2021-01-05 09:36:57.171,0.1988,0.1993,11.0,0.1987,10.0,13833.0,1992.0
2021-01-05 09:36:57.601,0.1988,0.1992,20.0,0.1986,20.0,13833.0,1992.0
2021-01-05 09:36:58.160,0.1988,0.1992,30.0,0.1986,33.0,13833.0,1992.0
2021-01-05 09:36:58.610,0.1988,0.1991,1.0,0.1984,43.0,13833.0,1992.0
2021-01-05 09:36:59.181,0.1988,0.1991,1.0,0.1988,20.0,13833.0,1992.0
2021-01-05 09:36:59.690,0.1991,0.1997,10.0,0.1992,19.0,13833.0,1993.0
2021-01-05 09:37:00.151,0.1991,0.1996,10.0,0.1992,19.0,13833.0,1993.0
2021-01-05 09:37:00.700,0.1991,0.1997,10.0,0.1992,19.0,13833.0,1993.0
2021-01-05 09:37:01.061,0.1991,0.1997,10.0,0.199,20.0,13833.0,1993.0
2021-01-05 09:37:01.630,0.1991,0.1994,20.0,0.1987,30.0,13833.0,1993.0
2021-01-05 09:37:02.191,0.1991,0.1994,40.0,0.1986,13.0,13833.0,1993.0
2021-01-05 09:37:02.610,0.1991,0.1991,30.0,0.1985,13.0,13833.0,1993.0
2021-01-05 09:37:03.151,0.1991,0.1993,20.0,0.1986,30.0,13833.0,1993.0
2021-01-05 09:37:03.630,0.1991,0.1991,20.0,0.1983,23.0,13833.0,1993.0
2021-01-05 09:37:03.891,0.1996,0.199,10.0,0.1981,10.0,13880.0,2044.0
2021-01-05 09:37:04.690,0.1996,0.1986,20.0,0.1981,10.0,13880.0,2044.0
2021-01-05 09:37:05.140,0.1996,0.1986,33.0,0.1981,10.0,13880.0,2044.0
2021-01-05 09:37:05.701,0.1996,0.1985,13.0,0.1978,10.0,13880.0,2044.0
2021-01-05 09:37:06.171,0.1996,0.1982,3.0,0.1978,10.0,13880.0,2044.0
2021-01-05 09:37:06.171,0.1996,0.1981,13.0,0.1974,30.0,13880.0,2044.0
2021-01-05 09:37:07.180,0.1996,0.1981,13.0,0.1975,10.0,13880.0,2044.0
2021-01-05 09:37:07.681,0.1996,0.1982,16.0,0.1978,20.0,13880.0,2044.0
2021-01-05 09:37:08.190,0.1982,0.1986,23.0,0.1982,20.0,13877.0,2060.0
2021-01-05 09:37:08.630,0.1982,0.1989,10.0,0.1983,13.0,13877.0,2060.0
2021-01-05 09:37:09.170,0.1982,0.1991,10.0,0.1986,22.0,13877.0,2060.0
2021-01-05 09:37:09.660,0.1991,0.1994,20.0,0.1986,35.0,13867.0,2070.0
2021-01-05 09:37:10.121,0.1986,0.1993,20.0,0.1978,30.0,13867.0,2090.0
2021-01-05 09:37:10.701,0.1986,0.1983,20.0,0.1979,13.0,13867.0,2090.0
2021-01-05 09:37:11.201,0.1986,0.1983,20.0,0.1979,2.0,13867.0,2090.0
2021-01-05 09:37:11.641,0.1986,0.1983,20.0,0.1976,30.0,13867.0,2090.0
2021-01-05 09:37:12.131,0.1986,0.1983,20.0,0.1976,30.0,13867.0,2090.0
2021-01-05 09:37:12.131,0.1986,0.1983,30.0,0.1976,20.0,13867.0,2090.0
2021-01-05 09:37:13.181,0.1986,0.1983,20.0,0.1973,43.0,13867.0,2090.0
2021-01-05 09:37:13.681,0.1986,0.1984,13.0,0.1979,20.0,13867.0,2090.0
2021-01-05 09:37:14.130,0.1986,0.1987,33.0,0.1981,20.0,13867.0,2090.0
2021-01-05 09:37:14.651,0.1986,0.1987,30.0,0.1984,11.0,13867.0,2090.0
2021-01-05 09:37:15.160,0.1986,0.199,10.0,0.1984,20.0,13867.0,2090.0
2021-01-05 09:37:15.671,0.1986,0.1988,10.0,0.1982,20.0,13867.0,2090.0
2021-01-05 09:37:16.190,0.1986,0.1988,10.0,0.1982,20.0,13867.0,2090.0
2021-01-05 09:37:16.461,0.1986,0.1984,30.0,0.1977,13.0,13867.0,2090.0
2021-01-05 09:37:17.200,0.1986,0.1984,20.0,0.1978,30.0,13867.0,2090.0
2021-01-05 09:37:17.671,0.1986,0.1987,43.0,0.198,20.0,13867.0,2090.0
2021-01-05 09:37:18.061,0.1986,0.1986,10.0,0.198,20.0,13867.0,2090.0
2021-01-05 09:37:18.710,0.1986,0.1986,10.0,0.198,33.0,13867.0,2090.0
2021-01-05 09:37:18.891,0.1986,0.1989,10.0,0.1982,20.0,13867.0,2090.0
2021-01-05 09:37:19.711,0.1986,0.1988,40.0,0.1982,20.0,13867.0,2090.0
2021-01-05 09:37:20.191,0.1986,0.1989,10.0,0.1982,33.0,13867.0,2090.0
2021-01-05 09:37:20.691,0.1986,0.1988,10.0,0.1982,20.0,13867.0,2090.0
2021-01-05 09:37:21.200,0.1986,0.1985,20.0,0.1978,10.0,13867.0,2090.0
2021-01-05 09:37:21.701,0.1986,0.1982,20.0,0.1976,10.0,13867.0,2090.0
2021-01-05 09:37:22.030,0.1986,0.1982,20.0,0.1976,10.0,13867.0,2090.0
2021-01-05 09:37:22.641,0.1982,0.1982,10.0,0.1976,10.0,13887.0,2110.0
2021-01-05 09:37:23.100,0.1982,0.1982,20.0,0.1975,20.0,13887.0,2110.0
2021-01-05 09:37:23.701,0.1982,0.1981,13.0,0.1975,20.0,13887.0,2110.0
2021-01-05 09:37:24.080,0.1982,0.1981,10.0,0.1976,10.0,13887.0,2110.0
2021-01-05 09:37:24.631,0.1982,0.1981,20.0,0.1976,13.0,13887.0,2110.0
2021-01-05 09:37:24.771,0.1978,0.1985,43.0,0.1975,10.0,13867.0,2130.0
2021-01-05 09:37:25.670,0.1978,0.1983,20.0,0.1976,20.0,13867.0,2130.0
2021-01-05 09:37:26.170,0.1978,0.1983,20.0,0.1976,30.0,13867.0,2130.0
2021-01-05 09:37:26.610,0.1978,0.198,20.0,0.1973,30.0,13867.0,2130.0
2021-01-05 09:37:27.130,0.1982,0.1982,13.0,0.1975,30.0,13869.0,2132.0
2021-01-05 09:37:27.130,0.1982,0.1983,20.0,0.1975,30.0,13869.0,2132.0
2021-01-05 09:37:28.081,0.1982,0.1981,20.0,0.1975,20.0,13869.0,2132.0
2021-01-05 09:37:28.560,0.1982,0.1981,20.0,0.1974,10.0,13869.0,2132.0
2021-01-05 09:37:29.130,0.1982,0.1984,30.0,0.1976,20.0,13869.0,2132.0
2021-01-05 09:37:29.691,0.1982,0.1983,10.0,0.1976,20.0,13869.0,2132.0
2021-01-05 09:37:30.191,0.1977,0.1977,18.0,0.1971,14.0,13871.0,2134.0
2021-01-05 09:37:30.590,0.1977,0.1982,20.0,0.1977,2.0,13871.0,2134.0
2021-01-05 09:37:31.190,0.1977,0.1982,30.0,0.1974,20.0,13871.0,2134.0
2021-01-05 09:37:31.691,0.1977,0.1982,30.0,0.1977,1.0,13871.0,2134.0
2021-01-05 09:37:32.181,0.1977,0.1982,30.0,0.1977,1.0,13871.0,2134.0
2021-01-05 09:37:32.651,0.1982,0.1985,10.0,0.1977,1.0,13871.0,2164.0
2021-01-05 09:37:33.180,0.1982,0.199,10.0,0.1981,20.0,13871.0,2164.0
2021-01-05 09:37:33.581,0.1982,0.1988,20.0,0.1982,3.0,13871.0,2164.0
2021-01-05 09:37:34.200,0.1982,0.1986,20.0,0.1982,3.0,13871.0,2164.0
2021-01-05 09:37:34.500,0.1982,0.1982,3.0,0.1979,10.0,13871.0,2164.0
2021-01-05 09:37:35.170,0.1979,0.1982,3.0,0.1978,20.0,13878.0,2174.0
2021-01-05 09:37:35.641,0.1978,0.1981,20.0,0.1977,1.0,13878.0,2176.0
2021-01-05 09:37:36.140,0.1977,0.1984,20.0,0.1977,20.0,13879.0,2177.0
2021-01-05 09:37:36.671,0.1977,0.1981,20.0,0.1976,10.0,13879.0,2177.0
2021-01-05 09:37:37.180,0.1976,0.1979,1.0,0.1974,20.0,13889.0,2187.0
2021-01-05 09:37:37.691,0.1974,0.1979,1.0,0.1974,15.0,13889.0,2192.0
2021-01-05 09:37:38.161,0.1974,0.1978,3.0,0.1972,13.0,13889.0,2197.0
2021-01-05 09:37:38.651,0.1974,0.1976,20.0,0.1971,1.0,13889.0,2197.0
2021-01-05 09:37:39.170,0.1974,0.1974,20.0,0.1971,1.0,13889.0,2197.0
2021-01-05 09:37:39.700,0.1974,0.1974,20.0,0.1971,1.0,13889.0,2197.0
2021-01-05 09:37:40.161,0.1974,0.1974,20.0,0.1971,1.0,13889.0,2197.0
2021-01-05 09:37:40.701,0.1974,0.1974,20.0,0.1971,1.0,13889.0,2197.0
2021-01-05 09:37:41.131,0.1974,0.1974,20.0,0.1971,1.0,13889.0,2197.0
2021-01-05 09:37:41.671,0.1974,0.1974,20.0,0.1971,1.0,13889.0,2197.0
2021-01-05 09:37:42.130,0.1971,0.1971,1.0,0.1965,20.0,13890.0,2198.0
2021-01-05 09:37:42.691,0.1971,0.1971,1.0,0.1965,30.0,13890.0,2198.0
2021-01-05 09:37:43.181,0.1971,0.1971,34.0,0.1963,40.0,13890.0,2198.0
2021-01-05 09:37:43.640,0.1971,0.197,13.0,0.1963,30.0,13890.0,2198.0
2021-01-05 09:37:44.140,0.1971,0.197,23.0,0.1963,10.0,13890.0,2198.0
2021-01-05 09:37:44.651,0.1971,0.1967,20.0,0.1961,10.0,13890.0,2198.0
2021-01-05 09:37:45.171,0.1971,0.1967,20.0,0.196,10.0,13890.0,2198.0
2021-01-05 09:37:45.191,0.1971,0.1967,30.0,0.196,10.0,13890.0,2198.0
2021-01-05 09:37:46.161,0.1971,0.1966,13.0,0.196,10.0,13890.0,2198.0
2021-01-05 09:37:46.520,0.1971,0.1967,20.0,0.1961,10.0,13890.0,2198.0
2021-01-05 09:37:47.210,0.1967,0.1967,25.0,0.1962,10.0,13895.0,2203.0
2021-01-05 09:37:47.661,0.1967,0.1971,33.0,0.1967,15.0,13895.0,2213.0
2021-01-05 09:37:48.201,0.1967,0.1971,30.0,0.1967,15.0,13895.0,2213.0
2021-01-05 09:37:48.700,0.1967,0.1968,20.0,0.1967,15.0,13895.0,2213.0
2021-01-05 09:37:49.031,0.1967,0.1968,20.0,0.1967,5.0,13895.0,2223.0
2021-01-05 09:37:49.670,0.1967,0.1968,30.0,0.1961,20.0,13895.0,2223.0
2021-01-05 09:37:50.220,0.1967,0.1967,13.0,0.1962,10.0,13895.0,2223.0
2021-01-05 09:37:50.681,0.1967,0.1967,13.0,0.1963,20.0,13895.0,2223.0
2021-01-05 09:37:51.161,0.1967,0.1969,13.0,0.1963,20.0,13895.0,2223.0
2021-01-05 09:37:51.691,0.1967,0.1973,13.0,0.1967,4.0,13895.0,2223.0
2021-01-05 09:37:52.191,0.1967,0.1969,10.0,0.1963,20.0,13895.0,2223.0
2021-01-05 09:37:52.660,0.1967,0.197,30.0,0.1963,10.0,13895.0,2223.0
2021-01-05 09:37:53.161,0.1967,0.1968,20.0,0.1963,23.0,13895.0,2223.0
2021-01-05 09:37:53.620,0.1967,0.1972,10.0,0.1966,20.0,13895.0,2223.0
2021-01-05 09:37:54.170,0.1967,0.1967,20.0,0.1962,13.0,13895.0,2223.0
2021-01-05 09:37:54.170,0.1967,0.1969,20.0,0.1961,10.0,13895.0,2223.0
2021-01-05 09:37:55.190,0.1967,0.1966,20.0,0.1962,10.0,13895.0,2223.0
2021-01-05 09:37:55.691,0.1967,0.1966,20.0,0.1961,10.0,13895.0,2223.0
2021-01-05 09:37:56.100,0.1967,0.1966,20.0,0.1961,10.0,13895.0,2223.0
2021-01-05 09:37:56.611,0.1961,0.1964,20.0,0.1957,20.0,13895.0,2233.0
2021-01-05 09:37:57.170,0.1961,0.1962,20.0,0.1956,10.0,13895.0,2233.0
2021-01-05 09:37:57.601,0.1961,0.1956,1.0,0.1952,23.0,13895.0,2233.0
2021-01-05 09:37:58.091,0.1956,0.196,20.0,0.1954,10.0,13894.0,2234.0
2021-01-05 09:37:58.600,0.1956,0.196,30.0,0.1954,30.0,13894.0,2234.0
2021-01-05 09:37:59.130,0.196,0.1963,20.0,0.1956,20.0,13894.0,2256.0
2021-01-05 09:38:00.100,0.1964,0.1964,8.0,0.1959,20.0,13894.0,2258.0
2021-01-05 09:38:00.680,0.1964,0.1963,10.0,0.1959,20.0,13894.0,2258.0
2021-01-05 09:38:01.180,0.1964,0.1963,10.0,0.1956,20.0,13894.0,2258.0
2021-01-05 09:38:02.190,0.1964,0.1964,30.0,0.1956,33.0,13894.0,2258.0
2021-01-05 09:38:02.680,0.1964,0.1964,30.0,0.1956,43.0,13894.0,2258.0
2021-01-05 09:38:03.191,0.1964,0.1964,30.0,0.1956,33.0,13894.0,2258.0
2021-01-05 09:38:03.691,0.1964,0.1964,30.0,0.1957,23.0,13894.0,2258.0
2021-01-05 09:38:04.090,0.1964,0.1966,10.0,0.196,20.0,13894.0,2258.0
2021-01-05 09:38:04.680,0.196,0.1966,10.0,0.196,19.0,13893.0,2259.0
2021-01-05 09:38:05.181,0.196,0.1968,10.0,0.196,19.0,13893.0,2259.0
2021-01-05 09:38:05.671,0.196,0.1966,10.0,0.196,19.0,13893.0,2259.0
2021-01-05 09:38:06.151,0.196,0.1966,10.0,0.1959,13.0,13893.0,2259.0
2021-01-05 09:38:06.691,0.196,0.1967,30.0,0.196,20.0,13893.0,2259.0
2021-01-05 09:38:07.200,0.1967,0.197,5.0,0.1963,20.0,13888.0,2264.0
2021-01-05 09:38:07.590,0.197,0.1976,10.0,0.1966,20.0,13883.0,2269.0
2021-01-05 09:38:08.021,0.197,0.197,10.0,0.1966,53.0,13883.0,2269.0
2021-01-05 09:38:09.160,0.197,0.1976,10.0,0.197,10.0,13883.0,2269.0
2021-01-05 09:38:09.611,0.197,0.1976,10.0,0.1971,13.0,13883.0,2269.0
2021-01-05 09:38:10.180,0.1971,0.1976,10.0,0.1971,12.0,13882.0,2270.0
2021-01-05 09:38:10.670,0.1976,0.1979,11.0,0.1971,13.0,13872.0,2280.0
2021-01-05 09:38:11.141,0.1976,0.1979,11.0,0.1971,10.0,13872.0,2280.0
2021-01-05 09:38:11.701,0.1976,0.1977,20.0,0.197,20.0,13872.0,2280.0
2021-01-05 09:38:12.191,0.197,0.1976,10.0,0.1968,13.0,13872.0,2300.0
2021-01-05 09:38:12.531,0.197,0.1975,20.0,0.1968,10.0,13872.0,2300.0
2021-01-05 09:38:13.110,0.197,0.1978,10.0,0.1971,20.0,13872.0,2300.0
2021-01-05 09:38:13.690,0.197,0.1977,10.0,0.1971,33.0,13872.0,2300.0
2021-01-05 09:38:14.141,0.197,0.1979,11.0,0.1977,3.0,13872.0,2300.0
2021-01-05 09:38:14.691,0.1979,0.1981,10.0,0.1977,3.0,13872.0,2301.0
2021-01-05 09:38:15.150,0.1979,0.1983,10.0,0.1979,4.0,13872.0,2301.0
2021-01-05 09:38:15.290,0.1979,0.1987,10.0,0.1979,4.0,13872.0,2301.0
2021-01-05 09:38:16.210,0.1979,0.1982,10.0,0.1976,13.0,13872.0,2301.0
2021-01-05 09:38:16.721,0.1979,0.1982,10.0,0.1975,20.0,13872.0,2301.0
2021-01-05 09:38:17.190,0.1979,0.1983,10.0,0.1977,20.0,13872.0,2301.0
2021-01-05 09:38:17.701,0.1979,0.1983,20.0,0.1977,20.0,13872.0,2301.0
2021-01-05 09:38:18.231,0.1979,0.1982,10.0,0.1977,20.0,13872.0,2301.0
2021-01-05 09:38:18.660,0.1979,0.1985,30.0,0.1977,20.0,13872.0,2301.0
2021-01-05 09:38:19.230,0.1979,0.1984,10.0,0.1979,20.0,13872.0,2301.0
2021-01-05 09:38:19.670,0.1979,0.1984,10.0,0.1979,20.0,13872.0,2301.0
2021-01-05 09:38:20.231,0.1979,0.1986,10.0,0.1979,20.0,13872.0,2301.0
2021-01-05 09:38:20.671,0.1979,0.1986,10.0,0.1979,43.0,13872.0,2301.0
2021-01-05 09:38:21.180,0.1979,0.1988,30.0,0.198,13.0,13872.0,2301.0
2021-01-05 09:38:21.670,0.1979,0.199,3.0,0.1982,30.0,13872.0,2301.0
2021-01-05 09:38:22.210,0.1979,0.1994,20.0,0.1985,10.0,13872.0,2301.0
2021-01-05 09:38:22.661,0.1979,0.1992,10.0,0.1986,13.0,13872.0,2301.0
2021-01-05 09:38:23.201,0.1979,0.1994,10.0,0.1986,33.0,13872.0,2301.0
2021-01-05 09:38:23.681,0.1979,0.1993,10.0,0.1987,13.0,13872.0,2301.0
2021-01-05 09:38:24.141,0.1979,0.1995,20.0,0.1987,23.0,13872.0,2301.0
2021-01-05 09:38:24.671,0.1979,0.1998,30.0,0.199,20.0,13872.0,2301.0
2021-01-05 09:38:25.101,0.1979,0.1993,20.0,0.1991,13.0,13872.0,2301.0
2021-01-05 09:38:25.700,0.1979,0.1993,20.0,0.1991,2.0,13872.0,2301.0
2021-01-05 09:38:26.100,0.1979,0.1998,10.0,0.1992,10.0,13872.0,2301.0
2021-01-05 09:38:26.701,0.1979,0.1995,20.0,0.1989,13.0,13872.0,2301.0
2021-01-05 09:38:27.151,0.1979,0.1995,30.0,0.1988,10.0,13872.0,2301.0
2021-01-05 09:38:27.691,0.1979,0.1995,20.0,0.1989,13.0,13872.0,2301.0
2021-01-05 09:38:28.171,0.1979,0.1998,10.0,0.1991,20.0,13872.0,2301.0
2021-01-05 09:38:28.680,0.1979,0.1997,20.0,0.1991,20.0,13872.0,2301.0
2021-01-05 09:38:29.191,0.1979,0.1996,10.0,0.1989,23.0,13872.0,2301.0
2021-01-05 09:38:29.621,0.1979,0.1999,1.0,0.1991,20.0,13872.0,2301.0
2021-01-05 09:38:30.061,0.1979,0.1998,10.0,0.1992,13.0,13872.0,2301.0
2021-01-05 09:38:30.670,0.1979,0.1997,20.0,0.1991,13.0,13872.0,2301.0
2021-01-05 09:38:31.181,0.1979,0.1999,21.0,0.1991,20.0,13872.0,2301.0
2021-01-05 09:38:31.650,0.1979,0.1998,10.0,0.1992,13.0,13872.0,2301.0
2021-01-05 09:38:32.171,0.1979,0.1999,1.0,0.1995,20.0,13872.0,2301.0
2021-01-05 09:38:32.701,0.1999,0.2,2.0,0.1995,20.0,13871.0,2302.0
2021-01-05 09:38:33.191,0.2,0.2007,30.0,0.2,2.0,13870.0,2304.0
2021-01-05 09:38:33.700,0.2,0.2009,10.0,0.2,21.0,13870.0,2305.0
2021-01-05 09:38:34.201,0.2,0.2013,10.0,0.2003,20.0,13870.0,2306.0
2021-01-05 09:38:35.200,0.2,0.2014,10.0,0.2005,33.0,13870.0,2306.0
2021-01-05 09:38:35.700,0.2,0.2014,2.0,0.2006,13.0,13870.0,2306.0
2021-01-05 09:38:36.180,0.2,0.2015,10.0,0.2006,13.0,13870.0,2306.0
2021-01-05 09:38:36.691,0.2,0.2014,10.0,0.2007,10.0,13870.0,2306.0
2021-01-05 09:38:37.160,0.2,0.2016,2.0,0.2008,13.0,13870.0,2306.0
2021-01-05 09:38:37.680,0.2009,0.2016,2.0,0.2009,19.0,13869.0,2307.0
2021-01-05 09:38:38.161,0.2009,0.2018,20.0,0.201,13.0,13869.0,2307.0
2021-01-05 09:38:38.660,0.2009,0.202,20.0,0.201,23.0,13869.0,2307.0
2021-01-05 09:38:39.161,0.2009,0.2021,10.0,0.2013,20.0,13869.0,2307.0
2021-01-05 09:38:39.661,0.2009,0.2021,10.0,0.2014,13.0,13869.0,2307.0
2021-01-05 09:38:39.901,0.2009,0.2031,10.0,0.202,20.0,13869.0,2307.0
2021-01-05 09:38:40.591,0.2009,0.203,10.0,0.2021,13.0,13869.0,2307.0
2021-01-05 09:38:41.140,0.2009,0.2027,20.0,0.2021,15.0,13869.0,2307.0
2021-01-05 09:38:41.640,0.2009,0.2032,30.0,0.2022,13.0,13869.0,2307.0
2021-01-05 09:38:42.191,0.2009,0.2029,20.0,0.2022,13.0,13869.0,2307.0
2021-01-05 09:38:42.700,0.2009,0.2032,20.0,0.2022,13.0,13869.0,2307.0
2021-01-05 09:38:43.190,0.2009,0.2029,20.0,0.2021,13.0,13869.0,2307.0
2021-01-05 09:38:43.701,0.2009,0.2033,10.0,0.2023,20.0,13869.0,2307.0
2021-01-05 09:38:44.200,0.2009,0.2032,20.0,0.2029,10.0,13869.0,2307.0
2021-01-05 09:38:44.600,0.2029,0.2024,20.0,0.202,10.0,13879.0,2317.0
2021-01-05 09:38:45.201,0.2021,0.2027,20.0,0.202,10.0,13870.0,2326.0
2021-01-05 09:38:45.580,0.2021,0.2024,20.0,0.202,10.0,13870.0,2326.0
2021-01-05 09:38:46.200,0.2021,0.2024,20.0,0.202,10.0,13870.0,2326.0
2021-01-05 09:38:46.631,0.2021,0.2024,20.0,0.202,10.0,13870.0,2326.0
2021-01-05 09:38:47.140,0.2021,0.2023,23.0,0.2021,1.0,13870.0,2326.0
2021-01-05 09:38:47.691,0.202,0.2022,20.0,0.202,3.0,13878.0,2334.0
2021-01-05 09:38:48.200,0.202,0.2017,20.0,0.2007,13.0,13881.0,2337.0
2021-01-05 09:38:48.650,0.202,0.2017,20.0,0.2007,13.0,13881.0,2337.0
2021-01-05 09:38:49.130,0.202,0.2016,23.0,0.2008,10.0,13881.0,2337.0
2021-01-05 09:38:49.691,0.202,0.2014,20.0,0.2008,10.0,13881.0,2337.0
2021-01-05 09:38:50.110,0.202,0.2014,20.0,0.2009,20.0,13881.0,2337.0
2021-01-05 09:38:50.651,0.202,0.2016,1.0,0.2009,20.0,13881.0,2337.0
2021-01-05 09:38:51.170,0.202,0.2016,1.0,0.2014,1.0,13881.0,2337.0
2021-01-05 09:38:51.520,0.2016,0.2023,13.0,0.2016,21.0,13881.0,2338.0
2021-01-05 09:38:52.140,0.2016,0.2025,20.0,0.2018,20.0,13881.0,2338.0
2021-01-05 09:38:52.630,0.2016,0.203,33.0,0.202,20.0,13881.0,2338.0
2021-01-05 09:38:53.191,0.2016,0.2029,10.0,0.202,20.0,13881.0,2338.0
2021-01-05 09:38:54.200,0.2016,0.2029,11.0,0.2023,10.0,13881.0,2338.0
2021-01-05 09:38:54.690,0.2016,0.2029,11.0,0.2022,43.0,13881.0,2338.0
2021-01-05 09:38:55.191,0.2016,0.2029,31.0,0.2022,43.0,13881.0,2338.0
2021-01-05 09:38:55.700,0.2016,0.2029,1.0,0.2024,20.0,13881.0,2338.0
2021-01-05 09:38:56.190,0.2029,0.2035,13.0,0.2026,20.0,13881.0,2339.0
2021-01-05 09:38:56.661,0.2029,0.2034,13.0,0.2026,33.0,13881.0,2339.0
2021-01-05 09:38:57.200,0.2029,0.2027,20.0,0.2022,10.0,13881.0,2339.0
2021-01-05 09:38:57.471,0.2027,0.2031,33.0,0.2023,20.0,13883.0,2341.0
2021-01-05 09:38:58.161,0.2027,0.2026,20.0,0.2024,2.0,13883.0,2341.0
2021-01-05 09:38:58.670,0.2027,0.2024,22.0,0.2021,10.0,13883.0,2341.0
2021-01-05 09:38:59.060,0.2021,0.2021,20.0,0.2014,1.0,13893.0,2351.0
2021-01-05 09:38:59.700,0.2021,0.2021,33.0,0.2014,1.0,13893.0,2351.0
2021-01-05 09:39:00.660,0.2021,0.2021,33.0,0.2014,1.0,13893.0,2351.0
2021-01-05 09:39:01.160,0.2021,0.2022,13.0,0.2018,20.0,13893.0,2351.0
2021-01-05 09:39:01.700,0.2021,0.2023,1.0,0.2018,20.0,13893.0,2351.0
2021-01-05 09:39:02.051,0.2021,0.2022,20.0,0.2014,21.0,13893.0,2351.0
2021-01-05 09:39:02.620,0.2021,0.2025,13.0,0.2019,20.0,13893.0,2351.0
2021-01-05 09:39:03.150,0.2021,0.2019,12.0,0.2015,33.0,13893.0,2351.0
2021-01-05 09:39:03.671,0.2019,0.2019,9.0,0.2015,20.0,13893.0,2354.0
2021-01-05 09:39:04.161,0.2019,0.2019,9.0,0.2014,1.0,13893.0,2354.0
2021-01-05 09:39:04.610,0.2014,0.2019,9.0,0.2014,30.0,13894.0,2355.0
2021-01-05 09:39:05.211,0.2014,0.2019,9.0,0.2014,21.0,13894.0,2364.0
2021-01-05 09:39:05.701,0.2014,0.2019,9.0,0.2014,17.0,13894.0,2368.0
2021-01-05 09:39:06.191,0.2014,0.2019,9.0,0.2014,17.0,13894.0,2368.0
2021-01-05 09:39:06.650,0.2014,0.2019,9.0,0.2014,17.0,13894.0,2368.0
2021-01-05 09:39:07.200,0.2014,0.2019,9.0,0.2012,43.0,13894.0,2368.0
2021-01-05 09:39:07.680,0.2014,0.2019,9.0,0.2014,20.0,13894.0,2368.0
2021-01-05 09:39:08.131,0.2014,0.2019,9.0,0.2012,23.0,13894.0,2368.0
2021-01-05 09:39:08.690,0.2014,0.2019,9.0,0.2015,20.0,13894.0,2368.0
2021-01-05 09:39:09.161,0.2014,0.2019,7.0,0.2017,20.0,13894.0,2368.0
2021-01-05 09:39:09.601,0.2014,0.2024,1.0,0.2017,20.0,13894.0,2368.0
2021-01-05 09:39:10.191,0.2014,0.2022,30.0,0.2015,13.0,13894.0,2368.0
2021-01-05 09:39:10.660,0.2022,0.2023,20.0,0.2022,8.0,13884.0,2378.0
2021-01-05 09:39:11.201,0.2024,0.2028,10.0,0.2024,12.0,13884.0,2401.0
2021-01-05 09:39:11.670,0.2024,0.2027,10.0,0.2022,20.0,13884.0,2401.0
2021-01-05 09:39:12.220,0.2024,0.2027,10.0,0.202,30.0,13884.0,2401.0
2021-01-05 09:39:12.690,0.2024,0.2027,10.0,0.202,30.0,13884.0,2401.0
2021-01-05 09:39:13.170,0.2027,0.2029,10.0,0.2022,20.0,13884.0,2411.0
2021-01-05 09:39:13.720,0.2027,0.2024,20.0,0.2018,23.0,13884.0,2411.0
2021-01-05 09:39:14.160,0.2027,0.2029,23.0,0.2022,20.0,13884.0,2411.0
2021-01-05 09:39:15.220,0.2027,0.203,10.0,0.2024,20.0,13884.0,2411.0
2021-01-05 09:39:15.720,0.2027,0.203,10.0,0.2024,33.0,13884.0,2411.0
2021-01-05 09:39:16.121,0.2027,0.203,10.0,0.2024,30.0,13884.0,2411.0
2021-01-05 09:39:16.711,0.2027,0.2032,20.0,0.2024,30.0,13884.0,2411.0
2021-01-05 09:39:17.191,0.2027,0.2031,10.0,0.2024,30.0,13884.0,2411.0
2021-01-05 09:39:17.650,0.2027,0.203,20.0,0.2024,30.0,13884.0,2411.0
2021-01-05 09:39:18.221,0.2027,0.2024,14.0,0.2022,10.0,13884.0,2411.0
2021-01-05 09:39:18.671,0.2027,0.2028,20.0,0.2022,10.0,13884.0,2411.0
2021-01-05 09:39:19.710,0.2027,0.2031,40.0,0.2023,20.0,13884.0,2411.0
2021-01-05 09:39:20.180,0.2027,0.203,10.0,0.2026,20.0,13884.0,2411.0
2021-01-05 09:39:20.741,0.2027,0.2034,10.0,0.2028,20.0,13884.0,2411.0
2021-01-05 09:39:21.231,0.2027,0.2031,20.0,0.2024,33.0,13884.0,2411.0
2021-01-05 09:39:21.671,0.2027,0.2033,20.0,0.2027,20.0,13884.0,2411.0
2021-01-05 09:39:22.211,0.2027,0.2033,10.0,0.2027,20.0,13884.0,2411.0
2021-01-05 09:39:22.651,0.2027,0.2033,10.0,0.2029,20.0,13884.0,2411.0
2021-01-05 09:39:23.051,0.2027,0.2032,20.0,0.2026,13.0,13884.0,2411.0
2021-01-05 09:39:24.151,0.2027,0.2034,20.0,0.2027,10.0,13884.0,2411.0
2021-01-05 09:39:25.210,0.2027,0.2033,10.0,0.2027,10.0,13884.0,2411.0
2021-01-05 09:39:25.700,0.2027,0.2032,1.0,0.2028,20.0,13884.0,2411.0
2021-01-05 09:39:26.130,0.2027,0.2032,1.0,0.2028,20.0,13884.0,2411.0
2021-01-05 09:39:26.681,0.2027,0.2032,1.0,0.2028,20.0,13884.0,2411.0
2021-01-05 09:39:27.210,0.2027,0.2032,1.0,0.2028,20.0,13884.0,2411.0
2021-01-05 09:39:27.711,0.2027,0.2031,2.0,0.2027,10.0,13884.0,2411.0
2021-01-05 09:39:28.220,0.2027,0.2031,2.0,0.2027,10.0,13884.0,2411.0
2021-01-05 09:39:29.231,0.2027,0.2031,2.0,0.2029,10.0,13884.0,2411.0
2021-01-05 09:39:29.721,0.2029,0.2029,10.0,0.2024,1.0,13894.0,2421.0
2021-01-05 09:39:30.220,0.2029,0.2026,20.0,0.2024,1.0,13894.0,2421.0
2021-01-05 09:39:30.520,0.2024,0.2029,20.0,0.2023,20.0,13895.0,2422.0
2021-01-05 09:39:31.121,0.2024,0.2027,20.0,0.2021,5.0,13895.0,2422.0
2021-01-05 09:39:31.690,0.2024,0.2027,20.0,0.2021,5.0,13895.0,2422.0
2021-01-05 09:39:32.141,0.2024,0.2026,10.0,0.2021,25.0,13895.0,2422.0
2021-01-05 09:39:32.700,0.2024,0.203,10.0,0.2024,20.0,13895.0,2422.0
2021-01-05 09:39:33.180,0.2024,0.203,10.0,0.2024,20.0,13895.0,2422.0
2021-01-05 09:39:33.180,0.2024,0.203,10.0,0.2024,20.0,13895.0,2422.0
2021-01-05 09:39:34.210,0.2024,0.203,20.0,0.2022,20.0,13895.0,2422.0
2021-01-05 09:39:34.681,0.2024,0.2028,20.0,0.2021,5.0,13895.0,2422.0
2021-01-05 09:39:35.171,0.2024,0.2023,1.0,0.2021,5.0,13895.0,2422.0
2021-01-05 09:39:35.701,0.2024,0.2023,1.0,0.2021,5.0,13895.0,2422.0
2021-01-05 09:39:36.231,0.2023,0.2028,20.0,0.2022,20.0,13894.0,2423.0
2021-01-05 09:39:36.660,0.2023,0.2027,10.0,0.2021,5.0,13894.0,2423.0
2021-01-05 09:39:37.221,0.2023,0.2026,20.0,0.2021,5.0,13894.0,2423.0
2021-01-05 09:39:37.730,0.2023,0.2026,20.0,0.2021,5.0,13894.0,2423.0
2021-01-05 09:39:38.221,0.2023,0.2025,10.0,0.2021,5.0,13894.0,2423.0
2021-01-05 09:39:39.241,0.2025,0.203,30.0,0.2023,20.0,13904.0,2433.0
2021-01-05 09:39:39.751,0.2025,0.2029,10.0,0.2023,20.0,13904.0,2433.0
2021-01-05 09:39:40.200,0.2025,0.2028,10.0,0.2023,20.0,13904.0,2433.0
2021-01-05 09:39:40.721,0.2025,0.2028,10.0,0.2023,20.0,13904.0,2433.0
2021-01-05 09:39:41.220,0.2023,0.2024,20.0,0.2021,5.0,13904.0,2453.0
2021-01-05 09:39:41.750,0.2021,0.203,10.0,0.2023,19.0,13909.0,2463.0
2021-01-05 09:39:42.210,0.2021,0.2023,3.0,0.202,13.0,13909.0,2463.0
2021-01-05 09:39:42.740,0.2021,0.2023,23.0,0.2017,13.0,13909.0,2463.0
2021-01-05 09:39:43.170,0.2021,0.2023,23.0,0.2015,10.0,13909.0,2463.0
2021-01-05 09:39:43.570,0.2021,0.2021,20.0,0.2014,23.0,13909.0,2463.0
2021-01-05 09:39:44.121,0.2021,0.2021,20.0,0.2014,23.0,13909.0,2463.0
2021-01-05 09:39:44.680,0.2021,0.2025,30.0,0.2017,20.0,13909.0,2463.0
2021-01-05 09:39:45.251,0.2021,0.2024,10.0,0.2018,13.0,13909.0,2463.0
2021-01-05 09:39:45.750,0.2024,0.2025,20.0,0.2021,5.0,13909.0,2473.0
2021-01-05 09:39:46.040,0.2025,0.2028,10.0,0.2022,33.0,13909.0,2491.0
2021-01-05 09:39:46.691,0.2028,0.2031,2.0,0.2025,20.0,13899.0,2501.0
2021-01-05 09:39:47.250,0.2028,0.2031,2.0,0.2025,33.0,13899.0,2501.0
2021-01-05 09:39:47.731,0.2028,0.2031,22.0,0.2026,3.0,13899.0,2501.0
2021-01-05 09:39:48.140,0.2028,0.2029,20.0,0.2023,20.0,13899.0,2501.0
2021-01-05 09:39:48.720,0.2028,0.2031,2.0,0.2025,20.0,13899.0,2501.0
2021-01-05 09:39:49.241,0.2028,0.2031,12.0,0.2026,13.0,13899.0,2501.0
2021-01-05 09:39:49.531,0.2028,0.2031,2.0,0.2027,20.0,13899.0,2501.0
2021-01-05 09:39:50.121,0.2031,0.2032,11.0,0.2027,33.0,13899.0,2503.0
2021-01-05 09:39:50.710,0.2032,0.2032,5.0,0.2029,20.0,13898.0,2509.0
2021-01-05 09:39:51.241,0.2035,0.204,20.0,0.2033,20.0,13898.0,2515.0
2021-01-05 09:39:51.730,0.2035,0.2041,10.0,0.2035,20.0,13898.0,2515.0
2021-01-05 09:39:52.251,0.2035,0.204,10.0,0.2036,13.0,13898.0,2515.0
2021-01-05 09:39:52.601,0.2036,0.2037,10.0,0.2035,13.0,13898.0,2528.0
2021-01-05 09:39:53.181,0.2036,0.2035,13.0,0.2032,18.0,13898.0,2528.0
2021-01-05 09:39:53.630,0.2032,0.2031,20.0,0.2024,10.0,13903.0,2546.0
2021-01-05 09:39:54.191,0.2032,0.2035,20.0,0.2031,20.0,13903.0,2546.0
2021-01-05 09:39:54.691,0.2032,0.2034,13.0,0.2031,20.0,13903.0,2546.0
2021-01-05 09:39:55.181,0.2034,0.2038,13.0,0.2032,20.0,13903.0,2549.0
2021-01-05 09:39:55.640,0.2034,0.2037,20.0,0.203,13.0,13903.0,2549.0
2021-01-05 09:39:56.120,0.2034,0.2039,20.0,0.2036,20.0,13903.0,2549.0
2021-01-05 09:39:56.691,0.2036,0.2041,30.0,0.2033,13.0,13903.0,2558.0
2021-01-05 09:39:57.181,0.2036,0.2039,10.0,0.2032,20.0,13903.0,2558.0
2021-01-05 09:39:57.580,0.2036,0.2037,10.0,0.2032,20.0,13903.0,2558.0
2021-01-05 09:39:58.170,0.2036,0.2034,10.0,0.2028,13.0,13903.0,2558.0
2021-01-05 09:39:58.600,0.2036,0.2034,10.0,0.2028,13.0,13903.0,2558.0
2021-01-05 09:39:59.061,0.2036,0.2035,20.0,0.2029,20.0,13903.0,2558.0
2021-01-05 09:40:00.181,0.2036,0.2035,20.0,0.2029,20.0,13903.0,2558.0
2021-01-05 09:40:00.610,0.2036,0.2034,10.0,0.2031,20.0,13903.0,2558.0
2021-01-05 09:40:01.201,0.2036,0.2034,10.0,0.2028,20.0,13903.0,2558.0
2021-01-05 09:40:01.570,0.2036,0.2033,20.0,0.2026,13.0,13903.0,2558.0
2021-01-05 09:40:02.141,0.2036,0.2026,7.0,0.2025,25.0,13903.0,2558.0
2021-01-05 09:40:02.671,0.2026,0.2027,10.0,0.2021,5.0,13903.0,2559.0
2021-01-05 09:40:03.171,0.2026,0.2029,25.0,0.2021,25.0,13903.0,2559.0
2021-01-05 09:40:03.691,0.2026,0.2028,25.0,0.2023,20.0,13903.0,2559.0
2021-01-05 09:40:04.160,0.2031,0.2031,14.0,0.2025,20.0,13903.0,2560.0
2021-01-05 09:40:04.700,0.2031,0.2029,10.0,0.2021,25.0,13903.0,2560.0
2021-01-05 09:40:05.170,0.2031,0.2029,10.0,0.2021,25.0,13903.0,2560.0
2021-01-05 09:40:05.701,0.2031,0.2028,15.0,0.2022,10.0,13903.0,2560.0
2021-01-05 09:40:06.200,0.2031,0.2029,15.0,0.2021,35.0,13903.0,2560.0
2021-01-05 09:40:06.701,0.2028,0.2028,28.0,0.2021,25.0,13905.0,2562.0
2021-01-05 09:40:07.191,0.2028,0.2028,43.0,0.2021,25.0,13905.0,2562.0
2021-01-05 09:40:07.700,0.2028,0.2027,15.0,0.2022,1.0,13905.0,2562.0
2021-01-05 09:40:08.200,0.2022,0.2024,20.0,0.2021,5.0,13906.0,2563.0
2021-01-05 09:40:08.690,0.2021,0.2024,35.0,0.2017,10.0,13911.0,2568.0
2021-01-05 09:40:09.191,0.2017,0.202,20.0,0.2014,7.0,13914.0,2571.0
2021-01-05 09:40:09.691,0.2017,0.202,20.0,0.2014,7.0,13914.0,2571.0
2021-01-05 09:40:09.900,0.2017,0.2023,10.0,0.2018,10.0,13914.0,2571.0
2021-01-05 09:40:10.680,0.2017,0.2023,10.0,0.2018,10.0,13914.0,2571.0
2021-01-05 09:40:11.170,0.2017,0.2023,30.0,0.2017,35.0,13914.0,2571.0
2021-01-05 09:40:11.671,0.2017,0.2023,40.0,0.2014,45.0,13914.0,2571.0
2021-01-05 09:40:12.190,0.2017,0.2021,20.0,0.2014,20.0,13914.0,2571.0
2021-01-05 09:40:12.680,0.2017,0.2014,4.0,0.201,15.0,13914.0,2571.0
2021-01-05 09:40:13.170,0.201,0.2014,4.0,0.2011,20.0,13914.0,2576.0
2021-01-05 09:40:13.400,0.2011,0.2013,3.0,0.2006,10.0,13914.0,2592.0
2021-01-05 09:40:14.150,0.2011,0.2013,18.0,0.2006,10.0,13914.0,2592.0
2021-01-05 09:40:14.701,0.2011,0.2012,15.0,0.2005,10.0,13914.0,2592.0
2021-01-05 09:40:15.120,0.2011,0.2012,15.0,0.2005,10.0,13914.0,2592.0
2021-01-05 09:40:15.690,0.2011,0.2012,16.0,0.2004,30.0,13914.0,2592.0
2021-01-05 09:40:16.140,0.2011,0.2011,15.0,0.2004,40.0,13914.0,2592.0
2021-01-05 09:40:16.610,0.2011,0.2012,1.0,0.2008,20.0,13914.0,2592.0
2021-01-05 09:40:17.191,0.2011,0.2012,1.0,0.2004,30.0,13914.0,2592.0
2021-01-05 09:40:17.621,0.2011,0.2011,35.0,0.2004,20.0,13914.0,2592.0
2021-01-05 09:40:18.161,0.2011,0.2011,10.0,0.2004,30.0,13914.0,2592.0
2021-01-05 09:40:18.701,0.2011,0.2011,10.0,0.2004,20.0,13914.0,2592.0
2021-01-05 09:40:19.190,0.2011,0.2011,10.0,0.2004,20.0,13914.0,2592.0
2021-01-05 09:40:19.711,0.2011,0.2012,1.0,0.2008,20.0,13914.0,2602.0
2021-01-05 09:40:20.191,0.2013,0.2019,15.0,0.2013,9.0,13903.0,2613.0
2021-01-05 09:40:20.691,0.2013,0.202,10.0,0.2013,24.0,13903.0,2613.0
2021-01-05 09:40:21.200,0.2013,0.2024,10.0,0.2016,20.0,13903.0,2613.0
2021-01-05 09:40:21.701,0.2013,0.2024,10.0,0.2016,20.0,13903.0,2613.0
2021-01-05 09:40:22.210,0.2013,0.2022,20.0,0.2015,15.0,13903.0,2613.0
2021-01-05 09:40:22.591,0.2013,0.2022,10.0,0.2016,20.0,13903.0,2613.0
2021-01-05 09:40:23.150,0.2013,0.2026,20.0,0.2017,15.0,13903.0,2613.0
2021-01-05 09:40:23.701,0.2013,0.2025,10.0,0.2018,20.0,13903.0,2613.0
2021-01-05 09:40:24.160,0.2013,0.2026,20.0,0.2019,15.0,13903.0,2613.0
2021-01-05 09:40:24.681,0.2013,0.2025,10.0,0.2018,20.0,13903.0,2613.0
2021-01-05 09:40:25.121,0.2013,0.2022,20.0,0.2015,15.0,13903.0,2613.0
2021-01-05 09:40:25.551,0.2013,0.2025,10.0,0.2018,20.0,13903.0,2613.0
2021-01-05 09:40:26.181,0.2013,0.2024,30.0,0.2018,20.0,13903.0,2613.0
2021-01-05 09:40:26.650,0.2013,0.2027,30.0,0.2018,30.0,13903.0,2613.0
2021-01-05 09:40:27.090,0.2013,0.2026,10.0,0.2024,16.0,13903.0,2613.0
2021-01-05 09:40:27.701,0.2013,0.2031,10.0,0.2023,20.0,13903.0,2613.0
2021-01-05 09:40:28.110,0.2013,0.2029,30.0,0.2021,15.0,13903.0,2613.0
2021-01-05 09:40:28.690,0.2013,0.2029,20.0,0.2021,15.0,13903.0,2613.0
2021-01-05 09:40:29.170,0.2013,0.2026,20.0,0.202,20.0,13903.0,2613.0
2021-01-05 09:40:30.150,0.2013,0.203,45.0,0.2022,1.0,13903.0,2613.0
2021-01-05 09:40:30.700,0.2013,0.2029,25.0,0.2022,1.0,13903.0,2613.0
2021-01-05 09:40:31.101,0.2013,0.2029,25.0,0.2022,21.0,13903.0,2613.0
2021-01-05 09:40:31.631,0.2013,0.2029,10.0,0.2022,21.0,13903.0,2613.0
2021-01-05 09:40:31.991,0.2013,0.2028,20.0,0.2022,21.0,13903.0,2613.0
2021-01-05 09:40:32.611,0.2022,0.2022,2.0,0.2019,30.0,13904.0,2614.0
2021-01-05 09:40:33.161,0.2022,0.2021,20.0,0.2016,10.0,13904.0,2614.0
2021-01-05 09:40:33.551,0.2022,0.2019,20.0,0.2015,10.0,13904.0,2614.0
2021-01-05 09:40:34.171,0.2022,0.2019,20.0,0.2012,20.0,13904.0,2614.0
2021-01-05 09:40:34.561,0.2022,0.2021,20.0,0.2014,10.0,13904.0,2614.0
2021-01-05 09:40:35.201,0.2022,0.2023,20.0,0.2016,30.0,13904.0,2614.0
2021-01-05 09:40:35.681,0.2022,0.2023,30.0,0.2016,30.0,13904.0,2614.0
2021-01-05 09:40:36.161,0.2022,0.2023,20.0,0.2017,10.0,13904.0,2614.0
2021-01-05 09:40:36.620,0.2023,0.2027,15.0,0.202,10.0,13904.0,2634.0
2021-01-05 09:40:37.201,0.2023,0.2024,20.0,0.202,10.0,13904.0,2634.0
2021-01-05 09:40:37.700,0.2023,0.2028,30.0,0.2022,10.0,13904.0,2634.0
2021-01-05 09:40:38.130,0.2023,0.2023,20.0,0.2019,10.0,13904.0,2634.0
2021-01-05 09:40:38.651,0.2023,0.2022,6.0,0.2019,10.0,13904.0,2634.0
2021-01-05 09:40:39.681,0.2023,0.2022,6.0,0.2017,10.0,13904.0,2634.0
2021-01-05 09:40:40.061,0.2023,0.2019,10.0,0.2016,10.0,13904.0,2634.0
2021-01-05 09:40:40.670,0.2023,0.2019,10.0,0.2016,10.0,13904.0,2634.0
2021-01-05 09:40:41.191,0.2016,0.2019,45.0,0.2014,7.0,13907.0,2637.0
2021-01-05 09:40:41.640,0.2016,0.2017,20.0,0.2013,10.0,13907.0,2637.0
2021-01-05 09:40:42.180,0.2016,0.2019,20.0,0.2017,11.0,13907.0,2637.0
2021-01-05 09:40:42.601,0.2016,0.2019,20.0,0.2013,10.0,13907.0,2637.0
2021-01-05 09:40:43.191,0.2016,0.2017,11.0,0.2013,10.0,13907.0,2637.0
2021-01-05 09:40:43.621,0.2016,0.2017,11.0,0.2013,10.0,13907.0,2637.0
2021-01-05 09:40:44.161,0.2016,0.2017,11.0,0.2012,10.0,13907.0,2637.0
2021-01-05 09:40:44.610,0.2016,0.2017,11.0,0.2013,10.0,13907.0,2637.0
2021-01-05 09:40:46.161,0.2016,0.2017,11.0,0.2013,10.0,13907.0,2637.0
2021-01-05 09:40:46.581,0.2016,0.2017,11.0,0.2013,10.0,13907.0,2637.0
2021-01-05 09:40:47.611,0.2016,0.2017,11.0,0.2013,10.0,13907.0,2637.0
2021-01-05 09:40:48.700,0.2016,0.2014,20.0,0.2009,10.0,13907.0,2637.0
2021-01-05 09:40:49.111,0.2014,0.2019,20.0,0.2013,10.0,13907.0,2640.0
2021-01-05 09:40:49.640,0.2014,0.2018,10.0,0.2013,10.0,13907.0,2640.0
2021-01-05 09:40:50.181,0.2014,0.2017,15.0,0.2011,30.0,13907.0,2640.0
2021-01-05 09:40:50.671,0.2014,0.2013,4.0,0.2012,10.0,13907.0,2640.0
2021-01-05 09:40:51.601,0.2014,0.2016,20.0,0.201,10.0,13907.0,2640.0
2021-01-05 09:40:52.081,0.2014,0.2016,30.0,0.201,10.0,13907.0,2640.0
2021-01-05 09:40:52.650,0.2014,0.2016,20.0,0.201,10.0,13907.0,2640.0
2021-01-05 09:40:53.180,0.2014,0.2016,20.0,0.201,25.0,13907.0,2640.0
2021-01-05 09:40:53.651,0.2014,0.2016,20.0,0.2009,30.0,13907.0,2640.0
2021-01-05 09:40:54.141,0.2014,0.2016,20.0,0.201,10.0,13907.0,2640.0
2021-01-05 09:40:54.521,0.2014,0.2013,20.0,0.2007,10.0,13907.0,2640.0
2021-01-05 09:40:55.111,0.2014,0.2017,15.0,0.2011,10.0,13907.0,2640.0
2021-01-05 09:40:55.240,0.2014,0.2018,20.0,0.2011,10.0,13907.0,2640.0
2021-01-05 09:40:56.121,0.2014,0.2016,20.0,0.2011,25.0,13907.0,2640.0
2021-01-05 09:40:56.600,0.2016,0.2021,15.0,0.2015,20.0,13907.0,2641.0
2021-01-05 09:40:57.180,0.2016,0.2021,10.0,0.2015,20.0,13907.0,2641.0
2021-01-05 09:40:57.560,0.2016,0.2019,20.0,0.2012,30.0,13907.0,2641.0
2021-01-05 09:40:58.200,0.2016,0.2015,8.0,0.2012,30.0,13907.0,2641.0
2021-01-05 09:40:58.721,0.2016,0.2015,8.0,0.2012,20.0,13907.0,2641.0
2021-01-05 09:40:58.980,0.2016,0.2015,8.0,0.2013,10.0,13907.0,2641.0
2021-01-05 09:40:59.721,0.2016,0.2015,8.0,0.2012,20.0,13907.0,2641.0
2021-01-05 09:41:00.571,0.2016,0.2015,8.0,0.2012,20.0,13907.0,2641.0
2021-01-05 09:41:00.980,0.2016,0.2015,3.0,0.2014,30.0,13907.0,2641.0
2021-01-05 09:41:01.650,0.2016,0.2017,30.0,0.2009,45.0,13907.0,2641.0
2021-01-05 09:41:02.190,0.2016,0.2017,20.0,0.2015,3.0,13907.0,2641.0
2021-01-05 09:41:02.661,0.2016,0.202,20.0,0.2012,30.0,13907.0,2641.0
2021-01-05 09:41:03.110,0.2016,0.2019,10.0,0.2015,20.0,13907.0,2641.0
2021-01-05 09:41:03.721,0.2016,0.2019,10.0,0.2013,15.0,13907.0,2641.0
2021-01-05 09:41:04.180,0.2019,0.2025,40.0,0.2016,20.0,13907.0,2643.0
2021-01-05 09:41:04.680,0.2019,0.2024,15.0,0.2016,20.0,13907.0,2643.0
2021-01-05 09:41:05.220,0.2019,0.2019,20.0,0.2012,30.0,13907.0,2643.0
2021-01-05 09:41:05.660,0.2019,0.2019,20.0,0.2012,40.0,13907.0,2643.0
2021-01-05 09:41:06.221,0.2019,0.2022,20.0,0.2014,20.0,13907.0,2643.0
2021-01-05 09:41:06.620,0.2019,0.2025,40.0,0.2019,8.0,13907.0,2644.0
2021-01-05 09:41:07.100,0.2019,0.2025,10.0,0.2017,20.0,13907.0,2644.0
2021-01-05 09:41:07.611,0.2019,0.2027,48.0,0.2017,45.0,13907.0,2644.0
2021-01-05 09:41:08.201,0.2019,0.2026,10.0,0.202,20.0,13907.0,2644.0
2021-01-05 09:41:08.651,0.2025,0.2025,10.0,0.2017,20.0,13907.0,2654.0
2021-01-05 09:41:09.210,0.2025,0.2025,10.0,0.2017,30.0,13907.0,2654.0
2021-01-05 09:41:09.650,0.2025,0.2028,1.0,0.2021,20.0,13907.0,2654.0
2021-01-05 09:41:10.220,0.2025,0.2026,20.0,0.2019,15.0,13907.0,2654.0
2021-01-05 09:41:10.710,0.2025,0.2028,1.0,0.2026,2.0,13907.0,2654.0
2021-01-05 09:41:11.140,0.2025,0.2028,1.0,0.2025,15.0,13907.0,2654.0
2021-01-05 09:41:11.690,0.2025,0.2027,20.0,0.2019,20.0,13907.0,2654.0
2021-01-05 09:41:12.151,0.2025,0.2028,1.0,0.2021,20.0,13907.0,2654.0
2021-01-05 09:41:12.351,0.2025,0.2028,16.0,0.2024,10.0,13907.0,2654.0
2021-01-05 09:41:13.161,0.2024,0.2021,10.0,0.2018,30.0,13917.0,2664.0
2021-01-05 09:41:13.701,0.2024,0.2024,35.0,0.2019,10.0,13917.0,2664.0
2021-01-05 09:41:13.980,0.2024,0.2028,1.0,0.2024,10.0,13917.0,2664.0
2021-01-05 09:41:14.671,0.2024,0.2026,20.0,0.2019,20.0,13927.0,2674.0
2021-01-05 09:41:15.050,0.2024,0.2024,20.0,0.2016,20.0,13927.0,2674.0
2021-01-05 09:41:15.601,0.2024,0.2022,20.0,0.2016,30.0,13927.0,2674.0
2021-01-05 09:41:16.210,0.2024,0.2022,20.0,0.2015,15.0,13927.0,2674.0
2021-01-05 09:41:16.500,0.2024,0.2026,35.0,0.2018,20.0,13927.0,2674.0
2021-01-05 09:41:17.180,0.2024,0.2025,10.0,0.202,20.0,13927.0,2674.0
2021-01-05 09:41:17.670,0.2024,0.2025,10.0,0.202,20.0,13927.0,2674.0
2021-01-05 09:41:18.141,0.2024,0.2023,20.0,0.2017,15.0,13927.0,2674.0
2021-01-05 09:41:18.600,0.2024,0.2027,20.0,0.2019,20.0,13927.0,2674.0
2021-01-05 09:41:19.161,0.2024,0.2026,10.0,0.2021,20.0,13927.0,2674.0
2021-01-05 09:41:19.601,0.2024,0.2026,10.0,0.2021,20.0,13927.0,2674.0
2021-01-05 09:41:19.960,0.2024,0.2024,20.0,0.202,15.0,13927.0,2674.0
2021-01-05 09:41:20.721,0.2024,0.2024,20.0,0.2019,25.0,13927.0,2674.0
2021-01-05 09:41:21.190,0.2024,0.2024,20.0,0.202,15.0,13927.0,2674.0
2021-01-05 09:41:21.551,0.2024,0.2027,20.0,0.2024,23.0,13927.0,2674.0
2021-01-05 09:41:22.190,0.2024,0.2027,10.0,0.2024,38.0,13927.0,2674.0
2021-01-05 09:41:22.700,0.2024,0.2028,1.0,0.2024,38.0,13927.0,2674.0
2021-01-05 09:41:23.061,0.2024,0.2028,1.0,0.2024,15.0,13927.0,2674.0
2021-01-05 09:41:24.150,0.2024,0.2026,20.0,0.2022,15.0,13927.0,2674.0
2021-01-05 09:41:24.651,0.2024,0.2026,20.0,0.2021,10.0,13927.0,2674.0
2021-01-05 09:41:25.120,0.2024,0.2028,1.0,0.2024,10.0,13927.0,2674.0
2021-01-05 09:41:25.641,0.2028,0.2029,10.0,0.2024,10.0,13927.0,2675.0
2021-01-05 09:41:26.190,0.2028,0.2029,10.0,0.2025,20.0,13927.0,2675.0
2021-01-05 09:41:26.670,0.2028,0.2029,10.0,0.2025,20.0,13927.0,2675.0
2021-01-05 09:41:27.131,0.2029,0.203,1.0,0.2025,35.0,13927.0,2685.0
2021-01-05 09:41:27.710,0.2029,0.203,1.0,0.2028,20.0,13927.0,2685.0
2021-01-05 09:41:28.171,0.2029,0.203,1.0,0.2026,30.0,13927.0,2685.0
2021-01-05 09:41:28.540,0.2029,0.203,1.0,0.2026,20.0,13927.0,2685.0
2021-01-05 09:41:29.010,0.203,0.2034,30.0,0.2026,20.0,13927.0,2686.0
2021-01-05 09:41:29.690,0.2025,0.2025,15.0,0.2024,10.0,13927.0,2721.0
2021-01-05 09:41:30.180,0.2025,0.2033,10.0,0.2025,24.0,13927.0,2736.0
2021-01-05 09:41:30.240,0.2025,0.2034,45.0,0.2025,34.0,13927.0,2736.0
2021-01-05 09:41:31.181,0.2025,0.2031,20.0,0.2025,24.0,13927.0,2736.0
2021-01-05 09:41:31.700,0.2025,0.2031,15.0,0.2026,2.0,13927.0,2736.0
2021-01-05 09:41:32.220,0.2025,0.2032,15.0,0.2025,55.0,13927.0,2736.0
2021-01-05 09:41:32.670,0.2025,0.2029,20.0,0.2025,15.0,13927.0,2736.0
2021-01-05 09:41:33.171,0.2025,0.2032,15.0,0.2026,20.0,13927.0,2736.0
2021-01-05 09:41:33.621,0.2025,0.203,20.0,0.2023,30.0,13927.0,2736.0
2021-01-05 09:41:34.120,0.2025,0.2028,20.0,0.2022,20.0,13927.0,2736.0
2021-01-05 09:41:34.720,0.2025,0.2028,20.0,0.2022,20.0,13927.0,2736.0
2021-01-05 09:41:35.221,0.2025,0.2031,15.0,0.2025,20.0,13927.0,2736.0
2021-01-05 09:41:35.721,0.2025,0.2035,10.0,0.2028,18.0,13927.0,2736.0
2021-01-05 09:41:36.070,0.2025,0.2036,20.0,0.2029,20.0,13927.0,2736.0
2021-01-05 09:41:36.720,0.2025,0.2039,25.0,0.2032,20.0,13927.0,2736.0
2021-01-05 09:41:37.210,0.2025,0.2036,20.0,0.2028,20.0,13927.0,2736.0
2021-01-05 09:41:37.711,0.2025,0.2041,15.0,0.2032,20.0,13927.0,2736.0
2021-01-05 09:41:38.220,0.2025,0.2041,10.0,0.2033,10.0,13927.0,2736.0
2021-01-05 09:41:38.650,0.2025,0.2038,20.0,0.2033,15.0,13927.0,2736.0
2021-01-05 09:41:39.221,0.2025,0.2038,20.0,0.2032,20.0,13927.0,2736.0
2021-01-05 09:41:39.521,0.2025,0.2038,30.0,0.2032,20.0,13927.0,2736.0
2021-01-05 09:41:40.231,0.2025,0.2035,20.0,0.203,30.0,13927.0,2736.0
2021-01-05 09:41:40.721,0.2025,0.2035,20.0,0.203,30.0,13927.0,2736.0
2021-01-05 09:41:41.130,0.2025,0.2035,35.0,0.203,20.0,13927.0,2736.0
2021-01-05 09:41:41.730,0.2025,0.2033,20.0,0.2028,20.0,13927.0,2736.0
2021-01-05 09:41:42.101,0.2025,0.2033,35.0,0.2027,10.0,13927.0,2736.0
2021-01-05 09:41:42.690,0.2025,0.2031,20.0,0.2026,10.0,13927.0,2736.0
2021-01-05 09:41:43.071,0.2025,0.203,15.0,0.2026,10.0,13927.0,2736.0
2021-01-05 09:41:44.671,0.2025,0.203,15.0,0.2026,10.0,13927.0,2736.0
2021-01-05 09:41:45.171,0.2025,0.2032,15.0,0.2027,20.0,13927.0,2736.0
2021-01-05 09:41:45.701,0.2025,0.2032,25.0,0.2025,10.0,13927.0,2736.0
2021-01-05 09:41:46.241,0.2025,0.2031,15.0,0.2026,30.0,13927.0,2736.0
2021-01-05 09:41:46.661,0.2025,0.2031,10.0,0.2024,10.0,13927.0,2736.0
2021-01-05 09:41:47.201,0.2025,0.2033,15.0,0.2029,20.0,13927.0,2736.0
2021-01-05 09:41:47.741,0.2025,0.2036,10.0,0.2029,20.0,13927.0,2736.0
2021-01-05 09:41:48.181,0.2025,0.2038,10.0,0.2033,33.0,13927.0,2736.0
2021-01-05 09:41:48.600,0.2025,0.204,10.0,0.2033,33.0,13927.0,2736.0
2021-01-05 09:41:49.191,0.2025,0.2034,20.0,0.2033,13.0,13927.0,2736.0
2021-01-05 09:41:49.451,0.2035,0.204,15.0,0.2034,29.0,13917.0,2746.0
2021-01-05 09:41:50.231,0.2035,0.2043,10.0,0.2036,20.0,13917.0,2746.0
2021-01-05 09:41:50.751,0.2035,0.2042,10.0,0.2038,20.0,13917.0,2746.0
2021-01-05 09:41:51.251,0.2035,0.204,20.0,0.2034,20.0,13917.0,2746.0
2021-01-05 09:41:51.760,0.204,0.204,15.0,0.2034,20.0,13917.0,2753.0
2021-01-05 09:41:52.261,0.204,0.2043,25.0,0.2038,10.0,13917.0,2754.0
2021-01-05 09:41:52.690,0.204,0.2043,10.0,0.204,20.0,13917.0,2754.0
2021-01-05 09:41:53.151,0.204,0.2043,10.0,0.2042,20.0,13917.0,2754.0
2021-01-05 09:41:54.161,0.204,0.2043,10.0,0.2042,20.0,13917.0,2754.0
2021-01-05 09:41:55.101,0.2045,0.2048,10.0,0.2047,3.0,13906.0,2765.0
2021-01-05 09:41:55.671,0.2048,0.2049,20.0,0.2048,7.0,13906.0,2785.0
2021-01-05 09:41:56.151,0.2048,0.2049,10.0,0.2048,7.0,13906.0,2785.0
2021-01-05 09:41:56.661,0.2047,0.2049,20.0,0.2045,47.0,13894.0,2819.0
2021-01-05 09:41:57.110,0.2047,0.2052,25.0,0.2047,10.0,13894.0,2819.0
2021-01-05 09:41:57.640,0.2047,0.2051,35.0,0.2045,47.0,13904.0,2829.0
2021-01-05 09:41:58.140,0.2045,0.205,10.0,0.2045,45.0,13904.0,2831.0
2021-01-05 09:41:58.660,0.2045,0.205,25.0,0.2045,45.0,13904.0,2831.0
2021-01-05 09:41:59.131,0.205,0.205,5.0,0.2045,45.0,13909.0,2836.0
2021-01-05 09:42:00.151,0.205,0.2048,20.0,0.2045,45.0,13909.0,2836.0
2021-01-05 09:42:00.701,0.2048,0.2052,25.0,0.2045,65.0,13909.0,2854.0
2021-01-05 09:42:01.181,0.2048,0.2052,15.0,0.2045,65.0,13909.0,2854.0
2021-01-05 09:42:01.651,0.2048,0.2052,25.0,0.2047,20.0,13909.0,2854.0
2021-01-05 09:42:02.201,0.2048,0.2052,10.0,0.2047,20.0,13909.0,2854.0
2021-01-05 09:42:02.641,0.2048,0.2054,15.0,0.2047,20.0,13909.0,2854.0
2021-01-05 09:42:03.161,0.2048,0.2053,30.0,0.2047,10.0,13909.0,2854.0
2021-01-05 09:42:03.690,0.2048,0.2052,15.0,0.2047,10.0,13909.0,2854.0
2021-01-05 09:42:04.110,0.2048,0.2052,15.0,0.2047,10.0,13909.0,2854.0
2021-01-05 09:42:04.500,0.2048,0.205,20.0,0.2046,10.0,13909.0,2854.0
2021-01-05 09:42:05.150,0.2048,0.2052,15.0,0.2048,10.0,13909.0,2854.0
2021-01-05 09:42:05.711,0.2048,0.2053,20.0,0.2048,10.0,13909.0,2854.0
2021-01-05 09:42:06.181,0.2048,0.2053,30.0,0.2046,10.0,13909.0,2854.0
2021-01-05 09:42:06.690,0.2048,0.2051,20.0,0.2047,10.0,13909.0,2854.0
2021-01-05 09:42:07.230,0.2048,0.2055,30.0,0.2048,10.0,13909.0,2854.0
2021-01-05 09:42:07.691,0.2048,0.2055,50.0,0.2048,10.0,13909.0,2854.0
2021-01-05 09:42:08.220,0.2048,0.2055,65.0,0.2048,10.0,13909.0,2854.0
2021-01-05 09:42:09.230,0.2048,0.2055,30.0,0.2049,10.0,13909.0,2854.0
2021-01-05 09:42:09.570,0.2048,0.2055,20.0,0.2049,10.0,13909.0,2854.0
2021-01-05 09:42:10.220,0.2048,0.2055,30.0,0.2048,20.0,13909.0,2854.0
2021-01-05 09:42:10.681,0.2048,0.2055,20.0,0.2049,15.0,13909.0,2854.0
2021-01-05 09:42:10.971,0.2048,0.2061,20.0,0.2055,14.0,13909.0,2854.0
2021-01-05 09:42:11.651,0.2048,0.206,10.0,0.2055,14.0,13909.0,2854.0
2021-01-05 09:42:12.210,0.2048,0.2062,23.0,0.2055,29.0,13909.0,2854.0
2021-01-05 09:42:12.721,0.2048,0.2062,15.0,0.2055,25.0,13909.0,2854.0
2021-01-05 09:42:13.211,0.2055,0.206,20.0,0.2055,34.0,13909.0,2855.0
2021-01-05 09:42:13.731,0.2055,0.2056,20.0,0.2055,34.0,13909.0,2855.0
2021-01-05 09:42:14.150,0.2056,0.2056,10.0,0.2055,34.0,13909.0,2865.0
2021-01-05 09:42:14.671,0.2056,0.2056,10.0,0.2055,34.0,13909.0,2865.0
2021-01-05 09:42:15.170,0.2056,0.2056,10.0,0.2055,34.0,13909.0,2865.0
2021-01-05 09:42:16.181,0.2056,0.2058,20.0,0.2055,44.0,13909.0,2865.0
2021-01-05 09:42:16.701,0.2056,0.2061,40.0,0.2055,44.0,13909.0,2865.0
2021-01-05 09:42:17.241,0.2056,0.2059,20.0,0.2055,44.0,13909.0,2865.0
2021-01-05 09:42:17.681,0.2056,0.2061,55.0,0.2055,44.0,13909.0,2865.0
2021-01-05 09:42:18.100,0.2056,0.206,25.0,0.2055,44.0,13909.0,2865.0
2021-01-05 09:42:18.701,0.2055,0.2057,20.0,0.2054,7.0,13936.0,2902.0
2021-01-05 09:42:19.210,0.2049,0.2055,13.0,0.2049,11.0,13934.0,2918.0
2021-01-05 09:42:19.621,0.2049,0.2055,13.0,0.2051,20.0,13934.0,2918.0
2021-01-05 09:42:20.150,0.2049,0.2055,13.0,0.2053,10.0,13934.0,2918.0
2021-01-05 09:42:20.720,0.2049,0.2059,35.0,0.2055,10.0,13934.0,2918.0
2021-01-05 09:42:21.231,0.2049,0.2058,10.0,0.2055,21.0,13934.0,2918.0
2021-01-05 09:42:21.621,0.2049,0.2056,20.0,0.2055,11.0,13934.0,2918.0
2021-01-05 09:42:21.811,0.2055,0.206,15.0,0.2056,10.0,13934.0,2929.0
2021-01-05 09:42:22.570,0.2055,0.2061,15.0,0.2056,12.0,13934.0,2929.0
2021-01-05 09:42:23.191,0.2055,0.2061,15.0,0.2056,12.0,13934.0,2929.0
2021-01-05 09:42:23.631,0.2055,0.2061,15.0,0.2057,30.0,13934.0,2929.0
2021-01-05 09:42:24.151,0.2055,0.2062,20.0,0.2057,20.0,13934.0,2929.0
2021-01-05 09:42:24.670,0.2055,0.2061,15.0,0.2058,10.0,13934.0,2929.0
2021-01-05 09:42:25.200,0.2055,0.2062,5.0,0.2058,10.0,13934.0,2929.0
2021-01-05 09:42:25.471,0.2055,0.2062,2.0,0.2057,30.0,13934.0,2929.0
2021-01-05 09:42:26.130,0.2055,0.2065,15.0,0.2059,20.0,13934.0,2929.0
2021-01-05 09:42:26.701,0.2055,0.2064,3.0,0.2059,20.0,13934.0,2929.0
2021-01-05 09:42:27.171,0.2055,0.2064,23.0,0.2057,30.0,13934.0,2929.0
