,last,ask1,asize1,bid1,bsize1,oi,volume
2021-01-05 09:25:00.080,,1.0221,1.0,0.917,1.0,2391.0,
2021-01-05 09:30:00.451,,1.027,1.0,0.9235,1.0,2391.0,
2021-01-05 09:30:00.991,,1.0194,5.0,0.9235,1.0,2391.0,
2021-01-05 09:30:01.481,,1.0194,5.0,0.9235,1.0,2391.0,
2021-01-05 09:30:01.990,,0.9729,20.0,0.9589,20.0,2391.0,
2021-01-05 09:30:02.511,,0.9729,20.0,0.9589,20.0,2391.0,
2021-01-05 09:30:02.611,,0.9718,20.0,0.9589,20.0,2391.0,
2021-01-05 09:30:03.471,,0.9729,20.0,0.9589,20.0,2391.0,
2021-01-05 09:30:03.980,,0.9729,20.0,0.9599,20.0,2391.0,
2021-01-05 09:30:04.430,,0.9729,20.0,0.9589,20.0,2391.0,
2021-01-05 09:30:05.010,,0.9729,20.0,0.9235,1.0,2391.0,
2021-01-05 09:30:05.481,,0.9713,20.0,0.9573,20.0,2391.0,
2021-01-05 09:30:05.990,,0.9713,20.0,0.9235,1.0,2391.0,
2021-01-05 09:30:07.471,,0.9677,20.0,0.9537,20.0,2391.0,
2021-01-05 09:30:10.501,,0.9667,20.0,0.9537,20.0,2391.0,
2021-01-05 09:30:11.000,,0.9667,20.0,0.9524,20.0,2391.0,
2021-01-05 09:30:13.000,,0.9677,20.0,0.9524,20.0,2391.0,
2021-01-05 09:30:13.501,,0.9677,20.0,0.9538,20.0,2391.0,
2021-01-05 09:30:15.520,,0.9677,20.0,0.9538,20.0,2391.0,
2021-01-05 09:30:17.021,,0.9687,20.0,0.9538,20.0,2391.0,
2021-01-05 09:30:17.641,,0.9687,20.0,0.9548,20.0,2391.0,
2021-01-05 09:30:18.231,,0.9687,20.0,0.9561,20.0,2391.0,
2021-01-05 09:30:19.251,,0.9704,20.0,0.9561,20.0,2391.0,
2021-01-05 09:30:22.240,,0.969,20.0,0.955,20.0,2391.0,
2021-01-05 09:30:24.161,,0.968,20.0,0.954,20.0,2391.0,
2021-01-05 09:30:24.661,,0.968,20.0,0.954,20.0,2391.0,
2021-01-05 09:30:25.671,,0.967,20.0,0.954,20.0,2391.0,
2021-01-05 09:30:26.670,,0.967,20.0,0.953,20.0,2391.0,
2021-01-05 09:30:27.671,,0.967,20.0,0.953,20.0,2391.0,
2021-01-05 09:30:30.620,,0.968,20.0,0.953,20.0,2391.0,
2021-01-05 09:30:31.661,,0.968,20.0,0.9545,20.0,2391.0,
2021-01-05 09:30:32.631,,0.9691,20.0,0.9545,20.0,2391.0,
2021-01-05 09:30:36.170,,0.9691,20.0,0.9545,20.0,2391.0,
2021-01-05 09:30:42.181,,0.9691,20.0,0.9545,20.0,2391.0,
2021-01-05 09:30:43.180,,0.9691,20.0,0.9555,20.0,2391.0,
2021-01-05 09:30:43.681,,0.9691,20.0,0.9555,20.0,2391.0,
2021-01-05 09:30:46.200,,0.9705,20.0,0.9565,20.0,2391.0,
2021-01-05 09:30:50.171,,0.9705,20.0,0.9576,20.0,2391.0,
2021-01-05 09:30:50.720,,0.9705,20.0,0.9565,20.0,2391.0,
2021-01-05 09:30:51.181,,0.9705,20.0,0.9576,20.0,2391.0,
2021-01-05 09:30:59.171,,0.9705,20.0,0.9565,20.0,2391.0,
2021-01-05 09:31:01.680,,0.9686,20.0,0.9547,20.0,2391.0,
2021-01-05 09:31:02.681,,0.9694,20.0,0.9547,20.0,2391.0,
2021-01-05 09:31:03.680,,0.9694,20.0,0.9547,20.0,2391.0,
2021-01-05 09:31:04.181,,0.9694,20.0,0.9547,20.0,2391.0,
2021-01-05 09:31:04.671,,0.9694,20.0,0.9547,20.0,2391.0,
2021-01-05 09:31:05.670,,0.9683,20.0,0.9547,20.0,2391.0,
2021-01-05 09:31:06.160,,0.9694,20.0,0.9547,20.0,2391.0,
2021-01-05 09:31:06.681,,0.9694,20.0,0.9547,20.0,2391.0,
2021-01-05 09:31:07.190,,0.9694,20.0,0.9561,20.0,2391.0,
2021-01-05 09:31:07.670,,0.9694,20.0,0.9561,20.0,2391.0,
2021-01-05 09:31:08.650,,0.9706,30.0,0.9573,20.0,2391.0,
2021-01-05 09:31:09.101,,0.9706,40.0,0.9561,20.0,2391.0,
2021-01-05 09:31:09.701,,0.9698,14.0,0.9561,20.0,2391.0,
2021-01-05 09:31:18.720,,0.9698,14.0,0.9574,20.0,2391.0,
2021-01-05 09:31:19.150,,0.9698,14.0,0.9561,20.0,2391.0,
2021-01-05 09:31:19.721,,0.9698,34.0,0.9574,20.0,2391.0,
2021-01-05 09:31:21.671,,0.9698,34.0,0.9561,20.0,2391.0,
2021-01-05 09:31:22.620,,0.9698,34.0,0.9573,10.0,2391.0,
2021-01-05 09:31:23.171,,0.9698,34.0,0.9573,20.0,2391.0,
2021-01-05 09:31:36.181,,0.9698,34.0,0.9573,20.0,2391.0,
2021-01-05 09:31:36.690,,0.9698,34.0,0.9573,20.0,2391.0,
2021-01-05 09:31:37.620,,0.9698,34.0,0.9573,20.0,2391.0,
2021-01-05 09:31:38.190,,0.9675,10.0,0.9573,20.0,2391.0,
2021-01-05 09:31:38.690,,0.9675,30.0,0.9573,20.0,2391.0,
2021-01-05 09:31:39.210,,0.9675,30.0,0.9574,2.0,2391.0,
2021-01-05 09:31:39.710,,0.9675,30.0,0.9574,2.0,2391.0,
2021-01-05 09:31:40.711,,0.9675,30.0,0.9574,2.0,2391.0,
2021-01-05 09:31:43.191,,0.9675,30.0,0.9573,20.0,2391.0,
2021-01-05 09:31:43.710,,0.9675,30.0,0.9573,20.0,2391.0,
2021-01-05 09:31:44.190,,0.9675,30.0,0.9574,2.0,2391.0,
2021-01-05 09:31:50.710,,0.9675,20.0,0.9605,10.0,2391.0,
2021-01-05 09:31:51.210,,0.9675,20.0,0.9605,30.0,2391.0,
2021-01-05 09:31:52.220,,0.9675,20.0,0.9606,2.0,2391.0,
2021-01-05 09:31:52.621,,0.9675,20.0,0.9606,2.0,2391.0,
2021-01-05 09:31:53.171,,0.9675,20.0,0.9606,2.0,2391.0,
2021-01-05 09:31:54.151,,0.9681,10.0,0.9606,2.0,2391.0,
2021-01-05 09:31:55.150,,0.9681,10.0,0.9606,2.0,2391.0,
2021-01-05 09:31:55.670,,0.9687,20.0,0.9631,10.0,2391.0,
2021-01-05 09:31:56.110,,0.9697,10.0,0.9631,30.0,2391.0,
2021-01-05 09:31:58.171,,0.9698,20.0,0.9631,30.0,2391.0,
2021-01-05 09:31:59.180,,0.9698,20.0,0.9631,30.0,2391.0,
2021-01-05 09:32:02.671,,0.9679,10.0,0.9631,20.0,2391.0,
2021-01-05 09:32:03.180,,0.9679,30.0,0.9611,10.0,2391.0,
2021-01-05 09:32:03.641,,0.9679,30.0,0.9612,2.0,2391.0,
2021-01-05 09:32:04.150,,0.9679,30.0,0.9605,20.0,2391.0,
2021-01-05 09:32:04.661,,0.9679,30.0,0.9606,2.0,2391.0,
2021-01-05 09:32:05.141,,0.9679,20.0,0.9606,2.0,2391.0,
2021-01-05 09:32:05.660,,0.9698,20.0,0.9606,2.0,2391.0,
2021-01-05 09:32:06.161,,0.9698,20.0,0.9606,2.0,2391.0,
2021-01-05 09:32:06.680,,0.9698,20.0,0.9606,2.0,2391.0,
2021-01-05 09:32:13.171,,0.9698,20.0,0.9606,2.0,2391.0,
2021-01-05 09:32:14.660,,0.9698,20.0,0.9607,2.0,2391.0,
2021-01-05 09:32:19.670,,0.9698,30.0,0.9627,10.0,2391.0,
2021-01-05 09:32:20.151,,0.9698,30.0,0.9627,30.0,2391.0,
2021-01-05 09:32:22.181,,0.9698,30.0,0.9627,30.0,2391.0,
2021-01-05 09:32:22.660,,0.9698,30.0,0.9627,30.0,2391.0,
2021-01-05 09:32:28.171,,0.9698,30.0,0.9627,30.0,2391.0,
2021-01-05 09:32:49.670,,0.9716,10.0,0.9632,10.0,2391.0,
2021-01-05 09:32:50.171,,0.9716,10.0,0.9632,10.0,2391.0,
2021-01-05 09:32:50.700,,0.9716,10.0,0.9632,10.0,2391.0,
2021-01-05 09:32:51.170,,0.9716,10.0,0.9633,2.0,2391.0,
2021-01-05 09:32:52.191,,0.9728,10.0,0.9633,2.0,2391.0,
2021-01-05 09:32:52.671,,0.9728,10.0,0.9633,2.0,2391.0,
2021-01-05 09:32:53.080,,0.9728,10.0,0.9632,30.0,2391.0,
2021-01-05 09:32:54.671,,0.9731,20.0,0.9632,30.0,2391.0,
2021-01-05 09:32:56.150,,0.9731,20.0,0.9633,2.0,2391.0,
2021-01-05 09:32:57.600,,0.9731,20.0,0.9632,30.0,2391.0,
2021-01-05 09:32:58.171,,0.9731,20.0,0.9632,30.0,2391.0,
2021-01-05 09:32:59.170,,0.9731,20.0,0.9633,2.0,2391.0,
2021-01-05 09:33:01.141,,0.9731,20.0,0.9633,2.0,2391.0,
2021-01-05 09:33:01.661,,0.9731,20.0,0.9632,31.0,2391.0,
2021-01-05 09:33:02.130,,0.9731,20.0,0.9632,31.0,2391.0,
2021-01-05 09:33:02.651,,0.9731,20.0,0.9632,31.0,2391.0,
2021-01-05 09:33:03.121,,0.9702,10.0,0.9632,31.0,2391.0,
2021-01-05 09:33:03.681,,0.9702,10.0,0.9632,31.0,2391.0,
2021-01-05 09:33:04.140,,0.9702,20.0,0.9632,21.0,2391.0,
2021-01-05 09:33:04.651,,0.9713,10.0,0.9632,21.0,2391.0,
2021-01-05 09:33:05.181,,0.9713,30.0,0.9632,21.0,2391.0,
2021-01-05 09:33:06.170,,0.9713,30.0,0.9632,21.0,2391.0,
2021-01-05 09:33:08.191,,0.9713,30.0,0.9632,21.0,2391.0,
2021-01-05 09:33:09.651,,0.9713,30.0,0.9632,21.0,2391.0,
2021-01-05 09:33:16.671,,0.968,10.0,0.9632,21.0,2391.0,
2021-01-05 09:33:17.190,,0.968,10.0,0.9632,1.0,2391.0,
2021-01-05 09:33:17.691,,0.968,30.0,0.9632,1.0,2391.0,
2021-01-05 09:33:18.160,,0.968,10.0,0.9632,1.0,2391.0,
2021-01-05 09:33:18.680,,0.968,30.0,0.9632,1.0,2391.0,
2021-01-05 09:33:18.921,,0.968,10.0,0.9632,1.0,2391.0,
2021-01-05 09:33:19.660,,0.968,30.0,0.9632,1.0,2391.0,
2021-01-05 09:33:19.950,,0.968,30.0,0.9632,1.0,2391.0,
2021-01-05 09:33:23.151,,0.968,30.0,0.9632,1.0,2391.0,
2021-01-05 09:33:25.671,,0.968,30.0,0.9632,1.0,2391.0,
2021-01-05 09:33:26.161,,0.968,30.0,0.9632,1.0,2391.0,
2021-01-05 09:33:27.171,,0.968,10.0,0.9632,1.0,2391.0,
2021-01-05 09:33:27.681,,0.968,30.0,0.9632,1.0,2391.0,
2021-01-05 09:33:28.180,,0.968,10.0,0.9632,1.0,2391.0,
2021-01-05 09:33:28.670,,0.968,30.0,0.9632,1.0,2391.0,
2021-01-05 09:33:37.190,,0.968,30.0,0.9632,1.0,2391.0,
2021-01-05 09:33:41.171,,0.968,30.0,0.9632,1.0,2391.0,
2021-01-05 09:33:42.160,,0.968,20.0,0.9632,1.0,2391.0,
2021-01-05 09:33:43.180,,0.969,34.0,0.9632,21.0,2391.0,
2021-01-05 09:33:44.110,,0.969,34.0,0.9632,21.0,2391.0,
2021-01-05 09:33:50.180,,0.969,34.0,0.9634,10.0,2391.0,
2021-01-05 09:33:50.670,,0.969,34.0,0.9644,1.0,2391.0,
2021-01-05 09:33:51.141,,0.969,34.0,0.9644,21.0,2391.0,
2021-01-05 09:33:51.581,,0.969,34.0,0.9644,21.0,2391.0,
2021-01-05 09:33:53.650,,0.969,34.0,0.9644,21.0,2391.0,
2021-01-05 09:33:57.171,,0.969,34.0,0.9644,21.0,2391.0,
2021-01-05 09:33:57.671,,0.969,20.0,0.9644,21.0,2391.0,
2021-01-05 09:33:58.170,,0.9708,34.0,0.9644,21.0,2391.0,
2021-01-05 09:33:59.690,,0.9708,34.0,0.9644,21.0,2391.0,
2021-01-05 09:34:00.671,,0.9708,20.0,0.9644,21.0,2391.0,
2021-01-05 09:34:01.081,,0.9708,20.0,0.9644,21.0,2391.0,
2021-01-05 09:34:06.681,,0.9708,20.0,0.9649,10.0,2391.0,
2021-01-05 09:34:07.130,,0.972,30.0,0.9649,10.0,2391.0,
2021-01-05 09:34:07.651,,0.972,30.0,0.9649,10.0,2391.0,
2021-01-05 09:34:08.171,,0.972,30.0,0.9649,10.0,2391.0,
2021-01-05 09:34:10.690,,0.972,30.0,0.9649,10.0,2391.0,
2021-01-05 09:34:14.691,,0.9698,10.0,0.9644,1.0,2391.0,
2021-01-05 09:34:15.681,,0.9698,30.0,0.9644,21.0,2391.0,
2021-01-05 09:34:16.190,,0.9698,30.0,0.9644,21.0,2391.0,
2021-01-05 09:34:19.700,,0.9698,30.0,0.9644,21.0,2391.0,
2021-01-05 09:34:21.690,,0.9698,10.0,0.9644,21.0,2391.0,
2021-01-05 09:34:25.150,,0.9707,14.0,0.965,10.0,2391.0,
2021-01-05 09:34:28.120,,0.9707,14.0,0.965,10.0,2391.0,
2021-01-05 09:34:31.691,,0.9709,20.0,0.965,10.0,2391.0,
2021-01-05 09:34:32.121,,0.9721,30.0,0.965,10.0,2391.0,
2021-01-05 09:34:34.640,,0.9721,30.0,0.965,10.0,2391.0,
2021-01-05 09:34:35.670,,0.9721,30.0,0.965,10.0,2391.0,
2021-01-05 09:34:37.700,,0.9721,30.0,0.965,10.0,2391.0,
2021-01-05 09:34:38.171,,0.9721,30.0,0.965,10.0,2391.0,
2021-01-05 09:34:38.690,,0.9721,20.0,0.9673,10.0,2391.0,
2021-01-05 09:34:39.470,,0.9721,20.0,0.9673,30.0,2391.0,
2021-01-05 09:34:40.171,,0.9721,20.0,0.9673,20.0,2391.0,
2021-01-05 09:34:41.201,,0.9745,34.0,0.9661,30.0,2391.0,
2021-01-05 09:34:42.171,,0.9745,34.0,0.9661,30.0,2391.0,
2021-01-05 09:34:43.671,,0.9745,34.0,0.9661,30.0,2391.0,
2021-01-05 09:34:46.140,,0.9745,34.0,0.9661,32.0,2391.0,
2021-01-05 09:34:46.660,,0.9745,34.0,0.9661,30.0,2391.0,
2021-01-05 09:34:46.970,,0.9745,34.0,0.9661,30.0,2391.0,
2021-01-05 09:34:47.701,,0.9745,34.0,0.9661,30.0,2391.0,
2021-01-05 09:34:52.220,,0.9745,34.0,0.9661,32.0,2391.0,
2021-01-05 09:34:52.650,,0.9745,34.0,0.9661,30.0,2391.0,
2021-01-05 09:34:54.631,,0.9745,14.0,0.9661,10.0,2391.0,
2021-01-05 09:34:55.161,,0.9745,20.0,0.97,10.0,2391.0,
2021-01-05 09:34:55.680,,0.9757,10.0,0.97,10.0,2391.0,
2021-01-05 09:34:56.131,,0.9759,20.0,0.97,30.0,2391.0,
2021-01-05 09:34:58.160,,0.9759,20.0,0.97,30.0,2391.0,
2021-01-05 09:34:59.170,,0.9767,14.0,0.97,30.0,2391.0,
2021-01-05 09:35:00.160,,0.9767,14.0,0.97,30.0,2391.0,
2021-01-05 09:35:00.630,,0.9769,20.0,0.97,30.0,2391.0,
2021-01-05 09:35:00.640,,0.9769,20.0,0.97,30.0,2391.0,
2021-01-05 09:35:03.660,,0.9769,20.0,0.97,30.0,2391.0,
2021-01-05 09:35:04.661,,0.9769,20.0,0.97,20.0,2391.0,
2021-01-05 09:35:05.180,,0.9769,20.0,0.969,34.0,2391.0,
2021-01-05 09:35:06.680,,0.9769,20.0,0.9691,2.0,2391.0,
2021-01-05 09:35:08.190,,0.9769,20.0,0.9691,2.0,2391.0,
2021-01-05 09:35:09.191,,0.9769,20.0,0.9711,10.0,2391.0,
2021-01-05 09:35:09.700,,0.9769,20.0,0.9711,10.0,2391.0,
2021-01-05 09:35:10.180,,0.9769,20.0,0.9711,10.0,2391.0,
2021-01-05 09:35:11.680,,0.9773,14.0,0.9712,2.0,2391.0,
2021-01-05 09:35:12.101,,0.9773,14.0,0.9712,2.0,2391.0,
2021-01-05 09:35:12.691,,0.9773,14.0,0.9712,2.0,2391.0,
2021-01-05 09:35:13.181,,0.9773,14.0,0.9712,2.0,2391.0,
2021-01-05 09:35:13.640,,0.9773,14.0,0.9711,10.0,2391.0,
2021-01-05 09:35:14.191,,0.9773,14.0,0.9704,34.0,2391.0,
2021-01-05 09:35:14.700,,0.9757,14.0,0.969,20.0,2391.0,
2021-01-05 09:35:15.200,,0.9757,14.0,0.9702,20.0,2391.0,
2021-01-05 09:35:15.701,,0.9757,14.0,0.9691,2.0,2391.0,
2021-01-05 09:35:16.201,,0.9757,14.0,0.9691,2.0,2391.0,
2021-01-05 09:35:17.190,,0.9757,14.0,0.9691,2.0,2391.0,
2021-01-05 09:35:21.620,,0.9773,20.0,0.9707,14.0,2391.0,
2021-01-05 09:35:22.171,,0.9773,20.0,0.9708,2.0,2391.0,
2021-01-05 09:35:22.650,,0.9773,20.0,0.9708,2.0,2391.0,
2021-01-05 09:35:23.680,,0.9773,20.0,0.9708,2.0,2391.0,
2021-01-05 09:35:24.171,,0.9773,20.0,0.9708,2.0,2391.0,
2021-01-05 09:35:30.690,,0.9773,20.0,0.9712,10.0,2391.0,
2021-01-05 09:35:31.170,,0.9773,20.0,0.9713,2.0,2391.0,
2021-01-05 09:35:34.691,,0.9773,20.0,0.972,14.0,2391.0,
2021-01-05 09:35:35.200,,0.9789,34.0,0.9721,2.0,2391.0,
2021-01-05 09:35:37.640,,0.9789,34.0,0.9721,2.0,2391.0,
2021-01-05 09:35:41.190,,0.9789,34.0,0.972,34.0,2391.0,
2021-01-05 09:35:42.160,,0.9789,34.0,0.972,34.0,2391.0,
2021-01-05 09:35:42.670,,0.9789,34.0,0.972,34.0,2391.0,
2021-01-05 09:35:46.170,,0.9803,14.0,0.974,10.0,2391.0,
2021-01-05 09:35:46.700,,0.9803,34.0,0.974,30.0,2391.0,
2021-01-05 09:35:47.201,,0.9803,34.0,0.974,30.0,2391.0,
2021-01-05 09:35:47.691,,0.9803,34.0,0.974,30.0,2391.0,
2021-01-05 09:35:50.121,,0.9803,34.0,0.974,30.0,2391.0,
2021-01-05 09:35:56.140,,0.979,14.0,0.974,30.0,2391.0,
2021-01-05 09:35:56.690,,0.979,14.0,0.974,30.0,2391.0,
2021-01-05 09:35:57.160,,0.979,34.0,0.974,30.0,2391.0,
2021-01-05 09:35:59.640,,0.979,20.0,0.974,30.0,2391.0,
2021-01-05 09:36:00.201,,0.979,20.0,0.974,32.0,2391.0,
2021-01-05 09:36:00.680,,0.9803,34.0,0.974,30.0,2391.0,
2021-01-05 09:36:02.170,,0.9803,34.0,0.974,20.0,2391.0,
2021-01-05 09:36:04.201,,0.9803,20.0,0.974,20.0,2391.0,
2021-01-05 09:36:04.620,,0.979,14.0,0.974,20.0,2391.0,
2021-01-05 09:36:05.150,,0.979,34.0,0.9721,34.0,2391.0,
2021-01-05 09:36:05.690,,0.979,34.0,0.9722,2.0,2391.0,
2021-01-05 09:36:06.180,,0.979,34.0,0.9722,2.0,2391.0,
2021-01-05 09:36:06.700,,0.979,34.0,0.9722,2.0,2391.0,
2021-01-05 09:36:16.150,,0.979,34.0,0.9721,34.0,2391.0,
2021-01-05 09:36:18.181,,0.979,34.0,0.9722,2.0,2391.0,
2021-01-05 09:36:18.680,,0.979,34.0,0.9721,34.0,2391.0,
2021-01-05 09:36:21.691,,0.979,44.0,0.9721,34.0,2391.0,
2021-01-05 09:36:22.680,,0.979,44.0,0.975,12.0,2391.0,
2021-01-05 09:36:24.171,,0.979,44.0,0.975,12.0,2391.0,
2021-01-05 09:36:25.191,,0.979,44.0,0.975,12.0,2391.0,
2021-01-05 09:36:25.650,,0.979,34.0,0.975,12.0,2391.0,
2021-01-05 09:36:28.190,,0.979,20.0,0.975,12.0,2391.0,
2021-01-05 09:36:29.171,,0.9805,14.0,0.975,12.0,2391.0,
2021-01-05 09:36:29.661,,0.9805,34.0,0.975,32.0,2391.0,
2021-01-05 09:36:30.161,,0.9805,14.0,0.975,12.0,2391.0,
2021-01-05 09:36:30.700,,0.9805,34.0,0.975,32.0,2391.0,
2021-01-05 09:36:31.181,,0.9805,14.0,0.975,12.0,2391.0,
2021-01-05 09:36:31.690,,0.9805,34.0,0.975,32.0,2391.0,
2021-01-05 09:36:32.130,,0.9805,14.0,0.975,12.0,2391.0,
2021-01-05 09:36:32.660,,0.9805,34.0,0.975,32.0,2391.0,
2021-01-05 09:36:33.200,,0.9805,14.0,0.975,12.0,2391.0,
2021-01-05 09:36:33.670,,0.9805,34.0,0.975,32.0,2391.0,
2021-01-05 09:36:34.091,,0.9805,14.0,0.975,12.0,2391.0,
2021-01-05 09:36:34.671,,0.9805,34.0,0.975,32.0,2391.0,
2021-01-05 09:36:36.700,,0.9805,34.0,0.9753,10.0,2391.0,
2021-01-05 09:36:38.120,,0.9805,34.0,0.9753,10.0,2391.0,
2021-01-05 09:36:42.690,,0.9805,34.0,0.9753,10.0,2391.0,
2021-01-05 09:36:46.190,,0.9805,20.0,0.9753,10.0,2391.0,
2021-01-05 09:36:46.651,,0.9805,20.0,0.9753,10.0,2391.0,
2021-01-05 09:36:47.130,,0.9818,20.0,0.9753,10.0,2391.0,
2021-01-05 09:36:48.130,,0.9818,20.0,0.9775,10.0,2391.0,
2021-01-05 09:36:49.181,,0.9818,20.0,0.9775,10.0,2391.0,
2021-01-05 09:36:49.181,,0.9818,20.0,0.9775,10.0,2391.0,
2021-01-05 09:36:56.141,,0.9818,20.0,0.9775,10.0,2391.0,
2021-01-05 09:37:01.081,,0.9818,20.0,0.9775,10.0,2391.0,
2021-01-05 09:37:02.610,,0.9818,20.0,0.9769,30.0,2391.0,
2021-01-05 09:37:03.630,,0.9818,20.0,0.9769,30.0,2391.0,
2021-01-05 09:37:04.200,,0.9819,34.0,0.9769,30.0,2391.0,
2021-01-05 09:37:04.690,,0.9819,34.0,0.9818,30.0,2391.0,
2021-01-05 09:37:05.140,0.9818,0.9819,34.0,0.9769,30.0,2421.0,30.0
2021-01-05 09:37:05.701,0.9818,0.9819,34.0,0.9769,30.0,2421.0,30.0
2021-01-05 09:37:06.171,0.9818,0.9819,34.0,0.9818,12.0,2421.0,30.0
2021-01-05 09:37:06.700,0.9818,0.9819,34.0,0.9769,30.0,2421.0,42.0
2021-01-05 09:37:07.180,0.9818,0.9819,34.0,0.9769,30.0,2421.0,42.0
2021-01-05 09:37:07.610,0.9818,0.9819,34.0,0.9769,30.0,2421.0,42.0
2021-01-05 09:37:08.630,0.9818,0.9819,34.0,0.975,14.0,2421.0,42.0
2021-01-05 09:37:09.170,0.9818,0.9819,34.0,0.9751,2.0,2421.0,42.0
2021-01-05 09:37:09.660,0.9818,0.9819,34.0,0.975,14.0,2421.0,42.0
2021-01-05 09:37:10.121,0.9818,0.9819,34.0,0.975,14.0,2421.0,42.0
2021-01-05 09:37:12.620,0.9818,0.9819,34.0,0.975,14.0,2421.0,42.0
2021-01-05 09:37:16.501,0.9818,0.9819,34.0,0.975,14.0,2421.0,42.0
2021-01-05 09:37:33.180,0.9818,0.9819,34.0,0.975,14.0,2421.0,42.0
2021-01-05 09:37:33.701,0.9818,0.9819,34.0,0.975,14.0,2421.0,42.0
2021-01-05 09:37:38.651,0.9818,0.9805,14.0,0.9745,34.0,2421.0,42.0
2021-01-05 09:37:39.641,0.9818,0.9805,34.0,0.9745,34.0,2421.0,42.0
2021-01-05 09:37:40.701,0.9818,0.9805,34.0,0.9745,34.0,2421.0,42.0
2021-01-05 09:37:44.190,0.9818,0.9805,34.0,0.9745,34.0,2421.0,42.0
2021-01-05 09:37:45.191,0.9818,0.9793,14.0,0.9745,20.0,2421.0,42.0
2021-01-05 09:37:45.650,0.9818,0.9793,34.0,0.9733,34.0,2421.0,42.0
2021-01-05 09:37:46.601,0.9818,0.9793,34.0,0.9733,34.0,2421.0,42.0
2021-01-05 09:37:47.210,0.9818,0.9793,34.0,0.9733,34.0,2421.0,42.0
2021-01-05 09:37:47.661,0.9818,0.9793,34.0,0.9733,34.0,2421.0,42.0
2021-01-05 09:37:48.700,0.9818,0.9793,34.0,0.9733,34.0,2421.0,42.0
2021-01-05 09:37:51.691,0.9818,0.9793,20.0,0.9746,14.0,2421.0,42.0
2021-01-05 09:37:52.300,0.9818,0.9805,20.0,0.9746,34.0,2421.0,42.0
2021-01-05 09:37:53.680,0.9818,0.9805,20.0,0.9746,34.0,2421.0,42.0
2021-01-05 09:37:57.170,0.9818,0.98,10.0,0.9746,34.0,2421.0,42.0
2021-01-05 09:37:57.601,0.9818,0.9792,14.0,0.9733,20.0,2421.0,42.0
2021-01-05 09:37:58.091,0.9818,0.9792,34.0,0.9733,20.0,2421.0,42.0
2021-01-05 09:37:59.670,0.9818,0.9792,34.0,0.9733,20.0,2421.0,42.0
2021-01-05 09:38:04.190,0.9818,0.9792,20.0,0.9744,14.0,2421.0,42.0
2021-01-05 09:38:05.181,0.9818,0.98,10.0,0.9744,34.0,2421.0,42.0
2021-01-05 09:38:06.691,0.9818,0.98,10.0,0.9744,34.0,2421.0,42.0
2021-01-05 09:38:07.590,0.9818,0.9804,14.0,0.9749,10.0,2421.0,42.0
2021-01-05 09:38:08.021,0.9818,0.9804,34.0,0.9749,30.0,2421.0,42.0
2021-01-05 09:38:09.611,0.9818,0.9804,20.0,0.9757,14.0,2421.0,42.0
2021-01-05 09:38:10.180,0.9818,0.9817,34.0,0.9757,14.0,2421.0,42.0
2021-01-05 09:38:12.191,0.9818,0.9817,14.0,0.9757,14.0,2421.0,42.0
2021-01-05 09:38:12.691,0.9818,0.9817,34.0,0.9757,14.0,2421.0,42.0
2021-01-05 09:38:15.730,0.9818,0.9817,14.0,0.9757,14.0,2421.0,42.0
2021-01-05 09:38:16.210,0.9818,0.9817,14.0,0.9757,14.0,2421.0,42.0
2021-01-05 09:38:17.190,0.9818,0.9817,14.0,0.9762,10.0,2421.0,42.0
2021-01-05 09:38:18.231,0.9818,0.9817,14.0,0.9762,30.0,2421.0,42.0
2021-01-05 09:38:18.660,0.9818,0.9817,14.0,0.9762,30.0,2421.0,42.0
2021-01-05 09:38:21.240,0.9818,0.9827,20.0,0.9769,14.0,2421.0,42.0
2021-01-05 09:38:21.670,0.9818,0.9827,20.0,0.9769,14.0,2421.0,42.0
2021-01-05 09:38:22.210,0.9818,0.9829,14.0,0.9769,14.0,2421.0,42.0
2021-01-05 09:38:22.661,0.9818,0.9829,14.0,0.9769,14.0,2421.0,42.0
2021-01-05 09:38:23.201,0.9818,0.9829,14.0,0.9783,10.0,2421.0,42.0
2021-01-05 09:38:23.681,0.9818,0.9829,14.0,0.9783,10.0,2421.0,42.0
2021-01-05 09:38:24.141,0.9818,0.9829,14.0,0.9783,30.0,2421.0,42.0
2021-01-05 09:38:24.690,0.9818,0.9837,20.0,0.9783,10.0,2421.0,42.0
2021-01-05 09:38:25.101,0.9818,0.9837,20.0,0.9783,30.0,2421.0,42.0
2021-01-05 09:38:25.700,0.9818,0.9837,20.0,0.9783,30.0,2421.0,42.0
2021-01-05 09:38:27.691,0.9818,0.9837,20.0,0.9783,20.0,2421.0,42.0
2021-01-05 09:38:33.191,0.9818,0.9837,20.0,0.9784,2.0,2421.0,42.0
2021-01-05 09:38:33.700,0.9818,0.9854,20.0,0.9796,14.0,2421.0,42.0
2021-01-05 09:38:34.201,0.9818,0.9854,20.0,0.9796,34.0,2421.0,42.0
2021-01-05 09:38:35.700,0.9818,0.9863,10.0,0.9808,14.0,2421.0,42.0
2021-01-05 09:38:36.130,0.9818,0.9865,30.0,0.9808,14.0,2421.0,42.0
2021-01-05 09:38:36.691,0.9818,0.9865,20.0,0.9808,34.0,2421.0,42.0
2021-01-05 09:38:39.161,0.9818,0.9865,20.0,0.9818,14.0,2421.0,42.0
2021-01-05 09:38:40.141,0.9818,0.9883,14.0,0.9819,2.0,2421.0,42.0
2021-01-05 09:38:40.591,0.9818,0.9883,14.0,0.9818,14.0,2421.0,42.0
2021-01-05 09:38:41.140,0.9818,0.9883,14.0,0.9818,34.0,2421.0,42.0
2021-01-05 09:38:41.670,0.9818,0.9883,14.0,0.9821,10.0,2421.0,42.0
2021-01-05 09:38:42.191,0.9818,0.989,20.0,0.983,14.0,2421.0,42.0
2021-01-05 09:38:42.700,0.9818,0.989,20.0,0.983,34.0,2421.0,42.0
2021-01-05 09:38:43.701,0.9818,0.989,20.0,0.983,34.0,2421.0,42.0
2021-01-05 09:38:44.690,0.9818,0.989,20.0,0.983,34.0,2421.0,42.0
2021-01-05 09:38:45.201,0.9818,0.989,20.0,0.983,34.0,2421.0,42.0
2021-01-05 09:38:47.140,0.9818,0.9882,14.0,0.9821,10.0,2421.0,42.0
2021-01-05 09:38:47.691,0.9818,0.9882,14.0,0.9821,10.0,2421.0,42.0
2021-01-05 09:38:48.200,0.9818,0.9882,14.0,0.9821,10.0,2421.0,42.0
2021-01-05 09:38:48.650,0.9818,0.9882,34.0,0.9821,10.0,2421.0,42.0
2021-01-05 09:38:49.691,0.9818,0.9869,14.0,0.9821,10.0,2421.0,42.0
2021-01-05 09:38:50.110,0.9818,0.9869,34.0,0.9821,10.0,2421.0,42.0
2021-01-05 09:38:51.691,0.9818,0.9882,20.0,0.9821,12.0,2421.0,42.0
2021-01-05 09:38:52.150,0.9818,0.9882,20.0,0.9821,12.0,2421.0,42.0
2021-01-05 09:38:53.620,0.9818,0.9882,20.0,0.9821,12.0,2421.0,42.0
2021-01-05 09:38:55.700,0.9818,0.9892,20.0,0.9833,14.0,2421.0,42.0
2021-01-05 09:38:56.190,0.9818,0.9892,20.0,0.9833,34.0,2421.0,42.0
2021-01-05 09:38:59.060,0.9818,0.9882,14.0,0.9822,14.0,2421.0,42.0
2021-01-05 09:39:00.140,0.9818,0.9882,34.0,0.9823,20.0,2421.0,42.0
2021-01-05 09:39:00.660,0.9818,0.9882,34.0,0.9823,20.0,2421.0,42.0
2021-01-05 09:39:04.161,0.9818,0.9882,34.0,0.9823,20.0,2421.0,42.0
2021-01-05 09:39:06.650,0.9818,0.9882,34.0,0.9823,20.0,2421.0,42.0
2021-01-05 09:39:07.200,0.9818,0.9882,34.0,0.9823,30.0,2421.0,42.0
2021-01-05 09:39:07.680,0.9818,0.9882,34.0,0.9823,30.0,2421.0,42.0
2021-01-05 09:39:08.690,0.9818,0.9882,34.0,0.9823,30.0,2421.0,42.0
2021-01-05 09:39:09.161,0.9818,0.9882,34.0,0.9823,30.0,2421.0,42.0
2021-01-05 09:39:10.191,0.9818,0.9882,34.0,0.9823,30.0,2421.0,42.0
2021-01-05 09:39:10.721,0.9818,0.9882,34.0,0.9823,32.0,2421.0,42.0
2021-01-05 09:39:11.201,0.9818,0.9882,20.0,0.9834,14.0,2421.0,42.0
2021-01-05 09:39:12.220,0.9818,0.9892,20.0,0.9834,34.0,2421.0,42.0
2021-01-05 09:39:13.720,0.9818,0.9892,20.0,0.9834,34.0,2421.0,42.0
2021-01-05 09:39:17.191,0.9818,0.9892,20.0,0.9834,34.0,2421.0,42.0
2021-01-05 09:39:17.650,0.9818,0.9892,20.0,0.9834,34.0,2421.0,42.0
2021-01-05 09:39:20.221,0.9818,0.9892,20.0,0.9834,34.0,2421.0,42.0
2021-01-05 09:39:21.671,0.9818,0.9892,20.0,0.9835,2.0,2421.0,42.0
2021-01-05 09:39:22.651,0.9818,0.9892,20.0,0.9835,2.0,2421.0,42.0
2021-01-05 09:39:23.200,0.9818,0.9892,20.0,0.9834,34.0,2421.0,42.0
2021-01-05 09:39:23.710,0.9818,0.9892,20.0,0.9834,34.0,2421.0,42.0
2021-01-05 09:39:24.151,0.9818,0.9892,20.0,0.9834,34.0,2421.0,42.0
2021-01-05 09:39:25.690,0.9818,0.9892,20.0,0.9835,2.0,2421.0,42.0
2021-01-05 09:39:27.210,0.9818,0.9892,20.0,0.9835,2.0,2421.0,42.0
2021-01-05 09:39:29.721,0.9818,0.9892,20.0,0.9835,2.0,2421.0,42.0
2021-01-05 09:39:30.220,0.9818,0.9892,20.0,0.9834,34.0,2421.0,42.0
2021-01-05 09:39:30.721,0.9818,0.9892,20.0,0.9834,36.0,2421.0,42.0
2021-01-05 09:39:31.121,0.9818,0.9892,20.0,0.9834,34.0,2421.0,42.0
2021-01-05 09:39:31.701,0.9818,0.9892,20.0,0.9834,34.0,2421.0,42.0
2021-01-05 09:39:32.141,0.9818,0.9892,20.0,0.9834,34.0,2421.0,42.0
2021-01-05 09:39:35.701,0.9818,0.9892,20.0,0.9834,34.0,2421.0,42.0
2021-01-05 09:39:36.231,0.9818,0.9892,20.0,0.9834,34.0,2421.0,42.0
2021-01-05 09:39:36.660,0.9818,0.9892,20.0,0.9834,34.0,2421.0,42.0
2021-01-05 09:39:38.221,0.9818,0.9892,20.0,0.9834,34.0,2421.0,42.0
2021-01-05 09:39:41.220,0.9818,0.9892,20.0,0.9834,34.0,2421.0,42.0
2021-01-05 09:39:41.750,0.9818,0.9892,20.0,0.9834,34.0,2421.0,42.0
2021-01-05 09:39:42.210,0.9818,0.9892,20.0,0.9834,14.0,2421.0,42.0
2021-01-05 09:39:43.660,0.9818,0.9882,14.0,0.9823,20.0,2421.0,42.0
2021-01-05 09:39:44.231,0.9818,0.9882,34.0,0.9823,20.0,2421.0,42.0
2021-01-05 09:39:46.190,0.9818,0.9882,14.0,0.9823,20.0,2421.0,42.0
2021-01-05 09:39:46.711,0.9818,0.9892,20.0,0.9834,14.0,2421.0,42.0
2021-01-05 09:39:47.250,0.9818,0.9892,20.0,0.9834,14.0,2421.0,42.0
2021-01-05 09:39:47.731,0.9818,0.9892,20.0,0.9834,34.0,2421.0,42.0
2021-01-05 09:39:48.221,0.9818,0.9892,20.0,0.9834,34.0,2421.0,42.0
2021-01-05 09:39:48.720,0.9818,0.9892,20.0,0.9834,34.0,2421.0,42.0
2021-01-05 09:39:49.711,0.9818,0.9892,20.0,0.9834,34.0,2421.0,42.0
2021-01-05 09:39:51.241,0.9818,0.9894,14.0,0.9834,14.0,2421.0,42.0
2021-01-05 09:39:51.730,0.9818,0.9905,14.0,0.9845,14.0,2421.0,42.0
2021-01-05 09:39:52.251,0.9818,0.9898,20.0,0.9845,14.0,2421.0,42.0
2021-01-05 09:39:52.251,0.9818,0.9905,14.0,0.9845,34.0,2421.0,42.0
2021-01-05 09:39:53.181,0.9818,0.9905,14.0,0.9845,34.0,2421.0,42.0
2021-01-05 09:39:53.630,0.9818,0.9886,10.0,0.9845,20.0,2421.0,42.0
2021-01-05 09:39:54.191,0.9818,0.9886,30.0,0.9832,34.0,2421.0,42.0
2021-01-05 09:39:54.691,0.9818,0.9886,30.0,0.9832,34.0,2421.0,42.0
2021-01-05 09:39:55.640,0.9818,0.9886,30.0,0.9832,34.0,2421.0,42.0
2021-01-05 09:39:56.120,0.9818,0.9886,30.0,0.9832,34.0,2421.0,42.0
2021-01-05 09:39:56.691,0.9818,0.9892,14.0,0.9832,14.0,2421.0,42.0
2021-01-05 09:39:57.181,0.9818,0.9892,14.0,0.9832,34.0,2421.0,42.0
2021-01-05 09:39:57.580,0.9818,0.9892,14.0,0.9832,14.0,2421.0,42.0
2021-01-05 09:39:58.170,0.9818,0.9892,14.0,0.9832,34.0,2421.0,42.0
2021-01-05 09:40:02.200,0.9818,0.9881,10.0,0.9832,34.0,2421.0,42.0
2021-01-05 09:40:02.671,0.9818,0.9877,14.0,0.9832,20.0,2421.0,42.0
2021-01-05 09:40:03.171,0.9818,0.9877,14.0,0.9832,20.0,2421.0,42.0
2021-01-05 09:40:03.691,0.9818,0.9877,14.0,0.9817,14.0,2421.0,42.0
2021-01-05 09:40:04.160,0.9818,0.9877,14.0,0.9817,14.0,2421.0,42.0
2021-01-05 09:40:04.700,0.9818,0.9877,14.0,0.9817,14.0,2421.0,42.0
2021-01-05 09:40:06.701,0.9818,0.9877,34.0,0.9817,14.0,2421.0,42.0
2021-01-05 09:40:08.690,0.9818,0.9877,34.0,0.9817,14.0,2421.0,42.0
2021-01-05 09:40:09.191,0.9818,0.9877,34.0,0.9817,14.0,2421.0,42.0
2021-01-05 09:40:13.700,0.9818,0.9863,14.0,0.9808,20.0,2421.0,42.0
2021-01-05 09:40:14.150,0.9818,0.9863,34.0,0.9808,20.0,2421.0,42.0
2021-01-05 09:40:15.690,0.9818,0.9863,34.0,0.9808,20.0,2421.0,42.0
2021-01-05 09:40:21.200,0.9818,0.9863,14.0,0.9815,10.0,2421.0,42.0
2021-01-05 09:40:23.200,0.9818,0.9874,14.0,0.9815,10.0,2421.0,42.0
2021-01-05 09:40:24.681,0.9818,0.9874,14.0,0.9815,10.0,2421.0,42.0
2021-01-05 09:40:33.191,0.9818,0.9874,14.0,0.9815,10.0,2421.0,42.0
2021-01-05 09:40:49.960,0.9818,0.9874,14.0,0.9814,14.0,2421.0,42.0
2021-01-05 09:40:51.601,0.9818,0.9874,14.0,0.9814,14.0,2421.0,42.0
2021-01-05 09:40:54.141,0.9818,0.9874,14.0,0.9814,14.0,2421.0,42.0
2021-01-05 09:40:56.711,0.9818,0.9874,14.0,0.9814,14.0,2421.0,42.0
2021-01-05 09:40:57.710,0.9818,0.9874,14.0,0.9814,14.0,2421.0,42.0
2021-01-05 09:41:11.210,0.9818,0.9874,14.0,0.9814,14.0,2421.0,42.0
2021-01-05 09:41:11.711,0.9818,0.9874,14.0,0.9814,14.0,2421.0,42.0
2021-01-05 09:41:14.160,0.9818,0.9874,14.0,0.9814,14.0,2421.0,42.0
2021-01-05 09:41:15.180,0.9818,0.9874,14.0,0.9814,34.0,2421.0,42.0
2021-01-05 09:41:21.190,0.9818,0.9874,14.0,0.9814,34.0,2421.0,42.0
2021-01-05 09:41:22.700,0.9818,0.9874,14.0,0.982,10.0,2421.0,42.0
2021-01-05 09:41:27.131,0.9818,0.9874,14.0,0.982,10.0,2421.0,42.0
2021-01-05 09:41:29.001,0.9818,0.9874,14.0,0.9814,34.0,2421.0,42.0
2021-01-05 09:41:29.690,0.9818,0.9874,14.0,0.9814,34.0,2421.0,42.0
2021-01-05 09:41:30.180,0.9818,0.9874,14.0,0.9814,34.0,2421.0,42.0
2021-01-05 09:41:30.711,0.9818,0.9881,20.0,0.9826,14.0,2421.0,42.0
2021-01-05 09:41:31.700,0.9818,0.9881,20.0,0.9826,34.0,2421.0,42.0
2021-01-05 09:41:34.120,0.9818,0.9881,20.0,0.9826,34.0,2421.0,42.0
2021-01-05 09:41:36.720,0.9818,0.9886,14.0,0.9826,34.0,2421.0,42.0
2021-01-05 09:41:37.210,0.9818,0.9886,14.0,0.9826,34.0,2421.0,42.0
2021-01-05 09:41:38.220,0.9818,0.9891,20.0,0.9839,10.0,2421.0,42.0
2021-01-05 09:41:39.221,0.9818,0.9891,20.0,0.9839,30.0,2421.0,42.0
2021-01-05 09:41:41.130,0.9818,0.9891,20.0,0.9839,30.0,2421.0,42.0
2021-01-05 09:41:42.690,0.9818,0.9885,14.0,0.9839,30.0,2421.0,42.0
2021-01-05 09:41:45.701,0.9818,0.9885,14.0,0.9839,30.0,2421.0,42.0
2021-01-05 09:41:47.201,0.9818,0.9885,14.0,0.9839,20.0,2421.0,42.0
2021-01-05 09:41:48.181,0.9818,0.9885,14.0,0.9826,20.0,2421.0,42.0
2021-01-05 09:41:48.740,0.9818,0.9891,20.0,0.9836,14.0,2421.0,42.0
2021-01-05 09:41:49.191,0.9818,0.9891,20.0,0.9836,34.0,2421.0,42.0
2021-01-05 09:41:49.750,0.9818,0.9891,20.0,0.9836,34.0,2421.0,42.0
2021-01-05 09:41:53.681,0.9818,0.9891,20.0,0.9836,34.0,2421.0,42.0
2021-01-05 09:41:54.670,0.9818,0.9891,20.0,0.9836,20.0,2421.0,42.0
2021-01-05 09:41:55.160,0.9818,0.9907,14.0,0.9847,14.0,2421.0,42.0
2021-01-05 09:41:55.671,0.9818,0.9907,14.0,0.9847,34.0,2421.0,42.0
2021-01-05 09:41:56.151,0.9818,0.9907,14.0,0.9847,44.0,2421.0,42.0
2021-01-05 09:41:57.110,0.9818,0.9907,14.0,0.9847,24.0,2421.0,42.0
2021-01-05 09:41:57.640,0.9818,0.9907,14.0,0.9847,44.0,2421.0,42.0
2021-01-05 09:42:02.201,0.9818,0.9907,14.0,0.9847,44.0,2421.0,42.0
2021-01-05 09:42:05.711,0.9818,0.9907,14.0,0.9847,44.0,2421.0,42.0
2021-01-05 09:42:06.181,0.9818,0.9907,14.0,0.9847,44.0,2421.0,42.0
2021-01-05 09:42:07.230,0.9818,0.9907,34.0,0.9847,44.0,2421.0,42.0
2021-01-05 09:42:11.211,0.9818,0.9907,20.0,0.9858,14.0,2421.0,42.0
2021-01-05 09:42:11.720,0.9818,0.9917,30.0,0.9858,34.0,2421.0,42.0
2021-01-05 09:42:13.211,0.9818,0.9917,30.0,0.9858,34.0,2421.0,42.0
2021-01-05 09:42:13.731,0.9818,0.9917,20.0,0.9858,34.0,2421.0,42.0
2021-01-05 09:42:35.701,0.9818,0.9917,20.0,0.9858,34.0,2421.0,42.0
2021-01-05 09:42:44.751,0.9818,0.9917,20.0,0.987,10.0,2421.0,42.0
2021-01-05 09:42:45.191,0.9818,0.9917,20.0,0.9858,34.0,2421.0,42.0
2021-01-05 09:42:45.650,0.9818,0.9917,20.0,0.987,20.0,2421.0,42.0
2021-01-05 09:42:46.240,0.9818,0.9917,20.0,0.9869,14.0,2421.0,42.0
2021-01-05 09:42:47.231,0.9818,0.9929,34.0,0.9869,34.0,2421.0,42.0
2021-01-05 09:42:48.171,0.9818,0.9929,34.0,0.9869,34.0,2421.0,42.0
2021-01-05 09:43:10.761,0.9818,0.9918,5.0,0.9869,34.0,2421.0,42.0
2021-01-05 09:43:13.740,0.9818,0.9918,5.0,0.9869,34.0,2421.0,42.0
2021-01-05 09:43:14.270,0.9818,0.9918,5.0,0.9869,34.0,2421.0,42.0
2021-01-05 09:43:15.241,0.9818,0.9918,5.0,0.9869,14.0,2421.0,42.0
2021-01-05 09:43:20.731,0.9818,0.9918,5.0,0.9869,34.0,2421.0,42.0
2021-01-05 09:43:49.221,0.9818,0.9918,5.0,0.9869,20.0,2421.0,42.0
2021-01-05 09:43:49.511,0.9818,0.9917,14.0,0.9857,14.0,2421.0,42.0
2021-01-05 09:43:50.110,0.9818,0.9917,14.0,0.9857,34.0,2421.0,42.0
2021-01-05 09:43:50.721,0.9818,0.9917,14.0,0.9857,34.0,2421.0,42.0
2021-01-05 09:44:00.701,0.9818,0.9916,10.0,0.9857,34.0,2421.0,42.0
2021-01-05 09:44:02.711,0.9818,0.9916,10.0,0.9857,34.0,2421.0,42.0
2021-01-05 09:44:03.231,0.9818,0.9905,14.0,0.9857,20.0,2421.0,42.0
2021-01-05 09:44:03.750,0.9818,0.9905,34.0,0.9845,34.0,2421.0,42.0
2021-01-05 09:44:04.230,0.9818,0.9905,34.0,0.9845,34.0,2421.0,42.0
2021-01-05 09:44:05.681,0.9818,0.9905,34.0,0.9845,34.0,2421.0,42.0
2021-01-05 09:44:07.281,0.9818,0.9905,20.0,0.9845,20.0,2421.0,42.0
2021-01-05 09:44:07.750,0.9818,0.9894,14.0,0.9834,14.0,2421.0,42.0
2021-01-05 09:44:08.261,0.9818,0.9894,34.0,0.9834,14.0,2421.0,42.0
2021-01-05 09:44:09.050,0.9818,0.9894,34.0,0.9834,14.0,2421.0,42.0
2021-01-05 09:44:09.780,0.9818,0.9894,34.0,0.9834,14.0,2421.0,42.0
2021-01-05 09:44:21.270,0.9818,0.9894,34.0,0.9834,14.0,2421.0,42.0
2021-01-05 09:44:32.220,0.9818,0.9894,20.0,0.983,30.0,2421.0,42.0
2021-01-05 09:44:32.691,0.9818,0.9882,14.0,0.983,30.0,2421.0,42.0
2021-01-05 09:44:33.231,0.9818,0.9882,34.0,0.983,30.0,2421.0,42.0
2021-01-05 09:44:33.730,0.9818,0.9882,34.0,0.983,20.0,2421.0,42.0
2021-01-05 09:44:34.520,0.9818,0.9882,34.0,0.983,20.0,2421.0,42.0
2021-01-05 09:44:41.730,0.9818,0.9882,34.0,0.983,20.0,2421.0,42.0
2021-01-05 09:44:59.711,0.9818,0.987,14.0,0.983,20.0,2421.0,42.0
2021-01-05 09:45:00.061,0.9818,0.987,34.0,0.9819,30.0,2421.0,42.0
2021-01-05 09:45:00.061,0.9818,0.987,34.0,0.9819,30.0,2421.0,42.0
2021-01-05 09:45:01.221,0.9818,0.987,34.0,0.9819,30.0,2421.0,42.0
2021-01-05 09:45:01.680,0.9818,0.987,44.0,0.9819,20.0,2421.0,42.0
2021-01-05 09:45:02.061,0.9818,0.987,44.0,0.9819,20.0,2421.0,42.0
2021-01-05 09:45:05.221,0.9818,0.9858,14.0,0.9807,20.0,2421.0,42.0
2021-01-05 09:45:06.220,0.9818,0.9858,34.0,0.9807,20.0,2421.0,42.0
2021-01-05 09:45:07.130,0.9818,0.9858,34.0,0.9807,20.0,2421.0,42.0
2021-01-05 09:45:08.700,0.9818,0.9858,34.0,0.9798,14.0,2421.0,42.0
2021-01-05 09:45:10.200,0.9818,0.9858,34.0,0.9798,14.0,2421.0,42.0
2021-01-05 09:45:12.701,0.9818,0.9845,14.0,0.9795,20.0,2421.0,42.0
2021-01-05 09:45:13.220,0.9818,0.9845,14.0,0.9795,20.0,2421.0,42.0
2021-01-05 09:45:13.681,0.9818,0.9845,34.0,0.9785,34.0,2421.0,42.0
2021-01-05 09:45:14.131,0.9818,0.9845,14.0,0.9785,14.0,2421.0,42.0
2021-01-05 09:45:15.230,0.9818,0.9845,14.0,0.9785,14.0,2421.0,42.0
2021-01-05 09:45:15.721,0.9818,0.9845,34.0,0.9785,14.0,2421.0,42.0
2021-01-05 09:45:16.230,0.9818,0.9834,14.0,0.9774,34.0,2421.0,42.0
2021-01-05 09:45:16.741,0.9818,0.9834,14.0,0.9774,34.0,2421.0,42.0
2021-01-05 09:45:17.220,0.9818,0.9834,34.0,0.9774,34.0,2421.0,42.0
2021-01-05 09:45:17.731,0.9818,0.9834,34.0,0.9774,34.0,2421.0,42.0
2021-01-05 09:45:22.710,0.9818,0.9834,34.0,0.9774,34.0,2421.0,42.0
2021-01-05 09:45:24.701,0.9818,0.9834,34.0,0.9774,34.0,2421.0,42.0
2021-01-05 09:45:29.140,0.9818,0.9834,34.0,0.9774,34.0,2421.0,42.0
2021-01-05 09:45:35.731,0.9818,0.9834,14.0,0.9774,34.0,2421.0,42.0
2021-01-05 09:45:36.240,0.9818,0.9834,14.0,0.979,10.0,2421.0,42.0
2021-01-05 09:45:36.730,0.9818,0.9834,14.0,0.979,30.0,2421.0,42.0
2021-01-05 09:45:37.241,0.9818,0.9845,20.0,0.979,30.0,2421.0,42.0
2021-01-05 09:45:39.210,0.9818,0.9845,20.0,0.979,30.0,2421.0,42.0
2021-01-05 09:45:44.201,0.9818,0.9845,20.0,0.979,20.0,2421.0,42.0
2021-01-05 09:45:52.641,0.9818,0.9845,20.0,0.979,20.0,2421.0,42.0
2021-01-05 09:46:00.730,0.9818,0.9847,14.0,0.9784,14.0,2421.0,42.0
2021-01-05 09:46:01.230,0.9818,0.9847,14.0,0.9784,34.0,2421.0,42.0
2021-01-05 09:46:02.221,0.9818,0.9856,20.0,0.9793,14.0,2421.0,42.0
2021-01-05 09:46:02.661,0.9818,0.9856,20.0,0.9793,34.0,2421.0,42.0
2021-01-05 09:46:03.731,0.9818,0.9856,20.0,0.9793,34.0,2421.0,42.0
2021-01-05 09:46:10.221,0.9818,0.9861,14.0,0.9808,10.0,2421.0,42.0
2021-01-05 09:46:10.720,0.9818,0.9861,14.0,0.9808,30.0,2421.0,42.0
2021-01-05 09:46:11.721,0.9818,0.9861,14.0,0.9808,30.0,2421.0,42.0
2021-01-05 09:46:12.190,0.9818,0.9861,14.0,0.9808,30.0,2421.0,42.0
2021-01-05 09:46:14.230,0.9818,0.9873,20.0,0.9808,30.0,2421.0,42.0
2021-01-05 09:46:17.221,0.9818,0.9873,20.0,0.9808,30.0,2421.0,42.0
2021-01-05 09:46:20.210,0.9818,0.9873,20.0,0.9808,20.0,2421.0,42.0
2021-01-05 09:46:24.221,0.9818,0.9873,20.0,0.9808,20.0,2421.0,42.0
2021-01-05 09:46:24.631,0.9818,0.9873,20.0,0.9808,20.0,2421.0,42.0
2021-01-05 09:46:29.151,0.9818,0.9873,20.0,0.9809,2.0,2421.0,42.0
2021-01-05 09:46:29.710,0.9818,0.9873,20.0,0.9808,20.0,2421.0,42.0
2021-01-05 09:46:34.691,0.9818,0.9873,20.0,0.9809,2.0,2421.0,42.0
2021-01-05 09:46:36.221,0.9818,0.9873,20.0,0.9808,20.0,2421.0,42.0
2021-01-05 09:46:36.730,0.9818,0.9873,20.0,0.9808,20.0,2421.0,42.0
2021-01-05 09:46:37.750,0.9818,0.9873,20.0,0.9808,20.0,2421.0,42.0
2021-01-05 09:46:38.741,0.9818,0.9862,14.0,0.9808,20.0,2421.0,42.0
2021-01-05 09:46:39.210,0.9818,0.9862,34.0,0.9808,20.0,2421.0,42.0
2021-01-05 09:46:40.230,0.9818,0.9862,14.0,0.9808,20.0,2421.0,42.0
2021-01-05 09:46:40.670,0.9818,0.9862,14.0,0.9808,20.0,2421.0,42.0
2021-01-05 09:46:44.230,0.9818,0.9862,14.0,0.9808,22.0,2421.0,42.0
2021-01-05 09:46:46.251,0.9818,0.9862,14.0,0.9808,20.0,2421.0,42.0
2021-01-05 09:46:46.671,0.9818,0.9862,14.0,0.9809,2.0,2421.0,42.0
2021-01-05 09:46:47.701,0.9818,0.9862,14.0,0.9809,2.0,2421.0,42.0
2021-01-05 09:46:51.261,0.9818,0.9862,34.0,0.9809,2.0,2421.0,42.0
2021-01-05 09:46:53.201,0.9818,0.9862,34.0,0.9808,20.0,2421.0,42.0
2021-01-05 09:46:56.711,0.9818,0.9862,34.0,0.9809,10.0,2421.0,42.0
2021-01-05 09:46:57.741,0.9818,0.9862,34.0,0.9809,10.0,2421.0,42.0
2021-01-05 09:47:00.741,0.9818,0.9862,34.0,0.9809,10.0,2421.0,42.0
2021-01-05 09:47:01.721,0.9818,0.9862,44.0,0.9808,20.0,2421.0,42.0
2021-01-05 09:47:02.230,0.9818,0.9851,14.0,0.9808,20.0,2421.0,42.0
2021-01-05 09:47:03.220,0.9818,0.9851,34.0,0.9793,20.0,2421.0,42.0
2021-01-05 09:47:03.740,0.9818,0.9851,34.0,0.9792,34.0,2421.0,42.0
2021-01-05 09:47:04.211,0.9818,0.9851,34.0,0.9792,34.0,2421.0,42.0
2021-01-05 09:47:05.250,0.9818,0.9851,34.0,0.9792,34.0,2421.0,42.0
2021-01-05 09:47:05.750,0.9818,0.9851,34.0,0.9792,34.0,2421.0,42.0
2021-01-05 09:47:06.750,0.9818,0.9836,14.0,0.9792,20.0,2421.0,42.0
2021-01-05 09:47:07.221,0.9818,0.9836,34.0,0.9777,34.0,2421.0,42.0
2021-01-05 09:47:08.230,0.9818,0.9836,34.0,0.9777,34.0,2421.0,42.0
2021-01-05 09:47:11.180,0.9818,0.9825,14.0,0.9777,20.0,2421.0,42.0
2021-01-05 09:47:11.751,0.9818,0.9825,34.0,0.9766,44.0,2421.0,42.0
2021-01-05 09:47:12.731,0.9818,0.9825,34.0,0.9766,34.0,2421.0,42.0
2021-01-05 09:47:13.201,0.9818,0.9825,34.0,0.9766,34.0,2421.0,42.0
2021-01-05 09:47:13.751,0.9818,0.9825,34.0,0.9766,34.0,2421.0,42.0
2021-01-05 09:47:15.701,0.9818,0.9825,34.0,0.9766,34.0,2421.0,42.0
2021-01-05 09:47:19.111,0.9818,0.9812,14.0,0.9766,20.0,2421.0,42.0
2021-01-05 09:47:19.731,0.9818,0.9812,34.0,0.9766,20.0,2421.0,42.0
2021-01-05 09:47:20.761,0.9818,0.9812,34.0,0.9764,10.0,2421.0,42.0
2021-01-05 09:47:21.760,0.9818,0.9812,34.0,0.9755,20.0,2421.0,42.0
2021-01-05 09:47:22.580,0.9818,0.9812,34.0,0.9755,20.0,2421.0,42.0
2021-01-05 09:47:28.230,0.9818,0.98,14.0,0.9755,20.0,2421.0,42.0
2021-01-05 09:47:28.710,0.9818,0.98,34.0,0.9742,30.0,2421.0,42.0
2021-01-05 09:47:30.720,0.9818,0.98,34.0,0.9742,30.0,2421.0,42.0
2021-01-05 09:47:35.740,0.9818,0.98,34.0,0.9742,30.0,2421.0,42.0
2021-01-05 09:47:36.241,0.9818,0.98,34.0,0.9742,30.0,2421.0,42.0
2021-01-05 09:47:36.721,0.9818,0.98,34.0,0.9742,20.0,2421.0,42.0
2021-01-05 09:47:41.261,0.9818,0.98,34.0,0.9742,20.0,2421.0,42.0
2021-01-05 09:47:41.680,0.9818,0.98,34.0,0.9742,20.0,2421.0,42.0
2021-01-05 09:47:51.781,0.9818,0.98,20.0,0.9743,2.0,2421.0,42.0
2021-01-05 09:47:51.781,0.9818,0.98,20.0,0.9754,14.0,2421.0,42.0
2021-01-05 09:47:52.271,0.9818,0.9814,14.0,0.9754,14.0,2421.0,42.0
2021-01-05 09:47:53.231,0.9818,0.9814,34.0,0.9754,34.0,2421.0,42.0
2021-01-05 09:47:54.230,0.9818,0.9814,34.0,0.9754,14.0,2421.0,42.0
2021-01-05 09:47:54.741,0.9818,0.9814,14.0,0.9754,14.0,2421.0,42.0
2021-01-05 09:47:55.241,0.9818,0.9814,14.0,0.9754,14.0,2421.0,42.0
2021-01-05 09:47:56.251,0.9818,0.9814,14.0,0.9754,34.0,2421.0,42.0
2021-01-05 09:47:57.250,0.9818,0.9814,34.0,0.9754,34.0,2421.0,42.0
2021-01-05 09:47:58.261,0.9818,0.9803,14.0,0.9743,34.0,2421.0,42.0
2021-01-05 09:47:59.231,0.9818,0.9803,34.0,0.9743,34.0,2421.0,42.0
2021-01-05 09:47:59.751,0.9818,0.9803,34.0,0.9743,34.0,2421.0,42.0
2021-01-05 09:48:03.261,0.9818,0.979,14.0,0.9732,20.0,2421.0,42.0
2021-01-05 09:48:03.791,0.9818,0.979,34.0,0.9732,20.0,2421.0,42.0
2021-01-05 09:48:04.790,0.9818,0.979,34.0,0.9732,20.0,2421.0,42.0
2021-01-05 09:48:05.760,0.9818,0.979,34.0,0.9732,20.0,2421.0,42.0
2021-01-05 09:48:07.760,0.9818,0.979,34.0,0.9732,20.0,2421.0,42.0
2021-01-05 09:48:08.281,0.9818,0.979,34.0,0.9732,20.0,2421.0,42.0
2021-01-05 09:48:10.801,0.9818,0.979,20.0,0.972,30.0,2421.0,42.0
2021-01-05 09:48:11.291,0.9818,0.9777,14.0,0.9721,2.0,2421.0,42.0
2021-01-05 09:48:11.781,0.9818,0.9777,14.0,0.9721,2.0,2421.0,42.0
2021-01-05 09:48:12.300,0.9818,0.9777,14.0,0.9721,2.0,2421.0,42.0
2021-01-05 09:48:12.751,0.9818,0.9777,14.0,0.9721,2.0,2421.0,42.0
2021-01-05 09:48:13.760,0.9818,0.9781,20.0,0.973,14.0,2421.0,42.0
2021-01-05 09:48:14.300,0.9818,0.9781,20.0,0.973,34.0,2421.0,42.0
2021-01-05 09:48:15.260,0.9818,0.9789,14.0,0.973,36.0,2421.0,42.0
2021-01-05 09:48:15.310,0.9818,0.9791,20.0,0.973,22.0,2421.0,42.0
2021-01-05 09:48:16.321,0.9818,0.9791,20.0,0.9742,14.0,2421.0,42.0
2021-01-05 09:48:16.321,0.9818,0.9801,34.0,0.9742,34.0,2421.0,42.0
2021-01-05 09:48:17.811,0.9818,0.9801,34.0,0.9742,34.0,2421.0,42.0
2021-01-05 09:48:18.330,0.9818,0.9801,20.0,0.9742,22.0,2421.0,42.0
2021-01-05 09:48:19.271,0.9818,0.9813,14.0,0.9764,10.0,2421.0,42.0
2021-01-05 09:48:19.800,0.9818,0.9813,34.0,0.9764,30.0,2421.0,42.0
2021-01-05 09:48:20.791,0.9818,0.9813,34.0,0.9764,30.0,2421.0,42.0
2021-01-05 09:48:21.340,0.9818,0.9813,34.0,0.9764,30.0,2421.0,42.0
2021-01-05 09:48:26.101,0.9818,0.9813,34.0,0.9764,30.0,2421.0,42.0
2021-01-05 09:48:27.701,0.9818,0.9813,34.0,0.9764,30.0,2421.0,42.0
2021-01-05 09:48:28.041,0.9818,0.9828,14.0,0.9788,10.0,2421.0,42.0
2021-01-05 09:48:28.731,0.9818,0.9828,14.0,0.9788,10.0,2421.0,42.0
2021-01-05 09:48:29.121,0.9818,0.9828,14.0,0.9788,10.0,2421.0,42.0
2021-01-05 09:48:32.200,0.9818,0.9828,14.0,0.9788,10.0,2421.0,42.0
2021-01-05 09:48:32.700,0.9818,0.9841,20.0,0.9788,30.0,2421.0,42.0
2021-01-05 09:48:33.151,0.9818,0.9841,20.0,0.9788,10.0,2421.0,42.0
2021-01-05 09:48:33.680,0.9818,0.9841,20.0,0.9788,30.0,2421.0,42.0
2021-01-05 09:48:34.721,0.9818,0.9841,20.0,0.9788,20.0,2421.0,42.0
2021-01-05 09:48:36.730,0.9818,0.9841,20.0,0.9783,14.0,2421.0,42.0
2021-01-05 09:48:37.491,0.9818,0.9832,14.0,0.9777,20.0,2421.0,42.0
2021-01-05 09:48:38.690,0.9818,0.9832,14.0,0.9777,20.0,2421.0,42.0
2021-01-05 09:48:39.201,0.9818,0.9832,14.0,0.9777,20.0,2421.0,42.0
2021-01-05 09:48:39.510,0.9818,0.9832,14.0,0.9777,20.0,2421.0,42.0
2021-01-05 09:48:51.540,0.9818,0.9841,20.0,0.9777,20.0,2421.0,42.0
2021-01-05 09:48:52.020,0.9818,0.9844,14.0,0.9784,14.0,2421.0,42.0
2021-01-05 09:48:52.510,0.9818,0.9844,34.0,0.9784,34.0,2421.0,42.0
2021-01-05 09:48:53.711,0.9818,0.9844,20.0,0.9799,10.0,2421.0,42.0
2021-01-05 09:48:54.091,0.9818,0.9844,20.0,0.9799,10.0,2421.0,42.0
2021-01-05 09:48:54.550,0.9818,0.9854,14.0,0.9799,30.0,2421.0,42.0
2021-01-05 09:48:57.171,0.9818,0.9854,14.0,0.9799,30.0,2421.0,42.0
2021-01-05 09:48:58.160,0.9818,0.9854,14.0,0.98,2.0,2421.0,42.0
2021-01-05 09:48:59.241,0.9818,0.9854,14.0,0.9799,20.0,2421.0,42.0
2021-01-05 09:49:01.620,0.9818,0.9854,14.0,0.9799,20.0,2421.0,42.0
2021-01-05 09:49:02.790,0.9818,0.9854,14.0,0.9799,20.0,2421.0,42.0
2021-01-05 09:49:03.291,0.9818,0.9854,14.0,0.9799,22.0,2421.0,42.0
2021-01-05 09:49:03.760,0.9818,0.9854,14.0,0.9799,20.0,2421.0,42.0
2021-01-05 09:49:05.251,0.9818,0.9854,14.0,0.9799,20.0,2421.0,42.0
2021-01-05 09:49:06.820,0.9818,0.9854,14.0,0.9799,20.0,2421.0,42.0
2021-01-05 09:49:07.790,0.9818,0.9854,14.0,0.9799,20.0,2421.0,42.0
2021-01-05 09:49:09.821,0.9818,0.9859,20.0,0.9799,20.0,2421.0,42.0
2021-01-05 09:49:09.821,0.9818,0.9841,14.0,0.9793,10.0,2421.0,42.0
2021-01-05 09:49:10.831,0.9818,0.9841,34.0,0.9793,10.0,2421.0,42.0
2021-01-05 09:49:11.341,0.9818,0.9841,34.0,0.9794,2.0,2421.0,42.0
2021-01-05 09:49:11.850,0.9818,0.9841,34.0,0.9794,2.0,2421.0,42.0
2021-01-05 09:49:12.850,0.9818,0.9841,20.0,0.9794,2.0,2421.0,42.0
2021-01-05 09:49:13.310,0.9818,0.9853,14.0,0.9793,24.0,2421.0,42.0
2021-01-05 09:49:13.851,0.9818,0.9853,34.0,0.9793,24.0,2421.0,42.0
2021-01-05 09:49:14.261,0.9818,0.9853,34.0,0.9793,24.0,2421.0,42.0
2021-01-05 09:49:14.860,0.9818,0.9853,34.0,0.9793,24.0,2421.0,42.0
2021-01-05 09:49:15.851,0.9818,0.9853,34.0,0.9793,24.0,2421.0,42.0
2021-01-05 09:49:16.341,0.9818,0.9853,34.0,0.9793,24.0,2421.0,42.0
2021-01-05 09:49:20.291,0.9818,0.9853,34.0,0.9793,26.0,2421.0,42.0
2021-01-05 09:49:23.201,0.9818,0.9853,34.0,0.9793,26.0,2421.0,42.0
2021-01-05 09:49:29.691,0.9818,0.9853,34.0,0.9793,24.0,2421.0,42.0
2021-01-05 09:49:30.140,0.9818,0.9853,34.0,0.9794,2.0,2421.0,42.0
2021-01-05 09:49:32.701,0.9818,0.9853,20.0,0.9806,14.0,2421.0,42.0
2021-01-05 09:49:33.191,0.9818,0.9865,14.0,0.9806,34.0,2421.0,42.0
2021-01-05 09:49:33.621,0.9818,0.9865,14.0,0.9806,34.0,2421.0,42.0
2021-01-05 09:49:34.701,0.9818,0.9865,14.0,0.9806,34.0,2421.0,42.0
2021-01-05 09:49:38.180,0.9818,0.9865,14.0,0.9807,2.0,2421.0,42.0
2021-01-05 09:49:39.231,0.9818,0.9865,14.0,0.9825,30.0,2421.0,42.0
2021-01-05 09:49:39.761,0.9818,0.9865,14.0,0.9825,30.0,2421.0,42.0
2021-01-05 09:49:43.741,0.9818,0.9865,14.0,0.9825,30.0,2421.0,42.0
2021-01-05 09:49:51.760,0.9818,0.9865,14.0,0.9825,20.0,2421.0,42.0
2021-01-05 09:49:52.711,0.9818,0.9865,14.0,0.9806,34.0,2421.0,42.0
2021-01-05 09:49:53.220,0.9818,0.9865,14.0,0.9807,2.0,2421.0,42.0
2021-01-05 09:49:53.731,0.9818,0.9865,14.0,0.9806,34.0,2421.0,42.0
2021-01-05 09:49:54.231,0.9818,0.9865,14.0,0.9806,34.0,2421.0,42.0
2021-01-05 09:49:54.721,0.9818,0.9865,14.0,0.9806,34.0,2421.0,42.0
2021-01-05 09:49:55.681,0.9818,0.9865,14.0,0.9806,34.0,2421.0,42.0
2021-01-05 09:49:56.701,0.9818,0.9865,14.0,0.9806,34.0,2421.0,42.0
2021-01-05 09:49:57.631,0.9818,0.9853,14.0,0.9806,20.0,2421.0,42.0
2021-01-05 09:49:58.680,0.9818,0.9853,34.0,0.9803,10.0,2421.0,42.0
2021-01-05 09:49:59.700,0.9818,0.9853,34.0,0.9794,14.0,2421.0,42.0
2021-01-05 09:50:00.591,0.9818,0.9853,34.0,0.9794,14.0,2421.0,42.0
2021-01-05 09:50:03.210,0.9818,0.984,14.0,0.9793,10.0,2421.0,42.0
2021-01-05 09:50:03.730,0.9818,0.984,34.0,0.9793,10.0,2421.0,42.0
2021-01-05 09:50:04.241,0.9818,0.984,34.0,0.9793,10.0,2421.0,42.0
2021-01-05 09:50:04.691,0.9818,0.9827,14.0,0.9771,10.0,2421.0,42.0
2021-01-05 09:50:05.690,0.9818,0.9827,34.0,0.9771,10.0,2421.0,42.0
2021-01-05 09:50:06.710,0.9818,0.9827,34.0,0.9771,10.0,2421.0,42.0
2021-01-05 09:50:07.211,0.9818,0.9827,34.0,0.9771,10.0,2421.0,42.0
2021-01-05 09:50:07.740,0.9818,0.9827,20.0,0.9779,14.0,2421.0,42.0
2021-01-05 09:50:08.251,0.9818,0.9827,20.0,0.9779,14.0,2421.0,42.0
2021-01-05 09:50:08.760,0.9818,0.9839,14.0,0.9779,14.0,2421.0,42.0
2021-01-05 09:50:09.640,0.9818,0.9839,14.0,0.9779,14.0,2421.0,42.0
2021-01-05 09:50:11.761,0.9818,0.9839,14.0,0.9779,14.0,2421.0,42.0
2021-01-05 09:50:12.170,0.9818,0.9839,14.0,0.9779,14.0,2421.0,42.0
2021-01-05 09:50:13.670,0.9818,0.9827,14.0,0.9771,10.0,2421.0,42.0
2021-01-05 09:50:14.700,0.9818,0.9827,34.0,0.9771,10.0,2421.0,42.0
2021-01-05 09:50:17.691,0.9818,0.9827,34.0,0.9767,14.0,2421.0,42.0
2021-01-05 09:50:19.260,0.9818,0.9827,34.0,0.9767,14.0,2421.0,42.0
2021-01-05 09:50:20.680,0.9818,0.9827,34.0,0.9767,14.0,2421.0,42.0
2021-01-05 09:50:21.681,0.9818,0.9827,20.0,0.9778,14.0,2421.0,42.0
2021-01-05 09:50:22.250,0.9818,0.9827,20.0,0.9789,10.0,2421.0,42.0
2021-01-05 09:50:22.580,0.9818,0.9838,14.0,0.9789,10.0,2421.0,42.0
2021-01-05 09:50:23.710,0.9818,0.9838,14.0,0.9789,10.0,2421.0,42.0
2021-01-05 09:50:25.241,0.9818,0.9838,14.0,0.9778,14.0,2421.0,42.0
2021-01-05 09:50:26.741,0.9818,0.9838,14.0,0.9778,14.0,2421.0,42.0
2021-01-05 09:50:28.731,0.9818,0.9838,14.0,0.9798,10.0,2421.0,42.0
2021-01-05 09:50:29.730,0.9818,0.9838,14.0,0.9798,10.0,2421.0,42.0
2021-01-05 09:50:31.140,0.9818,0.9838,14.0,0.9798,10.0,2421.0,42.0
2021-01-05 09:50:32.681,0.9818,0.9838,14.0,0.9798,10.0,2421.0,42.0
2021-01-05 09:50:34.241,0.9818,0.9838,14.0,0.9778,14.0,2421.0,42.0
2021-01-05 09:50:37.221,0.9818,0.9838,14.0,0.9778,14.0,2421.0,42.0
2021-01-05 09:50:37.701,0.9818,0.9838,14.0,0.9778,14.0,2421.0,42.0
2021-01-05 09:51:00.710,0.9818,0.9838,14.0,0.9778,14.0,2421.0,42.0
2021-01-05 09:51:01.190,0.9818,0.9838,14.0,0.9778,14.0,2421.0,42.0
2021-01-05 09:51:11.270,0.9818,0.9838,14.0,0.9779,2.0,2421.0,42.0
2021-01-05 09:51:11.781,0.9818,0.984,20.0,0.9779,2.0,2421.0,42.0
2021-01-05 09:51:12.271,0.9818,0.984,20.0,0.979,14.0,2421.0,42.0
2021-01-05 09:51:13.291,0.9818,0.984,20.0,0.979,14.0,2421.0,42.0
2021-01-05 09:51:13.291,0.9818,0.9849,14.0,0.979,34.0,2421.0,42.0
2021-01-05 09:51:14.280,0.9818,0.9847,20.0,0.979,34.0,2421.0,42.0
2021-01-05 09:51:15.250,0.9818,0.9847,20.0,0.9809,30.0,2421.0,42.0
2021-01-05 09:51:15.771,0.9818,0.9847,20.0,0.9809,30.0,2421.0,42.0
2021-01-05 09:51:18.311,0.9818,0.9847,20.0,0.9809,10.0,2421.0,42.0
2021-01-05 09:51:20.261,0.9818,0.9847,20.0,0.979,34.0,2421.0,42.0
2021-01-05 09:51:21.780,0.9818,0.9847,20.0,0.9791,2.0,2421.0,42.0
2021-01-05 09:51:23.121,0.9818,0.9847,20.0,0.9802,14.0,2421.0,42.0
2021-01-05 09:51:23.751,0.9818,0.9862,34.0,0.9802,14.0,2421.0,42.0
2021-01-05 09:51:24.760,0.9818,0.9862,34.0,0.9802,34.0,2421.0,42.0
2021-01-05 09:51:25.221,0.9818,0.9862,34.0,0.9802,14.0,2421.0,42.0
2021-01-05 09:51:26.771,0.9818,0.9862,34.0,0.9802,14.0,2421.0,42.0
2021-01-05 09:51:27.161,0.9818,0.9862,34.0,0.9814,10.0,2421.0,42.0
2021-01-05 09:51:28.001,0.9818,0.9862,34.0,0.9814,10.0,2421.0,42.0
2021-01-05 09:51:28.621,0.9818,0.9862,34.0,0.9814,10.0,2421.0,42.0
2021-01-05 09:51:32.250,0.9818,0.9862,34.0,0.9814,30.0,2421.0,42.0
2021-01-05 09:51:37.270,0.9818,0.9862,34.0,0.9814,30.0,2421.0,42.0
2021-01-05 09:51:37.791,0.9818,0.9862,34.0,0.9814,30.0,2421.0,42.0
2021-01-05 09:51:38.290,0.9818,0.9862,20.0,0.9814,30.0,2421.0,42.0
2021-01-05 09:51:38.770,0.9818,0.9872,14.0,0.9814,30.0,2421.0,42.0
2021-01-05 09:51:39.281,0.9818,0.9872,34.0,0.9814,30.0,2421.0,42.0
2021-01-05 09:51:42.261,0.9818,0.9872,34.0,0.9814,30.0,2421.0,42.0
2021-01-05 09:51:46.800,0.9818,0.9872,34.0,0.9814,10.0,2421.0,42.0
2021-01-05 09:51:47.331,0.9818,0.9872,34.0,0.9814,30.0,2421.0,42.0
2021-01-05 09:51:51.301,0.9818,0.9872,20.0,0.9814,10.0,2421.0,42.0
2021-01-05 09:51:51.830,0.9818,0.986,14.0,0.9814,10.0,2421.0,42.0
2021-01-05 09:51:51.930,0.9818,0.986,34.0,0.9814,10.0,2421.0,42.0
2021-01-05 09:51:53.221,0.9818,0.986,34.0,0.9801,14.0,2421.0,42.0
2021-01-05 09:51:53.691,0.9818,0.986,34.0,0.9801,14.0,2421.0,42.0
2021-01-05 09:51:56.250,0.9818,0.986,34.0,0.9801,14.0,2421.0,42.0
2021-01-05 09:51:56.740,0.9818,0.986,34.0,0.9801,14.0,2421.0,42.0
2021-01-05 09:51:59.750,0.9818,0.986,34.0,0.9801,14.0,2421.0,42.0
2021-01-05 09:52:00.250,0.9818,0.986,34.0,0.9801,14.0,2421.0,42.0
2021-01-05 09:52:00.250,0.9818,0.986,34.0,0.9801,14.0,2421.0,42.0
2021-01-05 09:52:08.180,0.9818,0.986,34.0,0.9801,14.0,2421.0,42.0
2021-01-05 09:52:25.741,0.9818,0.986,34.0,0.9802,1.0,2421.0,42.0
2021-01-05 09:52:28.761,0.9818,0.986,34.0,0.9802,1.0,2421.0,42.0
2021-01-05 09:52:36.301,0.9818,0.986,34.0,0.9814,10.0,2421.0,42.0
2021-01-05 09:52:36.791,0.9818,0.986,34.0,0.9814,30.0,2421.0,42.0
2021-01-05 09:52:38.700,0.9818,0.986,34.0,0.9814,30.0,2421.0,42.0
2021-01-05 09:52:39.300,0.9818,0.986,34.0,0.9814,30.0,2421.0,42.0
2021-01-05 09:52:41.300,0.9818,0.986,20.0,0.9814,30.0,2421.0,42.0
2021-01-05 09:52:41.780,0.9818,0.9873,14.0,0.9814,30.0,2421.0,42.0
2021-01-05 09:52:42.291,0.9818,0.9873,34.0,0.9814,30.0,2421.0,42.0
2021-01-05 09:52:42.790,0.9818,0.9873,34.0,0.9814,30.0,2421.0,42.0
2021-01-05 09:52:43.290,0.9818,0.9873,34.0,0.9814,30.0,2421.0,42.0
2021-01-05 09:52:43.791,0.9818,0.9873,14.0,0.9814,30.0,2421.0,42.0
2021-01-05 09:52:44.781,0.9818,0.9873,14.0,0.9814,20.0,2421.0,42.0
2021-01-05 09:52:48.331,0.9818,0.9884,20.0,0.9814,20.0,2421.0,42.0
2021-01-05 09:52:48.800,0.9818,0.9884,20.0,0.9822,14.0,2421.0,42.0
2021-01-05 09:52:48.800,0.9818,0.9886,14.0,0.9822,14.0,2421.0,42.0
2021-01-05 09:52:49.820,0.9818,0.9886,14.0,0.9822,14.0,2421.0,42.0
2021-01-05 09:52:50.801,0.9818,0.9886,14.0,0.9837,10.0,2421.0,42.0
2021-01-05 09:52:51.280,0.9818,0.9886,14.0,0.9837,10.0,2421.0,42.0
2021-01-05 09:52:53.231,0.9818,0.987,14.0,0.9805,14.0,2421.0,42.0
2021-01-05 09:52:53.760,0.9818,0.987,14.0,0.9809,20.0,2421.0,42.0
2021-01-05 09:52:54.751,0.9818,0.987,14.0,0.9809,20.0,2421.0,42.0
2021-01-05 09:52:57.260,0.9818,0.987,14.0,0.9809,20.0,2421.0,42.0
2021-01-05 09:52:58.770,0.9818,0.987,14.0,0.9805,14.0,2421.0,42.0
2021-01-05 09:52:59.260,0.9818,0.987,14.0,0.9805,14.0,2421.0,42.0
2021-01-05 09:53:00.770,0.9818,0.987,14.0,0.9805,14.0,2421.0,42.0
2021-01-05 09:53:01.041,0.9818,0.987,14.0,0.9805,14.0,2421.0,42.0
2021-01-05 09:53:02.011,0.9818,0.987,14.0,0.9805,14.0,2421.0,42.0
2021-01-05 09:53:03.200,0.9818,0.987,14.0,0.9805,14.0,2421.0,42.0
2021-01-05 09:53:03.761,0.9818,0.987,34.0,0.9805,34.0,2421.0,42.0
2021-01-05 09:53:03.830,0.9818,0.987,14.0,0.9805,34.0,2421.0,42.0
2021-01-05 09:53:04.770,0.9818,0.987,34.0,0.9805,34.0,2421.0,42.0
2021-01-05 09:53:05.281,0.9818,0.987,14.0,0.9805,34.0,2421.0,42.0
2021-01-05 09:53:05.761,0.9818,0.987,34.0,0.9805,34.0,2421.0,42.0
2021-01-05 09:53:07.770,0.9818,0.987,34.0,0.9806,2.0,2421.0,42.0
2021-01-05 09:53:08.281,0.9818,0.987,20.0,0.9816,14.0,2421.0,42.0
2021-01-05 09:53:09.301,0.9818,0.9876,14.0,0.9832,10.0,2421.0,42.0
2021-01-05 09:53:09.401,0.9818,0.9876,14.0,0.9832,10.0,2421.0,42.0
2021-01-05 09:53:12.781,0.9818,0.9876,34.0,0.9832,10.0,2421.0,42.0
2021-01-05 09:53:13.311,0.9818,0.9876,20.0,0.9823,20.0,2421.0,42.0
2021-01-05 09:53:13.801,0.9818,0.986,14.0,0.9805,20.0,2421.0,42.0
2021-01-05 09:53:14.321,0.9818,0.986,14.0,0.9805,20.0,2421.0,42.0
2021-01-05 09:53:15.810,0.9818,0.986,14.0,0.9805,20.0,2421.0,42.0
2021-01-05 09:53:16.321,0.9818,0.986,14.0,0.9805,20.0,2421.0,42.0
2021-01-05 09:53:17.820,0.9818,0.986,14.0,0.9805,20.0,2421.0,42.0
2021-01-05 09:53:17.820,0.9818,0.986,14.0,0.9805,20.0,2421.0,42.0
2021-01-05 09:53:18.811,0.9818,0.986,14.0,0.9805,20.0,2421.0,42.0
2021-01-05 09:53:19.291,0.9818,0.986,14.0,0.9805,20.0,2421.0,42.0
2021-01-05 09:53:19.810,0.9818,0.986,14.0,0.9831,10.0,2421.0,42.0
2021-01-05 09:53:20.311,0.9818,0.986,14.0,0.9831,10.0,2421.0,42.0
2021-01-05 09:53:20.680,0.9818,0.9872,14.0,0.9831,10.0,2421.0,42.0
2021-01-05 09:53:20.830,0.9818,0.9872,14.0,0.9831,10.0,2421.0,42.0
2021-01-05 09:53:23.170,0.9818,0.9872,14.0,0.9831,10.0,2421.0,42.0
2021-01-05 09:53:23.740,0.9818,0.9872,14.0,0.9831,10.0,2421.0,42.0
2021-01-05 09:53:25.581,0.9818,0.9872,14.0,0.9831,10.0,2421.0,42.0
2021-01-05 09:53:27.730,0.9818,0.9872,14.0,0.9831,10.0,2421.0,42.0
2021-01-05 09:53:28.750,0.9818,0.9858,14.0,0.9807,10.0,2421.0,42.0
2021-01-05 09:53:29.711,0.9818,0.9858,14.0,0.9807,10.0,2421.0,42.0
2021-01-05 09:53:36.081,0.9818,0.986,20.0,0.981,14.0,2421.0,42.0
2021-01-05 09:53:36.761,0.9818,0.9869,14.0,0.981,14.0,2421.0,42.0
2021-01-05 09:53:39.261,0.9818,0.9869,14.0,0.981,14.0,2421.0,42.0
2021-01-05 09:53:47.020,0.9818,0.9869,14.0,0.981,14.0,2421.0,42.0
2021-01-05 09:53:48.050,0.9818,0.9858,14.0,0.9805,20.0,2421.0,42.0
2021-01-05 09:53:49.281,0.9818,0.9858,34.0,0.9805,20.0,2421.0,42.0
2021-01-05 09:54:09.691,0.9818,0.9858,20.0,0.9819,10.0,2421.0,42.0
2021-01-05 09:54:10.240,0.9818,0.9872,14.0,0.9819,30.0,2421.0,42.0
2021-01-05 09:54:12.751,0.9818,0.986,14.0,0.9819,30.0,2421.0,42.0
2021-01-05 09:54:13.201,0.9818,0.986,14.0,0.9819,10.0,2421.0,42.0
2021-01-05 09:54:13.761,0.9818,0.986,34.0,0.9819,10.0,2421.0,42.0
2021-01-05 09:54:14.100,0.9818,0.986,14.0,0.9819,10.0,2421.0,42.0
2021-01-05 09:54:14.701,0.9818,0.986,34.0,0.9819,10.0,2421.0,42.0
2021-01-05 09:54:18.241,0.9818,0.986,34.0,0.9819,10.0,2421.0,42.0
2021-01-05 09:54:18.751,0.9818,0.986,34.0,0.9819,10.0,2421.0,42.0
2021-01-05 09:54:21.261,0.9818,0.986,34.0,0.9819,10.0,2421.0,42.0
2021-01-05 09:54:25.670,0.9818,0.986,34.0,0.9819,10.0,2421.0,42.0
2021-01-05 09:54:33.270,0.9818,0.986,34.0,0.9822,1.0,2421.0,42.0
2021-01-05 09:54:40.030,0.9818,0.986,34.0,0.9822,1.0,2421.0,42.0
2021-01-05 09:54:58.261,0.9822,0.9848,14.0,0.9819,10.0,2422.0,43.0
2021-01-05 09:54:58.680,0.9822,0.9848,14.0,0.9797,10.0,2422.0,43.0
2021-01-05 09:54:59.041,0.9822,0.9848,34.0,0.9797,10.0,2422.0,43.0
2021-01-05 09:54:59.681,0.9822,0.9848,14.0,0.9822,1.0,2422.0,43.0
2021-01-05 09:55:00.240,0.9822,0.9848,14.0,0.9795,20.0,2423.0,44.0
2021-01-05 09:55:00.780,0.9822,0.9848,14.0,0.9795,20.0,2423.0,44.0
2021-01-05 09:55:01.191,0.9822,0.9848,34.0,0.9795,20.0,2423.0,44.0
2021-01-05 09:55:02.761,0.9822,0.9836,14.0,0.9783,20.0,2423.0,44.0
2021-01-05 09:55:03.721,0.9822,0.9836,34.0,0.9783,20.0,2423.0,44.0
2021-01-05 09:55:04.720,0.9822,0.9836,34.0,0.9783,20.0,2423.0,44.0
2021-01-05 09:55:12.700,0.9822,0.9836,34.0,0.9783,20.0,2423.0,44.0
2021-01-05 09:55:13.221,0.9822,0.9836,34.0,0.9783,20.0,2423.0,44.0
2021-01-05 09:55:13.761,0.9822,0.9836,34.0,0.9777,10.0,2423.0,44.0
2021-01-05 09:55:14.260,0.9822,0.9825,14.0,0.9777,10.0,2423.0,44.0
2021-01-05 09:55:14.750,0.9822,0.9825,34.0,0.9772,20.0,2423.0,44.0
2021-01-05 09:55:15.751,0.9822,0.9825,34.0,0.9772,20.0,2423.0,44.0
2021-01-05 09:55:22.750,0.9822,0.9825,34.0,0.979,10.0,2423.0,44.0
2021-01-05 09:55:23.261,0.9822,0.9836,20.0,0.979,10.0,2423.0,44.0
2021-01-05 09:55:24.240,0.9822,0.9836,20.0,0.979,10.0,2423.0,44.0
2021-01-05 09:55:26.751,0.9822,0.9836,20.0,0.9787,20.0,2423.0,44.0
2021-01-05 09:55:26.751,0.9822,0.9836,20.0,0.9787,20.0,2423.0,44.0
2021-01-05 09:55:29.051,0.9822,0.9836,20.0,0.9787,20.0,2423.0,44.0
2021-01-05 09:55:31.750,0.9822,0.9836,20.0,0.9787,20.0,2423.0,44.0
2021-01-05 09:55:32.280,0.9822,0.9836,20.0,0.9803,10.0,2423.0,44.0
2021-01-05 09:55:33.730,0.9822,0.9836,20.0,0.9803,10.0,2423.0,44.0
2021-01-05 09:55:34.251,0.9822,0.9839,14.0,0.9803,10.0,2423.0,44.0
2021-01-05 09:55:34.781,0.9822,0.9839,34.0,0.9803,10.0,2423.0,44.0
2021-01-05 09:55:35.721,0.9822,0.9839,34.0,0.9783,20.0,2423.0,44.0
2021-01-05 09:55:40.231,0.9822,0.9839,34.0,0.9783,20.0,2423.0,44.0
2021-01-05 09:55:40.790,0.9822,0.9839,34.0,0.9783,20.0,2423.0,44.0
2021-01-05 09:55:49.301,0.9822,0.9839,34.0,0.9783,20.0,2423.0,44.0
2021-01-05 09:55:50.321,0.9822,0.9839,20.0,0.981,10.0,2423.0,44.0
2021-01-05 09:55:50.801,0.9822,0.985,14.0,0.981,10.0,2423.0,44.0
2021-01-05 09:55:51.320,0.9822,0.985,34.0,0.981,10.0,2423.0,44.0
2021-01-05 09:55:51.800,0.9822,0.985,34.0,0.981,10.0,2423.0,44.0
2021-01-05 09:55:58.760,0.9822,0.985,34.0,0.981,10.0,2423.0,44.0
2021-01-05 09:55:59.031,0.9822,0.985,34.0,0.981,10.0,2423.0,44.0
2021-01-05 09:56:02.770,0.9822,0.985,34.0,0.981,10.0,2423.0,44.0
2021-01-05 09:56:03.811,0.981,0.985,20.0,0.9783,20.0,2433.0,54.0
2021-01-05 09:56:04.310,0.981,0.9837,14.0,0.9783,20.0,2433.0,54.0
2021-01-05 09:56:04.741,0.981,0.9837,34.0,0.9783,20.0,2433.0,54.0
2021-01-05 09:56:05.330,0.981,0.9837,34.0,0.9783,20.0,2433.0,54.0
2021-01-05 09:56:09.240,0.981,0.9837,34.0,0.9783,20.0,2433.0,54.0
2021-01-05 09:56:09.810,0.981,0.9837,34.0,0.9783,20.0,2433.0,54.0
2021-01-05 09:56:10.321,0.981,0.9837,14.0,0.9777,14.0,2433.0,54.0
2021-01-05 09:56:10.800,0.981,0.9837,14.0,0.9777,34.0,2433.0,54.0
2021-01-05 09:56:11.320,0.981,0.9837,14.0,0.9777,34.0,2433.0,54.0
2021-01-05 09:56:11.820,0.981,0.9839,20.0,0.9777,20.0,2433.0,54.0
2021-01-05 09:56:12.321,0.981,0.9847,14.0,0.9788,14.0,2433.0,54.0
2021-01-05 09:56:12.800,0.981,0.9847,34.0,0.9788,34.0,2433.0,54.0
2021-01-05 09:56:13.351,0.981,0.9847,34.0,0.9788,34.0,2433.0,54.0
2021-01-05 09:56:13.791,0.981,0.9847,34.0,0.9788,14.0,2433.0,54.0
2021-01-05 09:56:14.350,0.981,0.9847,20.0,0.9763,10.0,2433.0,54.0
2021-01-05 09:56:14.851,0.981,0.9835,14.0,0.9776,14.0,2433.0,54.0
2021-01-05 09:56:15.251,0.981,0.9835,34.0,0.9776,14.0,2433.0,54.0
2021-01-05 09:56:16.290,0.981,0.9835,34.0,0.9776,14.0,2433.0,54.0
2021-01-05 09:56:16.780,0.981,0.9835,34.0,0.9776,14.0,2433.0,54.0
2021-01-05 09:56:33.780,0.981,0.9835,34.0,0.9777,2.0,2433.0,54.0
2021-01-05 09:56:38.690,0.981,0.9835,14.0,0.978,2.0,2433.0,54.0
2021-01-05 09:56:39.291,0.981,0.9837,20.0,0.978,2.0,2433.0,54.0
2021-01-05 09:56:39.291,0.981,0.9848,34.0,0.9796,10.0,2433.0,54.0
2021-01-05 09:56:40.321,0.981,0.9848,34.0,0.9796,10.0,2433.0,54.0
2021-01-05 09:56:40.771,0.981,0.9848,34.0,0.9796,10.0,2433.0,54.0
2021-01-05 09:56:41.310,0.981,0.9848,34.0,0.9796,10.0,2433.0,54.0
2021-01-05 09:56:43.291,0.981,0.9848,34.0,0.9788,14.0,2433.0,54.0
2021-01-05 09:56:44.301,0.981,0.9848,34.0,0.9788,34.0,2433.0,54.0
2021-01-05 09:56:44.820,0.981,0.9848,34.0,0.9788,14.0,2433.0,54.0
2021-01-05 09:56:45.810,0.981,0.9848,34.0,0.9788,14.0,2433.0,54.0
2021-01-05 09:56:47.291,0.981,0.9848,34.0,0.9788,14.0,2433.0,54.0
2021-01-05 09:56:48.351,0.981,0.9848,34.0,0.9788,14.0,2433.0,54.0
2021-01-05 09:56:57.280,0.981,0.9848,20.0,0.9787,20.0,2433.0,54.0
2021-01-05 09:56:57.780,0.981,0.9858,14.0,0.9799,14.0,2433.0,54.0
2021-01-05 09:56:58.291,0.981,0.9858,14.0,0.9799,34.0,2433.0,54.0
2021-01-05 09:56:59.761,0.981,0.9858,14.0,0.9799,34.0,2433.0,54.0
2021-01-05 09:57:03.301,0.981,0.9858,14.0,0.9799,34.0,2433.0,54.0
2021-01-05 09:57:04.821,0.981,0.9865,20.0,0.9799,20.0,2433.0,54.0
2021-01-05 09:57:05.341,0.981,0.9871,14.0,0.9811,14.0,2433.0,54.0
2021-01-05 09:57:05.820,0.981,0.9871,34.0,0.9811,34.0,2433.0,54.0
2021-01-05 09:57:06.321,0.981,0.986,14.0,0.9811,20.0,2433.0,54.0
2021-01-05 09:57:07.351,0.981,0.986,34.0,0.9801,14.0,2433.0,54.0
2021-01-05 09:57:08.820,0.981,0.986,34.0,0.9801,14.0,2433.0,54.0
2021-01-05 09:57:09.301,0.981,0.986,34.0,0.9801,14.0,2433.0,54.0
2021-01-05 09:57:16.301,0.981,0.986,20.0,0.9799,20.0,2433.0,54.0
2021-01-05 09:57:16.820,0.981,0.9849,14.0,0.9799,20.0,2433.0,54.0
2021-01-05 09:57:17.311,0.981,0.9849,34.0,0.9799,20.0,2433.0,54.0
2021-01-05 09:57:17.811,0.981,0.9849,34.0,0.9799,20.0,2433.0,54.0
2021-01-05 09:57:18.310,0.981,0.9849,34.0,0.9799,20.0,2433.0,54.0
2021-01-05 09:57:19.321,0.981,0.9849,34.0,0.9799,20.0,2433.0,54.0
2021-01-05 09:57:19.861,0.981,0.9849,34.0,0.9799,20.0,2433.0,54.0
2021-01-05 09:57:24.760,0.981,0.9849,20.0,0.9799,20.0,2433.0,54.0
2021-01-05 09:57:25.211,0.981,0.986,14.0,0.9801,14.0,2433.0,54.0
2021-01-05 09:57:28.750,0.981,0.986,14.0,0.9801,14.0,2433.0,54.0
2021-01-05 09:57:32.290,0.981,0.986,14.0,0.9801,14.0,2433.0,54.0
2021-01-05 09:57:47.820,0.981,0.986,14.0,0.9801,14.0,2433.0,54.0
2021-01-05 09:57:48.341,0.981,0.9864,20.0,0.9799,22.0,2433.0,54.0
2021-01-05 09:57:48.840,0.981,0.9872,14.0,0.9812,14.0,2433.0,54.0
2021-01-05 09:57:49.860,0.981,0.9872,34.0,0.9812,34.0,2433.0,54.0
2021-01-05 09:57:50.350,0.981,0.9872,34.0,0.9822,10.0,2433.0,54.0
2021-01-05 09:57:50.821,0.981,0.9872,34.0,0.9822,10.0,2433.0,54.0
2021-01-05 09:57:51.280,0.981,0.9872,34.0,0.9822,10.0,2433.0,54.0
2021-01-05 09:57:51.830,0.981,0.9872,34.0,0.9822,30.0,2433.0,54.0
2021-01-05 09:57:53.760,0.981,0.9872,20.0,0.9823,14.0,2433.0,54.0
2021-01-05 09:57:54.200,0.981,0.9883,14.0,0.9823,14.0,2433.0,54.0
2021-01-05 09:57:55.270,0.981,0.9883,14.0,0.9823,14.0,2433.0,54.0
2021-01-05 09:57:56.260,0.981,0.9883,14.0,0.9823,14.0,2433.0,54.0
2021-01-05 09:58:09.771,0.981,0.9883,14.0,0.9823,14.0,2433.0,54.0
2021-01-05 09:58:15.321,0.981,0.9872,14.0,0.9822,20.0,2433.0,54.0
2021-01-05 09:58:15.810,0.981,0.9872,34.0,0.9812,34.0,2433.0,54.0
2021-01-05 09:58:16.840,0.981,0.9872,34.0,0.9812,34.0,2433.0,54.0
2021-01-05 09:58:18.350,0.981,0.9872,34.0,0.9812,34.0,2433.0,54.0
2021-01-05 09:58:54.691,0.981,0.9872,20.0,0.9812,20.0,2433.0,54.0
2021-01-05 09:58:55.241,0.981,0.9884,14.0,0.9824,14.0,2433.0,54.0
2021-01-05 09:58:55.711,0.981,0.9884,14.0,0.9824,14.0,2433.0,54.0
2021-01-05 09:58:56.240,0.981,0.9884,34.0,0.9844,10.0,2433.0,54.0
2021-01-05 09:58:56.770,0.981,0.9884,14.0,0.9844,10.0,2433.0,54.0
2021-01-05 09:58:57.260,0.981,0.9884,34.0,0.9844,30.0,2433.0,54.0
2021-01-05 09:58:59.260,0.981,0.9884,20.0,0.9844,30.0,2433.0,54.0
2021-01-05 09:58:59.730,0.981,0.9896,20.0,0.9844,30.0,2433.0,54.0
2021-01-05 09:59:01.751,0.981,0.9896,20.0,0.9844,30.0,2433.0,54.0
2021-01-05 09:59:02.191,0.981,0.9896,20.0,0.9847,1.0,2433.0,54.0
2021-01-05 09:59:03.200,0.981,0.9896,20.0,0.9847,1.0,2433.0,54.0
2021-01-05 09:59:04.731,0.981,0.9896,20.0,0.9847,1.0,2433.0,54.0
2021-01-05 09:59:09.251,0.981,0.9896,20.0,0.985,14.0,2433.0,54.0
2021-01-05 09:59:10.271,0.981,0.9909,14.0,0.9868,10.0,2433.0,54.0
2021-01-05 09:59:10.750,0.981,0.9909,34.0,0.9868,10.0,2433.0,54.0
2021-01-05 09:59:11.180,0.981,0.9909,20.0,0.9868,10.0,2433.0,54.0
2021-01-05 09:59:12.750,0.981,0.9909,20.0,0.9868,10.0,2433.0,54.0
2021-01-05 09:59:14.281,0.981,0.9908,14.0,0.985,20.0,2433.0,54.0
2021-01-05 09:59:15.210,0.981,0.9908,14.0,0.985,20.0,2433.0,54.0
2021-01-05 09:59:16.221,0.981,0.9908,14.0,0.985,20.0,2433.0,54.0
2021-01-05 09:59:18.100,0.981,0.9908,14.0,0.985,20.0,2433.0,54.0
2021-01-05 09:59:21.600,0.981,0.9897,14.0,0.9847,1.0,2433.0,54.0
2021-01-05 09:59:22.691,0.981,0.9897,34.0,0.9847,1.0,2433.0,54.0
2021-01-05 09:59:23.250,0.981,0.9897,34.0,0.9847,1.0,2433.0,54.0
2021-01-05 09:59:32.771,0.981,0.989,1.0,0.9847,1.0,2433.0,54.0
2021-01-05 09:59:35.301,0.981,0.989,1.0,0.9847,1.0,2433.0,54.0
2021-01-05 09:59:50.781,0.981,0.9889,1.0,0.9847,1.0,2433.0,54.0
2021-01-05 09:59:57.791,0.981,0.9889,1.0,0.9857,10.0,2433.0,54.0
2021-01-05 09:59:58.281,0.981,0.9889,1.0,0.9857,30.0,2433.0,54.0
2021-01-05 10:00:00.271,0.981,0.9889,1.0,0.9857,30.0,2433.0,54.0
2021-01-05 10:00:00.790,0.981,0.9889,1.0,0.9857,30.0,2433.0,54.0
2021-01-05 10:00:00.790,0.981,0.9889,1.0,0.9862,14.0,2433.0,54.0
2021-01-05 10:00:01.831,0.9889,0.989,1.0,0.9862,14.0,2433.0,55.0
2021-01-05 10:00:02.091,0.989,0.9914,20.0,0.9862,14.0,2432.0,56.0
2021-01-05 10:00:02.830,0.989,0.9914,20.0,0.9862,14.0,2432.0,56.0
2021-01-05 10:00:03.330,0.989,0.9914,20.0,0.9862,14.0,2432.0,56.0
2021-01-05 10:00:03.850,0.989,0.9914,20.0,0.9857,20.0,2432.0,56.0
2021-01-05 10:00:04.290,0.989,0.9906,14.0,0.9847,15.0,2432.0,56.0
2021-01-05 10:00:05.341,0.989,0.9906,14.0,0.9847,15.0,2432.0,56.0
2021-01-05 10:00:05.850,0.989,0.9906,14.0,0.9847,15.0,2432.0,56.0
2021-01-05 10:00:06.321,0.989,0.9906,14.0,0.9847,15.0,2432.0,56.0
2021-01-05 10:00:07.860,0.989,0.9906,14.0,0.9847,25.0,2432.0,56.0
2021-01-05 10:00:12.351,0.989,0.9906,14.0,0.9847,15.0,2432.0,56.0
2021-01-05 10:00:12.860,0.989,0.9914,20.0,0.9847,1.0,2432.0,56.0
2021-01-05 10:00:13.321,0.989,0.9893,14.0,0.9847,1.0,2432.0,56.0
2021-01-05 10:00:13.861,0.989,0.9893,34.0,0.9847,1.0,2432.0,56.0
2021-01-05 10:00:14.320,0.989,0.9893,34.0,0.9847,1.0,2432.0,56.0
2021-01-05 10:00:14.810,0.989,0.9893,34.0,0.9847,1.0,2432.0,56.0
2021-01-05 10:00:15.861,0.989,0.9893,20.0,0.9847,1.0,2432.0,56.0
2021-01-05 10:00:16.341,0.989,0.9882,14.0,0.9847,1.0,2432.0,56.0
2021-01-05 10:00:16.850,0.989,0.9882,34.0,0.9847,1.0,2432.0,56.0
2021-01-05 10:00:17.381,0.989,0.988,10.0,0.9847,1.0,2432.0,56.0
2021-01-05 10:00:18.360,0.989,0.988,10.0,0.9847,1.0,2432.0,56.0
2021-01-05 10:00:18.850,0.9847,0.9871,14.0,0.9828,20.0,2433.0,57.0
2021-01-05 10:00:19.350,0.9847,0.9871,34.0,0.9813,30.0,2433.0,57.0
2021-01-05 10:00:20.850,0.9847,0.9871,34.0,0.9813,30.0,2433.0,57.0
2021-01-05 10:00:22.360,0.9847,0.9871,20.0,0.9813,30.0,2433.0,57.0
2021-01-05 10:00:22.760,0.9847,0.988,10.0,0.9824,14.0,2433.0,57.0
2021-01-05 10:00:23.280,0.9847,0.988,10.0,0.9824,34.0,2433.0,57.0
2021-01-05 10:00:24.241,0.9847,0.988,10.0,0.986,1.0,2433.0,57.0
2021-01-05 10:00:25.261,0.9847,0.988,10.0,0.986,1.0,2433.0,57.0
2021-01-05 10:00:25.780,0.9847,0.988,10.0,0.986,1.0,2433.0,57.0
2021-01-05 10:00:26.780,0.9847,0.9882,20.0,0.986,1.0,2433.0,57.0
2021-01-05 10:00:28.240,0.9847,0.9882,20.0,0.986,1.0,2433.0,57.0
2021-01-05 10:00:30.300,0.986,0.9882,20.0,0.983,10.0,2434.0,58.0
2021-01-05 10:00:31.270,0.986,0.9882,20.0,0.983,10.0,2434.0,58.0
2021-01-05 10:00:31.610,0.986,0.9871,14.0,0.9824,20.0,2434.0,58.0
2021-01-05 10:00:32.071,0.986,0.9871,14.0,0.9824,20.0,2434.0,58.0
2021-01-05 10:00:32.761,0.986,0.9871,34.0,0.9813,30.0,2434.0,58.0
2021-01-05 10:00:33.291,0.986,0.9871,14.0,0.9813,30.0,2434.0,58.0
2021-01-05 10:00:33.800,0.986,0.9871,14.0,0.9813,30.0,2434.0,58.0
2021-01-05 10:00:33.800,0.986,0.9871,14.0,0.9813,30.0,2434.0,58.0
2021-01-05 10:00:35.320,0.986,0.9871,14.0,0.9813,30.0,2434.0,58.0
2021-01-05 10:00:35.800,0.986,0.9871,14.0,0.9813,30.0,2434.0,58.0
2021-01-05 10:00:37.831,0.986,0.9871,14.0,0.9813,30.0,2434.0,58.0
2021-01-05 10:00:39.821,0.986,0.9871,14.0,0.9813,20.0,2434.0,58.0
2021-01-05 10:00:40.301,0.986,0.9871,14.0,0.9813,20.0,2434.0,58.0
2021-01-05 10:00:44.291,0.986,0.9871,14.0,0.9813,20.0,2434.0,58.0
2021-01-05 10:00:44.831,0.986,0.9871,14.0,0.9813,20.0,2434.0,58.0
2021-01-05 10:00:46.840,0.986,0.9871,14.0,0.9814,1.0,2434.0,58.0
2021-01-05 10:00:47.841,0.986,0.9871,14.0,0.9823,10.0,2434.0,58.0
2021-01-05 10:00:50.331,0.986,0.9871,14.0,0.9823,30.0,2434.0,58.0
2021-01-05 10:00:50.800,0.986,0.9871,14.0,0.9823,30.0,2434.0,58.0
2021-01-05 10:00:51.320,0.986,0.9871,14.0,0.9823,30.0,2434.0,58.0
2021-01-05 10:00:51.791,0.986,0.9871,14.0,0.9823,30.0,2434.0,58.0
2021-01-05 10:00:53.061,0.986,0.9883,20.0,0.9826,14.0,2434.0,58.0
2021-01-05 10:00:54.240,0.986,0.9883,20.0,0.9826,14.0,2434.0,58.0
2021-01-05 10:00:56.261,0.986,0.9883,20.0,0.9844,10.0,2434.0,58.0
2021-01-05 10:00:56.740,0.986,0.9883,20.0,0.9844,10.0,2434.0,58.0
2021-01-05 10:00:56.780,0.986,0.9883,20.0,0.9844,10.0,2434.0,58.0
2021-01-05 10:00:57.810,0.986,0.9886,14.0,0.9844,10.0,2434.0,58.0
2021-01-05 10:00:58.300,0.986,0.9893,20.0,0.9844,10.0,2434.0,58.0
2021-01-05 10:00:58.820,0.986,0.9897,14.0,0.9844,30.0,2434.0,58.0
2021-01-05 10:00:59.310,0.986,0.9897,14.0,0.9844,20.0,2434.0,58.0
2021-01-05 10:00:59.710,0.986,0.9904,20.0,0.9848,14.0,2434.0,58.0
2021-01-05 10:01:00.330,0.986,0.9904,20.0,0.9848,14.0,2434.0,58.0
2021-01-05 10:01:01.320,0.986,0.9904,20.0,0.9848,14.0,2434.0,58.0
2021-01-05 10:01:01.471,0.986,0.9892,14.0,0.9844,20.0,2434.0,58.0
2021-01-05 10:01:02.320,0.986,0.9892,34.0,0.9839,30.0,2434.0,58.0
2021-01-05 10:01:04.781,0.986,0.9892,34.0,0.9839,20.0,2434.0,58.0
2021-01-05 10:01:05.300,0.986,0.9892,34.0,0.9839,20.0,2434.0,58.0
2021-01-05 10:01:06.850,0.986,0.9892,34.0,0.9839,20.0,2434.0,58.0
2021-01-05 10:01:12.840,0.986,0.9892,34.0,0.9854,10.0,2434.0,58.0
2021-01-05 10:01:13.351,0.986,0.9892,34.0,0.9854,10.0,2434.0,58.0
2021-01-05 10:01:13.830,0.986,0.9892,34.0,0.9854,10.0,2434.0,58.0
2021-01-05 10:01:14.250,0.986,0.9892,34.0,0.9854,10.0,2434.0,58.0
2021-01-05 10:01:18.350,0.986,0.9892,20.0,0.9854,10.0,2434.0,58.0
2021-01-05 10:01:18.871,0.986,0.9903,14.0,0.9854,10.0,2434.0,58.0
2021-01-05 10:01:19.311,0.986,0.9903,34.0,0.9854,10.0,2434.0,58.0
2021-01-05 10:01:19.871,0.986,0.9903,34.0,0.9853,20.0,2434.0,58.0
2021-01-05 10:01:20.381,0.986,0.9903,34.0,0.9844,10.0,2434.0,58.0
2021-01-05 10:01:20.821,0.986,0.9903,34.0,0.9844,10.0,2434.0,58.0
2021-01-05 10:01:22.371,0.986,0.9903,34.0,0.9844,10.0,2434.0,58.0
2021-01-05 10:01:22.780,0.986,0.9903,34.0,0.9844,10.0,2434.0,58.0
2021-01-05 10:01:34.810,0.986,0.9903,34.0,0.9847,10.0,2434.0,58.0
2021-01-05 10:01:38.270,0.986,0.9903,34.0,0.9847,10.0,2434.0,58.0
2021-01-05 10:01:40.191,0.986,0.9903,34.0,0.9843,14.0,2434.0,58.0
2021-01-05 10:01:42.761,0.986,0.9903,34.0,0.9843,14.0,2434.0,58.0
2021-01-05 10:01:47.061,0.986,0.9903,20.0,0.9854,14.0,2434.0,58.0
2021-01-05 10:01:47.831,0.986,0.9913,14.0,0.9854,34.0,2434.0,58.0
2021-01-05 10:01:47.831,0.986,0.9913,14.0,0.9854,34.0,2434.0,58.0
2021-01-05 10:01:48.811,0.986,0.9913,14.0,0.9854,34.0,2434.0,58.0
2021-01-05 10:01:49.341,0.986,0.9913,14.0,0.9854,34.0,2434.0,58.0
2021-01-05 10:01:50.851,0.986,0.9913,14.0,0.9866,10.0,2434.0,58.0
2021-01-05 10:01:51.350,0.986,0.9913,14.0,0.9866,30.0,2434.0,58.0
2021-01-05 10:01:53.721,0.986,0.9913,14.0,0.9866,30.0,2434.0,58.0
2021-01-05 10:01:54.651,0.986,0.9913,14.0,0.9866,30.0,2434.0,58.0
2021-01-05 10:02:00.671,0.986,0.9913,14.0,0.9866,30.0,2434.0,58.0
2021-01-05 10:02:30.761,0.986,0.9918,25.0,0.9869,14.0,2434.0,58.0
2021-01-05 10:02:31.301,0.986,0.9918,25.0,0.9869,14.0,2434.0,58.0
2021-01-05 10:02:33.781,0.986,0.9918,25.0,0.9869,14.0,2434.0,58.0
2021-01-05 10:02:52.760,0.986,0.9918,25.0,0.9869,14.0,2434.0,58.0
2021-01-05 10:02:53.290,0.986,0.9918,25.0,0.9869,14.0,2434.0,58.0
2021-01-05 10:02:53.720,0.986,0.9917,14.0,0.9862,10.0,2434.0,58.0
2021-01-05 10:02:55.791,0.986,0.9917,14.0,0.9858,14.0,2434.0,58.0
2021-01-05 10:02:56.260,0.986,0.9917,14.0,0.9858,14.0,2434.0,58.0
2021-01-05 10:02:57.290,0.986,0.9917,14.0,0.9858,14.0,2434.0,58.0
2021-01-05 10:02:59.291,0.986,0.9918,25.0,0.987,14.0,2434.0,58.0
2021-01-05 10:03:00.171,0.986,0.9918,5.0,0.987,34.0,2434.0,58.0
2021-01-05 10:03:01.301,0.986,0.9918,5.0,0.988,10.0,2434.0,58.0
2021-01-05 10:03:02.290,0.986,0.9918,5.0,0.988,10.0,2434.0,58.0
2021-01-05 10:03:02.801,0.986,0.9918,5.0,0.988,30.0,2434.0,58.0
2021-01-05 10:03:03.301,0.986,0.9918,5.0,0.988,10.0,2434.0,58.0
2021-01-05 10:03:03.800,0.986,0.9918,5.0,0.988,30.0,2434.0,58.0
2021-01-05 10:03:05.320,0.986,0.9918,5.0,0.988,10.0,2434.0,58.0
2021-01-05 10:03:05.810,0.986,0.9918,5.0,0.9882,14.0,2434.0,58.0
2021-01-05 10:03:06.321,0.986,0.9918,5.0,0.9882,34.0,2434.0,58.0
2021-01-05 10:03:07.831,0.986,0.9918,5.0,0.9882,34.0,2434.0,58.0
2021-01-05 10:03:08.321,0.986,0.9918,5.0,0.9882,34.0,2434.0,58.0
2021-01-05 10:03:09.821,0.986,0.9918,5.0,0.9882,34.0,2434.0,58.0
2021-01-05 10:03:16.871,0.986,0.9918,5.0,0.9882,34.0,2434.0,58.0
2021-01-05 10:03:17.350,0.986,0.9918,5.0,0.9882,34.0,2434.0,58.0
2021-01-05 10:03:27.301,0.986,0.9918,5.0,0.9893,14.0,2434.0,58.0
2021-01-05 10:03:27.800,0.9918,0.9942,20.0,0.9908,10.0,2434.0,63.0
2021-01-05 10:03:28.281,0.9918,0.9952,34.0,0.9908,10.0,2434.0,63.0
2021-01-05 10:03:29.070,0.9918,0.9952,34.0,0.9908,10.0,2434.0,63.0
2021-01-05 10:03:30.290,0.9918,0.9952,34.0,0.9908,10.0,2434.0,63.0
2021-01-05 10:03:31.771,0.9918,0.9952,34.0,0.9907,20.0,2434.0,63.0
2021-01-05 10:03:32.301,0.9918,0.9952,20.0,0.9898,10.0,2434.0,63.0
2021-01-05 10:03:32.770,0.9918,0.9952,20.0,0.9905,14.0,2434.0,63.0
2021-01-05 10:03:33.220,0.9918,0.9953,20.0,0.9905,34.0,2434.0,63.0
2021-01-05 10:03:34.801,0.9918,0.9964,34.0,0.9905,34.0,2434.0,63.0
2021-01-05 10:03:39.311,0.9918,0.9964,34.0,0.9905,34.0,2434.0,63.0
2021-01-05 10:03:39.811,0.9918,0.9964,34.0,0.9905,34.0,2434.0,63.0
2021-01-05 10:03:41.300,0.9918,0.9964,20.0,0.9905,20.0,2434.0,63.0
2021-01-05 10:03:41.820,0.9918,0.9977,14.0,0.9918,14.0,2434.0,63.0
2021-01-05 10:03:42.291,0.9918,0.9977,14.0,0.9918,34.0,2434.0,63.0
2021-01-05 10:03:43.801,0.9918,0.9977,14.0,0.9918,34.0,2434.0,63.0
2021-01-05 10:03:44.270,0.9918,0.9977,14.0,0.9918,34.0,2434.0,63.0
2021-01-05 10:03:44.771,0.9918,0.9977,14.0,0.9935,10.0,2434.0,63.0
2021-01-05 10:03:45.261,0.9918,0.9977,14.0,0.9935,10.0,2434.0,63.0
2021-01-05 10:03:45.801,0.9918,0.9977,14.0,0.9935,10.0,2434.0,63.0
2021-01-05 10:03:46.300,0.9918,0.9977,14.0,0.9935,10.0,2434.0,63.0
2021-01-05 10:03:49.820,0.9918,0.9983,20.0,0.9935,10.0,2434.0,63.0
2021-01-05 10:03:50.331,0.9918,0.9989,14.0,0.9935,10.0,2434.0,63.0
2021-01-05 10:03:50.861,0.9918,0.9989,34.0,0.9935,10.0,2434.0,63.0
2021-01-05 10:03:51.361,0.9918,0.9989,34.0,0.9935,10.0,2434.0,63.0
2021-01-05 10:03:51.850,0.9918,0.9989,34.0,0.9935,10.0,2434.0,63.0
2021-01-05 10:03:52.371,0.9918,0.9989,34.0,0.9935,10.0,2434.0,63.0
2021-01-05 10:04:00.791,0.9918,0.9989,34.0,0.9934,20.0,2434.0,63.0
2021-01-05 10:04:01.291,0.9918,0.9989,20.0,0.9941,14.0,2434.0,63.0
2021-01-05 10:04:02.290,0.9918,1.0,14.0,0.9941,14.0,2434.0,63.0
2021-01-05 10:04:02.781,0.9918,1.0,14.0,0.9941,14.0,2434.0,63.0
2021-01-05 10:04:03.800,0.9918,1.0,14.0,0.9941,14.0,2434.0,63.0
2021-01-05 10:04:17.320,0.9918,0.9989,14.0,0.9929,24.0,2434.0,63.0
2021-01-05 10:04:17.810,0.9918,0.9989,34.0,0.9929,24.0,2434.0,63.0
2021-01-05 10:04:18.321,0.9918,0.9989,34.0,0.9929,24.0,2434.0,63.0
2021-01-05 10:04:18.321,0.9918,0.9989,34.0,0.9929,24.0,2434.0,63.0
2021-01-05 10:04:20.340,0.9918,0.9989,20.0,0.9914,20.0,2434.0,63.0
2021-01-05 10:04:20.891,0.9918,0.9971,14.0,0.9911,14.0,2434.0,63.0
2021-01-05 10:04:21.391,0.9918,0.9971,34.0,0.9911,14.0,2434.0,63.0
2021-01-05 10:04:22.390,0.9918,0.9971,34.0,0.9911,14.0,2434.0,63.0
2021-01-05 10:04:24.801,0.9918,0.9971,34.0,0.9911,14.0,2434.0,63.0
2021-01-05 10:04:25.300,0.9918,0.9971,34.0,0.9911,14.0,2434.0,63.0
2021-01-05 10:04:25.800,0.9918,0.9965,10.0,0.9911,14.0,2434.0,63.0
2021-01-05 10:04:26.100,0.9918,0.996,14.0,0.9901,14.0,2434.0,63.0
2021-01-05 10:04:26.831,0.9918,0.996,14.0,0.9901,14.0,2434.0,63.0
2021-01-05 10:04:26.831,0.9918,0.996,34.0,0.9901,14.0,2434.0,63.0
2021-01-05 10:04:27.800,0.9918,0.996,34.0,0.9901,14.0,2434.0,63.0
2021-01-05 10:04:29.800,0.9918,0.996,34.0,0.9901,14.0,2434.0,63.0
2021-01-05 10:04:30.370,0.9918,0.996,34.0,0.9901,14.0,2434.0,63.0
2021-01-05 10:04:30.831,0.9918,0.996,34.0,0.9901,14.0,2434.0,63.0
2021-01-05 10:04:34.381,0.9918,0.996,34.0,0.9901,14.0,2434.0,63.0
2021-01-05 10:04:36.341,0.9918,0.996,34.0,0.9901,14.0,2434.0,63.0
2021-01-05 10:04:36.921,0.9918,0.996,34.0,0.9901,14.0,2434.0,63.0
2021-01-05 10:04:37.870,0.9918,0.996,20.0,0.99,20.0,2434.0,63.0
2021-01-05 10:04:38.360,0.9918,0.9949,14.0,0.989,14.0,2434.0,63.0
2021-01-05 10:04:38.911,0.9918,0.9949,34.0,0.989,34.0,2434.0,63.0
2021-01-05 10:04:39.420,0.9918,0.9949,34.0,0.989,34.0,2434.0,63.0
2021-01-05 10:04:44.911,0.9918,0.9949,20.0,0.989,20.0,2434.0,63.0
2021-01-05 10:04:45.410,0.9918,0.9961,14.0,0.9901,14.0,2434.0,63.0
2021-01-05 10:04:45.921,0.9918,0.9961,34.0,0.9904,10.0,2434.0,63.0
2021-01-05 10:04:47.420,0.9918,0.9961,34.0,0.9904,10.0,2434.0,63.0
2021-01-05 10:04:47.931,0.9918,0.9961,34.0,0.9904,10.0,2434.0,63.0
2021-01-05 10:04:50.880,0.9918,0.9961,34.0,0.9904,10.0,2434.0,63.0
2021-01-05 10:04:56.800,0.9918,0.9971,34.0,0.9912,14.0,2434.0,63.0
2021-01-05 10:04:57.300,0.9918,0.9971,20.0,0.993,10.0,2434.0,63.0
2021-01-05 10:04:57.830,0.9918,0.9984,14.0,0.993,10.0,2434.0,63.0
2021-01-05 10:04:58.330,0.9918,0.9984,34.0,0.993,30.0,2434.0,63.0
2021-01-05 10:04:58.831,0.9918,0.9984,34.0,0.993,30.0,2434.0,63.0
2021-01-05 10:04:59.820,0.9918,0.9984,34.0,0.993,30.0,2434.0,63.0
2021-01-05 10:05:00.320,0.9918,0.9984,34.0,0.993,30.0,2434.0,63.0
2021-01-05 10:05:03.820,0.9918,0.9984,34.0,0.993,20.0,2434.0,63.0
2021-01-05 10:05:13.351,0.9918,0.9984,20.0,0.993,20.0,2434.0,63.0
2021-01-05 10:05:13.861,0.9918,0.9971,14.0,0.9912,44.0,2434.0,63.0
2021-01-05 10:05:14.321,0.9918,0.9971,34.0,0.9912,44.0,2434.0,63.0
2021-01-05 10:05:14.851,0.9918,0.9971,34.0,0.9912,44.0,2434.0,63.0
2021-01-05 10:05:23.300,0.9918,0.9971,34.0,0.9912,44.0,2434.0,63.0
2021-01-05 10:05:23.721,0.9918,0.9971,34.0,0.9912,44.0,2434.0,63.0
2021-01-05 10:05:46.361,0.9918,0.9971,34.0,0.9912,34.0,2434.0,63.0
2021-01-05 10:05:49.851,0.9918,0.9971,34.0,0.9912,34.0,2434.0,63.0
2021-01-05 10:05:50.360,0.9918,0.9971,34.0,0.9912,34.0,2434.0,63.0
2021-01-05 10:05:51.371,0.9918,0.9971,34.0,0.9934,10.0,2434.0,63.0
2021-01-05 10:05:51.851,0.9918,0.9971,20.0,0.9934,10.0,2434.0,63.0
2021-01-05 10:05:52.360,0.9918,0.9983,14.0,0.9934,30.0,2434.0,63.0
2021-01-05 10:05:52.800,0.9918,0.9983,34.0,0.9934,30.0,2434.0,63.0
2021-01-05 10:05:54.800,0.9918,0.9983,34.0,0.9934,30.0,2434.0,63.0
2021-01-05 10:05:55.280,0.9918,0.9983,34.0,0.9934,30.0,2434.0,63.0
2021-01-05 10:05:57.280,0.9918,0.9983,14.0,0.9934,10.0,2434.0,63.0
2021-01-05 10:05:57.770,0.9918,0.9983,14.0,0.9934,20.0,2434.0,63.0
2021-01-05 10:05:57.770,0.9918,0.9983,14.0,0.9924,14.0,2434.0,63.0
2021-01-05 10:05:59.311,0.9918,0.9983,14.0,0.9924,14.0,2434.0,63.0
2021-01-05 10:06:00.300,0.9918,0.9983,14.0,0.9924,34.0,2434.0,63.0
2021-01-05 10:06:00.811,0.9918,0.9983,14.0,0.9924,34.0,2434.0,63.0
2021-01-05 10:06:02.730,0.9918,0.9983,14.0,0.9924,34.0,2434.0,63.0
2021-01-05 10:06:04.330,0.9918,0.9983,14.0,0.9924,34.0,2434.0,63.0
2021-01-05 10:06:05.041,0.9918,0.9996,34.0,0.9937,14.0,2434.0,63.0
2021-01-05 10:06:05.850,0.9918,0.9996,34.0,0.9937,34.0,2434.0,63.0
2021-01-05 10:06:05.850,0.9918,0.9996,34.0,0.9949,10.0,2434.0,63.0
2021-01-05 10:06:06.841,0.9918,0.9996,34.0,0.9949,30.0,2434.0,63.0
2021-01-05 10:06:07.341,0.9918,0.9996,34.0,0.9949,30.0,2434.0,63.0
2021-01-05 10:06:11.890,0.9918,0.9996,34.0,0.9949,20.0,2434.0,63.0
2021-01-05 10:06:12.361,0.9918,0.9996,34.0,0.9937,34.0,2434.0,63.0
2021-01-05 10:06:15.891,0.9918,0.9996,34.0,0.9937,34.0,2434.0,63.0
2021-01-05 10:06:16.391,0.9918,0.9996,34.0,0.9937,34.0,2434.0,63.0
2021-01-05 10:06:16.890,0.9918,0.9996,14.0,0.9937,34.0,2434.0,63.0
2021-01-05 10:06:17.390,0.9918,0.9996,14.0,0.9937,34.0,2434.0,63.0
2021-01-05 10:06:19.851,0.9918,0.9996,14.0,0.9937,34.0,2434.0,63.0
2021-01-05 10:06:20.391,0.9918,0.9996,14.0,0.9937,34.0,2434.0,63.0
2021-01-05 10:06:21.891,0.9918,1.0021,10.0,0.9936,10.0,2434.0,63.0
2021-01-05 10:06:22.400,0.9918,1.0013,14.0,0.9954,14.0,2434.0,63.0
2021-01-05 10:06:22.800,0.9918,1.0013,14.0,0.9954,34.0,2434.0,63.0
2021-01-05 10:06:23.810,0.9918,1.0013,14.0,0.9954,34.0,2434.0,63.0
2021-01-05 10:06:25.820,0.9918,1.0013,34.0,0.9954,34.0,2434.0,63.0
2021-01-05 10:06:27.831,0.9918,1.0013,14.0,0.9954,34.0,2434.0,63.0
2021-01-05 10:06:28.311,0.9918,1.0013,14.0,0.9954,34.0,2434.0,63.0
2021-01-05 10:06:29.091,0.9918,1.0013,14.0,0.9954,34.0,2434.0,63.0
2021-01-05 10:06:31.831,0.9918,1.0013,14.0,0.9969,10.0,2434.0,63.0
2021-01-05 10:06:32.330,0.9918,1.0013,14.0,0.9969,30.0,2434.0,63.0
2021-01-05 10:06:33.840,0.9918,1.0013,14.0,0.9969,30.0,2434.0,63.0
2021-01-05 10:06:34.330,0.9918,1.0013,14.0,0.9969,30.0,2434.0,63.0
2021-01-05 10:06:35.281,0.9918,1.0013,14.0,0.9954,34.0,2434.0,63.0
2021-01-05 10:06:36.361,0.9918,1.0013,14.0,0.9954,34.0,2434.0,63.0
2021-01-05 10:06:36.870,0.9918,1.0013,14.0,0.9954,34.0,2434.0,63.0
2021-01-05 10:06:38.370,0.9918,1.0013,14.0,0.9954,34.0,2434.0,63.0
2021-01-05 10:06:41.891,0.9918,1.0013,14.0,0.9954,34.0,2434.0,63.0
2021-01-05 10:06:41.891,0.9918,1.0016,20.0,0.9955,2.0,2434.0,63.0
2021-01-05 10:06:42.850,0.9918,1.0016,20.0,0.9965,14.0,2434.0,63.0
2021-01-05 10:06:43.171,0.9918,1.0025,34.0,0.9965,34.0,2434.0,63.0
2021-01-05 10:06:44.350,0.9918,1.0025,34.0,0.9965,34.0,2434.0,63.0
2021-01-05 10:06:44.881,0.9918,1.0025,34.0,0.9965,34.0,2434.0,63.0
2021-01-05 10:06:50.350,0.9918,1.0025,34.0,0.9965,34.0,2434.0,63.0
2021-01-05 10:06:50.880,0.9918,1.0025,20.0,0.9965,20.0,2434.0,63.0
2021-01-05 10:06:51.320,0.9918,1.0036,14.0,0.9976,14.0,2434.0,63.0
2021-01-05 10:06:51.900,0.9918,1.0036,34.0,0.9976,34.0,2434.0,63.0
2021-01-05 10:06:53.310,0.9918,1.0036,34.0,0.9981,10.0,2434.0,63.0
2021-01-05 10:06:54.311,0.9918,1.0036,34.0,0.9981,10.0,2434.0,63.0
2021-01-05 10:06:54.811,0.9918,1.0036,34.0,0.9981,10.0,2434.0,63.0
2021-01-05 10:06:55.301,0.9918,1.0036,34.0,0.9981,10.0,2434.0,63.0
2021-01-05 10:06:55.731,0.9918,1.0036,34.0,0.9976,34.0,2434.0,63.0
2021-01-05 10:06:57.300,0.9918,1.0036,34.0,0.9976,34.0,2434.0,63.0
2021-01-05 10:06:58.271,0.9918,1.0036,14.0,0.9976,14.0,2434.0,63.0
2021-01-05 10:06:58.751,0.9918,1.0036,14.0,0.9976,34.0,2434.0,63.0
2021-01-05 10:07:04.810,0.9918,1.0036,14.0,0.9976,14.0,2434.0,63.0
2021-01-05 10:07:05.801,0.9918,1.0024,14.0,0.9965,20.0,2434.0,63.0
2021-01-05 10:07:06.810,0.9918,1.0024,34.0,0.9965,20.0,2434.0,63.0
2021-01-05 10:07:07.811,0.9918,1.0024,34.0,0.9965,20.0,2434.0,63.0
2021-01-05 10:07:08.301,0.9918,1.0024,34.0,0.9965,20.0,2434.0,63.0
2021-01-05 10:07:09.311,0.9918,1.0024,34.0,0.9965,20.0,2434.0,63.0
2021-01-05 10:07:10.310,0.9918,1.0024,20.0,0.9965,20.0,2434.0,63.0
2021-01-05 10:07:10.790,0.9918,1.0013,14.0,0.9955,30.0,2434.0,63.0
2021-01-05 10:07:11.321,0.9918,1.0013,34.0,0.9955,30.0,2434.0,63.0
2021-01-05 10:07:11.810,0.9918,1.0013,34.0,0.9955,32.0,2434.0,63.0
2021-01-05 10:07:12.321,0.9918,1.0013,34.0,0.9955,30.0,2434.0,63.0
2021-01-05 10:07:13.810,0.9918,1.0013,34.0,0.9955,30.0,2434.0,63.0
2021-01-05 10:07:14.811,0.9918,1.0013,34.0,0.9955,30.0,2434.0,63.0
2021-01-05 10:07:15.270,0.9918,1.0013,34.0,0.9955,32.0,2434.0,63.0
2021-01-05 10:07:15.791,0.9918,1.0013,34.0,0.9955,30.0,2434.0,63.0
2021-01-05 10:07:16.801,0.9918,1.0013,34.0,0.9955,30.0,2434.0,63.0
2021-01-05 10:07:17.310,0.9918,1.0013,34.0,0.9955,30.0,2434.0,63.0
2021-01-05 10:07:17.821,0.9918,1.0013,34.0,0.9955,30.0,2434.0,63.0
2021-01-05 10:07:18.300,0.9918,1.0013,34.0,0.9955,30.0,2434.0,63.0
2021-01-05 10:07:19.810,0.9918,1.0013,34.0,0.9955,30.0,2434.0,63.0
2021-01-05 10:07:22.301,0.9918,1.0008,10.0,0.9955,20.0,2434.0,63.0
2021-01-05 10:07:23.310,0.9918,1.0008,10.0,0.9955,20.0,2434.0,63.0
2021-01-05 10:07:23.811,0.9918,1.0002,14.0,0.9942,14.0,2434.0,63.0
2021-01-05 10:07:24.301,0.9918,1.0002,34.0,0.9942,14.0,2434.0,63.0
2021-01-05 10:07:24.801,0.9918,1.0002,34.0,0.9956,1.0,2434.0,63.0
2021-01-05 10:07:25.310,0.9918,1.0002,34.0,0.9956,21.0,2434.0,63.0
2021-01-05 10:07:26.801,0.9918,1.0002,20.0,0.9956,21.0,2434.0,63.0
2021-01-05 10:07:27.310,0.9918,1.0008,10.0,0.9956,21.0,2434.0,63.0
2021-01-05 10:07:28.791,0.9918,1.0008,10.0,0.9956,21.0,2434.0,63.0
2021-01-05 10:07:29.290,0.9918,1.0008,10.0,0.9956,21.0,2434.0,63.0
2021-01-05 10:07:33.301,0.9918,1.0008,10.0,0.9956,21.0,2434.0,63.0
2021-01-05 10:07:33.770,0.9918,1.0008,10.0,0.9956,21.0,2434.0,63.0
2021-01-05 10:07:34.310,0.9918,1.0,14.0,0.9956,21.0,2434.0,63.0
2021-01-05 10:07:34.761,0.9918,1.0,34.0,0.9956,21.0,2434.0,63.0
2021-01-05 10:07:35.811,0.9918,1.0,34.0,0.9956,21.0,2434.0,63.0
2021-01-05 10:07:36.220,0.9918,1.0,34.0,0.9956,21.0,2434.0,63.0
2021-01-05 10:07:36.821,0.9918,1.0,34.0,0.9956,20.0,2434.0,63.0
2021-01-05 10:07:37.801,0.9918,1.0,34.0,0.9941,14.0,2434.0,63.0
2021-01-05 10:07:38.821,0.9918,1.0,34.0,0.9941,14.0,2434.0,63.0
2021-01-05 10:07:38.821,0.9918,1.0,34.0,0.9941,14.0,2434.0,63.0
2021-01-05 10:07:46.841,0.9918,1.0,34.0,0.9941,14.0,2434.0,63.0
2021-01-05 10:07:47.800,0.9918,1.0,34.0,0.9941,14.0,2434.0,63.0
2021-01-05 10:08:01.830,0.9918,1.0,20.0,0.9942,2.0,2434.0,63.0
2021-01-05 10:08:02.341,0.9918,1.0,20.0,0.9956,10.0,2434.0,63.0
2021-01-05 10:08:02.740,0.9918,1.0013,20.0,0.9964,14.0,2434.0,63.0
2021-01-05 10:08:03.391,0.9918,1.0023,34.0,0.9964,14.0,2434.0,63.0
2021-01-05 10:08:03.891,0.9918,1.0023,34.0,0.9964,14.0,2434.0,63.0
2021-01-05 10:08:04.381,0.9918,1.0023,34.0,0.9964,14.0,2434.0,63.0
2021-01-05 10:08:04.821,0.9918,1.0023,34.0,0.9964,14.0,2434.0,63.0
2021-01-05 10:08:09.871,0.9918,1.0023,34.0,0.9964,14.0,2434.0,63.0
2021-01-05 10:08:25.811,0.9918,1.0023,20.0,0.9982,10.0,2434.0,63.0
2021-01-05 10:08:26.260,0.9918,1.0023,20.0,0.9982,10.0,2434.0,63.0
2021-01-05 10:08:26.810,0.9918,1.0035,34.0,0.9982,30.0,2434.0,63.0
2021-01-05 10:08:27.301,0.9918,1.0035,34.0,0.9982,30.0,2434.0,63.0
2021-01-05 10:08:27.810,0.9918,1.0035,34.0,0.9982,30.0,2434.0,63.0
2021-01-05 10:08:32.821,0.9918,1.0035,34.0,0.9982,20.0,2434.0,63.0
2021-01-05 10:08:34.840,0.9918,1.0035,20.0,0.9982,20.0,2434.0,63.0
2021-01-05 10:08:35.341,0.9918,1.0045,14.0,0.9986,14.0,2434.0,63.0
2021-01-05 10:08:35.860,0.9918,1.0045,34.0,0.9986,34.0,2434.0,63.0
2021-01-05 10:08:36.330,0.9918,1.0045,34.0,0.9986,34.0,2434.0,63.0
2021-01-05 10:08:36.861,0.9918,1.0045,34.0,0.9986,34.0,2434.0,63.0
2021-01-05 10:08:37.360,0.9918,1.0045,34.0,0.9986,34.0,2434.0,63.0
2021-01-05 10:08:37.861,0.9918,1.0045,14.0,1.0007,10.0,2434.0,63.0
2021-01-05 10:08:38.371,0.9918,1.0045,14.0,1.0007,10.0,2434.0,63.0
2021-01-05 10:08:38.830,0.9918,1.0045,34.0,1.0007,10.0,2434.0,63.0
2021-01-05 10:08:39.331,0.9918,1.0045,34.0,1.0007,10.0,2434.0,63.0
2021-01-05 10:08:39.861,0.9918,1.0045,34.0,1.0007,10.0,2434.0,63.0
2021-01-05 10:08:40.370,0.9918,1.0045,34.0,0.9992,20.0,2434.0,63.0
2021-01-05 10:08:40.860,0.9918,1.0045,14.0,0.9992,20.0,2434.0,63.0
2021-01-05 10:08:41.360,0.9918,1.0045,14.0,0.9992,20.0,2434.0,63.0
2021-01-05 10:08:41.871,0.9918,1.0045,14.0,0.9992,20.0,2434.0,63.0
2021-01-05 10:08:43.840,0.9918,1.0058,14.0,0.9998,14.0,2434.0,63.0
2021-01-05 10:08:45.371,0.9918,1.0058,14.0,0.9998,14.0,2434.0,63.0
2021-01-05 10:08:45.751,0.9918,1.0058,14.0,0.9998,14.0,2434.0,63.0
2021-01-05 10:08:49.891,0.9918,1.0058,14.0,1.002,10.0,2434.0,63.0
2021-01-05 10:08:50.381,0.9918,1.0082,10.0,1.002,10.0,2434.0,63.0
2021-01-05 10:08:50.900,0.9918,1.0082,10.0,1.0045,10.0,2434.0,63.0
2021-01-05 10:08:51.390,0.9918,1.0082,10.0,1.0045,10.0,2434.0,63.0
2021-01-05 10:08:51.991,0.9918,1.0102,14.0,1.0045,10.0,2434.0,63.0
2021-01-05 10:08:52.441,0.9918,1.0102,14.0,1.0045,10.0,2434.0,63.0
2021-01-05 10:08:53.311,0.9918,1.0102,14.0,1.0045,10.0,2434.0,63.0
2021-01-05 10:08:54.321,0.9918,1.0116,14.0,1.0057,14.0,2434.0,63.0
2021-01-05 10:08:56.310,0.9918,1.0116,34.0,1.0057,14.0,2434.0,63.0
2021-01-05 10:08:56.821,0.9918,1.0116,14.0,1.0057,14.0,2434.0,63.0
2021-01-05 10:08:58.311,0.9918,1.0105,14.0,1.0045,24.0,2434.0,63.0
2021-01-05 10:08:58.920,0.9918,1.0105,34.0,1.0045,24.0,2434.0,63.0
2021-01-05 10:08:59.391,0.9918,1.0105,34.0,1.0045,24.0,2434.0,63.0
2021-01-05 10:08:59.900,0.9918,1.0093,14.0,1.0034,14.0,2434.0,63.0
2021-01-05 10:09:00.421,0.9918,1.0093,14.0,1.0034,14.0,2434.0,63.0
2021-01-05 10:09:00.930,0.9918,1.0093,14.0,1.0034,14.0,2434.0,63.0
2021-01-05 10:09:01.420,0.9918,1.0093,14.0,1.0034,14.0,2434.0,63.0
2021-01-05 10:09:01.921,0.9918,1.0093,34.0,1.0034,14.0,2434.0,63.0
2021-01-05 10:09:02.440,0.9918,1.0093,20.0,1.003,20.0,2434.0,63.0
2021-01-05 10:09:02.941,0.9918,1.0082,14.0,1.0023,14.0,2434.0,63.0
2021-01-05 10:09:03.381,0.9918,1.0082,44.0,1.0023,14.0,2434.0,63.0
2021-01-05 10:09:05.921,0.9918,1.0082,44.0,1.0023,14.0,2434.0,63.0
2021-01-05 10:09:06.380,0.9918,1.0082,44.0,1.0023,14.0,2434.0,63.0
2021-01-05 10:09:07.911,0.9918,1.0082,34.0,1.0023,14.0,2434.0,63.0
2021-01-05 10:09:12.931,0.9918,1.0082,34.0,1.0023,14.0,2434.0,63.0
2021-01-05 10:09:13.421,0.9918,1.0082,20.0,1.0035,14.0,2434.0,63.0
2021-01-05 10:09:13.941,0.9918,1.0094,14.0,1.0035,14.0,2434.0,63.0
2021-01-05 10:09:14.420,0.9918,1.0094,34.0,1.0035,34.0,2434.0,63.0
2021-01-05 10:09:14.931,0.9918,1.0094,34.0,1.0035,34.0,2434.0,63.0
2021-01-05 10:09:15.400,0.9918,1.0094,34.0,1.0035,34.0,2434.0,63.0
2021-01-05 10:09:15.901,0.9918,1.0094,34.0,1.0037,10.0,2434.0,63.0
2021-01-05 10:09:18.431,0.9918,1.0094,34.0,1.0037,10.0,2434.0,63.0
2021-01-05 10:09:18.940,0.9918,1.0094,34.0,1.0035,34.0,2434.0,63.0
2021-01-05 10:09:20.440,0.9918,1.0094,34.0,1.0035,34.0,2434.0,63.0
2021-01-05 10:09:20.901,0.9918,1.008,14.0,1.0021,14.0,2434.0,63.0
2021-01-05 10:09:21.341,0.9918,1.008,34.0,1.0021,14.0,2434.0,63.0
2021-01-05 10:09:21.960,0.9918,1.008,34.0,1.0021,14.0,2434.0,63.0
2021-01-05 10:09:22.450,0.9918,1.008,34.0,1.0021,14.0,2434.0,63.0
2021-01-05 10:09:26.770,0.9918,1.008,34.0,1.0021,14.0,2434.0,63.0
2021-01-05 10:09:29.850,0.9918,1.008,34.0,1.0021,14.0,2434.0,63.0
2021-01-05 10:09:32.851,0.9918,1.008,20.0,1.0014,30.0,2434.0,63.0
2021-01-05 10:09:33.350,0.9918,1.0068,14.0,1.0014,30.0,2434.0,63.0
2021-01-05 10:09:33.830,0.9918,1.0059,10.0,1.0014,20.0,2434.0,63.0
2021-01-05 10:09:33.830,0.9918,1.0059,10.0,1.0004,20.0,2434.0,63.0
2021-01-05 10:09:34.860,0.9918,1.0056,14.0,0.9997,14.0,2434.0,63.0
2021-01-05 10:09:35.371,0.9918,1.0056,34.0,0.9997,14.0,2434.0,63.0
2021-01-05 10:09:35.890,0.9918,1.0056,20.0,0.9988,20.0,2434.0,63.0
2021-01-05 10:09:36.401,0.9918,1.0045,14.0,0.9986,14.0,2434.0,63.0
2021-01-05 10:09:36.871,0.9918,1.0045,34.0,0.9986,14.0,2434.0,63.0
2021-01-05 10:09:39.400,0.9918,1.0045,34.0,0.9986,14.0,2434.0,63.0
2021-01-05 10:09:39.880,0.9918,1.0045,34.0,0.9986,14.0,2434.0,63.0
2021-01-05 10:09:56.831,0.9918,1.0045,34.0,0.9996,10.0,2434.0,63.0
2021-01-05 10:09:57.310,0.9918,1.0045,34.0,0.9996,30.0,2434.0,63.0
2021-01-05 10:09:58.820,0.9918,1.0045,34.0,0.9996,30.0,2434.0,63.0
2021-01-05 10:09:59.331,0.9918,1.0045,34.0,0.9996,30.0,2434.0,63.0
2021-01-05 10:10:01.311,0.9918,1.0045,20.0,0.9996,30.0,2434.0,63.0
2021-01-05 10:10:01.821,0.9918,1.0057,14.0,0.9998,14.0,2434.0,63.0
2021-01-05 10:10:02.301,0.9918,1.0057,34.0,0.9998,14.0,2434.0,63.0
2021-01-05 10:10:02.820,0.9918,1.0057,34.0,0.9998,14.0,2434.0,63.0
2021-01-05 10:10:02.820,0.9918,1.0057,34.0,0.9998,14.0,2434.0,63.0
2021-01-05 10:10:12.951,0.9918,1.0057,20.0,1.0011,14.0,2434.0,63.0
2021-01-05 10:10:13.491,0.9918,1.007,34.0,1.0018,10.0,2434.0,63.0
2021-01-05 10:10:14.000,0.9918,1.007,34.0,1.0018,10.0,2434.0,63.0
2021-01-05 10:10:14.421,0.9918,1.007,34.0,1.0018,10.0,2434.0,63.0
2021-01-05 10:10:14.961,0.9918,1.007,34.0,1.0018,10.0,2434.0,63.0
2021-01-05 10:10:15.401,0.9918,1.007,34.0,1.0018,10.0,2434.0,63.0
2021-01-05 10:10:18.490,0.9918,1.007,34.0,1.0018,10.0,2434.0,63.0
2021-01-05 10:10:26.330,0.9918,1.007,34.0,1.0011,34.0,2434.0,63.0
2021-01-05 10:10:26.850,0.9918,1.007,20.0,1.0022,14.0,2434.0,63.0
2021-01-05 10:10:27.840,0.9918,1.0081,34.0,1.0022,14.0,2434.0,63.0
2021-01-05 10:10:29.350,0.9918,1.0081,34.0,1.0022,14.0,2434.0,63.0
2021-01-05 10:10:29.851,0.9918,1.0081,34.0,1.0022,34.0,2434.0,63.0
2021-01-05 10:10:30.351,0.9918,1.0081,34.0,1.0022,34.0,2434.0,63.0
2021-01-05 10:10:30.800,0.9918,1.0081,34.0,1.0022,34.0,2434.0,63.0
2021-01-05 10:10:31.340,0.9918,1.0081,34.0,1.0022,34.0,2434.0,63.0
2021-01-05 10:10:44.830,0.9918,1.0106,10.0,1.0011,20.0,2434.0,63.0
2021-01-05 10:10:45.350,0.9918,1.0094,14.0,1.0035,14.0,2434.0,63.0
2021-01-05 10:10:45.821,0.9918,1.0094,34.0,1.0035,14.0,2434.0,63.0
2021-01-05 10:10:46.330,0.9918,1.0094,34.0,1.0035,14.0,2434.0,63.0
2021-01-05 10:10:46.851,0.9918,1.0094,34.0,1.0035,14.0,2434.0,63.0
2021-01-05 10:10:58.510,1.0094,1.0094,32.0,1.0035,14.0,2436.0,65.0
2021-01-05 10:11:01.001,1.0094,1.0094,12.0,1.0035,14.0,2436.0,65.0
2021-01-05 10:11:01.461,1.0094,1.0094,32.0,1.0035,34.0,2436.0,65.0
2021-01-05 10:11:21.490,1.0094,1.0094,32.0,1.0044,10.0,2436.0,65.0
2021-01-05 10:11:23.330,1.0094,1.0094,32.0,1.0035,34.0,2436.0,65.0
2021-01-05 10:11:27.791,1.0094,1.0094,32.0,1.0035,34.0,2436.0,65.0
2021-01-05 10:11:28.321,1.0094,1.0094,20.0,1.0035,20.0,2436.0,65.0
2021-01-05 10:11:28.821,1.0094,1.0083,14.0,1.0024,14.0,2436.0,65.0
2021-01-05 10:11:29.320,1.0094,1.0083,34.0,1.0024,14.0,2436.0,65.0
2021-01-05 10:11:30.830,1.0094,1.0083,34.0,1.0024,14.0,2436.0,65.0
2021-01-05 10:11:31.311,1.0094,1.0083,34.0,1.0024,14.0,2436.0,65.0
2021-01-05 10:11:42.320,1.0094,1.0083,34.0,1.0024,14.0,2436.0,65.0
2021-01-05 10:11:42.820,1.0094,1.0083,20.0,1.0022,32.0,2436.0,65.0
2021-01-05 10:11:43.371,1.0094,1.0097,14.0,1.0037,14.0,2436.0,65.0
2021-01-05 10:11:43.871,1.0094,1.0097,34.0,1.0037,34.0,2436.0,65.0
2021-01-05 10:11:45.880,1.0094,1.0097,34.0,1.0037,34.0,2436.0,65.0
2021-01-05 10:11:46.341,1.0094,1.0097,34.0,1.0037,34.0,2436.0,65.0
2021-01-05 10:11:57.320,1.0094,1.0089,5.0,1.0037,34.0,2436.0,65.0
2021-01-05 10:11:58.840,1.0094,1.0089,5.0,1.0037,34.0,2436.0,65.0
2021-01-05 10:11:59.301,1.0094,1.0089,5.0,1.0037,34.0,2436.0,65.0
2021-01-05 10:12:01.331,1.0094,1.0089,5.0,1.0037,34.0,2436.0,65.0
2021-01-05 10:12:02.311,1.0094,1.0089,5.0,1.0048,14.0,2436.0,65.0
2021-01-05 10:12:02.820,1.0094,1.0089,5.0,1.0048,34.0,2436.0,65.0
2021-01-05 10:12:04.311,1.0094,1.0089,5.0,1.0055,10.0,2436.0,65.0
2021-01-05 10:12:04.330,1.0094,1.0089,5.0,1.0055,10.0,2436.0,65.0
2021-01-05 10:12:05.830,1.0094,1.0089,5.0,1.0055,10.0,2436.0,65.0
2021-01-05 10:12:06.301,1.0094,1.0089,5.0,1.0055,10.0,2436.0,65.0
2021-01-05 10:12:07.321,1.0094,1.0089,5.0,1.0055,10.0,2436.0,65.0
2021-01-05 10:12:07.811,1.0094,1.0089,5.0,1.0055,10.0,2436.0,65.0
2021-01-05 10:12:13.811,1.0094,1.0089,5.0,1.0055,10.0,2436.0,65.0
2021-01-05 10:12:14.310,1.0094,1.0089,5.0,1.0055,10.0,2436.0,65.0
2021-01-05 10:12:14.821,1.0094,1.0089,5.0,1.0055,10.0,2436.0,65.0
2021-01-05 10:12:16.840,1.0094,1.0089,5.0,1.0048,34.0,2436.0,65.0
2021-01-05 10:12:17.791,1.0094,1.0089,5.0,1.0048,34.0,2436.0,65.0
2021-01-05 10:12:18.260,1.0094,1.0089,5.0,1.0048,34.0,2436.0,65.0
2021-01-05 10:12:18.790,1.0094,1.0089,5.0,1.0048,34.0,2436.0,65.0
2021-01-05 10:12:20.241,1.0094,1.0089,5.0,1.0048,20.0,2436.0,65.0
2021-01-05 10:12:20.821,1.0094,1.0089,5.0,1.0042,10.0,2436.0,65.0
2021-01-05 10:12:22.331,1.0094,1.0089,5.0,1.0042,10.0,2436.0,65.0
2021-01-05 10:12:22.830,1.0094,1.0089,5.0,1.0042,10.0,2436.0,65.0
2021-01-05 10:12:23.301,1.0094,1.0089,5.0,1.0038,10.0,2436.0,65.0
2021-01-05 10:12:26.841,1.0094,1.0089,5.0,1.0038,10.0,2436.0,65.0
2021-01-05 10:12:27.270,1.0094,1.0085,14.0,1.0038,10.0,2436.0,65.0
2021-01-05 10:12:27.800,1.0094,1.0085,34.0,1.0038,10.0,2436.0,65.0
2021-01-05 10:12:29.341,1.0094,1.0085,20.0,1.0038,10.0,2436.0,65.0
2021-01-05 10:12:29.831,1.0094,1.0085,20.0,1.0038,10.0,2436.0,65.0
2021-01-05 10:12:30.851,1.0094,1.0085,20.0,1.0038,10.0,2436.0,65.0
2021-01-05 10:12:31.260,1.0094,1.0085,20.0,1.0037,34.0,2436.0,65.0
2021-01-05 10:12:33.801,1.0094,1.0085,20.0,1.0037,34.0,2436.0,65.0
2021-01-05 10:12:34.361,1.0094,1.0085,20.0,1.0037,34.0,2436.0,65.0
2021-01-05 10:12:36.360,1.0094,1.0085,20.0,1.0037,20.0,2436.0,65.0
2021-01-05 10:12:36.741,1.0094,1.0085,34.0,1.0037,20.0,2436.0,65.0
2021-01-05 10:12:37.820,1.0094,1.0085,34.0,1.0037,20.0,2436.0,65.0
2021-01-05 10:12:38.840,1.0094,1.0085,34.0,1.0026,14.0,2436.0,65.0
2021-01-05 10:12:39.330,1.0094,1.0085,34.0,1.0026,14.0,2436.0,65.0
2021-01-05 10:12:43.361,1.0094,1.0085,34.0,1.0026,14.0,2436.0,65.0
2021-01-05 10:12:43.851,1.0094,1.0085,34.0,1.0026,14.0,2436.0,65.0
2021-01-05 10:12:44.350,1.0094,1.0085,34.0,1.0026,14.0,2436.0,65.0
2021-01-05 10:12:48.300,1.0094,1.0085,34.0,1.0026,14.0,2436.0,65.0
2021-01-05 10:12:54.340,1.0094,1.0085,20.0,1.0025,20.0,2436.0,65.0
2021-01-05 10:12:54.841,1.0094,1.0073,14.0,1.0025,20.0,2436.0,65.0
2021-01-05 10:12:55.300,1.0094,1.0073,34.0,1.0013,14.0,2436.0,65.0
2021-01-05 10:12:55.831,1.0094,1.0073,34.0,1.0013,14.0,2436.0,65.0
2021-01-05 10:12:56.820,1.0094,1.0073,34.0,1.0013,14.0,2436.0,65.0
2021-01-05 10:12:57.321,1.0094,1.0073,34.0,1.0013,14.0,2436.0,65.0
2021-01-05 10:12:57.830,1.0094,1.0073,34.0,1.0013,14.0,2436.0,65.0
2021-01-05 10:12:58.311,1.0094,1.0073,34.0,1.0013,14.0,2436.0,65.0
2021-01-05 10:13:00.330,1.0094,1.0073,34.0,1.0013,14.0,2436.0,65.0
2021-01-05 10:13:13.320,1.0094,1.0073,34.0,1.0013,14.0,2436.0,65.0
2021-01-05 10:13:13.841,1.0094,1.0073,34.0,1.0013,14.0,2436.0,65.0
2021-01-05 10:13:14.271,1.0094,1.0073,20.0,1.0011,30.0,2436.0,65.0
2021-01-05 10:13:14.851,1.0094,1.0073,20.0,1.0025,14.0,2436.0,65.0
2021-01-05 10:13:15.151,1.0094,1.0079,20.0,1.0025,14.0,2436.0,65.0
2021-01-05 10:13:16.350,1.0094,1.0079,20.0,1.0025,14.0,2436.0,65.0
2021-01-05 10:13:19.850,1.0094,1.0084,34.0,1.0025,14.0,2436.0,65.0
2021-01-05 10:13:21.371,1.0094,1.0084,34.0,1.0025,14.0,2436.0,65.0
2021-01-05 10:13:21.850,1.0094,1.0084,34.0,1.0025,14.0,2436.0,65.0
2021-01-05 10:13:25.331,1.0094,1.0084,34.0,1.0044,10.0,2436.0,65.0
2021-01-05 10:13:25.830,1.0094,1.0084,34.0,1.0044,10.0,2436.0,65.0
2021-01-05 10:13:26.310,1.0094,1.0084,34.0,1.0044,10.0,2436.0,65.0
2021-01-05 10:13:26.831,1.0094,1.0084,14.0,1.0044,10.0,2436.0,65.0
2021-01-05 10:13:27.861,1.0094,1.0084,14.0,1.0044,10.0,2436.0,65.0
2021-01-05 10:13:28.331,1.0094,1.0097,20.0,1.0044,10.0,2436.0,65.0
2021-01-05 10:13:28.831,1.0094,1.0095,14.0,1.0044,10.0,2436.0,65.0
2021-01-05 10:13:30.840,1.0094,1.0095,14.0,1.0044,10.0,2436.0,65.0
2021-01-05 10:13:31.180,1.0094,1.0095,14.0,1.0044,10.0,2436.0,65.0
2021-01-05 10:13:33.860,1.0094,1.0095,14.0,1.0044,10.0,2436.0,65.0
2021-01-05 10:13:35.380,1.0094,1.0095,14.0,1.0041,10.0,2436.0,65.0
2021-01-05 10:13:36.911,1.0094,1.0097,20.0,1.0041,10.0,2436.0,65.0
2021-01-05 10:13:37.401,1.0094,1.0107,14.0,1.0047,14.0,2436.0,65.0
2021-01-05 10:13:37.900,1.0094,1.0107,34.0,1.0047,14.0,2436.0,65.0
2021-01-05 10:13:39.360,1.0094,1.0107,34.0,1.0047,14.0,2436.0,65.0
2021-01-05 10:13:39.860,1.0094,1.0107,34.0,1.0047,14.0,2436.0,65.0
2021-01-05 10:13:47.901,1.0094,1.0107,34.0,1.0047,14.0,2436.0,65.0
2021-01-05 10:13:48.391,1.0094,1.0107,34.0,1.0074,10.0,2436.0,65.0
2021-01-05 10:13:48.870,1.0094,1.0107,34.0,1.0074,10.0,2436.0,65.0
2021-01-05 10:13:49.310,1.0094,1.0107,20.0,1.0067,20.0,2436.0,65.0
2021-01-05 10:13:49.930,1.0094,1.012,14.0,1.0061,14.0,2436.0,65.0
2021-01-05 10:13:50.420,1.0094,1.012,34.0,1.0061,36.0,2436.0,65.0
2021-01-05 10:13:50.931,1.0094,1.012,34.0,1.0061,36.0,2436.0,65.0
2021-01-05 10:13:51.930,1.0094,1.012,20.0,1.0073,14.0,2436.0,65.0
2021-01-05 10:13:52.401,1.0094,1.0132,34.0,1.0073,34.0,2436.0,65.0
2021-01-05 10:13:52.831,1.0094,1.0132,34.0,1.0073,34.0,2436.0,65.0
2021-01-05 10:13:53.851,1.0094,1.0122,14.0,1.0073,20.0,2436.0,65.0
2021-01-05 10:13:54.360,1.0094,1.0122,34.0,1.0063,14.0,2436.0,65.0
2021-01-05 10:13:54.360,1.0094,1.0122,34.0,1.0063,14.0,2436.0,65.0
