,last,ask1,asize1,bid1,bsize1,oi,volume
2021-01-05 09:25:00.080,,0.1175,1.0,0.1149,1.0,5727.0,
2021-01-05 09:30:00.451,0.1175,0.1225,1.0,0.1212,1.0,5728.0,1.0
2021-01-05 09:30:00.991,0.1175,0.1225,1.0,0.1175,2.0,5728.0,1.0
2021-01-05 09:30:01.481,0.1175,0.1225,1.0,0.1175,3.0,5728.0,1.0
2021-01-05 09:30:02.511,0.1175,0.1225,1.0,0.1204,20.0,5728.0,1.0
2021-01-05 09:30:03.471,0.1175,0.1225,1.0,0.12,20.0,5728.0,1.0
2021-01-05 09:30:05.010,0.1225,0.124,1.0,0.1175,2.0,5728.0,2.0
2021-01-05 09:30:05.481,0.1225,0.124,1.0,0.1175,1.0,5728.0,2.0
2021-01-05 09:30:06.480,0.1225,0.124,1.0,0.114,1.0,5728.0,2.0
2021-01-05 09:30:07.471,0.1225,0.124,1.0,0.1215,20.0,5728.0,2.0
2021-01-05 09:30:09.970,0.124,0.1259,20.0,0.1215,20.0,5729.0,3.0
2021-01-05 09:30:10.501,0.124,0.1265,21.0,0.1215,20.0,5729.0,3.0
2021-01-05 09:30:11.521,0.124,0.1265,21.0,0.1218,20.0,5729.0,3.0
2021-01-05 09:30:12.521,0.124,0.1265,21.0,0.1215,20.0,5729.0,3.0
2021-01-05 09:30:13.000,0.124,0.1265,1.0,0.114,1.0,5729.0,3.0
2021-01-05 09:30:13.501,0.124,0.1265,21.0,0.1212,20.0,5729.0,3.0
2021-01-05 09:30:15.520,0.124,0.1265,21.0,0.1212,20.0,5729.0,3.0
2021-01-05 09:30:17.021,0.124,0.1265,21.0,0.1208,20.0,5729.0,3.0
2021-01-05 09:30:17.641,0.124,0.1265,21.0,0.1208,20.0,5729.0,3.0
2021-01-05 09:30:18.231,0.124,0.1265,1.0,0.114,1.0,5729.0,3.0
2021-01-05 09:30:18.750,0.124,0.1265,21.0,0.1204,20.0,5729.0,3.0
2021-01-05 09:30:22.240,0.124,0.1265,21.0,0.1207,20.0,5729.0,3.0
2021-01-05 09:30:22.671,0.124,0.1265,21.0,0.1207,20.0,5729.0,3.0
2021-01-05 09:30:24.161,0.124,0.1265,1.0,0.1207,20.0,5729.0,3.0
2021-01-05 09:30:24.661,0.124,0.1265,21.0,0.121,20.0,5729.0,3.0
2021-01-05 09:30:27.671,0.124,0.1265,21.0,0.121,20.0,5729.0,3.0
2021-01-05 09:30:31.121,0.124,0.1265,21.0,0.1207,20.0,5729.0,3.0
2021-01-05 09:30:32.631,0.124,0.1265,21.0,0.1205,20.0,5729.0,3.0
2021-01-05 09:30:33.171,0.124,0.1265,21.0,0.1205,20.0,5729.0,3.0
2021-01-05 09:30:43.180,0.124,0.1265,21.0,0.1202,20.0,5729.0,3.0
2021-01-05 09:30:43.681,0.124,0.1265,31.0,0.1205,10.0,5729.0,3.0
2021-01-05 09:30:44.181,0.124,0.1265,31.0,0.1205,10.0,5729.0,3.0
2021-01-05 09:30:44.650,0.124,0.1265,31.0,0.1205,30.0,5729.0,3.0
2021-01-05 09:30:45.710,0.124,0.1265,31.0,0.1205,30.0,5729.0,3.0
2021-01-05 09:30:46.200,0.124,0.1265,31.0,0.1205,30.0,5729.0,3.0
2021-01-05 09:30:46.200,0.124,0.1262,20.0,0.1205,30.0,5729.0,3.0
2021-01-05 09:30:50.171,0.124,0.1259,20.0,0.1205,30.0,5729.0,3.0
2021-01-05 09:30:50.720,0.124,0.1262,20.0,0.1205,30.0,5729.0,3.0
2021-01-05 09:30:52.651,0.124,0.1259,20.0,0.1205,30.0,5729.0,3.0
2021-01-05 09:30:58.660,0.124,0.1262,20.0,0.1205,30.0,5729.0,3.0
2021-01-05 09:30:59.640,0.124,0.1262,20.0,0.1205,30.0,5729.0,3.0
2021-01-05 09:31:00.161,0.124,0.1262,20.0,0.1205,30.0,5729.0,3.0
2021-01-05 09:31:00.681,0.124,0.1262,20.0,0.1205,30.0,5729.0,3.0
2021-01-05 09:31:01.150,0.124,0.1262,20.0,0.1205,30.0,5729.0,3.0
2021-01-05 09:31:01.680,0.124,0.1262,20.0,0.1205,30.0,5729.0,3.0
2021-01-05 09:31:02.170,0.124,0.1265,11.0,0.1205,10.0,5729.0,3.0
2021-01-05 09:31:02.681,0.124,0.1265,31.0,0.1205,30.0,5729.0,3.0
2021-01-05 09:31:05.190,0.124,0.1265,31.0,0.1235,10.0,5729.0,3.0
2021-01-05 09:31:05.670,0.124,0.1265,31.0,0.1235,10.0,5729.0,3.0
2021-01-05 09:31:06.160,0.124,0.1265,31.0,0.1235,10.0,5729.0,3.0
2021-01-05 09:31:08.650,0.124,0.126,20.0,0.1235,10.0,5729.0,3.0
2021-01-05 09:31:09.101,0.124,0.126,30.0,0.1235,10.0,5729.0,3.0
2021-01-05 09:31:11.701,0.124,0.126,30.0,0.1235,10.0,5729.0,3.0
2021-01-05 09:31:12.621,0.124,0.126,30.0,0.1223,10.0,5729.0,3.0
2021-01-05 09:31:13.170,0.124,0.126,30.0,0.1223,10.0,5729.0,3.0
2021-01-05 09:31:18.720,0.124,0.1248,10.0,0.1223,10.0,5729.0,3.0
2021-01-05 09:31:19.150,0.124,0.1248,20.0,0.1217,10.0,5729.0,3.0
2021-01-05 09:31:19.711,0.124,0.1248,20.0,0.1217,20.0,5729.0,3.0
2021-01-05 09:31:20.171,0.124,0.1248,40.0,0.1212,20.0,5729.0,3.0
2021-01-05 09:31:20.701,0.124,0.1248,40.0,0.1212,20.0,5729.0,3.0
2021-01-05 09:31:21.221,0.124,0.1248,40.0,0.1212,20.0,5729.0,3.0
2021-01-05 09:31:22.620,0.124,0.1239,10.0,0.1212,20.0,5729.0,3.0
2021-01-05 09:31:23.171,0.124,0.1239,20.0,0.1212,20.0,5729.0,3.0
2021-01-05 09:31:23.640,0.124,0.1239,20.0,0.1207,30.0,5729.0,3.0
2021-01-05 09:31:24.161,0.124,0.1239,20.0,0.1207,30.0,5729.0,3.0
2021-01-05 09:31:24.620,0.124,0.1238,10.0,0.1207,30.0,5729.0,3.0
2021-01-05 09:31:25.150,0.124,0.1234,10.0,0.1207,30.0,5729.0,3.0
2021-01-05 09:31:25.640,0.124,0.1233,10.0,0.1207,20.0,5729.0,3.0
2021-01-05 09:31:26.141,0.124,0.1235,20.0,0.1207,20.0,5729.0,3.0
2021-01-05 09:31:26.681,0.124,0.1234,10.0,0.1207,20.0,5729.0,3.0
2021-01-05 09:31:27.171,0.124,0.1234,10.0,0.1207,20.0,5729.0,3.0
2021-01-05 09:31:29.171,0.124,0.1233,10.0,0.1207,20.0,5729.0,3.0
2021-01-05 09:31:30.671,0.124,0.1231,10.0,0.1207,20.0,5729.0,3.0
2021-01-05 09:31:31.101,0.124,0.1232,10.0,0.1207,20.0,5729.0,3.0
2021-01-05 09:31:32.191,0.124,0.1233,30.0,0.1207,20.0,5729.0,3.0
2021-01-05 09:31:32.671,0.124,0.1232,10.0,0.1207,20.0,5729.0,3.0
2021-01-05 09:31:33.190,0.124,0.1232,10.0,0.1207,20.0,5729.0,3.0
2021-01-05 09:31:33.610,0.124,0.1232,10.0,0.1203,30.0,5729.0,3.0
2021-01-05 09:31:34.181,0.124,0.123,10.0,0.1203,30.0,5729.0,3.0
2021-01-05 09:31:34.681,0.124,0.123,20.0,0.1203,30.0,5729.0,3.0
2021-01-05 09:31:35.190,0.124,0.1232,10.0,0.1203,30.0,5729.0,3.0
2021-01-05 09:31:35.670,0.124,0.123,10.0,0.1217,10.0,5729.0,3.0
2021-01-05 09:31:36.181,0.124,0.123,30.0,0.1211,30.0,5729.0,3.0
2021-01-05 09:31:36.690,0.124,0.123,20.0,0.1211,30.0,5729.0,3.0
2021-01-05 09:31:37.191,0.124,0.1231,10.0,0.1211,20.0,5729.0,3.0
2021-01-05 09:31:37.620,0.124,0.1231,10.0,0.1208,30.0,5729.0,3.0
2021-01-05 09:31:38.190,0.124,0.1229,10.0,0.1208,30.0,5729.0,3.0
2021-01-05 09:31:39.210,0.124,0.1229,30.0,0.1206,10.0,5729.0,3.0
2021-01-05 09:31:39.710,0.124,0.1229,30.0,0.1206,10.0,5729.0,3.0
2021-01-05 09:31:40.200,0.124,0.1226,10.0,0.1204,10.0,5729.0,3.0
2021-01-05 09:31:40.711,0.124,0.1226,20.0,0.1203,20.0,5729.0,3.0
2021-01-05 09:31:41.191,0.124,0.1226,40.0,0.1203,20.0,5729.0,3.0
2021-01-05 09:31:41.700,0.124,0.1226,40.0,0.1202,10.0,5729.0,3.0
2021-01-05 09:31:42.211,0.124,0.1224,10.0,0.1199,30.0,5729.0,3.0
2021-01-05 09:31:42.711,0.124,0.1224,10.0,0.1199,30.0,5729.0,3.0
2021-01-05 09:31:43.191,0.124,0.1224,10.0,0.1199,30.0,5729.0,3.0
2021-01-05 09:31:43.710,0.124,0.1225,10.0,0.1199,30.0,5729.0,3.0
2021-01-05 09:31:44.190,0.124,0.1225,20.0,0.1199,20.0,5729.0,3.0
2021-01-05 09:31:44.641,0.124,0.1225,20.0,0.1195,30.0,5729.0,3.0
2021-01-05 09:31:45.621,0.124,0.1222,10.0,0.1195,43.0,5729.0,3.0
2021-01-05 09:31:46.011,0.124,0.1222,30.0,0.1195,30.0,5729.0,3.0
2021-01-05 09:31:46.701,0.124,0.1222,30.0,0.1195,30.0,5729.0,3.0
2021-01-05 09:31:47.191,0.124,0.1222,30.0,0.1195,20.0,5729.0,3.0
2021-01-05 09:31:47.690,0.124,0.1222,30.0,0.1192,30.0,5729.0,3.0
2021-01-05 09:31:48.211,0.124,0.1222,30.0,0.1193,13.0,5729.0,3.0
2021-01-05 09:31:48.691,0.124,0.1222,33.0,0.1193,13.0,5729.0,3.0
2021-01-05 09:31:49.711,0.124,0.1222,33.0,0.1192,30.0,5729.0,3.0
2021-01-05 09:31:50.191,0.124,0.1221,10.0,0.1192,30.0,5729.0,3.0
2021-01-05 09:31:50.710,0.124,0.1221,20.0,0.1192,30.0,5729.0,3.0
2021-01-05 09:31:51.210,0.124,0.1221,20.0,0.1192,30.0,5729.0,3.0
2021-01-05 09:31:51.701,0.124,0.122,3.0,0.1192,30.0,5729.0,3.0
2021-01-05 09:31:52.621,0.124,0.122,13.0,0.1192,30.0,5729.0,3.0
2021-01-05 09:31:53.171,0.124,0.1218,10.0,0.1192,30.0,5729.0,3.0
2021-01-05 09:31:53.630,0.124,0.1215,10.0,0.12,10.0,5729.0,3.0
2021-01-05 09:31:54.151,0.124,0.1215,50.0,0.12,10.0,5729.0,3.0
2021-01-05 09:31:54.641,0.124,0.1215,40.0,0.12,10.0,5729.0,3.0
2021-01-05 09:31:55.150,0.124,0.1215,40.0,0.12,10.0,5729.0,3.0
2021-01-05 09:31:55.670,0.124,0.1215,50.0,0.12,10.0,5729.0,3.0
2021-01-05 09:31:57.171,0.124,0.1215,40.0,0.12,10.0,5729.0,3.0
2021-01-05 09:31:58.171,0.124,0.1215,40.0,0.12,10.0,5729.0,3.0
2021-01-05 09:31:58.360,0.12,0.1215,40.0,0.1195,10.0,5739.0,13.0
2021-01-05 09:31:59.180,0.12,0.1212,10.0,0.1197,10.0,5739.0,13.0
2021-01-05 09:31:59.660,0.12,0.1212,40.0,0.1197,10.0,5739.0,13.0
2021-01-05 09:32:00.150,0.12,0.1212,40.0,0.1197,10.0,5739.0,13.0
2021-01-05 09:32:00.650,0.12,0.1212,40.0,0.1194,10.0,5739.0,13.0
2021-01-05 09:32:01.170,0.12,0.1212,40.0,0.1191,10.0,5739.0,13.0
2021-01-05 09:32:01.670,0.12,0.1212,40.0,0.1191,10.0,5739.0,13.0
2021-01-05 09:32:02.171,0.12,0.1212,40.0,0.1191,10.0,5739.0,13.0
2021-01-05 09:32:02.671,0.12,0.1212,40.0,0.1187,30.0,5739.0,13.0
2021-01-05 09:32:03.180,0.12,0.1212,40.0,0.1187,30.0,5739.0,13.0
2021-01-05 09:32:03.641,0.12,0.1212,40.0,0.1187,30.0,5739.0,13.0
2021-01-05 09:32:04.090,0.12,0.1211,3.0,0.1187,30.0,5739.0,13.0
2021-01-05 09:32:04.661,0.12,0.1211,3.0,0.1187,30.0,5739.0,13.0
2021-01-05 09:32:05.141,0.12,0.1211,3.0,0.1187,30.0,5739.0,13.0
2021-01-05 09:32:05.660,0.12,0.1211,3.0,0.1187,30.0,5739.0,13.0
2021-01-05 09:32:06.161,0.12,0.1209,10.0,0.1187,30.0,5739.0,13.0
2021-01-05 09:32:06.680,0.12,0.1209,40.0,0.1185,10.0,5739.0,13.0
2021-01-05 09:32:07.070,0.12,0.1209,40.0,0.1185,10.0,5739.0,13.0
2021-01-05 09:32:08.171,0.12,0.1209,40.0,0.1185,10.0,5739.0,13.0
2021-01-05 09:32:08.651,0.12,0.1209,40.0,0.1185,10.0,5739.0,13.0
2021-01-05 09:32:09.141,0.12,0.1209,40.0,0.1189,10.0,5739.0,13.0
2021-01-05 09:32:09.681,0.12,0.1208,10.0,0.1189,10.0,5739.0,13.0
2021-01-05 09:32:10.071,0.12,0.1209,30.0,0.1189,10.0,5739.0,13.0
2021-01-05 09:32:10.630,0.12,0.1209,30.0,0.1189,10.0,5739.0,13.0
2021-01-05 09:32:11.170,0.12,0.1209,40.0,0.1189,10.0,5739.0,13.0
2021-01-05 09:32:11.650,0.12,0.1209,30.0,0.1189,10.0,5739.0,13.0
2021-01-05 09:32:12.161,0.12,0.1209,30.0,0.1189,10.0,5739.0,13.0
2021-01-05 09:32:12.670,0.12,0.1209,30.0,0.1196,10.0,5739.0,13.0
2021-01-05 09:32:13.171,0.12,0.1209,20.0,0.1196,10.0,5739.0,13.0
2021-01-05 09:32:14.180,0.12,0.1211,23.0,0.1196,10.0,5739.0,13.0
2021-01-05 09:32:14.560,0.12,0.1211,13.0,0.1191,10.0,5739.0,13.0
2021-01-05 09:32:15.171,0.12,0.1211,13.0,0.1192,1.0,5739.0,13.0
2021-01-05 09:32:15.671,0.12,0.1211,13.0,0.1192,1.0,5739.0,13.0
2021-01-05 09:32:17.161,0.12,0.1211,13.0,0.1192,1.0,5739.0,13.0
2021-01-05 09:32:17.651,0.12,0.121,3.0,0.1192,1.0,5739.0,13.0
2021-01-05 09:32:18.670,0.12,0.121,3.0,0.1192,1.0,5739.0,13.0
2021-01-05 09:32:20.671,0.12,0.121,3.0,0.1192,1.0,5739.0,13.0
2021-01-05 09:32:21.171,0.12,0.121,3.0,0.1192,1.0,5739.0,13.0
2021-01-05 09:32:21.680,0.12,0.121,3.0,0.1192,1.0,5739.0,13.0
2021-01-05 09:32:22.181,0.121,0.1211,10.0,0.121,3.0,5742.0,16.0
2021-01-05 09:32:22.650,0.121,0.1211,10.0,0.121,1.0,5750.0,24.0
2021-01-05 09:32:22.971,0.121,0.1212,20.0,0.1198,10.0,5751.0,25.0
2021-01-05 09:32:23.670,0.121,0.1212,20.0,0.1198,10.0,5751.0,25.0
2021-01-05 09:32:24.640,0.1198,0.1212,20.0,0.1196,10.0,5761.0,35.0
2021-01-05 09:32:25.170,0.1198,0.1209,10.0,0.1196,10.0,5761.0,35.0
2021-01-05 09:32:25.670,0.1198,0.1209,30.0,0.1194,10.0,5761.0,35.0
2021-01-05 09:32:26.171,0.1198,0.1209,30.0,0.1194,10.0,5761.0,35.0
2021-01-05 09:32:26.650,0.1198,0.1209,40.0,0.1194,10.0,5761.0,35.0
2021-01-05 09:32:27.670,0.1198,0.1204,10.0,0.1192,1.0,5761.0,35.0
2021-01-05 09:32:28.171,0.1198,0.1204,30.0,0.1192,1.0,5761.0,35.0
2021-01-05 09:32:28.630,0.1198,0.1204,30.0,0.1192,1.0,5761.0,35.0
2021-01-05 09:32:29.180,0.1198,0.1204,30.0,0.1189,10.0,5761.0,35.0
2021-01-05 09:32:30.171,0.1198,0.1204,30.0,0.1189,10.0,5761.0,35.0
2021-01-05 09:32:31.151,0.1198,0.1204,30.0,0.1189,10.0,5761.0,35.0
2021-01-05 09:32:31.631,0.1198,0.1204,30.0,0.1189,10.0,5761.0,35.0
2021-01-05 09:32:32.121,0.1198,0.1204,30.0,0.1189,10.0,5761.0,35.0
2021-01-05 09:32:32.690,0.1198,0.1204,30.0,0.1189,10.0,5761.0,35.0
2021-01-05 09:32:33.141,0.1198,0.1204,30.0,0.1189,10.0,5761.0,35.0
2021-01-05 09:32:33.671,0.1198,0.1204,30.0,0.1189,10.0,5761.0,35.0
2021-01-05 09:32:34.691,0.1198,0.1204,30.0,0.1189,10.0,5761.0,35.0
2021-01-05 09:32:35.671,0.1198,0.1204,30.0,0.1189,10.0,5761.0,35.0
2021-01-05 09:32:38.670,0.1198,0.1204,30.0,0.1189,10.0,5761.0,35.0
2021-01-05 09:32:39.630,0.1198,0.1204,30.0,0.1189,10.0,5761.0,35.0
2021-01-05 09:32:40.641,0.1198,0.1204,30.0,0.1189,10.0,5761.0,35.0
2021-01-05 09:32:41.690,0.1198,0.1204,30.0,0.1189,10.0,5761.0,35.0
2021-01-05 09:32:42.201,0.1198,0.1204,30.0,0.1189,10.0,5761.0,35.0
2021-01-05 09:32:44.700,0.1198,0.1204,30.0,0.1189,10.0,5761.0,35.0
2021-01-05 09:32:44.990,0.1198,0.1204,30.0,0.1189,10.0,5761.0,35.0
2021-01-05 09:32:45.580,0.1198,0.1204,30.0,0.1189,10.0,5761.0,35.0
2021-01-05 09:32:47.701,0.1198,0.1204,30.0,0.1189,10.0,5761.0,35.0
2021-01-05 09:32:48.690,0.1198,0.1204,30.0,0.1189,10.0,5761.0,35.0
2021-01-05 09:32:48.690,0.1198,0.1204,30.0,0.1189,10.0,5761.0,35.0
2021-01-05 09:32:49.670,0.1198,0.1201,10.0,0.1185,10.0,5761.0,35.0
2021-01-05 09:32:50.171,0.1198,0.1201,20.0,0.1179,20.0,5761.0,35.0
2021-01-05 09:32:50.650,0.1198,0.1201,20.0,0.1179,20.0,5761.0,35.0
2021-01-05 09:32:51.170,0.1198,0.1201,20.0,0.1179,20.0,5761.0,35.0
2021-01-05 09:32:51.701,0.1198,0.1201,50.0,0.1179,10.0,5761.0,35.0
2021-01-05 09:32:51.701,0.1198,0.1201,40.0,0.1179,10.0,5761.0,35.0
2021-01-05 09:32:53.161,0.1198,0.1201,40.0,0.1179,10.0,5761.0,35.0
2021-01-05 09:32:53.641,0.1198,0.1201,40.0,0.1179,10.0,5761.0,35.0
2021-01-05 09:32:54.181,0.1198,0.1201,40.0,0.1179,10.0,5761.0,35.0
2021-01-05 09:32:55.670,0.1198,0.1201,40.0,0.1179,10.0,5761.0,35.0
2021-01-05 09:32:56.150,0.1198,0.1201,40.0,0.1179,10.0,5761.0,35.0
2021-01-05 09:32:56.611,0.1198,0.1201,40.0,0.1179,10.0,5761.0,35.0
2021-01-05 09:32:57.151,0.1198,0.1201,40.0,0.1179,20.0,5761.0,35.0
2021-01-05 09:32:57.600,0.1198,0.1201,40.0,0.1186,10.0,5761.0,35.0
2021-01-05 09:32:58.171,0.1198,0.1201,40.0,0.1186,10.0,5761.0,35.0
2021-01-05 09:32:58.651,0.1198,0.1201,40.0,0.1186,10.0,5761.0,35.0
2021-01-05 09:32:59.170,0.1198,0.1201,40.0,0.1186,10.0,5761.0,35.0
2021-01-05 09:33:01.141,0.1198,0.1201,40.0,0.1186,10.0,5761.0,35.0
2021-01-05 09:33:01.661,0.1198,0.1201,40.0,0.1186,10.0,5761.0,35.0
2021-01-05 09:33:01.921,0.1198,0.1201,40.0,0.1186,10.0,5761.0,35.0
2021-01-05 09:33:02.651,0.1198,0.1201,40.0,0.1186,10.0,5761.0,35.0
2021-01-05 09:33:03.171,0.1198,0.1201,30.0,0.1186,10.0,5761.0,35.0
2021-01-05 09:33:03.681,0.1198,0.1201,20.0,0.1186,10.0,5761.0,35.0
2021-01-05 09:33:04.140,0.1198,0.1206,10.0,0.1186,10.0,5761.0,35.0
2021-01-05 09:33:04.651,0.1198,0.1203,20.0,0.1186,10.0,5761.0,35.0
2021-01-05 09:33:05.181,0.1198,0.1206,30.0,0.1186,10.0,5761.0,35.0
2021-01-05 09:33:06.170,0.1198,0.1206,30.0,0.1186,10.0,5761.0,35.0
2021-01-05 09:33:06.681,0.1198,0.1206,30.0,0.1186,10.0,5761.0,35.0
2021-01-05 09:33:07.171,0.1198,0.1206,30.0,0.1186,10.0,5761.0,35.0
2021-01-05 09:33:07.601,0.1198,0.1206,30.0,0.1186,10.0,5761.0,35.0
2021-01-05 09:33:08.191,0.1198,0.1206,30.0,0.1186,10.0,5761.0,35.0
2021-01-05 09:33:08.681,0.1198,0.1206,30.0,0.1186,10.0,5761.0,35.0
2021-01-05 09:33:09.181,0.1198,0.1206,30.0,0.1186,10.0,5761.0,35.0
2021-01-05 09:33:09.651,0.1198,0.1206,30.0,0.1186,10.0,5761.0,35.0
2021-01-05 09:33:10.180,0.1198,0.1206,30.0,0.1186,10.0,5761.0,35.0
2021-01-05 09:33:10.681,0.1198,0.1206,30.0,0.1194,10.0,5761.0,35.0
2021-01-05 09:33:11.180,0.1198,0.1206,20.0,0.1194,10.0,5761.0,35.0
2021-01-05 09:33:11.580,0.1198,0.1206,20.0,0.1194,10.0,5761.0,35.0
2021-01-05 09:33:12.181,0.1198,0.1209,43.0,0.1194,10.0,5761.0,35.0
2021-01-05 09:33:12.650,0.1198,0.1209,43.0,0.1194,10.0,5761.0,35.0
2021-01-05 09:33:13.100,0.1198,0.1209,43.0,0.1194,10.0,5761.0,35.0
2021-01-05 09:33:13.691,0.1198,0.1209,40.0,0.1194,10.0,5761.0,35.0
2021-01-05 09:33:14.160,0.1198,0.1209,40.0,0.1194,10.0,5761.0,35.0
2021-01-05 09:33:14.650,0.1198,0.1209,40.0,0.1194,10.0,5761.0,35.0
2021-01-05 09:33:15.140,0.1198,0.1209,40.0,0.1194,10.0,5761.0,35.0
2021-01-05 09:33:15.651,0.1198,0.1209,40.0,0.1194,10.0,5761.0,35.0
2021-01-05 09:33:16.181,0.1198,0.1209,40.0,0.1194,10.0,5761.0,35.0
2021-01-05 09:33:16.671,0.1198,0.1209,40.0,0.1194,10.0,5761.0,35.0
2021-01-05 09:33:17.190,0.1198,0.1209,40.0,0.1194,10.0,5761.0,35.0
2021-01-05 09:33:18.680,0.1198,0.1209,40.0,0.1194,10.0,5761.0,35.0
2021-01-05 09:33:19.191,0.1198,0.1209,40.0,0.1194,10.0,5761.0,35.0
2021-01-05 09:33:19.660,0.1198,0.1209,40.0,0.1194,10.0,5761.0,35.0
2021-01-05 09:33:19.950,0.1198,0.1209,40.0,0.1194,10.0,5761.0,35.0
2021-01-05 09:33:20.680,0.1198,0.1209,40.0,0.1194,10.0,5761.0,35.0
2021-01-05 09:33:21.160,0.1198,0.1209,40.0,0.1194,10.0,5761.0,35.0
2021-01-05 09:33:21.681,0.1198,0.1209,40.0,0.1194,10.0,5761.0,35.0
2021-01-05 09:33:22.150,0.1198,0.1209,40.0,0.1194,10.0,5761.0,35.0
2021-01-05 09:33:22.670,0.1198,0.1209,30.0,0.1199,10.0,5761.0,35.0
2021-01-05 09:33:23.151,0.1198,0.1209,30.0,0.1199,10.0,5761.0,35.0
2021-01-05 09:33:23.641,0.1198,0.1209,30.0,0.1199,10.0,5761.0,35.0
2021-01-05 09:33:23.660,0.1198,0.1209,30.0,0.1199,10.0,5761.0,35.0
2021-01-05 09:33:24.661,0.1198,0.1209,30.0,0.1199,10.0,5761.0,35.0
2021-01-05 09:33:25.151,0.1198,0.1209,20.0,0.1199,10.0,5761.0,35.0
2021-01-05 09:33:25.671,0.1198,0.1209,30.0,0.1199,10.0,5761.0,35.0
2021-01-05 09:33:26.161,0.1198,0.1209,30.0,0.1199,10.0,5761.0,35.0
2021-01-05 09:33:27.171,0.1198,0.1209,10.0,0.1199,10.0,5761.0,35.0
2021-01-05 09:33:27.571,0.1198,0.1209,20.0,0.1195,10.0,5761.0,35.0
2021-01-05 09:33:28.180,0.1198,0.1209,20.0,0.1195,10.0,5761.0,35.0
2021-01-05 09:33:28.630,0.1198,0.1209,20.0,0.1195,10.0,5761.0,35.0
2021-01-05 09:33:29.681,0.1198,0.1209,20.0,0.1195,10.0,5761.0,35.0
2021-01-05 09:33:31.680,0.1198,0.1209,20.0,0.1195,10.0,5761.0,35.0
2021-01-05 09:33:36.681,0.1198,0.1209,20.0,0.1195,10.0,5761.0,35.0
2021-01-05 09:33:37.190,0.1198,0.1209,10.0,0.1195,10.0,5761.0,35.0
2021-01-05 09:33:37.640,0.1198,0.1209,10.0,0.1195,10.0,5761.0,35.0
2021-01-05 09:33:38.120,0.1198,0.1209,10.0,0.1194,10.0,5761.0,35.0
2021-01-05 09:33:38.621,0.1198,0.1209,10.0,0.1194,20.0,5761.0,35.0
2021-01-05 09:33:39.201,0.1198,0.1209,10.0,0.1194,20.0,5761.0,35.0
2021-01-05 09:33:39.661,0.1198,0.1209,10.0,0.1194,20.0,5761.0,35.0
2021-01-05 09:33:40.160,0.1198,0.1209,10.0,0.1194,20.0,5761.0,35.0
2021-01-05 09:33:40.690,0.1198,0.121,30.0,0.1194,20.0,5761.0,35.0
2021-01-05 09:33:41.161,0.1198,0.121,30.0,0.1194,20.0,5761.0,35.0
2021-01-05 09:33:42.160,0.1198,0.121,30.0,0.1194,20.0,5761.0,35.0
2021-01-05 09:33:42.640,0.1198,0.121,30.0,0.1194,20.0,5761.0,35.0
2021-01-05 09:33:43.180,0.1198,0.121,30.0,0.1194,20.0,5761.0,35.0
2021-01-05 09:33:44.110,0.1198,0.121,30.0,0.1194,20.0,5761.0,35.0
2021-01-05 09:33:44.671,0.1198,0.121,30.0,0.1194,20.0,5761.0,35.0
2021-01-05 09:33:45.180,0.1198,0.121,30.0,0.1194,20.0,5761.0,35.0
2021-01-05 09:33:46.680,0.1198,0.121,30.0,0.1194,20.0,5761.0,35.0
2021-01-05 09:33:47.191,0.1198,0.121,30.0,0.1194,10.0,5761.0,35.0
2021-01-05 09:33:47.681,0.1198,0.121,20.0,0.1194,20.0,5761.0,35.0
2021-01-05 09:33:49.051,0.1198,0.1209,10.0,0.1194,10.0,5761.0,35.0
2021-01-05 09:33:50.180,0.1198,0.1209,10.0,0.1192,10.0,5761.0,35.0
2021-01-05 09:33:50.670,0.1198,0.1209,20.0,0.1192,10.0,5761.0,35.0
2021-01-05 09:33:51.141,0.1198,0.1209,20.0,0.1192,10.0,5761.0,35.0
2021-01-05 09:33:51.581,0.1198,0.1209,20.0,0.1192,10.0,5761.0,35.0
2021-01-05 09:33:52.190,0.1198,0.1209,20.0,0.1192,10.0,5761.0,35.0
2021-01-05 09:33:52.661,0.1198,0.1209,20.0,0.1192,10.0,5761.0,35.0
2021-01-05 09:33:52.960,0.1198,0.1209,20.0,0.1192,10.0,5761.0,35.0
2021-01-05 09:33:53.650,0.1198,0.1209,20.0,0.1188,10.0,5761.0,35.0
2021-01-05 09:33:54.180,0.1198,0.1209,20.0,0.1188,23.0,5761.0,35.0
2021-01-05 09:33:54.610,0.1198,0.1209,20.0,0.1188,10.0,5761.0,35.0
2021-01-05 09:33:55.181,0.1198,0.1209,20.0,0.1188,10.0,5761.0,35.0
2021-01-05 09:33:55.650,0.1198,0.1209,20.0,0.1188,10.0,5761.0,35.0
2021-01-05 09:33:56.120,0.1198,0.1209,20.0,0.1188,10.0,5761.0,35.0
2021-01-05 09:33:57.171,0.1198,0.1209,30.0,0.1188,10.0,5761.0,35.0
2021-01-05 09:33:57.671,0.1198,0.1208,10.0,0.1188,10.0,5761.0,35.0
2021-01-05 09:33:58.170,0.1198,0.1207,10.0,0.1187,10.0,5761.0,35.0
2021-01-05 09:33:58.670,0.1198,0.1207,10.0,0.1187,10.0,5761.0,35.0
2021-01-05 09:33:59.140,0.1198,0.1201,10.0,0.1185,10.0,5761.0,35.0
2021-01-05 09:33:59.690,0.1198,0.1201,30.0,0.1184,10.0,5761.0,35.0
2021-01-05 09:34:00.191,0.1198,0.1201,30.0,0.1184,10.0,5761.0,35.0
2021-01-05 09:34:00.671,0.1198,0.1201,30.0,0.1184,10.0,5761.0,35.0
2021-01-05 09:34:01.140,0.1198,0.1201,30.0,0.1184,10.0,5761.0,35.0
2021-01-05 09:34:01.661,0.1198,0.1201,30.0,0.1184,10.0,5761.0,35.0
2021-01-05 09:34:02.170,0.1198,0.1201,30.0,0.1184,13.0,5761.0,35.0
2021-01-05 09:34:02.671,0.1198,0.1201,30.0,0.1184,10.0,5761.0,35.0
2021-01-05 09:34:03.670,0.1198,0.1201,30.0,0.1185,1.0,5761.0,35.0
2021-01-05 09:34:04.120,0.1198,0.1201,30.0,0.1185,1.0,5761.0,35.0
2021-01-05 09:34:05.121,0.1198,0.1201,30.0,0.1185,1.0,5761.0,35.0
2021-01-05 09:34:06.671,0.1198,0.1201,30.0,0.1185,1.0,5761.0,35.0
2021-01-05 09:34:07.130,0.1198,0.1201,40.0,0.1185,11.0,5761.0,35.0
2021-01-05 09:34:08.171,0.1198,0.1193,10.0,0.1185,11.0,5761.0,35.0
2021-01-05 09:34:08.690,0.1198,0.1193,30.0,0.1185,1.0,5761.0,35.0
2021-01-05 09:34:09.170,0.1198,0.1193,30.0,0.1185,1.0,5761.0,35.0
2021-01-05 09:34:09.670,0.1198,0.1193,30.0,0.1185,1.0,5761.0,35.0
2021-01-05 09:34:10.140,0.1198,0.1193,30.0,0.1185,1.0,5761.0,35.0
2021-01-05 09:34:10.690,0.1198,0.1193,10.0,0.1185,1.0,5761.0,35.0
2021-01-05 09:34:11.681,0.1198,0.1193,10.0,0.1185,1.0,5761.0,35.0
2021-01-05 09:34:12.640,0.1198,0.1193,10.0,0.1185,1.0,5761.0,35.0
2021-01-05 09:34:13.671,0.1198,0.1193,10.0,0.1185,1.0,5761.0,35.0
2021-01-05 09:34:14.181,0.1193,0.1198,10.0,0.1185,1.0,5760.0,36.0
2021-01-05 09:34:14.691,0.1193,0.1198,10.0,0.1185,1.0,5760.0,36.0
2021-01-05 09:34:15.181,0.1193,0.1198,10.0,0.1185,1.0,5760.0,36.0
2021-01-05 09:34:15.681,0.1193,0.1198,10.0,0.1185,1.0,5760.0,36.0
2021-01-05 09:34:16.190,0.1193,0.1198,10.0,0.1185,1.0,5760.0,36.0
2021-01-05 09:34:16.630,0.1193,0.1198,30.0,0.1185,1.0,5760.0,36.0
2021-01-05 09:34:16.970,0.1193,0.1198,30.0,0.1185,1.0,5760.0,36.0
2021-01-05 09:34:17.690,0.1193,0.1198,30.0,0.1185,1.0,5760.0,36.0
2021-01-05 09:34:18.201,0.1193,0.1198,30.0,0.1185,1.0,5760.0,36.0
2021-01-05 09:34:19.700,0.1193,0.1198,30.0,0.1185,1.0,5760.0,36.0
2021-01-05 09:34:20.180,0.1193,0.1198,30.0,0.1185,1.0,5760.0,36.0
2021-01-05 09:34:20.651,0.1193,0.1198,30.0,0.1185,1.0,5760.0,36.0
2021-01-05 09:34:22.151,0.1193,0.1198,40.0,0.1185,1.0,5760.0,36.0
2021-01-05 09:34:22.651,0.1193,0.1198,40.0,0.1185,1.0,5760.0,36.0
2021-01-05 09:34:23.181,0.1193,0.1198,40.0,0.1185,1.0,5760.0,36.0
2021-01-05 09:34:26.641,0.1193,0.1192,10.0,0.1185,1.0,5760.0,36.0
2021-01-05 09:34:27.150,0.1193,0.119,12.0,0.1185,1.0,5760.0,36.0
2021-01-05 09:34:27.690,0.1193,0.119,12.0,0.1185,1.0,5760.0,36.0
2021-01-05 09:34:28.120,0.1193,0.119,12.0,0.1185,1.0,5760.0,36.0
2021-01-05 09:34:28.621,0.1193,0.119,12.0,0.1185,1.0,5760.0,36.0
2021-01-05 09:34:29.601,0.1193,0.119,12.0,0.1185,1.0,5760.0,36.0
2021-01-05 09:34:30.170,0.1193,0.119,12.0,0.1185,1.0,5760.0,36.0
2021-01-05 09:34:30.681,0.1193,0.119,12.0,0.1185,1.0,5760.0,36.0
2021-01-05 09:34:31.190,0.1193,0.119,12.0,0.1185,1.0,5760.0,36.0
2021-01-05 09:34:31.280,0.1193,0.119,22.0,0.1185,1.0,5760.0,36.0
2021-01-05 09:34:33.691,0.1193,0.1188,12.0,0.1185,1.0,5760.0,36.0
2021-01-05 09:34:34.640,0.1193,0.1188,12.0,0.1185,1.0,5760.0,36.0
2021-01-05 09:34:35.130,0.1193,0.1188,12.0,0.1185,1.0,5760.0,36.0
2021-01-05 09:34:35.670,0.1185,0.1187,12.0,0.1181,10.0,5761.0,37.0
2021-01-05 09:34:36.171,0.1185,0.1187,12.0,0.1184,1.0,5761.0,37.0
2021-01-05 09:34:36.680,0.1185,0.1187,22.0,0.1184,1.0,5761.0,37.0
2021-01-05 09:34:37.161,0.1185,0.1185,12.0,0.1184,1.0,5761.0,37.0
2021-01-05 09:34:37.700,0.1185,0.1185,12.0,0.1178,12.0,5761.0,37.0
2021-01-05 09:34:37.940,0.1185,0.1185,12.0,0.1179,1.0,5761.0,37.0
2021-01-05 09:34:38.611,0.1185,0.1185,10.0,0.118,12.0,5761.0,37.0
2021-01-05 09:34:39.091,0.1185,0.1186,10.0,0.118,12.0,5761.0,37.0
2021-01-05 09:34:39.470,0.1185,0.1186,10.0,0.118,12.0,5761.0,37.0
2021-01-05 09:34:40.171,0.1185,0.1185,12.0,0.1179,1.0,5761.0,37.0
2021-01-05 09:34:40.651,0.1185,0.1187,30.0,0.1181,12.0,5761.0,37.0
2021-01-05 09:34:41.201,0.1181,0.1185,12.0,0.118,10.0,5773.0,49.0
2021-01-05 09:34:41.700,0.1181,0.1185,12.0,0.118,10.0,5773.0,49.0
2021-01-05 09:34:42.171,0.1181,0.1185,12.0,0.118,10.0,5773.0,49.0
2021-01-05 09:34:42.680,0.1181,0.1185,12.0,0.118,10.0,5773.0,49.0
2021-01-05 09:34:43.671,0.1181,0.1185,12.0,0.118,10.0,5773.0,49.0
2021-01-05 09:34:44.701,0.1181,0.1185,12.0,0.118,10.0,5773.0,49.0
2021-01-05 09:34:45.200,0.1181,0.1185,12.0,0.118,10.0,5773.0,49.0
2021-01-05 09:34:45.721,0.1181,0.1185,12.0,0.118,10.0,5773.0,49.0
2021-01-05 09:34:46.140,0.1181,0.1185,22.0,0.118,10.0,5773.0,49.0
2021-01-05 09:34:46.660,0.1181,0.1183,12.0,0.118,10.0,5773.0,49.0
2021-01-05 09:34:47.181,0.1181,0.1183,12.0,0.118,10.0,5773.0,49.0
2021-01-05 09:34:47.701,0.118,0.1183,12.0,0.1179,1.0,5783.0,59.0
2021-01-05 09:34:48.141,0.118,0.1183,32.0,0.1179,2.0,5783.0,59.0
2021-01-05 09:34:48.700,0.118,0.1181,12.0,0.1179,2.0,5783.0,59.0
2021-01-05 09:34:49.171,0.118,0.1181,12.0,0.1179,2.0,5783.0,59.0
2021-01-05 09:34:50.220,0.118,0.1183,32.0,0.1179,2.0,5783.0,59.0
2021-01-05 09:34:50.700,0.118,0.1182,12.0,0.1179,2.0,5783.0,59.0
2021-01-05 09:34:51.200,0.118,0.1181,12.0,0.1179,2.0,5783.0,59.0
2021-01-05 09:34:51.701,0.118,0.1182,12.0,0.1179,2.0,5783.0,59.0
2021-01-05 09:34:52.220,0.118,0.1181,12.0,0.1179,2.0,5783.0,59.0
2021-01-05 09:34:52.650,0.118,0.1182,12.0,0.1179,2.0,5783.0,59.0
2021-01-05 09:34:53.180,0.118,0.1181,12.0,0.1179,2.0,5783.0,59.0
2021-01-05 09:34:53.651,0.118,0.1181,12.0,0.1179,2.0,5783.0,59.0
2021-01-05 09:34:54.170,0.1179,0.1181,12.0,0.1175,10.0,5784.0,61.0
2021-01-05 09:34:54.631,0.1179,0.1181,12.0,0.1176,1.0,5784.0,61.0
2021-01-05 09:34:55.040,0.1179,0.1178,10.0,0.1176,1.0,5784.0,61.0
2021-01-05 09:34:55.680,0.1179,0.1176,12.0,0.1173,10.0,5784.0,61.0
2021-01-05 09:34:55.991,0.1179,0.1176,12.0,0.1175,1.0,5784.0,61.0
2021-01-05 09:34:56.681,0.1179,0.1176,12.0,0.1172,10.0,5784.0,61.0
2021-01-05 09:34:57.130,0.1179,0.1177,12.0,0.1172,10.0,5784.0,61.0
2021-01-05 09:34:57.670,0.1179,0.1176,12.0,0.1171,1.0,5784.0,61.0
2021-01-05 09:34:58.160,0.1179,0.1176,12.0,0.1171,1.0,5784.0,61.0
2021-01-05 09:34:58.640,0.1179,0.1176,12.0,0.1172,10.0,5784.0,61.0
2021-01-05 09:34:59.170,0.1179,0.1176,12.0,0.1171,11.0,5784.0,61.0
2021-01-05 09:35:00.160,0.1179,0.1176,12.0,0.1171,1.0,5784.0,61.0
2021-01-05 09:35:00.640,0.1179,0.1174,10.0,0.1171,1.0,5784.0,61.0
2021-01-05 09:35:00.640,0.1179,0.1174,10.0,0.1171,1.0,5784.0,61.0
2021-01-05 09:35:01.620,0.1179,0.1174,10.0,0.1171,11.0,5784.0,61.0
2021-01-05 09:35:02.160,0.1179,0.1174,10.0,0.1171,11.0,5784.0,61.0
2021-01-05 09:35:02.680,0.1179,0.1174,22.0,0.1171,11.0,5784.0,61.0
2021-01-05 09:35:03.180,0.1179,0.1178,12.0,0.1171,11.0,5784.0,61.0
2021-01-05 09:35:03.660,0.1179,0.1181,20.0,0.1173,12.0,5784.0,61.0
2021-01-05 09:35:04.061,0.1179,0.1179,12.0,0.1171,2.0,5784.0,61.0
2021-01-05 09:35:05.180,0.1179,0.1178,12.0,0.1171,23.0,5784.0,61.0
2021-01-05 09:35:05.671,0.1179,0.1178,32.0,0.1171,13.0,5784.0,61.0
2021-01-05 09:35:06.180,0.1179,0.1178,32.0,0.1171,13.0,5784.0,61.0
2021-01-05 09:35:06.421,0.1179,0.1177,12.0,0.1171,11.0,5784.0,61.0
2021-01-05 09:35:07.131,0.1179,0.1176,12.0,0.1171,1.0,5784.0,61.0
2021-01-05 09:35:07.650,0.1179,0.1176,12.0,0.1171,1.0,5784.0,61.0
2021-01-05 09:35:08.171,0.1171,0.1173,8.0,0.1168,10.0,5785.0,62.0
2021-01-05 09:35:09.191,0.1171,0.1171,12.0,0.1169,1.0,5785.0,62.0
2021-01-05 09:35:09.700,0.1171,0.1171,32.0,0.1166,10.0,5785.0,62.0
2021-01-05 09:35:10.180,0.1171,0.1169,12.0,0.1168,1.0,5785.0,62.0
2021-01-05 09:35:10.691,0.1169,0.1169,2.0,0.1163,10.0,5796.0,73.0
2021-01-05 09:35:11.160,0.1169,0.117,12.0,0.1164,1.0,5796.0,73.0
2021-01-05 09:35:11.680,0.1169,0.1171,32.0,0.1164,13.0,5796.0,73.0
2021-01-05 09:35:12.101,0.1169,0.1171,32.0,0.1164,23.0,5796.0,73.0
2021-01-05 09:35:12.691,0.1169,0.1171,32.0,0.1164,13.0,5796.0,73.0
2021-01-05 09:35:13.181,0.1169,0.1171,20.0,0.1164,1.0,5796.0,73.0
2021-01-05 09:35:13.640,0.1169,0.1173,8.0,0.1166,12.0,5796.0,73.0
2021-01-05 09:35:14.191,0.1173,0.1173,6.0,0.1167,12.0,5794.0,75.0
2021-01-05 09:35:14.700,0.1173,0.1173,5.0,0.1168,25.0,5793.0,76.0
2021-01-05 09:35:15.171,0.1173,0.1173,5.0,0.117,12.0,5793.0,76.0
2021-01-05 09:35:15.701,0.1173,0.1173,5.0,0.117,12.0,5793.0,76.0
2021-01-05 09:35:16.141,0.1173,0.1173,5.0,0.1171,10.0,5793.0,76.0
2021-01-05 09:35:16.681,0.1173,0.1181,12.0,0.1173,12.0,5793.0,81.0
2021-01-05 09:35:17.190,0.1173,0.118,12.0,0.1171,22.0,5793.0,81.0
2021-01-05 09:35:17.670,0.1173,0.118,12.0,0.1171,35.0,5793.0,81.0
2021-01-05 09:35:18.170,0.1173,0.118,12.0,0.1171,22.0,5793.0,81.0
2021-01-05 09:35:18.681,0.1173,0.1182,32.0,0.1173,12.0,5793.0,81.0
2021-01-05 09:35:19.180,0.1173,0.1182,20.0,0.1174,12.0,5793.0,81.0
2021-01-05 09:35:19.641,0.1173,0.1185,30.0,0.1173,12.0,5793.0,81.0
2021-01-05 09:35:20.120,0.1173,0.1185,30.0,0.1174,23.0,5793.0,81.0
2021-01-05 09:35:20.690,0.1173,0.1183,12.0,0.1176,12.0,5793.0,81.0
2021-01-05 09:35:21.180,0.1173,0.1183,12.0,0.1176,12.0,5793.0,81.0
2021-01-05 09:35:21.620,0.1176,0.1183,12.0,0.1174,10.0,5805.0,93.0
2021-01-05 09:35:22.171,0.1176,0.1182,10.0,0.1174,10.0,5805.0,93.0
2021-01-05 09:35:22.650,0.1176,0.118,12.0,0.1174,10.0,5805.0,93.0
2021-01-05 09:35:23.151,0.1176,0.118,12.0,0.1174,10.0,5805.0,93.0
2021-01-05 09:35:23.680,0.1176,0.1179,10.0,0.1174,10.0,5805.0,93.0
2021-01-05 09:35:24.171,0.1176,0.1179,10.0,0.1174,10.0,5805.0,93.0
2021-01-05 09:35:24.671,0.1176,0.1177,12.0,0.1174,10.0,5805.0,93.0
2021-01-05 09:35:25.170,0.1176,0.1177,12.0,0.1174,10.0,5805.0,93.0
2021-01-05 09:35:25.620,0.1176,0.1177,12.0,0.1174,10.0,5805.0,93.0
2021-01-05 09:35:26.651,0.1176,0.1177,12.0,0.1174,10.0,5805.0,93.0
2021-01-05 09:35:27.101,0.1176,0.1177,12.0,0.1174,10.0,5805.0,93.0
2021-01-05 09:35:27.641,0.1176,0.118,12.0,0.1174,10.0,5805.0,93.0
2021-01-05 09:35:28.171,0.1176,0.118,12.0,0.1174,10.0,5805.0,93.0
2021-01-05 09:35:28.171,0.1176,0.118,12.0,0.1174,10.0,5805.0,93.0
2021-01-05 09:35:29.160,0.1176,0.118,12.0,0.1174,10.0,5805.0,93.0
2021-01-05 09:35:29.641,0.1176,0.118,12.0,0.1174,10.0,5805.0,93.0
2021-01-05 09:35:30.121,0.1176,0.1183,12.0,0.1174,10.0,5805.0,93.0
2021-01-05 09:35:30.690,0.1176,0.1182,12.0,0.1174,10.0,5805.0,93.0
2021-01-05 09:35:31.170,0.1176,0.1181,12.0,0.1174,10.0,5805.0,93.0
2021-01-05 09:35:31.700,0.1176,0.1182,12.0,0.1174,10.0,5805.0,93.0
2021-01-05 09:35:32.150,0.1176,0.1182,32.0,0.1174,10.0,5805.0,93.0
2021-01-05 09:35:32.630,0.1176,0.118,12.0,0.1174,10.0,5805.0,93.0
2021-01-05 09:35:33.191,0.1176,0.118,12.0,0.1174,10.0,5805.0,93.0
2021-01-05 09:35:34.190,0.1176,0.118,12.0,0.1173,10.0,5805.0,93.0
2021-01-05 09:35:34.691,0.1176,0.1179,12.0,0.1173,10.0,5805.0,93.0
2021-01-05 09:35:35.200,0.1176,0.1179,32.0,0.1173,10.0,5805.0,93.0
2021-01-05 09:35:35.690,0.1176,0.1177,12.0,0.1174,10.0,5805.0,93.0
2021-01-05 09:35:36.620,0.1174,0.1177,12.0,0.1169,10.0,5815.0,103.0
2021-01-05 09:35:37.171,0.1174,0.1177,12.0,0.1169,13.0,5815.0,103.0
2021-01-05 09:35:37.581,0.1174,0.1177,12.0,0.1169,13.0,5815.0,103.0
2021-01-05 09:35:38.670,0.1174,0.1177,12.0,0.1169,13.0,5815.0,103.0
2021-01-05 09:35:39.690,0.1174,0.1177,12.0,0.1167,10.0,5815.0,103.0
2021-01-05 09:35:40.191,0.1174,0.1177,12.0,0.1168,14.0,5815.0,103.0
2021-01-05 09:35:40.691,0.1174,0.1177,12.0,0.1168,14.0,5815.0,103.0
2021-01-05 09:35:41.190,0.1174,0.1179,12.0,0.1168,14.0,5815.0,103.0
2021-01-05 09:35:42.160,0.1174,0.1179,12.0,0.117,10.0,5815.0,103.0
2021-01-05 09:35:42.581,0.1174,0.1179,12.0,0.117,10.0,5815.0,103.0
2021-01-05 09:35:43.190,0.1174,0.1179,42.0,0.117,10.0,5815.0,103.0
2021-01-05 09:35:43.661,0.1174,0.1177,12.0,0.117,10.0,5815.0,103.0
2021-01-05 09:35:44.101,0.1174,0.1177,12.0,0.117,10.0,5815.0,103.0
2021-01-05 09:35:44.681,0.1174,0.1177,12.0,0.117,10.0,5815.0,103.0
2021-01-05 09:35:46.170,0.1174,0.1177,12.0,0.117,10.0,5815.0,103.0
2021-01-05 09:35:46.700,0.1174,0.1176,12.0,0.117,10.0,5815.0,103.0
2021-01-05 09:35:47.201,0.1174,0.1175,12.0,0.117,10.0,5815.0,103.0
2021-01-05 09:35:48.181,0.1174,0.1175,12.0,0.117,10.0,5815.0,103.0
2021-01-05 09:35:48.700,0.1174,0.1175,12.0,0.117,10.0,5815.0,103.0
2021-01-05 09:35:49.190,0.1174,0.1175,12.0,0.117,10.0,5815.0,103.0
2021-01-05 09:35:50.150,0.1174,0.1175,12.0,0.117,10.0,5815.0,103.0
2021-01-05 09:35:50.680,0.1174,0.1175,12.0,0.1169,10.0,5815.0,103.0
2021-01-05 09:35:51.710,0.1174,0.1175,12.0,0.1169,10.0,5815.0,103.0
2021-01-05 09:35:53.631,0.1174,0.1175,12.0,0.1169,10.0,5815.0,103.0
2021-01-05 09:35:54.161,0.1174,0.1175,12.0,0.1169,10.0,5815.0,103.0
2021-01-05 09:35:55.141,0.1174,0.1175,12.0,0.1169,10.0,5815.0,103.0
2021-01-05 09:35:55.691,0.1174,0.1181,10.0,0.117,13.0,5815.0,103.0
2021-01-05 09:35:56.071,0.1174,0.1179,12.0,0.117,13.0,5815.0,103.0
2021-01-05 09:35:56.690,0.1174,0.1179,12.0,0.1171,10.0,5815.0,103.0
2021-01-05 09:35:57.141,0.1174,0.1179,12.0,0.1171,10.0,5815.0,103.0
2021-01-05 09:35:57.681,0.1174,0.1179,12.0,0.1172,13.0,5815.0,103.0
2021-01-05 09:35:58.150,0.1174,0.1179,12.0,0.117,10.0,5815.0,103.0
2021-01-05 09:35:58.701,0.1174,0.1179,12.0,0.1171,13.0,5815.0,103.0
2021-01-05 09:35:59.160,0.1174,0.1179,12.0,0.1171,13.0,5815.0,103.0
2021-01-05 09:36:00.201,0.1174,0.1179,12.0,0.117,10.0,5815.0,103.0
2021-01-05 09:36:00.680,0.1174,0.1178,12.0,0.1172,10.0,5815.0,103.0
2021-01-05 09:36:01.181,0.1174,0.1177,12.0,0.1172,10.0,5815.0,103.0
2021-01-05 09:36:01.671,0.1174,0.1177,12.0,0.1172,10.0,5815.0,103.0
2021-01-05 09:36:02.170,0.1174,0.1177,12.0,0.1172,10.0,5815.0,103.0
2021-01-05 09:36:02.630,0.1174,0.1177,12.0,0.1172,10.0,5815.0,103.0
2021-01-05 09:36:03.200,0.1174,0.118,12.0,0.1172,10.0,5815.0,103.0
2021-01-05 09:36:03.700,0.1174,0.118,12.0,0.1172,11.0,5815.0,103.0
2021-01-05 09:36:04.201,0.1174,0.118,12.0,0.1172,11.0,5815.0,103.0
2021-01-05 09:36:04.670,0.1174,0.118,12.0,0.1172,11.0,5815.0,103.0
2021-01-05 09:36:05.150,0.1174,0.118,12.0,0.1172,11.0,5815.0,103.0
2021-01-05 09:36:05.690,0.1174,0.118,12.0,0.1172,10.0,5815.0,103.0
2021-01-05 09:36:06.700,0.1174,0.118,12.0,0.1172,10.0,5815.0,103.0
2021-01-05 09:36:07.181,0.1174,0.118,12.0,0.1172,10.0,5815.0,103.0
2021-01-05 09:36:09.161,0.1174,0.118,12.0,0.1172,20.0,5815.0,103.0
2021-01-05 09:36:09.691,0.1174,0.118,12.0,0.1172,20.0,5815.0,103.0
2021-01-05 09:36:10.101,0.1174,0.1181,12.0,0.1173,12.0,5815.0,103.0
2021-01-05 09:36:10.671,0.1174,0.1183,12.0,0.1174,12.0,5815.0,103.0
2021-01-05 09:36:11.180,0.1174,0.1183,12.0,0.1172,20.0,5815.0,103.0
2021-01-05 09:36:11.651,0.1174,0.1183,12.0,0.1173,13.0,5815.0,103.0
2021-01-05 09:36:12.690,0.1174,0.1183,12.0,0.1173,13.0,5815.0,103.0
2021-01-05 09:36:14.150,0.1174,0.1183,12.0,0.1174,10.0,5815.0,103.0
2021-01-05 09:36:14.611,0.1174,0.1183,12.0,0.1173,10.0,5815.0,103.0
2021-01-05 09:36:15.170,0.1174,0.1183,12.0,0.1174,13.0,5815.0,103.0
2021-01-05 09:36:16.150,0.1174,0.1183,12.0,0.1175,10.0,5815.0,103.0
2021-01-05 09:36:16.650,0.1174,0.1183,12.0,0.1175,10.0,5815.0,103.0
2021-01-05 09:36:17.180,0.1174,0.1183,12.0,0.1175,23.0,5815.0,103.0
2021-01-05 09:36:18.680,0.1174,0.1183,12.0,0.1175,10.0,5815.0,103.0
2021-01-05 09:36:19.151,0.1174,0.1185,12.0,0.1175,23.0,5815.0,103.0
2021-01-05 09:36:19.691,0.1174,0.1185,12.0,0.1175,10.0,5815.0,103.0
2021-01-05 09:36:20.161,0.1174,0.1185,12.0,0.1176,13.0,5815.0,103.0
2021-01-05 09:36:21.691,0.1174,0.1185,12.0,0.1177,10.0,5815.0,103.0
2021-01-05 09:36:22.171,0.1174,0.1185,12.0,0.1176,10.0,5815.0,103.0
2021-01-05 09:36:22.680,0.1174,0.1185,12.0,0.1176,23.0,5815.0,103.0
2021-01-05 09:36:23.191,0.1174,0.1185,12.0,0.1176,23.0,5815.0,103.0
2021-01-05 09:36:23.681,0.1174,0.1185,12.0,0.1176,10.0,5815.0,103.0
2021-01-05 09:36:24.171,0.1174,0.1185,12.0,0.1176,10.0,5815.0,103.0
2021-01-05 09:36:24.701,0.1174,0.1184,12.0,0.1176,10.0,5815.0,103.0
2021-01-05 09:36:25.191,0.1174,0.1184,12.0,0.1176,10.0,5815.0,103.0
2021-01-05 09:36:25.650,0.1174,0.1183,12.0,0.1176,10.0,5815.0,103.0
2021-01-05 09:36:26.171,0.1174,0.1185,12.0,0.1176,10.0,5815.0,103.0
2021-01-05 09:36:26.651,0.1174,0.1185,12.0,0.1176,10.0,5815.0,103.0
2021-01-05 09:36:27.160,0.1174,0.1184,12.0,0.1176,10.0,5815.0,103.0
2021-01-05 09:36:27.690,0.1174,0.1184,12.0,0.1176,10.0,5815.0,103.0
2021-01-05 09:36:28.190,0.1174,0.1183,12.0,0.1176,10.0,5815.0,103.0
2021-01-05 09:36:28.681,0.1174,0.1183,12.0,0.1175,10.0,5815.0,103.0
2021-01-05 09:36:29.171,0.1174,0.1182,12.0,0.1174,10.0,5815.0,103.0
2021-01-05 09:36:29.661,0.1174,0.1181,12.0,0.1174,10.0,5815.0,103.0
2021-01-05 09:36:30.161,0.1174,0.1181,12.0,0.1174,10.0,5815.0,103.0
2021-01-05 09:36:30.700,0.1174,0.1181,12.0,0.1174,10.0,5815.0,103.0
2021-01-05 09:36:33.200,0.1174,0.1181,12.0,0.1174,10.0,5815.0,103.0
2021-01-05 09:36:33.670,0.1174,0.1181,12.0,0.1174,10.0,5815.0,103.0
2021-01-05 09:36:34.091,0.1174,0.1181,12.0,0.1174,10.0,5815.0,103.0
2021-01-05 09:36:35.150,0.1174,0.1181,12.0,0.1174,10.0,5815.0,103.0
2021-01-05 09:36:35.701,0.1174,0.1182,12.0,0.1174,9.0,5816.0,104.0
2021-01-05 09:36:36.191,0.1174,0.1182,12.0,0.1174,10.0,5816.0,104.0
2021-01-05 09:36:36.700,0.1174,0.1182,12.0,0.1174,10.0,5816.0,104.0
2021-01-05 09:36:37.190,0.1174,0.1182,12.0,0.1174,10.0,5816.0,104.0
2021-01-05 09:36:40.191,0.1174,0.1182,12.0,0.1174,10.0,5816.0,104.0
2021-01-05 09:36:40.700,0.1174,0.1182,12.0,0.1174,10.0,5816.0,104.0
2021-01-05 09:36:41.201,0.1174,0.1182,12.0,0.1174,10.0,5816.0,104.0
2021-01-05 09:36:41.641,0.1174,0.1182,12.0,0.1174,10.0,5816.0,104.0
2021-01-05 09:36:42.200,0.1174,0.1182,12.0,0.1174,10.0,5816.0,104.0
2021-01-05 09:36:43.700,0.1174,0.1182,12.0,0.1174,10.0,5816.0,104.0
2021-01-05 09:36:45.191,0.1174,0.1182,12.0,0.1174,10.0,5816.0,104.0
2021-01-05 09:36:45.631,0.1174,0.1179,10.0,0.1174,10.0,5816.0,104.0
2021-01-05 09:36:46.190,0.1174,0.1177,12.0,0.1174,10.0,5816.0,104.0
2021-01-05 09:36:47.130,0.1174,0.1177,12.0,0.1174,10.0,5816.0,104.0
2021-01-05 09:36:47.660,0.1174,0.1177,12.0,0.1173,10.0,5816.0,104.0
2021-01-05 09:36:48.130,0.1174,0.1177,12.0,0.1173,10.0,5816.0,104.0
2021-01-05 09:36:48.630,0.1174,0.1177,12.0,0.1174,10.0,5816.0,104.0
2021-01-05 09:36:49.181,0.1174,0.1177,12.0,0.1173,10.0,5816.0,104.0
2021-01-05 09:36:49.700,0.1174,0.1177,12.0,0.1174,10.0,5816.0,104.0
2021-01-05 09:36:50.670,0.1174,0.1177,12.0,0.1173,10.0,5816.0,104.0
2021-01-05 09:36:51.671,0.1174,0.1177,12.0,0.1174,10.0,5816.0,104.0
2021-01-05 09:36:53.191,0.1174,0.1177,12.0,0.1173,10.0,5816.0,104.0
2021-01-05 09:36:54.180,0.1174,0.1177,12.0,0.1175,10.0,5816.0,104.0
2021-01-05 09:36:54.631,0.1174,0.1177,12.0,0.1173,10.0,5816.0,104.0
2021-01-05 09:36:55.171,0.1174,0.1179,10.0,0.1175,10.0,5816.0,104.0
2021-01-05 09:36:55.651,0.1174,0.1178,12.0,0.1175,10.0,5816.0,104.0
2021-01-05 09:36:56.141,0.1174,0.1179,10.0,0.1175,10.0,5816.0,104.0
2021-01-05 09:36:56.691,0.1174,0.1179,10.0,0.1175,10.0,5816.0,104.0
2021-01-05 09:36:57.601,0.1174,0.1179,10.0,0.1175,10.0,5816.0,104.0
2021-01-05 09:36:58.160,0.1174,0.1179,22.0,0.1175,10.0,5816.0,104.0
2021-01-05 09:36:59.181,0.1174,0.1179,22.0,0.1175,10.0,5816.0,104.0
2021-01-05 09:36:59.690,0.1174,0.1178,12.0,0.1174,20.0,5816.0,104.0
2021-01-05 09:37:00.160,0.1174,0.1178,12.0,0.1174,10.0,5816.0,104.0
2021-01-05 09:37:01.081,0.1174,0.1178,12.0,0.1174,10.0,5816.0,104.0
2021-01-05 09:37:01.640,0.1174,0.1179,10.0,0.1175,10.0,5816.0,104.0
2021-01-05 09:37:02.191,0.1174,0.1179,10.0,0.1174,10.0,5816.0,104.0
2021-01-05 09:37:02.640,0.1174,0.1179,10.0,0.1174,10.0,5816.0,104.0
2021-01-05 09:37:03.151,0.1174,0.1179,10.0,0.1174,10.0,5816.0,104.0
2021-01-05 09:37:03.630,0.1174,0.1179,10.0,0.1174,22.0,5816.0,104.0
2021-01-05 09:37:04.200,0.1174,0.1186,20.0,0.1174,23.0,5816.0,104.0
2021-01-05 09:37:04.690,0.1174,0.1186,10.0,0.1176,12.0,5816.0,104.0
2021-01-05 09:37:05.140,0.1174,0.1186,10.0,0.1176,12.0,5816.0,104.0
2021-01-05 09:37:05.701,0.1174,0.1187,22.0,0.1177,10.0,5816.0,104.0
2021-01-05 09:37:06.171,0.1174,0.1187,10.0,0.1177,10.0,5816.0,104.0
2021-01-05 09:37:06.700,0.1174,0.1185,12.0,0.1178,12.0,5816.0,104.0
2021-01-05 09:37:07.180,0.1174,0.1186,12.0,0.1178,10.0,5816.0,104.0
2021-01-05 09:37:07.681,0.1174,0.1186,12.0,0.1178,10.0,5816.0,104.0
2021-01-05 09:37:08.200,0.1174,0.1186,12.0,0.1178,10.0,5816.0,104.0
2021-01-05 09:37:08.630,0.1174,0.1185,12.0,0.1177,10.0,5816.0,104.0
2021-01-05 09:37:09.170,0.1174,0.1181,10.0,0.1177,10.0,5816.0,104.0
2021-01-05 09:37:09.660,0.1174,0.118,12.0,0.1177,10.0,5816.0,104.0
2021-01-05 09:37:10.121,0.1174,0.118,12.0,0.1177,10.0,5816.0,104.0
2021-01-05 09:37:10.701,0.118,0.1181,10.0,0.1177,10.0,5816.0,109.0
2021-01-05 09:37:11.201,0.118,0.1181,10.0,0.1177,10.0,5816.0,109.0
2021-01-05 09:37:12.131,0.118,0.1181,10.0,0.1177,10.0,5816.0,109.0
2021-01-05 09:37:13.181,0.118,0.1183,12.0,0.1177,23.0,5816.0,109.0
2021-01-05 09:37:13.681,0.118,0.1183,12.0,0.1177,10.0,5816.0,109.0
2021-01-05 09:37:14.171,0.118,0.1183,12.0,0.1176,10.0,5816.0,109.0
2021-01-05 09:37:14.651,0.118,0.1182,12.0,0.1176,23.0,5816.0,109.0
2021-01-05 09:37:15.101,0.118,0.1182,12.0,0.1176,10.0,5816.0,109.0
2021-01-05 09:37:15.700,0.118,0.1182,12.0,0.1176,10.0,5816.0,109.0
2021-01-05 09:37:16.201,0.118,0.1183,12.0,0.1176,10.0,5816.0,109.0
2021-01-05 09:37:16.461,0.118,0.1183,12.0,0.1177,13.0,5816.0,109.0
2021-01-05 09:37:17.200,0.118,0.1183,12.0,0.1177,13.0,5816.0,109.0
2021-01-05 09:37:17.671,0.118,0.1185,12.0,0.1178,10.0,5816.0,109.0
2021-01-05 09:37:18.061,0.118,0.1184,12.0,0.1178,10.0,5816.0,109.0
2021-01-05 09:37:18.710,0.118,0.1184,12.0,0.1177,10.0,5816.0,109.0
2021-01-05 09:37:19.021,0.118,0.1184,12.0,0.1177,10.0,5816.0,109.0
2021-01-05 09:37:19.711,0.118,0.1183,12.0,0.1177,10.0,5816.0,109.0
2021-01-05 09:37:20.211,0.118,0.1184,12.0,0.1177,10.0,5816.0,109.0
2021-01-05 09:37:21.200,0.118,0.1184,12.0,0.1177,10.0,5816.0,109.0
2021-01-05 09:37:21.701,0.118,0.1185,12.0,0.1178,13.0,5816.0,109.0
2021-01-05 09:37:22.030,0.118,0.1186,12.0,0.1178,13.0,5816.0,109.0
2021-01-05 09:37:23.150,0.118,0.1186,12.0,0.1178,13.0,5816.0,109.0
2021-01-05 09:37:23.661,0.118,0.1186,12.0,0.1179,10.0,5816.0,109.0
2021-01-05 09:37:24.080,0.118,0.1186,12.0,0.1178,10.0,5816.0,109.0
2021-01-05 09:37:24.631,0.118,0.1186,12.0,0.1179,13.0,5816.0,109.0
2021-01-05 09:37:25.200,0.118,0.1186,12.0,0.1179,13.0,5816.0,109.0
2021-01-05 09:37:25.670,0.118,0.1185,12.0,0.1179,13.0,5816.0,109.0
2021-01-05 09:37:26.170,0.118,0.1186,12.0,0.1179,13.0,5816.0,109.0
2021-01-05 09:37:26.650,0.118,0.1185,12.0,0.1179,13.0,5816.0,109.0
2021-01-05 09:37:27.130,0.118,0.1186,12.0,0.1179,13.0,5816.0,109.0
2021-01-05 09:37:27.551,0.118,0.1186,12.0,0.1179,13.0,5816.0,109.0
2021-01-05 09:37:28.151,0.118,0.1186,12.0,0.118,10.0,5816.0,109.0
2021-01-05 09:37:28.560,0.118,0.1186,12.0,0.118,10.0,5816.0,109.0
2021-01-05 09:37:29.130,0.118,0.1186,12.0,0.118,13.0,5816.0,109.0
2021-01-05 09:37:30.191,0.118,0.1186,12.0,0.1181,10.0,5816.0,109.0
2021-01-05 09:37:30.650,0.118,0.1186,12.0,0.118,23.0,5816.0,109.0
2021-01-05 09:37:31.190,0.118,0.1186,12.0,0.118,23.0,5816.0,109.0
2021-01-05 09:37:31.701,0.118,0.1186,12.0,0.118,23.0,5816.0,109.0
2021-01-05 09:37:32.141,0.118,0.1186,12.0,0.118,10.0,5816.0,109.0
2021-01-05 09:37:32.651,0.118,0.1186,12.0,0.1179,10.0,5816.0,109.0
2021-01-05 09:37:33.180,0.118,0.1185,22.0,0.1177,10.0,5816.0,109.0
2021-01-05 09:37:33.581,0.118,0.1184,12.0,0.1178,10.0,5816.0,109.0
2021-01-05 09:37:34.500,0.118,0.1184,12.0,0.1178,10.0,5816.0,109.0
2021-01-05 09:37:35.170,0.118,0.1184,12.0,0.1179,10.0,5816.0,109.0
2021-01-05 09:37:35.650,0.118,0.1185,12.0,0.118,10.0,5816.0,109.0
2021-01-05 09:37:36.200,0.118,0.1188,20.0,0.1179,10.0,5816.0,109.0
2021-01-05 09:37:36.661,0.118,0.1186,12.0,0.1179,13.0,5816.0,109.0
2021-01-05 09:37:37.180,0.118,0.1186,12.0,0.118,10.0,5816.0,109.0
2021-01-05 09:37:37.691,0.118,0.1186,12.0,0.118,23.0,5816.0,109.0
2021-01-05 09:37:38.161,0.118,0.1187,12.0,0.118,23.0,5816.0,109.0
2021-01-05 09:37:38.651,0.118,0.1187,12.0,0.118,10.0,5816.0,109.0
2021-01-05 09:37:39.170,0.118,0.1188,12.0,0.1181,13.0,5816.0,109.0
2021-01-05 09:37:39.700,0.118,0.1188,12.0,0.1181,25.0,5816.0,109.0
2021-01-05 09:37:40.161,0.118,0.1188,12.0,0.1182,10.0,5816.0,109.0
2021-01-05 09:37:41.131,0.118,0.1188,12.0,0.1181,22.0,5816.0,109.0
2021-01-05 09:37:41.660,0.118,0.1188,12.0,0.1182,13.0,5816.0,109.0
2021-01-05 09:37:42.130,0.118,0.1188,12.0,0.1182,13.0,5816.0,109.0
2021-01-05 09:37:42.691,0.118,0.119,22.0,0.1182,25.0,5816.0,109.0
2021-01-05 09:37:43.671,0.118,0.119,22.0,0.1182,25.0,5816.0,109.0
2021-01-05 09:37:44.190,0.118,0.119,22.0,0.1182,25.0,5816.0,109.0
2021-01-05 09:37:44.651,0.118,0.119,10.0,0.1184,12.0,5816.0,109.0
2021-01-05 09:37:45.171,0.118,0.119,10.0,0.1184,12.0,5816.0,109.0
2021-01-05 09:37:45.191,0.118,0.119,10.0,0.1185,13.0,5816.0,109.0
2021-01-05 09:37:46.601,0.118,0.119,10.0,0.1185,13.0,5816.0,109.0
2021-01-05 09:37:47.210,0.118,0.119,10.0,0.1185,13.0,5816.0,109.0
2021-01-05 09:37:47.661,0.118,0.119,10.0,0.1184,12.0,5816.0,109.0
2021-01-05 09:37:48.201,0.118,0.119,22.0,0.1184,13.0,5816.0,109.0
2021-01-05 09:37:48.700,0.118,0.119,22.0,0.1184,26.0,5816.0,109.0
2021-01-05 09:37:49.190,0.118,0.119,22.0,0.1184,16.0,5816.0,109.0
2021-01-05 09:37:49.670,0.118,0.119,10.0,0.1184,38.0,5816.0,109.0
2021-01-05 09:37:50.220,0.118,0.119,10.0,0.1184,38.0,5816.0,109.0
2021-01-05 09:37:51.691,0.118,0.119,10.0,0.1183,10.0,5816.0,109.0
2021-01-05 09:37:52.181,0.118,0.1189,12.0,0.1184,23.0,5816.0,109.0
2021-01-05 09:37:52.660,0.118,0.1189,12.0,0.1184,13.0,5816.0,109.0
2021-01-05 09:37:53.680,0.118,0.1189,12.0,0.1183,10.0,5816.0,109.0
2021-01-05 09:37:54.160,0.118,0.1189,12.0,0.1184,10.0,5816.0,109.0
2021-01-05 09:37:54.640,0.118,0.1189,12.0,0.1184,26.0,5816.0,109.0
2021-01-05 09:37:55.190,0.118,0.1189,12.0,0.1184,13.0,5816.0,109.0
2021-01-05 09:37:55.691,0.118,0.1189,12.0,0.1185,13.0,5816.0,109.0
2021-01-05 09:37:56.121,0.118,0.1189,12.0,0.1185,13.0,5816.0,109.0
2021-01-05 09:37:56.611,0.118,0.1189,12.0,0.1185,23.0,5816.0,109.0
2021-01-05 09:37:57.170,0.118,0.119,22.0,0.1185,23.0,5816.0,109.0
2021-01-05 09:37:57.601,0.118,0.1191,10.0,0.1185,35.0,5816.0,109.0
2021-01-05 09:37:58.091,0.118,0.1192,12.0,0.1185,35.0,5816.0,109.0
2021-01-05 09:37:58.640,0.118,0.1192,12.0,0.1185,35.0,5816.0,109.0
2021-01-05 09:37:59.161,0.118,0.1191,12.0,0.1185,13.0,5816.0,109.0
2021-01-05 09:38:00.131,0.118,0.1191,12.0,0.1185,13.0,5816.0,109.0
2021-01-05 09:38:00.680,0.118,0.1189,10.0,0.1185,13.0,5816.0,109.0
2021-01-05 09:38:01.180,0.118,0.1189,10.0,0.1186,10.0,5816.0,109.0
2021-01-05 09:38:01.681,0.118,0.1189,10.0,0.1186,10.0,5816.0,109.0
2021-01-05 09:38:02.190,0.118,0.1189,22.0,0.1185,13.0,5816.0,109.0
2021-01-05 09:38:02.680,0.118,0.1189,22.0,0.1186,10.0,5816.0,109.0
2021-01-05 09:38:03.191,0.118,0.1189,22.0,0.1185,16.0,5816.0,109.0
2021-01-05 09:38:04.190,0.118,0.1188,12.0,0.1185,16.0,5816.0,109.0
2021-01-05 09:38:04.680,0.118,0.1188,12.0,0.1185,16.0,5816.0,109.0
2021-01-05 09:38:05.181,0.118,0.1187,12.0,0.1185,16.0,5816.0,109.0
2021-01-05 09:38:05.681,0.118,0.119,12.0,0.1185,16.0,5816.0,109.0
2021-01-05 09:38:06.691,0.118,0.119,12.0,0.1185,3.0,5816.0,109.0
2021-01-05 09:38:07.200,0.118,0.119,12.0,0.1183,13.0,5816.0,109.0
2021-01-05 09:38:07.590,0.118,0.1189,12.0,0.1183,16.0,5816.0,109.0
2021-01-05 09:38:08.151,0.118,0.1189,12.0,0.1183,26.0,5816.0,109.0
2021-01-05 09:38:09.160,0.118,0.1189,12.0,0.1183,3.0,5816.0,109.0
2021-01-05 09:38:09.611,0.118,0.1188,12.0,0.1183,3.0,5816.0,109.0
2021-01-05 09:38:10.180,0.118,0.1188,12.0,0.1181,10.0,5816.0,109.0
2021-01-05 09:38:10.670,0.118,0.1187,12.0,0.1181,23.0,5816.0,109.0
2021-01-05 09:38:11.141,0.118,0.1187,12.0,0.1181,10.0,5816.0,109.0
2021-01-05 09:38:11.701,0.118,0.1188,12.0,0.1184,10.0,5816.0,109.0
2021-01-05 09:38:12.191,0.118,0.1188,12.0,0.1183,10.0,5816.0,109.0
2021-01-05 09:38:12.531,0.118,0.119,12.0,0.1184,10.0,5816.0,109.0
2021-01-05 09:38:13.110,0.118,0.1191,12.0,0.1183,10.0,5816.0,109.0
2021-01-05 09:38:13.690,0.118,0.119,12.0,0.1183,23.0,5816.0,109.0
2021-01-05 09:38:14.141,0.118,0.1189,12.0,0.1183,23.0,5816.0,109.0
2021-01-05 09:38:14.691,0.118,0.1189,12.0,0.1182,10.0,5816.0,109.0
2021-01-05 09:38:15.150,0.118,0.1189,25.0,0.1182,10.0,5816.0,109.0
2021-01-05 09:38:15.730,0.118,0.1187,12.0,0.1183,10.0,5816.0,109.0
2021-01-05 09:38:16.210,0.118,0.1187,12.0,0.1182,10.0,5816.0,109.0
2021-01-05 09:38:16.731,0.118,0.1188,12.0,0.1184,10.0,5816.0,109.0
2021-01-05 09:38:17.190,0.118,0.1186,10.0,0.1183,10.0,5816.0,109.0
2021-01-05 09:38:17.701,0.118,0.1185,12.0,0.1183,10.0,5816.0,109.0
2021-01-05 09:38:18.231,0.118,0.1185,12.0,0.1182,10.0,5816.0,109.0
2021-01-05 09:38:18.660,0.118,0.1185,12.0,0.1181,10.0,5816.0,109.0
2021-01-05 09:38:19.230,0.118,0.1184,12.0,0.1181,23.0,5816.0,109.0
2021-01-05 09:38:20.231,0.118,0.1184,12.0,0.1181,10.0,5816.0,109.0
2021-01-05 09:38:20.690,0.118,0.1184,12.0,0.118,10.0,5816.0,109.0
2021-01-05 09:38:21.240,0.118,0.1184,12.0,0.118,10.0,5816.0,109.0
2021-01-05 09:38:21.670,0.118,0.1184,12.0,0.1179,10.0,5816.0,109.0
2021-01-05 09:38:22.210,0.118,0.1184,12.0,0.1175,22.0,5816.0,109.0
2021-01-05 09:38:22.661,0.118,0.1184,12.0,0.1178,10.0,5816.0,109.0
2021-01-05 09:38:23.201,0.118,0.1184,12.0,0.1179,10.0,5816.0,109.0
2021-01-05 09:38:24.690,0.118,0.1184,12.0,0.1178,10.0,5816.0,109.0
2021-01-05 09:38:25.101,0.118,0.1184,12.0,0.118,10.0,5816.0,109.0
2021-01-05 09:38:25.700,0.118,0.1184,12.0,0.1179,10.0,5816.0,109.0
2021-01-05 09:38:26.100,0.118,0.1181,10.0,0.1178,10.0,5816.0,109.0
2021-01-05 09:38:26.701,0.1178,0.118,12.0,0.1178,3.0,5836.0,129.0
2021-01-05 09:38:27.151,0.1178,0.1181,10.0,0.1178,15.0,5836.0,129.0
2021-01-05 09:38:27.691,0.1178,0.1181,10.0,0.1178,15.0,5836.0,129.0
2021-01-05 09:38:28.171,0.1178,0.118,12.0,0.1176,10.0,5836.0,129.0
2021-01-05 09:38:28.680,0.1178,0.1182,12.0,0.1177,13.0,5836.0,129.0
2021-01-05 09:38:29.641,0.1178,0.1182,12.0,0.1177,13.0,5836.0,129.0
2021-01-05 09:38:30.670,0.1178,0.1183,10.0,0.1179,12.0,5836.0,129.0
2021-01-05 09:38:31.181,0.1178,0.1183,10.0,0.1179,12.0,5836.0,129.0
2021-01-05 09:38:31.640,0.1178,0.1183,10.0,0.1175,22.0,5836.0,129.0
2021-01-05 09:38:32.090,0.1178,0.1183,10.0,0.1177,12.0,5836.0,129.0
2021-01-05 09:38:32.701,0.1178,0.1182,12.0,0.1175,20.0,5836.0,129.0
2021-01-05 09:38:33.191,0.1178,0.1181,12.0,0.1176,13.0,5836.0,129.0
2021-01-05 09:38:33.700,0.1178,0.1181,12.0,0.1175,20.0,5836.0,129.0
2021-01-05 09:38:34.201,0.1178,0.1183,10.0,0.1175,10.0,5836.0,129.0
2021-01-05 09:38:34.681,0.1175,0.1182,10.0,0.1175,9.0,5837.0,130.0
2021-01-05 09:38:34.971,0.1175,0.1182,12.0,0.1176,10.0,5837.0,130.0
2021-01-05 09:38:35.700,0.1175,0.1182,22.0,0.1175,22.0,5837.0,130.0
2021-01-05 09:38:36.130,0.1175,0.1182,22.0,0.1176,10.0,5837.0,130.0
2021-01-05 09:38:36.691,0.1175,0.118,12.0,0.1176,23.0,5837.0,130.0
2021-01-05 09:38:37.680,0.1175,0.118,32.0,0.1173,12.0,5837.0,130.0
2021-01-05 09:38:38.161,0.1175,0.118,20.0,0.1175,10.0,5837.0,130.0
2021-01-05 09:38:38.660,0.1175,0.118,32.0,0.1177,10.0,5837.0,130.0
2021-01-05 09:38:39.161,0.1177,0.118,20.0,0.117,10.0,5847.0,140.0
2021-01-05 09:38:39.661,0.1177,0.1179,12.0,0.1172,12.0,5847.0,140.0
2021-01-05 09:38:40.141,0.1177,0.1175,10.0,0.1173,10.0,5847.0,140.0
2021-01-05 09:38:40.591,0.1173,0.1175,10.0,0.117,12.0,5847.0,150.0
2021-01-05 09:38:41.190,0.1173,0.1175,10.0,0.1171,13.0,5847.0,150.0
2021-01-05 09:38:41.670,0.1173,0.1175,10.0,0.1173,12.0,5847.0,150.0
2021-01-05 09:38:42.191,0.1173,0.1175,10.0,0.1173,12.0,5847.0,150.0
2021-01-05 09:38:42.700,0.1173,0.1175,10.0,0.1171,12.0,5847.0,150.0
2021-01-05 09:38:43.190,0.1173,0.1175,10.0,0.1172,13.0,5847.0,150.0
2021-01-05 09:38:43.701,0.1173,0.1175,10.0,0.1173,12.0,5847.0,150.0
2021-01-05 09:38:44.200,0.1175,0.1175,6.0,0.1174,12.0,5844.0,154.0
2021-01-05 09:38:44.621,0.1175,0.1182,10.0,0.1174,13.0,5844.0,155.0
2021-01-05 09:38:45.201,0.1175,0.1183,20.0,0.1176,12.0,5844.0,155.0
2021-01-05 09:38:45.580,0.1175,0.1183,30.0,0.1177,13.0,5844.0,155.0
2021-01-05 09:38:45.580,0.1175,0.1183,30.0,0.1179,12.0,5844.0,155.0
2021-01-05 09:38:46.210,0.1175,0.1183,30.0,0.1178,12.0,5844.0,155.0
2021-01-05 09:38:47.140,0.1175,0.1183,30.0,0.1179,23.0,5844.0,155.0
2021-01-05 09:38:47.691,0.1175,0.1183,10.0,0.1181,12.0,5844.0,155.0
2021-01-05 09:38:48.110,0.1175,0.119,10.0,0.1181,12.0,5844.0,155.0
2021-01-05 09:38:48.200,0.1175,0.119,30.0,0.1182,13.0,5844.0,155.0
2021-01-05 09:38:49.130,0.1175,0.119,20.0,0.1184,12.0,5844.0,155.0
2021-01-05 09:38:49.691,0.1175,0.119,20.0,0.1184,12.0,5844.0,155.0
2021-01-05 09:38:50.110,0.1184,0.119,20.0,0.1183,10.0,5820.0,179.0
2021-01-05 09:38:50.651,0.1184,0.119,20.0,0.1186,12.0,5820.0,179.0
2021-01-05 09:38:51.170,0.1184,0.119,20.0,0.1183,10.0,5820.0,179.0
2021-01-05 09:38:51.170,0.1184,0.1186,12.0,0.1184,12.0,5820.0,179.0
2021-01-05 09:38:52.140,0.1184,0.1186,12.0,0.1182,22.0,5825.0,184.0
2021-01-05 09:38:52.630,0.1184,0.1184,12.0,0.1182,10.0,5825.0,184.0
2021-01-05 09:38:53.191,0.1184,0.1184,12.0,0.1182,23.0,5825.0,184.0
2021-01-05 09:38:54.190,0.1184,0.1184,10.0,0.1178,23.0,5825.0,184.0
2021-01-05 09:38:54.640,0.1184,0.1184,10.0,0.1179,12.0,5825.0,184.0
2021-01-05 09:38:54.690,0.1184,0.1184,10.0,0.118,12.0,5825.0,184.0
2021-01-05 09:38:55.650,0.1184,0.1184,10.0,0.1179,12.0,5825.0,184.0
2021-01-05 09:38:56.190,0.1184,0.1185,20.0,0.118,13.0,5825.0,184.0
2021-01-05 09:38:56.661,0.1184,0.1185,20.0,0.118,25.0,5825.0,184.0
2021-01-05 09:38:57.200,0.1184,0.1185,10.0,0.1179,10.0,5825.0,184.0
2021-01-05 09:38:57.640,0.1184,0.1186,10.0,0.118,13.0,5825.0,184.0
2021-01-05 09:38:58.161,0.1184,0.1186,20.0,0.118,13.0,5825.0,184.0
2021-01-05 09:38:58.670,0.1184,0.1186,20.0,0.1182,12.0,5825.0,184.0
2021-01-05 09:38:59.060,0.1184,0.1186,10.0,0.1182,12.0,5825.0,184.0
2021-01-05 09:38:59.700,0.1183,0.1192,10.0,0.1183,1.0,5825.0,196.0
2021-01-05 09:39:00.140,0.1183,0.1192,10.0,0.1185,12.0,5825.0,197.0
2021-01-05 09:39:00.660,0.1186,0.1192,12.0,0.1186,1.0,5825.0,209.0
2021-01-05 09:39:01.160,0.1186,0.1191,12.0,0.1186,1.0,5825.0,209.0
2021-01-05 09:39:01.700,0.1186,0.1191,12.0,0.1183,10.0,5825.0,210.0
2021-01-05 09:39:02.170,0.1186,0.1191,12.0,0.1184,13.0,5825.0,210.0
2021-01-05 09:39:02.660,0.1186,0.1191,12.0,0.1184,13.0,5825.0,210.0
2021-01-05 09:39:03.150,0.1186,0.1191,12.0,0.1184,13.0,5825.0,210.0
2021-01-05 09:39:03.671,0.1186,0.1191,12.0,0.1184,13.0,5825.0,210.0
2021-01-05 09:39:04.161,0.1186,0.1191,12.0,0.1184,13.0,5825.0,210.0
2021-01-05 09:39:04.610,0.1186,0.1191,12.0,0.1185,10.0,5825.0,210.0
2021-01-05 09:39:05.211,0.1186,0.1193,20.0,0.1186,12.0,5825.0,210.0
2021-01-05 09:39:05.701,0.1186,0.1193,20.0,0.1187,13.0,5825.0,210.0
2021-01-05 09:39:06.650,0.1186,0.1193,20.0,0.1186,12.0,5825.0,210.0
2021-01-05 09:39:07.050,0.1186,0.1193,20.0,0.1187,10.0,5825.0,210.0
2021-01-05 09:39:07.680,0.1186,0.1193,32.0,0.1186,10.0,5825.0,210.0
2021-01-05 09:39:08.131,0.1186,0.1193,20.0,0.1187,10.0,5825.0,210.0
2021-01-05 09:39:08.690,0.1186,0.1193,20.0,0.1186,35.0,5825.0,210.0
2021-01-05 09:39:09.161,0.1186,0.1192,12.0,0.1186,23.0,5825.0,210.0
2021-01-05 09:39:09.601,0.1186,0.1192,12.0,0.1185,10.0,5825.0,210.0
2021-01-05 09:39:10.191,0.1186,0.1192,12.0,0.1185,23.0,5825.0,210.0
2021-01-05 09:39:10.721,0.1186,0.1192,22.0,0.1184,22.0,5825.0,210.0
2021-01-05 09:39:11.201,0.1186,0.119,12.0,0.1182,22.0,5825.0,210.0
2021-01-05 09:39:11.701,0.1186,0.119,12.0,0.1183,23.0,5825.0,210.0
2021-01-05 09:39:12.220,0.1186,0.1192,42.0,0.1184,22.0,5825.0,210.0
2021-01-05 09:39:12.690,0.1186,0.1191,12.0,0.1184,10.0,5825.0,210.0
2021-01-05 09:39:13.170,0.1186,0.1191,12.0,0.1185,13.0,5825.0,210.0
2021-01-05 09:39:13.290,0.1185,0.1192,20.0,0.1185,24.0,5826.0,211.0
2021-01-05 09:39:14.160,0.1185,0.119,12.0,0.1185,12.0,5826.0,211.0
2021-01-05 09:39:15.220,0.1185,0.119,12.0,0.1184,23.0,5826.0,211.0
2021-01-05 09:39:15.720,0.1185,0.119,12.0,0.1185,10.0,5826.0,211.0
2021-01-05 09:39:16.121,0.1185,0.119,12.0,0.1184,23.0,5826.0,211.0
2021-01-05 09:39:16.711,0.1185,0.119,12.0,0.1184,10.0,5826.0,211.0
2021-01-05 09:39:17.191,0.1185,0.119,12.0,0.1183,10.0,5826.0,211.0
2021-01-05 09:39:17.650,0.1185,0.119,12.0,0.1184,23.0,5826.0,211.0
2021-01-05 09:39:18.221,0.1185,0.1191,12.0,0.1184,23.0,5826.0,211.0
2021-01-05 09:39:20.221,0.1185,0.1191,12.0,0.1184,10.0,5826.0,211.0
2021-01-05 09:39:20.741,0.1185,0.1185,10.0,0.1184,23.0,5826.0,211.0
2021-01-05 09:39:21.231,0.1185,0.1185,10.0,0.1184,23.0,5826.0,211.0
2021-01-05 09:39:21.671,0.1185,0.1185,10.0,0.1184,10.0,5826.0,211.0
2021-01-05 09:39:22.211,0.1184,0.1185,10.0,0.118,22.0,5826.0,221.0
2021-01-05 09:39:22.651,0.1184,0.1184,10.0,0.1181,13.0,5826.0,221.0
2021-01-05 09:39:23.200,0.1184,0.1184,5.0,0.1181,13.0,5821.0,226.0
2021-01-05 09:39:23.700,0.1185,0.1185,5.0,0.1182,12.0,5811.0,236.0
2021-01-05 09:39:24.151,0.1185,0.1185,5.0,0.1182,12.0,5811.0,236.0
2021-01-05 09:39:25.210,0.1185,0.1185,5.0,0.1183,13.0,5811.0,236.0
2021-01-05 09:39:25.700,0.1185,0.1185,5.0,0.1183,13.0,5811.0,236.0
2021-01-05 09:39:26.681,0.1185,0.1185,5.0,0.1183,13.0,5811.0,236.0
2021-01-05 09:39:27.210,0.1185,0.1185,5.0,0.1183,13.0,5811.0,236.0
2021-01-05 09:39:27.711,0.1185,0.1185,5.0,0.1183,13.0,5811.0,236.0
2021-01-05 09:39:29.231,0.1185,0.1185,5.0,0.1183,13.0,5811.0,236.0
2021-01-05 09:39:29.721,0.1185,0.1185,5.0,0.1183,13.0,5811.0,236.0
2021-01-05 09:39:30.220,0.1185,0.1186,10.0,0.1183,23.0,5811.0,241.0
2021-01-05 09:39:30.721,0.1185,0.1186,12.0,0.1183,13.0,5811.0,241.0
2021-01-05 09:39:31.121,0.1185,0.1187,20.0,0.1184,10.0,5811.0,241.0
2021-01-05 09:39:31.121,0.1185,0.1187,20.0,0.1184,12.0,5811.0,241.0
2021-01-05 09:39:32.141,0.1185,0.1187,20.0,0.1183,10.0,5811.0,241.0
2021-01-05 09:39:32.700,0.1185,0.1187,20.0,0.1183,23.0,5811.0,241.0
2021-01-05 09:39:33.530,0.1185,0.1187,20.0,0.1183,23.0,5811.0,241.0
2021-01-05 09:39:34.210,0.1185,0.1187,20.0,0.1182,12.0,5811.0,241.0
2021-01-05 09:39:34.681,0.1185,0.1187,10.0,0.1183,13.0,5811.0,241.0
2021-01-05 09:39:35.171,0.1185,0.1189,10.0,0.1184,12.0,5811.0,241.0
2021-01-05 09:39:35.651,0.1185,0.1188,10.0,0.1184,12.0,5811.0,241.0
2021-01-05 09:39:36.231,0.1185,0.1189,10.0,0.1185,13.0,5811.0,241.0
2021-01-05 09:39:36.600,0.1185,0.1189,10.0,0.1185,13.0,5811.0,241.0
2021-01-05 09:39:37.221,0.1185,0.119,12.0,0.1182,22.0,5811.0,241.0
2021-01-05 09:39:37.730,0.1185,0.119,22.0,0.1183,13.0,5811.0,241.0
2021-01-05 09:39:38.650,0.1185,0.1188,12.0,0.1183,13.0,5811.0,241.0
2021-01-05 09:39:39.241,0.1185,0.1188,12.0,0.1181,10.0,5811.0,241.0
2021-01-05 09:39:39.751,0.1185,0.1188,12.0,0.1182,13.0,5811.0,241.0
2021-01-05 09:39:41.220,0.1185,0.1188,12.0,0.1183,10.0,5811.0,241.0
2021-01-05 09:39:41.750,0.1185,0.1188,12.0,0.118,20.0,5811.0,241.0
2021-01-05 09:39:42.210,0.1185,0.1188,12.0,0.1182,13.0,5811.0,241.0
2021-01-05 09:39:42.721,0.1185,0.1188,12.0,0.1183,10.0,5811.0,241.0
2021-01-05 09:39:43.170,0.1185,0.1188,12.0,0.1183,23.0,5811.0,241.0
2021-01-05 09:39:43.660,0.1185,0.1188,12.0,0.1183,23.0,5811.0,241.0
2021-01-05 09:39:44.231,0.1185,0.119,12.0,0.1183,10.0,5811.0,241.0
2021-01-05 09:39:44.680,0.1185,0.119,22.0,0.1182,10.0,5811.0,241.0
2021-01-05 09:39:45.251,0.1185,0.1189,10.0,0.1181,10.0,5811.0,241.0
2021-01-05 09:39:45.750,0.1185,0.1187,12.0,0.1181,10.0,5811.0,241.0
2021-01-05 09:39:46.190,0.1185,0.1188,10.0,0.118,13.0,5811.0,241.0
2021-01-05 09:39:46.711,0.1185,0.1187,25.0,0.1179,22.0,5811.0,241.0
2021-01-05 09:39:47.731,0.1185,0.1185,12.0,0.118,3.0,5811.0,241.0
2021-01-05 09:39:48.221,0.1185,0.1188,10.0,0.118,3.0,5811.0,241.0
2021-01-05 09:39:48.720,0.1185,0.1186,12.0,0.118,3.0,5811.0,241.0
2021-01-05 09:39:49.241,0.1185,0.1185,10.0,0.1177,3.0,5811.0,241.0
2021-01-05 09:39:49.711,0.1185,0.1183,12.0,0.1177,3.0,5811.0,241.0
2021-01-05 09:39:50.121,0.1185,0.1183,12.0,0.1177,16.0,5811.0,241.0
2021-01-05 09:39:50.710,0.1185,0.1183,12.0,0.1177,3.0,5811.0,241.0
2021-01-05 09:39:51.241,0.1185,0.1183,12.0,0.1174,3.0,5811.0,241.0
2021-01-05 09:39:51.291,0.1185,0.1183,12.0,0.1174,3.0,5811.0,241.0
2021-01-05 09:39:52.180,0.1185,0.1183,13.0,0.1174,16.0,5811.0,241.0
2021-01-05 09:39:52.670,0.1185,0.1181,12.0,0.1174,23.0,5811.0,241.0
2021-01-05 09:39:53.181,0.1185,0.1184,22.0,0.1175,23.0,5811.0,241.0
2021-01-05 09:39:53.630,0.1185,0.1182,12.0,0.1176,3.0,5811.0,241.0
2021-01-05 09:39:54.191,0.1185,0.1185,10.0,0.1176,10.0,5811.0,241.0
2021-01-05 09:39:54.691,0.1185,0.1183,12.0,0.1175,10.0,5811.0,241.0
2021-01-05 09:39:55.181,0.1185,0.1183,12.0,0.1174,40.0,5811.0,241.0
2021-01-05 09:39:55.640,0.1185,0.1183,12.0,0.1175,13.0,5811.0,241.0
2021-01-05 09:39:56.120,0.1185,0.1183,12.0,0.1175,13.0,5811.0,241.0
2021-01-05 09:39:56.691,0.1185,0.1183,12.0,0.1175,13.0,5811.0,241.0
2021-01-05 09:39:57.181,0.1185,0.1183,12.0,0.1175,13.0,5811.0,241.0
2021-01-05 09:39:57.580,0.1185,0.1183,22.0,0.1175,23.0,5811.0,241.0
2021-01-05 09:39:58.201,0.1185,0.1181,12.0,0.1175,10.0,5811.0,241.0
2021-01-05 09:39:58.600,0.1185,0.1182,12.0,0.1175,10.0,5811.0,241.0
2021-01-05 09:39:59.061,0.1185,0.1182,12.0,0.1175,23.0,5811.0,241.0
2021-01-05 09:40:00.181,0.1185,0.1181,12.0,0.1175,10.0,5811.0,241.0
2021-01-05 09:40:00.610,0.1185,0.1181,12.0,0.1174,10.0,5811.0,241.0
2021-01-05 09:40:01.201,0.1185,0.118,12.0,0.1175,10.0,5811.0,241.0
2021-01-05 09:40:01.570,0.1185,0.1181,12.0,0.1175,23.0,5811.0,241.0
2021-01-05 09:40:02.200,0.1185,0.1184,10.0,0.1175,10.0,5811.0,241.0
2021-01-05 09:40:02.671,0.1185,0.1182,12.0,0.1176,23.0,5811.0,241.0
2021-01-05 09:40:03.171,0.1185,0.1184,12.0,0.1176,23.0,5811.0,241.0
2021-01-05 09:40:03.691,0.1185,0.1184,22.0,0.1176,23.0,5811.0,241.0
2021-01-05 09:40:04.160,0.1185,0.1182,12.0,0.1176,10.0,5811.0,241.0
2021-01-05 09:40:04.700,0.1185,0.1182,12.0,0.1176,33.0,5811.0,241.0
2021-01-05 09:40:05.170,0.1185,0.1183,12.0,0.1176,33.0,5811.0,241.0
2021-01-05 09:40:05.701,0.1185,0.1183,12.0,0.1176,33.0,5811.0,241.0
2021-01-05 09:40:06.200,0.1185,0.1183,12.0,0.1176,33.0,5811.0,241.0
2021-01-05 09:40:06.701,0.1185,0.1184,12.0,0.1176,40.0,5811.0,241.0
2021-01-05 09:40:07.191,0.1185,0.1184,12.0,0.1177,13.0,5811.0,241.0
2021-01-05 09:40:08.200,0.1185,0.1187,10.0,0.1178,10.0,5811.0,241.0
2021-01-05 09:40:08.690,0.1185,0.1185,12.0,0.1178,20.0,5811.0,241.0
2021-01-05 09:40:09.191,0.1185,0.1185,12.0,0.1179,13.0,5811.0,241.0
2021-01-05 09:40:09.441,0.1185,0.1188,12.0,0.1179,13.0,5811.0,241.0
2021-01-05 09:40:10.150,0.1185,0.1188,12.0,0.118,10.0,5811.0,241.0
2021-01-05 09:40:10.680,0.1185,0.1187,12.0,0.118,10.0,5811.0,241.0
2021-01-05 09:40:11.170,0.1185,0.1187,12.0,0.118,10.0,5811.0,241.0
2021-01-05 09:40:11.671,0.1185,0.1189,12.0,0.118,10.0,5811.0,241.0
2021-01-05 09:40:12.190,0.1185,0.1189,12.0,0.1181,13.0,5811.0,241.0
2021-01-05 09:40:12.680,0.1185,0.119,12.0,0.1182,10.0,5811.0,241.0
2021-01-05 09:40:13.170,0.1185,0.1192,12.0,0.118,10.0,5811.0,241.0
2021-01-05 09:40:13.431,0.1185,0.1193,12.0,0.1181,23.0,5811.0,241.0
2021-01-05 09:40:14.150,0.1185,0.1193,12.0,0.1181,23.0,5811.0,241.0
2021-01-05 09:40:14.701,0.1185,0.1192,12.0,0.1181,23.0,5811.0,241.0
2021-01-05 09:40:15.191,0.1185,0.1193,12.0,0.1181,23.0,5811.0,241.0
2021-01-05 09:40:15.690,0.1185,0.1193,12.0,0.1181,23.0,5811.0,241.0
2021-01-05 09:40:16.140,0.1185,0.1193,12.0,0.1181,23.0,5811.0,241.0
2021-01-05 09:40:16.610,0.1185,0.1193,12.0,0.1181,23.0,5811.0,241.0
2021-01-05 09:40:17.191,0.1185,0.1193,12.0,0.1181,23.0,5811.0,241.0
2021-01-05 09:40:17.661,0.1185,0.1193,12.0,0.1181,23.0,5811.0,241.0
2021-01-05 09:40:18.120,0.1185,0.1193,12.0,0.1181,33.0,5811.0,241.0
2021-01-05 09:40:18.641,0.1185,0.1192,12.0,0.1181,33.0,5811.0,241.0
2021-01-05 09:40:19.190,0.1185,0.1193,12.0,0.1181,33.0,5811.0,241.0
2021-01-05 09:40:19.711,0.1185,0.1193,12.0,0.1181,33.0,5811.0,241.0
2021-01-05 09:40:20.191,0.1185,0.1192,24.0,0.1181,33.0,5811.0,241.0
2021-01-05 09:40:20.691,0.1185,0.1192,26.0,0.1181,10.0,5811.0,241.0
2021-01-05 09:40:21.200,0.1185,0.1188,10.0,0.1181,20.0,5811.0,241.0
2021-01-05 09:40:21.701,0.1185,0.1186,12.0,0.1181,10.0,5811.0,241.0
2021-01-05 09:40:22.210,0.1185,0.1186,12.0,0.1181,10.0,5811.0,241.0
2021-01-05 09:40:23.701,0.1185,0.1186,12.0,0.1181,10.0,5811.0,241.0
2021-01-05 09:40:24.681,0.1185,0.1186,12.0,0.1181,10.0,5811.0,241.0
2021-01-05 09:40:25.570,0.1185,0.1186,12.0,0.1181,10.0,5811.0,241.0
2021-01-05 09:40:26.181,0.1185,0.1186,12.0,0.1181,10.0,5811.0,241.0
2021-01-05 09:40:26.650,0.1185,0.1186,12.0,0.118,10.0,5811.0,241.0
2021-01-05 09:40:27.140,0.1185,0.1186,12.0,0.118,10.0,5811.0,241.0
2021-01-05 09:40:27.701,0.1185,0.1186,12.0,0.1179,10.0,5811.0,241.0
2021-01-05 09:40:28.200,0.1185,0.1185,12.0,0.118,10.0,5811.0,241.0
2021-01-05 09:40:28.690,0.1185,0.1186,12.0,0.118,10.0,5811.0,241.0
2021-01-05 09:40:29.170,0.1185,0.1186,12.0,0.118,10.0,5811.0,241.0
2021-01-05 09:40:30.160,0.1185,0.1186,12.0,0.118,10.0,5811.0,241.0
2021-01-05 09:40:32.611,0.1185,0.1186,12.0,0.118,10.0,5811.0,241.0
2021-01-05 09:40:33.180,0.1185,0.1188,12.0,0.118,35.0,5811.0,241.0
2021-01-05 09:40:33.551,0.1185,0.119,12.0,0.1181,25.0,5811.0,241.0
2021-01-05 09:40:34.171,0.1185,0.119,12.0,0.1181,23.0,5811.0,241.0
2021-01-05 09:40:35.201,0.1185,0.119,12.0,0.1182,10.0,5811.0,241.0
2021-01-05 09:40:35.681,0.1185,0.119,12.0,0.1182,10.0,5811.0,241.0
2021-01-05 09:40:36.161,0.1185,0.119,12.0,0.1183,13.0,5811.0,241.0
2021-01-05 09:40:36.620,0.1185,0.119,12.0,0.1183,23.0,5811.0,241.0
2021-01-05 09:40:37.201,0.1185,0.119,12.0,0.1183,10.0,5811.0,241.0
2021-01-05 09:40:37.510,0.1185,0.119,12.0,0.1184,10.0,5811.0,241.0
2021-01-05 09:40:38.130,0.1185,0.119,12.0,0.1183,20.0,5811.0,241.0
2021-01-05 09:40:38.651,0.1185,0.119,12.0,0.1184,13.0,5811.0,241.0
2021-01-05 09:40:39.681,0.1185,0.119,12.0,0.1184,13.0,5811.0,241.0
2021-01-05 09:40:40.151,0.1185,0.119,12.0,0.1184,13.0,5811.0,241.0
2021-01-05 09:40:40.670,0.1185,0.119,12.0,0.1183,20.0,5811.0,241.0
2021-01-05 09:40:41.191,0.1185,0.119,12.0,0.1184,13.0,5811.0,241.0
2021-01-05 09:40:41.640,0.1185,0.1191,12.0,0.1184,25.0,5811.0,241.0
2021-01-05 09:40:42.201,0.1185,0.1191,12.0,0.1184,35.0,5811.0,241.0
2021-01-05 09:40:43.621,0.1185,0.1192,1.0,0.1184,13.0,5811.0,241.0
2021-01-05 09:40:44.201,0.1185,0.119,12.0,0.1184,13.0,5811.0,241.0
2021-01-05 09:40:46.161,0.1185,0.1192,13.0,0.1184,25.0,5811.0,241.0
2021-01-05 09:40:48.700,0.1185,0.1192,13.0,0.1185,10.0,5811.0,241.0
2021-01-05 09:40:49.111,0.1185,0.1192,13.0,0.1184,22.0,5811.0,241.0
2021-01-05 09:40:49.640,0.1185,0.1192,13.0,0.1185,13.0,5811.0,241.0
2021-01-05 09:40:50.181,0.1185,0.1192,13.0,0.1185,13.0,5811.0,241.0
2021-01-05 09:40:50.671,0.1185,0.1192,13.0,0.1186,10.0,5811.0,241.0
2021-01-05 09:40:51.021,0.1185,0.1192,13.0,0.1185,10.0,5811.0,241.0
2021-01-05 09:40:51.601,0.1185,0.1192,13.0,0.1187,10.0,5811.0,241.0
2021-01-05 09:40:52.650,0.1185,0.1192,13.0,0.1187,10.0,5811.0,241.0
2021-01-05 09:40:53.651,0.1185,0.1192,13.0,0.1187,10.0,5811.0,241.0
2021-01-05 09:40:54.141,0.1185,0.1192,13.0,0.1187,23.0,5811.0,241.0
2021-01-05 09:40:54.661,0.1185,0.1192,1.0,0.1187,22.0,5811.0,241.0
2021-01-05 09:40:55.111,0.1185,0.1192,1.0,0.1187,10.0,5811.0,241.0
2021-01-05 09:40:55.240,0.1185,0.119,12.0,0.1187,23.0,5811.0,241.0
2021-01-05 09:40:56.021,0.1185,0.1191,12.0,0.1187,10.0,5811.0,241.0
2021-01-05 09:40:56.711,0.1185,0.1191,12.0,0.1187,10.0,5811.0,241.0
2021-01-05 09:40:57.710,0.1185,0.1191,12.0,0.1187,10.0,5811.0,241.0
2021-01-05 09:40:58.200,0.1185,0.1191,12.0,0.1187,23.0,5811.0,241.0
2021-01-05 09:40:58.721,0.1185,0.1191,12.0,0.1187,23.0,5811.0,241.0
2021-01-05 09:40:58.980,0.1185,0.1192,1.0,0.1187,23.0,5811.0,241.0
2021-01-05 09:41:01.041,0.1185,0.1192,13.0,0.1187,23.0,5811.0,241.0
2021-01-05 09:41:01.650,0.1185,0.1192,1.0,0.1187,10.0,5811.0,241.0
2021-01-05 09:41:02.190,0.1185,0.1192,1.0,0.1188,13.0,5811.0,241.0
2021-01-05 09:41:02.661,0.1185,0.1192,1.0,0.1188,13.0,5811.0,241.0
2021-01-05 09:41:03.110,0.1185,0.1192,13.0,0.1188,13.0,5811.0,241.0
2021-01-05 09:41:03.721,0.1185,0.1192,1.0,0.1188,13.0,5811.0,241.0
2021-01-05 09:41:04.180,0.1185,0.1192,1.0,0.1188,13.0,5811.0,241.0
2021-01-05 09:41:04.680,0.1185,0.1192,13.0,0.1188,13.0,5811.0,241.0
2021-01-05 09:41:05.220,0.1185,0.1192,1.0,0.1189,10.0,5811.0,241.0
2021-01-05 09:41:05.660,0.1185,0.1192,1.0,0.1188,10.0,5811.0,241.0
2021-01-05 09:41:06.221,0.1185,0.1192,1.0,0.1188,23.0,5811.0,241.0
2021-01-05 09:41:06.680,0.1185,0.1191,12.0,0.1188,23.0,5811.0,241.0
2021-01-05 09:41:07.100,0.1185,0.119,12.0,0.1188,10.0,5811.0,241.0
2021-01-05 09:41:08.201,0.1185,0.119,12.0,0.1188,10.0,5811.0,241.0
2021-01-05 09:41:08.701,0.1185,0.1192,1.0,0.1188,10.0,5811.0,241.0
2021-01-05 09:41:09.210,0.1185,0.1192,1.0,0.1188,10.0,5811.0,241.0
2021-01-05 09:41:09.650,0.1185,0.119,10.0,0.1188,10.0,5811.0,241.0
2021-01-05 09:41:10.220,0.1185,0.1192,13.0,0.1188,10.0,5811.0,241.0
2021-01-05 09:41:10.710,0.1185,0.119,12.0,0.1187,10.0,5811.0,241.0
2021-01-05 09:41:11.210,0.1185,0.119,12.0,0.1187,10.0,5811.0,241.0
2021-01-05 09:41:11.711,0.1185,0.119,12.0,0.1188,10.0,5811.0,241.0
2021-01-05 09:41:12.151,0.1185,0.119,12.0,0.1187,10.0,5811.0,241.0
2021-01-05 09:41:12.710,0.1185,0.119,12.0,0.1186,10.0,5811.0,241.0
2021-01-05 09:41:13.161,0.1185,0.1192,1.0,0.1188,10.0,5811.0,241.0
2021-01-05 09:41:13.701,0.1185,0.1192,1.0,0.1187,10.0,5811.0,241.0
2021-01-05 09:41:14.160,0.1185,0.1191,12.0,0.1185,10.0,5811.0,241.0
2021-01-05 09:41:14.671,0.1185,0.1191,12.0,0.1188,10.0,5811.0,241.0
2021-01-05 09:41:15.180,0.1185,0.1191,12.0,0.1184,3.0,5811.0,241.0
2021-01-05 09:41:15.601,0.1185,0.1191,12.0,0.1185,13.0,5811.0,241.0
2021-01-05 09:41:16.500,0.1185,0.119,12.0,0.1185,13.0,5811.0,241.0
2021-01-05 09:41:17.670,0.1185,0.119,12.0,0.1185,13.0,5811.0,241.0
2021-01-05 09:41:18.200,0.1185,0.1191,12.0,0.1185,13.0,5811.0,241.0
2021-01-05 09:41:18.600,0.1185,0.1191,12.0,0.1185,23.0,5811.0,241.0
2021-01-05 09:41:19.161,0.1185,0.119,12.0,0.1185,23.0,5811.0,241.0
2021-01-05 09:41:19.601,0.1185,0.119,12.0,0.1185,23.0,5811.0,241.0
2021-01-05 09:41:20.070,0.1185,0.119,12.0,0.1185,23.0,5811.0,241.0
2021-01-05 09:41:20.721,0.1185,0.119,12.0,0.1185,23.0,5811.0,241.0
2021-01-05 09:41:21.190,0.1185,0.119,12.0,0.1185,23.0,5811.0,241.0
2021-01-05 09:41:22.700,0.1185,0.119,12.0,0.1185,23.0,5811.0,241.0
2021-01-05 09:41:23.641,0.1185,0.119,12.0,0.1185,23.0,5811.0,241.0
2021-01-05 09:41:24.171,0.1185,0.119,12.0,0.1185,23.0,5811.0,241.0
2021-01-05 09:41:25.120,0.1185,0.119,12.0,0.1185,23.0,5811.0,241.0
2021-01-05 09:41:27.131,0.1185,0.119,12.0,0.1185,23.0,5811.0,241.0
2021-01-05 09:41:27.710,0.1185,0.1187,10.0,0.1185,23.0,5811.0,241.0
2021-01-05 09:41:28.171,0.1185,0.1187,12.0,0.1185,23.0,5811.0,241.0
2021-01-05 09:41:28.540,0.1185,0.119,12.0,0.1185,23.0,5811.0,241.0
2021-01-05 09:41:29.070,0.1185,0.119,12.0,0.1185,23.0,5811.0,241.0
2021-01-05 09:41:29.690,0.1185,0.119,12.0,0.1185,23.0,5811.0,241.0
2021-01-05 09:41:30.670,0.1185,0.119,12.0,0.1185,10.0,5811.0,241.0
2021-01-05 09:41:31.181,0.1185,0.1192,11.0,0.1185,23.0,5811.0,241.0
2021-01-05 09:41:31.700,0.1185,0.1191,12.0,0.1183,12.0,5811.0,251.0
2021-01-05 09:41:32.220,0.1185,0.1191,12.0,0.1184,13.0,5811.0,251.0
2021-01-05 09:41:32.670,0.1185,0.1191,12.0,0.1184,13.0,5811.0,251.0
2021-01-05 09:41:33.171,0.1185,0.1191,12.0,0.1184,13.0,5811.0,251.0
2021-01-05 09:41:33.680,0.1185,0.1191,12.0,0.1184,13.0,5811.0,251.0
2021-01-05 09:41:34.120,0.1185,0.1191,12.0,0.1184,13.0,5811.0,251.0
2021-01-05 09:41:35.221,0.1185,0.1191,12.0,0.1184,13.0,5811.0,251.0
2021-01-05 09:41:35.721,0.1185,0.119,12.0,0.1184,13.0,5811.0,251.0
2021-01-05 09:41:36.070,0.1185,0.119,12.0,0.1182,12.0,5811.0,251.0
2021-01-05 09:41:36.720,0.1185,0.119,12.0,0.1182,13.0,5811.0,251.0
2021-01-05 09:41:37.210,0.1185,0.119,35.0,0.1185,10.0,5811.0,251.0
2021-01-05 09:41:37.711,0.1185,0.1188,12.0,0.1184,10.0,5811.0,251.0
2021-01-05 09:41:38.220,0.1185,0.1188,25.0,0.1186,10.0,5811.0,251.0
2021-01-05 09:41:38.710,0.1185,0.1188,25.0,0.1184,10.0,5811.0,251.0
2021-01-05 09:41:39.221,0.1185,0.1188,12.0,0.1184,10.0,5811.0,251.0
2021-01-05 09:41:39.521,0.1185,0.1186,10.0,0.1184,10.0,5811.0,251.0
2021-01-05 09:41:40.721,0.1185,0.1186,10.0,0.1184,10.0,5811.0,251.0
2021-01-05 09:41:41.130,0.1185,0.1186,10.0,0.1184,10.0,5811.0,251.0
2021-01-05 09:41:41.730,0.1185,0.1186,10.0,0.1184,10.0,5811.0,251.0
2021-01-05 09:41:42.201,0.1185,0.1186,10.0,0.1184,10.0,5811.0,251.0
2021-01-05 09:41:42.700,0.1185,0.1186,10.0,0.1185,12.0,5811.0,251.0
2021-01-05 09:41:43.080,0.1185,0.1186,10.0,0.1184,10.0,5811.0,251.0
2021-01-05 09:41:43.720,0.1185,0.1186,10.0,0.1184,10.0,5811.0,251.0
2021-01-05 09:41:44.671,0.1185,0.119,12.0,0.1184,10.0,5811.0,251.0
2021-01-05 09:41:45.701,0.1185,0.119,12.0,0.1184,10.0,5811.0,251.0
2021-01-05 09:41:46.241,0.1185,0.119,12.0,0.1184,10.0,5811.0,251.0
2021-01-05 09:41:46.661,0.1185,0.119,12.0,0.1184,10.0,5811.0,251.0
2021-01-05 09:41:47.170,0.1185,0.119,12.0,0.1184,10.0,5811.0,251.0
2021-01-05 09:41:47.741,0.1185,0.1192,10.0,0.1184,10.0,5811.0,251.0
2021-01-05 09:41:48.181,0.1185,0.119,12.0,0.1184,10.0,5811.0,251.0
2021-01-05 09:41:48.740,0.1185,0.119,12.0,0.1184,10.0,5811.0,251.0
2021-01-05 09:41:49.191,0.1185,0.1192,22.0,0.1185,13.0,5811.0,251.0
2021-01-05 09:41:49.750,0.1185,0.119,12.0,0.1185,13.0,5811.0,251.0
2021-01-05 09:41:50.231,0.1185,0.119,12.0,0.1184,10.0,5811.0,251.0
2021-01-05 09:41:50.751,0.1185,0.119,12.0,0.1184,23.0,5811.0,251.0
2021-01-05 09:41:51.251,0.1185,0.1192,22.0,0.1184,22.0,5811.0,251.0
2021-01-05 09:41:51.760,0.1185,0.1192,22.0,0.1185,13.0,5811.0,251.0
2021-01-05 09:41:52.261,0.1185,0.1192,10.0,0.1184,10.0,5811.0,251.0
2021-01-05 09:41:52.321,0.1185,0.119,12.0,0.1184,23.0,5811.0,251.0
2021-01-05 09:41:53.201,0.1185,0.119,12.0,0.1184,10.0,5811.0,251.0
2021-01-05 09:41:53.681,0.1185,0.119,12.0,0.1184,10.0,5811.0,251.0
2021-01-05 09:41:55.101,0.1185,0.1185,10.0,0.1184,10.0,5811.0,251.0
2021-01-05 09:41:55.911,0.1184,0.1185,10.0,0.118,12.0,5811.0,261.0
2021-01-05 09:41:56.670,0.1184,0.1185,10.0,0.1181,13.0,5811.0,261.0
2021-01-05 09:41:57.110,0.1184,0.1185,10.0,0.1181,13.0,5811.0,261.0
2021-01-05 09:41:57.640,0.1184,0.1185,10.0,0.1181,13.0,5811.0,261.0
2021-01-05 09:41:58.140,0.1184,0.1185,10.0,0.1181,13.0,5811.0,261.0
2021-01-05 09:41:58.660,0.1184,0.1185,10.0,0.1181,13.0,5811.0,261.0
2021-01-05 09:41:59.131,0.1184,0.1185,10.0,0.1181,13.0,5811.0,261.0
2021-01-05 09:41:59.700,0.1184,0.1185,10.0,0.1181,13.0,5811.0,261.0
2021-01-05 09:42:00.151,0.1184,0.1185,10.0,0.1181,25.0,5811.0,261.0
2021-01-05 09:42:00.701,0.1184,0.1185,10.0,0.1181,13.0,5811.0,261.0
2021-01-05 09:42:01.651,0.1184,0.1185,10.0,0.1182,10.0,5811.0,261.0
2021-01-05 09:42:02.201,0.1184,0.1185,10.0,0.1181,10.0,5811.0,261.0
2021-01-05 09:42:03.161,0.1184,0.1185,10.0,0.1181,10.0,5811.0,261.0
2021-01-05 09:42:05.211,0.1184,0.1185,10.0,0.1181,10.0,5811.0,261.0
2021-01-05 09:42:05.711,0.1184,0.1185,10.0,0.1181,10.0,5811.0,261.0
2021-01-05 09:42:06.181,0.1184,0.1185,10.0,0.1181,10.0,5811.0,261.0
2021-01-05 09:42:06.690,0.1184,0.1185,10.0,0.1181,10.0,5811.0,261.0
2021-01-05 09:42:07.230,0.1184,0.1185,10.0,0.1181,10.0,5811.0,261.0
2021-01-05 09:42:09.230,0.1184,0.1185,10.0,0.1181,10.0,5811.0,261.0
2021-01-05 09:42:11.211,0.1184,0.1185,22.0,0.1181,10.0,5811.0,261.0
2021-01-05 09:42:11.691,0.1184,0.1185,23.0,0.118,10.0,5811.0,261.0
2021-01-05 09:42:12.210,0.1184,0.1185,23.0,0.118,10.0,5811.0,261.0
2021-01-05 09:42:13.211,0.1184,0.1185,23.0,0.118,10.0,5811.0,261.0
2021-01-05 09:42:13.731,0.1184,0.1185,11.0,0.118,10.0,5811.0,261.0
2021-01-05 09:42:14.150,0.1184,0.1185,11.0,0.118,10.0,5811.0,261.0
2021-01-05 09:42:15.170,0.1184,0.1185,11.0,0.118,10.0,5811.0,261.0
2021-01-05 09:42:15.650,0.1184,0.1185,11.0,0.1182,12.0,5811.0,261.0
2021-01-05 09:42:16.181,0.1184,0.1185,11.0,0.118,22.0,5811.0,261.0
2021-01-05 09:42:18.701,0.1184,0.1185,11.0,0.118,22.0,5811.0,261.0
2021-01-05 09:42:19.210,0.1184,0.1185,11.0,0.1181,12.0,5811.0,261.0
2021-01-05 09:42:19.721,0.1184,0.1185,11.0,0.1181,12.0,5811.0,261.0
2021-01-05 09:42:20.150,0.1184,0.1185,11.0,0.1181,25.0,5811.0,261.0
2021-01-05 09:42:20.720,0.1184,0.1185,11.0,0.1181,12.0,5811.0,261.0
2021-01-05 09:42:21.231,0.1184,0.1185,11.0,0.118,22.0,5811.0,261.0
2021-01-05 09:42:21.621,0.1184,0.1185,11.0,0.118,35.0,5811.0,261.0
2021-01-05 09:42:22.221,0.1184,0.1185,11.0,0.118,35.0,5811.0,261.0
2021-01-05 09:42:23.650,0.1184,0.1185,11.0,0.118,23.0,5811.0,261.0
2021-01-05 09:42:24.151,0.1184,0.1185,23.0,0.118,23.0,5811.0,261.0
2021-01-05 09:42:24.670,0.1184,0.1185,23.0,0.118,10.0,5811.0,261.0
2021-01-05 09:42:25.200,0.1184,0.1185,11.0,0.118,10.0,5811.0,261.0
2021-01-05 09:42:25.621,0.1184,0.1185,11.0,0.118,10.0,5811.0,261.0
2021-01-05 09:42:27.171,0.1184,0.1185,11.0,0.118,10.0,5811.0,261.0
2021-01-05 09:42:27.651,0.1184,0.1185,11.0,0.118,10.0,5811.0,261.0
2021-01-05 09:42:30.710,0.1184,0.1185,11.0,0.118,10.0,5811.0,261.0
2021-01-05 09:42:31.200,0.1184,0.1185,11.0,0.118,23.0,5811.0,261.0
2021-01-05 09:42:31.720,0.1184,0.1185,11.0,0.118,10.0,5811.0,261.0
2021-01-05 09:42:32.721,0.1184,0.1185,11.0,0.118,10.0,5811.0,261.0
2021-01-05 09:42:32.781,0.1184,0.1185,11.0,0.118,23.0,5811.0,261.0
2021-01-05 09:42:34.210,0.1184,0.1185,11.0,0.118,23.0,5811.0,261.0
2021-01-05 09:42:34.731,0.1184,0.1185,11.0,0.118,10.0,5811.0,261.0
2021-01-05 09:42:37.251,0.1184,0.1185,23.0,0.118,10.0,5811.0,261.0
2021-01-05 09:42:40.221,0.1184,0.1185,23.0,0.118,10.0,5811.0,261.0
2021-01-05 09:42:41.731,0.1184,0.1184,12.0,0.118,10.0,5811.0,261.0
2021-01-05 09:42:42.250,0.118,0.1184,12.0,0.1176,32.0,5811.0,271.0
2021-01-05 09:42:42.711,0.118,0.1184,12.0,0.1177,13.0,5811.0,271.0
2021-01-05 09:42:43.251,0.118,0.1184,12.0,0.1177,13.0,5811.0,271.0
2021-01-05 09:42:43.741,0.118,0.1185,23.0,0.1178,12.0,5811.0,271.0
2021-01-05 09:42:44.211,0.118,0.1185,23.0,0.1178,12.0,5811.0,271.0
2021-01-05 09:42:44.751,0.118,0.1183,12.0,0.1176,10.0,5811.0,271.0
2021-01-05 09:42:45.191,0.118,0.1185,11.0,0.1177,13.0,5811.0,271.0
2021-01-05 09:42:45.650,0.118,0.1185,36.0,0.1177,12.0,5811.0,271.0
2021-01-05 09:42:46.240,0.118,0.1185,36.0,0.1177,25.0,5811.0,271.0
2021-01-05 09:42:46.741,0.118,0.1183,12.0,0.1177,13.0,5811.0,271.0
2021-01-05 09:42:48.171,0.118,0.1183,12.0,0.1178,10.0,5811.0,271.0
2021-01-05 09:42:48.720,0.118,0.1185,23.0,0.1179,13.0,5811.0,271.0
2021-01-05 09:42:49.750,0.118,0.1185,23.0,0.1179,23.0,5811.0,271.0
2021-01-05 09:42:50.720,0.118,0.1185,23.0,0.1179,13.0,5811.0,271.0
2021-01-05 09:42:51.060,0.118,0.1185,23.0,0.118,10.0,5811.0,271.0
2021-01-05 09:42:51.761,0.118,0.1185,23.0,0.118,10.0,5811.0,271.0
2021-01-05 09:42:52.251,0.118,0.1185,23.0,0.118,13.0,5811.0,271.0
2021-01-05 09:42:55.190,0.118,0.1185,23.0,0.1181,10.0,5811.0,271.0
2021-01-05 09:42:55.701,0.118,0.1185,23.0,0.118,10.0,5811.0,271.0
2021-01-05 09:42:56.191,0.118,0.1185,23.0,0.118,23.0,5811.0,271.0
2021-01-05 09:42:57.661,0.118,0.1185,23.0,0.118,23.0,5811.0,271.0
2021-01-05 09:42:58.220,0.118,0.1185,23.0,0.118,23.0,5811.0,271.0
2021-01-05 09:42:58.731,0.118,0.1185,23.0,0.118,23.0,5811.0,271.0
2021-01-05 09:42:59.230,0.118,0.1185,23.0,0.118,10.0,5811.0,271.0
2021-01-05 09:42:59.730,0.118,0.1185,23.0,0.118,10.0,5811.0,271.0
2021-01-05 09:43:00.131,0.118,0.1185,23.0,0.118,23.0,5811.0,271.0
2021-01-05 09:43:00.721,0.118,0.1185,33.0,0.118,23.0,5811.0,271.0
2021-01-05 09:43:01.211,0.118,0.1185,33.0,0.118,10.0,5811.0,271.0
2021-01-05 09:43:01.701,0.118,0.1185,33.0,0.118,10.0,5811.0,271.0
2021-01-05 09:43:02.150,0.118,0.1185,33.0,0.118,23.0,5811.0,271.0
2021-01-05 09:43:02.681,0.118,0.1185,21.0,0.118,23.0,5811.0,271.0
2021-01-05 09:43:02.681,0.118,0.1183,12.0,0.118,23.0,5811.0,271.0
2021-01-05 09:43:04.740,0.118,0.1185,21.0,0.118,10.0,5811.0,271.0
2021-01-05 09:43:05.251,0.118,0.1185,21.0,0.1181,13.0,5811.0,271.0
2021-01-05 09:43:05.681,0.118,0.1185,21.0,0.1182,10.0,5811.0,271.0
2021-01-05 09:43:06.171,0.118,0.1185,11.0,0.1181,10.0,5811.0,271.0
2021-01-05 09:43:06.680,0.118,0.1185,11.0,0.1182,13.0,5811.0,271.0
2021-01-05 09:43:07.231,0.118,0.1185,11.0,0.1182,13.0,5811.0,271.0
2021-01-05 09:43:07.710,0.118,0.1185,11.0,0.1182,13.0,5811.0,271.0
2021-01-05 09:43:08.181,0.118,0.1185,11.0,0.1183,10.0,5811.0,271.0
2021-01-05 09:43:08.701,0.118,0.1185,11.0,0.1183,10.0,5811.0,271.0
2021-01-05 09:43:09.231,0.118,0.1185,11.0,0.1182,10.0,5811.0,271.0
2021-01-05 09:43:09.740,0.118,0.1185,11.0,0.1182,23.0,5811.0,271.0
2021-01-05 09:43:10.150,0.118,0.1185,23.0,0.1182,10.0,5811.0,271.0
2021-01-05 09:43:10.150,0.118,0.1185,13.0,0.1182,10.0,5811.0,271.0
2021-01-05 09:43:11.750,0.118,0.1185,13.0,0.1182,10.0,5811.0,271.0
2021-01-05 09:43:12.171,0.118,0.1185,13.0,0.1182,10.0,5811.0,271.0
2021-01-05 09:43:13.210,0.118,0.1185,1.0,0.1182,10.0,5811.0,271.0
2021-01-05 09:43:13.740,0.118,0.1185,1.0,0.1182,23.0,5811.0,271.0
2021-01-05 09:43:14.270,0.118,0.1185,1.0,0.1182,10.0,5811.0,271.0
2021-01-05 09:43:15.241,0.1185,0.1189,22.0,0.1183,13.0,5811.0,272.0
2021-01-05 09:43:15.711,0.1185,0.1189,10.0,0.1184,10.0,5811.0,272.0
2021-01-05 09:43:16.270,0.1185,0.1189,22.0,0.1181,12.0,5811.0,272.0
2021-01-05 09:43:16.501,0.1185,0.1187,12.0,0.1183,10.0,5811.0,272.0
2021-01-05 09:43:17.271,0.1185,0.1187,12.0,0.1183,10.0,5811.0,272.0
2021-01-05 09:43:17.771,0.1185,0.1189,22.0,0.1183,23.0,5811.0,272.0
2021-01-05 09:43:18.270,0.1185,0.1189,22.0,0.1183,23.0,5811.0,272.0
2021-01-05 09:43:19.761,0.1185,0.1189,10.0,0.1183,23.0,5811.0,272.0
2021-01-05 09:43:20.281,0.1185,0.1189,10.0,0.1183,10.0,5811.0,272.0
2021-01-05 09:43:20.731,0.1185,0.1189,10.0,0.1183,10.0,5811.0,272.0
2021-01-05 09:43:21.271,0.1185,0.1189,10.0,0.1183,10.0,5811.0,272.0
2021-01-05 09:43:21.701,0.1185,0.1189,10.0,0.1183,10.0,5811.0,272.0
2021-01-05 09:43:22.281,0.1185,0.1189,22.0,0.1183,10.0,5811.0,272.0
2021-01-05 09:43:22.671,0.1185,0.1189,22.0,0.1183,10.0,5811.0,272.0
2021-01-05 09:43:23.190,0.1185,0.1189,22.0,0.1183,10.0,5811.0,272.0
2021-01-05 09:43:23.651,0.1185,0.1189,22.0,0.1183,10.0,5811.0,272.0
2021-01-05 09:43:24.120,0.1185,0.1189,22.0,0.1183,10.0,5811.0,272.0
2021-01-05 09:43:25.201,0.1183,0.1187,12.0,0.118,3.0,5811.0,282.0
2021-01-05 09:43:25.701,0.1183,0.1187,12.0,0.1181,16.0,5811.0,282.0
2021-01-05 09:43:26.181,0.1183,0.1187,12.0,0.1181,3.0,5811.0,282.0
2021-01-05 09:43:26.621,0.1183,0.1187,12.0,0.1181,3.0,5811.0,282.0
2021-01-05 09:43:27.190,0.1183,0.1188,12.0,0.1181,3.0,5811.0,282.0
2021-01-05 09:43:27.620,0.1183,0.1188,12.0,0.1181,3.0,5811.0,282.0
2021-01-05 09:43:28.091,0.1183,0.1188,12.0,0.1181,16.0,5811.0,282.0
2021-01-05 09:43:28.700,0.1183,0.1187,12.0,0.1181,16.0,5811.0,282.0
2021-01-05 09:43:29.701,0.1183,0.1187,12.0,0.1181,3.0,5811.0,282.0
2021-01-05 09:43:30.701,0.1183,0.1187,12.0,0.1182,10.0,5811.0,282.0
2021-01-05 09:43:31.111,0.1183,0.1187,12.0,0.1181,10.0,5811.0,282.0
2021-01-05 09:43:31.720,0.1183,0.1187,12.0,0.1183,10.0,5811.0,282.0
2021-01-05 09:43:32.181,0.1183,0.1187,12.0,0.1178,3.0,5811.0,292.0
2021-01-05 09:43:32.680,0.1183,0.1183,10.0,0.1179,13.0,5811.0,292.0
2021-01-05 09:43:33.141,0.1183,0.1183,10.0,0.1179,16.0,5811.0,292.0
2021-01-05 09:43:34.230,0.1183,0.1183,10.0,0.1179,16.0,5811.0,292.0
2021-01-05 09:43:35.160,0.1183,0.1183,10.0,0.1179,16.0,5811.0,292.0
2021-01-05 09:43:35.681,0.1183,0.1183,10.0,0.1179,13.0,5811.0,292.0
2021-01-05 09:43:36.661,0.1183,0.1183,10.0,0.1179,13.0,5811.0,292.0
2021-01-05 09:43:37.631,0.1183,0.1186,12.0,0.118,10.0,5811.0,292.0
2021-01-05 09:43:38.221,0.1183,0.1188,12.0,0.1179,10.0,5811.0,292.0
2021-01-05 09:43:38.680,0.1183,0.1187,12.0,0.118,13.0,5811.0,292.0
2021-01-05 09:43:39.241,0.1183,0.1188,12.0,0.1179,10.0,5811.0,292.0
2021-01-05 09:43:39.700,0.1183,0.1187,12.0,0.1179,23.0,5811.0,292.0
2021-01-05 09:43:40.230,0.1183,0.1186,12.0,0.1179,10.0,5811.0,292.0
2021-01-05 09:43:40.731,0.1183,0.1187,12.0,0.118,13.0,5811.0,292.0
2021-01-05 09:43:41.231,0.1183,0.1188,12.0,0.118,13.0,5811.0,292.0
2021-01-05 09:43:41.671,0.1183,0.1188,12.0,0.1179,10.0,5811.0,292.0
2021-01-05 09:43:43.231,0.1183,0.1188,12.0,0.1179,10.0,5811.0,292.0
2021-01-05 09:43:43.371,0.1183,0.1189,12.0,0.118,13.0,5811.0,292.0
2021-01-05 09:43:45.720,0.1183,0.1189,12.0,0.118,13.0,5811.0,292.0
2021-01-05 09:43:46.151,0.1183,0.1188,12.0,0.118,13.0,5811.0,292.0
2021-01-05 09:43:46.710,0.1183,0.1187,12.0,0.1181,10.0,5811.0,292.0
2021-01-05 09:43:47.250,0.1183,0.1189,22.0,0.118,10.0,5811.0,292.0
2021-01-05 09:43:47.661,0.1183,0.1187,12.0,0.1181,10.0,5811.0,292.0
2021-01-05 09:43:48.220,0.1183,0.1188,12.0,0.1181,10.0,5811.0,292.0
2021-01-05 09:43:48.641,0.1183,0.1189,12.0,0.1181,10.0,5811.0,292.0
2021-01-05 09:43:50.721,0.1183,0.1189,12.0,0.1181,10.0,5811.0,292.0
2021-01-05 09:43:51.221,0.1183,0.1189,12.0,0.1181,10.0,5811.0,292.0
2021-01-05 09:43:51.660,0.1183,0.1188,12.0,0.1181,10.0,5811.0,292.0
2021-01-05 09:43:52.200,0.1183,0.1187,12.0,0.1181,10.0,5811.0,292.0
2021-01-05 09:43:52.681,0.1183,0.1188,12.0,0.1181,10.0,5811.0,292.0
2021-01-05 09:43:53.931,0.1183,0.1188,22.0,0.1181,10.0,5811.0,292.0
2021-01-05 09:43:54.680,0.1183,0.1185,1.0,0.1181,10.0,5811.0,292.0
2021-01-05 09:43:55.660,0.1183,0.1185,1.0,0.1181,10.0,5811.0,292.0
2021-01-05 09:43:56.721,0.1183,0.1185,1.0,0.118,10.0,5811.0,292.0
2021-01-05 09:43:57.650,0.1183,0.1185,13.0,0.1179,13.0,5811.0,292.0
2021-01-05 09:43:58.140,0.1183,0.1185,13.0,0.118,10.0,5811.0,292.0
2021-01-05 09:43:59.170,0.1183,0.1185,13.0,0.1179,13.0,5811.0,292.0
2021-01-05 09:44:00.131,0.1183,0.1183,12.0,0.118,10.0,5811.0,292.0
2021-01-05 09:44:00.701,0.1183,0.1185,1.0,0.1182,12.0,5811.0,292.0
2021-01-05 09:44:01.160,0.1183,0.1185,1.0,0.1181,12.0,5811.0,292.0
2021-01-05 09:44:02.711,0.1183,0.1185,1.0,0.1181,12.0,5811.0,292.0
2021-01-05 09:44:03.241,0.1183,0.1185,1.0,0.1181,12.0,5811.0,292.0
2021-01-05 09:44:03.750,0.1183,0.1185,1.0,0.1182,12.0,5811.0,292.0
2021-01-05 09:44:04.230,0.1183,0.1185,1.0,0.1182,12.0,5811.0,292.0
2021-01-05 09:44:04.751,0.1183,0.1185,1.0,0.1182,25.0,5811.0,292.0
2021-01-05 09:44:05.231,0.1183,0.1185,1.0,0.1182,13.0,5811.0,292.0
2021-01-05 09:44:05.681,0.1183,0.1185,13.0,0.118,13.0,5811.0,292.0
2021-01-05 09:44:06.261,0.1183,0.1185,1.0,0.1182,10.0,5811.0,292.0
2021-01-05 09:44:06.770,0.1183,0.1185,1.0,0.118,13.0,5811.0,292.0
2021-01-05 09:44:07.281,0.1183,0.1185,1.0,0.118,13.0,5811.0,292.0
2021-01-05 09:44:07.750,0.1183,0.1184,12.0,0.118,13.0,5811.0,292.0
2021-01-05 09:44:08.230,0.1183,0.1184,12.0,0.118,13.0,5811.0,292.0
2021-01-05 09:44:08.760,0.1183,0.1184,12.0,0.118,26.0,5811.0,292.0
2021-01-05 09:44:09.150,0.1183,0.1184,12.0,0.118,13.0,5811.0,292.0
2021-01-05 09:44:09.780,0.1183,0.1184,12.0,0.118,26.0,5811.0,292.0
2021-01-05 09:44:10.280,0.1183,0.1185,13.0,0.118,13.0,5811.0,292.0
2021-01-05 09:44:10.781,0.1183,0.1185,13.0,0.118,3.0,5811.0,292.0
2021-01-05 09:44:11.271,0.1183,0.1185,23.0,0.118,3.0,5811.0,292.0
2021-01-05 09:44:12.270,0.1183,0.1185,13.0,0.118,3.0,5811.0,292.0
2021-01-05 09:44:13.230,0.1183,0.1184,12.0,0.1177,13.0,5811.0,292.0
2021-01-05 09:44:13.770,0.1183,0.1184,12.0,0.1178,13.0,5811.0,292.0
2021-01-05 09:44:14.781,0.1183,0.1184,12.0,0.1178,13.0,5811.0,292.0
2021-01-05 09:44:15.280,0.1183,0.1184,12.0,0.1178,13.0,5811.0,292.0
2021-01-05 09:44:15.780,0.1183,0.1184,12.0,0.1178,13.0,5811.0,292.0
2021-01-05 09:44:16.281,0.1183,0.1184,12.0,0.1178,13.0,5811.0,292.0
2021-01-05 09:44:17.280,0.1183,0.1184,12.0,0.1178,13.0,5811.0,292.0
2021-01-05 09:44:17.770,0.1183,0.1184,22.0,0.1178,13.0,5811.0,292.0
2021-01-05 09:44:18.231,0.1183,0.1183,12.0,0.1178,13.0,5811.0,292.0
2021-01-05 09:44:18.780,0.1183,0.1183,12.0,0.1178,13.0,5811.0,292.0
2021-01-05 09:44:19.261,0.1183,0.1183,22.0,0.1178,13.0,5811.0,292.0
2021-01-05 09:44:20.240,0.1183,0.1183,12.0,0.1176,20.0,5811.0,292.0
2021-01-05 09:44:20.780,0.1183,0.1183,12.0,0.1176,20.0,5811.0,292.0
2021-01-05 09:44:21.270,0.1183,0.1185,1.0,0.1177,13.0,5811.0,292.0
2021-01-05 09:44:21.760,0.1183,0.1184,22.0,0.1177,13.0,5811.0,292.0
2021-01-05 09:44:22.131,0.1183,0.1185,13.0,0.1179,10.0,5811.0,292.0
2021-01-05 09:44:22.661,0.1183,0.1185,13.0,0.1179,10.0,5811.0,292.0
2021-01-05 09:44:22.991,0.1183,0.1185,13.0,0.1179,13.0,5811.0,292.0
2021-01-05 09:44:25.660,0.1183,0.1183,10.0,0.118,10.0,5811.0,292.0
2021-01-05 09:44:26.201,0.1183,0.1183,10.0,0.1179,23.0,5811.0,292.0
2021-01-05 09:44:26.701,0.1183,0.1183,10.0,0.1179,23.0,5811.0,292.0
2021-01-05 09:44:28.680,0.1183,0.1183,10.0,0.1179,23.0,5811.0,292.0
2021-01-05 09:44:29.200,0.1183,0.1183,10.0,0.1179,23.0,5811.0,292.0
2021-01-05 09:44:29.631,0.1183,0.1183,10.0,0.1179,10.0,5811.0,292.0
2021-01-05 09:44:30.201,0.1183,0.1183,10.0,0.118,13.0,5811.0,292.0
2021-01-05 09:44:30.720,0.1183,0.1183,10.0,0.1179,10.0,5811.0,292.0
2021-01-05 09:44:31.231,0.1183,0.1183,10.0,0.1179,23.0,5811.0,292.0
2021-01-05 09:44:32.220,0.1183,0.1183,10.0,0.1179,10.0,5811.0,292.0
2021-01-05 09:44:32.691,0.1183,0.1183,10.0,0.1179,10.0,5811.0,292.0
2021-01-05 09:44:33.240,0.1183,0.118,3.0,0.1179,23.0,5811.0,292.0
2021-01-05 09:44:33.290,0.118,0.118,1.0,0.1179,23.0,5811.0,294.0
2021-01-05 09:44:34.141,0.118,0.1183,10.0,0.1179,23.0,5811.0,295.0
2021-01-05 09:44:35.221,0.118,0.1183,10.0,0.1179,10.0,5811.0,295.0
2021-01-05 09:44:35.740,0.118,0.1183,10.0,0.1179,10.0,5811.0,295.0
2021-01-05 09:44:36.220,0.118,0.1183,10.0,0.1179,10.0,5811.0,295.0
2021-01-05 09:44:36.741,0.118,0.1183,10.0,0.1179,10.0,5811.0,295.0
2021-01-05 09:44:37.240,0.118,0.1183,10.0,0.1179,10.0,5811.0,295.0
2021-01-05 09:44:37.751,0.118,0.1183,10.0,0.1179,10.0,5811.0,295.0
2021-01-05 09:44:38.201,0.118,0.1183,10.0,0.1179,10.0,5811.0,295.0
2021-01-05 09:44:38.731,0.118,0.1183,10.0,0.1179,10.0,5811.0,295.0
2021-01-05 09:44:39.661,0.118,0.1183,10.0,0.1179,10.0,5811.0,295.0
2021-01-05 09:44:40.250,0.118,0.1183,10.0,0.1179,10.0,5811.0,295.0
2021-01-05 09:44:42.250,0.118,0.1183,10.0,0.1179,10.0,5811.0,295.0
2021-01-05 09:44:43.251,0.118,0.1183,10.0,0.1179,10.0,5811.0,295.0
2021-01-05 09:44:44.260,0.118,0.1183,10.0,0.1179,10.0,5811.0,295.0
2021-01-05 09:44:44.761,0.118,0.1183,10.0,0.1179,10.0,5811.0,295.0
2021-01-05 09:44:45.261,0.118,0.1183,10.0,0.1179,10.0,5811.0,295.0
2021-01-05 09:44:45.760,0.118,0.1182,12.0,0.1177,10.0,5811.0,295.0
2021-01-05 09:44:46.271,0.118,0.1183,10.0,0.1179,10.0,5811.0,295.0
2021-01-05 09:44:46.390,0.118,0.1183,10.0,0.1179,10.0,5811.0,295.0
2021-01-05 09:44:47.251,0.118,0.1183,22.0,0.1177,10.0,5811.0,295.0
2021-01-05 09:44:47.770,0.118,0.1183,10.0,0.1178,10.0,5811.0,295.0
2021-01-05 09:44:48.281,0.118,0.1184,32.0,0.1177,22.0,5811.0,295.0
2021-01-05 09:44:48.281,0.118,0.1182,12.0,0.1178,10.0,5811.0,295.0
2021-01-05 09:44:49.270,0.118,0.1182,12.0,0.1178,10.0,5811.0,295.0
2021-01-05 09:44:49.800,0.118,0.1179,10.0,0.1178,10.0,5811.0,295.0
2021-01-05 09:44:50.300,0.118,0.1179,10.0,0.1176,10.0,5811.0,295.0
2021-01-05 09:44:50.811,0.118,0.1179,10.0,0.1177,10.0,5811.0,295.0
2021-01-05 09:44:51.231,0.118,0.1179,10.0,0.1176,10.0,5811.0,295.0
2021-01-05 09:44:51.650,0.1179,0.1182,12.0,0.1176,10.0,5821.0,305.0
2021-01-05 09:44:52.311,0.1179,0.1183,12.0,0.1176,23.0,5821.0,305.0
2021-01-05 09:44:52.711,0.1179,0.1182,12.0,0.1176,23.0,5821.0,305.0
2021-01-05 09:44:53.201,0.1179,0.1182,12.0,0.1176,23.0,5821.0,305.0
2021-01-05 09:44:53.710,0.1179,0.1182,12.0,0.1176,10.0,5821.0,305.0
2021-01-05 09:44:54.201,0.1179,0.1182,12.0,0.1176,10.0,5821.0,305.0
2021-01-05 09:44:54.430,0.1179,0.1182,12.0,0.1176,10.0,5821.0,305.0
2021-01-05 09:44:54.970,0.1179,0.1183,12.0,0.1176,23.0,5821.0,305.0
2021-01-05 09:44:55.700,0.1179,0.1183,12.0,0.1176,23.0,5821.0,305.0
2021-01-05 09:44:56.220,0.1179,0.1182,12.0,0.1176,10.0,5821.0,305.0
2021-01-05 09:44:56.720,0.1179,0.1182,12.0,0.1176,23.0,5821.0,305.0
2021-01-05 09:44:57.160,0.1179,0.1182,12.0,0.1176,10.0,5821.0,305.0
2021-01-05 09:44:57.431,0.1179,0.1182,12.0,0.1177,10.0,5821.0,305.0
2021-01-05 09:44:58.120,0.1179,0.1182,12.0,0.1176,33.0,5821.0,305.0
2021-01-05 09:44:59.091,0.1179,0.1182,12.0,0.1176,20.0,5821.0,305.0
2021-01-05 09:44:59.711,0.1179,0.1184,10.0,0.1176,33.0,5821.0,305.0
2021-01-05 09:45:00.061,0.1179,0.1185,13.0,0.1177,12.0,5821.0,305.0
2021-01-05 09:45:00.591,0.1179,0.1183,12.0,0.1176,33.0,5821.0,305.0
2021-01-05 09:45:01.221,0.1179,0.1183,12.0,0.1178,10.0,5821.0,305.0
2021-01-05 09:45:01.680,0.1179,0.1183,12.0,0.1177,10.0,5821.0,305.0
2021-01-05 09:45:02.061,0.1179,0.1185,1.0,0.1179,12.0,5831.0,315.0
2021-01-05 09:45:02.710,0.1179,0.1185,1.0,0.1179,10.0,5831.0,315.0
2021-01-05 09:45:03.190,0.1179,0.1183,12.0,0.1179,10.0,5831.0,315.0
2021-01-05 09:45:05.221,0.1179,0.1183,12.0,0.1179,10.0,5831.0,315.0
2021-01-05 09:45:05.720,0.1179,0.1183,12.0,0.1179,10.0,5831.0,315.0
2021-01-05 09:45:06.721,0.1179,0.1183,12.0,0.1179,10.0,5831.0,315.0
2021-01-05 09:45:07.130,0.1179,0.1183,12.0,0.1179,10.0,5831.0,315.0
2021-01-05 09:45:07.720,0.1179,0.1183,12.0,0.1179,10.0,5831.0,315.0
2021-01-05 09:45:08.181,0.1179,0.1183,12.0,0.1176,20.0,5831.0,315.0
2021-01-05 09:45:09.190,0.1179,0.1184,12.0,0.1179,10.0,5831.0,315.0
2021-01-05 09:45:09.720,0.1179,0.1183,12.0,0.1179,10.0,5831.0,315.0
2021-01-05 09:45:10.200,0.1179,0.1183,12.0,0.1177,10.0,5831.0,315.0
2021-01-05 09:45:10.700,0.1179,0.1183,12.0,0.1177,10.0,5831.0,315.0
2021-01-05 09:45:11.720,0.1179,0.1183,12.0,0.1177,10.0,5831.0,315.0
2021-01-05 09:45:12.150,0.1179,0.1183,12.0,0.1177,10.0,5831.0,315.0
2021-01-05 09:45:14.701,0.1179,0.1183,12.0,0.1177,10.0,5831.0,315.0
2021-01-05 09:45:15.230,0.1179,0.1183,12.0,0.1176,20.0,5831.0,315.0
2021-01-05 09:45:15.721,0.1179,0.1183,12.0,0.1178,10.0,5831.0,315.0
2021-01-05 09:45:16.230,0.1179,0.1183,12.0,0.1177,10.0,5831.0,315.0
2021-01-05 09:45:16.741,0.1179,0.1183,12.0,0.1177,10.0,5831.0,315.0
2021-01-05 09:45:17.731,0.1179,0.1183,12.0,0.1177,20.0,5831.0,315.0
2021-01-05 09:45:18.161,0.1179,0.1183,12.0,0.1177,33.0,5831.0,315.0
2021-01-05 09:45:18.691,0.1179,0.1183,12.0,0.1177,20.0,5831.0,315.0
2021-01-05 09:45:19.191,0.1179,0.1183,12.0,0.1177,10.0,5831.0,315.0
2021-01-05 09:45:19.731,0.1179,0.1182,12.0,0.1177,10.0,5831.0,315.0
2021-01-05 09:45:21.191,0.1179,0.1182,12.0,0.1177,10.0,5831.0,315.0
2021-01-05 09:45:21.731,0.1179,0.1182,12.0,0.1177,10.0,5831.0,315.0
2021-01-05 09:45:22.240,0.1179,0.1182,12.0,0.1177,20.0,5831.0,315.0
2021-01-05 09:45:22.710,0.1179,0.1184,10.0,0.1177,10.0,5831.0,315.0
2021-01-05 09:45:23.671,0.1179,0.1182,12.0,0.1176,10.0,5831.0,315.0
2021-01-05 09:45:24.201,0.1179,0.1181,12.0,0.1176,10.0,5831.0,315.0
2021-01-05 09:45:24.701,0.1179,0.1181,12.0,0.1176,20.0,5831.0,315.0
2021-01-05 09:45:25.131,0.1184,0.1184,4.0,0.1176,20.0,5821.0,365.0
2021-01-05 09:45:25.590,0.1184,0.1183,10.0,0.1178,12.0,5821.0,365.0
2021-01-05 09:45:26.220,0.1184,0.1183,12.0,0.1176,10.0,5821.0,365.0
2021-01-05 09:45:26.681,0.1184,0.1182,12.0,0.1176,10.0,5821.0,365.0
2021-01-05 09:45:27.211,0.1184,0.1182,42.0,0.1176,10.0,5821.0,365.0
2021-01-05 09:45:27.711,0.1184,0.118,12.0,0.1176,10.0,5821.0,365.0
2021-01-05 09:45:28.220,0.1184,0.118,12.0,0.1176,10.0,5821.0,365.0
2021-01-05 09:45:28.700,0.1184,0.118,12.0,0.1176,10.0,5821.0,365.0
2021-01-05 09:45:29.140,0.1184,0.118,12.0,0.1176,10.0,5821.0,365.0
2021-01-05 09:45:29.711,0.1184,0.118,12.0,0.1176,10.0,5821.0,365.0
2021-01-05 09:45:30.710,0.1184,0.118,12.0,0.1176,10.0,5821.0,365.0
2021-01-05 09:45:31.211,0.1184,0.118,12.0,0.1176,10.0,5821.0,365.0
2021-01-05 09:45:31.701,0.1184,0.118,12.0,0.1176,10.0,5821.0,365.0
2021-01-05 09:45:32.160,0.1184,0.1179,10.0,0.1176,10.0,5821.0,365.0
2021-01-05 09:45:32.690,0.1184,0.1179,10.0,0.1176,10.0,5821.0,365.0
2021-01-05 09:45:33.180,0.1184,0.118,22.0,0.1176,10.0,5821.0,365.0
2021-01-05 09:45:33.670,0.1184,0.1179,20.0,0.1176,10.0,5821.0,365.0
2021-01-05 09:45:34.220,0.1176,0.1178,10.0,0.1176,9.0,5821.0,366.0
2021-01-05 09:45:34.690,0.1176,0.1178,10.0,0.1176,5.0,5821.0,370.0
2021-01-05 09:45:35.190,0.1176,0.1179,30.0,0.1176,5.0,5821.0,370.0
2021-01-05 09:45:35.731,0.1176,0.1179,20.0,0.1173,12.0,5821.0,375.0
2021-01-05 09:45:36.240,0.1176,0.1179,20.0,0.1173,12.0,5821.0,375.0
2021-01-05 09:45:36.730,0.1176,0.1179,20.0,0.1172,10.0,5821.0,375.0
2021-01-05 09:45:37.241,0.1176,0.1177,12.0,0.1172,10.0,5821.0,375.0
2021-01-05 09:45:37.731,0.1176,0.1177,12.0,0.1172,10.0,5821.0,375.0
2021-01-05 09:45:38.240,0.1176,0.1179,20.0,0.1172,10.0,5821.0,375.0
2021-01-05 09:45:38.621,0.1176,0.1179,20.0,0.1174,12.0,5821.0,375.0
2021-01-05 09:45:39.210,0.1176,0.1181,10.0,0.1174,12.0,5821.0,375.0
2021-01-05 09:45:39.710,0.1176,0.1179,12.0,0.1172,10.0,5821.0,375.0
2021-01-05 09:45:40.240,0.1176,0.1179,12.0,0.1172,10.0,5821.0,375.0
2021-01-05 09:45:40.730,0.1176,0.118,12.0,0.1172,10.0,5821.0,375.0
2021-01-05 09:45:41.220,0.1176,0.118,12.0,0.1172,22.0,5821.0,375.0
2021-01-05 09:45:42.240,0.1176,0.118,12.0,0.1172,10.0,5821.0,375.0
2021-01-05 09:45:42.711,0.1176,0.1181,12.0,0.1173,12.0,5821.0,375.0
2021-01-05 09:45:43.220,0.1176,0.1182,30.0,0.1172,10.0,5821.0,375.0
2021-01-05 09:45:43.710,0.1176,0.118,12.0,0.1172,23.0,5821.0,375.0
2021-01-05 09:45:44.201,0.1176,0.1181,12.0,0.1173,12.0,5821.0,375.0
2021-01-05 09:45:45.220,0.1176,0.1182,30.0,0.1172,10.0,5821.0,375.0
2021-01-05 09:45:45.681,0.1176,0.118,12.0,0.1172,23.0,5821.0,375.0
2021-01-05 09:45:46.211,0.1176,0.118,12.0,0.1172,35.0,5821.0,375.0
2021-01-05 09:45:46.751,0.1172,0.118,12.0,0.1172,30.0,5826.0,380.0
2021-01-05 09:45:47.241,0.1172,0.118,12.0,0.1172,35.0,5826.0,380.0
2021-01-05 09:45:48.741,0.1172,0.118,12.0,0.1172,22.0,5826.0,380.0
2021-01-05 09:45:49.221,0.1172,0.118,12.0,0.1173,13.0,5826.0,380.0
2021-01-05 09:45:50.251,0.1172,0.118,12.0,0.1173,13.0,5826.0,380.0
2021-01-05 09:45:50.750,0.1172,0.118,12.0,0.1173,13.0,5826.0,380.0
2021-01-05 09:45:51.250,0.1172,0.118,12.0,0.1173,13.0,5826.0,380.0
2021-01-05 09:45:51.721,0.1172,0.1182,40.0,0.1173,13.0,5826.0,380.0
2021-01-05 09:45:52.251,0.1172,0.1182,40.0,0.1175,12.0,5826.0,380.0
2021-01-05 09:45:52.641,0.1172,0.1182,30.0,0.1174,10.0,5826.0,380.0
2021-01-05 09:45:53.211,0.1172,0.118,12.0,0.1174,10.0,5826.0,380.0
2021-01-05 09:45:53.711,0.1172,0.118,12.0,0.1174,10.0,5826.0,380.0
2021-01-05 09:45:54.191,0.1172,0.118,12.0,0.1173,10.0,5826.0,380.0
2021-01-05 09:45:54.710,0.1172,0.118,12.0,0.1174,10.0,5826.0,380.0
2021-01-05 09:45:55.230,0.1172,0.1182,30.0,0.1176,12.0,5826.0,380.0
2021-01-05 09:45:55.711,0.1176,0.1182,32.0,0.1174,22.0,5826.0,392.0
2021-01-05 09:45:56.120,0.1176,0.118,12.0,0.1174,10.0,5826.0,392.0
2021-01-05 09:45:56.631,0.1176,0.118,12.0,0.1174,10.0,5826.0,392.0
2021-01-05 09:45:57.651,0.1176,0.118,12.0,0.1174,10.0,5826.0,392.0
2021-01-05 09:45:58.711,0.1176,0.118,12.0,0.1174,10.0,5826.0,392.0
2021-01-05 09:45:59.230,0.1176,0.118,12.0,0.1174,10.0,5826.0,392.0
2021-01-05 09:45:59.680,0.1176,0.1182,20.0,0.1175,12.0,5826.0,392.0
2021-01-05 09:45:59.931,0.1176,0.118,12.0,0.1174,10.0,5826.0,392.0
2021-01-05 09:46:00.730,0.1176,0.118,22.0,0.1174,10.0,5826.0,392.0
2021-01-05 09:46:01.180,0.1176,0.1178,12.0,0.1172,10.0,5826.0,392.0
2021-01-05 09:46:02.221,0.1176,0.1174,20.0,0.1173,10.0,5826.0,392.0
2021-01-05 09:46:02.661,0.1176,0.1174,20.0,0.1173,22.0,5826.0,392.0
2021-01-05 09:46:02.730,0.1176,0.1174,20.0,0.1173,10.0,5826.0,392.0
2021-01-05 09:46:03.731,0.1176,0.1174,20.0,0.1172,10.0,5826.0,392.0
2021-01-05 09:46:03.731,0.1176,0.1174,20.0,0.1172,10.0,5826.0,392.0
2021-01-05 09:46:05.691,0.1176,0.1174,20.0,0.1171,10.0,5826.0,392.0
2021-01-05 09:46:06.221,0.1176,0.1174,20.0,0.117,22.0,5826.0,392.0
2021-01-05 09:46:06.690,0.1176,0.1174,20.0,0.1169,10.0,5826.0,392.0
2021-01-05 09:46:07.231,0.1176,0.1174,20.0,0.1169,10.0,5826.0,392.0
2021-01-05 09:46:08.121,0.1176,0.1174,20.0,0.1169,10.0,5826.0,392.0
2021-01-05 09:46:08.730,0.1176,0.1174,20.0,0.1169,23.0,5826.0,392.0
2021-01-05 09:46:09.181,0.1176,0.1174,20.0,0.1169,23.0,5826.0,392.0
2021-01-05 09:46:10.221,0.1176,0.1174,20.0,0.1167,10.0,5826.0,392.0
