,last,ask1,asize1,bid1,bsize1,oi,volume
2021-01-05 09:15:03.270,5.332,5.332,71800.0,5.332,71800.0,,
2021-01-05 09:15:05.560,5.332,5.332,103800.0,5.332,103800.0,,
2021-01-05 09:15:08.521,5.332,5.332,133900.0,5.332,133900.0,,
2021-01-05 09:15:11.500,5.332,5.332,139900.0,5.332,139900.0,,
2021-01-05 09:15:14.491,5.332,5.332,139900.0,5.332,139900.0,,
2021-01-05 09:15:17.480,5.332,5.332,139900.0,5.332,139900.0,,
2021-01-05 09:15:20.470,5.332,5.332,140900.0,5.332,140900.0,,
2021-01-05 09:15:23.470,5.332,5.332,140900.0,5.332,140900.0,,
2021-01-05 09:15:26.471,5.332,5.332,140900.0,5.332,140900.0,,
2021-01-05 09:15:29.470,5.332,5.332,140900.0,5.332,140900.0,,
2021-01-05 09:15:32.480,5.332,5.332,140900.0,5.332,140900.0,,
2021-01-05 09:15:35.471,5.332,5.332,140900.0,5.332,140900.0,,
2021-01-05 09:15:50.471,5.332,5.332,141700.0,5.332,141700.0,,
2021-01-05 09:15:59.470,5.332,5.332,141700.0,5.332,141700.0,,
2021-01-05 09:16:14.481,5.332,5.332,143700.0,5.332,143700.0,,
2021-01-05 09:16:20.471,5.332,5.332,143900.0,5.332,143900.0,,
2021-01-05 09:16:23.481,5.332,5.332,186600.0,5.332,186600.0,,
2021-01-05 09:16:26.470,5.332,5.332,189800.0,5.332,189800.0,,
2021-01-05 09:16:29.481,5.332,5.332,189800.0,5.332,189800.0,,
2021-01-05 09:16:35.480,5.332,5.332,209900.0,5.332,209900.0,,
2021-01-05 09:16:41.480,5.332,5.332,209900.0,5.332,209900.0,,
2021-01-05 09:16:44.481,5.332,5.332,228600.0,5.332,228600.0,,
2021-01-05 09:16:47.481,5.332,5.332,233600.0,5.332,233600.0,,
2021-01-05 09:16:50.471,5.332,5.332,233600.0,5.332,233600.0,,
2021-01-05 09:16:53.471,5.332,5.332,233600.0,5.332,233600.0,,
2021-01-05 09:16:56.480,5.332,5.332,233600.0,5.332,233600.0,,
2021-01-05 09:16:59.480,5.332,5.332,233600.0,5.332,233600.0,,
2021-01-05 09:17:02.481,5.332,5.332,233600.0,5.332,233600.0,,
2021-01-05 09:17:05.480,5.332,5.332,233600.0,5.332,233600.0,,
2021-01-05 09:17:11.481,5.332,5.332,233600.0,5.332,233600.0,,
2021-01-05 09:17:14.480,5.332,5.332,233600.0,5.332,233600.0,,
2021-01-05 09:17:17.481,5.332,5.332,234100.0,5.332,234100.0,,
2021-01-05 09:17:20.480,5.332,5.332,235000.0,5.332,235000.0,,
2021-01-05 09:17:23.490,5.332,5.332,235000.0,5.332,235000.0,,
2021-01-05 09:17:29.490,5.332,5.332,238300.0,5.332,238300.0,,
2021-01-05 09:17:32.490,5.332,5.332,238300.0,5.332,238300.0,,
2021-01-05 09:17:35.491,5.332,5.332,238900.0,5.332,238900.0,,
2021-01-05 09:17:38.490,5.332,5.332,238900.0,5.332,238900.0,,
2021-01-05 09:17:41.491,5.332,5.332,241900.0,5.332,241900.0,,
2021-01-05 09:17:44.491,5.332,5.332,241900.0,5.332,241900.0,,
2021-01-05 09:17:50.491,5.332,5.332,242100.0,5.332,242100.0,,
2021-01-05 09:17:53.490,5.332,5.332,241500.0,5.332,241500.0,,
2021-01-05 09:17:56.491,5.332,5.332,241500.0,5.332,241500.0,,
2021-01-05 09:17:59.491,5.332,5.332,246900.0,5.332,246900.0,,
2021-01-05 09:18:02.490,5.332,5.332,237400.0,5.332,237400.0,,
2021-01-05 09:18:05.491,5.332,5.332,246900.0,5.332,246900.0,,
2021-01-05 09:18:08.490,5.332,5.332,246900.0,5.332,246900.0,,
2021-01-05 09:18:11.490,5.332,5.332,249200.0,5.332,249200.0,,
2021-01-05 09:18:14.501,5.332,5.332,249500.0,5.332,249500.0,,
2021-01-05 09:18:20.491,5.332,5.332,249500.0,5.332,249500.0,,
2021-01-05 09:18:23.501,5.332,5.332,249500.0,5.332,249500.0,,
2021-01-05 09:18:26.500,5.332,5.332,249800.0,5.332,249800.0,,
2021-01-05 09:18:29.501,5.332,5.332,259800.0,5.332,259800.0,,
2021-01-05 09:18:32.501,5.332,5.332,259800.0,5.332,259800.0,,
2021-01-05 09:18:35.500,5.332,5.332,259800.0,5.332,259800.0,,
2021-01-05 09:18:38.501,5.332,5.332,260800.0,5.332,260800.0,,
2021-01-05 09:18:41.500,5.332,5.332,260800.0,5.332,260800.0,,
2021-01-05 09:18:44.500,5.332,5.332,260800.0,5.332,260800.0,,
2021-01-05 09:18:47.501,5.332,5.332,253800.0,5.332,253800.0,,
2021-01-05 09:18:50.500,5.332,5.332,253800.0,5.332,253800.0,,
2021-01-05 09:18:53.501,5.332,5.332,272100.0,5.332,272100.0,,
2021-01-05 09:18:56.501,5.332,5.332,272100.0,5.332,272100.0,,
2021-01-05 09:18:59.500,5.332,5.332,273100.0,5.332,273100.0,,
2021-01-05 09:19:02.501,5.332,5.332,283100.0,5.332,283100.0,,
2021-01-05 09:19:05.500,5.332,5.332,283300.0,5.332,283300.0,,
2021-01-05 09:19:11.501,5.332,5.332,282300.0,5.332,282300.0,,
2021-01-05 09:19:14.500,5.332,5.332,282300.0,5.332,282300.0,,
2021-01-05 09:19:17.501,5.332,5.332,280000.0,5.332,280000.0,,
2021-01-05 09:19:20.501,5.332,5.332,321600.0,5.332,321600.0,,
2021-01-05 09:19:23.500,5.332,5.332,322200.0,5.332,322200.0,,
2021-01-05 09:19:29.500,5.332,5.332,326300.0,5.332,326300.0,,
2021-01-05 09:19:32.510,5.332,5.332,326300.0,5.332,326300.0,,
2021-01-05 09:19:35.501,5.332,5.332,326700.0,5.332,326700.0,,
2021-01-05 09:19:41.510,5.332,5.332,326700.0,5.332,326700.0,,
2021-01-05 09:19:44.511,5.332,5.332,326700.0,5.332,326700.0,,
2021-01-05 09:19:50.501,5.332,5.332,326700.0,5.332,326700.0,,
2021-01-05 09:19:56.510,5.332,5.332,337700.0,5.332,337700.0,,
2021-01-05 09:19:59.500,5.332,5.332,362900.0,5.332,362900.0,,
2021-01-05 09:20:05.501,5.332,5.332,367000.0,5.332,367000.0,,
2021-01-05 09:20:08.511,5.332,5.332,367700.0,5.332,367700.0,,
2021-01-05 09:20:11.501,5.332,5.332,368600.0,5.332,368600.0,,
2021-01-05 09:20:14.501,5.332,5.332,368700.0,5.332,368700.0,,
2021-01-05 09:20:17.510,5.332,5.332,368700.0,5.332,368700.0,,
2021-01-05 09:20:20.510,5.332,5.332,368700.0,5.332,368700.0,,
2021-01-05 09:20:29.511,5.332,5.332,368700.0,5.332,368700.0,,
2021-01-05 09:20:35.510,5.332,5.332,368700.0,5.332,368700.0,,
2021-01-05 09:20:41.510,5.332,5.332,368800.0,5.332,368800.0,,
2021-01-05 09:20:44.511,5.332,5.332,371400.0,5.332,371400.0,,
2021-01-05 09:20:47.511,5.332,5.332,371400.0,5.332,371400.0,,
2021-01-05 09:20:53.511,5.332,5.332,372600.0,5.332,372600.0,,
2021-01-05 09:20:56.511,5.332,5.332,372900.0,5.332,372900.0,,
2021-01-05 09:20:59.510,5.332,5.332,372900.0,5.332,372900.0,,
2021-01-05 09:21:08.511,5.332,5.332,372900.0,5.332,372900.0,,
2021-01-05 09:21:11.511,5.332,5.332,373000.0,5.332,373000.0,,
2021-01-05 09:21:17.521,5.331,5.331,382000.0,5.331,382000.0,,
2021-01-05 09:21:20.510,5.331,5.331,382200.0,5.331,382200.0,,
2021-01-05 09:21:26.511,5.331,5.331,400500.0,5.331,400500.0,,
2021-01-05 09:21:29.510,5.331,5.331,400500.0,5.331,400500.0,,
2021-01-05 09:21:32.511,5.331,5.331,402800.0,5.331,402800.0,,
2021-01-05 09:21:38.520,5.331,5.331,403000.0,5.331,403000.0,,
2021-01-05 09:21:41.521,5.331,5.331,403000.0,5.331,403000.0,,
2021-01-05 09:21:44.521,5.331,5.331,413000.0,5.331,413000.0,,
2021-01-05 09:21:56.520,5.331,5.331,413000.0,5.331,413000.0,,
2021-01-05 09:22:02.520,5.331,5.331,413000.0,5.331,413000.0,,
2021-01-05 09:22:05.521,5.331,5.331,413000.0,5.331,413000.0,,
2021-01-05 09:22:08.520,5.331,5.331,413000.0,5.331,413000.0,,
2021-01-05 09:22:11.520,5.331,5.331,413100.0,5.331,413100.0,,
2021-01-05 09:22:14.521,5.331,5.331,413500.0,5.331,413500.0,,
2021-01-05 09:22:17.520,5.331,5.331,413500.0,5.331,413500.0,,
2021-01-05 09:22:20.521,5.331,5.331,413500.0,5.331,413500.0,,
2021-01-05 09:22:23.521,5.331,5.331,414800.0,5.331,414800.0,,
2021-01-05 09:22:26.520,5.331,5.331,415700.0,5.331,415700.0,,
2021-01-05 09:22:29.521,5.331,5.331,416900.0,5.331,416900.0,,
2021-01-05 09:22:32.520,5.331,5.331,457300.0,5.331,457300.0,,
2021-01-05 09:22:35.520,5.331,5.331,457300.0,5.331,457300.0,,
2021-01-05 09:22:41.520,5.331,5.331,507500.0,5.331,507500.0,,
2021-01-05 09:22:44.521,5.331,5.331,507600.0,5.331,507600.0,,
2021-01-05 09:22:47.521,5.331,5.331,507600.0,5.331,507600.0,,
2021-01-05 09:22:50.520,5.331,5.331,511600.0,5.331,511600.0,,
2021-01-05 09:22:59.521,5.331,5.331,511600.0,5.331,511600.0,,
2021-01-05 09:23:05.530,5.331,5.331,511600.0,5.331,511600.0,,
2021-01-05 09:23:08.521,5.331,5.331,511800.0,5.331,511800.0,,
2021-01-05 09:23:11.520,5.331,5.331,564100.0,5.331,564100.0,,
2021-01-05 09:23:14.530,5.331,5.331,564100.0,5.331,564100.0,,
2021-01-05 09:23:17.521,5.331,5.331,564100.0,5.331,564100.0,,
2021-01-05 09:23:20.520,5.331,5.331,564100.0,5.331,564100.0,,
2021-01-05 09:23:23.521,5.33,5.33,564500.0,5.33,564500.0,,
2021-01-05 09:23:29.520,5.33,5.33,576800.0,5.33,576800.0,,
2021-01-05 09:23:32.521,5.33,5.33,793400.0,5.33,793400.0,,
2021-01-05 09:23:38.530,5.33,5.33,793600.0,5.33,793600.0,,
2021-01-05 09:23:44.541,5.33,5.33,793900.0,5.33,793900.0,,
2021-01-05 09:23:47.521,5.33,5.33,793900.0,5.33,793900.0,,
2021-01-05 09:23:50.521,5.329,5.329,798800.0,5.329,798800.0,,
2021-01-05 09:23:53.530,5.329,5.329,800800.0,5.329,800800.0,,
2021-01-05 09:23:56.531,5.329,5.329,802100.0,5.329,802100.0,,
2021-01-05 09:23:59.520,5.329,5.329,802100.0,5.329,802100.0,,
2021-01-05 09:24:02.530,5.329,5.329,805600.0,5.329,805600.0,,
2021-01-05 09:24:05.531,5.329,5.329,899400.0,5.329,899400.0,,
2021-01-05 09:24:08.530,5.328,5.328,904100.0,5.328,904100.0,,
2021-01-05 09:24:11.530,5.328,5.328,905100.0,5.328,905100.0,,
2021-01-05 09:24:14.531,5.329,5.329,909800.0,5.329,909800.0,,
2021-01-05 09:24:17.530,5.328,5.328,918700.0,5.328,918700.0,,
2021-01-05 09:24:20.531,5.328,5.328,925700.0,5.328,925700.0,,
2021-01-05 09:24:23.531,5.328,5.328,925700.0,5.328,925700.0,,
2021-01-05 09:24:26.530,5.328,5.328,925700.0,5.328,925700.0,,
2021-01-05 09:24:29.531,5.328,5.328,925700.0,5.328,925700.0,,
2021-01-05 09:24:32.530,5.328,5.328,926100.0,5.328,926100.0,,
2021-01-05 09:24:35.540,5.328,5.328,926200.0,5.328,926200.0,,
2021-01-05 09:24:38.531,5.328,5.328,1026400.0,5.328,1026400.0,,
2021-01-05 09:24:41.530,5.327,5.327,1049100.0,5.327,1049100.0,,
2021-01-05 09:24:44.531,5.326,5.326,1091200.0,5.326,1091200.0,,
2021-01-05 09:24:47.530,5.326,5.326,1091300.0,5.326,1091300.0,,
2021-01-05 09:24:50.530,5.323,5.323,1149400.0,5.323,1149400.0,,
2021-01-05 09:24:53.541,5.323,5.323,1156100.0,5.323,1156100.0,,
2021-01-05 09:24:56.530,5.323,5.323,1244700.0,5.323,1244700.0,,
2021-01-05 09:24:59.540,5.321,5.321,1275900.0,5.321,1275900.0,,
2021-01-05 09:25:00.670,5.321,5.322,91200.0,5.321,115200.0,,1275900.0
2021-01-05 09:25:03.000,5.321,5.322,91200.0,5.321,115200.0,,1275900.0
2021-01-05 09:25:15.001,5.321,5.322,91200.0,5.321,115200.0,,1275900.0
2021-01-05 09:30:02.511,5.317,5.317,3100.0,5.316,285900.0,,1811200.0
2021-01-05 09:30:05.540,5.314,5.315,238000.0,5.314,500.0,,2171100.0
2021-01-05 09:30:08.620,5.316,5.316,2900.0,5.312,53600.0,,2559500.0
2021-01-05 09:30:11.611,5.311,5.311,700.0,5.31,257200.0,,2808300.0
2021-01-05 09:30:14.591,5.309,5.31,700600.0,5.307,4000.0,,3743300.0
2021-01-05 09:30:17.551,5.31,5.31,91900.0,5.309,315000.0,,3785000.0
2021-01-05 09:30:20.531,5.308,5.31,758600.0,5.308,78700.0,,4069800.0
2021-01-05 09:30:23.560,5.309,5.309,39500.0,5.308,605000.0,,4938000.0
2021-01-05 09:30:26.490,5.308,5.31,315000.0,5.308,520800.0,,5456200.0
2021-01-05 09:30:29.550,5.308,5.31,236100.0,5.308,5700.0,,5598000.0
2021-01-05 09:30:32.551,5.308,5.309,300.0,5.308,362600.0,,5897300.0
2021-01-05 09:30:35.561,5.309,5.312,400.0,5.309,192300.0,,5901400.0
2021-01-05 09:30:38.550,5.309,5.312,600400.0,5.31,25000.0,,6040200.0
2021-01-05 09:30:41.561,5.31,5.311,39800.0,5.31,72800.0,,6107800.0
2021-01-05 09:30:44.550,5.311,5.311,39200.0,5.31,17100.0,,6208100.0
2021-01-05 09:30:47.570,5.312,5.313,6400.0,5.312,7700.0,,6271400.0
2021-01-05 09:30:50.561,5.315,5.315,903700.0,5.311,605800.0,,6344200.0
2021-01-05 09:30:53.560,5.314,5.314,5500.0,5.313,24000.0,,6346900.0
2021-01-05 09:30:56.520,5.313,5.314,83500.0,5.313,13500.0,,6364400.0
2021-01-05 09:30:59.551,5.313,5.313,285500.0,5.312,44400.0,,6392900.0
2021-01-05 09:31:02.560,5.312,5.312,250600.0,5.311,636300.0,,6492600.0
2021-01-05 09:31:05.551,5.311,5.311,601500.0,5.31,307500.0,,6589400.0
2021-01-05 09:31:08.560,5.311,5.311,415300.0,5.31,1771800.0,,6651300.0
2021-01-05 09:31:11.570,5.311,5.313,326300.0,5.311,869100.0,,7427300.0
2021-01-05 09:31:14.551,5.313,5.314,915000.0,5.313,15500.0,,7497500.0
2021-01-05 09:31:17.571,5.313,5.313,589900.0,5.312,900.0,,7561400.0
2021-01-05 09:31:20.551,5.313,5.315,965000.0,5.313,11700.0,,7665400.0
2021-01-05 09:31:23.550,5.313,5.313,132200.0,5.312,13700.0,,7810400.0
2021-01-05 09:31:26.520,5.312,5.312,2000.0,5.311,382300.0,,7837200.0
2021-01-05 09:31:29.570,5.312,5.312,253000.0,5.311,111600.0,,8160100.0
2021-01-05 09:31:32.560,5.311,5.312,203400.0,5.311,118000.0,,8236000.0
2021-01-05 09:31:35.551,5.311,5.311,641800.0,5.31,258100.0,,8580300.0
2021-01-05 09:31:38.540,5.311,5.311,592800.0,5.31,257300.0,,8635400.0
2021-01-05 09:31:41.541,5.311,5.312,203300.0,5.311,570900.0,,9275400.0
2021-01-05 09:31:44.561,5.311,5.313,106700.0,5.312,6000.0,,9495500.0
2021-01-05 09:31:47.550,5.311,5.312,77800.0,5.311,1181300.0,,9540600.0
2021-01-05 09:31:50.560,5.313,5.314,100.0,5.313,268000.0,,9652000.0
2021-01-05 09:31:53.530,5.313,5.314,80000.0,5.313,832600.0,,10008000.0
2021-01-05 09:31:56.510,5.315,5.316,800.0,5.315,96200.0,,10028700.0
2021-01-05 09:31:59.560,5.315,5.316,500.0,5.315,89500.0,,10035800.0
2021-01-05 09:32:02.561,5.317,5.317,638800.0,5.314,3200.0,,10431200.0
2021-01-05 09:32:05.570,5.315,5.315,519700.0,5.314,4200.0,,10535300.0
2021-01-05 09:32:08.570,5.315,5.315,3200.0,5.314,7400.0,,10606500.0
2021-01-05 09:32:11.571,5.315,5.317,717400.0,5.315,33400.0,,10664600.0
2021-01-05 09:32:14.560,5.315,5.316,4900.0,5.315,30600.0,,10684300.0
2021-01-05 09:32:17.561,5.315,5.315,3100.0,5.314,11200.0,,10759800.0
2021-01-05 09:32:20.571,5.315,5.317,114400.0,5.315,8700.0,,10774200.0
2021-01-05 09:32:23.580,5.316,5.317,634400.0,5.316,500.0,,10797300.0
2021-01-05 09:32:26.581,5.314,5.314,292700.0,5.313,1207600.0,,11028800.0
2021-01-05 09:32:29.570,5.316,5.316,79200.0,5.315,613100.0,,11364800.0
2021-01-05 09:32:32.570,5.317,5.317,94400.0,5.315,252500.0,,11462000.0
2021-01-05 09:32:35.550,5.315,5.316,8300.0,5.315,208800.0,,11534200.0
2021-01-05 09:32:38.570,5.316,5.316,2600.0,5.315,243200.0,,11552900.0
2021-01-05 09:32:41.561,5.317,5.317,85200.0,5.316,2700.0,,11556300.0
2021-01-05 09:32:44.560,5.316,5.317,233000.0,5.316,177700.0,,11584100.0
2021-01-05 09:32:47.570,5.317,5.317,237500.0,5.316,102900.0,,11660600.0
2021-01-05 09:32:50.581,5.318,5.319,749900.0,5.318,295800.0,,12015900.0
2021-01-05 09:32:53.570,5.318,5.319,150000.0,5.318,282600.0,,12029100.0
2021-01-05 09:32:56.561,5.319,5.319,148200.0,5.318,292600.0,,12030900.0
2021-01-05 09:32:59.591,5.318,5.319,148200.0,5.318,241200.0,,12082300.0
2021-01-05 09:33:02.570,5.319,5.319,142900.0,5.318,238000.0,,12090800.0
2021-01-05 09:33:05.580,5.315,5.315,177700.0,5.314,737200.0,,12757300.0
2021-01-05 09:33:08.600,5.315,5.315,82900.0,5.313,189000.0,,12943100.0
2021-01-05 09:33:11.580,5.315,5.315,76100.0,5.313,789000.0,,13038400.0
2021-01-05 09:33:14.581,5.314,5.315,60800.0,5.313,1116900.0,,13068700.0
2021-01-05 09:33:17.551,5.315,5.315,145300.0,5.313,473700.0,,13096100.0
2021-01-05 09:33:20.551,5.315,5.315,1016300.0,5.314,10000.0,,13126300.0
2021-01-05 09:33:23.560,5.314,5.314,8900.0,5.313,179500.0,,13216600.0
2021-01-05 09:33:26.561,5.313,5.314,45300.0,5.313,183300.0,,13244400.0
2021-01-05 09:33:29.561,5.313,5.314,13800.0,5.313,156000.0,,13303200.0
2021-01-05 09:33:32.591,5.313,5.314,5200.0,5.313,122700.0,,13346800.0
2021-01-05 09:33:35.580,5.313,5.315,110900.0,5.313,114800.0,,13373800.0
2021-01-05 09:33:38.571,5.314,5.315,715900.0,5.314,13100.0,,13412400.0
2021-01-05 09:33:41.560,5.314,5.315,113900.0,5.314,4700.0,,13423500.0
2021-01-05 09:33:44.571,5.315,5.315,93700.0,5.314,2000.0,,13486900.0
2021-01-05 09:33:47.600,5.314,5.315,93200.0,5.314,593500.0,,13508200.0
2021-01-05 09:33:50.570,5.315,5.315,50200.0,5.314,1578200.0,,13563500.0
2021-01-05 09:33:53.581,5.314,5.315,18900.0,5.314,1576000.0,,13597100.0
2021-01-05 09:33:56.570,5.315,5.316,24400.0,5.315,7600.0,,13616000.0
2021-01-05 09:33:59.590,5.315,5.316,24400.0,5.315,383100.0,,13690600.0
2021-01-05 09:34:02.591,5.316,5.318,3600.0,5.316,615000.0,,13856000.0
2021-01-05 09:34:05.580,5.316,5.318,3600.0,5.317,600000.0,,14064300.0
2021-01-05 09:34:08.581,5.318,5.318,1600.0,5.317,1529500.0,,14067100.0
2021-01-05 09:34:11.581,5.317,5.319,132000.0,5.317,737100.0,,14112800.0
2021-01-05 09:34:14.601,5.317,5.319,1641700.0,5.317,98100.0,,14151800.0
2021-01-05 09:34:17.581,5.318,5.318,8000.0,5.317,87200.0,,14167200.0
2021-01-05 09:34:20.520,5.318,5.318,10200.0,5.317,55400.0,,14221700.0
2021-01-05 09:34:23.561,5.317,5.319,122400.0,5.318,700.0,,14276800.0
2021-01-05 09:34:26.571,5.319,5.319,121100.0,5.318,1000.0,,14294500.0
2021-01-05 09:34:29.601,5.319,5.319,138900.0,5.318,300000.0,,14297000.0
2021-01-05 09:34:32.581,5.319,5.319,133500.0,5.318,303600.0,,14332000.0
2021-01-05 09:34:35.570,5.319,5.319,122700.0,5.318,923400.0,,14362500.0
2021-01-05 09:34:38.601,5.319,5.32,138600.0,5.319,10000.0,,14511800.0
2021-01-05 09:34:41.600,5.32,5.321,655900.0,5.32,477400.0,,14776600.0
2021-01-05 09:34:44.601,5.319,5.32,100.0,5.319,1803100.0,,14842700.0
2021-01-05 09:34:47.600,5.321,5.321,622600.0,5.32,26000.0,,14924900.0
2021-01-05 09:34:50.600,5.32,5.321,555200.0,5.32,820600.0,,14993500.0
2021-01-05 09:34:53.611,5.32,5.321,554000.0,5.32,303300.0,,15000800.0
2021-01-05 09:34:56.600,5.322,5.323,55600.0,5.322,478200.0,,15728600.0
2021-01-05 09:34:59.610,5.323,5.323,29900.0,5.322,1611900.0,,15788100.0
2021-01-05 09:35:02.601,5.322,5.324,12400.0,5.322,1606100.0,,15824700.0
2021-01-05 09:35:05.591,5.324,5.324,10000.0,5.322,275300.0,,15884700.0
2021-01-05 09:35:08.561,5.324,5.324,8000.0,5.323,917100.0,,15888100.0
2021-01-05 09:35:11.581,5.325,5.325,13600.0,5.324,2487200.0,,16020900.0
2021-01-05 09:35:14.581,5.325,5.326,107400.0,5.324,683300.0,,16035200.0
2021-01-05 09:35:17.601,5.324,5.327,675500.0,5.324,111500.0,,16359700.0
2021-01-05 09:35:20.600,5.325,5.325,38500.0,5.324,260300.0,,16602200.0
2021-01-05 09:35:23.580,5.325,5.327,620000.0,5.325,2900.0,,16649700.0
2021-01-05 09:35:26.600,5.327,5.327,616400.0,5.326,12700.0,,16659600.0
2021-01-05 09:35:29.591,5.327,5.328,2027500.0,5.327,206000.0,,16818500.0
2021-01-05 09:35:32.580,5.328,5.328,1138100.0,5.327,202100.0,,16833300.0
2021-01-05 09:35:35.590,5.327,5.328,507000.0,5.327,177800.0,,16871000.0
2021-01-05 09:35:38.591,5.327,5.328,475900.0,5.327,140100.0,,16940100.0
2021-01-05 09:35:41.580,5.328,5.328,931900.0,5.327,147100.0,,17127000.0
2021-01-05 09:35:44.600,5.328,5.328,296200.0,5.327,348700.0,,17153700.0
2021-01-05 09:35:47.591,5.327,5.328,285900.0,5.327,1222000.0,,17198700.0
2021-01-05 09:35:50.611,5.328,5.329,44500.0,5.328,388300.0,,17494600.0
2021-01-05 09:35:53.570,5.329,5.329,35000.0,5.328,166800.0,,17535900.0
2021-01-05 09:35:56.601,5.328,5.328,238400.0,5.327,388300.0,,17729600.0
2021-01-05 09:35:59.581,5.328,5.328,168300.0,5.327,463700.0,,17844000.0
2021-01-05 09:36:02.610,5.328,5.328,153300.0,5.327,834100.0,,17910000.0
2021-01-05 09:36:05.590,5.328,5.328,144100.0,5.327,841700.0,,17935700.0
2021-01-05 09:36:08.591,5.327,5.328,135900.0,5.327,817800.0,,17967800.0
2021-01-05 09:36:11.601,5.327,5.328,154200.0,5.327,739800.0,,18070500.0
2021-01-05 09:36:14.611,5.328,5.328,71500.0,5.327,517900.0,,18350100.0
2021-01-05 09:36:17.581,5.328,5.329,1548400.0,5.328,111800.0,,18449100.0
2021-01-05 09:36:20.601,5.328,5.328,112800.0,5.327,551400.0,,18752400.0
2021-01-05 09:36:23.600,5.328,5.328,433400.0,5.327,516300.0,,19041400.0
2021-01-05 09:36:26.610,5.328,5.329,631800.0,5.328,27100.0,,19110300.0
2021-01-05 09:36:29.590,5.328,5.329,71800.0,5.328,116900.0,,20140300.0
2021-01-05 09:36:32.570,5.328,5.329,71800.0,5.328,33500.0,,20225300.0
2021-01-05 09:36:35.601,5.328,5.33,854100.0,5.328,9100.0,,20337800.0
2021-01-05 09:36:38.590,5.328,5.33,264100.0,5.329,200.0,,20337800.0
2021-01-05 09:36:41.581,5.33,5.33,244300.0,5.328,359900.0,,20382700.0
2021-01-05 09:36:44.600,5.33,5.33,242600.0,5.328,349900.0,,20397100.0
2021-01-05 09:36:47.610,5.328,5.329,7000.0,5.328,1839800.0,,20469100.0
2021-01-05 09:36:50.601,5.328,5.33,244800.0,5.328,2800100.0,,20665000.0
2021-01-05 09:36:53.600,5.33,5.33,251400.0,5.329,164900.0,,20737700.0
2021-01-05 09:36:56.601,5.33,5.33,214100.0,5.329,137600.0,,20793300.0
2021-01-05 09:36:59.601,5.33,5.33,135000.0,5.329,261900.0,,20880200.0
2021-01-05 09:37:02.610,5.33,5.331,313200.0,5.33,789700.0,,21046800.0
2021-01-05 09:37:05.601,5.33,5.331,1818800.0,5.33,887100.0,,21049600.0
2021-01-05 09:37:08.611,5.33,5.331,728700.0,5.33,200000.0,,21944300.0
2021-01-05 09:37:11.610,5.331,5.331,1270200.0,5.33,322200.0,,22278500.0
2021-01-05 09:37:14.611,5.33,5.33,297200.0,5.329,207400.0,,22731900.0
2021-01-05 09:37:17.590,5.33,5.33,124900.0,5.329,147500.0,,22732000.0
2021-01-05 09:37:20.601,5.33,5.33,10100.0,5.329,568400.0,,22860800.0
2021-01-05 09:37:23.580,5.33,5.331,78800.0,5.33,5100.0,,22908000.0
2021-01-05 09:37:26.610,5.331,5.331,29000.0,5.33,25200.0,,22929100.0
2021-01-05 09:37:29.611,5.331,5.332,1738000.0,5.331,53100.0,,22973400.0
2021-01-05 09:37:32.571,5.33,5.331,623600.0,5.33,90700.0,,23027200.0
2021-01-05 09:37:35.591,5.331,5.331,13200.0,5.33,90600.0,,23038400.0
2021-01-05 09:37:38.601,5.33,5.331,1003900.0,5.33,90100.0,,23039900.0
2021-01-05 09:37:41.600,5.331,5.331,1770000.0,5.33,87300.0,,23064800.0
2021-01-05 09:37:44.591,5.331,5.331,2477100.0,5.329,314400.0,,23703000.0
2021-01-05 09:37:47.611,5.33,5.33,787600.0,5.329,314400.0,,23719300.0
2021-01-05 09:37:50.591,5.33,5.331,3571900.0,5.33,141700.0,,23914100.0
2021-01-05 09:37:53.620,5.33,5.331,929200.0,5.33,73400.0,,23997800.0
2021-01-05 09:37:56.561,5.33,5.331,965100.0,5.33,40900.0,,24038600.0
2021-01-05 09:37:59.601,5.33,5.33,957500.0,5.329,48400.0,,24420200.0
2021-01-05 09:38:02.590,5.33,5.33,148500.0,5.329,47800.0,,24825200.0
2021-01-05 09:38:05.621,5.33,5.33,128100.0,5.329,82900.0,,24844200.0
2021-01-05 09:38:08.610,5.33,5.33,76600.0,5.329,678200.0,,24905300.0
2021-01-05 09:38:11.590,5.331,5.331,305400.0,5.33,600400.0,,25370600.0
2021-01-05 09:38:14.560,5.331,5.331,255400.0,5.33,500.0,,25441300.0
2021-01-05 09:38:17.570,5.331,5.332,59900.0,5.331,44400.0,,25697000.0
2021-01-05 09:38:20.600,5.331,5.332,59900.0,5.331,584200.0,,25757700.0
2021-01-05 09:38:23.620,5.332,5.333,109000.0,5.332,599500.0,,25825900.0
2021-01-05 09:38:26.601,5.333,5.334,177800.0,5.333,481000.0,,25944900.0
2021-01-05 09:38:29.600,5.333,5.334,177000.0,5.333,184700.0,,26317900.0
2021-01-05 09:38:32.601,5.333,5.334,176800.0,5.333,184500.0,,26318300.0
2021-01-05 09:38:35.600,5.335,5.336,51600.0,5.335,700600.0,,26563000.0
2021-01-05 09:38:38.591,5.336,5.336,47200.0,5.335,1608700.0,,26598800.0
2021-01-05 09:38:41.580,5.337,5.338,41300.0,5.336,1658300.0,,26776000.0
2021-01-05 09:38:44.600,5.338,5.339,177800.0,5.338,67300.0,,26817300.0
2021-01-05 09:38:47.601,5.338,5.339,777800.0,5.338,50300.0,,26835300.0
2021-01-05 09:38:50.611,5.338,5.338,343300.0,5.336,291600.0,,27155000.0
2021-01-05 09:38:53.620,5.336,5.337,1700.0,5.336,887100.0,,27189000.0
2021-01-05 09:38:56.620,5.339,5.339,177100.0,5.338,132500.0,,27199300.0
2021-01-05 09:38:59.611,5.339,5.34,777500.0,5.339,79200.0,,28247700.0
2021-01-05 09:39:02.620,5.339,5.339,817600.0,5.338,70700.0,,28357900.0
2021-01-05 09:39:05.601,5.339,5.339,1523600.0,5.338,78800.0,,28378600.0
2021-01-05 09:39:08.621,5.338,5.338,580300.0,5.337,101600.0,,28522900.0
2021-01-05 09:39:11.601,5.338,5.338,52700.0,5.337,102600.0,,29002300.0
2021-01-05 09:39:14.600,5.338,5.338,54300.0,5.337,102600.0,,29008100.0
2021-01-05 09:39:17.610,5.338,5.338,36500.0,5.337,700900.0,,29043400.0
2021-01-05 09:39:20.620,5.338,5.338,26200.0,5.337,147300.0,,29059200.0
2021-01-05 09:39:23.610,5.337,5.338,55300.0,5.337,1636500.0,,29076900.0
2021-01-05 09:39:26.601,5.338,5.339,374700.0,5.338,266400.0,,29137700.0
2021-01-05 09:39:29.611,5.338,5.339,364700.0,5.338,295100.0,,29162700.0
2021-01-05 09:39:32.621,5.339,5.339,369700.0,5.338,52200.0,,29179800.0
2021-01-05 09:39:35.620,5.339,5.339,385500.0,5.338,76700.0,,29189200.0
2021-01-05 09:39:38.600,5.338,5.338,840800.0,5.337,143200.0,,29285600.0
2021-01-05 09:39:41.551,5.338,5.338,886200.0,5.337,133000.0,,29301500.0
2021-01-05 09:39:44.611,5.338,5.338,917800.0,5.337,129100.0,,29334300.0
2021-01-05 09:39:47.600,5.337,5.338,920100.0,5.337,724400.0,,29338600.0
2021-01-05 09:39:50.591,5.338,5.338,258800.0,5.337,1331000.0,,30004900.0
2021-01-05 09:39:53.600,5.339,5.34,269400.0,5.338,891400.0,,30735600.0
2021-01-05 09:39:56.581,5.338,5.339,2400.0,5.338,1437000.0,,30801400.0
2021-01-05 09:39:59.651,5.338,5.339,2400.0,5.338,1303200.0,,30817700.0
2021-01-05 09:40:02.611,5.339,5.34,879200.0,5.338,996500.0,,30858600.0
2021-01-05 09:40:05.620,5.339,5.339,12000.0,5.338,725000.0,,30955500.0
2021-01-05 09:40:08.240,5.339,5.339,12000.0,5.338,725000.0,,30955500.0
2021-01-05 09:40:08.601,5.339,5.339,7400.0,5.338,737500.0,,30964600.0
2021-01-05 09:40:11.581,5.339,5.339,623700.0,5.338,771900.0,,31005000.0
2021-01-05 09:40:14.620,5.339,5.339,1070000.0,5.338,106500.0,,31675200.0
2021-01-05 09:40:17.621,5.338,5.338,785700.0,5.337,188400.0,,31791000.0
2021-01-05 09:40:20.631,5.338,5.338,109200.0,5.337,141000.0,,31904200.0
2021-01-05 09:40:23.590,5.339,5.339,80500.0,5.338,70600.0,,32038900.0
2021-01-05 09:40:26.600,5.338,5.338,139400.0,5.337,141600.0,,32125000.0
2021-01-05 09:40:29.601,5.338,5.338,135100.0,5.337,191900.0,,32191300.0
2021-01-05 09:40:32.611,5.338,5.338,98100.0,5.337,191900.0,,32200400.0
2021-01-05 09:40:35.600,5.337,5.338,37800.0,5.337,184900.0,,32289700.0
2021-01-05 09:40:38.611,5.337,5.338,37700.0,5.337,1081900.0,,32292800.0
2021-01-05 09:40:41.621,5.337,5.338,49800.0,5.337,1088600.0,,32346900.0
2021-01-05 09:40:44.610,5.337,5.338,66300.0,5.337,1083600.0,,32385700.0
2021-01-05 09:40:47.601,5.337,5.338,46200.0,5.337,1076000.0,,32418400.0
2021-01-05 09:40:50.631,5.338,5.338,35600.0,5.337,1103700.0,,32440700.0
2021-01-05 09:40:53.611,5.338,5.338,41500.0,5.337,1088300.0,,32463300.0
2021-01-05 09:40:56.600,5.337,5.338,49100.0,5.337,175300.0,,32479700.0
2021-01-05 09:40:59.600,5.338,5.339,753600.0,5.338,35900.0,,32538500.0
2021-01-05 09:41:02.620,5.338,5.339,753600.0,5.338,29900.0,,32555500.0
2021-01-05 09:41:05.610,5.339,5.339,133500.0,5.338,40900.0,,32555600.0
2021-01-05 09:41:08.580,5.338,5.339,133500.0,5.338,5600.0,,32591100.0
2021-01-05 09:41:11.600,5.339,5.34,812300.0,5.339,803300.0,,32801100.0
2021-01-05 09:41:14.631,5.34,5.34,546400.0,5.339,790000.0,,33821900.0
2021-01-05 09:41:17.591,5.339,5.34,619500.0,5.339,19900.0,,33923000.0
2021-01-05 09:41:20.600,5.339,5.341,1392600.0,5.339,239600.0,,34019300.0
2021-01-05 09:41:23.610,5.339,5.341,1392600.0,5.34,6200.0,,34019300.0
2021-01-05 09:41:26.611,5.34,5.34,392200.0,5.339,141300.0,,34148900.0
2021-01-05 09:41:29.591,5.34,5.34,478900.0,5.339,141300.0,,34182600.0
2021-01-05 09:41:32.610,5.34,5.34,481800.0,5.339,119300.0,,34207200.0
2021-01-05 09:41:35.590,5.34,5.34,453700.0,5.339,117300.0,,34239300.0
2021-01-05 09:41:38.610,5.34,5.34,426100.0,5.339,782000.0,,34284700.0
2021-01-05 09:41:41.620,5.34,5.341,242600.0,5.34,182400.0,,34721300.0
2021-01-05 09:41:44.621,5.34,5.341,842600.0,5.34,132714.0,,34778686.0
2021-01-05 09:41:47.620,5.341,5.341,242100.0,5.34,143714.0,,34779186.0
2021-01-05 09:41:50.611,5.34,5.341,149300.0,5.34,140414.0,,34877886.0
2021-01-05 09:41:53.610,5.341,5.341,85700.0,5.34,858614.0,,34946486.0
2021-01-05 09:41:56.620,5.341,5.342,33500.0,5.34,797014.0,,35071686.0
2021-01-05 09:41:59.621,5.34,5.342,33500.0,5.341,60100.0,,35073686.0
2021-01-05 09:42:02.631,5.341,5.342,37300.0,5.341,1371100.0,,35090186.0
2021-01-05 09:42:05.601,5.342,5.342,47200.0,5.341,698900.0,,35119586.0
2021-01-05 09:42:08.590,5.342,5.343,125000.0,5.342,32200.0,,35170786.0
2021-01-05 09:42:11.610,5.342,5.343,125100.0,5.342,54700.0,,35173586.0
2021-01-05 09:42:14.621,5.342,5.343,129200.0,5.342,46400.0,,35183686.0
2021-01-05 09:42:17.621,5.344,5.345,831300.0,5.344,528600.0,,35337686.0
2021-01-05 09:42:20.611,5.343,5.343,69800.0,5.342,970100.0,,35675586.0
2021-01-05 09:42:23.631,5.343,5.344,10000.0,5.343,889900.0,,35745386.0
2021-01-05 09:42:26.641,5.343,5.343,43000.0,5.342,156500.0,,35806886.0
2021-01-05 09:42:29.621,5.343,5.343,37200.0,5.342,126500.0,,35812686.0
2021-01-05 09:42:32.581,5.345,5.345,647500.0,5.344,100.0,,35907586.0
2021-01-05 09:42:35.580,5.344,5.345,647500.0,5.344,297000.0,,35913986.0
2021-01-05 09:42:38.611,5.344,5.345,647500.0,5.344,303800.0,,35918186.0
2021-01-05 09:42:41.621,5.345,5.345,435600.0,5.344,303800.0,,36140086.0
2021-01-05 09:42:44.611,5.345,5.345,16000.0,5.344,293400.0,,36151186.0
2021-01-05 09:42:47.610,5.347,5.347,397700.0,5.345,9500.0,,37106386.0
2021-01-05 09:42:50.610,5.345,5.346,600000.0,5.345,104200.0,,37130586.0
2021-01-05 09:42:53.621,5.345,5.347,2069700.0,5.345,98800.0,,37183286.0
2021-01-05 09:42:56.600,5.346,5.346,29000.0,5.345,79000.0,,37221386.0
2021-01-05 09:42:59.561,5.346,5.346,20800.0,5.345,78900.0,,37230986.0
2021-01-05 09:43:02.590,5.346,5.347,1065600.0,5.346,26200.0,,37280686.0
2021-01-05 09:43:05.620,5.347,5.347,765400.0,5.346,48400.0,,37288386.0
2021-01-05 09:43:08.590,5.345,5.345,343200.0,5.344,14000.0,,37721186.0
2021-01-05 09:43:11.610,5.345,5.345,562300.0,5.344,5000.0,,37722086.0
2021-01-05 09:43:14.630,5.345,5.345,512300.0,5.344,5000.0,,37772586.0
2021-01-05 09:43:17.611,5.344,5.345,1126100.0,5.344,19800.0,,37785186.0
2021-01-05 09:43:20.610,5.344,5.344,161000.0,5.343,38200.0,,37821086.0
2021-01-05 09:43:23.611,5.344,5.344,600.0,5.343,938100.0,,38033686.0
2021-01-05 09:43:26.611,5.345,5.345,459400.0,5.344,10200.0,,38057586.0
2021-01-05 09:43:29.560,5.345,5.345,462400.0,5.343,900000.0,,38581986.0
2021-01-05 09:43:32.611,5.344,5.344,6500.0,5.343,1499700.0,,38596686.0
2021-01-05 09:43:35.610,5.344,5.344,137800.0,5.343,1475700.0,,38639386.0
2021-01-05 09:43:38.620,5.344,5.345,475300.0,5.344,1738800.0,,38777186.0
2021-01-05 09:43:41.621,5.345,5.345,469700.0,5.344,1908800.0,,38907886.0
2021-01-05 09:43:44.620,5.345,5.346,1256300.0,5.345,350300.0,,39468086.0
2021-01-05 09:43:47.630,5.345,5.346,709900.0,5.345,35600.0,,39475286.0
2021-01-05 09:43:50.631,5.344,5.345,599900.0,5.344,1993600.0,,39681686.0
2021-01-05 09:43:53.610,5.345,5.345,1178300.0,5.344,1799200.0,,39879186.0
2021-01-05 09:43:56.611,5.345,5.346,1871400.0,5.345,1215100.0,,41702686.0
2021-01-05 09:43:59.621,5.345,5.346,2705900.0,5.345,400800.0,,42810086.0
2021-01-05 09:44:02.611,5.344,5.345,858300.0,5.344,370200.0,,43871386.0
2021-01-05 09:44:05.621,5.342,5.342,137400.0,5.341,648900.0,,44474786.0
2021-01-05 09:44:08.610,5.343,5.343,330000.0,5.341,48900.0,,44782186.0
2021-01-05 09:44:11.611,5.343,5.343,334500.0,5.341,1600.0,,44847786.0
2021-01-05 09:44:14.610,5.341,5.343,828000.0,5.341,758100.0,,45043886.0
2021-01-05 09:44:17.591,5.341,5.342,300.0,5.341,752300.0,,45049686.0
2021-01-05 09:44:20.630,5.342,5.343,308100.0,5.342,569600.0,,45223286.0
2021-01-05 09:44:23.620,5.341,5.342,202000.0,5.341,1281800.0,,45312286.0
2021-01-05 09:44:26.630,5.341,5.342,98800.0,5.341,982300.0,,45715486.0
2021-01-05 09:44:29.631,5.341,5.342,99300.0,5.341,971600.0,,45728186.0
2021-01-05 09:44:32.631,5.342,5.342,99100.0,5.341,355600.0,,45748386.0
2021-01-05 09:44:35.621,5.341,5.342,102000.0,5.341,1584100.0,,45749886.0
2021-01-05 09:44:38.351,5.341,5.342,102000.0,5.341,1584100.0,,45749886.0
2021-01-05 09:44:38.631,5.342,5.342,156200.0,5.341,1561600.0,,45774086.0
2021-01-05 09:44:41.611,5.341,5.342,155800.0,5.341,1228600.0,,46107486.0
2021-01-05 09:44:44.631,5.342,5.342,164600.0,5.341,286300.0,,46160786.0
2021-01-05 09:44:47.610,5.341,5.342,151300.0,5.341,255400.0,,46194186.0
2021-01-05 09:44:50.611,5.341,5.342,149200.0,5.341,218000.0,,46234386.0
2021-01-05 09:44:53.621,5.342,5.342,165000.0,5.341,167600.0,,46296786.0
2021-01-05 09:44:56.630,5.341,5.342,164400.0,5.341,133300.0,,46331886.0
2021-01-05 09:44:59.630,5.341,5.342,185300.0,5.341,140200.0,,46343386.0
2021-01-05 09:45:02.621,5.34,5.341,1000.0,5.34,59800.0,,46511886.0
2021-01-05 09:45:05.620,5.341,5.341,170400.0,5.34,61800.0,,47417386.0
2021-01-05 09:45:08.661,5.341,5.341,1018400.0,5.34,60000.0,,47519386.0
2021-01-05 09:45:11.631,5.339,5.341,1018900.0,5.339,24900.0,,47541086.0
2021-01-05 09:45:14.630,5.34,5.34,204700.0,5.339,24900.0,,47542886.0
2021-01-05 09:45:17.621,5.339,5.339,798700.0,5.338,2000.0,,47647486.0
2021-01-05 09:45:20.641,5.339,5.339,192600.0,5.338,2100.0,,47655686.0
2021-01-05 09:45:23.630,5.338,5.339,792100.0,5.338,20300.0,,47669186.0
2021-01-05 09:45:26.591,5.338,5.338,178000.0,5.337,970100.0,,47694386.0
2021-01-05 09:45:29.630,5.338,5.338,179600.0,5.337,900100.0,,47728586.0
2021-01-05 09:45:32.631,5.338,5.338,68900.0,5.337,1500200.0,,47833686.0
2021-01-05 09:45:35.631,5.337,5.338,46700.0,5.337,1452200.0,,47884786.0
2021-01-05 09:45:38.621,5.339,5.339,20600.0,5.338,2343900.0,,47951686.0
2021-01-05 09:45:41.631,5.34,5.34,168600.0,5.339,874600.0,,47993686.0
2021-01-05 09:45:44.601,5.34,5.341,805000.0,5.34,1331400.0,,48548286.0
2021-01-05 09:45:47.640,5.341,5.342,1773400.0,5.341,695000.0,,48761986.0
2021-01-05 09:45:50.601,5.341,5.342,3722600.0,5.341,84500.0,,50272486.0
2021-01-05 09:45:53.611,5.341,5.341,19800.0,5.34,2094900.0,,50490286.0
2021-01-05 09:45:56.631,5.34,5.341,36400.0,5.34,987200.0,,50700386.0
2021-01-05 09:45:59.610,5.34,5.341,117400.0,5.34,787000.0,,50901686.0
2021-01-05 09:46:02.640,5.342,5.343,1853200.0,5.342,563600.0,,52094686.0
2021-01-05 09:46:05.600,5.342,5.343,1853200.0,5.342,1366300.0,,53091986.0
2021-01-05 09:46:08.630,5.342,5.343,353200.0,5.342,950800.0,,53507486.0
2021-01-05 09:46:11.650,5.343,5.344,118000.0,5.343,1468200.0,,53853986.0
2021-01-05 09:46:14.630,5.343,5.344,108600.0,5.343,1160300.0,,54162086.0
2021-01-05 09:46:17.611,5.344,5.344,128000.0,5.343,865600.0,,54457186.0
2021-01-05 09:46:20.641,5.344,5.344,118000.0,5.343,1874800.0,,54467186.0
2021-01-05 09:46:23.630,5.344,5.344,96900.0,5.343,1876600.0,,54544286.0
2021-01-05 09:46:26.631,5.345,5.345,408700.0,5.344,32700.0,,54927686.0
2021-01-05 09:46:29.641,5.344,5.345,408700.0,5.344,43800.0,,54932886.0
2021-01-05 09:46:32.640,5.344,5.345,516000.0,5.344,589900.0,,55542986.0
2021-01-05 09:46:35.621,5.345,5.346,3245900.0,5.345,350800.0,,56682986.0
2021-01-05 09:46:38.631,5.344,5.344,287800.0,5.343,1624400.0,,57349186.0
2021-01-05 09:46:41.630,5.343,5.344,97000.0,5.343,853400.0,,59305286.0
2021-01-05 09:46:44.631,5.342,5.344,415000.0,5.342,486600.0,,59607286.0
2021-01-05 09:46:47.630,5.342,5.344,495000.0,5.342,552000.0,,59903086.0
2021-01-05 09:46:50.640,5.344,5.344,333200.0,5.343,897000.0,,60350086.0
2021-01-05 09:46:53.641,5.343,5.345,1209400.0,5.344,1000.0,,60450386.0
2021-01-05 09:46:56.621,5.344,5.345,1181400.0,5.344,902200.0,,60959786.0
2021-01-05 09:46:59.600,5.344,5.345,2441000.0,5.344,862100.0,,61004686.0
2021-01-05 09:47:02.641,5.343,5.343,341400.0,5.342,312300.0,,62273886.0
2021-01-05 09:47:05.640,5.342,5.342,10100.0,5.341,623400.0,,62885286.0
2021-01-05 09:47:08.631,5.341,5.341,593400.0,5.34,20600.0,,63512686.0
2021-01-05 09:47:11.651,5.339,5.34,1526400.0,5.339,478400.0,,63590286.0
2021-01-05 09:47:14.640,5.34,5.34,656700.0,5.338,77800.0,,64071386.0
2021-01-05 09:47:17.641,5.338,5.338,234200.0,5.337,1835700.0,,64191486.0
2021-01-05 09:47:20.651,5.337,5.338,853300.0,5.337,1785700.0,,64266286.0
2021-01-05 09:47:23.631,5.337,5.337,300700.0,5.336,54200.0,,66108886.0
2021-01-05 09:47:26.641,5.336,5.337,899400.0,5.336,615800.0,,66449186.0
2021-01-05 09:47:29.621,5.337,5.337,901900.0,5.335,166300.0,,66452386.0
2021-01-05 09:47:32.641,5.336,5.336,38900.0,5.334,95900.0,,66773386.0
2021-01-05 09:47:35.640,5.335,5.335,1300.0,5.334,2495900.0,,66773586.0
2021-01-05 09:47:38.631,5.336,5.336,44500.0,5.335,100.0,,67110486.0
2021-01-05 09:47:41.651,5.334,5.336,44500.0,5.335,615800.0,,67407486.0
2021-01-05 09:47:44.640,5.336,5.336,3900.0,5.334,2758100.0,,68151486.0
2021-01-05 09:47:47.641,5.335,5.335,337500.0,5.334,2758100.0,,68184386.0
2021-01-05 09:47:50.630,5.334,5.335,335400.0,5.334,1971100.0,,68360686.0
2021-01-05 09:47:53.650,5.335,5.336,20000.0,5.335,298600.0,,68712686.0
2021-01-05 09:47:56.631,5.335,5.337,12700.0,5.336,100.0,,68742886.0
2021-01-05 09:47:59.630,5.335,5.337,20700.0,5.336,100.0,,68750586.0
2021-01-05 09:48:02.650,5.335,5.336,1800.0,5.335,33900.0,,68844586.0
2021-01-05 09:48:05.630,5.335,5.336,918200.0,5.335,36600.0,,69154086.0
2021-01-05 09:48:08.650,5.334,5.334,21200.0,5.333,81400.0,,70270786.0
2021-01-05 09:48:11.631,5.334,5.334,20000.0,5.333,20400.0,,70272986.0
2021-01-05 09:48:14.630,5.334,5.334,47100.0,5.333,2042700.0,,70273386.0
2021-01-05 09:48:17.640,5.334,5.335,226800.0,5.334,2505400.0,,70810386.0
2021-01-05 09:48:20.610,5.335,5.336,137500.0,5.335,3213200.0,,71159686.0
2021-01-05 09:48:23.640,5.337,5.337,14400.0,5.336,2162400.0,,72598286.0
2021-01-05 09:48:26.621,5.336,5.337,14400.0,5.336,2754100.0,,72606586.0
2021-01-05 09:48:29.651,5.339,5.34,1600.0,5.339,1439300.0,,72990986.0
2021-01-05 09:48:32.631,5.339,5.34,1600.0,5.339,1423400.0,,73006886.0
2021-01-05 09:48:35.631,5.339,5.34,1600.0,5.339,1423000.0,,73007286.0
2021-01-05 09:48:38.630,5.339,5.34,2100.0,5.339,1430600.0,,73009686.0
2021-01-05 09:48:41.641,5.34,5.341,76500.0,5.34,1315000.0,,73062986.0
2021-01-05 09:48:44.651,5.34,5.341,76500.0,5.34,716400.0,,73661586.0
2021-01-05 09:48:47.651,5.341,5.342,1263100.0,5.341,512800.0,,74036386.0
2021-01-05 09:48:50.641,5.34,5.341,300800.0,5.34,63600.0,,74744186.0
2021-01-05 09:48:53.630,5.341,5.341,291900.0,5.34,853300.0,,74755586.0
2021-01-05 09:48:56.640,5.341,5.342,658000.0,5.341,188600.0,,75347486.0
2021-01-05 09:48:59.641,5.342,5.342,495400.0,5.34,1502000.0,,75616086.0
2021-01-05 09:49:02.661,5.342,5.343,300.0,5.342,104800.0,,76414286.0
2021-01-05 09:49:05.641,5.342,5.343,300.0,5.342,34400.0,,76474286.0
2021-01-05 09:49:08.641,5.342,5.343,12600.0,5.342,192600.0,,77140286.0
2021-01-05 09:49:11.640,5.342,5.342,520100.0,5.341,1092000.0,,77855786.0
2021-01-05 09:49:14.641,5.343,5.344,1957100.0,5.343,315000.0,,78643386.0
2021-01-05 09:49:17.640,5.342,5.342,166600.0,5.341,711000.0,,79339486.0
2021-01-05 09:49:20.650,5.342,5.342,167300.0,5.341,715000.0,,79339486.0
2021-01-05 09:49:23.641,5.342,5.342,175700.0,5.341,1315000.0,,79339886.0
2021-01-05 09:49:26.630,5.342,5.343,997800.0,5.342,447000.0,,79527586.0
2021-01-05 09:49:29.631,5.342,5.343,923700.0,5.342,2200.0,,79529686.0
2021-01-05 09:49:32.630,5.343,5.343,946800.0,5.342,1282800.0,,79531586.0
2021-01-05 09:49:35.631,5.343,5.344,56500.0,5.343,845500.0,,80486586.0
2021-01-05 09:49:38.651,5.344,5.344,15700.0,5.343,550000.0,,80825186.0
2021-01-05 09:49:41.640,5.343,5.344,15700.0,5.343,1139000.0,,80836286.0
2021-01-05 09:49:44.650,5.343,5.344,615500.0,5.343,723400.0,,80841186.0
2021-01-05 09:49:47.611,5.343,5.344,614500.0,5.343,712000.0,,80863586.0
2021-01-05 09:49:50.621,5.343,5.344,614400.0,5.343,887000.0,,81159486.0
2021-01-05 09:49:53.631,5.343,5.344,624400.0,5.343,593000.0,,81456286.0
2021-01-05 09:49:56.651,5.342,5.342,65000.0,5.341,686000.0,,81725686.0
2021-01-05 09:49:59.650,5.342,5.342,77900.0,5.34,74400.0,,82120186.0
2021-01-05 09:50:02.651,5.341,5.341,192800.0,5.34,74400.0,,82120486.0
2021-01-05 09:50:05.661,5.339,5.341,842200.0,5.339,1503200.0,,82233586.0
2021-01-05 09:50:08.641,5.34,5.341,191400.0,5.34,200.0,,82264586.0
2021-01-05 09:50:11.651,5.338,5.339,181100.0,5.338,122900.0,,82288686.0
2021-01-05 09:50:14.661,5.339,5.339,170500.0,5.338,2900.0,,82299286.0
2021-01-05 09:50:17.660,5.338,5.338,163000.0,5.337,966600.0,,82304186.0
2021-01-05 09:50:20.651,5.338,5.338,122700.0,5.337,2034400.0,,82344586.0
2021-01-05 09:50:23.641,5.338,5.339,120500.0,5.338,479100.0,,82520486.0
2021-01-05 09:50:26.611,5.338,5.339,120400.0,5.338,1073200.0,,82528686.0
2021-01-05 09:50:29.650,5.338,5.339,669000.0,5.338,1964200.0,,82594086.0
2021-01-05 09:50:32.631,5.338,5.339,74900.0,5.338,2844000.0,,83214386.0
2021-01-05 09:50:35.651,5.338,5.339,84600.0,5.338,1244700.0,,83215886.0
2021-01-05 09:50:38.640,5.339,5.339,84000.0,5.338,1244400.0,,83217386.0
2021-01-05 09:50:41.630,5.339,5.339,83700.0,5.338,1896900.0,,83254486.0
2021-01-05 09:50:44.590,5.338,5.339,83200.0,5.338,2835300.0,,83273486.0
2021-01-05 09:50:47.650,5.339,5.34,137900.0,5.339,887100.0,,83984286.0
2021-01-05 09:50:50.641,5.339,5.34,4500.0,5.339,727400.0,,84147686.0
2021-01-05 09:50:53.650,5.339,5.34,8500.0,5.339,26100.0,,84849886.0
2021-01-05 09:50:56.660,5.339,5.339,254700.0,5.338,1916800.0,,84892086.0
2021-01-05 09:50:59.630,5.339,5.339,251000.0,5.338,2796800.0,,84910786.0
2021-01-05 09:51:02.660,5.339,5.339,259500.0,5.338,3399800.0,,84913786.0
2021-01-05 09:51:05.660,5.339,5.34,182700.0,5.339,353800.0,,85464986.0
2021-01-05 09:51:08.651,5.339,5.34,103200.0,5.339,1247800.0,,85471086.0
2021-01-05 09:51:11.631,5.34,5.341,202400.0,5.34,1144200.0,,85586386.0
2021-01-05 09:51:14.661,5.341,5.342,900.0,5.341,1050200.0,,85789686.0
2021-01-05 09:51:17.650,5.341,5.342,900.0,5.341,1088200.0,,85801686.0
2021-01-05 09:51:20.641,5.342,5.343,824700.0,5.342,25800.0,,86426686.0
2021-01-05 09:51:23.651,5.341,5.343,144700.0,5.341,389600.0,,86528386.0
2021-01-05 09:51:26.641,5.342,5.342,1700.0,5.341,1982100.0,,86528586.0
2021-01-05 09:51:29.641,5.342,5.342,38800.0,5.341,2576300.0,,86534786.0
2021-01-05 09:51:32.671,5.342,5.342,27500.0,5.341,2576300.0,,86549086.0
2021-01-05 09:51:35.650,5.342,5.343,162300.0,5.342,358800.0,,86580786.0
2021-01-05 09:51:38.661,5.342,5.343,156600.0,5.342,1168500.0,,86581986.0
2021-01-05 09:51:41.590,5.342,5.343,156600.0,5.342,3309300.0,,86591986.0
2021-01-05 09:51:44.601,5.343,5.344,66600.0,5.343,2434100.0,,86748586.0
2021-01-05 09:51:47.651,5.343,5.344,5000.0,5.343,2393300.0,,87121786.0
2021-01-05 09:51:50.650,5.343,5.344,5000.0,5.343,2293300.0,,87221886.0
2021-01-05 09:51:53.670,5.343,5.344,786200.0,5.343,1554000.0,,87962086.0
2021-01-05 09:51:56.640,5.342,5.343,598900.0,5.342,1982300.0,,88363186.0
2021-01-05 09:51:59.651,5.343,5.343,7500.0,5.342,982300.0,,88484486.0
2021-01-05 09:52:02.651,5.344,5.344,101400.0,5.343,1500.0,,88513586.0
2021-01-05 09:52:05.660,5.342,5.343,22700.0,5.342,1096000.0,,88523686.0
2021-01-05 09:52:08.641,5.343,5.344,721400.0,5.343,4700.0,,88661886.0
2021-01-05 09:52:11.651,5.342,5.343,31200.0,5.342,886000.0,,88782686.0
2021-01-05 09:52:14.631,5.343,5.344,103400.0,5.343,757300.0,,88836586.0
2021-01-05 09:52:17.661,5.343,5.344,114400.0,5.343,756200.0,,88837786.0
2021-01-05 09:52:20.660,5.343,5.344,14400.0,5.343,749100.0,,88845486.0
2021-01-05 09:52:23.660,5.343,5.344,24500.0,5.343,852900.0,,88851686.0
2021-01-05 09:52:26.640,5.343,5.344,39400.0,5.343,1395500.0,,88851886.0
2021-01-05 09:52:29.641,5.344,5.344,27700.0,5.343,858200.0,,88863986.0
2021-01-05 09:52:32.661,5.344,5.345,923300.0,5.344,274700.0,,88897886.0
2021-01-05 09:52:35.650,5.344,5.345,261000.0,5.344,272100.0,,89562786.0
2021-01-05 09:52:38.610,5.344,5.346,1227500.0,5.344,854100.0,,89562786.0
2021-01-05 09:52:41.670,5.345,5.346,447500.0,5.345,716500.0,,89588786.0
2021-01-05 09:52:44.660,5.346,5.347,781500.0,5.346,452500.0,,90038386.0
2021-01-05 09:52:47.651,5.346,5.347,181500.0,5.346,2319700.0,,90038386.0
2021-01-05 09:52:50.630,5.346,5.347,181500.0,5.346,2320700.0,,90039486.0
2021-01-05 09:52:53.660,5.346,5.347,181500.0,5.346,2320800.0,,90039486.0
2021-01-05 09:52:56.651,5.346,5.347,181500.0,5.346,2121100.0,,90139686.0
2021-01-05 09:52:59.681,5.346,5.347,432600.0,5.346,1299200.0,,90971686.0
2021-01-05 09:53:02.651,5.347,5.347,288500.0,5.346,1190100.0,,91110786.0
2021-01-05 09:53:05.640,5.346,5.347,228000.0,5.346,1191200.0,,91171786.0
2021-01-05 09:53:08.660,5.347,5.347,104900.0,5.346,1132400.0,,91233686.0
2021-01-05 09:53:11.661,5.347,5.347,95800.0,5.346,1232400.0,,91244986.0
2021-01-05 09:53:14.671,5.347,5.348,1800500.0,5.347,61400.0,,91782786.0
2021-01-05 09:53:17.650,5.346,5.346,243500.0,5.345,383700.0,,93094386.0
2021-01-05 09:53:20.661,5.346,5.346,436100.0,5.345,195000.0,,93204986.0
2021-01-05 09:53:23.640,5.346,5.346,337300.0,5.345,195100.0,,93205286.0
2021-01-05 09:53:26.660,5.346,5.346,335300.0,5.345,291700.0,,93212686.0
2021-01-05 09:53:29.651,5.345,5.346,329700.0,5.345,75500.0,,93344086.0
2021-01-05 09:53:32.660,5.346,5.346,309500.0,5.345,86800.0,,93457286.0
2021-01-05 09:53:35.670,5.345,5.346,308400.0,5.344,1009400.0,,93492086.0
2021-01-05 09:53:38.661,5.344,5.345,50000.0,5.344,1059200.0,,93602286.0
2021-01-05 09:53:41.641,5.344,5.345,377300.0,5.344,345500.0,,93630886.0
2021-01-05 09:53:44.671,5.344,5.345,571400.0,5.344,284900.0,,93637386.0
2021-01-05 09:53:47.671,5.345,5.345,571200.0,5.344,392700.0,,93649586.0
2021-01-05 09:53:50.651,5.344,5.345,570200.0,5.344,153600.0,,93869386.0
2021-01-05 09:53:53.671,5.343,5.344,104800.0,5.343,63900.0,,94239786.0
2021-01-05 09:53:56.660,5.344,5.344,6000.0,5.343,659700.0,,94251286.0
2021-01-05 09:53:59.670,5.344,5.345,472000.0,5.344,94100.0,,94258486.0
2021-01-05 09:54:02.661,5.344,5.345,479500.0,5.344,63800.0,,94278086.0
2021-01-05 09:54:05.670,5.344,5.345,499500.0,5.344,5700.0,,94308286.0
2021-01-05 09:54:08.661,5.345,5.345,402100.0,5.344,2000.0,,94319186.0
2021-01-05 09:54:11.671,5.344,5.345,401700.0,5.344,702300.0,,94320886.0
2021-01-05 09:54:14.661,5.344,5.345,420700.0,5.344,97300.0,,94326386.0
2021-01-05 09:54:17.650,5.344,5.345,386800.0,5.344,101400.0,,94368286.0
2021-01-05 09:54:20.651,5.344,5.345,387100.0,5.344,36100.0,,94368686.0
2021-01-05 09:54:23.661,5.345,5.345,351600.0,5.344,143800.0,,94416086.0
2021-01-05 09:54:26.671,5.343,5.344,1000.0,5.343,700500.0,,94471586.0
2021-01-05 09:54:29.670,5.344,5.344,900.0,5.343,100600.0,,94471686.0
2021-01-05 09:54:32.671,5.343,5.344,100.0,5.343,98600.0,,94478286.0
2021-01-05 09:54:35.650,5.344,5.344,4700.0,5.343,80100.0,,94522486.0
2021-01-05 09:54:38.680,5.344,5.344,2600.0,5.343,100.0,,94525086.0
2021-01-05 09:54:41.661,5.343,5.344,3900.0,5.343,99300.0,,94525886.0
2021-01-05 09:54:44.641,5.345,5.345,452500.0,5.344,2600.0,,94545886.0
2021-01-05 09:54:47.640,5.344,5.344,17900.0,5.343,779300.0,,94548486.0
2021-01-05 09:54:50.631,5.343,5.345,362500.0,5.343,58000.0,,94614786.0
2021-01-05 09:54:53.651,5.344,5.345,577500.0,5.344,1400.0,,94622786.0
2021-01-05 09:54:56.661,5.343,5.343,80000.0,5.342,821400.0,,94645486.0
2021-01-05 09:54:59.620,5.343,5.343,38800.0,5.342,100000.0,,94806086.0
2021-01-05 09:55:02.601,5.343,5.343,32700.0,5.341,267200.0,,94813186.0
2021-01-05 09:55:05.640,5.343,5.342,9100.0,5.341,17200.0,,94914586.0
2021-01-05 09:55:08.670,5.342,5.342,109300.0,5.341,17200.0,,94914686.0
2021-01-05 09:55:11.661,5.342,5.342,109100.0,5.341,17100.0,,94914986.0
2021-01-05 09:55:14.650,5.34,5.34,51600.0,5.339,201600.0,,94965386.0
2021-01-05 09:55:17.661,5.341,5.341,1497600.0,5.339,141600.0,,95174886.0
2021-01-05 09:55:20.621,5.341,5.341,1246400.0,5.34,7300.0,,95191286.0
2021-01-05 09:55:23.681,5.341,5.341,346400.0,5.34,2300.0,,95201786.0
2021-01-05 09:55:26.661,5.34,5.341,259300.0,5.34,564100.0,,95241286.0
2021-01-05 09:55:29.641,5.34,5.341,238200.0,5.34,85100.0,,95459586.0
2021-01-05 09:55:32.660,5.341,5.342,406300.0,5.341,465400.0,,95786286.0
2021-01-05 09:55:35.640,5.34,5.342,325300.0,5.341,10000.0,,95807786.0
2021-01-05 09:55:38.660,5.341,5.342,335300.0,5.34,1912700.0,,95817786.0
2021-01-05 09:55:41.651,5.341,5.342,235300.0,5.341,165400.0,,95838086.0
2021-01-05 09:55:44.671,5.341,5.342,311300.0,5.341,154400.0,,95849186.0
2021-01-05 09:55:47.670,5.341,5.342,317000.0,5.341,141300.0,,95863286.0
2021-01-05 09:55:50.671,5.342,5.342,216500.0,5.341,735000.0,,95871286.0
2021-01-05 09:55:53.660,5.341,5.342,204700.0,5.341,809000.0,,95909086.0
2021-01-05 09:55:56.651,5.342,5.343,141600.0,5.342,1599700.0,,96113786.0
2021-01-05 09:55:59.671,5.342,5.343,141600.0,5.342,1600800.0,,96114386.0
2021-01-05 09:56:02.681,5.342,5.343,28100.0,5.342,1672200.0,,96131586.0
2021-01-05 09:56:05.661,5.342,5.343,1696100.0,5.342,1368600.0,,96442586.0
2021-01-05 09:56:08.661,5.342,5.343,2541600.0,5.342,929900.0,,96882086.0
2021-01-05 09:56:11.660,5.342,5.343,100000.0,5.342,37400.0,,97986786.0
2021-01-05 09:56:14.661,5.342,5.344,108300.0,5.342,18400.0,,98006986.0
2021-01-05 09:56:17.681,5.342,5.342,18500.0,5.341,118400.0,,98025386.0
2021-01-05 09:56:20.680,5.342,5.342,33300.0,5.341,441600.0,,98034186.0
2021-01-05 09:56:23.671,5.342,5.342,86700.0,5.341,428600.0,,98093786.0
2021-01-05 09:56:26.660,5.341,5.342,85800.0,5.341,427100.0,,98096186.0
2021-01-05 09:56:29.661,5.341,5.342,95800.0,5.341,215500.0,,98307786.0
2021-01-05 09:56:32.671,5.341,5.342,87600.0,5.341,115700.0,,98415986.0
2021-01-05 09:56:35.670,5.342,5.341,100000.0,5.34,21000.0,,98534586.0
2021-01-05 09:56:38.671,5.341,5.341,122200.0,5.34,21000.0,,98535186.0
2021-01-05 09:56:41.681,5.341,5.342,335000.0,5.341,965000.0,,98570386.0
2021-01-05 09:56:44.670,5.342,5.342,24900.0,5.341,90300.0,,98580186.0
2021-01-05 09:56:47.640,5.342,5.342,37500.0,5.341,100100.0,,98662286.0
2021-01-05 09:56:50.660,5.341,5.342,15000.0,5.341,749000.0,,98703386.0
2021-01-05 09:56:53.680,5.342,5.342,33500.0,5.341,798600.0,,98707986.0
2021-01-05 09:56:56.681,5.341,5.342,31500.0,5.341,855900.0,,98712686.0
2021-01-05 09:56:59.661,5.342,5.344,181700.0,5.342,600.0,,98785886.0
2021-01-05 09:57:02.671,5.342,5.344,191700.0,5.342,595200.0,,98807886.0
2021-01-05 09:57:05.670,5.343,5.344,31700.0,5.343,700000.0,,98808086.0
2021-01-05 09:57:08.651,5.342,5.345,419200.0,5.344,4400.0,,98927286.0
2021-01-05 09:57:11.621,5.343,5.344,96000.0,5.343,27800.0,,98963186.0
2021-01-05 09:57:14.670,5.344,5.344,85900.0,5.343,27800.0,,98973286.0
2021-01-05 09:57:17.661,5.344,5.344,87900.0,5.343,27800.0,,98973286.0
2021-01-05 09:57:20.681,5.344,5.344,41900.0,5.343,570000.0,,99121986.0
2021-01-05 09:57:23.641,5.344,5.344,45100.0,5.343,570000.0,,99179686.0
2021-01-05 09:57:26.661,5.344,5.344,3000.0,5.343,573000.0,,99179686.0
2021-01-05 09:57:29.681,5.343,5.344,3400.0,5.343,671000.0,,99181686.0
2021-01-05 09:57:32.671,5.345,5.346,812400.0,5.345,540300.0,,99545886.0
2021-01-05 09:57:35.671,5.345,5.346,732400.0,5.345,400800.0,,99685386.0
2021-01-05 09:57:38.691,5.346,5.346,727400.0,5.345,400000.0,,99691186.0
2021-01-05 09:57:41.671,5.345,5.346,726600.0,5.345,255800.0,,100003786.0
2021-01-05 09:57:44.670,5.346,5.346,626000.0,5.345,211000.0,,100049186.0
2021-01-05 09:57:47.670,5.346,5.347,1919200.0,5.346,124000.0,,100825186.0
2021-01-05 09:57:50.650,5.347,5.347,19900.0,5.346,514200.0,,100879986.0
2021-01-05 09:57:53.670,5.348,5.348,234900.0,5.347,80100.0,,100912686.0
2021-01-05 09:57:56.671,5.348,5.348,123800.0,5.347,79700.0,,101024486.0
2021-01-05 09:57:59.660,5.348,5.349,2021400.0,5.348,1255300.0,,101669286.0
2021-01-05 09:58:02.661,5.347,5.347,49300.0,5.346,608700.0,,103665086.0
2021-01-05 09:58:05.681,5.347,5.347,147900.0,5.346,548700.0,,103666486.0
2021-01-05 09:58:08.691,5.348,5.348,607200.0,5.347,2561100.0,,103833986.0
2021-01-05 09:58:11.680,5.347,5.348,627200.0,5.347,2080200.0,,103836686.0
2021-01-05 09:58:14.671,5.348,5.348,599900.0,5.347,2678400.0,,103869586.0
2021-01-05 09:58:17.680,5.347,5.348,2368500.0,5.347,1336500.0,,105215086.0
2021-01-05 09:58:20.671,5.348,5.348,1672300.0,5.347,553100.0,,106295386.0
2021-01-05 09:58:23.691,5.348,5.348,1664700.0,5.347,310800.0,,106547786.0
2021-01-05 09:58:26.670,5.348,5.348,220100.0,5.347,239400.0,,106732186.0
2021-01-05 09:58:29.681,5.348,5.348,168600.0,5.347,232800.0,,106740286.0
2021-01-05 09:58:32.691,5.348,5.348,64900.0,5.347,555100.0,,106750386.0
2021-01-05 09:58:35.680,5.348,5.349,1995000.0,5.348,6900.0,,106858986.0
2021-01-05 09:58:38.681,5.347,5.348,845500.0,5.347,1356600.0,,107469886.0
2021-01-05 09:58:41.670,5.348,5.348,77900.0,5.347,1157900.0,,108595686.0
2021-01-05 09:58:44.690,5.348,5.348,24000.0,5.347,862400.0,,108897386.0
2021-01-05 09:58:47.660,5.347,5.348,27000.0,5.347,1862300.0,,108903486.0
2021-01-05 09:58:50.680,5.348,5.348,11500.0,5.347,2133100.0,,108939586.0
2021-01-05 09:58:53.610,5.348,5.349,170500.0,5.348,892800.0,,108951486.0
2021-01-05 09:58:56.691,5.349,5.35,1352300.0,5.349,187200.0,,109222486.0
2021-01-05 09:58:59.690,5.348,5.35,522300.0,5.348,3281600.0,,109425586.0
2021-01-05 09:59:02.650,5.35,5.351,49900.0,5.35,566900.0,,109962586.0
2021-01-05 09:59:05.670,5.349,5.35,1400.0,5.349,613700.0,,110167586.0
2021-01-05 09:59:08.671,5.351,5.351,22100.0,5.35,109200.0,,110197786.0
2021-01-05 09:59:11.670,5.351,5.351,30900.0,5.35,727200.0,,110205986.0
2021-01-05 09:59:14.671,5.35,5.351,130900.0,5.35,46600.0,,110209486.0
2021-01-05 09:59:17.700,5.351,5.352,1760400.0,5.351,285900.0,,110790586.0
2021-01-05 09:59:20.691,5.35,5.352,2449000.0,5.351,500.0,,111583986.0
2021-01-05 09:59:23.680,5.35,5.35,95400.0,5.349,541000.0,,111689786.0
2021-01-05 09:59:26.681,5.35,5.35,95300.0,5.349,226400.0,,112017186.0
2021-01-05 09:59:29.680,5.351,5.351,118800.0,5.349,226400.0,,112081186.0
2021-01-05 09:59:32.681,5.349,5.35,6500.0,5.349,562100.0,,112086886.0
2021-01-05 09:59:35.681,5.351,5.351,152100.0,5.349,1147500.0,,112097986.0
2021-01-05 09:59:38.690,5.349,5.351,158700.0,5.35,200.0,,112117586.0
2021-01-05 09:59:41.691,5.351,5.352,1022000.0,5.351,56700.0,,112274286.0
2021-01-05 09:59:44.680,5.35,5.35,167000.0,5.349,950000.0,,112373986.0
2021-01-05 09:59:47.681,5.35,5.351,19100.0,5.35,33000.0,,112540986.0
2021-01-05 09:59:50.701,5.35,5.351,19100.0,5.35,221600.0,,112540986.0
2021-01-05 09:59:53.690,5.351,5.352,1628000.0,5.351,955100.0,,112586886.0
2021-01-05 09:59:56.650,5.351,5.352,1648000.0,5.351,660400.0,,112892286.0
2021-01-05 09:59:59.680,5.352,5.352,175200.0,5.351,535400.0,,113027286.0
2021-01-05 10:00:02.661,5.353,5.353,99000.0,5.352,37400.0,,113213686.0
2021-01-05 10:00:05.670,5.351,5.352,1565400.0,5.351,489300.0,,113449486.0
2021-01-05 10:00:08.670,5.351,5.351,495800.0,5.35,159200.0,,113938786.0
2021-01-05 10:00:11.700,5.351,5.351,316600.0,5.35,162900.0,,114045286.0
2021-01-05 10:00:14.710,5.348,5.349,926800.0,5.348,96500.0,,114318486.0
2021-01-05 10:00:17.690,5.349,5.349,1619900.0,5.348,16500.0,,114390886.0
2021-01-05 10:00:20.691,5.348,5.348,614800.0,5.347,78000.0,,114652286.0
2021-01-05 10:00:23.680,5.347,5.347,56900.0,5.346,124300.0,,114695686.0
2021-01-05 10:00:26.671,5.348,5.348,19100.0,5.347,11600.0,,114755686.0
2021-01-05 10:00:29.700,5.348,5.348,124800.0,5.347,100.0,,114945486.0
2021-01-05 10:00:32.670,5.347,5.348,125200.0,5.347,20100.0,,114965686.0
2021-01-05 10:00:35.660,5.347,5.347,400.0,5.346,700100.0,,114987586.0
2021-01-05 10:00:38.691,5.347,5.348,143300.0,5.347,5400.0,,114992486.0
2021-01-05 10:00:41.680,5.348,5.348,556800.0,5.347,2400.0,,115096786.0
2021-01-05 10:00:44.681,5.347,5.347,114100.0,5.345,90800.0,,115149386.0
2021-01-05 10:00:47.680,5.347,5.347,138700.0,5.345,730800.0,,115149386.0
2021-01-05 10:00:50.681,5.347,5.347,35900.0,5.346,110000.0,,115154886.0
2021-01-05 10:00:53.701,5.347,5.348,126900.0,5.347,1766100.0,,115200886.0
2021-01-05 10:00:56.711,5.347,5.348,900.0,5.347,1726900.0,,115240086.0
2021-01-05 10:00:59.691,5.347,5.348,900.0,5.347,1800700.0,,115256286.0
2021-01-05 10:01:02.670,5.349,5.349,347400.0,5.348,1300.0,,115273986.0
2021-01-05 10:01:05.680,5.348,5.349,267400.0,5.348,20700.0,,115274586.0
2021-01-05 10:01:08.681,5.348,5.349,267400.0,5.348,8900.0,,115289086.0
2021-01-05 10:01:11.680,5.348,5.349,267400.0,5.348,1808400.0,,115290086.0
2021-01-05 10:01:14.690,5.348,5.349,161600.0,5.348,1780500.0,,115323786.0
2021-01-05 10:01:17.680,5.348,5.349,160500.0,5.348,2777500.0,,115327886.0
2021-01-05 10:01:20.630,5.349,5.349,170300.0,5.348,3608400.0,,115329186.0
2021-01-05 10:01:23.671,5.349,5.35,50600.0,5.349,346700.0,,115502786.0
2021-01-05 10:01:26.680,5.349,5.35,23400.0,5.349,1046000.0,,115503486.0
2021-01-05 10:01:29.690,5.35,5.351,229600.0,5.35,1774600.0,,115529086.0
2021-01-05 10:01:32.681,5.349,5.35,100000.0,5.349,420300.0,,115546086.0
2021-01-05 10:01:35.690,5.351,5.35,8000.0,5.349,526400.0,,116301486.0
2021-01-05 10:01:38.660,5.35,5.35,400.0,5.349,2026400.0,,116326086.0
2021-01-05 10:01:41.680,5.35,5.351,7300.0,5.35,17000.0,,116331686.0
2021-01-05 10:01:44.701,5.35,5.351,402300.0,5.35,6800.0,,116342886.0
2021-01-05 10:01:47.691,5.35,5.351,302300.0,5.35,24100.0,,116342886.0
2021-01-05 10:01:50.701,5.351,5.351,306200.0,5.35,623500.0,,116348686.0
2021-01-05 10:01:53.661,5.352,5.353,143900.0,5.351,101000.0,,117057286.0
2021-01-05 10:01:56.681,5.352,5.353,83900.0,5.352,14600.0,,117072286.0
2021-01-05 10:01:59.690,5.35,5.351,100.0,5.35,1543693.0,,117140093.0
2021-01-05 10:02:02.710,5.35,5.352,1900.0,5.35,1463593.0,,117168893.0
2021-01-05 10:02:05.680,5.35,5.352,11900.0,5.351,11800.0,,117168893.0
2021-01-05 10:02:08.700,5.35,5.352,45000.0,5.351,1500.0,,117225093.0
2021-01-05 10:02:11.681,5.352,5.352,32900.0,5.351,3000.0,,117237193.0
2021-01-05 10:02:14.680,5.351,5.352,32900.0,5.351,2800.0,,117237593.0
2021-01-05 10:02:17.690,5.352,5.352,29900.0,5.351,885100.0,,117241693.0
2021-01-05 10:02:20.670,5.351,5.352,3100.0,5.351,1774500.0,,117279093.0
2021-01-05 10:02:23.690,5.351,5.352,10800.0,5.351,1775200.0,,117280193.0
2021-01-05 10:02:26.710,5.352,5.353,268900.0,5.352,955800.0,,117300693.0
2021-01-05 10:02:29.711,5.352,5.353,188900.0,5.352,1847800.0,,117308993.0
2021-01-05 10:02:32.690,5.353,5.354,105000.0,5.353,1713100.0,,117397893.0
2021-01-05 10:02:35.641,5.355,5.355,556800.0,5.353,1843100.0,,118298093.0
2021-01-05 10:02:38.701,5.353,5.355,1280200.0,5.353,1836100.0,,118299793.0
2021-01-05 10:02:41.700,5.354,5.355,723400.0,5.354,15800.0,,118595793.0
2021-01-05 10:02:44.691,5.355,5.355,517800.0,5.353,1355400.0,,118998593.0
2021-01-05 10:02:47.650,5.354,5.354,90900.0,5.353,1157800.0,,119212693.0
2021-01-05 10:02:50.650,5.354,5.354,195900.0,5.353,1167800.0,,119220693.0
2021-01-05 10:02:53.701,5.354,5.354,732400.0,5.353,1152700.0,,119256093.0
2021-01-05 10:02:56.700,5.353,5.353,138300.0,5.352,91300.0,,120409393.0
2021-01-05 10:02:59.691,5.353,5.353,13700.0,5.352,611200.0,,120534093.0
2021-01-05 10:03:02.690,5.353,5.353,2600.0,5.352,1441200.0,,120552893.0
2021-01-05 10:03:05.731,5.353,5.354,55900.0,5.353,591000.0,,120572893.0
2021-01-05 10:03:08.711,5.354,5.355,134900.0,5.354,44100.0,,120708993.0
2021-01-05 10:03:11.700,5.354,5.355,74900.0,5.353,2320700.0,,120714293.0
2021-01-05 10:03:14.701,5.354,5.354,600.0,5.353,582800.0,,120748093.0
2021-01-05 10:03:17.701,5.354,5.355,83400.0,5.354,901600.0,,120748693.0
2021-01-05 10:03:20.700,5.355,5.355,75400.0,5.354,1522100.0,,120757193.0
2021-01-05 10:03:23.691,5.355,5.356,83300.0,5.355,792800.0,,120868793.0
2021-01-05 10:03:26.711,5.355,5.356,83300.0,5.355,1075700.0,,121461393.0
2021-01-05 10:03:29.710,5.355,5.356,83400.0,5.355,693400.0,,121843893.0
2021-01-05 10:03:32.701,5.355,5.356,82400.0,5.355,1393100.0,,121844193.0
2021-01-05 10:03:35.681,5.356,5.357,75900.0,5.356,565400.0,,121928993.0
2021-01-05 10:03:38.710,5.357,5.357,74900.0,5.356,2285800.0,,121930993.0
2021-01-05 10:03:41.690,5.357,5.358,329700.0,5.357,772100.0,,122006093.0
2021-01-05 10:03:44.691,5.358,5.358,311200.0,5.357,570800.0,,122081693.0
2021-01-05 10:03:47.661,5.358,5.359,108200.0,5.358,1411200.0,,122402693.0
2021-01-05 10:03:50.690,5.358,5.359,48200.0,5.358,2299900.0,,122420193.0
2021-01-05 10:03:53.710,5.359,5.359,628600.0,5.358,2301500.0,,122420293.0
2021-01-05 10:03:56.701,5.359,5.36,207600.0,5.359,1184600.0,,123053193.0
2021-01-05 10:03:59.700,5.359,5.36,307600.0,5.359,1179600.0,,123058193.0
2021-01-05 10:04:02.710,5.36,5.361,184200.0,5.36,394600.0,,123372293.0
2021-01-05 10:04:05.721,5.36,5.361,126200.0,5.36,379900.0,,123392693.0
2021-01-05 10:04:08.700,5.36,5.361,145600.0,5.36,833100.0,,123401793.0
2021-01-05 10:04:11.641,5.36,5.361,100000.0,5.36,549200.0,,123972593.0
2021-01-05 10:04:14.721,5.361,5.362,835600.0,5.361,777700.0,,124106493.0
2021-01-05 10:04:17.710,5.36,5.361,515800.0,5.36,320900.0,,125599493.0
2021-01-05 10:04:20.701,5.359,5.359,399000.0,5.358,687000.0,,126018693.0
2021-01-05 10:04:23.691,5.359,5.359,1653700.0,5.358,386000.0,,126120793.0
2021-01-05 10:04:26.720,5.356,5.358,612300.0,5.355,233800.0,,126672393.0
2021-01-05 10:04:29.711,5.356,5.356,33300.0,5.355,72700.0,,126679093.0
2021-01-05 10:04:32.710,5.356,5.356,29900.0,5.354,106700.0,,126771793.0
2021-01-05 10:04:35.701,5.355,5.356,25000.0,5.353,2451300.0,,126784493.0
2021-01-05 10:04:38.721,5.355,5.355,5700.0,5.354,1000.0,,126900693.0
2021-01-05 10:04:41.710,5.355,5.355,4100.0,5.354,1000.0,,126902293.0
2021-01-05 10:04:44.701,5.356,5.356,24100.0,5.355,595900.0,,126908293.0
2021-01-05 10:04:47.691,5.355,5.356,24100.0,5.355,695400.0,,126908793.0
2021-01-05 10:04:50.711,5.356,5.357,594600.0,5.356,875900.0,,126974593.0
2021-01-05 10:04:53.700,5.356,5.357,594600.0,5.356,885600.0,,126974593.0
2021-01-05 10:04:56.701,5.356,5.357,594600.0,5.356,870700.0,,126991093.0
2021-01-05 10:04:59.690,5.357,5.358,93300.0,5.357,1199200.0,,127683093.0
2021-01-05 10:05:02.700,5.357,5.358,28300.0,5.357,1197800.0,,127731093.0
2021-01-05 10:05:05.710,5.357,5.358,37100.0,5.357,1271800.0,,127757093.0
2021-01-05 10:05:08.701,5.357,5.358,35700.0,5.357,1269000.0,,127761293.0
2021-01-05 10:05:11.700,5.358,5.358,35500.0,5.357,1218500.0,,127769593.0
2021-01-05 10:05:14.691,5.358,5.358,38600.0,5.357,1218500.0,,127769693.0
2021-01-05 10:05:17.721,5.358,5.358,49700.0,5.357,627100.0,,128363793.0
2021-01-05 10:05:20.701,5.357,5.358,578400.0,5.357,331300.0,,128739593.0
2021-01-05 10:05:23.690,5.357,5.358,618700.0,5.357,31500.0,,129045893.0
2021-01-05 10:05:26.710,5.357,5.358,719000.0,5.357,31000.0,,129054493.0
2021-01-05 10:05:29.680,5.357,5.358,718900.0,5.357,434200.0,,129538293.0
2021-01-05 10:05:32.700,5.357,5.357,67300.0,5.356,111300.0,,130076093.0
2021-01-05 10:05:35.700,5.358,5.358,662000.0,5.357,2000.0,,130409693.0
2021-01-05 10:05:38.701,5.358,5.358,903200.0,5.357,820900.0,,130727593.0
2021-01-05 10:05:41.671,5.358,5.358,904200.0,5.357,821100.0,,130727693.0
2021-01-05 10:05:44.680,5.358,5.358,892200.0,5.357,524100.0,,131036693.0
2021-01-05 10:05:47.711,5.358,5.359,1146300.0,5.358,2116200.0,,131351893.0
2021-01-05 10:05:50.710,5.358,5.359,446300.0,5.358,2095300.0,,131373793.0
2021-01-05 10:05:53.701,5.359,5.36,618300.0,5.359,2203900.0,,131835593.0
2021-01-05 10:05:56.700,5.36,5.361,442300.0,5.36,1205900.0,,132386193.0
2021-01-05 10:05:59.701,5.36,5.361,363000.0,5.36,109300.0,,133684993.0
2021-01-05 10:06:02.721,5.359,5.36,295800.0,5.359,1051600.0,,134094393.0
2021-01-05 10:06:05.721,5.36,5.361,139000.0,5.36,1249200.0,,134390193.0
2021-01-05 10:06:08.691,5.362,5.362,468200.0,5.361,4000.0,,134542593.0
2021-01-05 10:06:11.711,5.36,5.362,388200.0,5.361,50000.0,,134647593.0
2021-01-05 10:06:14.691,5.361,5.362,368100.0,5.361,1843000.0,,134657693.0
2021-01-05 10:06:17.720,5.363,5.364,1089100.0,5.363,195900.0,,137007993.0
2021-01-05 10:06:20.721,5.362,5.364,1129100.0,5.362,216800.0,,137214493.0
2021-01-05 10:06:23.710,5.364,5.364,119800.0,5.363,8300.0,,137223993.0
2021-01-05 10:06:26.690,5.362,5.364,36400.0,5.362,155300.0,,137329393.0
2021-01-05 10:06:29.681,5.364,5.364,120500.0,5.363,852500.0,,137535493.0
2021-01-05 10:06:32.711,5.363,5.364,20500.0,5.363,586700.0,,137555493.0
2021-01-05 10:06:35.731,5.364,5.364,86100.0,5.363,1000.0,,137570893.0
2021-01-05 10:06:38.660,5.364,5.364,2800.0,5.362,47900.0,,137579693.0
2021-01-05 10:06:41.720,5.365,5.365,436400.0,5.364,33200.0,,137592293.0
2021-01-05 10:06:44.690,5.364,5.365,432100.0,5.364,18300.0,,137608493.0
2021-01-05 10:06:47.701,5.364,5.364,20500.0,5.363,3000.0,,137628193.0
2021-01-05 10:06:50.700,5.364,5.365,452000.0,5.364,882500.0,,137651893.0
2021-01-05 10:06:53.721,5.365,5.365,785600.0,5.364,1496800.0,,137656693.0
2021-01-05 10:06:56.711,5.365,5.366,1074700.0,5.365,1044500.0,,138465893.0
2021-01-05 10:06:59.711,5.365,5.367,1382100.0,5.365,931700.0,,139578693.0
2021-01-05 10:07:02.701,5.365,5.366,313200.0,5.365,865600.0,,139586693.0
2021-01-05 10:07:05.721,5.364,5.365,404300.0,5.364,798800.0,,141582593.0
2021-01-05 10:07:08.710,5.365,5.365,423700.0,5.364,145000.0,,141596593.0
2021-01-05 10:07:11.711,5.363,5.363,16900.0,5.362,147600.0,,141665893.0
2021-01-05 10:07:14.711,5.364,5.364,1247900.0,5.362,136900.0,,141684193.0
2021-01-05 10:07:17.721,5.364,5.364,1982400.0,5.363,1100.0,,141795293.0
2021-01-05 10:07:20.711,5.36,5.363,319700.0,5.36,1351500.0,,142127693.0
2021-01-05 10:07:23.671,5.362,5.362,3200.0,5.36,474800.0,,142165293.0
2021-01-05 10:07:26.680,5.361,5.361,11500.0,5.36,1661800.0,,142174793.0
2021-01-05 10:07:29.701,5.361,5.362,2200.0,5.361,833500.0,,142196393.0
2021-01-05 10:07:32.700,5.361,5.362,23000.0,5.361,899300.0,,142200893.0
2021-01-05 10:07:35.701,5.361,5.362,236800.0,5.361,1009900.0,,142304493.0
2021-01-05 10:07:38.690,5.361,5.362,605800.0,5.361,1710000.0,,142506493.0
2021-01-05 10:07:41.710,5.362,5.362,586400.0,5.361,3096200.0,,142740393.0
2021-01-05 10:07:44.721,5.362,5.362,265200.0,5.361,2190100.0,,142747693.0
2021-01-05 10:07:47.710,5.362,5.362,265200.0,5.361,2190000.0,,142750193.0
2021-01-05 10:07:50.710,5.361,5.362,302700.0,5.361,2179000.0,,142761293.0
2021-01-05 10:07:53.730,5.362,5.363,439500.0,5.362,802800.0,,143067893.0
2021-01-05 10:07:56.710,5.362,5.363,1059500.0,5.362,295500.0,,143577793.0
2021-01-05 10:07:59.720,5.361,5.362,5000.0,5.361,2148400.0,,143907093.0
2021-01-05 10:08:02.700,5.362,5.363,1039200.0,5.362,330600.0,,143961193.0
2021-01-05 10:08:05.720,5.363,5.364,27500.0,5.363,622600.0,,144017093.0
2021-01-05 10:08:08.680,5.363,5.364,107500.0,5.363,1491700.0,,144053693.0
2021-01-05 10:08:09.871,5.363,5.364,107500.0,5.363,1491700.0,,144053693.0
2021-01-05 10:08:11.721,5.364,5.364,23700.0,5.363,1199000.0,,144354293.0
2021-01-05 10:08:14.711,5.364,5.365,432700.0,5.364,924500.0,,144675893.0
2021-01-05 10:08:17.721,5.364,5.365,1665700.0,5.364,429800.0,,145175693.0
2021-01-05 10:08:20.720,5.363,5.365,1912500.0,5.363,735800.0,,145872793.0
2021-01-05 10:08:23.711,5.364,5.364,1000.0,5.363,736000.0,,145902593.0
2021-01-05 10:08:26.721,5.364,5.365,9800.0,5.364,260200.0,,145921693.0
2021-01-05 10:08:29.641,5.364,5.365,9500.0,5.364,256600.0,,145925593.0
2021-01-05 10:08:32.721,5.364,5.365,9400.0,5.364,249300.0,,145932993.0
2021-01-05 10:08:35.670,5.365,5.366,37500.0,5.365,707900.0,,145950693.0
2021-01-05 10:08:38.701,5.366,5.367,350500.0,5.366,1461000.0,,146289993.0
2021-01-05 10:08:41.700,5.366,5.367,350500.0,5.366,1120700.0,,147235193.0
2021-01-05 10:08:44.720,5.367,5.368,182000.0,5.367,800.0,,147888293.0
2021-01-05 10:08:47.701,5.367,5.367,44100.0,5.366,1112600.0,,147895593.0
2021-01-05 10:08:50.710,5.366,5.367,48600.0,5.366,998400.0,,148014193.0
2021-01-05 10:08:53.710,5.37,5.372,22700.0,5.37,530900.0,,149881393.0
2021-01-05 10:08:56.621,5.372,5.373,126500.0,5.372,490400.0,,149981093.0
2021-01-05 10:08:59.731,5.372,5.372,419000.0,5.37,110000.0,,150471793.0
2021-01-05 10:09:02.711,5.37,5.37,98000.0,5.369,800800.0,,150756793.0
2021-01-05 10:09:05.711,5.369,5.369,500.0,5.368,646800.0,,150957993.0
2021-01-05 10:09:08.731,5.368,5.369,1300.0,5.368,42700.0,,150962293.0
2021-01-05 10:09:11.700,5.368,5.369,2200.0,5.368,439200.0,,151217893.0
2021-01-05 10:09:14.731,5.369,5.37,173100.0,5.369,1103000.0,,151243093.0
2021-01-05 10:09:17.701,5.372,5.372,41200.0,5.37,1675800.0,,151876093.0
2021-01-05 10:09:20.721,5.372,5.372,10200.0,5.37,1673900.0,,151944793.0
2021-01-05 10:09:23.620,5.37,5.371,348700.0,5.37,667300.0,,152250093.0
2021-01-05 10:09:26.661,5.371,5.371,330000.0,5.37,66700.0,,152619293.0
2021-01-05 10:09:29.710,5.37,5.371,779200.0,5.37,79400.0,,152679893.0
2021-01-05 10:09:32.680,5.369,5.37,303200.0,5.369,488600.0,,153211793.0
2021-01-05 10:09:35.740,5.367,5.368,419900.0,5.367,100400.0,,153983893.0
2021-01-05 10:09:38.731,5.366,5.366,99400.0,5.365,600000.0,,154378993.0
2021-01-05 10:09:41.690,5.365,5.366,97500.0,5.364,667300.0,,154383593.0
2021-01-05 10:09:44.700,5.366,5.366,85300.0,5.365,1420600.0,,154476293.0
2021-01-05 10:09:47.731,5.366,5.368,219900.0,5.366,1714900.0,,154562593.0
2021-01-05 10:09:50.721,5.368,5.368,229900.0,5.366,793500.0,,154593993.0
2021-01-05 10:09:53.721,5.366,5.368,149800.0,5.366,783400.0,,154604193.0
2021-01-05 10:09:56.641,5.368,5.368,142700.0,5.366,801600.0,,154611393.0
2021-01-05 10:09:59.721,5.368,5.368,90200.0,5.366,3201800.0,,154633993.0
2021-01-05 10:10:02.720,5.368,5.369,51200.0,5.368,821000.0,,154763493.0
2021-01-05 10:10:05.720,5.368,5.368,85000.0,5.367,1058100.0,,155591493.0
2021-01-05 10:10:08.710,5.368,5.368,78700.0,5.367,717600.0,,155941993.0
2021-01-05 10:10:11.720,5.368,5.368,121700.0,5.367,113400.0,,155986593.0
2021-01-05 10:10:14.721,5.369,5.369,13800.0,5.368,753900.0,,156173993.0
2021-01-05 10:10:17.710,5.368,5.369,38600.0,5.368,742900.0,,156190393.0
2021-01-05 10:10:20.701,5.368,5.369,38800.0,5.368,753500.0,,156190693.0
2021-01-05 10:10:23.721,5.369,5.369,28900.0,5.368,1276200.0,,156237893.0
2021-01-05 10:10:26.710,5.369,5.37,648800.0,5.369,511100.0,,156301293.0
2021-01-05 10:10:29.730,5.369,5.371,646000.0,5.369,3000.0,,156410493.0
2021-01-05 10:10:32.731,5.369,5.371,1800.0,5.369,7500.0,,156411493.0
2021-01-05 10:10:35.720,5.369,5.37,1000.0,5.369,836200.0,,156415393.0
2021-01-05 10:10:38.730,5.369,5.37,1000.0,5.369,703200.0,,156552693.0
2021-01-05 10:10:41.691,5.37,5.371,10000.0,5.37,501100.0,,157377693.0
2021-01-05 10:10:44.720,5.37,5.371,9800.0,5.37,291500.0,,157598193.0
2021-01-05 10:10:47.740,5.37,5.371,9800.0,5.37,189900.0,,157700993.0
2021-01-05 10:10:50.741,5.371,5.371,14700.0,5.37,158600.0,,157734193.0
2021-01-05 10:10:53.701,5.371,5.372,54700.0,5.371,711400.0,,157749393.0
2021-01-05 10:10:56.670,5.371,5.372,54700.0,5.371,605200.0,,157856593.0
2021-01-05 10:10:59.720,5.371,5.372,244500.0,5.371,503200.0,,157959093.0
2021-01-05 10:11:02.711,5.372,5.372,231900.0,5.371,136600.0,,158414993.0
2021-01-05 10:11:05.731,5.371,5.372,286200.0,5.371,72000.0,,158516093.0
2021-01-05 10:11:08.720,5.371,5.371,25800.0,5.37,61700.0,,158594893.0
2021-01-05 10:11:11.681,5.37,5.371,29400.0,5.37,811100.0,,158594993.0
2021-01-05 10:11:14.731,5.371,5.371,34300.0,5.37,811100.0,,158595193.0
2021-01-05 10:11:17.730,5.371,5.371,32100.0,5.37,696500.0,,158597393.0
2021-01-05 10:11:20.731,5.37,5.371,31900.0,5.37,96200.0,,158601893.0
2021-01-05 10:11:23.680,5.371,5.371,30500.0,5.37,1012800.0,,158608493.0
2021-01-05 10:11:26.731,5.37,5.371,48500.0,5.37,812800.0,,158810493.0
2021-01-05 10:11:29.741,5.37,5.371,86200.0,5.37,499300.0,,159142993.0
2021-01-05 10:11:32.721,5.369,5.369,49800.0,5.368,577000.0,,159318693.0
2021-01-05 10:11:35.731,5.37,5.37,4200.0,5.368,1540000.0,,159373493.0
2021-01-05 10:11:38.711,5.37,5.37,396400.0,5.369,739500.0,,159373593.0
2021-01-05 10:11:41.730,5.37,5.37,396400.0,5.369,739900.0,,159373593.0
2021-01-05 10:11:44.731,5.37,5.371,121500.0,5.37,1321000.0,,159775893.0
2021-01-05 10:11:47.730,5.37,5.371,121500.0,5.37,2051800.0,,159785893.0
2021-01-05 10:11:50.740,5.371,5.372,255400.0,5.371,12800.0,,160193293.0
2021-01-05 10:11:53.710,5.371,5.372,265400.0,5.371,5600.0,,160201493.0
2021-01-05 10:11:56.740,5.371,5.372,270400.0,5.371,200.0,,160207293.0
2021-01-05 10:11:59.731,5.371,5.372,260500.0,5.371,758100.0,,160223193.0
2021-01-05 10:12:02.741,5.372,5.372,260300.0,5.371,1322100.0,,160259393.0
2021-01-05 10:12:05.721,5.372,5.372,260800.0,5.371,2585100.0,,160262493.0
2021-01-05 10:12:08.720,5.372,5.372,236700.0,5.371,301000.0,,160293693.0
2021-01-05 10:12:11.711,5.372,5.373,166500.0,5.372,539900.0,,160531393.0
2021-01-05 10:12:14.731,5.372,5.373,166500.0,5.372,26700.0,,160532493.0
2021-01-05 10:12:17.720,5.372,5.373,166500.0,5.372,36300.0,,160532693.0
2021-01-05 10:12:20.721,5.371,5.371,11600.0,5.37,27200.0,,160624393.0
2021-01-05 10:12:23.741,5.371,5.371,49200.0,5.37,27200.0,,160626793.0
2021-01-05 10:12:26.720,5.371,5.371,38100.0,5.37,927300.0,,160638893.0
2021-01-05 10:12:29.721,5.37,5.371,27600.0,5.37,1678100.0,,160658793.0
2021-01-05 10:12:32.720,5.371,5.371,24900.0,5.37,1988100.0,,160661493.0
2021-01-05 10:12:35.730,5.371,5.371,22600.0,5.37,1768800.0,,160723893.0
2021-01-05 10:12:38.710,5.372,5.372,717900.0,5.371,395000.0,,160978893.0
2021-01-05 10:12:41.720,5.371,5.371,617700.0,5.37,809000.0,,161550893.0
2021-01-05 10:12:44.721,5.369,5.371,11500.0,5.369,2600.0,,161587293.0
2021-01-05 10:12:47.731,5.371,5.371,61300.0,5.369,601200.0,,161614093.0
2021-01-05 10:12:50.730,5.37,5.37,9900.0,5.369,601200.0,,161631293.0
2021-01-05 10:12:53.721,5.37,5.37,182000.0,5.369,529100.0,,162555793.0
2021-01-05 10:12:56.741,5.37,5.37,189700.0,5.369,900600.0,,162637693.0
2021-01-05 10:12:59.721,5.37,5.37,41800.0,5.369,903500.0,,163387793.0
2021-01-05 10:13:02.731,5.37,5.371,112800.0,5.37,386200.0,,163902193.0
2021-01-05 10:13:05.741,5.37,5.37,240100.0,5.369,1477600.0,,164091593.0
2021-01-05 10:13:08.740,5.37,5.371,121700.0,5.37,520200.0,,164341693.0
2021-01-05 10:13:11.741,5.37,5.371,112400.0,5.37,115600.0,,164747593.0
2021-01-05 10:13:14.730,5.369,5.371,91800.0,5.37,900000.0,,165059393.0
2021-01-05 10:13:17.731,5.371,5.372,84100.0,5.371,507200.0,,165452293.0
2021-01-05 10:13:20.691,5.371,5.372,61100.0,5.371,402900.0,,165563193.0
2021-01-05 10:13:23.681,5.371,5.372,61100.0,5.371,393000.0,,165573393.0
2021-01-05 10:13:26.710,5.372,5.373,219500.0,5.372,827200.0,,165650993.0
2021-01-05 10:13:29.740,5.372,5.373,219500.0,5.372,1100500.0,,165861793.0
2021-01-05 10:13:32.750,5.373,5.373,184900.0,5.372,900300.0,,166062693.0
2021-01-05 10:13:35.741,5.373,5.373,184800.0,5.372,899900.0,,166063193.0
2021-01-05 10:13:38.711,5.373,5.374,105700.0,5.373,300700.0,,166388693.0
2021-01-05 10:13:41.750,5.374,5.375,1289600.0,5.374,4000.0,,166676193.0
2021-01-05 10:13:44.741,5.374,5.375,1157300.0,5.374,3900.0,,166676393.0
2021-01-05 10:13:47.740,5.374,5.374,105200.0,5.373,958900.0,,166680393.0
2021-01-05 10:13:50.710,5.373,5.375,227400.0,5.373,1375200.0,,167270293.0
2021-01-05 10:13:53.711,5.375,5.375,217400.0,5.374,3000.0,,167433393.0
2021-01-05 10:13:56.740,5.374,5.375,20200.0,5.374,46800.0,,167762093.0
2021-01-05 10:13:59.751,5.375,5.375,18100.0,5.374,46700.0,,167764793.0
2021-01-05 10:14:02.750,5.375,5.375,29500.0,5.374,73000.0,,167807793.0
2021-01-05 10:14:05.741,5.375,5.375,5200.0,5.374,6800.0,,167902893.0
2021-01-05 10:14:08.751,5.375,5.376,52900.0,5.375,44800.0,,168186593.0
2021-01-05 10:14:11.761,5.375,5.375,2900.0,5.374,615800.0,,168534493.0
2021-01-05 10:14:14.751,5.375,5.376,153400.0,5.375,12500.0,,168637393.0
2021-01-05 10:14:17.740,5.376,5.376,48200.0,5.375,100.0,,168757193.0
2021-01-05 10:14:20.741,5.375,5.375,6600.0,5.374,426600.0,,168758493.0
2021-01-05 10:14:23.751,5.374,5.376,134600.0,5.374,1324100.0,,168773193.0
2021-01-05 10:14:26.750,5.375,5.375,3900.0,5.374,1324200.0,,168777393.0
2021-01-05 10:14:29.741,5.375,5.376,51500.0,5.375,897600.0,,168781793.0
2021-01-05 10:14:32.730,5.376,5.377,661200.0,5.376,1100.0,,168843293.0
2021-01-05 10:14:35.740,5.376,5.377,604200.0,5.376,1300.0,,169001093.0
2021-01-05 10:14:38.701,5.376,5.377,633200.0,5.376,898400.0,,169011493.0
2021-01-05 10:14:41.751,5.377,5.377,615000.0,5.375,1785200.0,,169033493.0
2021-01-05 10:14:44.760,5.377,5.377,553100.0,5.375,1782900.0,,169084393.0
2021-01-05 10:14:47.761,5.377,5.377,18300.0,5.376,900100.0,,169090393.0
2021-01-05 10:14:50.761,5.376,5.378,919300.0,5.376,1021400.0,,169313193.0
2021-01-05 10:14:53.720,5.376,5.378,819300.0,5.377,100.0,,169421193.0
2021-01-05 10:14:56.761,5.376,5.378,194400.0,5.376,1305400.0,,169650793.0
2021-01-05 10:14:59.760,5.377,5.378,174900.0,5.377,1500.0,,169653893.0
2021-01-05 10:15:02.751,5.378,5.378,189900.0,5.376,2809200.0,,169662293.0
2021-01-05 10:15:05.771,5.376,5.376,8900.0,5.375,1693700.0,,171391793.0
2021-01-05 10:15:08.750,5.375,5.375,899600.0,5.374,2000.0,,173392593.0
2021-01-05 10:15:11.761,5.373,5.373,233100.0,5.371,680000.0,,173702393.0
2021-01-05 10:15:14.771,5.373,5.373,91600.0,5.372,601000.0,,173811893.0
2021-01-05 10:15:17.751,5.372,5.373,91500.0,5.372,898000.0,,173963493.0
2021-01-05 10:15:20.750,5.373,5.374,2500.0,5.373,776800.0,,174190193.0
2021-01-05 10:15:23.771,5.371,5.371,4000.0,5.37,1708400.0,,174192593.0
2021-01-05 10:15:26.780,5.372,5.372,303600.0,5.37,612400.0,,174202893.0
2021-01-05 10:15:29.761,5.372,5.372,302300.0,5.371,771900.0,,174633993.0
2021-01-05 10:15:32.760,5.371,5.372,300100.0,5.371,467900.0,,174941793.0
2021-01-05 10:15:35.770,5.372,5.372,912100.0,5.371,163400.0,,175254793.0
2021-01-05 10:15:38.781,5.371,5.372,1362300.0,5.371,14300.0,,175405193.0
2021-01-05 10:15:41.791,5.371,5.371,28200.0,5.37,933400.0,,175419493.0
2021-01-05 10:15:44.780,5.371,5.371,664600.0,5.37,885200.0,,175471293.0
2021-01-05 10:15:47.781,5.37,5.37,121700.0,5.369,20700.0,,175615293.0
2021-01-05 10:15:50.761,5.369,5.37,127100.0,5.369,81400.0,,175636193.0
2021-01-05 10:15:53.721,5.369,5.37,131900.0,5.369,1036700.0,,175640893.0
2021-01-05 10:15:56.781,5.37,5.37,134300.0,5.369,1037400.0,,175646193.0
2021-01-05 10:15:59.771,5.369,5.37,1074400.0,5.369,1018200.0,,175666393.0
2021-01-05 10:16:02.781,5.369,5.37,130800.0,5.369,1062400.0,,176772893.0
2021-01-05 10:16:05.751,5.37,5.37,124200.0,5.369,1959400.0,,176783793.0
2021-01-05 10:16:08.750,5.369,5.37,107600.0,5.369,1954300.0,,176812093.0
2021-01-05 10:16:11.770,5.369,5.37,110500.0,5.369,1895100.0,,176872993.0
2021-01-05 10:16:14.780,5.37,5.37,107400.0,5.369,996100.0,,176888093.0
2021-01-05 10:16:17.750,5.369,5.37,398100.0,5.369,986900.0,,176908093.0
2021-01-05 10:16:20.770,5.368,5.369,500.0,5.368,912900.0,,177118193.0
2021-01-05 10:16:23.761,5.369,5.369,2100.0,5.368,912900.0,,177239393.0
2021-01-05 10:16:26.760,5.369,5.369,4600.0,5.368,1611500.0,,177243193.0
2021-01-05 10:16:29.770,5.369,5.369,23100.0,5.368,3305300.0,,177247393.0
2021-01-05 10:16:32.771,5.369,5.37,382100.0,5.369,851900.0,,177320093.0
2021-01-05 10:16:35.751,5.37,5.371,1120500.0,5.37,130900.0,,177900993.0
2021-01-05 10:16:38.761,5.369,5.37,688700.0,5.369,1539100.0,,178142993.0
2021-01-05 10:16:41.771,5.37,5.37,693300.0,5.369,1336900.0,,178447393.0
2021-01-05 10:16:44.780,5.369,5.37,659800.0,5.369,29000.0,,179087893.0
2021-01-05 10:16:47.771,5.368,5.37,657700.0,5.368,729700.0,,179203193.0
2021-01-05 10:16:50.771,5.369,5.37,10800.0,5.369,895900.0,,179257693.0
2021-01-05 10:16:53.751,5.369,5.37,13800.0,5.369,1598400.0,,179466493.0
2021-01-05 10:16:56.781,5.369,5.37,633500.0,5.369,1132900.0,,179972993.0
2021-01-05 10:16:59.770,5.37,5.37,730100.0,5.369,790200.0,,180335893.0
2021-01-05 10:17:02.771,5.37,5.37,707100.0,5.369,486600.0,,180662493.0
2021-01-05 10:17:05.771,5.369,5.37,117800.0,5.369,482300.0,,180666693.0
2021-01-05 10:17:08.730,5.37,5.37,115000.0,5.369,379800.0,,180776693.0
2021-01-05 10:17:11.771,5.369,5.37,130200.0,5.369,431500.0,,180789993.0
2021-01-05 10:17:14.770,5.369,5.37,131900.0,5.369,365200.0,,180798293.0
2021-01-05 10:17:17.770,5.37,5.37,131700.0,5.369,3603500.0,,180806893.0
2021-01-05 10:17:20.771,5.37,5.371,439500.0,5.37,1698200.0,,180941593.0
2021-01-05 10:17:23.770,5.371,5.371,441000.0,5.37,1683000.0,,180959493.0
2021-01-05 10:17:26.780,5.37,5.371,441000.0,5.37,1719400.0,,180962493.0
2021-01-05 10:17:29.770,5.371,5.372,391000.0,5.371,374800.0,,181421693.0
2021-01-05 10:17:32.801,5.371,5.372,311000.0,5.371,901300.0,,181424693.0
2021-01-05 10:17:35.750,5.371,5.372,311000.0,5.371,840700.0,,181531893.0
2021-01-05 10:17:38.781,5.371,5.372,302800.0,5.371,832200.0,,181546493.0
2021-01-05 10:17:41.761,5.371,5.372,302700.0,5.371,829500.0,,181550093.0
2021-01-05 10:17:44.791,5.371,5.372,322700.0,5.371,809000.0,,181570593.0
2021-01-05 10:17:47.780,5.371,5.372,322700.0,5.371,1711700.0,,181576193.0
2021-01-05 10:17:50.761,5.371,5.372,922600.0,5.371,305500.0,,182083493.0
2021-01-05 10:17:53.781,5.372,5.371,6000.0,5.37,1374500.0,,182712993.0
2021-01-05 10:17:56.780,5.372,5.372,602800.0,5.371,250000.0,,183363193.0
2021-01-05 10:17:59.781,5.371,5.372,200800.0,5.371,219700.0,,183396493.0
2021-01-05 10:18:02.770,5.372,5.373,2417300.0,5.372,500.0,,183607393.0
2021-01-05 10:18:05.790,5.371,5.372,880000.0,5.371,107200.0,,183732093.0
2021-01-05 10:18:08.750,5.37,5.371,121500.0,5.37,516500.0,,184141593.0
2021-01-05 10:18:11.780,5.372,5.372,2015700.0,5.37,216500.0,,184740193.0
2021-01-05 10:18:14.781,5.369,5.37,786500.0,5.369,566700.0,,185258593.0
2021-01-05 10:18:17.760,5.37,5.37,2186400.0,5.369,114900.0,,185715993.0
2021-01-05 10:18:20.790,5.369,5.37,322000.0,5.369,16100.0,,185809493.0
2021-01-05 10:18:23.781,5.369,5.369,5600.0,5.368,61700.0,,185826893.0
2021-01-05 10:18:26.791,5.368,5.369,7400.0,5.368,61800.0,,185839093.0
2021-01-05 10:18:29.771,5.369,5.369,20900.0,5.368,900.0,,185906493.0
2021-01-05 10:18:32.791,5.37,5.368,600.0,5.367,2478300.0,,186907593.0
2021-01-05 10:18:35.770,5.368,5.369,1700.0,5.368,1491300.0,,186929993.0
2021-01-05 10:18:38.781,5.369,5.37,100.0,5.369,77700.0,,186963093.0
2021-01-05 10:18:41.730,5.369,5.37,2200.0,5.369,77900.0,,186973793.0
2021-01-05 10:18:44.790,5.369,5.37,500.0,5.369,920300.0,,187038993.0
2021-01-05 10:18:47.781,5.369,5.37,2500.0,5.369,909500.0,,187049893.0
2021-01-05 10:18:50.780,5.369,5.37,5800.0,5.369,896800.0,,187063093.0
2021-01-05 10:18:53.781,5.37,5.371,426700.0,5.37,40000.0,,187085293.0
2021-01-05 10:18:56.781,5.37,5.371,426700.0,5.37,11000.0,,187114393.0
2021-01-05 10:18:59.770,5.37,5.37,2300.0,5.369,894100.0,,187127093.0
2021-01-05 10:19:02.781,5.371,5.371,425600.0,5.37,850900.0,,187146793.0
2021-01-05 10:19:05.760,5.37,5.371,425600.0,5.37,839500.0,,187160193.0
2021-01-05 10:19:08.800,5.371,5.372,650500.0,5.371,451800.0,,187590693.0
2021-01-05 10:19:11.781,5.37,5.371,299000.0,5.37,846500.0,,187694193.0
2021-01-05 10:19:14.740,5.37,5.371,306400.0,5.37,864500.0,,187694193.0
2021-01-05 10:19:17.771,5.371,5.372,50500.0,5.371,586600.0,,188007693.0
2021-01-05 10:19:20.791,5.371,5.372,60500.0,5.371,1436000.0,,188341493.0
2021-01-05 10:19:23.790,5.371,5.372,60500.0,5.371,307800.0,,188647093.0
2021-01-05 10:19:26.791,5.371,5.371,2600.0,5.37,946200.0,,188963293.0
2021-01-05 10:19:29.770,5.373,5.372,50000.0,5.371,776800.0,,189787393.0
2021-01-05 10:19:32.771,5.371,5.372,70000.0,5.371,759700.0,,189808193.0
2021-01-05 10:19:35.750,5.372,5.372,51000.0,5.371,1661700.0,,189816993.0
2021-01-05 10:19:38.770,5.371,5.372,69000.0,5.371,1656700.0,,189822193.0
2021-01-05 10:19:41.761,5.371,5.372,65800.0,5.371,1641300.0,,189840793.0
2021-01-05 10:19:44.751,5.371,5.372,61300.0,5.371,1631100.0,,189855493.0
2021-01-05 10:19:47.801,5.372,5.373,20000.0,5.372,538700.0,,190223393.0
2021-01-05 10:19:50.791,5.372,5.373,30000.0,5.372,1420200.0,,190241893.0
2021-01-05 10:19:53.791,5.372,5.373,10100.0,5.372,1416100.0,,190247293.0
2021-01-05 10:19:56.781,5.374,5.375,974900.0,5.374,815400.0,,190346793.0
2021-01-05 10:19:59.791,5.374,5.375,374900.0,5.374,438600.0,,190723593.0
2021-01-05 10:20:02.790,5.374,5.375,674900.0,5.374,93600.0,,191068593.0
2021-01-05 10:20:05.731,5.374,5.374,12400.0,5.373,506800.0,,191170993.0
2021-01-05 10:20:08.801,5.373,5.373,125200.0,5.372,531100.0,,191727993.0
2021-01-05 10:20:11.790,5.372,5.373,1817300.0,5.372,4900.0,,191753693.0
2021-01-05 10:20:14.791,5.373,5.373,1034400.0,5.372,900.0,,191766193.0
2021-01-05 10:20:17.780,5.371,5.372,2900.0,5.371,1587000.0,,191810293.0
2021-01-05 10:20:20.781,5.372,5.373,304000.0,5.372,1671900.0,,191930593.0
2021-01-05 10:20:23.791,5.372,5.372,477800.0,5.371,1814300.0,,193603693.0
2021-01-05 10:20:26.780,5.372,5.372,806800.0,5.371,189800.0,,194344193.0
2021-01-05 10:20:29.781,5.37,5.371,1816700.0,5.37,22500.0,,194621493.0
2021-01-05 10:20:32.761,5.37,5.37,239600.0,5.369,6400.0,,194682893.0
2021-01-05 10:20:35.781,5.37,5.37,240100.0,5.369,906400.0,,194685393.0
2021-01-05 10:20:38.791,5.369,5.37,242800.0,5.369,726400.0,,194865693.0
2021-01-05 10:20:41.761,5.369,5.369,83600.0,5.368,6600.0,,194867393.0
2021-01-05 10:20:44.790,5.368,5.368,504400.0,5.367,20500.0,,195022993.0
2021-01-05 10:20:47.791,5.367,5.368,2800.0,5.367,2300.0,,195041393.0
2021-01-05 10:20:50.790,5.368,5.368,6500.0,5.367,2300.0,,195041693.0
2021-01-05 10:20:53.781,5.367,5.367,266500.0,5.366,115200.0,,195048993.0
2021-01-05 10:20:56.801,5.367,5.367,385800.0,5.366,115200.0,,195050293.0
2021-01-05 10:20:59.790,5.367,5.367,406000.0,5.366,792000.0,,195056193.0
2021-01-05 10:21:02.801,5.368,5.368,102900.0,5.367,275900.0,,195468293.0
2021-01-05 10:21:05.771,5.368,5.368,20000.0,5.367,2068400.0,,195527093.0
2021-01-05 10:21:08.750,5.368,5.369,48100.0,5.368,1576500.0,,195663593.0
2021-01-05 10:21:11.770,5.367,5.369,48100.0,5.368,100.0,,195669893.0
2021-01-05 10:21:14.790,5.367,5.369,648100.0,5.368,2000.0,,195682093.0
2021-01-05 10:21:17.791,5.368,5.369,48800.0,5.368,817300.0,,195768793.0
2021-01-05 10:21:20.801,5.368,5.369,47100.0,5.368,62900.0,,195780493.0
2021-01-05 10:21:23.800,5.367,5.368,19800.0,5.367,2626100.0,,195852093.0
2021-01-05 10:21:26.801,5.369,5.369,1988500.0,5.367,1128100.0,,195922593.0
2021-01-05 10:21:29.780,5.366,5.366,401600.0,5.365,305200.0,,197145293.0
2021-01-05 10:21:32.810,5.365,5.366,1475400.0,5.365,245100.0,,197145993.0
2021-01-05 10:21:35.730,5.365,5.365,1738800.0,5.364,6100.0,,197391093.0
2021-01-05 10:21:38.790,5.364,5.364,146800.0,5.363,109400.0,,197480893.0
2021-01-05 10:21:41.781,5.363,5.363,52700.0,5.362,2467300.0,,197591293.0
2021-01-05 10:21:44.801,5.364,5.365,200400.0,5.364,891000.0,,197649993.0
2021-01-05 10:21:47.790,5.364,5.365,88900.0,5.364,800900.0,,197790093.0
2021-01-05 10:21:50.810,5.364,5.365,79900.0,5.364,541200.0,,198049793.0
2021-01-05 10:21:53.790,5.364,5.365,82800.0,5.364,214500.0,,198456593.0
2021-01-05 10:21:56.810,5.364,5.365,696600.0,5.364,128000.0,,198463393.0
2021-01-05 10:21:59.791,5.364,5.364,379700.0,5.363,9300.0,,198745693.0
2021-01-05 10:22:02.811,5.364,5.365,101600.0,5.364,1434400.0,,198822193.0
2021-01-05 10:22:05.791,5.365,5.365,98400.0,5.364,825100.0,,198834793.0
2021-01-05 10:22:08.780,5.364,5.365,98400.0,5.364,841100.0,,198844793.0
2021-01-05 10:22:11.420,5.364,5.365,98400.0,5.364,841100.0,,198844793.0
2021-01-05 10:22:11.800,5.364,5.365,178200.0,5.364,9200.0,,198847793.0
2021-01-05 10:22:14.801,5.364,5.364,1700.0,5.362,911900.0,,198859293.0
2021-01-05 10:22:17.790,5.364,5.364,7600.0,5.362,830900.0,,198859393.0
2021-01-05 10:22:20.800,5.364,5.364,13700.0,5.363,39300.0,,198864893.0
2021-01-05 10:22:23.801,5.364,5.364,96400.0,5.363,26300.0,,198879893.0
2021-01-05 10:22:26.800,5.363,5.364,14500.0,5.363,1300.0,,198906293.0
2021-01-05 10:22:29.810,5.363,5.363,591800.0,5.362,911400.0,,198917693.0
2021-01-05 10:22:32.811,5.362,5.363,595700.0,5.362,905400.0,,198923693.0
2021-01-05 10:22:35.810,5.362,5.363,595800.0,5.362,897200.0,,198931893.0
2021-01-05 10:22:38.811,5.363,5.363,595500.0,5.362,965100.0,,198950693.0
2021-01-05 10:22:41.800,5.363,5.363,597400.0,5.362,62300.0,,198953593.0
2021-01-05 10:22:44.810,5.362,5.362,120200.0,5.361,919900.0,,199016893.0
2021-01-05 10:22:47.780,5.362,5.362,126700.0,5.361,111300.0,,199023393.0
2021-01-05 10:22:50.790,5.361,5.362,126200.0,5.361,105300.0,,199030493.0
2021-01-05 10:22:53.801,5.361,5.362,132700.0,5.361,56000.0,,199079793.0
2021-01-05 10:22:56.811,5.361,5.362,212600.0,5.361,190000.0,,199135893.0
2021-01-05 10:22:59.800,5.362,5.362,2186800.0,5.361,8400.0,,199327793.0
2021-01-05 10:23:02.801,5.359,5.36,733400.0,5.359,22400.0,,199565393.0
2021-01-05 10:23:05.810,5.358,5.359,40000.0,5.357,820000.0,,199685293.0
2021-01-05 10:23:08.801,5.359,5.359,38800.0,5.358,2378400.0,,199819493.0
2021-01-05 10:23:11.801,5.359,5.36,183100.0,5.359,900000.0,,199868893.0
2021-01-05 10:23:14.810,5.359,5.36,164800.0,5.359,888500.0,,199928693.0
2021-01-05 10:23:17.820,5.36,5.361,1776800.0,5.36,1108400.0,,200622893.0
2021-01-05 10:23:20.800,5.361,5.361,692400.0,5.36,37400.0,,201704893.0
2021-01-05 10:23:23.820,5.36,5.36,42600.0,5.359,84800.0,,201749193.0
2021-01-05 10:23:26.801,5.36,5.36,44100.0,5.359,6800.0,,201751393.0
2021-01-05 10:23:29.810,5.358,5.36,6800.0,5.358,1006200.0,,201812793.0
2021-01-05 10:23:32.801,5.358,5.359,4000.0,5.358,1986200.0,,201812793.0
2021-01-05 10:23:35.811,5.359,5.36,100400.0,5.359,891000.0,,201819793.0
2021-01-05 10:23:38.791,5.36,5.359,300000.0,5.358,1983200.0,,201830493.0
2021-01-05 10:23:41.811,5.359,5.359,2059300.0,5.358,1301600.0,,203333393.0
2021-01-05 10:23:44.811,5.358,5.358,882700.0,5.357,106500.0,,204339193.0
2021-01-05 10:23:47.810,5.358,5.358,2220800.0,5.357,12600.0,,204392393.0
2021-01-05 10:23:50.801,5.363,5.363,319500.0,5.357,9100.0,,208135293.0
2021-01-05 10:23:53.760,5.359,5.357,5900.0,5.356,126500.0,,208208893.0
2021-01-05 10:23:56.801,5.357,5.357,65500.0,5.356,44400.0,,208222893.0
2021-01-05 10:23:59.800,5.357,5.358,3400.0,5.356,721600.0,,208291293.0
2021-01-05 10:24:02.800,5.358,5.358,1800.0,5.357,600100.0,,208317193.0
2021-01-05 10:24:05.820,5.357,5.359,81400.0,5.357,1216100.0,,208322493.0
2021-01-05 10:24:08.810,5.358,5.359,1400.0,5.358,400.0,,208326693.0
2021-01-05 10:24:11.810,5.357,5.358,10000.0,5.357,1211500.0,,208335193.0
2021-01-05 10:24:14.811,5.358,5.359,261900.0,5.358,618600.0,,208350393.0
2021-01-05 10:24:17.821,5.358,5.359,181900.0,5.358,1435900.0,,208433193.0
2021-01-05 10:24:20.820,5.359,5.36,10000.0,5.359,1126800.0,,208637093.0
2021-01-05 10:24:23.800,5.359,5.36,9000.0,5.359,1148300.0,,208641393.0
2021-01-05 10:24:26.810,5.36,5.361,2100.0,5.36,37800.0,,208653593.0
2021-01-05 10:24:29.820,5.36,5.361,2100.0,5.36,30200.0,,208663393.0
2021-01-05 10:24:32.800,5.36,5.361,2200.0,5.36,674000.0,,208670093.0
2021-01-05 10:24:35.791,5.36,5.361,2200.0,5.36,70900.0,,208680893.0
2021-01-05 10:24:38.800,5.36,5.362,930000.0,5.36,607200.0,,208889993.0
2021-01-05 10:24:41.791,5.36,5.362,930000.0,5.36,600200.0,,208900093.0
2021-01-05 10:24:44.801,5.362,5.362,926000.0,5.361,602000.0,,208907793.0
2021-01-05 10:24:47.811,5.361,5.362,926000.0,5.36,611800.0,,208915993.0
2021-01-05 10:24:50.810,5.362,5.362,527700.0,5.36,1259900.0,,209369793.0
2021-01-05 10:24:53.801,5.36,5.362,532200.0,5.361,5000.0,,209373393.0
2021-01-05 10:24:56.800,5.362,5.362,585400.0,5.36,88400.0,,209384193.0
2021-01-05 10:24:59.820,5.362,5.362,664600.0,5.36,1400.0,,209396293.0
2021-01-05 10:25:02.821,5.36,5.36,42600.0,5.359,931700.0,,209424393.0
2021-01-05 10:25:05.810,5.359,5.36,46800.0,5.359,29000.0,,209432093.0
2021-01-05 10:25:08.811,5.359,5.36,40400.0,5.359,53800.0,,209446493.0
2021-01-05 10:25:11.810,5.359,5.36,14200.0,5.359,469600.0,,209475693.0
2021-01-05 10:25:14.820,5.359,5.36,93500.0,5.359,424100.0,,209521293.0
2021-01-05 10:25:17.801,5.359,5.36,13400.0,5.359,49900.0,,209895693.0
2021-01-05 10:25:20.821,5.358,5.359,1882700.0,5.358,887900.0,,209978993.0
2021-01-05 10:25:23.811,5.358,5.359,906100.0,5.358,247900.0,,210618993.0
2021-01-05 10:25:26.811,5.358,5.358,1500.0,5.357,98200.0,,210869193.0
2021-01-05 10:25:29.820,5.359,5.359,196600.0,5.357,617900.0,,210876793.0
2021-01-05 10:25:32.821,5.358,5.359,207400.0,5.358,500.0,,211010593.0
2021-01-05 10:25:35.821,5.358,5.358,9300.0,5.357,480200.0,,211023293.0
2021-01-05 10:25:38.820,5.358,5.358,17700.0,5.357,1375000.0,,211028693.0
2021-01-05 10:25:41.800,5.358,5.359,206400.0,5.358,1674800.0,,211168893.0
2021-01-05 10:25:44.820,5.359,5.36,291900.0,5.359,702600.0,,211696093.0
2021-01-05 10:25:47.811,5.358,5.36,211900.0,5.359,500.0,,211708793.0
2021-01-05 10:25:50.821,5.36,5.36,1191600.0,5.358,442800.0,,211719293.0
2021-01-05 10:25:53.820,5.359,5.359,165000.0,5.358,1145500.0,,211719593.0
2021-01-05 10:25:56.821,5.358,5.359,167000.0,5.358,1084400.0,,211781193.0
2021-01-05 10:25:59.800,5.358,5.359,164900.0,5.358,322400.0,,211840693.0
2021-01-05 10:26:02.820,5.359,5.359,194800.0,5.358,399400.0,,211843893.0
2021-01-05 10:26:05.800,5.358,5.359,197500.0,5.358,315500.0,,211848093.0
2021-01-05 10:26:08.810,5.359,5.359,197300.0,5.358,336200.0,,211851493.0
2021-01-05 10:26:11.811,5.358,5.359,1996900.0,5.358,32900.0,,212155093.0
2021-01-05 10:26:14.800,5.359,5.359,197200.0,5.358,101000.0,,212167493.0
2021-01-05 10:26:17.820,5.358,5.358,178600.0,5.357,3100.0,,212194293.0
2021-01-05 10:26:20.821,5.357,5.358,10000.0,5.357,1506900.0,,212386693.0
2021-01-05 10:26:23.810,5.359,5.359,190900.0,5.358,1292800.0,,212428993.0
2021-01-05 10:26:26.801,5.358,5.359,270900.0,5.358,1597600.0,,212437593.0
2021-01-05 10:26:29.771,5.358,5.359,270900.0,5.358,1592800.0,,212442593.0
2021-01-05 10:26:32.820,5.358,5.359,185500.0,5.358,1658000.0,,212976193.0
2021-01-05 10:26:35.780,5.358,5.359,183000.0,5.358,1627700.0,,213015093.0
2021-01-05 10:26:38.810,5.358,5.359,191200.0,5.358,1031600.0,,213026893.0
2021-01-05 10:26:41.540,5.358,5.359,191200.0,5.358,1031600.0,,213026893.0
2021-01-05 10:26:41.820,5.358,5.359,191200.0,5.358,1026300.0,,213032193.0
2021-01-05 10:26:44.811,5.359,5.359,166200.0,5.358,1024300.0,,213061193.0
2021-01-05 10:26:47.810,5.359,5.359,161200.0,5.358,1021500.0,,213069393.0
2021-01-05 10:26:50.801,5.358,5.359,141400.0,5.358,1001500.0,,213109093.0
2021-01-05 10:26:53.800,5.358,5.359,133400.0,5.358,713700.0,,213405293.0
2021-01-05 10:26:56.820,5.359,5.36,330800.0,5.359,787500.0,,213541793.0
2021-01-05 10:26:59.821,5.359,5.36,243900.0,5.359,1681300.0,,213550593.0
2021-01-05 10:27:02.810,5.36,5.36,243700.0,5.359,1688500.0,,213553693.0
2021-01-05 10:27:05.811,5.359,5.36,843700.0,5.359,994900.0,,213646293.0
2021-01-05 10:27:08.840,5.359,5.359,25300.0,5.358,790700.0,,213674493.0
2021-01-05 10:27:11.831,5.359,5.359,15500.0,5.358,10800.0,,213703293.0
2021-01-05 10:27:14.830,5.358,5.358,596900.0,5.357,84000.0,,213722593.0
2021-01-05 10:27:17.821,5.358,5.358,599300.0,5.357,4600.0,,213723593.0
2021-01-05 10:27:20.830,5.355,5.358,598700.0,5.355,1486700.0,,213832093.0
2021-01-05 10:27:23.830,5.357,5.357,2000.0,5.355,446900.0,,213834093.0
2021-01-05 10:27:26.781,5.355,5.357,5200.0,5.355,1029500.0,,213838393.0
2021-01-05 10:27:29.820,5.356,5.357,38800.0,5.356,500.0,,213841893.0
2021-01-05 10:27:32.810,5.355,5.357,17500.0,5.355,512300.0,,213878993.0
2021-01-05 10:27:35.831,5.356,5.356,1000.0,5.355,357000.0,,213960793.0
2021-01-05 10:27:38.830,5.356,5.356,4100.0,5.355,357000.0,,213960893.0
2021-01-05 10:27:41.821,5.355,5.356,4200.0,5.355,2109000.0,,214090993.0
2021-01-05 10:27:44.811,5.355,5.356,2100.0,5.355,2925600.0,,214097293.0
2021-01-05 10:27:47.831,5.356,5.358,705900.0,5.356,6900.0,,214147393.0
2021-01-05 10:27:50.820,5.358,5.358,605300.0,5.356,300.0,,214354193.0
2021-01-05 10:27:53.811,5.356,5.358,704300.0,5.356,772900.0,,214360293.0
2021-01-05 10:27:56.821,5.356,5.358,604300.0,5.356,988200.0,,214374993.0
2021-01-05 10:27:59.810,5.356,5.357,15400.0,5.356,885400.0,,214477893.0
2021-01-05 10:28:02.821,5.357,5.357,17200.0,5.356,571500.0,,214492093.0
2021-01-05 10:28:05.831,5.356,5.357,15500.0,5.356,1423900.0,,214541493.0
2021-01-05 10:28:08.830,5.357,5.357,11200.0,5.356,1303700.0,,214667493.0
2021-01-05 10:28:11.821,5.356,5.358,551800.0,5.356,600000.0,,214842293.0
2021-01-05 10:28:14.820,5.356,5.357,725400.0,5.356,584800.0,,214860493.0
2021-01-05 10:28:17.821,5.356,5.357,2827300.0,5.356,9300.0,,215484893.0
2021-01-05 10:28:20.821,5.355,5.355,602100.0,5.354,165000.0,,215594893.0
2021-01-05 10:28:23.770,5.354,5.356,725200.0,5.354,157000.0,,215614993.0
2021-01-05 10:28:26.821,5.356,5.356,25700.0,5.354,829500.0,,215620793.0
2021-01-05 10:28:29.810,5.354,5.356,23200.0,5.354,1346700.0,,215777393.0
2021-01-05 10:28:32.830,5.356,5.356,21700.0,5.355,17400.0,,215783293.0
2021-01-05 10:28:35.840,5.355,5.355,35600.0,5.354,677600.0,,215802093.0
2021-01-05 10:28:38.810,5.355,5.356,22800.0,5.355,872100.0,,215849993.0
2021-01-05 10:28:41.821,5.356,5.356,22700.0,5.355,1773200.0,,215855693.0
2021-01-05 10:28:44.831,5.355,5.356,141500.0,5.355,675500.0,,216954593.0
2021-01-05 10:28:47.801,5.355,5.356,142700.0,5.355,2151300.0,,216979793.0
2021-01-05 10:28:50.821,5.356,5.356,91400.0,5.355,2735000.0,,217034293.0
2021-01-05 10:28:53.841,5.355,5.356,90600.0,5.355,2728500.0,,217041693.0
2021-01-05 10:28:56.821,5.356,5.356,83600.0,5.355,3622500.0,,217054993.0
2021-01-05 10:28:59.831,5.356,5.357,32800.0,5.356,803000.0,,217141593.0
2021-01-05 10:29:02.820,5.356,5.357,32800.0,5.356,2105300.0,,217144793.0
2021-01-05 10:29:05.821,5.357,5.358,9700.0,5.357,444000.0,,217300093.0
2021-01-05 10:29:08.831,5.358,5.359,256100.0,5.357,1237800.0,,218345993.0
2021-01-05 10:29:11.820,5.358,5.359,256000.0,5.358,561800.0,,218384493.0
2021-01-05 10:29:14.811,5.357,5.359,256000.0,5.357,2042900.0,,218401293.0
2021-01-05 10:29:17.820,5.359,5.359,255900.0,5.358,228300.0,,218416093.0
2021-01-05 10:29:20.821,5.359,5.359,255800.0,5.358,300800.0,,218425993.0
2021-01-05 10:29:23.791,5.357,5.359,2045600.0,5.357,1870500.0,,218674593.0
2021-01-05 10:29:26.841,5.358,5.358,5800.0,5.357,1790300.0,,218676193.0
2021-01-05 10:29:29.831,5.357,5.358,17900.0,5.357,1186700.0,,219280093.0
2021-01-05 10:29:32.801,5.358,5.358,4100.0,5.357,1182300.0,,219298993.0
2021-01-05 10:29:35.840,5.358,5.358,1900.0,5.357,1797200.0,,219304193.0
2021-01-05 10:29:38.831,5.358,5.359,345600.0,5.358,200.0,,219311593.0
2021-01-05 10:29:41.820,5.359,5.36,175900.0,5.359,262500.0,,219667093.0
2021-01-05 10:29:44.830,5.359,5.36,175900.0,5.359,270700.0,,219751893.0
2021-01-05 10:29:47.821,5.359,5.36,775900.0,5.359,347300.0,,219755293.0
2021-01-05 10:29:50.841,5.359,5.36,164900.0,5.359,100.0,,219774093.0
2021-01-05 10:29:53.831,5.36,5.361,91600.0,5.36,93600.0,,219960993.0
2021-01-05 10:29:56.820,5.36,5.361,11800.0,5.36,168300.0,,219966393.0
2021-01-05 10:29:59.830,5.36,5.362,933500.0,5.361,50000.0,,220057693.0
2021-01-05 10:30:02.831,5.361,5.362,933500.0,5.361,55000.0,,220062893.0
2021-01-05 10:30:05.820,5.361,5.362,433500.0,5.361,1783600.0,,220070093.0
2021-01-05 10:30:08.840,5.362,5.363,310500.0,5.362,3050700.0,,220533493.0
2021-01-05 10:30:11.831,5.362,5.363,290500.0,5.362,1939100.0,,220591493.0
2021-01-05 10:30:14.830,5.363,5.363,252700.0,5.362,1875800.0,,220632693.0
2021-01-05 10:30:17.821,5.363,5.364,11800.0,5.363,647400.0,,220888393.0
2021-01-05 10:30:20.820,5.363,5.365,87300.0,5.363,1263300.0,,220907393.0
2021-01-05 10:30:23.821,5.363,5.365,122300.0,5.364,100.0,,220910393.0
2021-01-05 10:30:26.841,5.365,5.366,69200.0,5.365,851100.0,,221035893.0
2021-01-05 10:30:29.830,5.365,5.366,69200.0,5.365,768900.0,,221039093.0
2021-01-05 10:30:32.840,5.365,5.366,69000.0,5.365,764600.0,,221043593.0
2021-01-05 10:30:35.831,5.366,5.366,68900.0,5.365,762900.0,,221046493.0
2021-01-05 10:30:38.830,5.365,5.366,70900.0,5.365,761300.0,,221049893.0
2021-01-05 10:30:41.840,5.365,5.366,70900.0,5.365,1488900.0,,221055093.0
2021-01-05 10:30:44.830,5.366,5.366,68400.0,5.365,1987200.0,,221079293.0
2021-01-05 10:30:47.830,5.366,5.366,57700.0,5.365,1384200.0,,221092993.0
2021-01-05 10:30:50.831,5.366,5.366,179900.0,5.365,1382600.0,,221136693.0
2021-01-05 10:30:53.820,5.366,5.366,204200.0,5.365,1379700.0,,221150393.0
2021-01-05 10:30:56.840,5.365,5.366,196300.0,5.365,1376300.0,,221161693.0
2021-01-05 10:30:59.841,5.366,5.366,278100.0,5.365,1373100.0,,221166993.0
2021-01-05 10:31:02.830,5.366,5.366,854700.0,5.365,1368900.0,,221194593.0
2021-01-05 10:31:05.821,5.365,5.366,254700.0,5.365,810400.0,,221199593.0
2021-01-05 10:31:08.830,5.366,5.366,248200.0,5.365,722200.0,,221216193.0
2021-01-05 10:31:11.831,5.365,5.366,238100.0,5.365,629900.0,,221319893.0
2021-01-05 10:31:11.940,5.365,5.366,238100.0,5.365,629900.0,,221319893.0
2021-01-05 10:31:14.841,5.365,5.366,237900.0,5.365,627400.0,,221323593.0
2021-01-05 10:31:17.840,5.365,5.365,1498100.0,5.364,300.0,,221965193.0
2021-01-05 10:31:20.831,5.364,5.364,659700.0,5.361,600100.0,,222265993.0
2021-01-05 10:31:23.841,5.364,5.364,55800.0,5.363,50000.0,,222270193.0
2021-01-05 10:31:26.800,5.363,5.364,56300.0,5.363,46400.0,,222274893.0
2021-01-05 10:31:29.831,5.363,5.364,45900.0,5.363,38100.0,,222293593.0
2021-01-05 10:31:32.841,5.363,5.364,82600.0,5.363,31200.0,,222301593.0
2021-01-05 10:31:35.821,5.363,5.364,145400.0,5.363,27900.0,,222304893.0
